  <div class='ocr_page' id='page_1' title='image "/cluster/home/n/w/nwhite01/storage/ocr_20150623/71/hvd.32044054758743/260.png"; bbox 0 0 3966 6348; ppageno 0'>
   <div class='ocr_carea' id='block_1_1' title="bbox 346 336 456 394">
    <p class='ocr_par' dir='ltr' id='par_1_1' title="bbox 346 336 456 394">
     <span class='ocr_line' id='line_1_1' title="bbox 346 336 456 394; baseline -0.027 0"><span class='ocrx_word' id='word_1_1' title='bbox 346 336 456 394; x_wconf 68' lang='lat'><strong>805</strong></span> 
     </span>
    </p>
   </div>
   <div class='ocr_carea' id='block_1_2' title="bbox 1320 320 2665 386">
    <p class='ocr_par' dir='ltr' id='par_1_2' title="bbox 1320 320 2665 386">
     <span class='ocr_line' id='line_1_2' title="bbox 1320 320 2665 386; baseline -0.004 -1"><span class='ocrx_word' id='word_1_2' title='bbox 1320 326 1639 386; x_wconf 77' lang='lat' dir='ltr'><strong>HISTORIA</strong></span> <span class='ocrx_word' id='word_1_3' title='bbox 1682 320 2132 381; x_wconf 70' lang='lat' dir='ltr'><strong>FRANGORUM.</strong></span> <span class='ocrx_word' id='word_1_4' title='bbox 2170 320 2375 377; x_wconf 75' lang='lat' dir='ltr'><strong>LIBER</strong></span> <span class='ocrx_word' id='word_1_5' title='bbox 2416 321 2665 380; x_wconf 72' lang='lat' dir='ltr'><strong>NONUS.</strong></span> 
     </span>
    </p>
   </div>
   <div class='ocr_carea' id='block_1_3' title="bbox 3526 324 3630 385">
    <p class='ocr_par' dir='ltr' id='par_1_3' title="bbox 3526 324 3630 385">
     <span class='ocr_line' id='line_1_3' title="bbox 3526 324 3630 385; baseline 0.048 -5"><span class='ocrx_word' id='word_1_6' title='bbox 3526 324 3630 385; x_wconf 74' lang='grc' dir='ltr'><strong>εόσ</strong></span> 
     </span>
    </p>
   </div>
   <div class='ocr_carea' id='block_1_4' title="bbox 341 434 3625 518">
    <p class='ocr_par' dir='ltr' id='par_1_4' title="bbox 341 434 3625 518">
     <span class='ocr_line' id='line_1_4' title="bbox 341 434 3625 518; baseline -0.001 -18"><span class='ocrx_word' id='word_1_7' title='bbox 341 444 616 518; x_wconf 75' lang='lat' dir='ltr'><strong>patefacto</strong></span> <span class='ocrx_word' id='word_1_8' title='bbox 642 443 784 507; x_wconf 83' lang='lat' dir='ltr'><strong>loco,</strong></span> <span class='ocrx_word' id='word_1_9' title='bbox 811 441 951 513; x_wconf 83' lang='lat' dir='ltr'><strong>apud</strong></span> <span class='ocrx_word' id='word_1_10' title='bbox 972 439 1340 511; x_wconf 83' lang='lat' dir='ltr'><strong>supradictam</strong></span> <span class='ocrx_word' id='word_1_11' title='bbox 1373 438 2012 507; x_wconf 76' lang='lat' dir='ltr'><strong>urbem,potestatemA</strong></span> <span class='ocrx_word' id='word_1_12' title='bbox 2115 434 2326 489; x_wconf 80' lang='lat' dir='ltr'><strong>XXVII.</strong></span> <span class='ocrx_word' id='word_1_13' title='bbox 2384 437 2572 491; x_wconf 79' lang='lat' dir='ltr'><strong>Amalo</strong></span> <span class='ocrx_word' id='word_1_14' title='bbox 2630 452 2842 507; x_wconf 83' lang='lat' dir='ltr'><strong>quoque</strong></span> <span class='ocrx_word' id='word_1_15' title='bbox 2891 438 2996 493; x_wconf 83' lang='lat' dir='ltr'><strong>dux</strong></span> <span class='ocrx_word' id='word_1_16' title='bbox 3051 439 3173 494; x_wconf 83' lang='lat' dir='ltr'><strong>dum</strong></span> <span class='ocrx_word' id='word_1_17' title='bbox 3226 439 3510 512; x_wconf 82' lang='lat' dir='ltr'><strong>conjugem</strong></span> <span class='ocrx_word' id='word_1_18' title='bbox 3568 445 3625 498; x_wconf 86' lang='lat' dir='ltr'><strong>in</strong></span> 
     </span>
    </p>
   </div>
   <div class='ocr_carea' id='block_1_5' title="bbox 344 518 1940 607">
    <p class='ocr_par' dir='ltr' id='par_1_5' title="bbox 344 518 1940 607">
     <span class='ocr_line' id='line_1_5' title="bbox 344 518 1940 607; baseline -0.005 -14"><span class='ocrx_word' id='word_1_19' title='bbox 344 536 708 607; x_wconf 72' lang='lat' dir='ltr'><strong>pontificalem</strong></span> <span class='ocrx_word' id='word_1_20' title='bbox 743 548 883 590; x_wconf 85' lang='lat' dir='ltr'><strong>nouo</strong></span> <span class='ocrx_word' id='word_1_21' title='bbox 907 532 1225 603; x_wconf 79' lang='lat' dir='ltr'><strong>dejectionis</strong></span> <span class='ocrx_word' id='word_1_22' title='bbox 1280 547 1391 587; x_wconf 76' lang='lat' dir='ltr'><strong>sua:</strong></span> <span class='ocrx_word' id='word_1_23' title='bbox 1434 544 1599 596; x_wconf 83' lang='lat' dir='ltr'><strong>anno,</strong></span> <span class='ocrx_word' id='word_1_24' title='bbox 1651 544 1777 601; x_wconf 86' lang='lat' dir='ltr'><strong>rege</strong></span> <span class='ocrx_word' id='word_1_25' title='bbox 1822 518 1940 585; x_wconf 81' lang='lat' dir='ltr'><strong>lar-</strong></span> 
     </span>
    </p>
   </div>
   <div class='ocr_carea' id='block_1_6' title="bbox 342 626 834 700">
    <p class='ocr_par' dir='ltr' id='par_1_6' title="bbox 342 626 834 700">
     <span class='ocr_line' id='line_1_6' title="bbox 342 626 834 700; baseline -0.004 -19"><span class='ocrx_word' id='word_1_26' title='bbox 342 630 551 700; x_wconf 85' lang='lat' dir='ltr'><strong>giente,</strong></span> <span class='ocrx_word' id='word_1_27' title='bbox 575 626 834 695; x_wconf 77' lang='lat' dir='ltr'><strong>suscepit.</strong></span> 
     </span>
    </p>
   </div>
   <div class='ocr_carea' id='block_1_7' title="bbox 422 711 1937 785">
    <p class='ocr_par' dir='ltr' id='par_1_7' title="bbox 422 711 1937 785">
     <span class='ocr_line' id='line_1_7' title="bbox 422 711 1937 785; baseline -0.006 -11"><span class='ocrx_word' id='word_1_28' title='bbox 422 718 663 774; x_wconf 87' lang='lat' dir='ltr'><strong>Britanni</strong></span> <span class='ocrx_word' id='word_1_29' title='bbox 692 733 759 772; x_wconf 91' lang='lat' dir='ltr'><strong>eo</strong></span> <span class='ocrx_word' id='word_1_30' title='bbox 787 730 929 771; x_wconf 81' lang='lat' dir='ltr'><strong>anno</strong></span> <span class='ocrx_word' id='word_1_31' title='bbox 949 713 1183 785; x_wconf 73' lang='lat' dir='ltr'><strong>grai-iter</strong></span> <span class='ocrx_word' id='word_1_32' title='bbox 1207 713 1535 769; x_wconf 80' lang='lat' dir='ltr'><strong>territorium</strong></span> <span class='ocrx_word' id='word_1_33' title='bbox 1566 711 1937 767; x_wconf 83' lang='lat' dir='ltr'><strong>Namneticum</strong></span> 
     </span>
    </p>
   </div>
   <div class='ocr_carea' id='block_1_8' title="bbox 346 804 1940 877">
    <p class='ocr_par' dir='ltr' id='par_1_8' title="bbox 346 804 1940 877">
     <span class='ocr_line' id='line_1_8' title="bbox 346 804 1940 877; baseline -0.006 -11"><span class='ocrx_word' id='word_1_34' title='bbox 346 810 836 877; x_wconf 75' lang='lat' dir='ltr'><strong>Rhedonicumque</strong></span> <span class='ocrx_word' id='word_1_35' title='bbox 871 807 1067 877; x_wconf 66' lang='lat' dir='ltr'><strong>praedm</strong></span> <span class='ocrx_word' id='word_1_36' title='bbox 1110 806 1493 875; x_wconf 71' lang='lat' dir='ltr'><strong>subiecerunt,</strong></span> <span class='ocrx_word' id='word_1_37' title='bbox 1548 804 1940 859; x_wconf 86' lang='lat' dir='ltr'><strong>vindemiantes</strong></span> 
     </span>
    </p>
   </div>
   <div class='ocr_carea' id='block_1_9' title="bbox 344 894 1972 965">
    <p class='ocr_par' dir='ltr' id='par_1_9' title="bbox 344 894 1972 965">
     <span class='ocr_line' id='line_1_9' title="bbox 344 894 1972 965; baseline -0.005 -11"><span class='ocrx_word' id='word_1_38' title='bbox 344 905 534 957; x_wconf 83' lang='lat' dir='ltr'><strong>vineas</strong></span> <span class='ocrx_word' id='word_1_39' title='bbox 553 941 572 965; x_wconf 87' lang='lat'><strong>,</strong></span> <span class='ocrx_word' id='word_1_40' title='bbox 620 899 859 955; x_wconf 84' lang='lat' dir='ltr'><strong>culturas</strong></span> <span class='ocrx_word' id='word_1_41' title='bbox 886 898 1224 952; x_wconf 85' lang='lat' dir='ltr'><strong>devastautes</strong></span> <span class='ocrx_word' id='word_1_42' title='bbox 1246 934 1262 961; x_wconf 90' lang='lat'><strong>,</strong></span> <span class='ocrx_word' id='word_1_43' title='bbox 1301 911 1365 950; x_wconf 91' lang='lat' dir='ltr'><strong>ac</strong></span> <span class='ocrx_word' id='word_1_44' title='bbox 1411 896 1662 965; x_wconf 78' lang='lat' dir='ltr'><strong>pupulum</strong></span> <span class='ocrx_word' id='word_1_45' title='bbox 1692 894 1937 948; x_wconf 89' lang='lat' dir='ltr'><strong>villarum</strong></span> <span class='ocrx_word' id='word_1_46' title='bbox 1968 947 1972 952; x_wconf 76' lang='grc'>,</span> 
     </span>
    </p>
   </div>
   <div class='ocr_carea' id='block_1_10' title="bbox 346 986 1939 1057">
    <p class='ocr_par' dir='ltr' id='par_1_10' title="bbox 346 986 1939 1057">
     <span class='ocr_line' id='line_1_10' title="bbox 346 986 1939 1057; baseline -0.006 -10"><span class='ocrx_word' id='word_1_47' title='bbox 346 993 684 1047; x_wconf 77' lang='lat' dir='ltr'><strong>abducentes</strong></span> <span class='ocrx_word' id='word_1_48' title='bbox 730 989 1002 1057; x_wconf 84' lang='lat' dir='ltr'><strong>captivum</strong></span> <span class='ocrx_word' id='word_1_49' title='bbox 1028 1026 1044 1054; x_wconf 88' lang='lat'><strong>,</strong></span> <span class='ocrx_word' id='word_1_50' title='bbox 1092 987 1334 1057; x_wconf 80' lang='lat' dir='ltr'><strong>nihilque</strong></span> <span class='ocrx_word' id='word_1_51' title='bbox 1368 987 1437 1041; x_wconf 92' lang='lat' dir='ltr'><strong>de</strong></span> <span class='ocrx_word' id='word_1_52' title='bbox 1478 986 1755 1056; x_wconf 85' lang='lat' dir='ltr'><strong>promissis</strong></span> <span class='ocrx_word' id='word_1_53' title='bbox 1783 1000 1939 1055; x_wconf 90' lang='lat' dir='ltr'><strong>supe-</strong></span> 
     </span>
    </p>
   </div>
   <div class='ocr_carea' id='block_1_11' title="bbox 348 1076 1940 1145">
    <p class='ocr_par' dir='ltr' id='par_1_11' title="bbox 348 1076 1940 1145">
     <span class='ocr_line' id='line_1_11' title="bbox 348 1076 1940 1145; baseline -0.006 -6"><span class='ocrx_word' id='word_1_54' title='bbox 348 1085 587 1139; x_wconf 86' lang='lat' dir='ltr'><strong>rioribus</strong></span> <span class='ocrx_word' id='word_1_55' title='bbox 611 1082 974 1137; x_wconf 75' lang='lat' dir='ltr'><strong>custodientes</strong></span> <span class='ocrx_word' id='word_1_56' title='bbox 997 1121 1013 1145; x_wconf 89' lang='lat'><strong>,</strong></span> <span class='ocrx_word' id='word_1_57' title='bbox 1055 1089 1116 1135; x_wconf 90' lang='lat' dir='ltr'><strong>et</strong></span> <span class='ocrx_word' id='word_1_58' title='bbox 1155 1094 1261 1134; x_wconf 82' lang='lat' dir='ltr'><strong>non</strong></span> <span class='ocrx_word' id='word_1_59' title='bbox 1292 1079 1463 1133; x_wconf 86' lang='lat' dir='ltr'><strong>solum</strong></span> <span class='ocrx_word' id='word_1_60' title='bbox 1496 1094 1602 1132; x_wconf 88' lang='lat' dir='ltr'><strong>non</strong></span> <span class='ocrx_word' id='word_1_61' title='bbox 1633 1076 1940 1132; x_wconf 89' lang='lat' dir='ltr'><strong>custodien-</strong></span> 
     </span>
    </p>
   </div>
   <div class='ocr_carea' id='block_1_12' title="bbox 355 1168 1941 1243">
    <p class='ocr_par' dir='ltr' id='par_1_12' title="bbox 355 1168 1941 1243">
     <span class='ocr_line' id='line_1_12' title="bbox 355 1168 1941 1243; baseline -0.005 -14"><span class='ocrx_word' id='word_1_62' title='bbox 355 1186 441 1229; x_wconf 86' lang='lat' dir='ltr'><strong>tes</strong></span> <span class='ocrx_word' id='word_1_63' title='bbox 473 1173 735 1243; x_wconf 84' lang='lat' dir='ltr'><strong>promissa</strong></span> <span class='ocrx_word' id='word_1_64' title='bbox 755 1210 772 1233; x_wconf 84' lang='lat'><em>.</em></span> <span class='ocrx_word' id='word_1_65' title='bbox 802 1187 984 1227; x_wconf 87' lang='lat' dir='ltr'><strong>verum</strong></span> <span class='ocrx_word' id='word_1_66' title='bbox 1011 1170 1175 1226; x_wconf 84' lang='lat' dir='ltr'><strong>etiam</strong></span> <span class='ocrx_word' id='word_1_67' title='bbox 1211 1168 1557 1224; x_wconf 77' lang='lat' dir='ltr'><strong>detrahentes</strong></span> <span class='ocrx_word' id='word_1_68' title='bbox 1590 1168 1803 1238; x_wconf 83' lang='lat' dir='ltr'><strong>regibus</strong></span> <span class='ocrx_word' id='word_1_69' title='bbox 1833 1182 1941 1222; x_wconf 91' lang='lat' dir='ltr'><strong>no-</strong></span> 
     </span>
    </p>
   </div>
   <div class='ocr_carea' id='block_1_13' title="bbox 348 1276 503 1319">
    <p class='ocr_par' dir='ltr' id='par_1_13' title="bbox 348 1276 503 1319">
     <span class='ocr_line' id='line_1_13' title="bbox 348 1276 503 1319; baseline 0 0"><span class='ocrx_word' id='word_1_70' title='bbox 348 1276 503 1319; x_wconf 73' lang='lat' dir='ltr'><strong>stris.</strong></span> 
     </span>
    </p>
   </div>
   <div class='ocr_carea' id='block_1_14' title="bbox 425 1350 1944 1424">
    <p class='ocr_par' dir='ltr' id='par_1_14' title="bbox 425 1350 1944 1424">
     <span class='ocr_line' id='line_1_14' title="bbox 425 1350 1944 1424; baseline -0.003 -14"><span class='ocrx_word' id='word_1_71' title='bbox 425 1354 594 1410; x_wconf 66' lang='lat' dir='ltr'><strong>XXV.</strong></span> <span class='ocrx_word' id='word_1_72' title='bbox 624 1353 788 1424; x_wconf 80' lang='lat' dir='ltr'><strong>Igitur</strong></span> <span class='ocrx_word' id='word_1_73' title='bbox 816 1352 1191 1408; x_wconf 82' lang='lat' dir='ltr'><strong>Cbildebertus</strong></span> <span class='ocrx_word' id='word_1_74' title='bbox 1212 1366 1307 1407; x_wconf 89' lang='lat' dir='ltr'><strong>rex</strong></span> <span class='ocrx_word' id='word_1_75' title='bbox 1328 1365 1449 1407; x_wconf 86' lang='lat' dir='ltr'><strong>cum</strong></span> <span class='ocrx_word' id='word_1_76' title='bbox 1484 1350 1784 1420; x_wconf 84' lang='lat' dir='ltr'><strong>petentibus</strong></span> <span class='ocrx_word' id='word_1_77' title='bbox 1812 1351 1944 1405; x_wconf 84' lang='lat' dir='ltr'><strong>Lan-</strong></span> 
     </span>
    </p>
   </div>
   <div class='ocr_carea' id='block_1_15' title="bbox 348 1439 1938 1517">
    <p class='ocr_par' dir='ltr' id='par_1_15' title="bbox 348 1439 1938 1517">
     <span class='ocr_line' id='line_1_15' title="bbox 348 1439 1938 1517; baseline -0.004 -18"><span class='ocrx_word' id='word_1_78' title='bbox 348 1446 609 1517; x_wconf 77' lang='lat' dir='ltr'><strong>gobardis</strong></span> <span class='ocrx_word' id='word_1_79' title='bbox 633 1460 889 1503; x_wconf 86' lang='lat' dir='ltr'><strong>sororem</strong></span> <span class='ocrx_word' id='word_1_80' title='bbox 902 1458 1055 1498; x_wconf 86' lang='lat' dir='ltr'><strong>suam</strong></span> <span class='ocrx_word' id='word_1_81' title='bbox 1087 1442 1197 1512; x_wconf 88' lang='lat' dir='ltr'><strong>regi</strong></span> <span class='ocrx_word' id='word_1_82' title='bbox 1222 1452 1247 1480; x_wconf 77' lang='grc' dir='ltr'>σι</span> <span class='ocrx_word' id='word_1_83' title='bbox 1271 1456 1457 1497; x_wconf 87' lang='lat' dir='ltr'><strong>eorum</strong></span> <span class='ocrx_word' id='word_1_84' title='bbox 1484 1455 1604 1496; x_wconf 89' lang='lat' dir='ltr'><strong>esse</strong></span> <span class='ocrx_word' id='word_1_85' title='bbox 1632 1439 1938 1511; x_wconf 88' lang='lat' dir='ltr'><strong>conjugem,</strong></span> 
     </span>
    </p>
   </div>
   <div class='ocr_carea' id='block_1_16' title="bbox 352 1529 1942 1607">
    <p class='ocr_par' dir='ltr' id='par_1_16' title="bbox 352 1529 1942 1607">
     <span class='ocr_line' id='line_1_16' title="bbox 352 1529 1942 1607; baseline -0.004 -14"><span class='ocrx_word' id='word_1_86' title='bbox 352 1538 596 1607; x_wconf 77' lang='lat' dir='ltr'><strong>acceptis</strong></span> <span class='ocrx_word' id='word_1_87' title='bbox 624 1536 968 1601; x_wconf 74' lang='lat' dir='ltr'><strong>muneribus,</strong></span> <span class='ocrx_word' id='word_1_88' title='bbox 998 1534 1360 1605; x_wconf 76' lang='lat' dir='ltr'><strong>promisisset;</strong></span> <span class='ocrx_word' id='word_1_89' title='bbox 1388 1532 1793 1588; x_wconf 81' lang='lat' dir='ltr'><strong>advenientibus</strong></span> <span class='ocrx_word' id='word_1_90' title='bbox 1823 1529 1942 1587; x_wconf 87' lang='lat' dir='ltr'><strong>Got-</strong></span> 
     </span>
    </p>
   </div>
   <div class='ocr_carea' id='block_1_17' title="bbox 360 1625 1959 1699">
    <p class='ocr_par' dir='ltr' id='par_1_17' title="bbox 360 1625 1959 1699">
     <span class='ocr_line' id='line_1_17' title="bbox 360 1625 1959 1699; baseline -0.004 -13"><span class='ocrx_word' id='word_1_91' title='bbox 360 1634 584 1686; x_wconf 80' lang='lat' dir='ltr'><strong>tborum</strong></span> <span class='ocrx_word' id='word_1_92' title='bbox 615 1630 805 1699; x_wconf 83' lang='lat' dir='ltr'><strong>legatis</strong></span> <span class='ocrx_word' id='word_1_93' title='bbox 830 1628 1036 1698; x_wconf 80' lang='lat' dir='ltr'><strong>ipsam,</strong></span> <span class='ocrx_word' id='word_1_94' title='bbox 1079 1641 1148 1683; x_wconf 89' lang='lat' dir='ltr'><strong>eo</strong></span> <span class='ocrx_word' id='word_1_95' title='bbox 1186 1629 1325 1696; x_wconf 79' lang='lat' dir='ltr'><strong>quod</strong></span> <span class='ocrx_word' id='word_1_96' title='bbox 1365 1637 1575 1696; x_wconf 86' lang='lat' dir='ltr'><strong>gentem</strong></span> <span class='ocrx_word' id='word_1_97' title='bbox 1607 1628 1749 1681; x_wconf 85' lang='lat' dir='ltr'><strong>illam</strong></span> <span class='ocrx_word' id='word_1_98' title='bbox 1779 1625 1847 1680; x_wconf 89' lang='lat' dir='ltr'><strong>ad</strong></span> <span class='ocrx_word' id='word_1_99' title='bbox 1879 1628 1959 1690; x_wconf 36' lang='lat' dir='ltr'><strong>ti-,</strong></span> 
     </span>
    </p>
   </div>
   <div class='ocr_carea' id='block_1_18' title="bbox 351 1718 1936 1789">
    <p class='ocr_par' dir='ltr' id='par_1_18' title="bbox 351 1718 1936 1789">
     <span class='ocr_line' id='line_1_18' title="bbox 351 1718 1936 1789; baseline -0.003 -12"><span class='ocrx_word' id='word_1_100' title='bbox 351 1722 480 1777; x_wconf 82' lang='lat' dir='ltr'><strong>dem</strong></span> <span class='ocrx_word' id='word_1_101' title='bbox 533 1720 852 1776; x_wconf 77' lang='lat' dir='ltr'><strong>catholicam</strong></span> <span class='ocrx_word' id='word_1_102' title='bbox 901 1733 1214 1775; x_wconf 78' lang='lat' dir='ltr'><strong>conversam</strong></span> <span class='ocrx_word' id='word_1_103' title='bbox 1260 1718 1427 1774; x_wconf 87' lang='lat' dir='ltr'><strong>fuisse</strong></span> <span class='ocrx_word' id='word_1_104' title='bbox 1454 1726 1821 1789; x_wconf 76' lang='lat' dir='ltr'><strong>cognosceret,</strong></span> <span class='ocrx_word' id='word_1_105' title='bbox 1853 1734 1936 1773; x_wconf 82' lang='lat' dir='ltr'><strong>re-</strong></span> 
     </span>
    </p>
   </div>
   <div class='ocr_carea' id='block_1_19' title="bbox 2040 526 3626 605">
    <p class='ocr_par' dir='ltr' id='par_1_19' title="bbox 2040 526 3626 605">
     <span class='ocr_line' id='line_1_19' title="bbox 2040 526 3626 605; baseline 0.004 -23"><span class='ocrx_word' id='word_1_106' title='bbox 2040 526 2198 582; x_wconf 78' lang='lat' dir='ltr'><strong>alium</strong></span> <span class='ocrx_word' id='word_1_107' title='bbox 2230 526 2406 582; x_wconf 84' lang='lat' dir='ltr'><strong>villam</strong></span> <span class='ocrx_word' id='word_1_108' title='bbox 2435 534 2535 598; x_wconf 81' lang='lat' dir='ltr'><strong>pro</strong></span> <span class='ocrx_word' id='word_1_109' title='bbox 2563 532 2862 585; x_wconf 75' lang='lat' dir='ltr'><strong>exercenda</strong></span> <span class='ocrx_word' id='word_1_110' title='bbox 2898 532 3123 587; x_wconf 90' lang='lat' dir='ltr'><strong>utilitate</strong></span> <span class='ocrx_word' id='word_1_111' title='bbox 3145 534 3355 605; x_wconf 81' lang='lat' dir='ltr'><strong>dirigit,</strong></span> <span class='ocrx_word' id='word_1_112' title='bbox 3386 535 3437 589; x_wconf 88' lang='lat' dir='ltr'><strong>in</strong></span> <span class='ocrx_word' id='word_1_113' title='bbox 3468 549 3626 588; x_wconf 82' lang='lat' dir='ltr'><strong>amo-</strong></span> 
     </span>
    </p>
   </div>
   <div class='ocr_carea' id='block_1_20' title="bbox 2044 619 3624 692">
    <p class='ocr_par' dir='ltr' id='par_1_20' title="bbox 2044 619 3624 692">
     <span class='ocr_line' id='line_1_20' title="bbox 2044 619 3624 692; baseline 0.006 -21"><span class='ocrx_word' id='word_1_114' title='bbox 2044 634 2156 671; x_wconf 86' lang='lat' dir='ltr'><strong>rem</strong></span> <span class='ocrx_word' id='word_1_115' title='bbox 2198 619 2444 688; x_wconf 67' lang='lat' dir='ltr'><strong>puellula:</strong></span> <span class='ocrx_word' id='word_1_116' title='bbox 2474 620 2750 690; x_wconf 82' lang='lat' dir='ltr'><strong>cujusdam</strong></span> <span class='ocrx_word' id='word_1_117' title='bbox 2778 626 3019 692; x_wconf 74' lang='lat' dir='ltr'><strong>ingenua:</strong></span> <span class='ocrx_word' id='word_1_118' title='bbox 3049 625 3171 677; x_wconf 83' lang='lat' dir='ltr'><strong>ruit.</strong></span> <span class='ocrx_word' id='word_1_119' title='bbox 3208 624 3271 677; x_wconf 87' lang='lat' dir='ltr'><strong>Et</strong></span> <span class='ocrx_word' id='word_1_120' title='bbox 3304 625 3438 678; x_wconf 82' lang='lat' dir='ltr'><strong>facta</strong></span> <span class='ocrx_word' id='word_1_121' title='bbox 3468 635 3624 680; x_wconf 86' lang='lat' dir='ltr'><strong>nocte</strong></span> 
     </span>
    </p>
   </div>
   <div class='ocr_carea' id='block_1_21' title="bbox 2041 712 3621 786">
    <p class='ocr_par' dir='ltr' id='par_1_21' title="bbox 2041 712 3621 786">
     <span class='ocr_line' id='line_1_21' title="bbox 2041 712 3621 786; baseline 0.003 -20"><span class='ocrx_word' id='word_1_122' title='bbox 2041 712 2351 781; x_wconf 86' lang='lat' dir='ltr'><strong>crapulatus</strong></span> <span class='ocrx_word' id='word_1_123' title='bbox 2379 727 2409 767; x_wconf 89' lang='lat' dir='ltr'><strong>a</strong></span> <span class='ocrx_word' id='word_1_124' title='bbox 2441 714 2564 769; x_wconf 88' lang='lat' dir='ltr'><strong>vino</strong></span> <span class='ocrx_word' id='word_1_125' title='bbox 2594 715 2737 768; x_wconf 87' lang='lat' dir='ltr'><strong>misit</strong></span> <span class='ocrx_word' id='word_1_126' title='bbox 2762 730 2977 784; x_wconf 89' lang='lat' dir='ltr'><strong>pueros,</strong></span> <span class='ocrx_word' id='word_1_127' title='bbox 3014 726 3070 769; x_wconf 89' lang='lat' dir='ltr'><strong>ut</strong></span> <span class='ocrx_word' id='word_1_128' title='bbox 3100 716 3446 772; x_wconf 87' lang='lat' dir='ltr'><strong>detrahentes</strong></span> <span class='ocrx_word' id='word_1_129' title='bbox 3474 717 3621 786; x_wconf 85' lang='lat' dir='ltr'><strong>puel-</strong></span> 
     </span>
    </p>
   </div>
   <div class='ocr_carea' id='block_1_22' title="bbox 2041 804 3628 879">
    <p class='ocr_par' dir='ltr' id='par_1_22' title="bbox 2041 804 3628 879">
     <span class='ocr_line' id='line_1_22' title="bbox 2041 804 3628 879; baseline 0.003 -21"><span class='ocrx_word' id='word_1_130' title='bbox 2041 804 2226 873; x_wconf 78' lang='lat' dir='ltr'><strong>lulam,</strong></span> <span class='ocrx_word' id='word_1_131' title='bbox 2248 821 2370 861; x_wconf 89' lang='lat' dir='ltr'><strong>eam</strong></span> <span class='ocrx_word' id='word_1_132' title='bbox 2385 814 2503 861; x_wconf 92' lang='lat' dir='ltr'><strong>toro</strong></span> <span class='ocrx_word' id='word_1_133' title='bbox 2525 807 2639 877; x_wconf 84' lang='lat' dir='ltr'><strong>ejus</strong></span> <span class='ocrx_word' id='word_1_134' title='bbox 2663 808 2914 863; x_wconf 88' lang='lat' dir='ltr'><strong>ascirent.</strong></span> <span class='ocrx_word' id='word_1_135' title='bbox 2936 808 3025 862; x_wconf 89' lang='lat' dir='ltr'><strong>Illa</strong></span> <span class='ocrx_word' id='word_1_136' title='bbox 3045 824 3258 878; x_wconf 87' lang='lat' dir='ltr'><strong>quoque</strong></span> <span class='ocrx_word' id='word_1_137' title='bbox 3274 821 3628 879; x_wconf 83' lang='lat' dir='ltr'><strong>repugnante,</strong></span> 
     </span>
    </p>
   </div>
   <div class='ocr_carea' id='block_1_23' title="bbox 2042 898 3625 969">
    <p class='ocr_par' dir='ltr' id='par_1_23' title="bbox 2042 898 3625 969">
     <span class='ocr_line' id='line_1_23' title="bbox 2042 898 3625 969; baseline 0.004 -20"><span class='ocrx_word' id='word_1_138' title='bbox 2042 907 2094 950; x_wconf 87' lang='lat' dir='ltr'><strong>et</strong></span> <span class='ocrx_word' id='word_1_139' title='bbox 2123 898 2381 953; x_wconf 85' lang='lat' dir='ltr'><strong>violenter</strong></span> <span class='ocrx_word' id='word_1_140' title='bbox 2435 899 2486 953; x_wconf 89' lang='lat' dir='ltr'><strong>in</strong></span> <span class='ocrx_word' id='word_1_141' title='bbox 2514 900 2633 969; x_wconf 86' lang='lat' dir='ltr'><strong>ejus</strong></span> <span class='ocrx_word' id='word_1_142' title='bbox 2678 901 3007 955; x_wconf 77' lang='lat' dir='ltr'><strong>mansionem</strong></span> <span class='ocrx_word' id='word_1_143' title='bbox 3046 898 3305 968; x_wconf 82' lang='lat' dir='ltr'><strong>deducta,</strong></span> <span class='ocrx_word' id='word_1_144' title='bbox 3350 902 3476 956; x_wconf 86' lang='lat' dir='ltr'><strong>dum</strong></span> <span class='ocrx_word' id='word_1_145' title='bbox 3506 918 3625 957; x_wconf 88' lang='lat' dir='ltr'><strong>eam</strong></span> 
     </span>
    </p>
   </div>
   <div class='ocr_carea' id='block_1_24' title="bbox 2042 989 3628 1060">
    <p class='ocr_par' dir='ltr' id='par_1_24' title="bbox 2042 989 3628 1060">
     <span class='ocr_line' id='line_1_24' title="bbox 2042 989 3628 1060; baseline 0.003 -18"><span class='ocrx_word' id='word_1_146' title='bbox 2042 989 2212 1059; x_wconf 85' lang='lat' dir='ltr'><strong>alapis</strong></span> <span class='ocrx_word' id='word_1_147' title='bbox 2252 990 2459 1045; x_wconf 66' lang='lat' dir='ltr'><strong>caedunt</strong></span> <span class='ocrx_word' id='word_1_148' title='bbox 2490 1032 2505 1057; x_wconf 91' lang='lat'><strong>,</strong></span> <span class='ocrx_word' id='word_1_149' title='bbox 2536 992 2808 1060; x_wconf 81' lang='lat' dir='ltr'><strong>sanguinis</strong></span> <span class='ocrx_word' id='word_1_150' title='bbox 2842 994 2980 1046; x_wconf 90' lang='lat' dir='ltr'><strong>unda</strong></span> <span class='ocrx_word' id='word_1_151' title='bbox 3030 1007 3093 1046; x_wconf 90' lang='lat' dir='ltr'><strong>ex</strong></span> <span class='ocrx_word' id='word_1_152' title='bbox 3126 995 3333 1048; x_wconf 85' lang='lat' dir='ltr'><strong>narium</strong></span> <span class='ocrx_word' id='word_1_153' title='bbox 3365 993 3628 1047; x_wconf 89' lang='lat' dir='ltr'><strong>meatibus</strong></span> 
     </span>
    </p>
   </div>
   <div class='ocr_carea' id='block_1_25' title="bbox 2041 1081 3681 1154">
    <p class='ocr_par' dir='ltr' id='par_1_25' title="bbox 2041 1081 3681 1154">
     <span class='ocr_line' id='line_1_25' title="bbox 2041 1081 3681 1154; baseline 0.003 -19"><span class='ocrx_word' id='word_1_154' title='bbox 2041 1081 2361 1136; x_wconf 86' lang='lat' dir='ltr'><strong>decurrente</strong></span> <span class='ocrx_word' id='word_1_155' title='bbox 2407 1081 2762 1152; x_wconf 84' lang='lat' dir='ltr'><strong>perfunditur.</strong></span> <span class='ocrx_word' id='word_1_156' title='bbox 2822 1084 2975 1140; x_wconf 89' lang='lat' dir='ltr'><strong>Unde</strong></span> <span class='ocrx_word' id='word_1_157' title='bbox 3030 1085 3224 1139; x_wconf 87' lang='lat' dir='ltr'><strong>factum</strong></span> <span class='ocrx_word' id='word_1_158' title='bbox 3271 1094 3356 1141; x_wconf 87' lang='lat' dir='ltr'><strong>est</strong></span> <span class='ocrx_word' id='word_1_159' title='bbox 3406 1097 3462 1140; x_wconf 91' lang='lat' dir='ltr'><strong>ut</strong></span> <span class='ocrx_word' id='word_1_160' title='bbox 3511 1086 3625 1154; x_wconf 86' lang='lat' dir='ltr'><strong>ipse</strong></span> <span class='ocrx_word' id='word_1_161' title='bbox 3669 1114 3681 1126; x_wconf 68' lang='grc' dir='ltr'><strong>ο</strong></span> 
     </span>
    </p>
   </div>
   <div class='ocr_carea' id='block_1_26' title="bbox 2041 1179 3626 1248">
    <p class='ocr_par' dir='ltr' id='par_1_26' title="bbox 2041 1179 3626 1248">
     <span class='ocr_line' id='line_1_26' title="bbox 2041 1179 3626 1248; baseline 0.005 -22"><span class='ocrx_word' id='word_1_162' title='bbox 2041 1190 2253 1245; x_wconf 87' lang='lat' dir='ltr'><strong>quoque</strong></span> <span class='ocrx_word' id='word_1_163' title='bbox 2273 1187 2474 1235; x_wconf 86' lang='lat' dir='ltr'><strong>stratus</strong></span> <span class='ocrx_word' id='word_1_164' title='bbox 2500 1179 2652 1235; x_wconf 87' lang='lat' dir='ltr'><strong>ducis</strong></span> <span class='ocrx_word' id='word_1_165' title='bbox 2678 1181 2932 1235; x_wconf 77' lang='lat' dir='ltr'><strong>antedicti</strong></span> <span class='ocrx_word' id='word_1_166' title='bbox 2958 1182 3059 1236; x_wconf 80' lang='lat' dir='ltr'><strong>hoc</strong></span> <span class='ocrx_word' id='word_1_167' title='bbox 3084 1183 3201 1236; x_wconf 89' lang='lat' dir='ltr'><strong>rivo</strong></span> <span class='ocrx_word' id='word_1_168' title='bbox 3232 1190 3626 1248; x_wconf 84' lang='lat' dir='ltr'><strong>cruentaretur,</strong></span> 
     </span>
    </p>
   </div>
   <div class='ocr_carea' id='block_1_27' title="bbox 2040 1269 3628 1347">
    <p class='ocr_par' dir='ltr' id='par_1_27' title="bbox 2040 1269 3628 1347">
     <span class='ocr_line' id='line_1_27' title="bbox 2040 1269 3628 1347; baseline 0.002 -23"><span class='ocrx_word' id='word_1_169' title='bbox 2040 1269 2197 1344; x_wconf 65' lang='grc' dir='ltr'><strong>ἀει</strong></span> <span class='ocrx_word' id='word_1_170' title='bbox 2230 1286 2392 1339; x_wconf 81' lang='lat' dir='ltr'><strong>quam</strong></span> <span class='ocrx_word' id='word_1_171' title='bbox 2419 1283 2476 1329; x_wconf 89' lang='lat' dir='ltr'><strong>et</strong></span> <span class='ocrx_word' id='word_1_172' title='bbox 2505 1274 2621 1341; x_wconf 86' lang='lat' dir='ltr'><strong>ipse</strong></span> <span class='ocrx_word' id='word_1_173' title='bbox 2650 1276 2863 1344; x_wconf 85' lang='lat' dir='ltr'><strong>pugnis,</strong></span> <span class='ocrx_word' id='word_1_174' title='bbox 2891 1275 3151 1344; x_wconf 77' lang='lat' dir='ltr'><strong>colaphis,</strong></span> <span class='ocrx_word' id='word_1_175' title='bbox 3182 1276 3406 1347; x_wconf 90' lang='lat' dir='ltr'><strong>aliisque</strong></span> <span class='ocrx_word' id='word_1_176' title='bbox 3431 1276 3628 1330; x_wconf 87' lang='lat' dir='ltr'><strong>ictibus</strong></span> 
     </span>
    </p>
   </div>
   <div class='ocr_carea' id='block_1_28' title="bbox 2041 1356 3630 1437">
    <p class='ocr_par' dir='ltr' id='par_1_28' title="bbox 2041 1356 3630 1437">
     <span class='ocr_line' id='line_1_28' title="bbox 2041 1356 3630 1437; baseline 0.001 -18"><span class='ocrx_word' id='word_1_177' title='bbox 2041 1366 2376 1421; x_wconf 88' lang='lat' dir='ltr'><strong>verberatam</strong></span> <span class='ocrx_word' id='word_1_178' title='bbox 2408 1368 2461 1420; x_wconf 90' lang='lat' dir='ltr'><strong>in</strong></span> <span class='ocrx_word' id='word_1_179' title='bbox 2511 1367 2688 1421; x_wconf 92' lang='lat' dir='ltr'><strong>ulnam</strong></span> <span class='ocrx_word' id='word_1_180' title='bbox 2736 1369 2992 1435; x_wconf 86' lang='lat' dir='ltr'><strong>suscepit.</strong></span> <span class='ocrx_word' id='word_1_181' title='bbox 3020 1377 3079 1422; x_wconf 83' lang='lat' dir='ltr'><strong>et</strong></span> <span class='ocrx_word' id='word_1_182' title='bbox 3116 1370 3294 1423; x_wconf 84' lang='lat' dir='ltr'><strong>statim</strong></span> <span class='ocrx_word' id='word_1_183' title='bbox 3338 1356 3630 1437; x_wconf 68' lang='lat' dir='ltr'><strong>op&#39;pressus</strong></span> 
     </span>
    </p>
   </div>
   <div class='ocr_carea' id='block_1_29' title="bbox 2042 1457 3632 1527">
    <p class='ocr_par' dir='ltr' id='par_1_29' title="bbox 2042 1457 3632 1527">
     <span class='ocr_line' id='line_1_29' title="bbox 2042 1457 3632 1527; baseline -0.001 -16"><span class='ocrx_word' id='word_1_184' title='bbox 2042 1470 2235 1511; x_wconf 82' lang='lat' dir='ltr'><strong>somno</strong></span> <span class='ocrx_word' id='word_1_185' title='bbox 2281 1457 2519 1512; x_wconf 86' lang='lat' dir='ltr'><strong>dormire</strong></span> <span class='ocrx_word' id='word_1_186' title='bbox 2566 1459 2752 1527; x_wconf 68' lang='lat' dir='ltr'><strong>coepit.</strong></span> <span class='ocrx_word' id='word_1_187' title='bbox 2809 1462 2881 1513; x_wconf 82' lang='lat' dir='ltr'><strong>At</strong></span> <span class='ocrx_word' id='word_1_188' title='bbox 2921 1459 3009 1513; x_wconf 90' lang='lat' dir='ltr'><strong>illa</strong></span> <span class='ocrx_word' id='word_1_189' title='bbox 3041 1468 3260 1515; x_wconf 82' lang='lat' dir='ltr'><strong>extensa</strong></span> <span class='ocrx_word' id='word_1_190' title='bbox 3294 1474 3452 1514; x_wconf 86' lang='lat' dir='ltr'><strong>manu</strong></span> <span class='ocrx_word' id='word_1_191' title='bbox 3484 1470 3632 1511; x_wconf 82' lang='lat' dir='ltr'><strong>trans</strong></span> 
     </span>
    </p>
   </div>
   <div class='ocr_carea' id='block_1_30' title="bbox 2044 1546 3634 1619">
    <p class='ocr_par' dir='ltr' id='par_1_30' title="bbox 2044 1546 3634 1619">
     <span class='ocr_line' id='line_1_30' title="bbox 2044 1546 3634 1619; baseline 0 -18"><span class='ocrx_word' id='word_1_192' title='bbox 2044 1556 2207 1615; x_wconf 86' lang='lat' dir='ltr'><strong>caput</strong></span> <span class='ocrx_word' id='word_1_193' title='bbox 2248 1546 2346 1601; x_wconf 71' lang='grc' dir='ltr'>ιιι-ἱ</span> <span class='ocrx_word' id='word_1_194' title='bbox 2390 1548 2624 1617; x_wconf 87' lang='lat' dir='ltr'><strong>gladium</strong></span> <span class='ocrx_word' id='word_1_195' title='bbox 2673 1551 2909 1619; x_wconf 88' lang='lat' dir='ltr'><strong>reperit:</strong></span> <span class='ocrx_word' id='word_1_196' title='bbox 2944 1565 3051 1619; x_wconf 89' lang='lat' dir='ltr'><strong>quo</strong></span> <span class='ocrx_word' id='word_1_197' title='bbox 3096 1550 3378 1619; x_wconf 87' lang='lat' dir='ltr'><strong>evaginato</strong></span> <span class='ocrx_word' id='word_1_198' title='bbox 3405 1591 3421 1617; x_wconf 84' lang='lat'><strong>,</strong></span> <span class='ocrx_word' id='word_1_199' title='bbox 3472 1556 3634 1615; x_wconf 88' lang='lat' dir='ltr'><strong>caput</strong></span> 
     </span>
    </p>
   </div>
   <div class='ocr_carea' id='block_1_31' title="bbox 2041 1640 3631 1709">
    <p class='ocr_par' dir='ltr' id='par_1_31' title="bbox 2041 1640 3631 1709">
     <span class='ocr_line' id='line_1_31' title="bbox 2041 1640 3631 1709; baseline 0.001 -15"><span class='ocrx_word' id='word_1_200' title='bbox 2041 1640 2195 1694; x_wconf 88' lang='lat' dir='ltr'><strong>ducis</strong></span> <span class='ocrx_word' id='word_1_201' title='bbox 2222 1675 2239 1707; x_wconf 86' lang='lat'><strong>,</strong></span> <span class='ocrx_word' id='word_1_202' title='bbox 2288 1642 2433 1696; x_wconf 91' lang='lat' dir='ltr'><strong>velut</strong></span> <span class='ocrx_word' id='word_1_203' title='bbox 2481 1642 2662 1698; x_wconf 81' lang='lat' dir='ltr'><strong>Juditlt</strong></span> <span class='ocrx_word' id='word_1_204' title='bbox 2697 1641 3002 1699; x_wconf 84' lang='lat' dir='ltr'><strong>Holofernis</strong></span> <span class='ocrx_word' id='word_1_205' title='bbox 3024 1684 3040 1709; x_wconf 91' lang='lat'><strong>,</strong></span> <span class='ocrx_word' id='word_1_206' title='bbox 3094 1644 3199 1700; x_wconf 90' lang='lat' dir='ltr'><strong>ictu</strong></span> <span class='ocrx_word' id='word_1_207' title='bbox 3228 1643 3366 1697; x_wconf 85' lang='lat' dir='ltr'><strong>virili</strong></span> <span class='ocrx_word' id='word_1_208' title='bbox 3394 1642 3631 1697; x_wconf 85' lang='lat' dir='ltr'><strong>libravit.</strong></span> 
     </span>
    </p>
   </div>
   <div class='ocr_carea' id='block_1_32' title="bbox 2043 1732 3631 1805">
    <p class='ocr_par' dir='ltr' id='par_1_32' title="bbox 2043 1732 3631 1805">
     <span class='ocr_line' id='line_1_32' title="bbox 2043 1732 3631 1805; baseline 0.002 -19"><span class='ocrx_word' id='word_1_209' title='bbox 2043 1732 2139 1787; x_wconf 89' lang='lat' dir='ltr'><strong>Illo</strong></span> <span class='ocrx_word' id='word_1_210' title='bbox 2186 1749 2398 1805; x_wconf 72' lang='lat' dir='ltr'><strong>quoque</strong></span> <span class='ocrx_word' id='word_1_211' title='bbox 2466 1750 2629 1792; x_wconf 87' lang='lat' dir='ltr'><strong>voces</strong></span> <span class='ocrx_word' id='word_1_212' title='bbox 2677 1737 2989 1805; x_wconf 86' lang='lat' dir='ltr'><strong>emittente,</strong></span> <span class='ocrx_word' id='word_1_213' title='bbox 3041 1745 3376 1791; x_wconf 86' lang='lat' dir='ltr'><strong>concurrunt</strong></span> <span class='ocrx_word' id='word_1_214' title='bbox 3425 1734 3631 1790; x_wconf 83' lang='lat' dir='ltr'><strong>famuli.</strong></span> 
     </span>
    </p>
   </div>
   <div class='ocr_carea' id='block_1_33' title="bbox 354 1802 1944 1896">
    <p class='ocr_par' dir='ltr' id='par_1_33' title="bbox 354 1808 1937 1881">
     <span class='ocr_line' id='line_1_33' title="bbox 354 1808 1937 1881; baseline -0.003 -15"><span class='ocrx_word' id='word_1_215' title='bbox 354 1812 605 1881; x_wconf 81' lang='lat' dir='ltr'><strong>promisit</strong></span> <span class='ocrx_word' id='word_1_216' title='bbox 629 1810 683 1877; x_wconf 70' lang='grc' dir='ltr'><strong>δ,</strong></span> <span class='ocrx_word' id='word_1_217' title='bbox 721 1825 785 1865; x_wconf 89' lang='lat' dir='ltr'><strong>ac</strong></span> <span class='ocrx_word' id='word_1_218' title='bbox 831 1811 1148 1879; x_wconf 80' lang='lat' dir='ltr'><strong>legationem</strong></span> <span class='ocrx_word' id='word_1_219' title='bbox 1195 1810 1261 1864; x_wconf 90' lang='lat' dir='ltr'><strong>ad</strong></span> <span class='ocrx_word' id='word_1_220' title='bbox 1311 1809 1687 1878; x_wconf 81' lang='lat' dir='ltr'><strong>imperatorem</strong></span> <span class='ocrx_word' id='word_1_221' title='bbox 1724 1808 1937 1874; x_wconf 76' lang='lat' dir='ltr'><strong>direxit,</strong></span> 
     </span>
    </p>
   </div>
   <div class='ocr_carea' id='block_1_34' title="bbox 2046 1802 3631 1896">
    <p class='ocr_par' dir='ltr' id='par_1_34' title="bbox 2048 1824 3631 1896">
     <span class='ocr_line' id='line_1_34' title="bbox 2048 1824 3631 1896; baseline 0.004 -19"><span class='ocrx_word' id='word_1_222' title='bbox 2048 1824 2218 1891; x_wconf 79' lang='lat' dir='ltr'><strong>Quam</strong></span> <span class='ocrx_word' id='word_1_223' title='bbox 2268 1841 2390 1881; x_wconf 77' lang='lat' dir='ltr'><strong>cum</strong></span> <span class='ocrx_word' id='word_1_224' title='bbox 2439 1828 2743 1884; x_wconf 75' lang='lat' dir='ltr'><strong>interﬁcere</strong></span> <span class='ocrx_word' id='word_1_225' title='bbox 2791 1830 3023 1896; x_wconf 81' lang='lat' dir='ltr'><strong>vellent,</strong></span> <span class='ocrx_word' id='word_1_226' title='bbox 3052 1831 3374 1885; x_wconf 83' lang='lat' dir='ltr'><strong>exclamavit</strong></span> <span class='ocrx_word' id='word_1_227' title='bbox 3400 1828 3517 1894; x_wconf 87' lang='lat' dir='ltr'><strong>ille,</strong></span> <span class='ocrx_word' id='word_1_228' title='bbox 3550 1830 3631 1883; x_wconf 53' lang='lat' dir='ltr'><strong>dic</strong></span> 
     </span>
    </p>
   </div>
   <div class='ocr_carea' id='block_1_35' title="bbox 359 1898 1939 1971">
    <p class='ocr_par' dir='ltr' id='par_1_35' title="bbox 359 1898 1939 1971">
     <span class='ocr_line' id='line_1_35' title="bbox 359 1898 1939 1971; baseline -0.004 -14"><span class='ocrx_word' id='word_1_229' title='bbox 359 1913 422 1957; x_wconf 86' lang='lat' dir='ltr'><strong>ut</strong></span> <span class='ocrx_word' id='word_1_230' title='bbox 446 1902 593 1971; x_wconf 88' lang='lat' dir='ltr'><strong>quod</strong></span> <span class='ocrx_word' id='word_1_231' title='bbox 614 1905 764 1970; x_wconf 87' lang='lat' dir='ltr'><strong>prius</strong></span> <span class='ocrx_word' id='word_1_232' title='bbox 785 1916 891 1955; x_wconf 80' lang='lat' dir='ltr'><strong>non</strong></span> <span class='ocrx_word' id='word_1_233' title='bbox 924 1900 1119 1954; x_wconf 79' lang='lat' dir='ltr'><strong>fecerat</strong></span> <span class='ocrx_word' id='word_1_234' title='bbox 1149 1909 1172 1937; x_wconf 73' lang='grc' dir='ltr'>ε</span> <span class='ocrx_word' id='word_1_235' title='bbox 1190 1938 1206 1965; x_wconf 84' lang='grc'><strong><em>,</em></strong></span> <span class='ocrx_word' id='word_1_236' title='bbox 1236 1914 1380 1955; x_wconf 68' lang='lat' dir='ltr'><strong>nunc</strong></span> <span class='ocrx_word' id='word_1_237' title='bbox 1408 1907 1590 1954; x_wconf 88' lang='lat' dir='ltr'><strong>contra</strong></span> <span class='ocrx_word' id='word_1_238' title='bbox 1627 1898 1939 1969; x_wconf 83' lang='lat' dir='ltr'><strong>Langobar-</strong></span> 
     </span>
    </p>
   </div>
   <div class='ocr_carea' id='block_1_36' title="bbox 355 1988 1942 2060">
    <p class='ocr_par' dir='ltr' id='par_1_36' title="bbox 355 1988 1942 2060">
     <span class='ocr_line' id='line_1_36' title="bbox 355 1988 1942 2060; baseline -0.002 -13"><span class='ocrx_word' id='word_1_239' title='bbox 355 1997 548 2048; x_wconf 83' lang='lat' dir='ltr'><strong>dorum</strong></span> <span class='ocrx_word' id='word_1_240' title='bbox 580 2001 791 2060; x_wconf 81' lang='lat' dir='ltr'><strong>gentem</strong></span> <span class='ocrx_word' id='word_1_241' title='bbox 834 1990 1111 2045; x_wconf 87' lang='lat' dir='ltr'><strong>debellans</strong></span> <span class='ocrx_word' id='word_1_242' title='bbox 1148 2004 1268 2044; x_wconf 87' lang='lat' dir='ltr'><strong>eum</strong></span> <span class='ocrx_word' id='word_1_243' title='bbox 1317 1988 1432 2059; x_wconf 87' lang='lat' dir='ltr'><strong>ejus</strong></span> <span class='ocrx_word' id='word_1_244' title='bbox 1485 1989 1713 2043; x_wconf 90' lang='lat' dir='ltr'><strong>consilio</strong></span> <span class='ocrx_word' id='word_1_245' title='bbox 1754 2002 1849 2044; x_wconf 89' lang='lat' dir='ltr'><strong>eos</strong></span> <span class='ocrx_word' id='word_1_246' title='bbox 1874 1988 1942 2044; x_wconf 87' lang='lat' dir='ltr'><strong>ab</strong></span> 
     </span>
    </p>
   </div>
   <div class='ocr_carea' id='block_1_37' title="bbox 358 2080 1941 2149">
    <p class='ocr_par' dir='ltr' id='par_1_37' title="bbox 358 2080 1941 2149">
     <span class='ocr_line' id='line_1_37' title="bbox 358 2080 1941 2149; baseline -0.003 -10"><span class='ocrx_word' id='word_1_247' title='bbox 358 2086 509 2139; x_wconf 77' lang='lat' dir='ltr'><strong>Italia</strong></span> <span class='ocrx_word' id='word_1_248' title='bbox 539 2094 885 2149; x_wconf 83' lang='lat' dir='ltr'><strong>removeret;</strong></span> <span class='ocrx_word' id='word_1_249' title='bbox 915 2082 1263 2147; x_wconf 74' lang='lat' dir='ltr'><strong>nihilominus</strong></span> <span class='ocrx_word' id='word_1_250' title='bbox 1288 2093 1343 2138; x_wconf 84' lang='lat' dir='ltr'><strong>et</strong></span> <span class='ocrx_word' id='word_1_251' title='bbox 1370 2081 1663 2138; x_wconf 87' lang='lat' dir='ltr'><strong>exercitum</strong></span> <span class='ocrx_word' id='word_1_252' title='bbox 1695 2095 1848 2136; x_wconf 86' lang='lat' dir='ltr'><strong>suum</strong></span> <span class='ocrx_word' id='word_1_253' title='bbox 1874 2080 1941 2134; x_wconf 89' lang='lat' dir='ltr'><strong>ad</strong></span> 
     </span>
    </p>
   </div>
   <div class='ocr_carea' id='block_1_38' title="bbox 355 2172 1941 2246">
    <p class='ocr_par' dir='ltr' id='par_1_38' title="bbox 355 2172 1941 2246">
     <span class='ocr_line' id='line_1_38' title="bbox 355 2172 1941 2246; baseline -0.003 -18"><span class='ocrx_word' id='word_1_254' title='bbox 355 2178 630 2246; x_wconf 70' lang='lat' dir='ltr'><strong>regionem</strong></span> <span class='ocrx_word' id='word_1_255' title='bbox 656 2175 822 2243; x_wconf 85' lang='lat' dir='ltr'><strong>ipsam</strong></span> <span class='ocrx_word' id='word_1_256' title='bbox 845 2174 1233 2242; x_wconf 81' lang='lat' dir='ltr'><strong>capessendam</strong></span> <span class='ocrx_word' id='word_1_257' title='bbox 1259 2172 1477 2228; x_wconf 78' lang='lat' dir='ltr'><strong>direxit.</strong></span> <span class='ocrx_word' id='word_1_258' title='bbox 1524 2172 1815 2225; x_wconf 76' lang='lat' dir='ltr'><strong>Conimotis</strong></span> <span class='ocrx_word' id='word_1_259' title='bbox 1839 2172 1941 2225; x_wconf 87' lang='lat' dir='ltr'><strong>du-</strong></span> 
     </span>
    </p>
   </div>
   <div class='ocr_carea' id='block_1_39' title="bbox 354 2262 1941 2336">
    <p class='ocr_par' dir='ltr' id='par_1_39' title="bbox 354 2262 1941 2336">
     <span class='ocr_line' id='line_1_39' title="bbox 354 2262 1941 2336; baseline -0.003 -13"><span class='ocrx_word' id='word_1_260' title='bbox 354 2270 515 2323; x_wconf 87' lang='lat' dir='ltr'><strong>cibus</strong></span> <span class='ocrx_word' id='word_1_261' title='bbox 541 2283 665 2322; x_wconf 84' lang='lat' dir='ltr'><strong>cum</strong></span> <span class='ocrx_word' id='word_1_262' title='bbox 704 2266 944 2322; x_wconf 84' lang='lat' dir='ltr'><strong>exercitu</strong></span> <span class='ocrx_word' id='word_1_263' title='bbox 986 2265 1115 2320; x_wconf 88' lang='lat' dir='ltr'><strong>illuc</strong></span> <span class='ocrx_word' id='word_1_264' title='bbox 1159 2265 1518 2327; x_wconf 86' lang='lat' dir='ltr'><strong>abeuntibus.</strong></span> <span class='ocrx_word' id='word_1_265' title='bbox 1549 2264 1711 2336; x_wconf 61' lang='lat'><strong>550</strong></span> <span class='ocrx_word' id='word_1_266' title='bbox 1747 2262 1941 2319; x_wconf 82' lang='lat' dir='ltr'><strong>conﬂi-</strong></span> 
     </span>
    </p>
   </div>
   <div class='ocr_carea' id='block_1_40' title="bbox 354 2356 1944 2429">
    <p class='ocr_par' dir='ltr' id='par_1_40' title="bbox 354 2356 1944 2429">
     <span class='ocr_line' id='line_1_40' title="bbox 354 2356 1944 2429; baseline -0.004 -15"><span class='ocrx_word' id='word_1_267' title='bbox 354 2369 489 2429; x_wconf 81' lang='lat' dir='ltr'><strong>gunt</strong></span> <span class='ocrx_word' id='word_1_268' title='bbox 519 2359 721 2428; x_wconf 84' lang='lat' dir='ltr'><strong>pariter</strong></span> <span class='ocrx_word' id='word_1_269' title='bbox 742 2373 761 2412; x_wconf 83' lang='lat'><strong>:</strong></span> <span class='ocrx_word' id='word_1_270' title='bbox 792 2357 886 2414; x_wconf 85' lang='lat' dir='ltr'><strong>sed</strong></span> <span class='ocrx_word' id='word_1_271' title='bbox 918 2356 1115 2412; x_wconf 87' lang='lat' dir='ltr'><strong>nostris</strong></span> <span class='ocrx_word' id='word_1_272' title='bbox 1146 2356 1299 2412; x_wconf 81' lang='lat' dir='ltr'><strong>valde</strong></span> <span class='ocrx_word' id='word_1_273' title='bbox 1327 2357 1501 2423; x_wconf 61' lang='lat' dir='ltr'><strong>caesis,</strong></span> <span class='ocrx_word' id='word_1_274' title='bbox 1528 2357 1678 2410; x_wconf 86' lang='lat' dir='ltr'><strong>multi</strong></span> <span class='ocrx_word' id='word_1_275' title='bbox 1710 2364 1944 2425; x_wconf 89' lang='lat' dir='ltr'><strong>prostra-</strong></span> 
     </span>
    </p>
   </div>
   <div class='ocr_carea' id='block_1_41' title="bbox 358 2448 1942 2521">
    <p class='ocr_par' dir='ltr' id='par_1_41' title="bbox 358 2448 1942 2521">
     <span class='ocr_line' id='line_1_41' title="bbox 358 2448 1942 2521; baseline -0.004 -13"><span class='ocrx_word' id='word_1_276' title='bbox 358 2455 397 2508; x_wconf 89' lang='lat' dir='ltr'><strong>ti</strong></span> <span class='ocrx_word' id='word_1_277' title='bbox 416 2496 433 2521; x_wconf 88' lang='lat'><strong>,</strong></span> <span class='ocrx_word' id='word_1_278' title='bbox 469 2453 713 2508; x_wconf 88' lang='lat' dir='ltr'><strong>nonnulli</strong></span> <span class='ocrx_word' id='word_1_279' title='bbox 743 2452 911 2520; x_wconf 78' lang='lat' dir='ltr'><strong>capti,</strong></span> <span class='ocrx_word' id='word_1_280' title='bbox 939 2451 1152 2520; x_wconf 76' lang='lat' dir='ltr'><strong>plurimi</strong></span> <span class='ocrx_word' id='word_1_281' title='bbox 1183 2452 1341 2506; x_wconf 81' lang='lat' dir='ltr'><strong>etiam</strong></span> <span class='ocrx_word' id='word_1_282' title='bbox 1368 2466 1462 2520; x_wconf 88' lang='lat' dir='ltr'><strong>per</strong></span> <span class='ocrx_word' id='word_1_283' title='bbox 1485 2450 1658 2519; x_wconf 88' lang='lat' dir='ltr'><strong>fugam</strong></span> <span class='ocrx_word' id='word_1_284' title='bbox 1693 2448 1824 2510; x_wconf 72' lang='lat' dir='ltr'><strong>lapsi</strong></span> <span class='ocrx_word' id='word_1_285' title='bbox 1854 2449 1942 2502; x_wconf 90' lang='lat' dir='ltr'><strong>vix</strong></span> 
     </span>
    </p>
   </div>
   <div class='ocr_carea' id='block_1_42' title="bbox 354 2540 1945 2613">
    <p class='ocr_par' dir='ltr' id='par_1_42' title="bbox 354 2540 1945 2613">
     <span class='ocr_line' id='line_1_42' title="bbox 354 2540 1945 2613; baseline -0.003 -13"><span class='ocrx_word' id='word_1_286' title='bbox 354 2544 410 2600; x_wconf 85' lang='lat' dir='ltr'><strong>iu</strong></span> <span class='ocrx_word' id='word_1_287' title='bbox 457 2546 685 2613; x_wconf 89' lang='lat' dir='ltr'><strong>patriam</strong></span> <span class='ocrx_word' id='word_1_288' title='bbox 730 2542 1024 2597; x_wconf 87' lang='lat' dir='ltr'><strong>redierunt.</strong></span> <span class='ocrx_word' id='word_1_289' title='bbox 1072 2542 1345 2611; x_wconf 70' lang='lat' dir='ltr'><strong>Tantaque</strong></span> <span class='ocrx_word' id='word_1_290' title='bbox 1394 2542 1466 2596; x_wconf 89' lang='lat' dir='ltr'><strong>ibi</strong></span> <span class='ocrx_word' id='word_1_291' title='bbox 1509 2540 1606 2595; x_wconf 88' lang='lat' dir='ltr'><strong>fuit</strong></span> <span class='ocrx_word' id='word_1_292' title='bbox 1638 2551 1847 2609; x_wconf 85' lang='lat' dir='ltr'><strong>strages</strong></span> <span class='ocrx_word' id='word_1_293' title='bbox 1878 2541 1945 2596; x_wconf 92' lang='lat' dir='ltr'><strong>de</strong></span> 
     </span>
    </p>
   </div>
   <div class='ocr_carea' id='block_1_43' title="bbox 363 2631 1937 2697">
    <p class='ocr_par' dir='ltr' id='par_1_43' title="bbox 363 2631 1937 2697">
     <span class='ocr_line' id='line_1_43' title="bbox 363 2631 1937 2697; baseline -0.004 -8"><span class='ocrx_word' id='word_1_294' title='bbox 363 2635 698 2689; x_wconf 74' lang='lat' dir='ltr'><strong>Francorum</strong></span> <span class='ocrx_word' id='word_1_295' title='bbox 734 2634 973 2690; x_wconf 79' lang='lat' dir='ltr'><strong>exercitu</strong></span> <span class='ocrx_word' id='word_1_296' title='bbox 998 2672 1017 2697; x_wconf 88' lang='lat'><strong>,</strong></span> <span class='ocrx_word' id='word_1_297' title='bbox 1062 2642 1118 2687; x_wconf 88' lang='lat' dir='ltr'><strong>ut</strong></span> <span class='ocrx_word' id='word_1_298' title='bbox 1142 2632 1268 2687; x_wconf 89' lang='lat' dir='ltr'><strong>olim</strong></span> <span class='ocrx_word' id='word_1_299' title='bbox 1291 2631 1483 2687; x_wconf 84' lang='lat' dir='ltr'><strong>similis</strong></span> <span class='ocrx_word' id='word_1_300' title='bbox 1510 2647 1616 2685; x_wconf 84' lang='lat' dir='ltr'><strong>non</strong></span> <span class='ocrx_word' id='word_1_301' title='bbox 1651 2633 1937 2688; x_wconf 73' lang='lat' dir='ltr'><strong>recolatnr.</strong></span> 
     </span>
    </p>
   </div>
   <div class='ocr_carea' id='block_1_44' title="bbox 429 2744 1945 2817">
    <p class='ocr_par' dir='ltr' id='par_1_44' title="bbox 429 2744 1945 2817">
     <span class='ocr_line' id='line_1_44' title="bbox 429 2744 1945 2817; baseline 0 -15"><span class='ocrx_word' id='word_1_302' title='bbox 429 2746 625 2803; x_wconf 74' lang='lat' dir='ltr'><strong>XXVI.</strong></span> <span class='ocrx_word' id='word_1_303' title='bbox 687 2748 840 2802; x_wconf 78' lang='lat' dir='ltr'><strong>Anno</strong></span> <span class='ocrx_word' id='word_1_304' title='bbox 872 2756 1086 2816; x_wconf 81' lang='lat' dir='ltr'><strong>quoque</strong></span> <span class='ocrx_word' id='word_1_305' title='bbox 1124 2753 1314 2817; x_wconf 84' lang='lat' dir='ltr'><strong>quartu</strong></span> <span class='ocrx_word' id='word_1_306' title='bbox 1356 2745 1567 2801; x_wconf 84' lang='lat' dir='ltr'><strong>decimo</strong></span> <span class='ocrx_word' id='word_1_307' title='bbox 1614 2744 1945 2802; x_wconf 70' lang='lat' dir='ltr'><strong>Otildebertl</strong></span> 
     </span>
    </p>
   </div>
   <div class='ocr_carea' id='block_1_45' title="bbox 354 2837 1941 2909">
    <p class='ocr_par' dir='ltr' id='par_1_45' title="bbox 354 2837 1941 2909">
     <span class='ocr_line' id='line_1_45' title="bbox 354 2837 1941 2909; baseline -0.001 -16"><span class='ocrx_word' id='word_1_308' title='bbox 354 2840 501 2909; x_wconf 83' lang='lat' dir='ltr'><strong>regis</strong></span> <span class='ocrx_word' id='word_1_309' title='bbox 530 2838 823 2909; x_wconf 82' lang='lat' dir='ltr'><strong>lngoberga</strong></span> <span class='ocrx_word' id='word_1_310' title='bbox 852 2837 1031 2909; x_wconf 77' lang='lat' dir='ltr'><strong>regina</strong></span> <span class='ocrx_word' id='word_1_311' title='bbox 1050 2872 1071 2907; x_wconf 64' lang='grc' dir='ltr'><strong>ι,</strong></span> <span class='ocrx_word' id='word_1_312' title='bbox 1100 2837 1403 2892; x_wconf 85' lang='lat' dir='ltr'><strong>Cbariberti</strong></span> <span class='ocrx_word' id='word_1_313' title='bbox 1424 2837 1693 2907; x_wconf 77' lang='lat' dir='ltr'><strong>quondam</strong></span> <span class='ocrx_word' id='word_1_314' title='bbox 1726 2840 1941 2900; x_wconf 73' lang='lat' dir='ltr'><strong>relicta,</strong></span> 
     </span>
    </p>
   </div>
   <div class='ocr_carea' id='block_1_46' title="bbox 354 2924 1945 2997">
    <p class='ocr_par' dir='ltr' id='par_1_46' title="bbox 354 2924 1945 2997">
     <span class='ocr_line' id='line_1_46' title="bbox 354 2924 1945 2997; baseline 0.001 -15"><span class='ocrx_word' id='word_1_315' title='bbox 354 2928 610 2997; x_wconf 81' lang='lat' dir='ltr'><strong>migravit</strong></span> <span class='ocrx_word' id='word_1_316' title='bbox 651 2945 682 2981; x_wconf 89' lang='lat' dir='ltr'><strong>a</strong></span> <span class='ocrx_word' id='word_1_317' title='bbox 720 2927 920 2983; x_wconf 71' lang='lat' dir='ltr'><strong>saeculo</strong></span> <span class='ocrx_word' id='word_1_318' title='bbox 943 2967 957 2993; x_wconf 93' lang='lat'><strong>,</strong></span> <span class='ocrx_word' id='word_1_319' title='bbox 985 2927 1179 2982; x_wconf 85' lang='lat' dir='ltr'><strong>mulier</strong></span> <span class='ocrx_word' id='word_1_320' title='bbox 1206 2926 1359 2983; x_wconf 86' lang='lat' dir='ltr'><strong>valde</strong></span> <span class='ocrx_word' id='word_1_321' title='bbox 1385 2935 1541 2981; x_wconf 80' lang='lat' dir='ltr'><strong>cauta</strong></span> <span class='ocrx_word' id='word_1_322' title='bbox 1579 2924 1606 2964; x_wconf 69' lang='grc' dir='ltr'><em>ά</em></span> <span class='ocrx_word' id='word_1_323' title='bbox 1629 2942 1695 2983; x_wconf 89' lang='lat' dir='ltr'><strong>ac</strong></span> <span class='ocrx_word' id='word_1_324' title='bbox 1721 2929 1826 2983; x_wconf 89' lang='lat' dir='ltr'><strong>vita</strong></span> <span class='ocrx_word' id='word_1_325' title='bbox 1860 2943 1945 2983; x_wconf 64' lang='lat' dir='ltr'><strong>reo</strong></span> 
     </span>
    </p>
   </div>
   <div class='ocr_carea' id='block_1_47' title="bbox 353 3016 1995 3089">
    <p class='ocr_par' dir='ltr' id='par_1_47' title="bbox 353 3016 1995 3089">
     <span class='ocr_line' id='line_1_47' title="bbox 353 3016 1995 3089; baseline -0.002 -14"><span class='ocrx_word' id='word_1_326' title='bbox 353 3019 548 3089; x_wconf 85' lang='lat' dir='ltr'><strong>Iigiosa</strong></span> <span class='ocrx_word' id='word_1_327' title='bbox 581 3018 826 3089; x_wconf 54' lang='lat' dir='ltr'><strong>praedita.</strong></span> <span class='ocrx_word' id='word_1_328' title='bbox 857 3017 1049 3087; x_wconf 82' lang='lat' dir='ltr'><strong>vigiliis</strong></span> <span class='ocrx_word' id='word_1_329' title='bbox 1076 3026 1132 3073; x_wconf 90' lang='lat' dir='ltr'><strong>et</strong></span> <span class='ocrx_word' id='word_1_330' title='bbox 1156 3016 1490 3073; x_wconf 80' lang='lat' dir='ltr'><strong>orationibus</strong></span> <span class='ocrx_word' id='word_1_331' title='bbox 1516 3025 1677 3086; x_wconf 86' lang='lat' dir='ltr'><strong>atque</strong></span> <span class='ocrx_word' id='word_1_332' title='bbox 1705 3019 1939 3073; x_wconf 81' lang='lat' dir='ltr'><strong>eleemo-</strong></span> <span class='ocrx_word' id='word_1_333' title='bbox 1988 3030 1995 3035; x_wconf 90' lang='grc'><strong>·</strong></span> 
     </span>
    </p>
   </div>
   <div class='ocr_carea' id='block_1_48' title="bbox 353 3107 1942 3178">
    <p class='ocr_par' dir='ltr' id='par_1_48' title="bbox 353 3107 1942 3178">
     <span class='ocr_line' id='line_1_48' title="bbox 353 3107 1942 3178; baseline 0 -15"><span class='ocrx_word' id='word_1_334' title='bbox 353 3108 511 3178; x_wconf 82' lang='lat' dir='ltr'><strong>synls</strong></span> <span class='ocrx_word' id='word_1_335' title='bbox 560 3122 665 3161; x_wconf 88' lang='lat' dir='ltr'><strong>non</strong></span> <span class='ocrx_word' id='word_1_336' title='bbox 715 3107 931 3175; x_wconf 71' lang='lat' dir='ltr'><strong>ignara:</strong></span> <span class='ocrx_word' id='word_1_337' title='bbox 962 3122 1120 3176; x_wconf 56' lang='lat' dir='ltr'><strong>quas,</strong></span> <span class='ocrx_word' id='word_1_338' title='bbox 1175 3108 1381 3174; x_wconf 90' lang='lat' dir='ltr'><strong>credo,</strong></span> <span class='ocrx_word' id='word_1_339' title='bbox 1434 3121 1527 3175; x_wconf 88' lang='lat' dir='ltr'><strong>per</strong></span> <span class='ocrx_word' id='word_1_340' title='bbox 1558 3107 1942 3177; x_wconf 85' lang='lat' dir='ltr'><strong>providentiam</strong></span> 
     </span>
    </p>
   </div>
   <div class='ocr_carea' id='block_1_49' title="bbox 2043 1914 3630 1991">
    <p class='ocr_par' dir='ltr' id='par_1_49' title="bbox 2043 1914 3630 1991">
     <span class='ocr_line' id='line_1_49' title="bbox 2043 1914 3630 1991; baseline 0.001 -18"><span class='ocrx_word' id='word_1_341' title='bbox 2043 1931 2210 1973; x_wconf 72' lang='lat' dir='ltr'><strong>oens:</strong></span> <span class='ocrx_word' id='word_1_342' title='bbox 2267 1918 2346 1974; x_wconf 82' lang='lat' dir='ltr'><strong>Ne</strong></span> <span class='ocrx_word' id='word_1_343' title='bbox 2387 1918 2599 1975; x_wconf 84' lang='lat' dir='ltr'><strong>faciatis</strong></span> <span class='ocrx_word' id='word_1_344' title='bbox 2626 1955 2641 1985; x_wconf 87' lang='lat'><strong>,</strong></span> <span class='ocrx_word' id='word_1_345' title='bbox 2686 1936 2886 1991; x_wconf 69' lang='lat' dir='ltr'><strong>quasso.</strong></span> <span class='ocrx_word' id='word_1_346' title='bbox 2947 1914 3058 1989; x_wconf 80' lang='lat' dir='ltr'><strong>Ego</strong></span> <span class='ocrx_word' id='word_1_347' title='bbox 3087 1921 3233 1976; x_wconf 84' lang='lat' dir='ltr'><strong>enim</strong></span> <span class='ocrx_word' id='word_1_348' title='bbox 3267 1920 3511 1989; x_wconf 85' lang='lat' dir='ltr'><strong>peccavi,</strong></span> <span class='ocrx_word' id='word_1_349' title='bbox 3540 1921 3630 1984; x_wconf 72' lang='lat' dir='ltr'><strong>qui</strong></span> 
     </span>
    </p>
   </div>
   <div class='ocr_carea' id='block_1_50' title="bbox 2047 2009 3630 2078">
    <p class='ocr_par' dir='ltr' id='par_1_50' title="bbox 2047 2009 3630 2078">
     <span class='ocr_line' id='line_1_50' title="bbox 2047 2009 3630 2078; baseline 0.003 -18"><span class='ocrx_word' id='word_1_350' title='bbox 2047 2009 2150 2061; x_wconf 87' lang='lat' dir='ltr'><strong>vim</strong></span> <span class='ocrx_word' id='word_1_351' title='bbox 2201 2009 2432 2071; x_wconf 80' lang='lat' dir='ltr'><strong>castitati</strong></span> <span class='ocrx_word' id='word_1_352' title='bbox 2480 2010 2677 2067; x_wconf 76' lang='lat' dir='ltr'><strong>inferre</strong></span> <span class='ocrx_word' id='word_1_353' title='bbox 2724 2020 2948 2066; x_wconf 85' lang='lat' dir='ltr'><strong>conatus</strong></span> <span class='ocrx_word' id='word_1_354' title='bbox 2991 2027 3132 2067; x_wconf 88' lang='lat' dir='ltr'><strong>sum.</strong></span> <span class='ocrx_word' id='word_1_355' title='bbox 3192 2012 3323 2066; x_wconf 85' lang='lat' dir='ltr'><strong>Nam</strong></span> <span class='ocrx_word' id='word_1_356' title='bbox 3363 2011 3477 2066; x_wconf 73' lang='lat' dir='ltr'><strong>btec</strong></span> <span class='ocrx_word' id='word_1_357' title='bbox 3512 2027 3630 2078; x_wconf 77' lang='lat' dir='ltr'><strong>qum</strong></span> 
     </span>
    </p>
   </div>
   <div class='ocr_carea' id='block_1_51' title="bbox 2045 2100 3627 2169">
    <p class='ocr_par' dir='ltr' id='par_1_51' title="bbox 2045 2100 3627 2169">
     <span class='ocr_line' id='line_1_51' title="bbox 2045 2100 3627 2169; baseline 0.003 -19"><span class='ocrx_word' id='word_1_358' title='bbox 2045 2100 2351 2166; x_wconf 87' lang='lat' dir='ltr'><strong>pudicitiam</strong></span> <span class='ocrx_word' id='word_1_359' title='bbox 2400 2101 2601 2154; x_wconf 85' lang='lat' dir='ltr'><strong>studuit</strong></span> <span class='ocrx_word' id='word_1_360' title='bbox 2642 2118 2961 2155; x_wconf 88' lang='lat' dir='ltr'><strong>conservare</strong></span> <span class='ocrx_word' id='word_1_361' title='bbox 2987 2143 3001 2167; x_wconf 95' lang='lat'><strong>,</strong></span> <span class='ocrx_word' id='word_1_362' title='bbox 3031 2103 3249 2155; x_wconf 90' lang='lat' dir='ltr'><strong>omnino</strong></span> <span class='ocrx_word' id='word_1_363' title='bbox 3280 2119 3384 2156; x_wconf 87' lang='lat' dir='ltr'><strong>non</strong></span> <span class='ocrx_word' id='word_1_364' title='bbox 3420 2111 3627 2169; x_wconf 86' lang='lat' dir='ltr'><strong>pereat.</strong></span> 
     </span>
    </p>
   </div>
   <div class='ocr_carea' id='block_1_52' title="bbox 2046 2190 3629 2262">
    <p class='ocr_par' dir='ltr' id='par_1_52' title="bbox 2046 2190 3629 2262">
     <span class='ocr_line' id='line_1_52' title="bbox 2046 2190 3629 2262; baseline 0.002 -18"><span class='ocrx_word' id='word_1_365' title='bbox 2046 2190 2172 2245; x_wconf 75' lang='lat' dir='ltr'><strong>Haec</strong></span> <span class='ocrx_word' id='word_1_366' title='bbox 2199 2191 2384 2247; x_wconf 74' lang='lat' dir='ltr'><strong>dicens</strong></span> <span class='ocrx_word' id='word_1_367' title='bbox 2402 2232 2417 2256; x_wconf 92' lang='lat'><strong>,</strong></span> <span class='ocrx_word' id='word_1_368' title='bbox 2451 2191 2698 2261; x_wconf 81' lang='lat' dir='ltr'><strong>spiritum</strong></span> <span class='ocrx_word' id='word_1_369' title='bbox 2724 2193 3021 2249; x_wconf 75' lang='lat' dir='ltr'><strong>exhalavit.</strong></span> <span class='ocrx_word' id='word_1_370' title='bbox 3045 2192 3289 2262; x_wconf 88' lang='lat' dir='ltr'><strong>Cttmque</strong></span> <span class='ocrx_word' id='word_1_371' title='bbox 3315 2208 3479 2261; x_wconf 82' lang='lat' dir='ltr'><strong>super</strong></span> <span class='ocrx_word' id='word_1_372' title='bbox 3504 2208 3629 2247; x_wconf 91' lang='lat' dir='ltr'><strong>eum</strong></span> 
     </span>
    </p>
   </div>
   <div class='ocr_carea' id='block_1_53' title="bbox 2049 2276 3622 2354">
    <p class='ocr_par' dir='ltr' id='par_1_53' title="bbox 2049 2276 3622 2354">
     <span class='ocr_line' id='line_1_53' title="bbox 2049 2276 3622 2354; baseline -0.001 -16"><span class='ocrx_word' id='word_1_373' title='bbox 2049 2276 2244 2339; x_wconf 53' lang='lat' dir='ltr'><strong>lamnis</strong></span> <span class='ocrx_word' id='word_1_374' title='bbox 2282 2285 2564 2354; x_wconf 79' lang='lat' dir='ltr'><strong>conjuncta</strong></span> <span class='ocrx_word' id='word_1_375' title='bbox 2601 2280 3019 2351; x_wconf 80' lang='lat' dir='ltr'><strong>lamentaretur,</strong></span> <span class='ocrx_word' id='word_1_376' title='bbox 3051 2286 3316 2354; x_wconf 67' lang='lat' dir='ltr'><strong>adiutorio</strong></span> <span class='ocrx_word' id='word_1_377' title='bbox 3347 2286 3439 2339; x_wconf 86' lang='lat' dir='ltr'><strong>Dei</strong></span> <span class='ocrx_word' id='word_1_378' title='bbox 3471 2294 3622 2339; x_wconf 81' lang='lat' dir='ltr'><strong>eruta</strong></span> 
     </span>
    </p>
   </div>
   <div class='ocr_carea' id='block_1_54' title="bbox 2050 2368 3624 2447">
    <p class='ocr_par' dir='ltr' id='par_1_54' title="bbox 2050 2368 3624 2447">
     <span class='ocr_line' id='line_1_54' title="bbox 2050 2368 3624 2447; baseline 0.002 -19"><span class='ocrx_word' id='word_1_379' title='bbox 2050 2368 2220 2445; x_wconf 83' lang='lat' dir='ltr'><strong>puella</strong></span> <span class='ocrx_word' id='word_1_380' title='bbox 2251 2377 2469 2431; x_wconf 83' lang='lat' dir='ltr'><strong>domum</strong></span> <span class='ocrx_word' id='word_1_381' title='bbox 2494 2370 2787 2447; x_wconf 70' lang='lat' dir='ltr'><strong>egreditur,</strong></span> <span class='ocrx_word' id='word_1_382' title='bbox 2819 2382 2873 2432; x_wconf 90' lang='lat' dir='ltr'><strong>et</strong></span> <span class='ocrx_word' id='word_1_383' title='bbox 2904 2387 3000 2447; x_wconf 81' lang='lat' dir='ltr'><strong>per</strong></span> <span class='ocrx_word' id='word_1_384' title='bbox 3037 2384 3247 2432; x_wconf 86' lang='lat' dir='ltr'><strong>noctem</strong></span> <span class='ocrx_word' id='word_1_385' title='bbox 3279 2376 3624 2431; x_wconf 80' lang='lat' dir='ltr'><strong>Cabillonen-</strong></span> 
     </span>
    </p>
   </div>
   <div class='ocr_carea' id='block_1_55' title="bbox 2046 2460 3629 2536">
    <p class='ocr_par' dir='ltr' id='par_1_55' title="bbox 2046 2460 3629 2536">
     <span class='ocr_line' id='line_1_55' title="bbox 2046 2460 3629 2536; baseline 0 -17"><span class='ocrx_word' id='word_1_386' title='bbox 2046 2471 2158 2519; x_wconf 74' lang='lat' dir='ltr'><strong>S&#39;eni</strong></span> <span class='ocrx_word' id='word_1_387' title='bbox 2191 2465 2375 2520; x_wconf 84' lang='lat' dir='ltr'><strong>urbem</strong></span> <span class='ocrx_word' id='word_1_388' title='bbox 2402 2466 2560 2530; x_wconf 82' lang='lat' dir='ltr'><strong>adiit,</strong></span> <span class='ocrx_word' id='word_1_389' title='bbox 2597 2474 2717 2534; x_wconf 70' lang='lat' dir='ltr'><strong>quae</strong></span> <span class='ocrx_word' id='word_1_390' title='bbox 2748 2471 2831 2521; x_wconf 66' lang='lat' dir='ltr'><strong>est</strong></span> <span class='ocrx_word' id='word_1_391' title='bbox 2859 2468 2957 2522; x_wconf 74' lang='lat' dir='ltr'><strong>sita</strong></span> <span class='ocrx_word' id='word_1_392' title='bbox 2999 2467 3066 2521; x_wconf 82' lang='lat' dir='ltr'><strong>ab</strong></span> <span class='ocrx_word' id='word_1_393' title='bbox 3088 2474 3157 2522; x_wconf 74' lang='lat' dir='ltr'><strong>eo</strong></span> <span class='ocrx_word' id='word_1_394' title='bbox 3186 2460 3306 2521; x_wconf 85' lang='lat' dir='ltr'><strong>loco</strong></span> <span class='ocrx_word' id='word_1_395' title='bbox 3332 2466 3483 2536; x_wconf 81' lang='lat' dir='ltr'><strong>quasi</strong></span> <span class='ocrx_word' id='word_1_396' title='bbox 3512 2465 3629 2519; x_wconf 81' lang='lat' dir='ltr'><strong>mil-</strong></span> 
     </span>
    </p>
   </div>
   <div class='ocr_carea' id='block_1_56' title="bbox 2046 2546 3748 2626">
    <p class='ocr_par' dir='ltr' id='par_1_56' title="bbox 2046 2546 3748 2626">
     <span class='ocr_line' id='line_1_56' title="bbox 2046 2546 3748 2626; baseline -0.001 -17"><span class='ocrx_word' id='word_1_397' title='bbox 2046 2555 2112 2609; x_wconf 81' lang='lat' dir='ltr'><strong>lia</strong></span> <span class='ocrx_word' id='word_1_398' title='bbox 2137 2554 2165 2592; x_wconf 76' lang='grc'><strong>¹³</strong></span> <span class='ocrx_word' id='word_1_399' title='bbox 2194 2553 2410 2626; x_wconf 78' lang='lat' dir='ltr'><strong>triginta</strong></span> <span class='ocrx_word' id='word_1_400' title='bbox 2457 2557 2727 2624; x_wconf 78' lang='lat' dir='ltr'><strong>quinque:</strong></span> <span class='ocrx_word' id='word_1_401' title='bbox 2762 2546 2941 2625; x_wconf 72' lang='lat' dir='ltr'><strong>ibique</strong></span> <span class='ocrx_word' id='word_1_402' title='bbox 2978 2556 3253 2612; x_wconf 78' lang='lat' dir='ltr'><strong>basilicam</strong></span> <span class='ocrx_word' id='word_1_403' title='bbox 3295 2556 3464 2611; x_wconf 77' lang='lat' dir='ltr'><strong>Sancti</strong></span> <span class='ocrx_word' id='word_1_404' title='bbox 3495 2554 3629 2608; x_wconf 41' lang='lat' dir='ltr'><strong>Mars</strong></span> <span class='ocrx_word' id='word_1_405' title='bbox 3734 2566 3748 2585; x_wconf 85' lang='lat'><strong><em>&#39;</em></strong></span> 
     </span>
    </p>
   </div>
   <div class='ocr_carea' id='block_1_57' title="bbox 2046 2644 3629 2715">
    <p class='ocr_par' dir='ltr' id='par_1_57' title="bbox 2046 2644 3629 2715">
     <span class='ocr_line' id='line_1_57' title="bbox 2046 2644 3629 2715; baseline -0.001 -16"><span class='ocrx_word' id='word_1_406' title='bbox 2046 2645 2172 2699; x_wconf 71' lang='lat' dir='ltr'><strong>colli</strong></span> <span class='ocrx_word' id='word_1_407' title='bbox 2203 2644 2439 2713; x_wconf 78' lang='lat' dir='ltr'><strong>ingressa</strong></span> <span class='ocrx_word' id='word_1_408' title='bbox 2462 2686 2478 2711; x_wconf 95' lang='lat'><strong>,</strong></span> <span class='ocrx_word' id='word_1_409' title='bbox 2511 2647 2657 2715; x_wconf 81' lang='lat' dir='ltr'><strong>regis</strong></span> <span class='ocrx_word' id='word_1_410' title='bbox 2695 2652 2963 2715; x_wconf 66' lang='lat' dir='ltr'><strong>proStrnta</strong></span> <span class='ocrx_word' id='word_1_411' title='bbox 3008 2646 3257 2715; x_wconf 78' lang='lat' dir='ltr'><strong>pedibus,</strong></span> <span class='ocrx_word' id='word_1_412' title='bbox 3290 2650 3478 2699; x_wconf 87' lang='lat' dir='ltr'><strong>cuncta</strong></span> <span class='ocrx_word' id='word_1_413' title='bbox 3511 2658 3629 2712; x_wconf 76' lang='lat' dir='ltr'><strong>qure</strong></span> 
     </span>
    </p>
   </div>
   <div class='ocr_carea' id='block_1_58' title="bbox 2046 2736 3627 2805">
    <p class='ocr_par' dir='ltr' id='par_1_58' title="bbox 2046 2736 3627 2805">
     <span class='ocr_line' id='line_1_58' title="bbox 2046 2736 3627 2805; baseline -0.002 -15"><span class='ocrx_word' id='word_1_414' title='bbox 2046 2737 2340 2805; x_wconf 77' lang='lat' dir='ltr'><strong>pertulerat</strong></span> <span class='ocrx_word' id='word_1_415' title='bbox 2384 2737 2589 2805; x_wconf 83' lang='lat' dir='ltr'><strong>pandit.</strong></span> <span class='ocrx_word' id='word_1_416' title='bbox 2632 2736 2784 2792; x_wconf 76' lang='lat' dir='ltr'><strong>Tune</strong></span> <span class='ocrx_word' id='word_1_417' title='bbox 2827 2746 2919 2791; x_wconf 71' lang='lat' dir='ltr'><strong>res</strong></span> <span class='ocrx_word' id='word_1_418' title='bbox 2963 2736 3496 2791; x_wconf 72' lang='lat' dir='ltr'><strong>misericordissimis</strong></span> <span class='ocrx_word' id='word_1_419' title='bbox 3525 2748 3627 2788; x_wconf 84' lang='lat' dir='ltr'><strong>non</strong></span> 
     </span>
    </p>
   </div>
   <div class='ocr_carea' id='block_1_59' title="bbox 2047 2828 3626 2897">
    <p class='ocr_par' dir='ltr' id='par_1_59' title="bbox 2047 2828 3626 2897">
     <span class='ocr_line' id='line_1_59' title="bbox 2047 2828 3626 2897; baseline 0 -16"><span class='ocrx_word' id='word_1_420' title='bbox 2047 2828 2221 2882; x_wconf 81' lang='lat' dir='ltr'><strong>solum</strong></span> <span class='ocrx_word' id='word_1_421' title='bbox 2253 2829 2302 2883; x_wconf 91' lang='lat' dir='ltr'><strong>ei</strong></span> <span class='ocrx_word' id='word_1_422' title='bbox 2328 2831 2489 2885; x_wconf 85' lang='lat' dir='ltr'><strong>vitam</strong></span> <span class='ocrx_word' id='word_1_423' title='bbox 2518 2830 2764 2896; x_wconf 86' lang='lat' dir='ltr'><strong>donavit,</strong></span> <span class='ocrx_word' id='word_1_424' title='bbox 2805 2840 2987 2885; x_wconf 86' lang='lat' dir='ltr'><strong>verum</strong></span> <span class='ocrx_word' id='word_1_425' title='bbox 3020 2830 3182 2884; x_wconf 84' lang='lat' dir='ltr'><strong>etiam</strong></span> <span class='ocrx_word' id='word_1_426' title='bbox 3216 2830 3626 2897; x_wconf 66' lang='lat' dir='ltr'><strong>prreceptionem</strong></span> 
     </span>
    </p>
   </div>
   <div class='ocr_carea' id='block_1_60' title="bbox 2046 2912 3625 2989">
    <p class='ocr_par' dir='ltr' id='par_1_60' title="bbox 2046 2912 3625 2989">
     <span class='ocr_line' id='line_1_60' title="bbox 2046 2912 3625 2989; baseline 0.001 -17"><span class='ocrx_word' id='word_1_427' title='bbox 2046 2919 2204 2972; x_wconf 83' lang='lat' dir='ltr'><strong>tribui</strong></span> <span class='ocrx_word' id='word_1_428' title='bbox 2234 2919 2414 2988; x_wconf 71' lang='lat' dir='ltr'><strong>jutssit,</strong></span> <span class='ocrx_word' id='word_1_429' title='bbox 2447 2921 2578 2975; x_wconf 86' lang='lat' dir='ltr'><strong>utin</strong></span> <span class='ocrx_word' id='word_1_430' title='bbox 2611 2922 2773 2975; x_wconf 82' lang='lat' dir='ltr'><strong>verbo</strong></span> <span class='ocrx_word' id='word_1_431' title='bbox 2799 2934 2897 2976; x_wconf 86' lang='lat' dir='ltr'><strong>suo</strong></span> <span class='ocrx_word' id='word_1_432' title='bbox 2927 2922 3096 2987; x_wconf 77' lang='lat' dir='ltr'><strong>posita</strong></span> <span class='ocrx_word' id='word_1_433' title='bbox 3120 2960 3135 2985; x_wconf 90' lang='lat'><strong>,</strong></span> <span class='ocrx_word' id='word_1_434' title='bbox 3158 2932 3186 2975; x_wconf 85' lang='lat' dir='ltr'><strong>a</strong></span> <span class='ocrx_word' id='word_1_435' title='bbox 3216 2912 3364 2975; x_wconf 89' lang='lat' dir='ltr'><strong>nullo</strong></span> <span class='ocrx_word' id='word_1_436' title='bbox 3392 2932 3625 2989; x_wconf 86' lang='lat' dir='ltr'><strong>unquam</strong></span> 
     </span>
    </p>
   </div>
   <div class='ocr_carea' id='block_1_61' title="bbox 2048 3008 3629 3081">
    <p class='ocr_par' dir='ltr' id='par_1_61' title="bbox 2048 3008 3629 3081">
     <span class='ocr_line' id='line_1_61' title="bbox 2048 3008 3629 3081; baseline 0.004 -22"><span class='ocrx_word' id='word_1_437' title='bbox 2048 3020 2328 3077; x_wconf 80' lang='lat' dir='ltr'><strong>parentum</strong></span> <span class='ocrx_word' id='word_1_438' title='bbox 2358 3008 2593 3065; x_wconf 65' lang='lat' dir='ltr'><strong>di-Itmcti</strong></span> <span class='ocrx_word' id='word_1_439' title='bbox 2623 3010 2760 3066; x_wconf 79' lang='lat' dir='ltr'><strong>illius</strong></span> <span class='ocrx_word' id='word_1_440' title='bbox 2797 3012 2848 3066; x_wconf 90' lang='lat' dir='ltr'><strong>in</strong></span> <span class='ocrx_word' id='word_1_441' title='bbox 2880 3012 3056 3081; x_wconf 79' lang='lat' dir='ltr'><strong>aliquo</strong></span> <span class='ocrx_word' id='word_1_442' title='bbox 3085 3012 3385 3066; x_wconf 80' lang='lat' dir='ltr'><strong>molestiam</strong></span> <span class='ocrx_word' id='word_1_443' title='bbox 3419 3020 3629 3079; x_wconf 81' lang='lat' dir='ltr'><strong>patere-</strong></span> 
     </span>
    </p>
   </div>
   <div class='ocr_carea' id='block_1_62' title="bbox 2048 3100 3626 3172">
    <p class='ocr_par' dir='ltr' id='par_1_62' title="bbox 2048 3100 3626 3172">
     <span class='ocr_line' id='line_1_62' title="bbox 2048 3100 3626 3172; baseline 0.001 -18"><span class='ocrx_word' id='word_1_444' title='bbox 2048 3110 2151 3154; x_wconf 89' lang='lat' dir='ltr'><strong>tur.</strong></span> <span class='ocrx_word' id='word_1_445' title='bbox 2203 3100 2579 3156; x_wconf 80' lang='lat' dir='ltr'><strong>Verumtamen</strong></span> <span class='ocrx_word' id='word_1_446' title='bbox 2634 3102 2735 3157; x_wconf 91' lang='lat' dir='ltr'><strong>hoc</strong></span> <span class='ocrx_word' id='word_1_447' title='bbox 2784 3102 2895 3157; x_wconf 86' lang='lat' dir='ltr'><strong>Deo</strong></span> <span class='ocrx_word' id='word_1_448' title='bbox 2940 3110 3225 3171; x_wconf 79' lang='lat' dir='ltr'><strong>praestante</strong></span> <span class='ocrx_word' id='word_1_449' title='bbox 3253 3102 3626 3172; x_wconf 62' lang='lat' dir='ltr'><strong>cognotimus,</strong></span> 
     </span>
    </p>
   </div>
   <div class='ocr_carea' id='block_1_63' title="bbox 357 3180 3625 3270">
    <p class='ocr_par' dir='ltr' id='par_1_63' title="bbox 357 3180 3625 3270">
     <span class='ocr_line' id='line_1_63' title="bbox 357 3180 3625 3270; baseline -0.004 -9"><span class='ocrx_word' id='word_1_450' title='bbox 357 3202 453 3256; x_wconf 81' lang='lat' dir='ltr'><strong>Dei</strong></span> <span class='ocrx_word' id='word_1_451' title='bbox 503 3201 871 3267; x_wconf 78' lang='lat' dir='ltr'><strong>commonita.</strong></span> <span class='ocrx_word' id='word_1_452' title='bbox 928 3198 1001 3255; x_wconf 70' lang='lat' dir='ltr'><strong>ad</strong></span> <span class='ocrx_word' id='word_1_453' title='bbox 1056 3214 1141 3255; x_wconf 85' lang='lat' dir='ltr'><strong>me</strong></span> <span class='ocrx_word' id='word_1_454' title='bbox 1193 3215 1362 3270; x_wconf 81' lang='lat' dir='ltr'><strong>usque</strong></span> <span class='ocrx_word' id='word_1_455' title='bbox 1409 3201 1624 3255; x_wconf 88' lang='lat' dir='ltr'><strong>nuntios</strong></span> <span class='ocrx_word' id='word_1_456' title='bbox 1666 3200 1936 3270; x_wconf 78' lang='lat' dir='ltr'><strong>dirigens,</strong></span> <span class='ocrx_word' id='word_1_457' title='bbox 1968 3180 2014 3244; x_wconf 75' lang='grc' dir='ltr'><strong>ϐ</strong></span> <span class='ocrx_word' id='word_1_458' title='bbox 2048 3193 2187 3260; x_wconf 83' lang='lat' dir='ltr'><strong>quod</strong></span> <span class='ocrx_word' id='word_1_459' title='bbox 2218 3193 2412 3262; x_wconf 82' lang='lat' dir='ltr'><strong>puellae</strong></span> <span class='ocrx_word' id='word_1_460' title='bbox 2456 3194 2671 3248; x_wconf 79' lang='lat' dir='ltr'><strong>castitas</strong></span> <span class='ocrx_word' id='word_1_461' title='bbox 2720 3204 2823 3249; x_wconf 86' lang='lat' dir='ltr'><strong>non</strong></span> <span class='ocrx_word' id='word_1_462' title='bbox 2863 3204 2944 3249; x_wconf 83' lang='lat' dir='ltr'><strong>est</strong></span> <span class='ocrx_word' id='word_1_463' title='bbox 2975 3195 3042 3249; x_wconf 88' lang='lat' dir='ltr'><strong>ab</strong></span> <span class='ocrx_word' id='word_1_464' title='bbox 3065 3202 3313 3264; x_wconf 87' lang='lat' dir='ltr'><strong>ereptore</strong></span> <span class='ocrx_word' id='word_1_465' title='bbox 3342 3206 3485 3249; x_wconf 76' lang='lat' dir='ltr'><strong>saevo</strong></span> <span class='ocrx_word' id='word_1_466' title='bbox 3511 3193 3625 3266; x_wconf 82' lang='grc' dir='ltr'><strong>[ΑΙ.</strong></span> 
     </span>
    </p>
   </div>
   <div class='ocr_carea' id='block_1_64' title="bbox 356 3290 1943 3362">
    <p class='ocr_par' dir='ltr' id='par_1_64' title="bbox 356 3290 1943 3362">
     <span class='ocr_line' id='line_1_64' title="bbox 356 3290 1943 3362; baseline 0 -16"><span class='ocrx_word' id='word_1_467' title='bbox 356 3302 418 3346; x_wconf 85' lang='grc' dir='ltr'><strong>ιιι</strong></span> <span class='ocrx_word' id='word_1_468' title='bbox 465 3294 518 3346; x_wconf 90' lang='lat' dir='ltr'><strong>in</strong></span> <span class='ocrx_word' id='word_1_469' title='bbox 558 3291 643 3346; x_wconf 66' lang='lat' dir='ltr'><strong>b&#39;n</strong></span> <span class='ocrx_word' id='word_1_470' title='bbox 693 3306 809 3362; x_wconf 70' lang='lat' dir='ltr'><strong>qua</strong></span> <span class='ocrx_word' id='word_1_471' title='bbox 872 3292 938 3346; x_wconf 86' lang='lat' dir='ltr'><strong>de</strong></span> <span class='ocrx_word' id='word_1_472' title='bbox 981 3291 1256 3347; x_wconf 83' lang='lat' dir='ltr'><strong>voluntate</strong></span> <span class='ocrx_word' id='word_1_473' title='bbox 1300 3304 1430 3357; x_wconf 83' lang='lat' dir='ltr'><strong>sua,</strong></span> <span class='ocrx_word' id='word_1_474' title='bbox 1482 3290 1533 3346; x_wconf 87' lang='lat' dir='ltr'><strong>id</strong></span> <span class='ocrx_word' id='word_1_475' title='bbox 1570 3298 1656 3347; x_wconf 87' lang='lat' dir='ltr'><strong>est</strong></span> <span class='ocrx_word' id='word_1_476' title='bbox 1697 3306 1792 3361; x_wconf 87' lang='lat' dir='ltr'><strong>pro</strong></span> <span class='ocrx_word' id='word_1_477' title='bbox 1827 3293 1943 3346; x_wconf 84' lang='lat' dir='ltr'><strong>ani-</strong></span> 
     </span>
    </p>
   </div>
   <div class='ocr_carea' id='block_1_65' title="bbox 354 3382 1940 3454">
    <p class='ocr_par' dir='ltr' id='par_1_65' title="bbox 354 3382 1940 3454">
     <span class='ocr_line' id='line_1_65' title="bbox 354 3382 1940 3454; baseline -0.003 -15"><span class='ocrx_word' id='word_1_478' title='bbox 354 3400 461 3439; x_wconf 68' lang='lat' dir='ltr'><strong>ma:</strong></span> <span class='ocrx_word' id='word_1_479' title='bbox 500 3383 737 3438; x_wconf 82' lang='lat' dir='ltr'><strong>remedio</strong></span> <span class='ocrx_word' id='word_1_480' title='bbox 770 3383 1038 3454; x_wconf 80' lang='lat' dir='ltr'><strong>cogitabat</strong></span> <span class='ocrx_word' id='word_1_481' title='bbox 1060 3418 1078 3451; x_wconf 87' lang='lat'><strong>,</strong></span> <span class='ocrx_word' id='word_1_482' title='bbox 1123 3383 1338 3451; x_wconf 88' lang='lat' dir='ltr'><strong>adjutor</strong></span> <span class='ocrx_word' id='word_1_483' title='bbox 1367 3392 1692 3446; x_wconf 83' lang='lat' dir='ltr'><strong>extsterem;</strong></span> <span class='ocrx_word' id='word_1_484' title='bbox 1748 3382 1827 3436; x_wconf 90' lang='lat' dir='ltr'><strong>sic</strong></span> <span class='ocrx_word' id='word_1_485' title='bbox 1856 3390 1940 3435; x_wconf 85' lang='lat' dir='ltr'><strong>ta-</strong></span> 
     </span>
    </p>
   </div>
   <div class='ocr_carea' id='block_1_66' title="bbox 354 3470 1942 3543">
    <p class='ocr_par' dir='ltr' id='par_1_66' title="bbox 354 3470 1942 3543">
     <span class='ocr_line' id='line_1_66' title="bbox 354 3470 1942 3543; baseline -0.001 -14"><span class='ocrx_word' id='word_1_486' title='bbox 354 3489 481 3529; x_wconf 75' lang='lat' dir='ltr'><strong>men</strong></span> <span class='ocrx_word' id='word_1_487' title='bbox 511 3482 569 3528; x_wconf 91' lang='lat' dir='ltr'><strong>ut</strong></span> <span class='ocrx_word' id='word_1_488' title='bbox 595 3473 663 3528; x_wconf 92' lang='lat' dir='ltr'><strong>ad</strong></span> <span class='ocrx_word' id='word_1_489' title='bbox 692 3474 861 3543; x_wconf 87' lang='lat' dir='ltr'><strong>ipsam</strong></span> <span class='ocrx_word' id='word_1_490' title='bbox 881 3473 1146 3529; x_wconf 87' lang='lat' dir='ltr'><strong>accedens</strong></span> <span class='ocrx_word' id='word_1_491' title='bbox 1168 3511 1181 3537; x_wconf 87' lang='lat'><strong>.</strong></span> <span class='ocrx_word' id='word_1_492' title='bbox 1215 3486 1333 3542; x_wconf 64' lang='lat' dir='ltr'><strong>quae</strong></span> <span class='ocrx_word' id='word_1_493' title='bbox 1362 3471 1589 3527; x_wconf 89' lang='lat' dir='ltr'><strong>consilio</strong></span> <span class='ocrx_word' id='word_1_494' title='bbox 1615 3471 1797 3526; x_wconf 89' lang='lat' dir='ltr'><strong>habito</strong></span> <span class='ocrx_word' id='word_1_495' title='bbox 1825 3470 1942 3527; x_wconf 80' lang='lat' dir='ltr'><strong>ﬁeri</strong></span> 
     </span>
    </p>
   </div>
   <div class='ocr_carea' id='block_1_67' title="bbox 353 3562 1936 3632">
    <p class='ocr_par' dir='ltr' id='par_1_67' title="bbox 353 3562 1936 3632">
     <span class='ocr_line' id='line_1_67' title="bbox 353 3562 1936 3632; baseline -0.001 -14"><span class='ocrx_word' id='word_1_496' title='bbox 353 3563 701 3628; x_wconf 86' lang='lat' dir='ltr'><strong>decernebat,</strong></span> <span class='ocrx_word' id='word_1_497' title='bbox 751 3563 1013 3632; x_wconf 87' lang='lat' dir='ltr'><strong>scriptura</strong></span> <span class='ocrx_word' id='word_1_498' title='bbox 1059 3571 1425 3619; x_wconf 84' lang='lat' dir='ltr'><strong>connecteret.</strong></span> <span class='ocrx_word' id='word_1_499' title='bbox 1456 3563 1672 3619; x_wconf 77' lang='lat' dir='ltr'><strong>Accessi</strong></span> <span class='ocrx_word' id='word_1_500' title='bbox 1696 3603 1715 3630; x_wconf 95' lang='lat'><strong>,</strong></span> <span class='ocrx_word' id='word_1_501' title='bbox 1746 3562 1936 3628; x_wconf 86' lang='lat' dir='ltr'><strong>fateor,</strong></span> 
     </span>
    </p>
   </div>
   <div class='ocr_carea' id='block_1_68' title="bbox 354 3655 1940 3725">
    <p class='ocr_par' dir='ltr' id='par_1_68' title="bbox 354 3655 1940 3725">
     <span class='ocr_line' id='line_1_68' title="bbox 354 3655 1940 3725; baseline -0.001 -14"><span class='ocrx_word' id='word_1_502' title='bbox 354 3657 463 3711; x_wconf 79' lang='lat' dir='ltr'><strong>vidi</strong></span> <span class='ocrx_word' id='word_1_503' title='bbox 498 3658 765 3711; x_wconf 81' lang='lat' dir='ltr'><strong>hominem</strong></span> <span class='ocrx_word' id='word_1_504' title='bbox 797 3656 1070 3712; x_wconf 83' lang='lat' dir='ltr'><strong>timentem</strong></span> <span class='ocrx_word' id='word_1_505' title='bbox 1103 3656 1310 3710; x_wconf 82' lang='lat' dir='ltr'><strong>Deum:</strong></span> <span class='ocrx_word' id='word_1_506' title='bbox 1341 3672 1460 3725; x_wconf 64' lang='lat' dir='ltr'><strong>quae</strong></span> <span class='ocrx_word' id='word_1_507' title='bbox 1505 3670 1628 3709; x_wconf 89' lang='lat' dir='ltr'><strong>cum</strong></span> <span class='ocrx_word' id='word_1_508' title='bbox 1665 3670 1752 3710; x_wconf 86' lang='lat' dir='ltr'><strong>me</strong></span> <span class='ocrx_word' id='word_1_509' title='bbox 1786 3655 1940 3710; x_wconf 86' lang='lat' dir='ltr'><strong>beni-</strong></span> 
     </span>
    </p>
   </div>
   <div class='ocr_carea' id='block_1_69' title="bbox 2044 3282 2697 3353">
    <p class='ocr_par' dir='ltr' id='par_1_69' title="bbox 2044 3282 2697 3353">
     <span class='ocr_line' id='line_1_69' title="bbox 2044 3282 2697 3353; baseline 0.002 -15"><span class='ocrx_word' id='word_1_510' title='bbox 2044 3282 2165 3353; x_wconf 67' lang='grc' dir='ltr'>ωτι]</span> <span class='ocrx_word' id='word_1_511' title='bbox 2197 3284 2459 3339; x_wconf 85' lang='lat' dir='ltr'><strong>ullatenus</strong></span> <span class='ocrx_word' id='word_1_512' title='bbox 2483 3285 2697 3339; x_wconf 80' lang='lat' dir='ltr'><strong>violata.</strong></span> 
     </span>
    </p>
   </div>
   <div class='ocr_carea' id='block_1_70' title="bbox 2117 3372 3625 3447">
    <p class='ocr_par' dir='ltr' id='par_1_70' title="bbox 2117 3372 3625 3447">
     <span class='ocr_line' id='line_1_70' title="bbox 2117 3372 3625 3447; baseline 0 -17"><span class='ocrx_word' id='word_1_513' title='bbox 2117 3372 2355 3430; x_wconf 75' lang='lat' dir='ltr'><strong>XXVIII.</strong></span> <span class='ocrx_word' id='word_1_514' title='bbox 2392 3376 2747 3431; x_wconf 85' lang='lat' dir='ltr'><strong>Bruniehildis</strong></span> <span class='ocrx_word' id='word_1_515' title='bbox 2776 3375 2789 3413; x_wconf 64' lang='grc' dir='ltr'><strong>ί</strong></span> <span class='ocrx_word' id='word_1_516' title='bbox 2828 3390 3038 3447; x_wconf 80' lang='lat' dir='ltr'><strong>quoque</strong></span> <span class='ocrx_word' id='word_1_517' title='bbox 3069 3377 3249 3445; x_wconf 82' lang='lat' dir='ltr'><strong>regina</strong></span> <span class='ocrx_word' id='word_1_518' title='bbox 3280 3378 3434 3445; x_wconf 83' lang='lat' dir='ltr'><strong>jussit</strong></span> <span class='ocrx_word' id='word_1_519' title='bbox 3468 3376 3625 3433; x_wconf 53' lang='lat' dir='ltr'><strong>fabris</strong></span> 
     </span>
    </p>
   </div>
   <div class='ocr_carea' id='block_1_71' title="bbox 2044 3465 3623 3540">
    <p class='ocr_par' dir='ltr' id='par_1_71' title="bbox 2044 3465 3623 3540">
     <span class='ocr_line' id='line_1_71' title="bbox 2044 3465 3623 3540; baseline 0.001 -20"><span class='ocrx_word' id='word_1_520' title='bbox 2044 3465 2156 3520; x_wconf 75' lang='lat' dir='ltr'><strong>cari</strong></span> <span class='ocrx_word' id='word_1_521' title='bbox 2186 3478 2250 3519; x_wconf 83' lang='lat' dir='ltr'><strong>ex</strong></span> <span class='ocrx_word' id='word_1_522' title='bbox 2280 3476 2411 3519; x_wconf 85' lang='lat' dir='ltr'><strong>auro</strong></span> <span class='ocrx_word' id='word_1_523' title='bbox 2440 3478 2502 3521; x_wconf 87' lang='lat' dir='ltr'><strong>ac</strong></span> <span class='ocrx_word' id='word_1_524' title='bbox 2531 3468 2756 3535; x_wconf 82' lang='lat' dir='ltr'><strong>gemmis</strong></span> <span class='ocrx_word' id='word_1_525' title='bbox 2776 3468 2923 3522; x_wconf 68' lang='lat' dir='ltr'><strong>mirae</strong></span> <span class='ocrx_word' id='word_1_526' title='bbox 2951 3468 3327 3536; x_wconf 78' lang='lat' dir='ltr'><strong>magnitudinis</strong></span> <span class='ocrx_word' id='word_1_527' title='bbox 3350 3468 3623 3540; x_wconf 86' lang='lat' dir='ltr'><strong>clypeum,</strong></span> 
     </span>
    </p>
   </div>
   <div class='ocr_carea' id='block_1_72' title="bbox 2047 3560 3631 3632">
    <p class='ocr_par' dir='ltr' id='par_1_72' title="bbox 2047 3560 3631 3632">
     <span class='ocr_line' id='line_1_72' title="bbox 2047 3560 3631 3632; baseline 0.001 -19"><span class='ocrx_word' id='word_1_528' title='bbox 2047 3560 2329 3628; x_wconf 82' lang='lat' dir='ltr'><strong>Ipsumque</strong></span> <span class='ocrx_word' id='word_1_529' title='bbox 2374 3570 2495 3613; x_wconf 90' lang='lat' dir='ltr'><strong>cum</strong></span> <span class='ocrx_word' id='word_1_530' title='bbox 2544 3560 2753 3615; x_wconf 84' lang='lat' dir='ltr'><strong>duabus</strong></span> <span class='ocrx_word' id='word_1_531' title='bbox 2802 3561 3000 3628; x_wconf 83' lang='lat' dir='ltr'><strong>pateris</strong></span> <span class='ocrx_word' id='word_1_532' title='bbox 3030 3560 3221 3632; x_wconf 69' lang='lat' dir='ltr'><strong>ligneis</strong></span> <span class='ocrx_word' id='word_1_533' title='bbox 3248 3605 3262 3629; x_wconf 87' lang='lat'><strong>,</strong></span> <span class='ocrx_word' id='word_1_534' title='bbox 3307 3576 3440 3631; x_wconf 87' lang='lat' dir='ltr'><strong>quas</strong></span> <span class='ocrx_word' id='word_1_535' title='bbox 3472 3560 3631 3630; x_wconf 84' lang='lat' dir='ltr'><strong>vulgo</strong></span> 
     </span>
    </p>
   </div>
   <div class='ocr_carea' id='block_1_73' title="bbox 2046 3650 3631 3724">
    <p class='ocr_par' dir='ltr' id='par_1_73' title="bbox 2046 3650 3631 3724">
     <span class='ocr_line' id='line_1_73' title="bbox 2046 3650 3631 3724; baseline 0 -19"><span class='ocrx_word' id='word_1_536' title='bbox 2046 3650 2344 3707; x_wconf 84' lang='lat' dir='ltr'><strong>baccbinon</strong></span> <span class='ocrx_word' id='word_1_537' title='bbox 2380 3652 2394 3703; x_wconf 87' lang='lat' dir='ltr'><strong>l</strong></span> <span class='ocrx_word' id='word_1_538' title='bbox 2432 3658 2656 3719; x_wconf 84' lang='lat' dir='ltr'><strong>vocant,</strong></span> <span class='ocrx_word' id='word_1_539' title='bbox 2685 3652 2994 3722; x_wconf 85' lang='lat' dir='ltr'><strong>eisdemque</strong></span> <span class='ocrx_word' id='word_1_540' title='bbox 3034 3652 3285 3708; x_wconf 82' lang='lat' dir='ltr'><strong>similiter</strong></span> <span class='ocrx_word' id='word_1_541' title='bbox 3309 3666 3373 3707; x_wconf 83' lang='lat' dir='ltr'><strong>ex</strong></span> <span class='ocrx_word' id='word_1_542' title='bbox 3401 3653 3631 3724; x_wconf 83' lang='lat' dir='ltr'><strong>geminis</strong></span> 
     </span>
    </p>
   </div>
   <div class='ocr_carea' id='block_1_74' title="bbox 354 3740 3628 3817">
    <p class='ocr_par' dir='ltr' id='par_1_74' title="bbox 354 3740 3628 3817">
     <span class='ocr_line' id='line_1_74' title="bbox 354 3740 3628 3817; baseline -0.001 -16"><span class='ocrx_word' id='word_1_543' title='bbox 354 3762 462 3817; x_wconf 77' lang='lat' dir='ltr'><strong>gae</strong></span> <span class='ocrx_word' id='word_1_544' title='bbox 487 3746 832 3815; x_wconf 84' lang='lat' dir='ltr'><strong>excepisset,</strong></span> <span class='ocrx_word' id='word_1_545' title='bbox 864 3747 1129 3801; x_wconf 83' lang='lat' dir='ltr'><strong>notarium</strong></span> <span class='ocrx_word' id='word_1_546' title='bbox 1160 3754 1314 3809; x_wconf 70' lang='lat' dir='ltr'><strong>vocat</strong></span> <span class='ocrx_word' id='word_1_547' title='bbox 1336 3788 1353 3815; x_wconf 97' lang='lat'><strong>,</strong></span> <span class='ocrx_word' id='word_1_548' title='bbox 1382 3754 1438 3801; x_wconf 88' lang='lat' dir='ltr'><strong>et</strong></span> <span class='ocrx_word' id='word_1_549' title='bbox 1461 3745 1647 3800; x_wconf 85' lang='lat' dir='ltr'><strong>habito</strong></span> <span class='ocrx_word' id='word_1_550' title='bbox 1674 3787 1693 3810; x_wconf 93' lang='lat'><strong>,</strong></span> <span class='ocrx_word' id='word_1_551' title='bbox 1722 3746 1939 3816; x_wconf 82' lang='lat' dir='ltr'><strong>utdixi,</strong></span> <span class='ocrx_word' id='word_1_552' title='bbox 2045 3740 2318 3800; x_wconf 84' lang='lat' dir='ltr'><strong>fabricatis</strong></span> <span class='ocrx_word' id='word_1_553' title='bbox 2340 3754 2395 3801; x_wconf 84' lang='lat' dir='ltr'><strong>et</strong></span> <span class='ocrx_word' id='word_1_554' title='bbox 2441 3761 2594 3816; x_wconf 90' lang='lat' dir='ltr'><strong>auro,</strong></span> <span class='ocrx_word' id='word_1_555' title='bbox 2624 3746 2678 3800; x_wconf 92' lang='lat' dir='ltr'><strong>in</strong></span> <span class='ocrx_word' id='word_1_556' title='bbox 2711 3745 3013 3814; x_wconf 85' lang='lat' dir='ltr'><strong>Hispaniam</strong></span> <span class='ocrx_word' id='word_1_557' title='bbox 3060 3746 3174 3815; x_wconf 86' lang='lat' dir='ltr'><strong>regi</strong></span> <span class='ocrx_word' id='word_1_558' title='bbox 3215 3744 3415 3799; x_wconf 90' lang='lat' dir='ltr'><strong>mittit:</strong></span> <span class='ocrx_word' id='word_1_559' title='bbox 3444 3744 3494 3798; x_wconf 85' lang='lat' dir='ltr'><strong>in</strong></span> <span class='ocrx_word' id='word_1_560' title='bbox 3523 3754 3628 3813; x_wconf 82' lang='lat' dir='ltr'><strong>qua</strong></span> 
     </span>
    </p>
   </div>
   <div class='ocr_carea' id='block_1_75' title="bbox 353 3835 3701 3907">
    <p class='ocr_par' dir='ltr' id='par_1_75' title="bbox 353 3835 3701 3907">
     <span class='ocr_line' id='line_1_75' title="bbox 353 3835 3701 3907; baseline -0.001 -15"><span class='ocrx_word' id='word_1_561' title='bbox 353 3852 567 3893; x_wconf 88' lang='lat' dir='ltr'><strong>mecum</strong></span> <span class='ocrx_word' id='word_1_562' title='bbox 598 3838 823 3894; x_wconf 79' lang='lat' dir='ltr'><strong>consilio</strong></span> <span class='ocrx_word' id='word_1_563' title='bbox 842 3872 863 3903; x_wconf 57' lang='grc' dir='ltr'><strong><em>ο</em></strong></span> <span class='ocrx_word' id='word_1_564' title='bbox 904 3837 1148 3907; x_wconf 62' lang='lat' dir='ltr'><strong>quadam</strong></span> <span class='ocrx_word' id='word_1_565' title='bbox 1182 3837 1427 3894; x_wconf 71' lang='lat' dir='ltr'><strong>ecclesite</strong></span> <span class='ocrx_word' id='word_1_566' title='bbox 1458 3836 1748 3891; x_wconf 68' lang='lat' dir='ltr'><strong>Turonicm</strong></span> <span class='ocrx_word' id='word_1_567' title='bbox 1773 3844 1829 3892; x_wconf 86' lang='lat' dir='ltr'><strong>et</strong></span> <span class='ocrx_word' id='word_1_568' title='bbox 1851 3837 1943 3890; x_wconf 64' lang='grc' dir='ltr'><strong>ιη-</strong></span> <span class='ocrx_word' id='word_1_569' title='bbox 2045 3835 2422 3907; x_wconf 83' lang='lat' dir='ltr'><strong>Ebregisilum,</strong></span> <span class='ocrx_word' id='word_1_570' title='bbox 2461 3838 2550 3907; x_wconf 86' lang='lat' dir='ltr'><strong>qui</strong></span> <span class='ocrx_word' id='word_1_571' title='bbox 2578 3848 2719 3905; x_wconf 67' lang='lat' dir='ltr'><strong>sirpe</strong></span> <span class='ocrx_word' id='word_1_572' title='bbox 2752 3836 2818 3891; x_wconf 89' lang='lat' dir='ltr'><strong>ad</strong></span> <span class='ocrx_word' id='word_1_573' title='bbox 2849 3837 3018 3904; x_wconf 83' lang='lat' dir='ltr'><strong>ipsam</strong></span> <span class='ocrx_word' id='word_1_574' title='bbox 3046 3839 3318 3906; x_wconf 84' lang='lat' dir='ltr'><strong>regionem</strong></span> <span class='ocrx_word' id='word_1_575' title='bbox 3349 3835 3627 3906; x_wconf 84' lang='lat' dir='ltr'><strong>legationis</strong></span> <span class='ocrx_word' id='word_1_576' title='bbox 3693 3896 3701 3904; x_wconf 35' lang='grc' dir='ltr'><strong><em>ο</em></strong></span> 
     </span>
    </p>
   </div>
   <div class='ocr_carea' id='block_1_76' title="bbox 351 3920 3626 3997">
    <p class='ocr_par' dir='ltr' id='par_1_76' title="bbox 351 3920 3626 3997">
     <span class='ocr_line' id='line_1_76' title="bbox 351 3920 3626 3997; baseline -0.001 -12"><span class='ocrx_word' id='word_1_577' title='bbox 351 3930 525 3985; x_wconf 70' lang='lat' dir='ltr'><strong>silicae</strong></span> <span class='ocrx_word' id='word_1_578' title='bbox 557 3930 733 3985; x_wconf 84' lang='lat' dir='ltr'><strong>sancti</strong></span> <span class='ocrx_word' id='word_1_579' title='bbox 777 3928 1020 3996; x_wconf 74' lang='lat' dir='ltr'><strong>Martini,</strong></span> <span class='ocrx_word' id='word_1_580' title='bbox 1050 3928 1294 3997; x_wconf 60' lang='lat' dir='ltr'><strong>quadam</strong></span> <span class='ocrx_word' id='word_1_581' title='bbox 1334 3927 1741 3983; x_wconf 76' lang='lat' dir='ltr'><strong>Cenomannica:</strong></span> <span class='ocrx_word' id='word_1_582' title='bbox 1771 3928 1942 3983; x_wconf 68' lang='lat' dir='ltr'><strong>eccleo</strong></span> <span class='ocrx_word' id='word_1_583' title='bbox 2042 3928 2211 3996; x_wconf 88' lang='lat' dir='ltr'><strong>gratia</strong></span> <span class='ocrx_word' id='word_1_584' title='bbox 2241 3935 2546 3983; x_wconf 86' lang='lat' dir='ltr'><strong>accesserat</strong></span> <span class='ocrx_word' id='word_1_585' title='bbox 2570 3969 2586 3995; x_wconf 93' lang='lat'><strong>,</strong></span> <span class='ocrx_word' id='word_1_586' title='bbox 2614 3927 2824 3982; x_wconf 79' lang='lat' dir='ltr'><strong>direxit.</strong></span> <span class='ocrx_word' id='word_1_587' title='bbox 2879 3928 2996 3995; x_wconf 84' lang='lat' dir='ltr'><strong>Quo</strong></span> <span class='ocrx_word' id='word_1_588' title='bbox 3025 3920 3254 3984; x_wconf 85' lang='lat' dir='ltr'><strong>abeunte</strong></span> <span class='ocrx_word' id='word_1_589' title='bbox 3277 3967 3296 3995; x_wconf 94' lang='lat'><strong>,</strong></span> <span class='ocrx_word' id='word_1_590' title='bbox 3328 3929 3626 3982; x_wconf 82' lang='lat' dir='ltr'><strong>nuntiatum</strong></span> 
     </span>
    </p>
   </div>
   <div class='ocr_carea' id='block_1_77' title="bbox 351 4018 3628 4093">
    <p class='ocr_par' dir='ltr' id='par_1_77' title="bbox 351 4018 3628 4093">
     <span class='ocr_line' id='line_1_77' title="bbox 351 4018 3628 4093; baseline -0.002 -15"><span class='ocrx_word' id='word_1_591' title='bbox 351 4024 452 4079; x_wconf 76' lang='lat' dir='ltr'><strong>sint:</strong></span> <span class='ocrx_word' id='word_1_592' title='bbox 479 4024 774 4093; x_wconf 78' lang='lat' dir='ltr'><strong>delegavit;</strong></span> <span class='ocrx_word' id='word_1_593' title='bbox 813 4036 877 4076; x_wconf 85' lang='lat' dir='ltr'><strong>ac</strong></span> <span class='ocrx_word' id='word_1_594' title='bbox 920 4029 1045 4091; x_wconf 86' lang='lat' dir='ltr'><strong>post</strong></span> <span class='ocrx_word' id='word_1_595' title='bbox 1089 4035 1291 4090; x_wconf 84' lang='lat' dir='ltr'><strong>paucos</strong></span> <span class='ocrx_word' id='word_1_596' title='bbox 1336 4034 1550 4076; x_wconf 85' lang='lat' dir='ltr'><strong>menses</strong></span> <span class='ocrx_word' id='word_1_597' title='bbox 1581 4029 1635 4088; x_wconf 74' lang='grc' dir='ltr'><strong>ο,</strong></span> <span class='ocrx_word' id='word_1_598' title='bbox 1660 4020 1940 4076; x_wconf 86' lang='lat' dir='ltr'><strong>subitanea</strong></span> <span class='ocrx_word' id='word_1_599' title='bbox 2048 4027 2131 4073; x_wconf 90' lang='lat' dir='ltr'><strong>est</strong></span> <span class='ocrx_word' id='word_1_600' title='bbox 2160 4019 2271 4088; x_wconf 88' lang='lat' dir='ltr'><strong>regi</strong></span> <span class='ocrx_word' id='word_1_601' title='bbox 2301 4018 2733 4086; x_wconf 85' lang='lat' dir='ltr'><strong>Guntebramno,</strong></span> <span class='ocrx_word' id='word_1_602' title='bbox 2764 4020 2977 4075; x_wconf 85' lang='lat' dir='ltr'><strong>dicente</strong></span> <span class='ocrx_word' id='word_1_603' title='bbox 3005 4020 3252 4089; x_wconf 76' lang='lat' dir='ltr'><strong>quodam,</strong></span> <span class='ocrx_word' id='word_1_604' title='bbox 3286 4022 3410 4087; x_wconf 85' lang='lat' dir='ltr'><strong>quia</strong></span> <span class='ocrx_word' id='word_1_605' title='bbox 3439 4021 3628 4074; x_wconf 80' lang='lat' dir='ltr'><strong>Bruni-</strong></span> 
     </span>
    </p>
   </div>
   <div class='ocr_carea' id='block_1_78' title="bbox 353 4109 3626 4184">
    <p class='ocr_par' dir='ltr' id='par_1_78' title="bbox 353 4109 3626 4184">
     <span class='ocr_line' id='line_1_78' title="bbox 353 4109 3626 4184; baseline -0 -16"><span class='ocrx_word' id='word_1_606' title='bbox 353 4114 679 4184; x_wconf 69' lang='lat' dir='ltr'><strong>mgritudine</strong></span> <span class='ocrx_word' id='word_1_607' title='bbox 705 4114 948 4184; x_wconf 84' lang='lat' dir='ltr'><strong>fatigata,</strong></span> <span class='ocrx_word' id='word_1_608' title='bbox 998 4112 1252 4183; x_wconf 84' lang='lat' dir='ltr'><strong>migravit</strong></span> <span class='ocrx_word' id='word_1_609' title='bbox 1290 4127 1321 4167; x_wconf 86' lang='lat' dir='ltr'><strong>a</strong></span> <span class='ocrx_word' id='word_1_610' title='bbox 1357 4111 1591 4178; x_wconf 69' lang='lat' dir='ltr'><strong>saculo,</strong></span> <span class='ocrx_word' id='word_1_611' title='bbox 1621 4113 1821 4167; x_wconf 88' lang='lat' dir='ltr'><strong>multos</strong></span> <span class='ocrx_word' id='word_1_612' title='bbox 1845 4127 1943 4183; x_wconf 89' lang='lat' dir='ltr'><strong>per</strong></span> <span class='ocrx_word' id='word_1_613' title='bbox 2042 4109 2235 4165; x_wconf 85' lang='lat' dir='ltr'><strong>cliildis</strong></span> <span class='ocrx_word' id='word_1_614' title='bbox 2264 4111 2445 4181; x_wconf 89' lang='lat' dir='ltr'><strong>regina</strong></span> <span class='ocrx_word' id='word_1_615' title='bbox 2470 4110 2537 4164; x_wconf 87' lang='lat' dir='ltr'><strong>ad</strong></span> <span class='ocrx_word' id='word_1_616' title='bbox 2571 4110 2709 4166; x_wconf 80' lang='lat' dir='ltr'><strong>ﬁlios</strong></span> <span class='ocrx_word' id='word_1_617' title='bbox 2737 4112 3070 4167; x_wconf 87' lang='lat' dir='ltr'><strong>Gundovaldi</strong></span> <span class='ocrx_word' id='word_1_618' title='bbox 3101 4110 3127 4150; x_wconf 77' lang='grc' dir='ltr'>¹ι</span> <span class='ocrx_word' id='word_1_619' title='bbox 3169 4128 3389 4168; x_wconf 86' lang='lat' dir='ltr'><strong>munera</strong></span> <span class='ocrx_word' id='word_1_620' title='bbox 3421 4113 3626 4184; x_wconf 86' lang='lat' dir='ltr'><strong>dirigit.</strong></span> 
     </span>
    </p>
   </div>
   <div class='ocr_carea' id='block_1_79' title="bbox 351 4200 3629 4273">
    <p class='ocr_par' dir='ltr' id='par_1_79' title="bbox 351 4200 3629 4273">
     <span class='ocr_line' id='line_1_79' title="bbox 351 4200 3629 4273; baseline 0 -14"><span class='ocrx_word' id='word_1_621' title='bbox 351 4205 637 4259; x_wconf 85' lang='lat' dir='ltr'><strong>chartulas</strong></span> <span class='ocrx_word' id='word_1_622' title='bbox 664 4201 685 4243; x_wconf 70' lang='grc' dir='ltr'>ί</span> <span class='ocrx_word' id='word_1_623' title='bbox 728 4204 929 4260; x_wconf 88' lang='lat' dir='ltr'><strong>liberos</strong></span> <span class='ocrx_word' id='word_1_624' title='bbox 968 4203 1380 4273; x_wconf 86' lang='lat' dir='ltr'><strong>derelinquens,</strong></span> <span class='ocrx_word' id='word_1_625' title='bbox 1430 4202 1852 4272; x_wconf 81' lang='lat' dir='ltr'><strong>septuagesimo,</strong></span> <span class='ocrx_word' id='word_1_626' title='bbox 1886 4210 1945 4257; x_wconf 90' lang='lat' dir='ltr'><strong>ut</strong></span> <span class='ocrx_word' id='word_1_627' title='bbox 2043 4200 2195 4268; x_wconf 82' lang='lat' dir='ltr'><strong>Quod</strong></span> <span class='ocrx_word' id='word_1_628' title='bbox 2244 4216 2355 4255; x_wconf 65' lang='lat' dir='ltr'><strong>rex~</strong></span> <span class='ocrx_word' id='word_1_629' title='bbox 2380 4200 2644 4269; x_wconf 82' lang='lat' dir='ltr'><strong>audiens,</strong></span> <span class='ocrx_word' id='word_1_630' title='bbox 2684 4200 2846 4271; x_wconf 86' lang='lat' dir='ltr'><strong>jussit</strong></span> <span class='ocrx_word' id='word_1_631' title='bbox 2874 4202 3144 4257; x_wconf 73' lang='lat' dir='ltr'><strong>custodias</strong></span> <span class='ocrx_word' id='word_1_632' title='bbox 3173 4203 3368 4257; x_wconf 86' lang='lat' dir='ltr'><strong>arduas</strong></span> <span class='ocrx_word' id='word_1_633' title='bbox 3397 4219 3491 4273; x_wconf 82' lang='lat' dir='ltr'><strong>per</strong></span> <span class='ocrx_word' id='word_1_634' title='bbox 3516 4206 3629 4261; x_wconf 83' lang='lat' dir='ltr'><strong>vias</strong></span> 
     </span>
    </p>
   </div>
   <div class='ocr_carea' id='block_1_80' title="bbox 349 4292 3624 4364">
    <p class='ocr_par' dir='ltr' id='par_1_80' title="bbox 349 4292 3624 4364">
     <span class='ocr_line' id='line_1_80' title="bbox 349 4292 3624 4364; baseline -0.001 -15"><span class='ocrx_word' id='word_1_635' title='bbox 349 4294 737 4360; x_wconf 53' lang='grc' dir='ltr'><strong>πωροι-,γεω</strong></span> <span class='ocrx_word' id='word_1_636' title='bbox 764 4309 924 4360; x_wconf 84' lang='lat' dir='ltr'><strong>anno,</strong></span> <span class='ocrx_word' id='word_1_637' title='bbox 943 4294 1254 4364; x_wconf 81' lang='lat' dir='ltr'><strong>relinquens</strong></span> <span class='ocrx_word' id='word_1_638' title='bbox 1279 4294 1443 4349; x_wconf 86' lang='lat' dir='ltr'><strong>tiliam</strong></span> <span class='ocrx_word' id='word_1_639' title='bbox 1469 4292 1870 4363; x_wconf 82' lang='lat' dir='ltr'><strong>unicam,quam</strong></span> <span class='ocrx_word' id='word_1_640' title='bbox 1888 4292 1941 4348; x_wconf 87' lang='lat' dir='ltr'><strong>in</strong></span> <span class='ocrx_word' id='word_1_641' title='bbox 2050 4292 2198 4362; x_wconf 89' lang='lat' dir='ltr'><strong>regni</strong></span> <span class='ocrx_word' id='word_1_642' title='bbox 2225 4293 2304 4346; x_wconf 89' lang='lat' dir='ltr'><strong>sui</strong></span> <span class='ocrx_word' id='word_1_643' title='bbox 2333 4292 2468 4355; x_wconf 83' lang='lat' dir='ltr'><strong>ﬁeri,</strong></span> <span class='ocrx_word' id='word_1_644' title='bbox 2493 4292 2564 4347; x_wconf 86' lang='lat' dir='ltr'><strong>ita</strong></span> <span class='ocrx_word' id='word_1_645' title='bbox 2594 4301 2653 4347; x_wconf 94' lang='lat' dir='ltr'><strong>ut</strong></span> <span class='ocrx_word' id='word_1_646' title='bbox 2675 4293 2853 4347; x_wconf 84' lang='lat' dir='ltr'><strong>nullus</strong></span> <span class='ocrx_word' id='word_1_647' title='bbox 2884 4294 3094 4362; x_wconf 89' lang='lat' dir='ltr'><strong>penitus</strong></span> <span class='ocrx_word' id='word_1_648' title='bbox 3120 4295 3401 4363; x_wconf 67' lang='lat' dir='ltr'><strong>praeterire</strong></span> <span class='ocrx_word' id='word_1_649' title='bbox 3431 4296 3624 4364; x_wconf 88' lang='lat' dir='ltr'><strong>possit,</strong></span> 
     </span>
    </p>
   </div>
   <div class='ocr_carea' id='block_1_81' title="bbox 349 4383 3623 4458">
    <p class='ocr_par' dir='ltr' id='par_1_81' title="bbox 349 4383 3623 4458">
     <span class='ocr_line' id='line_1_81' title="bbox 349 4383 3623 4458; baseline 0.001 -17"><span class='ocrx_word' id='word_1_650' title='bbox 349 4386 543 4441; x_wconf 80' lang='lat' dir='ltr'><strong>Cantia</strong></span> <span class='ocrx_word' id='word_1_651' title='bbox 576 4388 720 4457; x_wconf 82' lang='lat' dir='ltr'><strong>regis</strong></span> <span class='ocrx_word' id='word_1_652' title='bbox 756 4387 1034 4457; x_wconf 84' lang='lat' dir='ltr'><strong>cujusdam</strong></span> <span class='ocrx_word' id='word_1_653' title='bbox 1074 4387 1257 4443; x_wconf 63' lang='lat' dir='ltr'><strong>ﬁlius‘</strong></span> <span class='ocrx_word' id='word_1_654' title='bbox 1276 4386 1619 4443; x_wconf 83' lang='lat' dir='ltr'><strong>matrimonio</strong></span> <span class='ocrx_word' id='word_1_655' title='bbox 1648 4386 1940 4458; x_wconf 79' lang='lat' dir='ltr'><strong>copulavit.</strong></span> <span class='ocrx_word' id='word_1_656' title='bbox 2041 4386 2131 4454; x_wconf 92' lang='lat' dir='ltr'><strong>qui</strong></span> <span class='ocrx_word' id='word_1_657' title='bbox 2160 4400 2270 4439; x_wconf 81' lang='lat' dir='ltr'><strong>non</strong></span> <span class='ocrx_word' id='word_1_658' title='bbox 2299 4383 2678 4440; x_wconf 88' lang='lat' dir='ltr'><strong>discuteretur.</strong></span> <span class='ocrx_word' id='word_1_659' title='bbox 2710 4383 3053 4456; x_wconf 89' lang='lat' dir='ltr'><strong>Inquirebant</strong></span> <span class='ocrx_word' id='word_1_660' title='bbox 3074 4386 3236 4443; x_wconf 89' lang='lat' dir='ltr'><strong>etiam</strong></span> <span class='ocrx_word' id='word_1_661' title='bbox 3263 4387 3317 4442; x_wconf 87' lang='lat' dir='ltr'><strong>in</strong></span> <span class='ocrx_word' id='word_1_662' title='bbox 3345 4389 3623 4444; x_wconf 81' lang='lat' dir='ltr'><strong>hominum</strong></span> 
     </span>
    </p>
   </div>
   <div class='ocr_carea' id='block_1_82' title="bbox 426 4528 3623 4630">
    <p class='ocr_par' dir='ltr' id='par_1_82' title="bbox 426 4528 3623 4630">
     <span class='ocr_line' id='line_1_82' title="bbox 426 4528 3623 4630; baseline 0.001 -38"><span class='ocrx_word' id='word_1_663' title='bbox 426 4548 452 4576; x_wconf 76' lang='grc' dir='ltr'><strong>ι</strong></span> <span class='ocrx_word' id='word_1_664' title='bbox 494 4538 544 4630; x_wconf 59' lang='lat' dir='ltr'><strong>l-s</strong></span> <span class='ocrx_word' id='word_1_665' title='bbox 572 4547 689 4630; x_wconf 67' lang='lat' dir='ltr'><strong>erat</strong></span> <span class='ocrx_word' id='word_1_666' title='bbox 718 4535 971 4630; x_wconf 71' lang='lat' dir='ltr'><strong>Autharis</strong></span> <span class='ocrx_word' id='word_1_667' title='bbox 993 4577 1011 4603; x_wconf 90' lang='lat'><strong>,</strong></span> <span class='ocrx_word' id='word_1_668' title='bbox 1056 4528 1317 4619; x_wconf 64' lang='lat' dir='ltr'><strong>Gregorio</strong></span> <span class='ocrx_word' id='word_1_669' title='bbox 1332 4546 1548 4630; x_wconf 47' lang='lat' dir='ltr'><strong>‘nostro</strong></span> <span class='ocrx_word' id='word_1_670' title='bbox 1578 4532 1711 4591; x_wconf 74' lang='lat' dir='ltr'><strong>infra</strong></span> <span class='ocrx_word' id='word_1_671' title='bbox 1878 4555 1933 4605; x_wconf 73' lang='grc' dir='ltr'><strong>κ,</strong></span> <span class='ocrx_word' id='word_1_672' title='bbox 1965 4570 2013 4630; x_wconf 77' lang='lat' dir='ltr'><strong>D</strong></span> <span class='ocrx_word' id='word_1_673' title='bbox 2047 4530 2115 4630; x_wconf 52' lang='grc' dir='ltr'>ιντο</span> <span class='ocrx_word' id='word_1_674' title='bbox 2144 4536 2238 4592; x_wconf 90' lang='lat' dir='ltr'><strong>lib.</strong></span> <span class='ocrx_word' id='word_1_675' title='bbox 2272 4553 2334 4630; x_wconf 67' lang='lat' dir='ltr'><strong>tit2</strong></span> <span class='ocrx_word' id='word_1_676' title='bbox 2374 4534 2526 4630; x_wconf 63' lang='lat' dir='ltr'><strong>piat.</strong></span> <span class='ocrx_word' id='word_1_677' title='bbox 2568 4538 2735 4611; x_wconf 85' lang='lat' dir='ltr'><strong>Lang.</strong></span> <span class='ocrx_word' id='word_1_678' title='bbox 2770 4536 2917 4630; x_wconf 54' lang='lat' dir='ltr'><strong>Pauli</strong></span> <span class='ocrx_word' id='word_1_679' title='bbox 2946 4538 3093 4630; x_wconf 49' lang='lat' dir='ltr'><strong>Di’ac.</strong></span> <span class='ocrx_word' id='word_1_680' title='bbox 3115 4581 3155 4619; x_wconf 82' lang='lat'><strong>,_</strong></span> <span class='ocrx_word' id='word_1_681' title='bbox 3182 4540 3267 4624; x_wconf 66' lang='lat' dir='ltr'><strong>tibi</strong></span> <span class='ocrx_word' id='word_1_682' title='bbox 3299 4537 3623 4596; x_wconf 79' lang='lat' dir='ltr'><strong>Francorum</strong></span> 
     </span>
    </p>
   </div>
   <div class='ocr_carea' id='block_1_83' title="bbox 347 4606 3623 4678">
    <p class='ocr_par' dir='ltr' id='par_1_83' title="bbox 347 4606 3623 4678">
     <span class='ocr_line' id='line_1_83' title="bbox 347 4606 3623 4678; baseline 0.001 -14"><span class='ocrx_word' id='word_1_683' title='bbox 347 4620 471 4675; x_wconf 79' lang='lat' dir='ltr'><strong>cap.</strong></span> <span class='ocrx_word' id='word_1_684' title='bbox 502 4608 558 4672; x_wconf 81' lang='grc'><strong>3,</strong></span> <span class='ocrx_word' id='word_1_685' title='bbox 592 4609 963 4677; x_wconf 73' lang='lat' dir='ltr'><strong>Aptaclmrins,</strong></span> <span class='ocrx_word' id='word_1_686' title='bbox 995 4609 1083 4672; x_wconf 80' lang='lat' dir='ltr'><strong>qui</strong></span> <span class='ocrx_word' id='word_1_687' title='bbox 1114 4606 1295 4675; x_wconf 74' lang='lat' dir='ltr'><strong>posma</strong></span> <span class='ocrx_word' id='word_1_688' title='bbox 1328 4606 1479 4661; x_wconf 88' lang='lat' dir='ltr'><strong>duxit</strong></span> <span class='ocrx_word' id='word_1_689' title='bbox 1508 4618 1725 4661; x_wconf 78' lang='lat' dir='ltr'><strong>uxorem</strong></span> <span class='ocrx_word' id='word_1_690' title='bbox 1761 4606 1934 4663; x_wconf 65' lang='lat' dir='ltr'><strong>Theo~</strong></span> <span class='ocrx_word' id='word_1_691' title='bbox 1965 4606 2012 4630; x_wconf 78' lang='grc' dir='ltr'><strong><em>ν</em></strong></span> <span class='ocrx_word' id='word_1_692' title='bbox 2039 4615 2271 4675; x_wconf 71' lang='lat' dir='ltr'><strong>stragem</strong></span> <span class='ocrx_word' id='word_1_693' title='bbox 2302 4607 2491 4663; x_wconf 86' lang='lat' dir='ltr'><strong>iisdem</strong></span> <span class='ocrx_word' id='word_1_694' title='bbox 2536 4622 2672 4678; x_wconf 87' lang='lat' dir='ltr'><strong>pene</strong></span> <span class='ocrx_word' id='word_1_695' title='bbox 2688 4606 2877 4666; x_wconf 56' lang='lat' dir='ltr'><strong>&#39;verbis</strong></span> <span class='ocrx_word' id='word_1_696' title='bbox 2904 4618 2965 4664; x_wconf 88' lang='lat' dir='ltr'><strong>ac</strong></span> <span class='ocrx_word' id='word_1_697' title='bbox 2995 4609 3286 4677; x_wconf 74' lang='lat' dir='ltr'><strong>Gregorius</strong></span> <span class='ocrx_word' id='word_1_698' title='bbox 3316 4624 3503 4667; x_wconf 74' lang='lat' dir='ltr'><strong>noster</strong></span> <span class='ocrx_word' id='word_1_699' title='bbox 3530 4627 3623 4668; x_wconf 79' lang='lat' dir='ltr'><strong>ex-</strong></span> 
     </span>
    </p>
   </div>
   <div class='ocr_carea' id='block_1_84' title="bbox 346 4678 3625 4749">
    <p class='ocr_par' dir='ltr' id='par_1_84' title="bbox 346 4678 3625 4749">
     <span class='ocr_line' id='line_1_84' title="bbox 346 4678 3625 4749; baseline 0.003 -14"><span class='ocrx_word' id='word_1_700' title='bbox 346 4681 623 4735; x_wconf 81' lang='lat' dir='ltr'><strong>delindam</strong></span> <span class='ocrx_word' id='word_1_701' title='bbox 646 4720 660 4743; x_wconf 93' lang='lat'><strong>,</strong></span> <span class='ocrx_word' id='word_1_702' title='bbox 690 4678 960 4733; x_wconf 80' lang='lat' dir='ltr'><strong>Garibaldi</strong></span> <span class='ocrx_word' id='word_1_703' title='bbox 1011 4678 1375 4749; x_wconf 80' lang='lat' dir='ltr'><strong>Bajourlorum</strong></span> <span class='ocrx_word' id='word_1_704' title='bbox 1397 4678 1551 4749; x_wconf 77' lang='lat' dir='ltr'><strong>ducis</strong></span> <span class='ocrx_word' id='word_1_705' title='bbox 1586 4693 1680 4749; x_wconf 86' lang='lat' dir='ltr'><strong>seu</strong></span> <span class='ocrx_word' id='word_1_706' title='bbox 1703 4680 1844 4747; x_wconf 85' lang='lat' dir='ltr'><strong>regis</strong></span> <span class='ocrx_word' id='word_1_707' title='bbox 1873 4680 1935 4733; x_wconf 68' lang='grc' dir='ltr'>ῆι</span> <span class='ocrx_word' id='word_1_708' title='bbox 2041 4679 2242 4745; x_wconf 79' lang='lat' dir='ltr'><strong>primit,</strong></span> <span class='ocrx_word' id='word_1_709' title='bbox 2272 4680 2389 4749; x_wconf 82' lang='lat' dir='ltr'><strong>ejus</strong></span> <span class='ocrx_word' id='word_1_710' title='bbox 2405 4680 2564 4736; x_wconf 83' lang='lat' dir='ltr'><strong>verba</strong></span> <span class='ocrx_word' id='word_1_711' title='bbox 2581 4682 2802 4737; x_wconf 84' lang='lat' dir='ltr'><strong>laudans</strong></span> <span class='ocrx_word' id='word_1_712' title='bbox 2814 4682 2916 4737; x_wconf 86' lang='lat' dir='ltr'><strong>sub</strong></span> <span class='ocrx_word' id='word_1_713' title='bbox 2941 4686 3159 4739; x_wconf 82' lang='lat' dir='ltr'><strong>nomine</strong></span> <span class='ocrx_word' id='word_1_714' title='bbox 3182 4681 3433 4739; x_wconf 67' lang='lat' dir='ltr'><strong>Historia:</strong></span> <span class='ocrx_word' id='word_1_715' title='bbox 3455 4681 3625 4743; x_wconf 77' lang='lat' dir='ltr'><strong>Fren-</strong></span> 
     </span>
    </p>
   </div>
   <div class='ocr_carea' id='block_1_85' title="bbox 350 4747 2233 4818">
    <p class='ocr_par' dir='ltr' id='par_1_85' title="bbox 350 4747 2233 4818">
     <span class='ocr_line' id='line_1_85' title="bbox 350 4747 2233 4818; baseline 0 -15"><span class='ocrx_word' id='word_1_716' title='bbox 350 4752 501 4814; x_wconf 87' lang='lat' dir='ltr'><strong>liam,</strong></span> <span class='ocrx_word' id='word_1_717' title='bbox 529 4759 585 4802; x_wconf 83' lang='lat' dir='ltr'><strong>ut</strong></span> <span class='ocrx_word' id='word_1_718' title='bbox 614 4749 853 4818; x_wconf 86' lang='lat' dir='ltr'><strong>pluribus</strong></span> <span class='ocrx_word' id='word_1_719' title='bbox 884 4751 1223 4817; x_wconf 86' lang='lat' dir='ltr'><strong>prosequitur</strong></span> <span class='ocrx_word' id='word_1_720' title='bbox 1250 4748 1442 4802; x_wconf 86' lang='lat' dir='ltr'><strong>Paulus</strong></span> <span class='ocrx_word' id='word_1_721' title='bbox 1474 4747 1621 4801; x_wconf 90' lang='lat' dir='ltr'><strong>Diae.</strong></span> <span class='ocrx_word' id='word_1_722' title='bbox 1649 4748 1747 4801; x_wconf 86' lang='lat' dir='ltr'><strong>lib.</strong></span> <span class='ocrx_word' id='word_1_723' title='bbox 1777 4764 1834 4803; x_wconf 87' lang='grc' dir='ltr'><strong>ιιι</strong></span> <span class='ocrx_word' id='word_1_724' title='bbox 1865 4750 1933 4803; x_wconf 83' lang='lat' dir='ltr'><strong>de</strong></span> <span class='ocrx_word' id='word_1_725' title='bbox 2037 4765 2233 4818; x_wconf 60' lang='lat' dir='ltr'><strong>eorum.</strong></span> 
     </span>
    </p>
   </div>
   <div class='ocr_carea' id='block_1_86' title="bbox 349 4812 2910 4888">
    <p class='ocr_par' dir='ltr' id='par_1_86' title="bbox 349 4812 2910 4888">
     <span class='ocr_line' id='line_1_86' title="bbox 349 4812 2910 4888; baseline -0.001 -15"><span class='ocrx_word' id='word_1_726' title='bbox 349 4812 527 4873; x_wconf 76' lang='lat' dir='ltr'><strong>Gestis</strong></span> <span class='ocrx_word' id='word_1_727' title='bbox 560 4812 821 4887; x_wconf 77' lang='lat' dir='ltr'><strong>Langob.,</strong></span> <span class='ocrx_word' id='word_1_728' title='bbox 852 4812 973 4887; x_wconf 80' lang='lat' dir='ltr'><strong>cap.</strong></span> <span class='ocrx_word' id='word_1_729' title='bbox 1004 4812 1091 4872; x_wconf 72' lang='grc' dir='ltr'><strong>δι.</strong></span> <span class='ocrx_word' id='word_1_730' title='bbox 1123 4817 1205 4872; x_wconf 86' lang='lat' dir='ltr'><strong>Ad</strong></span> <span class='ocrx_word' id='word_1_731' title='bbox 1236 4834 1355 4873; x_wconf 87' lang='lat' dir='ltr'><strong>eam</strong></span> <span class='ocrx_word' id='word_1_732' title='bbox 1380 4817 1685 4888; x_wconf 89' lang='lat' dir='ltr'><strong>complures</strong></span> <span class='ocrx_word' id='word_1_733' title='bbox 1714 4820 1929 4873; x_wconf 80' lang='lat' dir='ltr'><strong>exstant</strong></span> <span class='ocrx_word' id='word_1_734' title='bbox 2108 4812 2135 4856; x_wconf 75' lang='grc' dir='ltr'><strong><em>ἀ</em></strong></span> <span class='ocrx_word' id='word_1_735' title='bbox 2177 4819 2366 4885; x_wconf 72' lang='lat' dir='ltr'><strong>ngm.</strong></span> <span class='ocrx_word' id='word_1_736' title='bbox 2396 4834 2516 4874; x_wconf 92' lang='lat' dir='ltr'><strong>cum</strong></span> <span class='ocrx_word' id='word_1_737' title='bbox 2544 4820 2659 4884; x_wconf 90' lang='lat' dir='ltr'><strong>ed..</strong></span> <span class='ocrx_word' id='word_1_738' title='bbox 2684 4822 2910 4875; x_wconf 78' lang='lat' dir='ltr'><strong>cordata.</strong></span> 
     </span>
    </p>
   </div>
   <div class='ocr_carea' id='block_1_87' title="bbox 346 4888 3621 4959">
    <p class='ocr_par' dir='ltr' id='par_1_87' title="bbox 346 4888 3621 4959">
     <span class='ocr_line' id='line_1_87' title="bbox 346 4888 3621 4959; baseline 0.002 -17"><span class='ocrx_word' id='word_1_739' title='bbox 346 4888 599 4957; x_wconf 76' lang='lat' dir='ltr'><strong>Gregovii</strong></span> <span class='ocrx_word' id='word_1_740' title='bbox 632 4890 699 4942; x_wconf 69' lang='lat' dir='ltr'><strong>Il.</strong></span> <span class='ocrx_word' id='word_1_741' title='bbox 727 4890 991 4959; x_wconf 67' lang='lat' dir='ltr'><strong>epistolae.</strong></span> <span class='ocrx_word' id='word_1_742' title='bbox 2115 4898 2139 4927; x_wconf 77' lang='grc' dir='ltr'><strong><em>ο</em></strong></span> <span class='ocrx_word' id='word_1_743' title='bbox 2178 4889 2333 4943; x_wconf 85' lang='lat' dir='ltr'><strong>Colb.</strong></span> <span class='ocrx_word' id='word_1_744' title='bbox 2366 4906 2437 4945; x_wconf 86' lang='grc' dir='ltr'>ιιι.</span> <span class='ocrx_word' id='word_1_745' title='bbox 2468 4929 2485 4953; x_wconf 85' lang='lat'><strong>,</strong></span> <span class='ocrx_word' id='word_1_746' title='bbox 2526 4908 2713 4959; x_wconf 76' lang='lat' dir='ltr'><strong>paucos</strong></span> <span class='ocrx_word' id='word_1_747' title='bbox 2750 4894 2877 4945; x_wconf 77' lang='lat' dir='ltr'><strong>dies.</strong></span> <span class='ocrx_word' id='word_1_748' title='bbox 2931 4890 3272 4957; x_wconf 77' lang='lat' dir='ltr'><strong>lugobergam</strong></span> <span class='ocrx_word' id='word_1_749' title='bbox 3320 4892 3517 4957; x_wconf 84' lang='lat' dir='ltr'><strong>aliquid</strong></span> <span class='ocrx_word' id='word_1_750' title='bbox 3543 4908 3621 4947; x_wconf 63' lang='grc' dir='ltr'><strong>θος</strong></span> 
     </span>
    </p>
   </div>
   <div class='ocr_carea' id='block_1_88' title="bbox 425 4957 3618 5029">
    <p class='ocr_par' dir='ltr' id='par_1_88' title="bbox 425 4957 3618 5029">
     <span class='ocr_line' id='line_1_88' title="bbox 425 4957 3618 5029; baseline 0.002 -17"><span class='ocrx_word' id='word_1_751' title='bbox 425 4960 451 4998; x_wconf 72' lang='grc' dir='ltr'><strong>ιι</strong></span> <span class='ocrx_word' id='word_1_752' title='bbox 493 4960 623 5013; x_wconf 66' lang='lat' dir='ltr'><strong>Ilaec</strong></span> <span class='ocrx_word' id='word_1_753' title='bbox 646 4959 744 5013; x_wconf 87' lang='lat' dir='ltr'><strong>fuit</strong></span> <span class='ocrx_word' id='word_1_754' title='bbox 767 4957 1197 5023; x_wconf 84' lang='lat' dir='ltr'><strong>Chlodosuinda,</strong></span> <span class='ocrx_word' id='word_1_755' title='bbox 1241 4972 1360 5027; x_wconf 67' lang='lat' dir='ltr'><strong>qua</strong></span> <span class='ocrx_word' id='word_1_756' title='bbox 1390 4960 1561 5013; x_wconf 82' lang='lat' dir='ltr'><strong>neutri</strong></span> <span class='ocrx_word' id='word_1_757' title='bbox 1592 4959 1702 5029; x_wconf 89' lang='lat' dir='ltr'><strong>regi</strong></span> <span class='ocrx_word' id='word_1_758' title='bbox 1728 4964 1930 5028; x_wconf 69' lang='lat' dir='ltr'><strong>nupsit,</strong></span> <span class='ocrx_word' id='word_1_759' title='bbox 2039 4959 2223 5014; x_wconf 75' lang='lat' dir='ltr'><strong>clesim</strong></span> <span class='ocrx_word' id='word_1_760' title='bbox 2251 4970 2447 5015; x_wconf 64' lang='lat' dir='ltr'><strong>sanrtze</strong></span> <span class='ocrx_word' id='word_1_761' title='bbox 2483 4957 2662 5014; x_wconf 72' lang='lat' dir='ltr'><strong>Maria:</strong></span> <span class='ocrx_word' id='word_1_762' title='bbox 2706 4960 3130 5014; x_wconf 77' lang='lat' dir='ltr'><strong>Cenomannensi</strong></span> <span class='ocrx_word' id='word_1_763' title='bbox 3161 4960 3430 5015; x_wconf 86' lang='lat' dir='ltr'><strong>dimisisse</strong></span> <span class='ocrx_word' id='word_1_764' title='bbox 3460 4966 3618 5017; x_wconf 84' lang='lat' dir='ltr'><strong>testis</strong></span> 
     </span>
    </p>
   </div>
   <div class='ocr_carea' id='block_1_89' title="bbox 348 5029 3621 5098">
    <p class='ocr_par' dir='ltr' id='par_1_89' title="bbox 348 5029 3621 5098">
     <span class='ocr_line' id='line_1_89' title="bbox 348 5029 3621 5098; baseline 0.001 -15"><span class='ocrx_word' id='word_1_765' title='bbox 348 5030 427 5084; x_wconf 90' lang='lat' dir='ltr'><strong>uti</strong></span> <span class='ocrx_word' id='word_1_766' title='bbox 458 5030 703 5094; x_wconf 85' lang='lat' dir='ltr'><strong>videtur;</strong></span> <span class='ocrx_word' id='word_1_767' title='bbox 734 5040 827 5084; x_wconf 88' lang='lat' dir='ltr'><strong>aut</strong></span> <span class='ocrx_word' id='word_1_768' title='bbox 852 5030 1041 5085; x_wconf 88' lang='lat' dir='ltr'><strong>saltem</strong></span> <span class='ocrx_word' id='word_1_769' title='bbox 1074 5029 1230 5097; x_wconf 84' lang='lat' dir='ltr'><strong>paulo</strong></span> <span class='ocrx_word' id='word_1_770' title='bbox 1257 5037 1382 5096; x_wconf 86' lang='lat' dir='ltr'><strong>post</strong></span> <span class='ocrx_word' id='word_1_771' title='bbox 1410 5032 1618 5097; x_wconf 88' lang='lat' dir='ltr'><strong>nuptias</strong></span> <span class='ocrx_word' id='word_1_772' title='bbox 1648 5045 1770 5084; x_wconf 84' lang='lat' dir='ltr'><strong>cuiu</strong></span> <span class='ocrx_word' id='word_1_773' title='bbox 1800 5033 1933 5087; x_wconf 72' lang='lat' dir='ltr'><strong>liee-</strong></span> <span class='ocrx_word' id='word_1_774' title='bbox 2039 5040 2121 5084; x_wconf 85' lang='lat' dir='ltr'><strong>est</strong></span> <span class='ocrx_word' id='word_1_775' title='bbox 2170 5030 2510 5085; x_wconf 83' lang='lat' dir='ltr'><strong>Bertramnus</strong></span> <span class='ocrx_word' id='word_1_776' title='bbox 2553 5030 2793 5098; x_wconf 79' lang='lat' dir='ltr'><strong>ejusdem</strong></span> <span class='ocrx_word' id='word_1_777' title='bbox 2825 5029 2969 5085; x_wconf 90' lang='lat' dir='ltr'><strong>urbis</strong></span> <span class='ocrx_word' id='word_1_778' title='bbox 3012 5032 3180 5095; x_wconf 89' lang='lat' dir='ltr'><strong>epise.</strong></span> <span class='ocrx_word' id='word_1_779' title='bbox 3228 5030 3283 5086; x_wconf 94' lang='lat' dir='ltr'><strong>in</strong></span> <span class='ocrx_word' id='word_1_780' title='bbox 3330 5046 3428 5086; x_wconf 89' lang='lat' dir='ltr'><strong>suo</strong></span> <span class='ocrx_word' id='word_1_781' title='bbox 3458 5043 3621 5093; x_wconf 80' lang='lat' dir='ltr'><strong>testa-</strong></span> 
     </span>
    </p>
   </div>
   <div class='ocr_carea' id='block_1_90' title="bbox 346 5099 3102 5171">
    <p class='ocr_par' dir='ltr' id='par_1_90' title="bbox 346 5099 3102 5171">
     <span class='ocr_line' id='line_1_90' title="bbox 346 5099 3102 5171; baseline 0.001 -18"><span class='ocrx_word' id='word_1_782' title='bbox 346 5101 547 5155; x_wconf 87' lang='lat' dir='ltr'><strong>earedo</strong></span> <span class='ocrx_word' id='word_1_783' title='bbox 573 5101 1113 5171; x_wconf 75' lang='lat' dir='ltr'><strong>contractasobiisse</strong></span> <span class='ocrx_word' id='word_1_784' title='bbox 1142 5099 1366 5154; x_wconf 80' lang='lat' dir='ltr'><strong>dicenda</strong></span> <span class='ocrx_word' id='word_1_785' title='bbox 1394 5108 1502 5154; x_wconf 83' lang='lat' dir='ltr'><strong>est.</strong></span> <span class='ocrx_word' id='word_1_786' title='bbox 1556 5099 1762 5155; x_wconf 77' lang='lat' dir='ltr'><strong>Etenim</strong></span> <span class='ocrx_word' id='word_1_787' title='bbox 1797 5100 1933 5155; x_wconf 78' lang='lat' dir='ltr'><strong>Itec-</strong></span> <span class='ocrx_word' id='word_1_788' title='bbox 2036 5108 2241 5171; x_wconf 68' lang='lat' dir='ltr'><strong>mento,</strong></span> <span class='ocrx_word' id='word_1_789' title='bbox 2274 5111 2405 5154; x_wconf 83' lang='lat' dir='ltr'><strong>tum.</strong></span> <span class='ocrx_word' id='word_1_790' title='bbox 2440 5100 2502 5153; x_wconf 91' lang='lat' dir='ltr'><strong>Ill</strong></span> <span class='ocrx_word' id='word_1_791' title='bbox 2530 5100 2797 5163; x_wconf 82' lang='lat' dir='ltr'><strong>Analect.,</strong></span> <span class='ocrx_word' id='word_1_792' title='bbox 2830 5114 2951 5171; x_wconf 86' lang='lat' dir='ltr'><strong>pag.</strong></span> <span class='ocrx_word' id='word_1_793' title='bbox 2979 5101 3102 5155; x_wconf 67' lang='grc' dir='ltr'><strong>ΗΔ.</strong></span> 
     </span>
    </p>
   </div>
   <div class='ocr_carea' id='block_1_91' title="bbox 348 5167 3617 5242">
    <p class='ocr_par' dir='ltr' id='par_1_91' title="bbox 348 5167 3617 5242">
     <span class='ocr_line' id='line_1_91' title="bbox 348 5167 3617 5242; baseline 0.002 -18"><span class='ocrx_word' id='word_1_794' title='bbox 348 5172 581 5225; x_wconf 85' lang='lat' dir='ltr'><strong>earedus</strong></span> <span class='ocrx_word' id='word_1_795' title='bbox 619 5183 738 5223; x_wconf 87' lang='lat' dir='ltr'><strong>cum</strong></span> <span class='ocrx_word' id='word_1_796' title='bbox 792 5168 1043 5242; x_wconf 74' lang='lat' dir='ltr'><strong>Baddone</strong></span> <span class='ocrx_word' id='word_1_797' title='bbox 1084 5172 1265 5242; x_wconf 81' lang='lat' dir='ltr'><strong>regina</strong></span> <span class='ocrx_word' id='word_1_798' title='bbox 1294 5184 1474 5242; x_wconf 11' lang='lat' dir='ltr'><strong>uxore;</strong></span> <span class='ocrx_word' id='word_1_799' title='bbox 1500 5182 1769 5242; x_wconf 75' lang='lat' dir='ltr'><strong>sua_,a:ra</strong></span> <span class='ocrx_word' id='word_1_800' title='bbox 1801 5171 1929 5236; x_wconf 61' lang='lat' dir='ltr'><strong>6N,</strong></span> <span class='ocrx_word' id='word_1_801' title='bbox 2113 5167 2133 5208; x_wconf 71' lang='grc' dir='ltr'><strong>ί</strong></span> <span class='ocrx_word' id='word_1_802' title='bbox 2174 5170 2303 5242; x_wconf 69' lang='lat' dir='ltr'><strong>Ejus</strong></span> <span class='ocrx_word' id='word_1_803' title='bbox 2332 5172 2407 5225; x_wconf 89' lang='lat' dir='ltr'><strong>rei</strong></span> <span class='ocrx_word' id='word_1_804' title='bbox 2451 5172 2732 5224; x_wconf 76' lang='lat' dir='ltr'><strong>formularii</strong></span> <span class='ocrx_word' id='word_1_805' title='bbox 2776 5167 2942 5226; x_wconf 68' lang='lat' dir='ltr'><strong>habes</strong></span> <span class='ocrx_word' id='word_1_806' title='bbox 2978 5171 3121 5242; x_wconf 84' lang='lat' dir='ltr'><strong>apud</strong></span> <span class='ocrx_word' id='word_1_807' title='bbox 3163 5170 3406 5228; x_wconf 66' lang='lat' dir='ltr'><strong>Herculi.</strong></span> <span class='ocrx_word' id='word_1_808' title='bbox 3438 5172 3533 5229; x_wconf 90' lang='lat' dir='ltr'><strong>lib.</strong></span> <span class='ocrx_word' id='word_1_809' title='bbox 3556 5190 3617 5241; x_wconf 80' lang='lat' dir='ltr'><strong>tr,</strong></span> 
     </span>
    </p>
   </div>
   <div class='ocr_carea' id='block_1_92' title="bbox 346 5238 2275 5309">
    <p class='ocr_par' dir='ltr' id='par_1_92' title="bbox 346 5238 2275 5309">
     <span class='ocr_line' id='line_1_92' title="bbox 346 5238 2275 5309; baseline 0.001 -15"><span class='ocrx_word' id='word_1_810' title='bbox 346 5256 493 5296; x_wconf 88' lang='lat' dir='ltr'><strong>anno</strong></span> <span class='ocrx_word' id='word_1_811' title='bbox 524 5242 674 5308; x_wconf 90' lang='lat' dir='ltr'><strong>regni</strong></span> <span class='ocrx_word' id='word_1_812' title='bbox 706 5241 788 5294; x_wconf 87' lang='lat' dir='ltr'><strong>sui</strong></span> <span class='ocrx_word' id='word_1_813' title='bbox 820 5240 876 5306; x_wconf 72' lang='grc'><strong>4,</strong></span> <span class='ocrx_word' id='word_1_814' title='bbox 906 5238 1221 5307; x_wconf 81' lang='lat' dir='ltr'><strong>subscripsit</strong></span> <span class='ocrx_word' id='word_1_815' title='bbox 1252 5240 1713 5307; x_wconf 78' lang='lat' dir='ltr'><strong>professiotiiildei</strong></span> <span class='ocrx_word' id='word_1_816' title='bbox 1741 5242 1929 5294; x_wconf 82' lang='lat' dir='ltr'><strong>catho-</strong></span> <span class='ocrx_word' id='word_1_817' title='bbox 2035 5253 2157 5309; x_wconf 87' lang='lat' dir='ltr'><strong>cap.</strong></span> <span class='ocrx_word' id='word_1_818' title='bbox 2186 5241 2275 5295; x_wconf 74' lang='lat'><strong>35.</strong></span> 
     </span>
    </p>
   </div>
   <div class='ocr_carea' id='block_1_93' title="bbox 346 5308 3615 5383">
    <p class='ocr_par' dir='ltr' id='par_1_93' title="bbox 346 5308 3615 5383">
     <span class='ocr_line' id='line_1_93' title="bbox 346 5308 3615 5383; baseline 0.002 -18"><span class='ocrx_word' id='word_1_819' title='bbox 346 5311 486 5383; x_wconf 62' lang='lat' dir='ltr'><strong>lica.</strong></span> <span class='ocrx_word' id='word_1_820' title='bbox 522 5311 660 5383; x_wconf 82' lang='lat' dir='ltr'><strong>Ilinc</strong></span> <span class='ocrx_word' id='word_1_821' title='bbox 695 5309 962 5383; x_wconf 81' lang='lat' dir='ltr'><strong>conji_cere</strong></span> <span class='ocrx_word' id='word_1_822' title='bbox 997 5310 1149 5383; x_wconf 22' lang='lat' dir='ltr'><strong>Alieet</strong></span> <span class='ocrx_word' id='word_1_823' title='bbox 1190 5309 1557 5383; x_wconf 75' lang='lat' dir='ltr'><strong>Iteocaredum</strong></span> <span class='ocrx_word' id='word_1_824' title='bbox 1599 5320 1926 5383; x_wconf 56' lang='lat' dir='ltr'><strong>pertusum,</strong></span> <span class='ocrx_word' id='word_1_825' title='bbox 2104 5308 2132 5383; x_wconf 67' lang='lat' dir='ltr'><strong>gs</strong></span> <span class='ocrx_word' id='word_1_826' title='bbox 2174 5308 2521 5383; x_wconf 79' lang='lat' dir='ltr'><strong>Etlielbertus</strong></span> <span class='ocrx_word' id='word_1_827' title='bbox 2539 5309 2765 5383; x_wconf 84' lang='lat' dir='ltr'><strong>scilicet,</strong></span> <span class='ocrx_word' id='word_1_828' title='bbox 2797 5309 2921 5366; x_wconf 90' lang='lat' dir='ltr'><strong>vide</strong></span> <span class='ocrx_word' id='word_1_829' title='bbox 2948 5326 3106 5383; x_wconf 85' lang='lat' dir='ltr'><strong>supra</strong></span> <span class='ocrx_word' id='word_1_830' title='bbox 3133 5312 3230 5371; x_wconf 71' lang='grc' dir='ltr'>ιιι).</span> <span class='ocrx_word' id='word_1_831' title='bbox 3262 5329 3338 5380; x_wconf 86' lang='lat' dir='ltr'><strong>tv,</strong></span> <span class='ocrx_word' id='word_1_832' title='bbox 3371 5328 3493 5382; x_wconf 86' lang='lat' dir='ltr'><strong>cap.</strong></span> <span class='ocrx_word' id='word_1_833' title='bbox 3523 5314 3615 5372; x_wconf 69' lang='lat'><strong>23.</strong></span> 
     </span>
    </p>
   </div>
   <div class='ocr_carea' id='block_1_94' title="bbox 348 5368 3509 5451">
    <p class='ocr_par' dir='ltr' id='par_1_94' title="bbox 348 5368 3509 5451">
     <span class='ocr_line' id='line_1_94' title="bbox 348 5368 3509 5451; baseline -0.017 -16"><span class='ocrx_word' id='word_1_834' title='bbox 348 5382 489 5448; x_wconf 85' lang='lat' dir='ltr'><strong>quod</strong></span> <span class='ocrx_word' id='word_1_835' title='bbox 538 5380 695 5436; x_wconf 88' lang='lat' dir='ltr'><strong>toties</strong></span> <span class='ocrx_word' id='word_1_836' title='bbox 738 5394 769 5434; x_wconf 93' lang='lat' dir='ltr'><strong>a</strong></span> <span class='ocrx_word' id='word_1_837' title='bbox 795 5368 1039 5434; x_wconf 62' lang='lat' dir='ltr'><strong>&#39;Francis</strong></span> <span class='ocrx_word' id='word_1_838' title='bbox 1078 5382 1343 5447; x_wconf 89' lang='lat' dir='ltr'><strong>repulsam</strong></span> <span class='ocrx_word' id='word_1_839' title='bbox 1376 5395 1561 5448; x_wconf 85' lang='lat' dir='ltr'><strong>passus</strong></span> <span class='ocrx_word' id='word_1_840' title='bbox 1590 5368 1799 5445; x_wconf 78' lang='lat' dir='ltr'><strong>fuisset,</strong></span> <span class='ocrx_word' id='word_1_841' title='bbox 1826 5368 1931 5434; x_wconf 57' lang='lat' dir='ltr'><strong>alii</strong></span> <span class='ocrx_word' id='word_1_842' title='bbox 2172 5382 2324 5434; x_wconf 78' lang='lat' dir='ltr'><strong>Colb.</strong></span> <span class='ocrx_word' id='word_1_843' title='bbox 2353 5395 2428 5445; x_wconf 85' lang='lat' dir='ltr'><strong>a.,</strong></span> <span class='ocrx_word' id='word_1_844' title='bbox 2458 5382 2620 5433; x_wconf 74' lang='lat' dir='ltr'><strong>millia</strong></span> <span class='ocrx_word' id='word_1_845' title='bbox 2647 5368 2957 5451; x_wconf 34' lang='lat' dir='ltr'><strong>quadam.</strong></span> <span class='ocrx_word' id='word_1_846' title='bbox 3190 5368 3228 5371; x_wconf 54' lang='grc' dir='ltr'><em>η</em></span> <span class='ocrx_word' id='word_1_847' title='bbox 3323 5368 3337 5380; x_wconf 91' lang='grc'><em>.</em></span> <span class='ocrx_word' id='word_1_848' title='bbox 3437 5368 3453 5382; x_wconf 90' lang='grc'>.</span> <span class='ocrx_word' id='word_1_849' title='bbox 3508 5386 3509 5389; x_wconf 30' lang='grc' dir='ltr'><strong>η</strong></span> 
     </span>
    </p>
   </div>
   <div class='ocr_carea' id='block_1_95' title="bbox 348 5448 3620 5574">
    <p class='ocr_par' dir='ltr' id='par_1_95' title="bbox 348 5448 3620 5574">
     <span class='ocr_line' id='line_1_95' title="bbox 348 5448 3620 5574; baseline 0.002 -72"><span class='ocrx_word' id='word_1_850' title='bbox 348 5466 507 5574; x_wconf 59' lang='lat' dir='ltr'><strong>gnam</strong></span> <span class='ocrx_word' id='word_1_851' title='bbox 540 5466 571 5531; x_wconf 80' lang='lat' dir='ltr'><strong>e</strong></span> <span class='ocrx_word' id='word_1_852' title='bbox 599 5451 709 5505; x_wconf 88' lang='lat' dir='ltr'><strong>suis</strong></span> <span class='ocrx_word' id='word_1_853' title='bbox 736 5450 1082 5534; x_wconf 60' lang='lat' dir='ltr'><strong>popularibus</strong></span> <span class='ocrx_word' id='word_1_854' title='bbox 1116 5460 1336 5505; x_wconf 80' lang='lat' dir='ltr'><strong>uxorem</strong></span> <span class='ocrx_word' id='word_1_855' title='bbox 1375 5452 1671 5533; x_wconf 69' lang='lat' dir='ltr'><strong>accepisse.</strong></span> <span class='ocrx_word' id='word_1_856' title='bbox 1697 5452 1783 5534; x_wconf 41' lang='lat' dir='ltr'><strong>.Et</strong></span> <span class='ocrx_word' id='word_1_857' title='bbox 1817 5452 1925 5519; x_wconf 87' lang='lat' dir='ltr'><strong>qui-</strong></span> <span class='ocrx_word' id='word_1_858' title='bbox 2108 5448 2127 5489; x_wconf 71' lang='grc' dir='ltr'>ί</span> <span class='ocrx_word' id='word_1_859' title='bbox 2170 5451 2225 5506; x_wconf 90' lang='lat' dir='ltr'><strong>In</strong></span> <span class='ocrx_word' id='word_1_860' title='bbox 2262 5451 2380 5507; x_wconf 83' lang='lat' dir='ltr'><strong>Vat.</strong></span> <span class='ocrx_word' id='word_1_861' title='bbox 2413 5460 2473 5507; x_wconf 86' lang='lat' dir='ltr'><strong>et</strong></span> <span class='ocrx_word' id='word_1_862' title='bbox 2513 5448 2668 5507; x_wconf 76' lang='lat' dir='ltr'><strong>Colb.</strong></span> <span class='ocrx_word' id='word_1_863' title='bbox 2698 5468 2751 5508; x_wconf 90' lang='lat' dir='ltr'><strong>a.</strong></span> <span class='ocrx_word' id='word_1_864' title='bbox 2784 5462 2943 5524; x_wconf 82' lang='lat' dir='ltr'><strong>caput</strong></span> <span class='ocrx_word' id='word_1_865' title='bbox 2986 5454 3129 5511; x_wconf 87' lang='lat' dir='ltr'><strong>istud</strong></span> <span class='ocrx_word' id='word_1_866' title='bbox 3169 5464 3225 5509; x_wconf 88' lang='lat' dir='ltr'><strong>et</strong></span> <span class='ocrx_word' id='word_1_867' title='bbox 3266 5468 3497 5522; x_wconf 81' lang='lat' dir='ltr'><strong>sequens</strong></span> <span class='ocrx_word' id='word_1_868' title='bbox 3520 5452 3620 5508; x_wconf 77' lang='lat' dir='ltr'><strong>de-</strong></span> 
     </span>
     <span class='ocr_line' id='line_1_96' title="bbox 386 5520 2175 5574; baseline 0.001 -1"><span class='ocrx_word' id='word_1_869' title='bbox 386 5536 473 5574; x_wconf 84' lang='lat' dir='ltr'><strong>em</strong></span> <span class='ocrx_word' id='word_1_870' title='bbox 502 5520 665 5574; x_wconf 82' lang='lat' dir='ltr'><strong>Ltuba</strong></span> <span class='ocrx_word' id='word_1_871' title='bbox 697 5535 814 5574; x_wconf 85' lang='lat' dir='ltr'><strong>eius</strong></span> <span class='ocrx_word' id='word_1_872' title='bbox 853 5522 993 5574; x_wconf 82' lang='lat' dir='ltr'><strong>Illius</strong></span> <span class='ocrx_word' id='word_1_873' title='bbox 1040 5530 1097 5574; x_wconf 89' lang='lat' dir='ltr'><strong>et</strong></span> <span class='ocrx_word' id='word_1_874' title='bbox 1160 5534 1440 5574; x_wconf 84' lang='lat' dir='ltr'><strong>successor</strong></span> <span class='ocrx_word' id='word_1_875' title='bbox 1491 5522 1706 5574; x_wconf 72' lang='lat' dir='ltr'><strong>reuoluti</strong></span> <span class='ocrx_word' id='word_1_876' title='bbox 1762 5532 1924 5574; x_wconf 79' lang='lat' dir='ltr'><strong>matre</strong></span> <span class='ocrx_word' id='word_1_877' title='bbox 2030 5530 2175 5574; x_wconf 87' lang='lat' dir='ltr'><strong>sunt.</strong></span> 
     </span>
    </p>
   </div>
   <div class='ocr_carea' id='block_1_96' title="bbox 386 5520 2175 5593">
    <p class='ocr_par' dir='ltr' id='par_1_96' title="bbox 386 5520 2175 5593">
     <span class='ocr_line' id='line_1_97' title="bbox 386 5520 2175 5593; baseline 0.002 -20"><span class='ocrx_word' id='word_1_878' title='bbox 386 5536 473 5593; x_wconf 82' lang='lat' dir='ltr'><strong>em</strong></span> <span class='ocrx_word' id='word_1_879' title='bbox 502 5520 821 5593; x_wconf 76' lang='lat' dir='ltr'><strong>Liuba_ejns_</strong></span> <span class='ocrx_word' id='word_1_880' title='bbox 853 5520 993 5593; x_wconf 72' lang='lat' dir='ltr'><strong>titius</strong></span> <span class='ocrx_word' id='word_1_881' title='bbox 1040 5530 1440 5593; x_wconf 82' lang='lat' dir='ltr'><strong>et_suceessor</strong></span> <span class='ocrx_word' id='word_1_882' title='bbox 1491 5522 1706 5593; x_wconf 59' lang='lat' dir='ltr'><strong>ignobili</strong></span> <span class='ocrx_word' id='word_1_883' title='bbox 1762 5532 1924 5575; x_wconf 77' lang='lat' dir='ltr'><strong>matre</strong></span> <span class='ocrx_word' id='word_1_884' title='bbox 2030 5530 2175 5577; x_wconf 88' lang='lat' dir='ltr'><strong>sunt.</strong></span> 
     </span>
    </p>
   </div>
   <div class='ocr_carea' id='block_1_97' title="bbox 346 5589 3611 5663">
    <p class='ocr_par' dir='ltr' id='par_1_97' title="bbox 346 5589 3611 5663">
     <span class='ocr_line' id='line_1_98' title="bbox 346 5589 3611 5663; baseline 0.002 -19"><span class='ocrx_word' id='word_1_885' title='bbox 346 5592 559 5663; x_wconf 73' lang='lat' dir='ltr'><strong>genitus</strong></span> <span class='ocrx_word' id='word_1_886' title='bbox 584 5589 780 5645; x_wconf 79' lang='lat' dir='ltr'><strong>dicitur</strong></span> <span class='ocrx_word' id='word_1_887' title='bbox 804 5589 1075 5663; x_wconf 80' lang='lat' dir='ltr'><strong>iulsidori</strong></span> <span class='ocrx_word' id='word_1_888' title='bbox 1103 5590 1372 5663; x_wconf 58' lang='lat' dir='ltr'><strong>Chronico</strong></span> <span class='ocrx_word' id='word_1_889' title='bbox 1396 5589 1659 5663; x_wconf 49' lang='grc' dir='ltr'><strong>εει-(659.</strong></span> <span class='ocrx_word' id='word_1_890' title='bbox 2107 5593 2121 5642; x_wconf 86' lang='lat' dir='ltr'><strong>i</strong></span> <span class='ocrx_word' id='word_1_891' title='bbox 2168 5590 2318 5663; x_wconf 80' lang='lat' dir='ltr'><strong>Coll).</strong></span> <span class='ocrx_word' id='word_1_892' title='bbox 2354 5609 2452 5656; x_wconf 82' lang='grc' dir='ltr'>ιιι..</span> <span class='ocrx_word' id='word_1_893' title='bbox 2483 5593 2820 5659; x_wconf 77' lang='lat' dir='ltr'><strong>bauchinon;</strong></span> <span class='ocrx_word' id='word_1_894' title='bbox 2853 5594 3062 5663; x_wconf 81' lang='lat' dir='ltr'><strong>Regm.,</strong></span> <span class='ocrx_word' id='word_1_895' title='bbox 3090 5593 3389 5647; x_wconf 77' lang='lat' dir='ltr'><strong>baetltinott.</strong></span> <span class='ocrx_word' id='word_1_896' title='bbox 3412 5592 3611 5651; x_wconf 78' lang='lat' dir='ltr'><strong>Teuto-</strong></span> 
     </span>
    </p>
   </div>
   <div class='ocr_carea' id='block_1_98' title="bbox 424 5659 3246 5731">
    <p class='ocr_par' dir='ltr' id='par_1_98' title="bbox 424 5659 3246 5731">
     <span class='ocr_line' id='line_1_99' title="bbox 424 5659 3246 5731; baseline 0 -16"><span class='ocrx_word' id='word_1_897' title='bbox 424 5672 447 5700; x_wconf 73' lang='grc' dir='ltr'><strong>ι</strong></span> <span class='ocrx_word' id='word_1_898' title='bbox 490 5662 606 5715; x_wconf 78' lang='lat' dir='ltr'><strong>Hoc</strong></span> <span class='ocrx_word' id='word_1_899' title='bbox 626 5662 981 5731; x_wconf 83' lang='lat' dir='ltr'><strong>revocandum</strong></span> <span class='ocrx_word' id='word_1_900' title='bbox 1009 5663 1152 5731; x_wconf 85' lang='lat' dir='ltr'><strong>quod</strong></span> <span class='ocrx_word' id='word_1_901' title='bbox 1187 5659 1476 5727; x_wconf 79' lang='lat' dir='ltr'><strong>Gregorius</strong></span> <span class='ocrx_word' id='word_1_902' title='bbox 1505 5678 1567 5718; x_wconf 80' lang='lat' dir='ltr'><strong>ea</strong></span> <span class='ocrx_word' id='word_1_903' title='bbox 1592 5661 1662 5718; x_wconf 86' lang='lat' dir='ltr'><strong>de</strong></span> <span class='ocrx_word' id='word_1_904' title='bbox 1699 5677 1759 5717; x_wconf 86' lang='lat' dir='ltr'><strong>re</strong></span> <span class='ocrx_word' id='word_1_905' title='bbox 1786 5663 1924 5717; x_wconf 81' lang='lat' dir='ltr'><strong>seri-</strong></span> <span class='ocrx_word' id='word_1_906' title='bbox 2033 5664 2154 5719; x_wconf 90' lang='lat' dir='ltr'><strong>niee</strong></span> <span class='ocrx_word' id='word_1_907' title='bbox 2178 5662 2376 5725; x_wconf 66' lang='lat' dir='ltr'><strong>baltea.</strong></span> <span class='ocrx_word' id='word_1_908' title='bbox 2412 5664 2615 5721; x_wconf 88' lang='lat' dir='ltr'><strong>Gallice</strong></span> <span class='ocrx_word' id='word_1_909' title='bbox 2645 5680 2770 5720; x_wconf 87' lang='lat' dir='ltr'><strong>vero</strong></span> <span class='ocrx_word' id='word_1_910' title='bbox 2797 5659 3027 5719; x_wconf 71' lang='lat' dir='ltr'><strong>dicimus</strong></span> <span class='ocrx_word' id='word_1_911' title='bbox 3054 5663 3246 5716; x_wconf 68' lang='lat' dir='ltr'><strong>bestia.</strong></span> 
     </span>
    </p>
   </div>
   <div class='ocr_carea' id='block_1_99' title="bbox 348 5730 3619 5807">
    <p class='ocr_par' dir='ltr' id='par_1_99' title="bbox 348 5730 3619 5807">
     <span class='ocr_line' id='line_1_100' title="bbox 348 5730 3619 5807; baseline 0.005 -27"><span class='ocrx_word' id='word_1_912' title='bbox 348 5733 459 5798; x_wconf 73' lang='lat' dir='ltr'><strong>psit</strong></span> <span class='ocrx_word' id='word_1_913' title='bbox 507 5746 669 5807; x_wconf 76' lang='lat' dir='ltr'><strong>supra</strong></span> <span class='ocrx_word' id='word_1_914' title='bbox 729 5730 829 5807; x_wconf 72' lang='lat' dir='ltr'><strong>lib.</strong></span> <span class='ocrx_word' id='word_1_915' title='bbox 872 5746 946 5793; x_wconf 78' lang='lat' dir='ltr'><strong>vr,</strong></span> <span class='ocrx_word' id='word_1_916' title='bbox 967 5730 1090 5801; x_wconf 82' lang='lat' dir='ltr'><strong>cap.</strong></span> <span class='ocrx_word' id='word_1_917' title='bbox 1139 5733 1228 5807; x_wconf 52' lang='grc' dir='ltr'><strong>ιζ.</strong></span> <span class='ocrx_word' id='word_1_918' title='bbox 1270 5732 1347 5786; x_wconf 86' lang='lat' dir='ltr'><strong>De</strong></span> <span class='ocrx_word' id='word_1_919' title='bbox 1378 5733 1475 5786; x_wconf 80' lang='lat' dir='ltr'><strong>bac</strong></span> <span class='ocrx_word' id='word_1_920' title='bbox 1501 5748 1644 5807; x_wconf 37' lang='lat' dir='ltr'><strong>vnero.</strong></span> <span class='ocrx_word' id='word_1_921' title='bbox 1659 5733 1924 5801; x_wconf 84' lang='lat' dir='ltr'><strong>legatione</strong></span> <span class='ocrx_word' id='word_1_922' title='bbox 2105 5732 2143 5807; x_wconf 52' lang='lat' dir='ltr'><strong>lt</strong></span> <span class='ocrx_word' id='word_1_923' title='bbox 2171 5734 2298 5802; x_wconf 79' lang='lat' dir='ltr'><strong>Ejus</strong></span> <span class='ocrx_word' id='word_1_924' title='bbox 2321 5734 2562 5800; x_wconf 88' lang='lat' dir='ltr'><strong>scilicet,</strong></span> <span class='ocrx_word' id='word_1_925' title='bbox 2590 5736 2679 5807; x_wconf 78' lang='lat' dir='ltr'><strong>qui</strong></span> <span class='ocrx_word' id='word_1_926' title='bbox 2724 5750 2845 5791; x_wconf 83' lang='lat' dir='ltr'><strong>sese</strong></span> <span class='ocrx_word' id='word_1_927' title='bbox 2868 5732 3369 5807; x_wconf 29' lang='lat' dir='ltr'><strong>liliuni‘Cblutbarii</strong></span> <span class='ocrx_word' id='word_1_928' title='bbox 3398 5734 3619 5807; x_wconf 65' lang='lat' dir='ltr'><strong>dicunt.</strong></span> 
     </span>
    </p>
   </div>
   <div class='ocr_carea' id='block_1_100' title="bbox 348 5799 3098 5877">
    <p class='ocr_par' dir='ltr' id='par_1_100' title="bbox 348 5799 3098 5877">
     <span class='ocr_line' id='line_1_101' title="bbox 348 5799 3098 5877; baseline 0.001 -23"><span class='ocrx_word' id='word_1_929' title='bbox 348 5811 538 5872; x_wconf 79' lang='lat' dir='ltr'><strong>agetur</strong></span> <span class='ocrx_word' id='word_1_930' title='bbox 567 5800 735 5858; x_wconf 82' lang='lat' dir='ltr'><strong>fusius</strong></span> <span class='ocrx_word' id='word_1_931' title='bbox 774 5801 869 5858; x_wconf 79' lang='lat' dir='ltr'><strong>lib.</strong></span> <span class='ocrx_word' id='word_1_932' title='bbox 914 5816 970 5870; x_wconf 78' lang='grc' dir='ltr'>ι,</span> <span class='ocrx_word' id='word_1_933' title='bbox 1012 5799 1134 5874; x_wconf 83' lang='lat' dir='ltr'><strong>cap.</strong></span> <span class='ocrx_word' id='word_1_934' title='bbox 1179 5804 1213 5857; x_wconf 76' lang='lat'><strong>2</strong></span> <span class='ocrx_word' id='word_1_935' title='bbox 1252 5813 1304 5859; x_wconf 89' lang='lat' dir='ltr'><strong>et</strong></span> <span class='ocrx_word' id='word_1_936' title='bbox 1326 5818 1479 5874; x_wconf 83' lang='lat' dir='ltr'><strong>seqq.</strong></span> <span class='ocrx_word' id='word_1_937' title='bbox 1506 5799 1777 5861; x_wconf 74' lang='lat' dir='ltr'><strong>Conferet</strong></span> <span class='ocrx_word' id='word_1_938' title='bbox 1801 5818 1922 5874; x_wconf 88' lang='lat' dir='ltr'><strong>cap.</strong></span> <span class='ocrx_word' id='word_1_939' title='bbox 2032 5799 2246 5861; x_wconf 72' lang='lat' dir='ltr'><strong>occisus</strong></span> <span class='ocrx_word' id='word_1_940' title='bbox 2272 5815 2378 5873; x_wconf 84' lang='lat' dir='ltr'><strong>est,</strong></span> <span class='ocrx_word' id='word_1_941' title='bbox 2406 5799 2570 5877; x_wconf 84' lang='lat' dir='ltr'><strong>supra</strong></span> <span class='ocrx_word' id='word_1_942' title='bbox 2601 5799 2697 5862; x_wconf 86' lang='lat' dir='ltr'><strong>lib.</strong></span> <span class='ocrx_word' id='word_1_943' title='bbox 2729 5819 2825 5872; x_wconf 85' lang='lat' dir='ltr'><strong>vu,</strong></span> <span class='ocrx_word' id='word_1_944' title='bbox 2857 5818 2975 5873; x_wconf 83' lang='lat' dir='ltr'><strong>cap.</strong></span> <span class='ocrx_word' id='word_1_945' title='bbox 3007 5799 3098 5856; x_wconf 82' lang='lat'><strong>58.</strong></span> 
     </span>
    </p>
   </div>
  </div>
