3966 6348
356 335 454 391 507

1345 334 1403 390 S.
1444 330 1770 388 GREGOIIII
1811 329 2119 387 EPISCOPI
2158 327 2592 386 TURONENSIS

3513 329 3622 385 503'-

353 452 436 503 vcl
469 446 796 504 vesttmentis
823 489 836 513 ,
873 449 954 502 vel
983 447 1372 514 calciamentis,
1410 447 1569 520 452
1599 459 1687 503 aut
1716 448 1769 503 in
1801 449 1926 503 relio
1952 451 2004 511 Α
2031 460 2165 517 quos
2185 443 2409 512 justitite
2456 444 2692 499 conditio
2744 443 3052 499 tributarios
3101 444 3283 499 dabat.
3317 459 3483 500 censu
3518 463 3614 515 μησ-

353 543 472 608 quis
503 541 690 602 rebus,
724 541 766 593 si
791 541 996 594 occulte
1031 541 1220 595 litteras
1252 550 1612 610 portarentur.
1661 539 1930 609 Ebregisi-

358 639 437 686 Ius
465 648 590 685 vero
638 631 866 686 Parisios
914 634 1175 687 accedens
1221 649 1341 687 curn
1380 633 1462 687 his
1506 633 1830 702 speciebus,
1862 633 1932 688 ab

357 723 680 777 Iibrachario
719 723 855 777 duce
884 725 1340 791 comprehensus,
1374 725 1436 777 ad
1468 724 1928 778 Guntchramnum

356 813 655 868 deducitur.
709 815 955 884 Dixitque
981 817 1029 868 ei
1057 831 1151 869 rex
1179 834 1190 868 :
1218 815 1332 869 Non
1362 814 1559 868 sufﬁcit
1582 855 1594 877 ,
1628 828 1661 867 ο
1687 813 1934 868 infelicis-

355 907 489 960 sime
518 905 791 960 hominum
813 947 827 970 ,
859 907 1001 975 quod
1034 906 1301 973 impudico
1335 906 1559 960 consilio
1585 903 1931 959 Ballou:erem

359 997 502 1048 illum
525 1040 539 1063 ,
587 1012 741 1062 quem
775 995 1176 1050 Gnndovaldum
1219 995 1596 1064 vocitatisLad
1629 995 1931 1064 conjugiutn

354 1089 690 1153 arcessistis,
742 1105 898 1156 quem
949 1104 1136 1143 manus
1185 1105 1300 1143 mea
1352 1089 1606 1156 subegit,
1653 1089 1742 1156 qui
1771 1088 1935 1142 voluit

356 1176 542 1230 ditioni
575 1193 683 1230 sua:
733 1179 879 1248 regni
929 1179 1096 1231 nostri
1148 1193 1404 1244 superare
1440 1186 1464 1213 ⁸
1510 1178 1832 1247 potentiam;
1882 1187 1937 1231 et

359 1281 500 1320 nunc
531 1266 652 1320 ﬁliis
700 1267 814 1335 ejus
847 1282 1066 1320 munera
1109 1267 1340 1330 mittitis,
1375 1279 1430 1320 ut
1473 1266 1616 1336 ipsos
1668 1268 1854 1320 iterum
1883 1267 1934 1321 in

359 1356 559 1409 Gallias
590 1358 893 1424 provocetis
932 1358 996 1410 ad
1042 1373 1125 1410 mc
1153 1357 1540 1427 jugulandum?
1575 1357 1801 1426 Ideoque
1832 1370 1938 1410 non

363 1450 589 1504 accedes
616 1465 722 1516 quo
754 1451 1009 1515 volueris,
1036 1451 1128 1505 sed
1160 1460 1330 1505 morte
1362 1452 1628 1515 morieris,
1661 1453 1783 1519 quia
1811 1465 1941 1505 cono

362 1547 523 1599 traria
553 1557 629 1600 est
664 1547 855 1614 legatio
885 1555 969 1599 tua
996 1546 1138 1615 genti
1172 1555 1387 1600 nostras.
1419 1545 1516 1600 Illo
1543 1561 1755 1615 quoque
1787 1561 1943 1599 recu-

360 1647 534 1701 sante,
563 1653 665 1690 non
697 1652 756 1691 se
784 1638 865 1691 his
892 1638 1070 1692 verbis
1096 1652 1216 1692 esse
1244 1653 1581 1692 communem
1605 1679 1620 1703 ,
1650 1637 1744 1691 sed
1768 1637 1942 1707 potius

360 1729 428 1782 ad
463 1729 850 1796 Iticltaredum,
886 1731 977 1799 qui
1024 1729 1479 1784 Chlodosuindam
1525 1745 1764 1785 sororem
1794 1730 1945 1784 Chil-

2034 540 2176 594 blico
2224 537 2610 602 subdiderunt,
2637 547 2693 594 et
2732 540 2810 593 sic
2865 537 3095 592 Turonis
3144 547 3268 592 sunt
3297 539 3478 594 delati.
3512 541 3618 596 Sed

2033 643 2155 684 cum
2186 629 2396 698 populis
2427 629 2756 682 tributariam
2781 628 3104 682 {unctionem
3131 628 3369 698 inﬂigere
3397 629 3612 699 vellent,

2035 721 2278 776 dicentes
2305 721 2426 787 quia
2449 720 2642 774 librum
2675 735 2786 790 prae.
2819 721 3064 774 manibus
3094 720 3370 785 haberent,
3395 723 3619 789 qualiter

2035 811 2135 866 sub
2164 813 2488 866 anteriorum
2513 829 2693 881 regum
2721 822 2960 882 tempore
2979 812 3372 878 dissolvissent,
3399 830 3610 882 respon-

2036 903 2212 958 dimus
2243 918 2360 970 nos,
2389 904 2631 959 dicentes
2662 919 2675 958 :
2704 904 3039 974 Descriptam
3071 906 3256 960 urbem
3295 906 3618 959 'I‘uronicant

2035 993 2442 1050 Chlothacharii
2468 997 2609 1065 regis
2639 1004 2880 1065 tempore
2897 996 3235 1051 manifestum
3265 1007 3367 1061 est,
3395 997 3624 1066 l.brique

2038 1086 2112 1140 illi
2139 1086 2205 1140 ad
2237 1087 2374 1154 regis
2403 1087 2737 1155 prazscntiant
2757 1087 3040 1148 abierunt:
3067 1088 3158 1142 sed
3183 1099 3503 1154 compuncto
3527 1103 3622 1156 per

2043 1177 2291 1230 timorem
2324 1177 2491 1230 sancti
2525 1178 2731 1231 Martini
2756 1179 3007 1232 antistitis
3060 1192 3204 1247 rege,
3239 1178 3438 1231 incensi
3471 1187 3616 1231 sunt.

2039 1265 2166 1320 Post
2197 1277 2424 1320 mortem
2467 1282 2595 1322 vero
2633 1267 3037 1322 Chiothacharii
3090 1270 3251 1336 regis,
3304 1268 3624 1323 Chariberto

2040 1360 2149 1428 regi
2174 1360 2397 1429 p0pulus
2429 1361 2512 1414 hic
2541 1371 2937 1415 sacramentum
2984 1360 3130 1414 dedit
3152 1377 3166 1419 ;
3188 1359 3430 1415 similiter
3455 1359 3624 1414 etiam

2041 1464 2096 1509 et
2121 1453 2212 1507 ille
2234 1468 2354 1508 cum
2375 1453 2684 1522 juramento
2722 1453 2987 1523 promisit,
3012 1463 3067 1507 ut
3093 1452 3240 1523 leges
3279 1451 3623 1506 consuetudi-

2042 1557 2242 1611 nesque
2269 1557 2432 1597 novas
2478 1544 2675 1613 popqu
2703 1558 2810 1598 non
2857 1543 3142 1612 inﬁigeret,
3175 1543 3267 1598 sed
3297 1544 3349 1598 in
3399 1544 3490 1600 illo
3517 1558 3625 1612 quo

2041 1634 2308 1704 quondam
2331 1634 2430 1689 sub
2467 1636 2631 1703 patris
2688 1636 3059 1689 dominatione
3101 1645 3242 1689 statu
3280 1635 3541 1702 vixerant,
3568 1637 3623 1690 in

2045 1727 2162 1796 ipso
2190 1726 2276 1782 hic
2299 1741 2393 1782 eos
2417 1727 2669 1796 deinceps
2711 1727 2997 1790 retineret;
3033 1741 3206 1795 neque
3240 1726 3399 1780 ullam
3432 1742 3622 1783 novam

360 1821 568 1873 debcrti
599 1820 737 1889 regis
771 1835 1028 1884 sponsare
1053 1821 1348 1884 debuerat,
1382 1821 1495 1875 Ι)ωο
1531 1836 1748 1874 munera
1779 1820 1938 1890 mitti,
1972 1820 2018 1880 Β
2045 1817 2435 1872 ordinationem
2466 1831 2525 1872 se
2553 1817 2877 1871 inﬁicturum
2897 1830 3058 1883 super
3086 1815 3358 1884 eos,un
3391 1817 3622 1885 pertine-

361 1910 588 1964 credidit
641 1926 732 1965 rex
767 1912 1036 1980 loquenti,
1080 1920 1134 1965 et
1179 1911 1381 1965 dimisit
1410 1926 1566 1974 eum;
1610 1912 1844 1982 abiitque
1887 1911 1941 1966 in

365 2003 553 2056 itinere
581 2017 686 2069 quo
710 2001 944 2057 directus
974 2002 1070 2056 luit
1098 2017 1218 2057 cum
1251 2003 1380 2072 ipsis
1409 2002 1742 2057 muneribus.

439 2150 624 2203 XXIX.
655 2150 814 2220 Igitur
851 2152 1224 2210 Cbildebertus
1267 2169 1364 2210 rex
1395 2154 1650 2211 invitante
1699 2154 1944 2226 Sigiber-

365 2251 420 2293 to
445 2241 471 2279 δ
502 2243 940 2298 Mornociaceusis
965 2244 1144 2314 Oppidi
1167 2245 1462 2312 sacerdote,
1490 2245 1605 2301 dies
1635 2246 1851 2302 Pascha:
1877 2246 1945 2301 ad

367 2335 725 2400 supradictam
756 2335 1015 2390 celebrari
1046 2336 1232 2389 statuit
1279 2336 1488 2392 urbem.
1540 2336 1785 2393 Graviter
1820 2346 1946 2393 tunc

366 2423 773 2479 'I‘heodobertus
806 2426 947 2480 ﬁlius
974 2427 1091 2494 ejus
1117 2429 1320 2494 senior,
1350 2428 1487 2499 gula:
1516 2429 1746 2484 amictus
1774 2439 1946 2484 tumo-

366 2531 428 2570 re
455 2516 733 2581 laboravit,
761 2517 854 2572 sed
885 2519 1176 2574 convaluit.
1209 2519 1415 2584 Interea
1443 2519 1821 2576 Childebertus
1851 2536 1946 2576 rex

368 2609 660 2660 exercitum
692 2619 1031 2673 commovet,
1071 2619 1127 2664 et
1169 2611 1220 2664 in
1251 2610 1454 2664 Italiam
1484 2611 1550 2665 ad
1576 2611 1944 2666 debellandam

369 2698 836 2767 Langobardorum
867 2708 1078 2768 gentem
1100 2741 1116 2765 ,
1144 2716 1265 2755 cum
1295 2700 1495 2756 eisdem
1529 2716 1748 2770 pergere
1776 2711 1948 2770 parat.

369 2789 475 2843 Sed
509 2789 838 2857 Langobardi
871 2793 952 2846 his
983 2792 1210 2859 auditis,
1249 2793 1447 2861 legatos
1486 2809 1608 2847 cum
1641 2794 1948 2848 muneribus

353 2884 610 2947 'tnitlunt,
638 2883 876 2937 dicentes
903 2902 915 2936 :
947 2884 1028 2940 Sit
1057 2885 1286 2938 amicitia
1314 2887 1453 2940 inter
1479 2897 1657 2952 nos,et
1688 2901 1792 2940 non
1825 2902 1952 2955 per-

372 2988 581 3036 eamus,
639 2988 700 3026 ac
728 2974 1082 3027 dissolvamus
1104 2985 1306 3030 certum
1329 2976 1514 3029 ditioni
1540 2985 1643 3030 tua:
1671 2978 1946 3032 tributum.

369 3063 446 3113 Ac
496 3059 799 3128 ubicunque
849 3064 1211 3116 necessarium
1259 3073 1445 3117 contra
1497 3064 1741 3119 inimicos
1771 3066 1948 3132 fuerit,

371 3149 512 3204 ferre
558 3151 819 3204 auxilium
875 3168 978 3205 non
1028 3154 1246 3222 pigebit.
1296 3154 1418 3208 Ila-c
1457 3155 1830 3211 Cltildebertus
1854 3174 1944 3212 rex

271 3222 286 3238 ’
369 3241 593 3295 audiens
622 3282 637 3305 ,
685 3243 750 3296 ad
783 3242 1241 3299 Guntchramnum
1274 3261 1453 3317 regem
1497 3245 1700 3317 legatos
1739 3248 1944 3316 dirigit,

370 3334 458 3400 qui
488 3347 548 3386 ea
581 3349 698 3401 quae
729 3333 796 3386 ab
825 3333 906 3387 his
935 3335 1320 3401 oﬂerebatttur,
1364 3339 1416 3391 in
1459 3337 1576 3408 ejus
1622 3339 1842 3394 auribus
1867 3342 1950 3395 in-

370 3423 638 3478 timarent.
696 3425 800 3480 Sed
827 3427 916 3480 ille
943 3442 1045 3480 non
1076 3429 1264 3483 obvius
1295 3431 1363 3484 de
1395 3431 1494 3484 hac
1522 3433 1860 3486 conniventia
1896 3443 1942 3498 ο,

368 3515 646 3568 consilium
673 3517 737 3569 ad
766 3519 1184 3574 conﬁrmandam
1221 3536 1402 3590 pacem
1429 3525 1672 3587 praebuit.
1724 3522 1948 3580 Childe-

370 3606 554 3660 hertus
587 3623 713 3661 vero
762 3623 853 3661 rex
897 3609 1053 3675 jussit
1095 3611 1387 3664 exercitum
1438 3612 1640 3667 inloco
1671 3615 1944 3668 residere:

371 3698 622 3764 misitque
667 3700 867 3766 legatos
917 3701 983 3753 ad
1033 3701 1408 3768 Langobardos
1429 3743 1445 3764 .
1478 3703 1638 3774 453
1671 3715 1723 3758 ιιι
1757 3704 1802 3760 si
1835 3705 1949 3762 hazc

374 3803 494 3855 qua:
527 3791 882 3855 promiserant
910 3791 1319 3856 conﬁrmarent,
1355 3796 1626 3850 exercitus
1659 3805 1950 3852 revertere-

374 3890 460 3952 tur;
485 3881 548 3932 ad
574 3882 820 3950 propria;
849 3883 942 3937 sed
969 3883 1185 3937 minimc
1207 3892 1290 3939 est
1313 3885 1611 3954 impletum.

446 4013 614 4069 XXX.
642 4015 1014 4070 Childebertus
1060 4032 1184 4070 vero
1215 4033 1304 4072 rex
1334 4017 1690 4086 descriptores
1758 4021 1809 4074 in
1862 4021 1947 4075 Pi-

330 4128 336 4133 ·
370 4117 575 4171 ctavos,
606 4108 864 4162 invitante
903 4108 1151 4162 Maroveo
1190 4109 1458 4176 episcOpo,
1509 4110 1664 4176 jussit
1695 4112 1861 4173 abire,
1897 4113 1948 4165 id

371 4208 450 4252 est
481 4199 877 4253 Florentianum
903 4201 1157 4267 majorem
1186 4200 1376 4255 domus
1400 4202 1556 4270 regiae
1589 4199 1638 4266 ἀ,
1663 4212 1715 4254 et
1746 4204 1954 4256 Romul-

373 4288 482 4343 Ium
512 4290 690 4356 palatii
719 4293 798 4344 sui
829 4293 1101 4356 comitem,
1129 4300 1183 4344 ut
1208 4293 1412 4347 scilicet
1461 4294 1686 4362 populus
1707 4310 1947 4358 censum,

372 4398 529 4449 quem
561 4393 798 4451 tempore
835 4386 996 4451 patris
1039 4384 1364 4449 reddiderat,
1396 4385 1526 4439 facta
1557 4387 1760 4440 ratione
1800 4388 1948 4441 intro.

374 4485 576 4527 vaturtc
630 4483 675 4534 ο.
713 4473 938 4528 reddere
973 4474 1212 4528 deberet.
1247 4475 1392 4528 Multi
1444 4475 1586 4529 enim
1636 4493 1700 4529 ex
1753 4476 1833 4530 his
1859 4478 1949 4530 de-

2045 1915 2130 1962 ret
2157 1907 2224 1961 ad
2247 1908 2498 1977 spolium,
2514 1907 2816 1977 spopondit.
2842 1907 3004 1962 Gaiso
3033 1922 3159 1961 vero
3180 1921 3362 1962 comes
3382 1908 3622 1975 ejusdem

2046 2001 2301 2068 temporis
2322 2008 2540 2068 accepto
2565 1998 2902 2067 capitulario,
2951 1999 3094 2068 quod
3141 2000 3438 2053 anteriores
3491 2000 3628 2053 scri-

2045 2099 2227 2158 ptores
2259 2089 2448 2144 iecisse
2477 2089 3034 2152 commemoravimus,
3077 2089 3271 2144 tributa
3312 2090 3473 2157 coepit
3513 2090 3627 2144 exi-

2043 2193 2171 2249 gere
2212 2197 2226 2232 :
2270 2179 2363 2234 sed
2415 2178 2484 2233 ab
2526 2178 2786 2233 Eufronio
2835 2179 3089 2247 episcopo
3134 2177 3449 2247 prohibitus,
3502 2192 3624 2232 cum

2045 2281 2234 2327 exacta
2264 2272 2524 2340 pravitate
2559 2272 2626 2326 ad
2657 2271 2801 2341 regis
2829 2271 3022 2326 direxit
3056 2271 3414 2339 praesentiam,
3446 2281 3630 2325 osten-

2044 2365 2180 2422 dens
2213 2365 2585 2434 capitularium
2620 2364 2673 2419 in
2697 2379 2802 2434 quo
2829 2364 3023 2418 tributa
3065 2363 3492 2419 continebantur.
3518 2363 3627 2421 Sed

2046 2475 2143 2515 rex
2181 2459 2558 2530 ingemiscens,
2584 2473 2646 2512 ac
2667 2468 2913 2512 metuens
2931 2460 3176 2512 virtutem
3202 2457 3369 2511 sancti
3395 2457 3624 2520 Martini,

2047 2550 2223 2619 ipsum
2265 2549 2512 2604 incendio
2554 2549 2771 2603 tradidit
2826 2566 2841 2602 :
2894 2564 3086 2602 aureos
3125 2557 3344 2602 exactos
3395 2549 3627 2602 basilicas

2047 2643 2219 2698 sancti
2251 2643 2458 2697 Martini
2505 2643 2731 2707 remisit,
2763 2643 3035 2696 obtestans
3063 2651 3120 2695 ut
3151 2641 3324 2695 nullus
3353 2641 3419 2696 de
3451 2656 3628 2710 popu-

2050 2733 2101 2788 Io
2127 2733 2291 2804 454
2317 2733 2583 2788 Turonico
2613 2732 2777 2787 ullum
2810 2735 3064 2788 tributum
3115 2733 3325 2803 publico
3355 2734 3626 2787 redderet.

2052 2822 2179 2879 Post
2199 2825 2352 2892 cujus
2375 2825 2578 2880 obitum
2607 2825 2907 2896 Sigibertus
2935 2841 3029 2881 rex
3061 2825 3194 2880 hanc
3219 2825 3402 2880 urbem
3435 2825 3632 2889 tenuit,

2052 2932 2151 2970 nec
2179 2919 2337 2971 ullius
2364 2919 2548 2972 tributi
2581 2918 2786 2986 pondus
2828 2918 3048 2972 invexit.
3074 2917 3163 2972 Sic
3183 2927 3236 2972 et
3263 2931 3403 2971 nunc
3439 2926 3632 2987 quarto

2051 3011 2261 3065 decimo
2284 3026 2423 3065 anno
2445 3010 2815 3066 Childebertus
2837 3019 2956 3080 post
2972 3011 3138 3079 patris
3159 3010 3358 3064 obitum
3379 3025 3632 3079 regnans,

2054 3103 2187 3157 nihil
2214 3105 2411 3174 exegit,
2441 3121 2540 3160 nec
2570 3105 2677 3159 ullo
2709 3104 2888 3160 tributi
2937 3119 3098 3158 onere
3140 3103 3257 3158 haec
3290 3104 3416 3157 urbs
3445 3115 3629 3172 aggra-

1976 3192 2026 3257 C
2055 3204 2172 3249 vata
2195 3197 2517 3268 congemuit.
2552 3196 2701 3250 Nunc
2743 3207 2920 3250 autem
2970 3195 3247 3264 potestatis
3291 3203 3482 3247 vestra:
3524 3203 3630 3255 est,

2053 3298 2228 3342 utrum
2270 3287 2539 3343 censeatis
2593 3287 2958 3351 tributum,an
3003 3302 3108 3340 non
3143 3304 3154 3338 :
3189 3285 3283 3340 sed
3333 3284 3510 3339 videte
3563 3300 3632 3338 ne

2049 3380 2249 3449 aliquid
2283 3382 2537 3443 uoceatis,
2568 3381 2610 3434 si
2645 3391 2827 3434 contra
2862 3379 2979 3448 ejus
3017 3388 3412 3434 sacramentum
3444 3377 3630 3430 ambu-

2051 3472 2162 3524 lare
2186 3472 2487 3541 disponitis.
2525 3472 2647 3526 lla-c
2669 3487 2754 3525 me
2797 3471 3009 3526 dicente
3040 3471 3429 3540 responderunt
3455 3487 3470 3523 :
3498 3470 3632 3524 Ecce

2051 3560 2247 3615 librum
2279 3578 2386 3629 pta:
2428 3563 2673 3614 manibus
2718 3561 2999 3627 habemus,
3032 3562 3083 3615 in
3125 3576 3232 3627 quo
3259 3575 3456 3616 census
3509 3559 3630 3614 huic

2051 3654 2247 3723 populo
2274 3665 2356 3708 est
2387 3654 2636 3708 inllictus.
2667 3654 2734 3707 Et
2754 3669 2852 3723 ego
2905 3654 2990 3709 aio
3031 3673 3043 3707 :
3077 3654 3234 3708 Liber
3274 3653 3361 3707 hic
3408 3671 3436 3704 a
3496 3657 3634 3722 regis

2053 3745 2306 3799 thesauro
2335 3747 2542 3800 delatus
2596 3763 2701 3800 non
2731 3757 2846 3814 est,
2879 3762 2976 3801 nec
3008 3763 3238 3816 unquam
3274 3761 3370 3815 per
3401 3756 3478 3800 tot
3506 3762 3631 3800 con-

2050 3838 2217 3892 valuit
2237 3853 2425 3894 annos.
2457 3837 2570 3892 Non
2594 3847 2678 3893 est
2715 3839 2908 3893 mirum
2939 3839 3082 3892 enim
3133 3838 3176 3892 si
3211 3853 3306 3902 pro
3332 3838 3627 3890 inimicitiis

2054 3929 2242 3983 horum
2275 3931 2487 3987 civium.
2524 3930 2576 3982 in
2598 3930 2960 3999 cujuscunque
3007 3929 3168 3983 domo
3196 3939 3504 3984 reservatus
3529 3939 3630 3983 est.

2051 4021 2314 4076 Judicabit
2333 4023 2473 4076 enim
2499 4022 2638 4076 Deus
2660 4037 2819 4091 super
2839 4037 2954 4086 eos,
2985 4021 3073 4089 qui
3099 4036 3195 4090 pro
3225 4021 3412 4090 spoliis
3431 4021 3631 4074 civium

2055 4122 2360 4167 nostrorum
2435 4113 2576 4168 hunc
2623 4122 2742 4182 post
2789 4113 2921 4167 tanti
2987 4110 3244 4180 temporis
3303 4121 3630 4165 transactum

2053 4206 2281 4272 spatium
2309 4206 2662 4273 protulerunt.
2692 4204 2826 4258 Dutn
2859 4212 3037 4258 autem
3068 4205 3182 4257 htcc
3203 4213 3510 4273 agerentur,
3539 4209 3616 4255 Au

2053 4296 2164 4350 dini
2198 4297 2356 4360 ﬁlius,
2405 4298 2493 4366 qui
2535 4297 2727 4350 librum
2775 4297 2945 4365 ipsum
2978 4297 3292 4365 protulent,
3327 4296 3441 4360 ipsa
3488 4295 3576 4349 die
3603 4312 3632 4349 a

2056 4387 2202 4442 febre
2247 4396 2554 4456 correptus,
2579 4387 2664 4441 die
2713 4388 2869 4441 tertia
2917 4386 3226 4456 exspiravit.
3263 4384 3508 4439 Posthac
3538 4399 3633 4436 nos

2055 4479 2447 4534 transmisimus
2473 4480 2684 4533 nuntios
2709 4479 2773 4532 ad
2797 4494 2999 4549 regem,
3023 4490 3079 4532 ut
3107 4479 3232 4548 quid
3255 4479 3321 4532 de
3353 4477 3454 4532 hac
3476 4493 3634 4530 causa

377 4563 544 4616 iuncti
577 4561 784 4617 fuerant
828 4574 882 4617 et
930 4563 1000 4617 ob
1029 4564 1130 4618 hoc
1158 4566 1357 4630 viduis,
1381 4565 1742 4636 orphanisque
1770 4583 1831 4621 ac
1860 4569 1952 4623 de-
1981 4568 2031 4626 ι)
2051 4570 2284 4638 juberet,
2317 4571 2563 4625 tnandata
2599 4571 2918 4626 remitteret.
2947 4570 3052 4627 Sed
3086 4571 3326 4640 protinus
3352 4568 3634 4636 epistolam

380 4656 574 4708 bilibus
599 4656 780 4708 tributi
813 4655 1018 4723 pondus
1050 4656 1322 4711 insederat
1351 4677 1364 4712 :
1394 4660 1535 4722 quod
1583 4660 1632 4713 lti
1655 4660 1948 4716 discutien-

377 4752 455 4796 tes
475 4759 569 4812 per
584 4742 848 4804 ordinem.
868 4745 1167 4800 relaxantes
1192 4763 1451 4816 pauperes
1471 4764 1532 4803 ac
1555 4749 1795 4804 inﬁrmos
1809 4751 1948 4819 illos,

452 4888 480 4952 μ
517 4878 729 4952 R_cgm.,
762 4879 1036 4952 subjugare
1073 4884 1368 4949 potentiam.

449 4948 475 5021 ξ’
518 4949 606 5021 Sic
636 4966 764 5003 mss.
791 4948 982 5017 printer
1013 4953 1133 5006 Bee.
1159 4955 1246 5021 qui
1278 4970 1396 5007 cum
1425 4955 1582 5008 editis
1605 4966 1729 5009 ante
1751 4957 1952 5012 Clit-sn.

380 5019 538 5092 habet
564 5018 886 5092 Sigimundo.
941 5018 1204 5077 Chesnius
1236 5036 1516 5092 utramque
1544 5025 1828 5079 lectionem
1862 5044 1957 5082 ex-

383 5088 546 5163 ltiltet_.
589 5089 699 5163 {Son
733 5090 907 5163 minor
926 5101 1008 5163 est
1037 5095 1103 5146 de
1143 5095 1284 5147 Sedis
1321 5088 1442 5163 ejus
1473 5097 1686 5150 nomine
1724 5096 1950 5150 difﬁcul-

378 5169 478 5210 tas.
513 5158 636 5231 Bad.
671 5160 1297 5231 habetNoviociacensis:
1327 5158 1534 5231 Iiegm.,
1566 5164 1953 5223 Noviomcnsis:

377 5244 497 5305 quae
527 5229 681 5305 lt-ctio
808 5230 1015 5305 sincera
1043 5237 1142 5297 sit,
1183 5236 1330 5305 nulla
1362 5229 1609 5305 superest
1639 5237 1948 5293 difﬁcultas.

380 5295 622 5352 Valesius.
649 5309 700 5372 et
730 5299 968 5372 Cttintius
1005 5295 1284 5372 legendum
1325 5295 1444 5359 esse
1481 5307 1787 5360 existimant
1831 5306 1948 5361 Mo-

380 5370 740 5446 guntiarensis.
772 5369 907 5423 Nihil
950 5369 1086 5446 locis
1125 5373 1245 5428 huic
1264 5374 1571 5446 difﬁcultati
1618 5377 1831 5446 aii‘ulget
1875 5395 1942 5432 ex

380 5438 606 5507 vulgatis
637 5441 1003 5508 episcOporum
1027 5443 1467 5511 .Mogtrntinorum
1499 5460 1589 5498 seu
1624 5438 1939 5501 Noviomen-

379 5510 515 5582 siurn
558 5511 830 5582 catalugis.
889 5510 1146 5566 Sidonius
1178 5513 1317 5566 circa
1363 5515 1451 5566 illa
1502 5525 1738 5582 tempora
1776 5519 1943 5571 eccle-

379 5577 512 5630 siam
571 5577 925 5648 Mogontiuam
981 5583 1198 5651 regebat
1257 5597 1321 5636 ex
1381 5577 1671 5638 Fortunato
1721 5585 1812 5638 lib.
1871 5603 1944 5651 tx,

379 5661 548 5726 carm.
579 5651 633 5726 9_,
653 5651 754 5726 sed
776 5651 885 5726 jam
918 5662 1044 5726 tunc
1073 5653 1207 5706 forte
1223 5653 1460 5726 obierat,
1494 5664 1551 5708 ut
1576 5665 1758 5709 censet
1788 5655 1952 5726 coin-

382 5720 504 5792 IIIIS,
534 5720 618 5787 qui
652 5721 749 5792 ipsi
781 5720 1022 5789 Gregorii
1068 5723 1234 5776 nostri
1267 5720 1657 5792 Sigiutundum,
1691 5741 1782 5778 seu
1813 5725 1949 5789 Sigi-

383 5783 613 5856 bertum,
638 5791 748 5846 sive
777 5783 966 5862 etiam,
1003 5793 1075 5850 uti
1105 5809 1224 5849 eum
1265 5783 1492 5865 appellat
1521 5783 1946 5864 Sera-rius,Wi'li-

2058 4677 2178 4714 cum
2219 4661 2533 4715 auctoritate
2575 4660 2593 4699 ί
2629 4661 2910 4722 miserunt.
2975 4677 3038 4715 ne
3083 4661 3308 4727 p0pulus
3337 4659 3636 4713 Turonicus

2062 4766 2158 4817 pro
2191 4751 2487 4805 reverentia
2510 4752 2678 4805 sancti
2725 4751 2932 4804 Martini
2982 4749 3404 4805 describet'etur.
3434 4750 3640 4817 Quibus

2063 4884 2271 4937 bertum
2313 4900 2640 4938 successrsse
2679 4885 2881 4938 scribit.
2930 4886 3288 4938 Thaumastus
3330 4900 3422 4935 εριι
3459 4885 3636 4940 Then-

2066 4966 2269 5008 mastns
2313 4955 2730 5008 Momociaceusis
2783 4957 2908 5008 item
2961 4960 3244 5024 cpiscopus
3294 4956 3539 5008 laudatur
3584 4960 3636 5009 in

2067 5024 2159 5078 lib.
2185 5027 2250 5079 de
2275 5026 2424 5078 Glor.
2456 5025 2729 5087 Confess.,
2761 5040 2879 5092 cap.
2913 5024 3002 5080 53.

2135 5105 2158 5132 ο
2197 5095 2400 5156 Casin.,
2425 5096 2790 5147 convenientia.

2127 5163 2153 5199 ά
2187 5165 2335 5217 Colb.
2366 5154 2414 5218 at.
2448 5164 2639 5217 Domus
2684 5163 2909 5232 Regitur.
2939 5154 3127 5229 Regni.
3157 5181 3285 5219 vero
3322 5164 3627 5219 Romulium

2053 5235 2233 5303 palatii
2264 5236 2603 5288 vicecomitem
2625 5235 2913 5304 ,appellat.
2950 5236 3021 5290 De
3053 5236 3133 5288 his
3158 5237 3279 5288 vide
3312 5235 3402 5289 lib.
3437 5251 3486 5289 tv
3538 5237 3636 5290 lli-

2189 5306 2357 5424 stitgeti
2387 5305 2592 5359 Martini
2626 5319 2748 5374 cap.
2777 5304 2838 5368 6,
2864 5315 2918 5358 et
2955 5306 3235 5360 Fortunat.
3271 5306 3362 5359 lib.
3385 5323 3434 5367 χ,
3465 5322 3633 5360 carm.

2107 5384 2192 5426 tet
2296 5413 2308 5426 .

2092 5377 2119 5422 ti
2139 5384 2192 5426 et
2226 5377 2308 5426 I8.

2128 5453 2151 5512 ἐ
2176 5443 2312 5496 Edni
2344 5445 2546 5512 aliquot
2573 5459 2694 5498 cum
2735 5445 2856 5499 Bec.
2888 5445 3128 5499 innovate
3149 5461 3224 5497 re.

2129 5511 2147 5550 ί
2179 5511 2489 5568 auctoritas
2517 5515 2770 5581 diploma,
2795 5531 2889 5570 seu
2919 5527 3241 5583 praeceptum
3267 5515 3470 5583 regium
3497 5525 3632 5580 erat,

2053 5583 2191 5651 quod
2225 5586 2419 5637 ceteris
2456 5588 2740 5653 prazstabat
2764 5626 2778 5646 ,
2829 5586 3072 5653 ideoque,
3109 5587 3182 5638 uti
3206 5586 3437 5653 videtur,
3475 5601 3634 5639 manu

2055 5654 2192 5721 regis
2212 5653 2591 5723 sobst-riptum,
2608 5670 2669 5708 ac
2693 5655 3066 5724 ipsiusannnlo
3086 5656 3390 5720 sigillatum,
3421 5655 3495 5709 uti
3526 5656 3607 5709 col

2055 5724 2234 5792 ligitur
2257 5739 2317 5775 ex
2347 5728 2505 5792 epist.
2557 5727 2615 5778 S.
2679 5725 3018 5790 Radegundis
3073 5724 3206 5777 infra
3235 5741 3354 5794 cap.
3381 5726 3472 5780 49..
3506 5725 3636 5780 Vide

2055 5794 2294 5863 Dignonii
2323 5807 2472 5851 notus
2501 5796 2551 5851 in
2585 5796 2674 5851 lib.
2710 5811 2723 5850 ι
2749 5797 2984 5851 Marculﬁ
3009 5795 3194 5851 Furm.
3225 5795 3278 5848 4.
