  <div class='ocr_page' id='page_1' title='image "/cluster/home/n/w/nwhite01/storage/ocr_20150623/71/hvd.32044054758743/262.png"; bbox 0 0 3966 6348; ppageno 0'>
   <div class='ocr_carea' id='block_1_1' title="bbox 316 272 443 328">
    <p class='ocr_par' dir='ltr' id='par_1_1' title="bbox 316 272 443 328">
     <span class='ocr_line' id='line_1_1' title="bbox 316 272 443 328; baseline -0.024 0"><span class='ocrx_word' id='word_1_1' title='bbox 316 272 443 328; x_wconf 71' lang='lat'><strong>509</strong></span> 
     </span>
    </p>
   </div>
   <div class='ocr_carea' id='block_1_2' title="bbox 1293 250 2636 314">
    <p class='ocr_par' dir='ltr' id='par_1_2' title="bbox 1293 250 2636 314">
     <span class='ocr_line' id='line_1_2' title="bbox 1293 250 2636 314; baseline -0.006 0"><span class='ocrx_word' id='word_1_2' title='bbox 1293 256 1615 314; x_wconf 70' lang='lat' dir='ltr'><strong>HISTORIA</strong></span> <span class='ocrx_word' id='word_1_3' title='bbox 1659 251 2107 313; x_wconf 70' lang='lat' dir='ltr'><strong>FRANCOKUM.</strong></span> <span class='ocrx_word' id='word_1_4' title='bbox 2151 250 2353 307; x_wconf 78' lang='lat' dir='ltr'><strong>LIBER</strong></span> <span class='ocrx_word' id='word_1_5' title='bbox 2396 250 2636 308; x_wconf 80' lang='lat' dir='ltr'><strong>NONUS.</strong></span> 
     </span>
    </p>
   </div>
   <div class='ocr_carea' id='block_1_3' title="bbox 3497 250 3603 327">
    <p class='ocr_par' dir='ltr' id='par_1_3' title="bbox 3497 250 3603 327">
     <span class='ocr_line' id='line_1_3' title="bbox 3497 250 3603 327; baseline 0.019 -19"><span class='ocrx_word' id='word_1_6' title='bbox 3497 250 3603 327; x_wconf 76' lang='lat' dir='ltr'><strong>sto</strong></span> 
     </span>
    </p>
   </div>
   <div class='ocr_carea' id='block_1_4' title="bbox 314 364 3600 444">
    <p class='ocr_par' dir='ltr' id='par_1_4' title="bbox 314 364 3600 444">
     <span class='ocr_line' id='line_1_4' title="bbox 314 364 3600 444; baseline -0.003 -10"><span class='ocrx_word' id='word_1_7' title='bbox 314 380 569 443; x_wconf 74' lang='lat' dir='ltr'><strong>selectis,</strong></span> <span class='ocrx_word' id='word_1_8' title='bbox 594 378 773 434; x_wconf 88' lang='lat' dir='ltr'><strong>statim</strong></span> <span class='ocrx_word' id='word_1_9' title='bbox 814 376 912 431; x_wconf 92' lang='lat' dir='ltr'><strong>viri</strong></span> <span class='ocrx_word' id='word_1_10' title='bbox 941 376 1031 444; x_wconf 98' lang='lat' dir='ltr'><strong>qui</strong></span> <span class='ocrx_word' id='word_1_11' title='bbox 1052 374 1118 429; x_wconf 89' lang='lat' dir='ltr'><strong>ad</strong></span> <span class='ocrx_word' id='word_1_12' title='bbox 1149 374 1265 429; x_wconf 67' lang='lat' dir='ltr'><strong>haec</strong></span> <span class='ocrx_word' id='word_1_13' title='bbox 1293 373 1437 427; x_wconf 85' lang='lat' dir='ltr'><strong>missi</strong></span> <span class='ocrx_word' id='word_1_14' title='bbox 1470 372 1700 435; x_wconf 87' lang='lat' dir='ltr'><strong>fuerant,</strong></span> <span class='ocrx_word' id='word_1_15' title='bbox 1727 370 1791 422; x_wconf 91' lang='lat' dir='ltr'><strong>ad</strong></span> <span class='ocrx_word' id='word_1_16' title='bbox 1819 382 1911 437; x_wconf 60' lang='lat' dir='ltr'><strong>pa-</strong></span> <span class='ocrx_word' id='word_1_17' title='bbox 1938 370 1986 426; x_wconf 80' lang='grc' dir='ltr'><strong>Α</strong></span> <span class='ocrx_word' id='word_1_18' title='bbox 2016 365 2253 434; x_wconf 79' lang='lat' dir='ltr'><strong>reginam</strong></span> <span class='ocrx_word' id='word_1_19' title='bbox 2286 368 2573 435; x_wconf 85' lang='lat' dir='ltr'><strong>opprobria</strong></span> <span class='ocrx_word' id='word_1_20' title='bbox 2597 365 2851 433; x_wconf 83' lang='lat' dir='ltr'><strong>jactahat,</strong></span> <span class='ocrx_word' id='word_1_21' title='bbox 2882 364 3069 419; x_wconf 89' lang='lat' dir='ltr'><strong>dicens</strong></span> <span class='ocrx_word' id='word_1_22' title='bbox 3093 365 3212 436; x_wconf 84' lang='lat' dir='ltr'><strong>ejus</strong></span> <span class='ocrx_word' id='word_1_23' title='bbox 3238 366 3461 422; x_wconf 85' lang='lat' dir='ltr'><strong>consilio</strong></span> <span class='ocrx_word' id='word_1_24' title='bbox 3483 370 3600 425; x_wconf 64' lang='lat' dir='ltr'><strong>base</strong></span> 
     </span>
    </p>
   </div>
   <div class='ocr_carea' id='block_1_5' title="bbox 310 472 918 541">
    <p class='ocr_par' dir='ltr' id='par_1_5' title="bbox 310 472 918 541">
     <span class='ocr_line' id='line_1_5' title="bbox 310 472 918 541; baseline -0.005 -15"><span class='ocrx_word' id='word_1_25' title='bbox 310 476 486 527; x_wconf 77' lang='lat' dir='ltr'><strong>triam</strong></span> <span class='ocrx_word' id='word_1_26' title='bbox 519 482 645 526; x_wconf 92' lang='lat' dir='ltr'><strong>sunt</strong></span> <span class='ocrx_word' id='word_1_27' title='bbox 671 472 918 541; x_wconf 86' lang='lat' dir='ltr'><strong>regressi.</strong></span> 
     </span>
    </p>
   </div>
   <div class='ocr_carea' id='block_1_6' title="bbox 403 561 1915 619">
    <p class='ocr_par' dir='ltr' id='par_1_6' title="bbox 403 561 1915 619">
     <span class='ocr_line' id='line_1_6' title="bbox 403 561 1915 619; baseline -0.007 0"><span class='ocrx_word' id='word_1_28' title='bbox 403 565 600 619; x_wconf 77' lang='lat' dir='ltr'><strong>XXXI.</strong></span> <span class='ocrx_word' id='word_1_29' title='bbox 636 564 1075 619; x_wconf 85' lang='lat' dir='ltr'><strong>Guntcbramnus</strong></span> <span class='ocrx_word' id='word_1_30' title='bbox 1104 570 1131 599; x_wconf 78' lang='grc' dir='ltr'>ι</span> <span class='ocrx_word' id='word_1_31' title='bbox 1161 576 1289 614; x_wconf 86' lang='lat' dir='ltr'><strong>vero</strong></span> <span class='ocrx_word' id='word_1_32' title='bbox 1323 576 1412 614; x_wconf 85' lang='lat' dir='ltr'><strong>rex</strong></span> <span class='ocrx_word' id='word_1_33' title='bbox 1453 561 1743 615; x_wconf 88' lang='lat' dir='ltr'><strong>exercitum</strong></span> <span class='ocrx_word' id='word_1_34' title='bbox 1766 570 1915 612; x_wconf 83' lang='lat' dir='ltr'><strong>enm-</strong></span> 
     </span>
    </p>
   </div>
   <div class='ocr_carea' id='block_1_7' title="bbox 314 648 1910 723">
    <p class='ocr_par' dir='ltr' id='par_1_7' title="bbox 314 648 1910 723">
     <span class='ocr_line' id='line_1_7' title="bbox 314 648 1910 723; baseline -0.003 -16"><span class='ocrx_word' id='word_1_35' title='bbox 314 657 498 709; x_wconf 80' lang='lat' dir='ltr'><strong>movit</strong></span> <span class='ocrx_word' id='word_1_36' title='bbox 530 660 581 708; x_wconf 90' lang='lat' dir='ltr'><strong>in</strong></span> <span class='ocrx_word' id='word_1_37' title='bbox 622 655 1005 723; x_wconf 79' lang='lat' dir='ltr'><strong>Septimaniam</strong></span> <span class='ocrx_word' id='word_1_38' title='bbox 1038 652 1101 718; x_wconf 70' lang='lat' dir='ltr'><strong>b&#39;,</strong></span> <span class='ocrx_word' id='word_1_39' title='bbox 1144 651 1533 705; x_wconf 82' lang='lat' dir='ltr'><strong>Austroualdus</strong></span> <span class='ocrx_word' id='word_1_40' title='bbox 1578 659 1754 703; x_wconf 89' lang='lat' dir='ltr'><strong>autem</strong></span> <span class='ocrx_word' id='word_1_41' title='bbox 1805 648 1910 702; x_wconf 88' lang='lat' dir='ltr'><strong>dux</strong></span> 
     </span>
    </p>
   </div>
   <div class='ocr_carea' id='block_1_8' title="bbox 316 744 1912 813">
    <p class='ocr_par' dir='ltr' id='par_1_8' title="bbox 316 744 1912 813">
     <span class='ocr_line' id='line_1_8' title="bbox 316 744 1912 813; baseline -0.006 -15"><span class='ocrx_word' id='word_1_42' title='bbox 316 749 479 813; x_wconf 84' lang='lat' dir='ltr'><strong>prius</strong></span> <span class='ocrx_word' id='word_1_43' title='bbox 518 747 903 800; x_wconf 88' lang='lat' dir='ltr'><strong>Carcassonam</strong></span> <span class='ocrx_word' id='word_1_44' title='bbox 933 744 1195 798; x_wconf 83' lang='lat' dir='ltr'><strong>accedens</strong></span> <span class='ocrx_word' id='word_1_45' title='bbox 1220 749 1550 797; x_wconf 88' lang='lat' dir='ltr'><strong>sacramenta</strong></span> <span class='ocrx_word' id='word_1_46' title='bbox 1584 749 1912 809; x_wconf 78' lang='lat' dir='ltr'><strong>susceperat,</strong></span> 
     </span>
    </p>
   </div>
   <div class='ocr_carea' id='block_1_9' title="bbox 315 834 1917 909">
    <p class='ocr_par' dir='ltr' id='par_1_9' title="bbox 315 834 1917 909">
     <span class='ocr_line' id='line_1_9' title="bbox 315 834 1917 909; baseline -0.005 -16"><span class='ocrx_word' id='word_1_47' title='bbox 315 842 586 905; x_wconf 71' lang='lat' dir='ltr'><strong>ipsosque</strong></span> <span class='ocrx_word' id='word_1_48' title='bbox 617 836 1055 909; x_wconf 85' lang='lat' dir='ltr'><strong>populosditiuni</strong></span> <span class='ocrx_word' id='word_1_49' title='bbox 1103 837 1390 906; x_wconf 78' lang='lat' dir='ltr'><strong>subegerat</strong></span> <span class='ocrx_word' id='word_1_50' title='bbox 1439 836 1616 904; x_wconf 70' lang='lat' dir='ltr'><strong>regiae.</strong></span> <span class='ocrx_word' id='word_1_51' title='bbox 1651 834 1767 887; x_wconf 81' lang='lat' dir='ltr'><strong>Rex</strong></span> <span class='ocrx_word' id='word_1_52' title='bbox 1820 848 1917 885; x_wconf 83' lang='lat' dir='ltr'><strong>au-</strong></span> 
     </span>
    </p>
   </div>
   <div class='ocr_carea' id='block_1_10' title="bbox 310 924 1910 996">
    <p class='ocr_par' dir='ltr' id='par_1_10' title="bbox 310 924 1910 996">
     <span class='ocr_line' id='line_1_10' title="bbox 310 924 1910 996; baseline -0.004 -14"><span class='ocrx_word' id='word_1_53' title='bbox 310 944 432 985; x_wconf 81' lang='lat' dir='ltr'><strong>tem</strong></span> <span class='ocrx_word' id='word_1_54' title='bbox 456 931 523 984; x_wconf 85' lang='lat' dir='ltr'><strong>ad</strong></span> <span class='ocrx_word' id='word_1_55' title='bbox 549 930 780 996; x_wconf 89' lang='lat' dir='ltr'><strong>reliquas</strong></span> <span class='ocrx_word' id='word_1_56' title='bbox 805 927 1050 982; x_wconf 79' lang='lat' dir='ltr'><strong>civitates</strong></span> <span class='ocrx_word' id='word_1_57' title='bbox 1064 926 1351 991; x_wconf 84' lang='lat' dir='ltr'><strong>capiendas</strong></span> <span class='ocrx_word' id='word_1_58' title='bbox 1378 924 1635 979; x_wconf 72' lang='lat' dir='ltr'><strong>liosouem</strong></span> <span class='ocrx_word' id='word_1_59' title='bbox 1659 938 1779 983; x_wconf 83' lang='lat' dir='ltr'><strong>cum</strong></span> <span class='ocrx_word' id='word_1_60' title='bbox 1807 925 1910 975; x_wconf 80' lang='lat' dir='ltr'><strong>An-</strong></span> 
     </span>
    </p>
   </div>
   <div class='ocr_carea' id='block_1_11' title="bbox 315 1015 1911 1084">
    <p class='ocr_par' dir='ltr' id='par_1_11' title="bbox 315 1015 1911 1084">
     <span class='ocr_line' id='line_1_11' title="bbox 315 1015 1911 1084; baseline -0.003 -10"><span class='ocrx_word' id='word_1_61' title='bbox 315 1024 486 1075; x_wconf 55' lang='lat' dir='ltr'><strong>testio</strong></span> <span class='ocrx_word' id='word_1_62' title='bbox 501 1021 803 1075; x_wconf 89' lang='lat' dir='ltr'><strong>destinavit.</strong></span> <span class='ocrx_word' id='word_1_63' title='bbox 832 1018 1208 1084; x_wconf 79' lang='lat' dir='ltr'><strong>Quiaccedcns</strong></span> <span class='ocrx_word' id='word_1_64' title='bbox 1232 1033 1353 1071; x_wconf 91' lang='lat' dir='ltr'><strong>cum</strong></span> <span class='ocrx_word' id='word_1_65' title='bbox 1374 1015 1640 1083; x_wconf 82' lang='lat' dir='ltr'><strong>superbia,</strong></span> <span class='ocrx_word' id='word_1_66' title='bbox 1655 1016 1911 1084; x_wconf 89' lang='lat' dir='ltr'><strong>despecto</strong></span> 
     </span>
    </p>
   </div>
   <div class='ocr_carea' id='block_1_12' title="bbox 317 1108 1910 1178">
    <p class='ocr_par' dir='ltr' id='par_1_12' title="bbox 317 1108 1910 1178">
     <span class='ocr_line' id='line_1_12' title="bbox 317 1108 1910 1178; baseline -0.006 -13"><span class='ocrx_word' id='word_1_67' title='bbox 317 1110 689 1166; x_wconf 78' lang='lat' dir='ltr'><strong>Austroualdo</strong></span> <span class='ocrx_word' id='word_1_68' title='bbox 715 1110 873 1175; x_wconf 86' lang='lat' dir='ltr'><strong>duce,</strong></span> <span class='ocrx_word' id='word_1_69' title='bbox 908 1120 1066 1178; x_wconf 90' lang='lat' dir='ltr'><strong>atque</strong></span> <span class='ocrx_word' id='word_1_70' title='bbox 1094 1108 1473 1173; x_wconf 88' lang='lat' dir='ltr'><strong>condemnato,</strong></span> <span class='ocrx_word' id='word_1_71' title='bbox 1504 1122 1597 1160; x_wconf 89' lang='lat' dir='ltr'><strong>cur</strong></span> <span class='ocrx_word' id='word_1_72' title='bbox 1617 1108 1819 1171; x_wconf 79' lang='lat' dir='ltr'><strong>absque</strong></span> <span class='ocrx_word' id='word_1_73' title='bbox 1845 1121 1910 1159; x_wconf 90' lang='lat' dir='ltr'><strong>eo</strong></span> 
     </span>
    </p>
   </div>
   <div class='ocr_carea' id='block_1_13' title="bbox 320 1197 1909 1270">
    <p class='ocr_par' dir='ltr' id='par_1_13' title="bbox 320 1197 1909 1270">
     <span class='ocr_line' id='line_1_13' title="bbox 320 1197 1909 1270; baseline -0.004 -14"><span class='ocrx_word' id='word_1_74' title='bbox 320 1207 721 1257; x_wconf 75' lang='lat' dir='ltr'><strong>(Zarcassonam</strong></span> <span class='ocrx_word' id='word_1_75' title='bbox 761 1202 962 1270; x_wconf 78' lang='lat' dir='ltr'><strong>ingredi</strong></span> <span class='ocrx_word' id='word_1_76' title='bbox 1004 1204 1453 1268; x_wconf 68' lang='lat' dir='ltr'><strong>prtesumpsisset,</strong></span> <span class='ocrx_word' id='word_1_77' title='bbox 1479 1200 1592 1267; x_wconf 87' lang='lat' dir='ltr'><strong>ipse</strong></span> <span class='ocrx_word' id='word_1_78' title='bbox 1621 1213 1741 1252; x_wconf 90' lang='lat' dir='ltr'><strong>cum</strong></span> <span class='ocrx_word' id='word_1_79' title='bbox 1772 1197 1909 1252; x_wconf 86' lang='lat' dir='ltr'><strong>San-</strong></span> 
     </span>
    </p>
   </div>
   <div class='ocr_carea' id='block_1_14' title="bbox 333 1289 1908 1363">
    <p class='ocr_par' dir='ltr' id='par_1_14' title="bbox 333 1289 1908 1363">
     <span class='ocr_line' id='line_1_14' title="bbox 333 1289 1908 1363; baseline -0.003 -16"><span class='ocrx_word' id='word_1_80' title='bbox 333 1294 555 1363; x_wconf 85' lang='lat' dir='ltr'><strong>tonicis,</strong></span> <span class='ocrx_word' id='word_1_81' title='bbox 593 1291 965 1362; x_wconf 85' lang='lat' dir='ltr'><strong>Petragoricis,</strong></span> <span class='ocrx_word' id='word_1_82' title='bbox 996 1289 1602 1361; x_wconf 85' lang='lat' dir='ltr'><strong>Burdegalensibusque,</strong></span> <span class='ocrx_word' id='word_1_83' title='bbox 1626 1290 1908 1357; x_wconf 80' lang='lat' dir='ltr'><strong>Agennen-</strong></span> 
     </span>
    </p>
   </div>
   <div class='ocr_carea' id='block_1_15' title="bbox 316 1377 1906 1453">
    <p class='ocr_par' dir='ltr' id='par_1_15' title="bbox 316 1377 1906 1453">
     <span class='ocr_line' id='line_1_15' title="bbox 316 1377 1906 1453; baseline -0.003 -13"><span class='ocrx_word' id='word_1_84' title='bbox 316 1388 473 1440; x_wconf 84' lang='lat' dir='ltr'><strong>sibus</strong></span> <span class='ocrx_word' id='word_1_85' title='bbox 493 1384 658 1440; x_wconf 87' lang='lat' dir='ltr'><strong>etiam</strong></span> <span class='ocrx_word' id='word_1_86' title='bbox 698 1400 760 1440; x_wconf 85' lang='lat' dir='ltr'><strong>ac</strong></span> <span class='ocrx_word' id='word_1_87' title='bbox 805 1384 1086 1438; x_wconf 83' lang='lat' dir='ltr'><strong>Tolosanis</strong></span> <span class='ocrx_word' id='word_1_88' title='bbox 1138 1383 1264 1438; x_wconf 91' lang='lat' dir='ltr'><strong>illuc</strong></span> <span class='ocrx_word' id='word_1_89' title='bbox 1312 1382 1505 1437; x_wconf 79' lang='lat' dir='ltr'><strong>direxit</strong></span> <span class='ocrx_word' id='word_1_90' title='bbox 1568 1377 1906 1453; x_wconf 75' lang='lat' dir='ltr'><strong>[perrexit].</strong></span> 
     </span>
    </p>
   </div>
   <div class='ocr_carea' id='block_1_16' title="bbox 315 1472 1913 1545">
    <p class='ocr_par' dir='ltr' id='par_1_16' title="bbox 315 1472 1913 1545">
     <span class='ocr_line' id='line_1_16' title="bbox 315 1472 1913 1545; baseline -0.004 -16"><span class='ocrx_word' id='word_1_91' title='bbox 315 1476 563 1545; x_wconf 86' lang='lat' dir='ltr'><strong>Cumque</strong></span> <span class='ocrx_word' id='word_1_92' title='bbox 577 1474 628 1528; x_wconf 89' lang='lat' dir='ltr'><strong>in</strong></span> <span class='ocrx_word' id='word_1_93' title='bbox 649 1476 744 1528; x_wconf 89' lang='lat' dir='ltr'><strong>hac</strong></span> <span class='ocrx_word' id='word_1_94' title='bbox 764 1474 1019 1543; x_wconf 80' lang='lat' dir='ltr'><strong>jactantia</strong></span> <span class='ocrx_word' id='word_1_95' title='bbox 1047 1474 1295 1536; x_wconf 86' lang='lat' dir='ltr'><strong>ferretur,</strong></span> <span class='ocrx_word' id='word_1_96' title='bbox 1323 1482 1376 1525; x_wconf 93' lang='lat' dir='ltr'><strong>et</strong></span> <span class='ocrx_word' id='word_1_97' title='bbox 1403 1472 1613 1526; x_wconf 86' lang='lat' dir='ltr'><strong>Gotthis</strong></span> <span class='ocrx_word' id='word_1_98' title='bbox 1642 1472 1755 1525; x_wconf 66' lang='lat' dir='ltr'><strong>haec</strong></span> <span class='ocrx_word' id='word_1_99' title='bbox 1786 1486 1913 1525; x_wconf 83' lang='lat' dir='ltr'><strong>nun-</strong></span> 
     </span>
    </p>
   </div>
   <div class='ocr_carea' id='block_1_17' title="bbox 318 1562 1909 1631">
    <p class='ocr_par' dir='ltr' id='par_1_17' title="bbox 318 1562 1909 1631">
     <span class='ocr_line' id='line_1_17' title="bbox 318 1562 1909 1631; baseline -0.001 -15"><span class='ocrx_word' id='word_1_100' title='bbox 318 1568 448 1617; x_wconf 89' lang='lat' dir='ltr'><strong>tiata</strong></span> <span class='ocrx_word' id='word_1_101' title='bbox 473 1564 717 1627; x_wconf 88' lang='lat' dir='ltr'><strong>fuissent,</strong></span> <span class='ocrx_word' id='word_1_102' title='bbox 740 1571 1058 1631; x_wconf 86' lang='lat' dir='ltr'><strong>paraverunt</strong></span> <span class='ocrx_word' id='word_1_103' title='bbox 1072 1578 1132 1618; x_wconf 86' lang='lat' dir='ltr'><strong>se</strong></span> <span class='ocrx_word' id='word_1_104' title='bbox 1149 1564 1198 1616; x_wconf 91' lang='lat' dir='ltr'><strong>in</strong></span> <span class='ocrx_word' id='word_1_105' title='bbox 1225 1563 1451 1617; x_wconf 80' lang='lat' dir='ltr'><strong>insidiis.</strong></span> <span class='ocrx_word' id='word_1_106' title='bbox 1481 1562 1576 1616; x_wconf 87' lang='lat' dir='ltr'><strong>llic</strong></span> <span class='ocrx_word' id='word_1_107' title='bbox 1596 1577 1725 1616; x_wconf 91' lang='lat' dir='ltr'><strong>vero</strong></span> <span class='ocrx_word' id='word_1_108' title='bbox 1748 1577 1909 1627; x_wconf 83' lang='lat' dir='ltr'><strong>super</strong></span> 
     </span>
    </p>
   </div>
   <div class='ocr_carea' id='block_1_18' title="bbox 319 1652 1903 1725">
    <p class='ocr_par' dir='ltr' id='par_1_18' title="bbox 319 1652 1903 1725">
     <span class='ocr_line' id='line_1_18' title="bbox 319 1652 1903 1725; baseline -0.001 -18"><span class='ocrx_word' id='word_1_109' title='bbox 319 1655 542 1708; x_wconf 79' lang='lat' dir='ltr'><strong>fluvium</strong></span> <span class='ocrx_word' id='word_1_110' title='bbox 562 1653 837 1722; x_wconf 80' lang='lat' dir='ltr'><strong>parvulum</strong></span> <span class='ocrx_word' id='word_1_111' title='bbox 856 1652 1017 1725; x_wconf 56' lang='lat'><strong>5,55</strong></span> <span class='ocrx_word' id='word_1_112' title='bbox 1038 1653 1389 1723; x_wconf 89' lang='lat' dir='ltr'><strong>propinquum</strong></span> <span class='ocrx_word' id='word_1_113' title='bbox 1414 1652 1527 1705; x_wconf 90' lang='lat' dir='ltr'><strong>urbi</strong></span> <span class='ocrx_word' id='word_1_114' title='bbox 1540 1662 1713 1707; x_wconf 89' lang='lat' dir='ltr'><strong>castra</strong></span> <span class='ocrx_word' id='word_1_115' title='bbox 1735 1653 1903 1721; x_wconf 90' lang='lat' dir='ltr'><strong>ponit,</strong></span> 
     </span>
    </p>
   </div>
   <div class='ocr_carea' id='block_1_19' title="bbox 2016 457 3601 527">
    <p class='ocr_par' dir='ltr' id='par_1_19' title="bbox 2016 457 3601 527">
     <span class='ocr_line' id='line_1_19' title="bbox 2016 457 3601 527; baseline 0.004 -17"><span class='ocrx_word' id='word_1_116' title='bbox 2016 472 2044 509; x_wconf 89' lang='lat' dir='ltr'><strong>a</strong></span> <span class='ocrx_word' id='word_1_117' title='bbox 2078 457 2188 511; x_wconf 85' lang='lat' dir='ltr'><strong>filio</strong></span> <span class='ocrx_word' id='word_1_118' title='bbox 2218 458 2356 519; x_wconf 87' lang='lat' dir='ltr'><strong>fieri,</strong></span> <span class='ocrx_word' id='word_1_119' title='bbox 2385 458 2585 512; x_wconf 81' lang='lat' dir='ltr'><strong>addens</strong></span> <span class='ocrx_word' id='word_1_120' title='bbox 2609 457 2939 527; x_wconf 84' lang='lat' dir='ltr'><strong>etiamquod</strong></span> <span class='ocrx_word' id='word_1_121' title='bbox 2971 457 3301 513; x_wconf 86' lang='lat' dir='ltr'><strong>Gundovaldi</strong></span> <span class='ocrx_word' id='word_1_122' title='bbox 3329 460 3601 527; x_wconf 83' lang='lat' dir='ltr'><strong>quondam</strong></span> 
     </span>
    </p>
   </div>
   <div class='ocr_carea' id='block_1_20' title="bbox 2016 546 3597 617">
    <p class='ocr_par' dir='ltr' id='par_1_20' title="bbox 2016 546 3597 617">
     <span class='ocr_line' id='line_1_20' title="bbox 2016 546 3597 617; baseline 0.004 -17"><span class='ocrx_word' id='word_1_123' title='bbox 2016 546 2181 601; x_wconf 81' lang='lat' dir='ltr'><strong>ﬁlium</strong></span> <span class='ocrx_word' id='word_1_124' title='bbox 2207 548 2481 602; x_wconf 87' lang='lat' dir='ltr'><strong>invitatum</strong></span> <span class='ocrx_word' id='word_1_125' title='bbox 2512 549 2757 617; x_wconf 86' lang='lat' dir='ltr'><strong>eonjugio</strong></span> <span class='ocrx_word' id='word_1_126' title='bbox 2781 549 3033 617; x_wconf 84' lang='lat' dir='ltr'><strong>copulare</strong></span> <span class='ocrx_word' id='word_1_127' title='bbox 3056 549 3232 603; x_wconf 81' lang='lat' dir='ltr'><strong>vellet.</strong></span> <span class='ocrx_word' id='word_1_128' title='bbox 3262 549 3411 604; x_wconf 88' lang='lat' dir='ltr'><strong>Unde</strong></span> <span class='ocrx_word' id='word_1_129' title='bbox 3434 551 3597 606; x_wconf 80' lang='lat' dir='ltr'><strong>etiam</strong></span> 
     </span>
    </p>
   </div>
   <div class='ocr_carea' id='block_1_21' title="bbox 2014 638 3597 709">
    <p class='ocr_par' dir='ltr' id='par_1_21' title="bbox 2014 638 3597 709">
     <span class='ocr_line' id='line_1_21' title="bbox 2014 638 3597 709; baseline 0.001 -16"><span class='ocrx_word' id='word_1_130' title='bbox 2014 638 2273 709; x_wconf 78' lang='lat' dir='ltr'><strong>synodum</strong></span> <span class='ocrx_word' id='word_1_131' title='bbox 2300 639 2462 709; x_wconf 58' lang='lat'><strong>[‘56</strong></span> <span class='ocrx_word' id='word_1_132' title='bbox 2481 640 2851 707; x_wconf 82' lang='lat' dir='ltr'><strong>episcoporum</strong></span> <span class='ocrx_word' id='word_1_133' title='bbox 2876 640 2927 692; x_wconf 95' lang='lat' dir='ltr'><strong>in</strong></span> <span class='ocrx_word' id='word_1_134' title='bbox 2950 639 3189 693; x_wconf 83' lang='lat' dir='ltr'><strong>kalendis</strong></span> <span class='ocrx_word' id='word_1_135' title='bbox 3207 640 3597 695; x_wconf 75' lang='lat' dir='ltr'><strong>Novembribus</strong></span> 
     </span>
    </p>
   </div>
   <div class='ocr_carea' id='block_1_22' title="bbox 2013 732 3595 802">
    <p class='ocr_par' dir='ltr' id='par_1_22' title="bbox 2013 732 3595 802">
     <span class='ocr_line' id='line_1_22' title="bbox 2013 732 3595 802; baseline 0.002 -18"><span class='ocrx_word' id='word_1_136' title='bbox 2013 733 2324 801; x_wconf 84' lang='lat' dir='ltr'><strong>congregari</strong></span> <span class='ocrx_word' id='word_1_137' title='bbox 2356 734 2628 801; x_wconf 68' lang='lat' dir='ltr'><strong>prtecepit.</strong></span> <span class='ocrx_word' id='word_1_138' title='bbox 2662 732 2915 801; x_wconf 74' lang='lat' dir='ltr'><strong>Multique</strong></span> <span class='ocrx_word' id='word_1_139' title='bbox 2941 732 3008 786; x_wconf 91' lang='lat' dir='ltr'><strong>de</strong></span> <span class='ocrx_word' id='word_1_140' title='bbox 3051 732 3308 795; x_wconf 78' lang='lat' dir='ltr'><strong>extremis</strong></span> <span class='ocrx_word' id='word_1_141' title='bbox 3357 733 3595 802; x_wconf 82' lang='lat' dir='ltr'><strong>partibus</strong></span> 
     </span>
    </p>
   </div>
   <div class='ocr_carea' id='block_1_23' title="bbox 2015 823 3593 894">
    <p class='ocr_par' dir='ltr' id='par_1_23' title="bbox 2015 823 3593 894">
     <span class='ocr_line' id='line_1_23' title="bbox 2015 823 3593 894; baseline 0.001 -16"><span class='ocrx_word' id='word_1_142' title='bbox 2015 823 2307 878; x_wconf 83' lang='lat' dir='ltr'><strong>Galliarum</strong></span> <span class='ocrx_word' id='word_1_143' title='bbox 2361 824 2425 879; x_wconf 91' lang='lat' dir='ltr'><strong>ad</strong></span> <span class='ocrx_word' id='word_1_144' title='bbox 2478 827 2618 879; x_wconf 89' lang='lat' dir='ltr'><strong>bunc</strong></span> <span class='ocrx_word' id='word_1_145' title='bbox 2662 838 2981 879; x_wconf 86' lang='lat' dir='ltr'><strong>conventum</strong></span> <span class='ocrx_word' id='word_1_146' title='bbox 3030 837 3397 894; x_wconf 86' lang='lat' dir='ltr'><strong>properantes,</strong></span> <span class='ocrx_word' id='word_1_147' title='bbox 3420 828 3486 882; x_wconf 92' lang='lat' dir='ltr'><strong>de</strong></span> <span class='ocrx_word' id='word_1_148' title='bbox 3511 827 3593 881; x_wconf 88' lang='lat' dir='ltr'><strong>via</strong></span> 
     </span>
    </p>
   </div>
   <div class='ocr_carea' id='block_1_24' title="bbox 2013 916 3595 985">
    <p class='ocr_par' dir='ltr' id='par_1_24' title="bbox 2013 916 3595 985">
     <span class='ocr_line' id='line_1_24' title="bbox 2013 916 3595 985; baseline 0.004 -20"><span class='ocrx_word' id='word_1_149' title='bbox 2013 916 2241 983; x_wconf 77' lang='lat' dir='ltr'><strong>regressi</strong></span> <span class='ocrx_word' id='word_1_150' title='bbox 2271 924 2415 980; x_wconf 88' lang='lat' dir='ltr'><strong>sunt,</strong></span> <span class='ocrx_word' id='word_1_151' title='bbox 2450 932 2544 984; x_wconf 91' lang='lat' dir='ltr'><strong>pro</strong></span> <span class='ocrx_word' id='word_1_152' title='bbox 2566 931 2633 970; x_wconf 91' lang='lat' dir='ltr'><strong>eo</strong></span> <span class='ocrx_word' id='word_1_153' title='bbox 2664 917 2800 985; x_wconf 89' lang='lat' dir='ltr'><strong>quod</strong></span> <span class='ocrx_word' id='word_1_154' title='bbox 2852 916 3209 971; x_wconf 86' lang='lat' dir='ltr'><strong>Bruttichildis</strong></span> <span class='ocrx_word' id='word_1_155' title='bbox 3236 919 3414 985; x_wconf 82' lang='lat' dir='ltr'><strong>regina</strong></span> <span class='ocrx_word' id='word_1_156' title='bbox 3444 933 3503 973; x_wconf 87' lang='lat' dir='ltr'><strong>se</strong></span> <span class='ocrx_word' id='word_1_157' title='bbox 3527 918 3595 971; x_wconf 85' lang='lat' dir='ltr'><strong>ab</strong></span> 
     </span>
    </p>
   </div>
   <div class='ocr_carea' id='block_1_25' title="bbox 2015 1006 3597 1064">
    <p class='ocr_par' dir='ltr' id='par_1_25' title="bbox 2015 1006 3597 1064">
     <span class='ocr_line' id='line_1_25' title="bbox 2015 1006 3597 1064; baseline 0.002 -5"><span class='ocrx_word' id='word_1_158' title='bbox 2015 1006 2113 1061; x_wconf 87' lang='lat' dir='ltr'><strong>hoc</strong></span> <span class='ocrx_word' id='word_1_159' title='bbox 2142 1008 2364 1062; x_wconf 89' lang='lat' dir='ltr'><strong>crimine</strong></span> <span class='ocrx_word' id='word_1_160' title='bbox 2391 1012 2539 1063; x_wconf 82' lang='lat' dir='ltr'><strong>exuit</strong></span> <span class='ocrx_word' id='word_1_161' title='bbox 2574 1009 2925 1063; x_wconf 87' lang='lat' dir='ltr'><strong>sacramentis</strong></span> <span class='ocrx_word' id='word_1_162' title='bbox 2962 1027 2975 1062; x_wconf 92' lang='lat'><strong>:</strong></span> <span class='ocrx_word' id='word_1_163' title='bbox 2999 1019 3051 1064; x_wconf 88' lang='lat' dir='ltr'><strong>et</strong></span> <span class='ocrx_word' id='word_1_164' title='bbox 3071 1010 3147 1063; x_wconf 90' lang='lat' dir='ltr'><strong>sic</strong></span> <span class='ocrx_word' id='word_1_165' title='bbox 3171 1009 3270 1063; x_wconf 89' lang='lat' dir='ltr'><strong>viis</strong></span> <span class='ocrx_word' id='word_1_166' title='bbox 3291 1009 3480 1063; x_wconf 87' lang='lat' dir='ltr'><strong>iterum</strong></span> <span class='ocrx_word' id='word_1_167' title='bbox 3511 1023 3597 1062; x_wconf 86' lang='lat' dir='ltr'><strong>re-</strong></span> 
     </span>
    </p>
   </div>
   <div class='ocr_carea' id='block_1_26' title="bbox 2011 1100 3593 1173">
    <p class='ocr_par' dir='ltr' id='par_1_26' title="bbox 2011 1100 3593 1173">
     <span class='ocr_line' id='line_1_26' title="bbox 2011 1100 3593 1173; baseline 0.004 -25"><span class='ocrx_word' id='word_1_168' title='bbox 2011 1100 2224 1163; x_wconf 86' lang='lat' dir='ltr'><strong>seratis,</strong></span> <span class='ocrx_word' id='word_1_169' title='bbox 2255 1100 2492 1165; x_wconf 89' lang='lat' dir='ltr'><strong>pervium</strong></span> <span class='ocrx_word' id='word_1_170' title='bbox 2549 1100 2791 1168; x_wconf 74' lang='lat' dir='ltr'><strong>patefecit</strong></span> <span class='ocrx_word' id='word_1_171' title='bbox 2829 1102 3127 1156; x_wconf 65' lang='lat' dir='ltr'><strong>videntibus</strong></span> <span class='ocrx_word' id='word_1_172' title='bbox 3151 1103 3216 1155; x_wconf 88' lang='lat' dir='ltr'><strong>ad</strong></span> <span class='ocrx_word' id='word_1_173' title='bbox 3250 1118 3425 1173; x_wconf 82' lang='lat' dir='ltr'><strong>regem</strong></span> <span class='ocrx_word' id='word_1_174' title='bbox 3449 1102 3593 1157; x_wconf 88' lang='lat' dir='ltr'><strong>Chil-</strong></span> 
     </span>
    </p>
   </div>
   <div class='ocr_carea' id='block_1_27' title="bbox 2010 1188 2597 1245">
    <p class='ocr_par' dir='ltr' id='par_1_27' title="bbox 2010 1188 2597 1245">
     <span class='ocr_line' id='line_1_27' title="bbox 2010 1188 2597 1245; baseline 0.002 -2"><span class='ocrx_word' id='word_1_175' title='bbox 2010 1188 2230 1243; x_wconf 67' lang='lat' dir='ltr'><strong>dehet&#39;tu</strong></span> <span class='ocrx_word' id='word_1_176' title='bbox 2259 1210 2287 1240; x_wconf 81' lang='grc' dir='ltr'>η</span> <span class='ocrx_word' id='word_1_177' title='bbox 2320 1192 2597 1245; x_wconf 72' lang='lat' dir='ltr'><strong>accedere.</strong></span> 
     </span>
    </p>
   </div>
   <div class='ocr_carea' id='block_1_28' title="bbox 2083 1280 3594 1353">
    <p class='ocr_par' dir='ltr' id='par_1_28' title="bbox 2083 1280 3594 1353">
     <span class='ocr_line' id='line_1_28' title="bbox 2083 1280 3594 1353; baseline 0.002 -19"><span class='ocrx_word' id='word_1_178' title='bbox 2083 1280 2321 1335; x_wconf 84' lang='lat' dir='ltr'><strong>XXXIII.</strong></span> <span class='ocrx_word' id='word_1_179' title='bbox 2357 1285 2446 1335; x_wconf 72' lang='lat' dir='ltr'><strong>Itis</strong></span> <span class='ocrx_word' id='word_1_180' title='bbox 2469 1282 2659 1335; x_wconf 49' lang='lat' dir='ltr'><strong>diebus</strong></span> <span class='ocrx_word' id='word_1_181' title='bbox 2692 1282 3033 1353; x_wconf 84' lang='lat' dir='ltr'><strong>Ingeltrudis,</strong></span> <span class='ocrx_word' id='word_1_182' title='bbox 3064 1290 3183 1352; x_wconf 73' lang='lat' dir='ltr'><strong>qua:</strong></span> <span class='ocrx_word' id='word_1_183' title='bbox 3212 1282 3594 1338; x_wconf 86' lang='lat' dir='ltr'><strong>monasterium</strong></span> 
     </span>
    </p>
   </div>
   <div class='ocr_carea' id='block_1_29' title="bbox 2010 1371 3595 1445">
    <p class='ocr_par' dir='ltr' id='par_1_29' title="bbox 2010 1371 3595 1445">
     <span class='ocr_line' id='line_1_29' title="bbox 2010 1371 3595 1445; baseline 0.003 -20"><span class='ocrx_word' id='word_1_184' title='bbox 2010 1371 2062 1425; x_wconf 91' lang='lat' dir='ltr'><strong>in</strong></span> <span class='ocrx_word' id='word_1_185' title='bbox 2086 1374 2220 1427; x_wconf 89' lang='lat' dir='ltr'><strong>atrio</strong></span> <span class='ocrx_word' id='word_1_186' title='bbox 2248 1376 2417 1427; x_wconf 77' lang='lat' dir='ltr'><strong>Sancti</strong></span> <span class='ocrx_word' id='word_1_187' title='bbox 2460 1375 2671 1429; x_wconf 82' lang='lat' dir='ltr'><strong>Martini</strong></span> <span class='ocrx_word' id='word_1_188' title='bbox 2714 1386 2979 1431; x_wconf 87' lang='lat' dir='ltr'><strong>statuerat</strong></span> <span class='ocrx_word' id='word_1_189' title='bbox 3018 1373 3068 1440; x_wconf 76' lang='grc' dir='ltr'><strong>ἀ,</strong></span> <span class='ocrx_word' id='word_1_190' title='bbox 3102 1376 3165 1429; x_wconf 90' lang='lat' dir='ltr'><strong>ad</strong></span> <span class='ocrx_word' id='word_1_191' title='bbox 3223 1390 3401 1444; x_wconf 83' lang='lat' dir='ltr'><strong>regem</strong></span> <span class='ocrx_word' id='word_1_192' title='bbox 3442 1375 3595 1445; x_wconf 87' lang='lat' dir='ltr'><strong>quasi</strong></span> 
     </span>
    </p>
   </div>
   <div class='ocr_carea' id='block_1_30' title="bbox 2010 1465 3587 1537">
    <p class='ocr_par' dir='ltr' id='par_1_30' title="bbox 2010 1465 3587 1537">
     <span class='ocr_line' id='line_1_30' title="bbox 2010 1465 3587 1537; baseline 0.003 -20"><span class='ocrx_word' id='word_1_193' title='bbox 2010 1465 2172 1518; x_wconf 82' lang='lat' dir='ltr'><strong>filiam</strong></span> <span class='ocrx_word' id='word_1_194' title='bbox 2198 1477 2509 1521; x_wconf 77' lang='lat' dir='ltr'><strong>accusatum</strong></span> <span class='ocrx_word' id='word_1_195' title='bbox 2542 1469 2801 1531; x_wconf 80' lang='lat' dir='ltr'><strong>processit</strong></span> <span class='ocrx_word' id='word_1_196' title='bbox 2835 1486 2850 1522; x_wconf 90' lang='lat'><strong>:</strong></span> <span class='ocrx_word' id='word_1_197' title='bbox 2886 1469 2936 1523; x_wconf 89' lang='lat' dir='ltr'><strong>in</strong></span> <span class='ocrx_word' id='word_1_198' title='bbox 2975 1484 3078 1537; x_wconf 90' lang='lat' dir='ltr'><strong>quo</strong></span> <span class='ocrx_word' id='word_1_199' title='bbox 3103 1469 3427 1522; x_wconf 83' lang='lat' dir='ltr'><strong>monasterio</strong></span> <span class='ocrx_word' id='word_1_200' title='bbox 3460 1467 3587 1521; x_wconf 75' lang='lat' dir='ltr'><strong>Ber-</strong></span> 
     </span>
    </p>
   </div>
   <div class='ocr_carea' id='block_1_31' title="bbox 2017 1555 3588 1632">
    <p class='ocr_par' dir='ltr' id='par_1_31' title="bbox 2017 1555 3588 1632">
     <span class='ocr_line' id='line_1_31' title="bbox 2017 1555 3588 1632; baseline 0.004 -25"><span class='ocrx_word' id='word_1_201' title='bbox 2017 1555 2282 1623; x_wconf 85' lang='lat' dir='ltr'><strong>tbefledis,</strong></span> <span class='ocrx_word' id='word_1_202' title='bbox 2317 1560 2421 1613; x_wconf 89' lang='lat' dir='ltr'><strong>lilia</strong></span> <span class='ocrx_word' id='word_1_203' title='bbox 2462 1560 2727 1629; x_wconf 87' lang='lat' dir='ltr'><strong>quondam</strong></span> <span class='ocrx_word' id='word_1_204' title='bbox 2761 1560 3060 1614; x_wconf 84' lang='lat' dir='ltr'><strong>Cbariberti</strong></span> <span class='ocrx_word' id='word_1_205' title='bbox 3112 1562 3269 1632; x_wconf 81' lang='lat' dir='ltr'><strong>regis,</strong></span> <span class='ocrx_word' id='word_1_206' title='bbox 3306 1561 3588 1615; x_wconf 85' lang='lat' dir='ltr'><strong>residebat.</strong></span> 
     </span>
    </p>
   </div>
   <div class='ocr_carea' id='block_1_32' title="bbox 2009 1648 3595 1719">
    <p class='ocr_par' dir='ltr' id='par_1_32' title="bbox 2009 1648 3595 1719">
     <span class='ocr_line' id='line_1_32' title="bbox 2009 1648 3595 1719; baseline 0.001 -14"><span class='ocrx_word' id='word_1_207' title='bbox 2009 1648 2113 1705; x_wconf 88' lang='lat' dir='ltr'><strong>Sed</strong></span> <span class='ocrx_word' id='word_1_208' title='bbox 2147 1651 2246 1705; x_wconf 89' lang='lat' dir='ltr'><strong>ista</strong></span> <span class='ocrx_word' id='word_1_209' title='bbox 2274 1651 2598 1719; x_wconf 82' lang='lat' dir='ltr'><strong>egredientc,</strong></span> <span class='ocrx_word' id='word_1_210' title='bbox 2628 1655 2742 1707; x_wconf 74' lang='lat' dir='ltr'><strong>Inec</strong></span> <span class='ocrx_word' id='word_1_211' title='bbox 2768 1654 2817 1706; x_wconf 89' lang='lat' dir='ltr'><strong>in</strong></span> <span class='ocrx_word' id='word_1_212' title='bbox 2855 1654 3305 1707; x_wconf 84' lang='lat' dir='ltr'><strong>Ccnomannicmn</strong></span> <span class='ocrx_word' id='word_1_213' title='bbox 3344 1664 3367 1691; x_wconf 74' lang='grc' dir='ltr'><strong>ο</strong></span> <span class='ocrx_word' id='word_1_214' title='bbox 3396 1662 3476 1707; x_wconf 91' lang='lat' dir='ltr'><strong>est</strong></span> <span class='ocrx_word' id='word_1_215' title='bbox 3513 1654 3595 1707; x_wconf 86' lang='lat' dir='ltr'><strong>in-</strong></span> 
     </span>
    </p>
   </div>
   <div class='ocr_carea' id='block_1_33' title="bbox 315 1726 3593 1817">
    <p class='ocr_par' dir='ltr' id='par_1_33' title="bbox 315 1726 3593 1817">
     <span class='ocr_line' id='line_1_33' title="bbox 315 1726 3593 1817; baseline 0.001 -20"><span class='ocrx_word' id='word_1_216' title='bbox 315 1748 494 1817; x_wconf 70' lang='lat' dir='ltr'><strong>epulis</strong></span> <span class='ocrx_word' id='word_1_217' title='bbox 517 1744 734 1812; x_wconf 88' lang='lat' dir='ltr'><strong>insedit,</strong></span> <span class='ocrx_word' id='word_1_218' title='bbox 752 1745 1096 1800; x_wconf 86' lang='lat' dir='ltr'><strong>ebrietatibus</strong></span> <span class='ocrx_word' id='word_1_219' title='bbox 1111 1745 1393 1808; x_wconf 86' lang='lat' dir='ltr'><strong>incumbit.</strong></span> <span class='ocrx_word' id='word_1_220' title='bbox 1409 1745 1663 1800; x_wconf 87' lang='lat' dir='ltr'><strong>conviciis</strong></span> <span class='ocrx_word' id='word_1_221' title='bbox 1684 1757 1737 1800; x_wconf 91' lang='lat' dir='ltr'><strong>et</strong></span> <span class='ocrx_word' id='word_1_222' title='bbox 1766 1747 1907 1802; x_wconf 80' lang='lat' dir='ltr'><strong>blas-</strong></span> <span class='ocrx_word' id='word_1_223' title='bbox 1941 1726 1990 1788; x_wconf 76' lang='grc' dir='ltr'><strong>Β</strong></span> <span class='ocrx_word' id='word_1_224' title='bbox 2013 1754 2216 1809; x_wconf 74' lang='lat' dir='ltr'><strong>gressa.</strong></span> <span class='ocrx_word' id='word_1_225' title='bbox 2254 1741 2378 1794; x_wconf 73' lang='lat' dir='ltr'><strong>Erat</strong></span> <span class='ocrx_word' id='word_1_226' title='bbox 2414 1743 2555 1795; x_wconf 87' lang='lat' dir='ltr'><strong>enim</strong></span> <span class='ocrx_word' id='word_1_227' title='bbox 2592 1744 2730 1814; x_wconf 69' lang='lat' dir='ltr'><strong>gula:</strong></span> <span class='ocrx_word' id='word_1_228' title='bbox 2774 1753 2826 1798; x_wconf 92' lang='lat' dir='ltr'><strong>et</strong></span> <span class='ocrx_word' id='word_1_229' title='bbox 2869 1759 3057 1798; x_wconf 86' lang='lat' dir='ltr'><strong>somno</strong></span> <span class='ocrx_word' id='word_1_230' title='bbox 3084 1743 3284 1807; x_wconf 89' lang='lat' dir='ltr'><strong>dedita,</strong></span> <span class='ocrx_word' id='word_1_231' title='bbox 3313 1754 3366 1797; x_wconf 90' lang='lat' dir='ltr'><strong>et</strong></span> <span class='ocrx_word' id='word_1_232' title='bbox 3396 1744 3593 1801; x_wconf 86' lang='lat' dir='ltr'><strong>nullam</strong></span> 
     </span>
    </p>
   </div>
   <div class='ocr_carea' id='block_1_34' title="bbox 318 1836 1909 1908">
    <p class='ocr_par' dir='ltr' id='par_1_34' title="bbox 318 1836 1909 1908">
     <span class='ocr_line' id='line_1_34' title="bbox 318 1836 1909 1908; baseline 0.001 -17"><span class='ocrx_word' id='word_1_233' title='bbox 318 1838 553 1908; x_wconf 86' lang='lat' dir='ltr'><strong>phemiis</strong></span> <span class='ocrx_word' id='word_1_234' title='bbox 599 1838 827 1894; x_wconf 82' lang='lat' dir='ltr'><strong>Guttbos</strong></span> <span class='ocrx_word' id='word_1_235' title='bbox 865 1852 1212 1908; x_wconf 83' lang='lat' dir='ltr'><strong>exaggerans.</strong></span> <span class='ocrx_word' id='word_1_236' title='bbox 1243 1836 1426 1907; x_wconf 92' lang='lat' dir='ltr'><strong>Illique</strong></span> <span class='ocrx_word' id='word_1_237' title='bbox 1456 1838 1720 1892; x_wconf 89' lang='lat' dir='ltr'><strong>irruentes</strong></span> <span class='ocrx_word' id='word_1_238' title='bbox 1744 1853 1909 1908; x_wconf 86' lang='lat' dir='ltr'><strong>super</strong></span> 
     </span>
    </p>
   </div>
   <div class='ocr_carea' id='block_1_35' title="bbox 320 1930 1904 2001">
    <p class='ocr_par' dir='ltr' id='par_1_35' title="bbox 320 1930 1904 2001">
     <span class='ocr_line' id='line_1_35' title="bbox 320 1930 1904 2001; baseline 0.002 -17"><span class='ocrx_word' id='word_1_239' title='bbox 320 1933 502 1997; x_wconf 85' lang='lat' dir='ltr'><strong>ipsos,</strong></span> <span class='ocrx_word' id='word_1_240' title='bbox 550 1931 824 2000; x_wconf 86' lang='lat' dir='ltr'><strong>reperiunt</strong></span> <span class='ocrx_word' id='word_1_241' title='bbox 866 1932 1145 2000; x_wconf 85' lang='lat' dir='ltr'><strong>epulantes</strong></span> <span class='ocrx_word' id='word_1_242' title='bbox 1184 1930 1647 2001; x_wconf 86' lang='lat' dir='ltr'><strong>inopinantesque.</strong></span> <span class='ocrx_word' id='word_1_243' title='bbox 1675 1931 1825 1986; x_wconf 84' lang='lat' dir='ltr'><strong>Tunc</strong></span> <span class='ocrx_word' id='word_1_244' title='bbox 1853 1932 1904 1987; x_wconf 93' lang='lat' dir='ltr'><strong>hi</strong></span> 
     </span>
    </p>
   </div>
   <div class='ocr_carea' id='block_1_36' title="bbox 316 2022 1904 2092">
    <p class='ocr_par' dir='ltr' id='par_1_36' title="bbox 316 2022 1904 2092">
     <span class='ocr_line' id='line_1_36' title="bbox 316 2022 1904 2092; baseline 0.004 -21"><span class='ocrx_word' id='word_1_245' title='bbox 316 2022 509 2074; x_wconf 83' lang='lat' dir='ltr'><strong>dantes</strong></span> <span class='ocrx_word' id='word_1_246' title='bbox 532 2036 715 2087; x_wconf 87' lang='lat' dir='ltr'><strong>voces,</strong></span> <span class='ocrx_word' id='word_1_247' title='bbox 746 2029 1034 2091; x_wconf 62' lang='lat' dir='ltr'><strong>exsurgunt</strong></span> <span class='ocrx_word' id='word_1_248' title='bbox 1079 2031 1263 2075; x_wconf 89' lang='lat' dir='ltr'><strong>contra</strong></span> <span class='ocrx_word' id='word_1_249' title='bbox 1287 2036 1403 2075; x_wconf 91' lang='lat' dir='ltr'><strong>eos.</strong></span> <span class='ocrx_word' id='word_1_250' title='bbox 1442 2024 1508 2076; x_wconf 79' lang='lat' dir='ltr'><strong>At</strong></span> <span class='ocrx_word' id='word_1_251' title='bbox 1538 2022 1608 2076; x_wconf 92' lang='lat' dir='ltr'><strong>illi</strong></span> <span class='ocrx_word' id='word_1_252' title='bbox 1636 2023 1904 2092; x_wconf 88' lang='lat' dir='ltr'><strong>paululum</strong></span> 
     </span>
    </p>
   </div>
   <div class='ocr_carea' id='block_1_37' title="bbox 318 2113 1906 2184">
    <p class='ocr_par' dir='ltr' id='par_1_37' title="bbox 318 2113 1906 2184">
     <span class='ocr_line' id='line_1_37' title="bbox 318 2113 1906 2184; baseline 0.003 -19"><span class='ocrx_word' id='word_1_253' title='bbox 318 2114 659 2175; x_wconf 72' lang='lat' dir='ltr'><strong>resistentes,</strong></span> <span class='ocrx_word' id='word_1_254' title='bbox 687 2114 862 2183; x_wconf 87' lang='lat' dir='ltr'><strong>fugam</strong></span> <span class='ocrx_word' id='word_1_255' title='bbox 885 2113 1169 2179; x_wconf 87' lang='lat' dir='ltr'><strong>simulant,</strong></span> <span class='ocrx_word' id='word_1_256' title='bbox 1209 2113 1761 2184; x_wconf 87' lang='lat' dir='ltr'><strong>prosequentibusque</strong></span> <span class='ocrx_word' id='word_1_257' title='bbox 1790 2114 1906 2169; x_wconf 87' lang='lat' dir='ltr'><strong>istis</strong></span> 
     </span>
    </p>
   </div>
   <div class='ocr_carea' id='block_1_38' title="bbox 314 2202 1907 2271">
    <p class='ocr_par' dir='ltr' id='par_1_38' title="bbox 314 2202 1907 2271">
     <span class='ocr_line' id='line_1_38' title="bbox 314 2202 1907 2271; baseline 0.003 -16"><span class='ocrx_word' id='word_1_258' title='bbox 314 2211 646 2270; x_wconf 87' lang='lat' dir='ltr'><strong>consurgunt</strong></span> <span class='ocrx_word' id='word_1_259' title='bbox 689 2203 776 2271; x_wconf 89' lang='lat' dir='ltr'><strong>qui</strong></span> <span class='ocrx_word' id='word_1_260' title='bbox 812 2205 1088 2271; x_wconf 76' lang='lat' dir='ltr'><strong>praeparati</strong></span> <span class='ocrx_word' id='word_1_261' title='bbox 1142 2211 1297 2257; x_wconf 90' lang='lat' dir='ltr'><strong>erant</strong></span> <span class='ocrx_word' id='word_1_262' title='bbox 1322 2202 1391 2257; x_wconf 89' lang='lat' dir='ltr'><strong>de</strong></span> <span class='ocrx_word' id='word_1_263' title='bbox 1437 2203 1663 2271; x_wconf 83' lang='lat' dir='ltr'><strong>insidiis,</strong></span> <span class='ocrx_word' id='word_1_264' title='bbox 1689 2205 1907 2260; x_wconf 88' lang='lat' dir='ltr'><strong>conclu-</strong></span> 
     </span>
    </p>
   </div>
   <div class='ocr_carea' id='block_1_39' title="bbox 315 2293 1903 2365">
    <p class='ocr_par' dir='ltr' id='par_1_39' title="bbox 315 2293 1903 2365">
     <span class='ocr_line' id='line_1_39' title="bbox 315 2293 1903 2365; baseline 0.003 -17"><span class='ocrx_word' id='word_1_265' title='bbox 315 2293 613 2364; x_wconf 86' lang='lat' dir='ltr'><strong>dentesque</strong></span> <span class='ocrx_word' id='word_1_266' title='bbox 659 2309 750 2349; x_wconf 91' lang='lat' dir='ltr'><strong>eos</strong></span> <span class='ocrx_word' id='word_1_267' title='bbox 778 2294 831 2349; x_wconf 91' lang='lat' dir='ltr'><strong>in</strong></span> <span class='ocrx_word' id='word_1_268' title='bbox 854 2294 1030 2349; x_wconf 88' lang='lat' dir='ltr'><strong>medio</strong></span> <span class='ocrx_word' id='word_1_269' title='bbox 1046 2337 1064 2362; x_wconf 85' lang='lat'><strong>,</strong></span> <span class='ocrx_word' id='word_1_270' title='bbox 1088 2310 1256 2365; x_wconf 88' lang='lat' dir='ltr'><strong>usque</strong></span> <span class='ocrx_word' id='word_1_271' title='bbox 1278 2296 1341 2349; x_wconf 92' lang='lat' dir='ltr'><strong>ad</strong></span> <span class='ocrx_word' id='word_1_272' title='bbox 1363 2296 1784 2353; x_wconf 88' lang='lat' dir='ltr'><strong>internecionem</strong></span> <span class='ocrx_word' id='word_1_273' title='bbox 1810 2313 1903 2353; x_wconf 88' lang='lat' dir='ltr'><strong>ce-</strong></span> 
     </span>
    </p>
   </div>
   <div class='ocr_carea' id='block_1_40' title="bbox 315 2382 1905 2461">
    <p class='ocr_par' dir='ltr' id='par_1_40' title="bbox 315 2382 1905 2461">
     <span class='ocr_line' id='line_1_40' title="bbox 315 2382 1905 2461; baseline 0.004 -20"><span class='ocrx_word' id='word_1_274' title='bbox 315 2388 584 2442; x_wconf 86' lang='lat' dir='ltr'><strong>ciderunt.</strong></span> <span class='ocrx_word' id='word_1_275' title='bbox 615 2387 717 2456; x_wconf 84' lang='lat' dir='ltr'><strong>Qui</strong></span> <span class='ocrx_word' id='word_1_276' title='bbox 752 2396 928 2443; x_wconf 89' lang='lat' dir='ltr'><strong>autem</strong></span> <span class='ocrx_word' id='word_1_277' title='bbox 981 2388 1209 2461; x_wconf 86' lang='lat' dir='ltr'><strong>evadere</strong></span> <span class='ocrx_word' id='word_1_278' title='bbox 1261 2382 1567 2457; x_wconf 87' lang='lat' dir='ltr'><strong>potuerunt,</strong></span> <span class='ocrx_word' id='word_1_279' title='bbox 1595 2391 1680 2444; x_wconf 91' lang='lat' dir='ltr'><strong>vix</strong></span> <span class='ocrx_word' id='word_1_280' title='bbox 1725 2392 1905 2461; x_wconf 84' lang='lat' dir='ltr'><strong>equite</strong></span> 
     </span>
    </p>
   </div>
   <div class='ocr_carea' id='block_1_41' title="bbox 326 2475 1903 2549">
    <p class='ocr_par' dir='ltr' id='par_1_41' title="bbox 326 2475 1903 2549">
     <span class='ocr_line' id='line_1_41' title="bbox 326 2475 1903 2549; baseline 0.003 -18"><span class='ocrx_word' id='word_1_281' title='bbox 326 2477 430 2549; x_wconf 82' lang='grc' dir='ltr'><strong>[ΑΙ.</strong></span> <span class='ocrx_word' id='word_1_282' title='bbox 454 2475 619 2548; x_wconf 91' lang='lat' dir='ltr'><strong>equo]</strong></span> <span class='ocrx_word' id='word_1_283' title='bbox 649 2492 873 2533; x_wconf 87' lang='lat' dir='ltr'><strong>ascenso</strong></span> <span class='ocrx_word' id='word_1_284' title='bbox 897 2488 920 2517; x_wconf 70' lang='grc' dir='ltr'><strong><em>ε</em></strong></span> <span class='ocrx_word' id='word_1_285' title='bbox 948 2493 1040 2547; x_wconf 91' lang='lat' dir='ltr'><strong>per</strong></span> <span class='ocrx_word' id='word_1_286' title='bbox 1070 2477 1248 2548; x_wconf 91' lang='lat' dir='ltr'><strong>fugam</strong></span> <span class='ocrx_word' id='word_1_287' title='bbox 1297 2478 1488 2548; x_wconf 87' lang='lat' dir='ltr'><strong>dilapsi</strong></span> <span class='ocrx_word' id='word_1_288' title='bbox 1518 2488 1662 2545; x_wconf 88' lang='lat' dir='ltr'><strong>sunt,</strong></span> <span class='ocrx_word' id='word_1_289' title='bbox 1689 2494 1903 2536; x_wconf 88' lang='lat' dir='ltr'><strong>omnem</strong></span> 
     </span>
    </p>
   </div>
   <div class='ocr_carea' id='block_1_42' title="bbox 314 2567 1903 2640">
    <p class='ocr_par' dir='ltr' id='par_1_42' title="bbox 314 2567 1903 2640">
     <span class='ocr_line' id='line_1_42' title="bbox 314 2567 1903 2640; baseline 0.002 -18"><span class='ocrx_word' id='word_1_290' title='bbox 314 2567 707 2638; x_wconf 88' lang='lat' dir='ltr'><strong>supellectilem</strong></span> <span class='ocrx_word' id='word_1_291' title='bbox 738 2567 1096 2638; x_wconf 89' lang='lat' dir='ltr'><strong>relinquentes</strong></span> <span class='ocrx_word' id='word_1_292' title='bbox 1118 2568 1169 2621; x_wconf 91' lang='lat' dir='ltr'><strong>iu</strong></span> <span class='ocrx_word' id='word_1_293' title='bbox 1197 2567 1373 2637; x_wconf 89' lang='lat' dir='ltr'><strong>campi</strong></span> <span class='ocrx_word' id='word_1_294' title='bbox 1392 2568 1633 2638; x_wconf 89' lang='lat' dir='ltr'><strong>planitie,</strong></span> <span class='ocrx_word' id='word_1_295' title='bbox 1665 2569 1903 2640; x_wconf 83' lang='lat' dir='ltr'><strong>nihilque</strong></span> 
     </span>
    </p>
   </div>
   <div class='ocr_carea' id='block_1_43' title="bbox 317 2656 1904 2729">
    <p class='ocr_par' dir='ltr' id='par_1_43' title="bbox 317 2656 1904 2729">
     <span class='ocr_line' id='line_1_43' title="bbox 317 2656 1904 2729; baseline 0.003 -19"><span class='ocrx_word' id='word_1_296' title='bbox 317 2674 502 2713; x_wconf 80' lang='lat' dir='ltr'><strong>secum</strong></span> <span class='ocrx_word' id='word_1_297' title='bbox 534 2658 601 2713; x_wconf 90' lang='lat' dir='ltr'><strong>de</strong></span> <span class='ocrx_word' id='word_1_298' title='bbox 641 2658 803 2712; x_wconf 80' lang='lat' dir='ltr'><strong>rebus</strong></span> <span class='ocrx_word' id='word_1_299' title='bbox 835 2657 1059 2728; x_wconf 87' lang='lat' dir='ltr'><strong>propriis</strong></span> <span class='ocrx_word' id='word_1_300' title='bbox 1089 2656 1419 2723; x_wconf 78' lang='lat' dir='ltr'><strong>auferentes,</strong></span> <span class='ocrx_word' id='word_1_301' title='bbox 1450 2659 1549 2714; x_wconf 87' lang='lat' dir='ltr'><strong>hoc</strong></span> <span class='ocrx_word' id='word_1_302' title='bbox 1575 2674 1671 2727; x_wconf 90' lang='lat' dir='ltr'><strong>pro</strong></span> <span class='ocrx_word' id='word_1_303' title='bbox 1707 2674 1904 2729; x_wconf 75' lang='lat' dir='ltr'><strong>magno</strong></span> 
     </span>
    </p>
   </div>
   <div class='ocr_carea' id='block_1_44' title="bbox 312 2752 1901 2821">
    <p class='ocr_par' dir='ltr' id='par_1_44' title="bbox 312 2752 1901 2821">
     <span class='ocr_line' id='line_1_44' title="bbox 312 2752 1901 2821; baseline 0.001 -14"><span class='ocrx_word' id='word_1_304' title='bbox 312 2755 568 2808; x_wconf 80' lang='lat' dir='ltr'><strong>ducentes</strong></span> <span class='ocrx_word' id='word_1_305' title='bbox 593 2755 639 2808; x_wconf 90' lang='lat' dir='ltr'><strong>si</strong></span> <span class='ocrx_word' id='word_1_306' title='bbox 683 2754 761 2807; x_wconf 86' lang='lat' dir='ltr'><strong>vel</strong></span> <span class='ocrx_word' id='word_1_307' title='bbox 785 2754 890 2808; x_wconf 80' lang='lat' dir='ltr'><strong>vita</strong></span> <span class='ocrx_word' id='word_1_308' title='bbox 935 2752 1285 2809; x_wconf 86' lang='lat' dir='ltr'><strong>donarentur.</strong></span> <span class='ocrx_word' id='word_1_309' title='bbox 1326 2754 1675 2821; x_wconf 89' lang='lat' dir='ltr'><strong>Insequentes</strong></span> <span class='ocrx_word' id='word_1_310' title='bbox 1722 2762 1901 2809; x_wconf 91' lang='lat' dir='ltr'><strong>autem</strong></span> 
     </span>
    </p>
   </div>
   <div class='ocr_carea' id='block_1_45' title="bbox 314 2844 1897 2915">
    <p class='ocr_par' dir='ltr' id='par_1_45' title="bbox 314 2844 1897 2915">
     <span class='ocr_line' id='line_1_45' title="bbox 314 2844 1897 2915; baseline 0.005 -22"><span class='ocrx_word' id='word_1_311' title='bbox 314 2844 499 2897; x_wconf 70' lang='grc' dir='ltr'><strong>ιῖοιιιιί</strong></span> <span class='ocrx_word' id='word_1_312' title='bbox 534 2859 620 2898; x_wconf 91' lang='lat' dir='ltr'><strong>res</strong></span> <span class='ocrx_word' id='word_1_313' title='bbox 649 2859 832 2898; x_wconf 90' lang='lat' dir='ltr'><strong>eorum</strong></span> <span class='ocrx_word' id='word_1_314' title='bbox 856 2859 1042 2898; x_wconf 88' lang='lat' dir='ltr'><strong>omnes</strong></span> <span class='ocrx_word' id='word_1_315' title='bbox 1067 2845 1364 2913; x_wconf 89' lang='lat' dir='ltr'><strong>reperiunt,</strong></span> <span class='ocrx_word' id='word_1_316' title='bbox 1387 2844 1772 2915; x_wconf 85' lang='lat' dir='ltr'><strong>diripiuntque,</strong></span> <span class='ocrx_word' id='word_1_317' title='bbox 1808 2860 1897 2914; x_wconf 58' lang='lat' dir='ltr'><strong>pe.</strong></span> 
     </span>
    </p>
   </div>
   <div class='ocr_carea' id='block_1_46' title="bbox 313 2935 1901 3005">
    <p class='ocr_par' dir='ltr' id='par_1_46' title="bbox 313 2935 1901 3005">
     <span class='ocr_line' id='line_1_46' title="bbox 313 2935 1901 3005; baseline 0.004 -19"><span class='ocrx_word' id='word_1_318' title='bbox 313 2936 530 2990; x_wconf 68' lang='lat' dir='ltr'><strong>«Iestres</strong></span> <span class='ocrx_word' id='word_1_319' title='bbox 558 2950 745 2990; x_wconf 87' lang='lat' dir='ltr'><strong>omnes</strong></span> <span class='ocrx_word' id='word_1_320' title='bbox 786 2937 1029 3005; x_wconf 85' lang='lat' dir='ltr'><strong>captivos</strong></span> <span class='ocrx_word' id='word_1_321' title='bbox 1074 2936 1406 2992; x_wconf 86' lang='lat' dir='ltr'><strong>abducentes</strong></span> <span class='ocrx_word' id='word_1_322' title='bbox 1441 2935 1901 3005; x_wconf 78' lang='lat' dir='ltr'><strong>:ceCideruntque</strong></span> 
     </span>
    </p>
   </div>
   <div class='ocr_carea' id='block_1_47' title="bbox 317 3024 1898 3095">
    <p class='ocr_par' dir='ltr' id='par_1_47' title="bbox 317 3024 1898 3095">
     <span class='ocr_line' id='line_1_47' title="bbox 317 3024 1898 3095; baseline 0.003 -16"><span class='ocrx_word' id='word_1_323' title='bbox 317 3026 390 3079; x_wconf 86' lang='lat' dir='ltr'><strong>ibi</strong></span> <span class='ocrx_word' id='word_1_324' title='bbox 423 3027 573 3095; x_wconf 88' lang='lat' dir='ltr'><strong>quasi</strong></span> <span class='ocrx_word' id='word_1_325' title='bbox 597 3025 832 3095; x_wconf 89' lang='lat' dir='ltr'><strong>quinque</strong></span> <span class='ocrx_word' id='word_1_326' title='bbox 857 3024 1021 3079; x_wconf 87' lang='lat' dir='ltr'><strong>millia</strong></span> <span class='ocrx_word' id='word_1_327' title='bbox 1064 3026 1329 3091; x_wconf 89' lang='lat' dir='ltr'><strong>virorum;</strong></span> <span class='ocrx_word' id='word_1_328' title='bbox 1354 3025 1548 3094; x_wconf 79' lang='lat' dir='ltr'><strong>captivi</strong></span> <span class='ocrx_word' id='word_1_329' title='bbox 1578 3034 1757 3081; x_wconf 89' lang='lat' dir='ltr'><strong>autem</strong></span> <span class='ocrx_word' id='word_1_330' title='bbox 1784 3041 1898 3083; x_wconf 86' lang='lat' dir='ltr'><strong>am-</strong></span> 
     </span>
    </p>
   </div>
   <div class='ocr_carea' id='block_1_48' title="bbox 2010 1830 3593 1906">
    <p class='ocr_par' dir='ltr' id='par_1_48' title="bbox 2010 1830 3593 1906">
     <span class='ocr_line' id='line_1_48' title="bbox 2010 1830 3593 1906; baseline 0.004 -21"><span class='ocrx_word' id='word_1_331' title='bbox 2010 1831 2077 1887; x_wconf 92' lang='lat' dir='ltr'><strong>de</strong></span> <span class='ocrx_word' id='word_1_332' title='bbox 2108 1830 2288 1885; x_wconf 89' lang='lat' dir='ltr'><strong>officio</strong></span> <span class='ocrx_word' id='word_1_333' title='bbox 2316 1832 2412 1887; x_wconf 92' lang='lat' dir='ltr'><strong>Dei</strong></span> <span class='ocrx_word' id='word_1_334' title='bbox 2442 1848 2623 1888; x_wconf 90' lang='lat' dir='ltr'><strong>curam</strong></span> <span class='ocrx_word' id='word_1_335' title='bbox 2666 1836 2887 1889; x_wconf 85' lang='lat' dir='ltr'><strong>habens.</strong></span> <span class='ocrx_word' id='word_1_336' title='bbox 2922 1835 3200 1902; x_wconf 75' lang='lat' dir='ltr'><strong>Negotium</strong></span> <span class='ocrx_word' id='word_1_337' title='bbox 3260 1850 3386 1890; x_wconf 86' lang='lat' dir='ltr'><strong>vero</strong></span> <span class='ocrx_word' id='word_1_338' title='bbox 3417 1836 3593 1906; x_wconf 85' lang='lat' dir='ltr'><strong>lngel-</strong></span> 
     </span>
    </p>
   </div>
   <div class='ocr_carea' id='block_1_49' title="bbox 2012 1922 3593 1996">
    <p class='ocr_par' dir='ltr' id='par_1_49' title="bbox 2012 1922 3593 1996">
     <span class='ocr_line' id='line_1_49' title="bbox 2012 1922 3593 1996; baseline 0.004 -20"><span class='ocrx_word' id='word_1_339' title='bbox 2012 1922 2186 1977; x_wconf 89' lang='lat' dir='ltr'><strong>trudis</strong></span> <span class='ocrx_word' id='word_1_340' title='bbox 2211 1933 2263 1978; x_wconf 94' lang='lat' dir='ltr'><strong>et</strong></span> <span class='ocrx_word' id='word_1_341' title='bbox 2313 1923 2437 1977; x_wconf 71' lang='lat' dir='ltr'><strong>filiae</strong></span> <span class='ocrx_word' id='word_1_342' title='bbox 2479 1924 2595 1993; x_wconf 87' lang='lat' dir='ltr'><strong>ejus</strong></span> <span class='ocrx_word' id='word_1_343' title='bbox 2646 1925 2803 1979; x_wconf 89' lang='lat' dir='ltr'><strong>altius</strong></span> <span class='ocrx_word' id='word_1_344' title='bbox 2858 1925 3207 1993; x_wconf 76' lang='lat' dir='ltr'><strong>repetendum</strong></span> <span class='ocrx_word' id='word_1_345' title='bbox 3253 1938 3398 1995; x_wconf 91' lang='lat' dir='ltr'><strong>puto.</strong></span> <span class='ocrx_word' id='word_1_346' title='bbox 3432 1926 3593 1996; x_wconf 89' lang='lat' dir='ltr'><strong>Igitur</strong></span> 
     </span>
    </p>
   </div>
   <div class='ocr_carea' id='block_1_50' title="bbox 2009 2012 3591 2087">
    <p class='ocr_par' dir='ltr' id='par_1_50' title="bbox 2009 2012 3591 2087">
     <span class='ocr_line' id='line_1_50' title="bbox 2009 2012 3591 2087; baseline 0.006 -23"><span class='ocrx_word' id='word_1_347' title='bbox 2009 2022 2132 2068; x_wconf 86' lang='lat' dir='ltr'><strong>ante</strong></span> <span class='ocrx_word' id='word_1_348' title='bbox 2156 2012 2253 2068; x_wconf 89' lang='lat' dir='ltr'><strong>hos</strong></span> <span class='ocrx_word' id='word_1_349' title='bbox 2282 2028 2453 2069; x_wconf 87' lang='lat' dir='ltr'><strong>annos</strong></span> <span class='ocrx_word' id='word_1_350' title='bbox 2480 2032 2599 2069; x_wconf 91' lang='lat' dir='ltr'><strong>cum</strong></span> <span class='ocrx_word' id='word_1_351' title='bbox 2638 2016 2957 2085; x_wconf 90' lang='lat' dir='ltr'><strong>Ingeltrudis</strong></span> <span class='ocrx_word' id='word_1_352' title='bbox 2982 2020 3362 2072; x_wconf 89' lang='lat' dir='ltr'><strong>monasterium</strong></span> <span class='ocrx_word' id='word_1_353' title='bbox 3394 2020 3591 2087; x_wconf 62' lang='lat' dir='ltr'><strong>puellac</strong></span> 
     </span>
    </p>
   </div>
   <div class='ocr_carea' id='block_1_51' title="bbox 2010 2104 3591 2173">
    <p class='ocr_par' dir='ltr' id='par_1_51' title="bbox 2010 2104 3591 2173">
     <span class='ocr_line' id='line_1_51' title="bbox 2010 2104 3591 2173; baseline 0.004 -17"><span class='ocrx_word' id='word_1_354' title='bbox 2010 2118 2126 2157; x_wconf 90' lang='lat' dir='ltr'><strong>rum</strong></span> <span class='ocrx_word' id='word_1_355' title='bbox 2155 2104 2290 2158; x_wconf 87' lang='lat' dir='ltr'><strong>infra</strong></span> <span class='ocrx_word' id='word_1_356' title='bbox 2317 2106 2509 2159; x_wconf 89' lang='lat' dir='ltr'><strong>atrium</strong></span> <span class='ocrx_word' id='word_1_357' title='bbox 2560 2108 2731 2160; x_wconf 77' lang='lat' dir='ltr'><strong>sancti</strong></span> <span class='ocrx_word' id='word_1_358' title='bbox 2772 2106 3007 2173; x_wconf 80' lang='lat' dir='ltr'><strong>Martini,</strong></span> <span class='ocrx_word' id='word_1_359' title='bbox 3039 2116 3097 2160; x_wconf 92' lang='lat' dir='ltr'><strong>ut</strong></span> <span class='ocrx_word' id='word_1_360' title='bbox 3135 2107 3390 2170; x_wconf 85' lang='lat' dir='ltr'><strong>diximus,</strong></span> <span class='ocrx_word' id='word_1_361' title='bbox 3420 2109 3591 2163; x_wconf 85' lang='lat' dir='ltr'><strong>collo-</strong></span> 
     </span>
    </p>
   </div>
   <div class='ocr_carea' id='block_1_52' title="bbox 2009 2196 3590 2264">
    <p class='ocr_par' dir='ltr' id='par_1_52' title="bbox 2009 2196 3590 2264">
     <span class='ocr_line' id='line_1_52' title="bbox 2009 2196 3590 2264; baseline 0.004 -17"><span class='ocrx_word' id='word_1_362' title='bbox 2009 2207 2133 2248; x_wconf 87' lang='lat' dir='ltr'><strong>care</strong></span> <span class='ocrx_word' id='word_1_363' title='bbox 2155 2197 2429 2264; x_wconf 70' lang='lat' dir='ltr'><strong>cmpissct,</strong></span> <span class='ocrx_word' id='word_1_364' title='bbox 2464 2196 2585 2250; x_wconf 74' lang='lat' dir='ltr'><strong>filia:</strong></span> <span class='ocrx_word' id='word_1_365' title='bbox 2615 2211 2726 2250; x_wconf 69' lang='lat' dir='ltr'><strong>suae</strong></span> <span class='ocrx_word' id='word_1_366' title='bbox 2754 2197 2999 2250; x_wconf 87' lang='lat' dir='ltr'><strong>mandata</strong></span> <span class='ocrx_word' id='word_1_367' title='bbox 3020 2198 3199 2261; x_wconf 90' lang='lat' dir='ltr'><strong>mittit,</strong></span> <span class='ocrx_word' id='word_1_368' title='bbox 3227 2197 3410 2253; x_wconf 86' lang='lat' dir='ltr'><strong>dicens</strong></span> <span class='ocrx_word' id='word_1_369' title='bbox 3439 2217 3452 2251; x_wconf 92' lang='lat'>:</span> <span class='ocrx_word' id='word_1_370' title='bbox 3486 2199 3590 2254; x_wconf 82' lang='lat' dir='ltr'><strong>Re-</strong></span> 
     </span>
    </p>
   </div>
   <div class='ocr_carea' id='block_1_53' title="bbox 2011 2282 3588 2363">
    <p class='ocr_par' dir='ltr' id='par_1_53' title="bbox 2011 2282 3588 2363">
     <span class='ocr_line' id='line_1_53' title="bbox 2011 2282 3588 2363; baseline 0.006 -26"><span class='ocrx_word' id='word_1_371' title='bbox 2011 2282 2187 2352; x_wconf 83' lang='lat' dir='ltr'><strong>linque</strong></span> <span class='ocrx_word' id='word_1_372' title='bbox 2219 2287 2390 2340; x_wconf 91' lang='lat' dir='ltr'><strong>virum</strong></span> <span class='ocrx_word' id='word_1_373' title='bbox 2422 2296 2592 2353; x_wconf 90' lang='lat' dir='ltr'><strong>tuum,</strong></span> <span class='ocrx_word' id='word_1_374' title='bbox 2623 2299 2675 2342; x_wconf 90' lang='lat' dir='ltr'><strong>et</strong></span> <span class='ocrx_word' id='word_1_375' title='bbox 2703 2290 2821 2342; x_wconf 89' lang='lat' dir='ltr'><strong>veni</strong></span> <span class='ocrx_word' id='word_1_376' title='bbox 2853 2300 2908 2343; x_wconf 87' lang='lat' dir='ltr'><strong>ut</strong></span> <span class='ocrx_word' id='word_1_377' title='bbox 2939 2289 3131 2363; x_wconf 81' lang='lat' dir='ltr'><strong>faciam</strong></span> <span class='ocrx_word' id='word_1_378' title='bbox 3162 2298 3215 2344; x_wconf 90' lang='lat' dir='ltr'><strong>te</strong></span> <span class='ocrx_word' id='word_1_379' title='bbox 3262 2291 3588 2346; x_wconf 87' lang='lat' dir='ltr'><strong>abbatissam</strong></span> 
     </span>
    </p>
   </div>
   <div class='ocr_carea' id='block_1_54' title="bbox 2006 2376 3589 2459">
    <p class='ocr_par' dir='ltr' id='par_1_54' title="bbox 2006 2376 3589 2459">
     <span class='ocr_line' id='line_1_54' title="bbox 2006 2376 3589 2459; baseline 0.008 -33"><span class='ocrx_word' id='word_1_380' title='bbox 2006 2377 2153 2444; x_wconf 89' lang='lat' dir='ltr'><strong>gregi</strong></span> <span class='ocrx_word' id='word_1_381' title='bbox 2188 2376 2312 2432; x_wconf 89' lang='lat' dir='ltr'><strong>huic</strong></span> <span class='ocrx_word' id='word_1_382' title='bbox 2340 2393 2497 2447; x_wconf 92' lang='lat' dir='ltr'><strong>quem</strong></span> <span class='ocrx_word' id='word_1_383' title='bbox 2520 2379 2873 2449; x_wconf 84' lang='lat' dir='ltr'><strong>congregavi.</strong></span> <span class='ocrx_word' id='word_1_384' title='bbox 2900 2382 2970 2434; x_wconf 87' lang='lat' dir='ltr'><strong>At</strong></span> <span class='ocrx_word' id='word_1_385' title='bbox 2999 2380 3084 2459; x_wconf 44' lang='lat' dir='ltr'><strong>i‘lla</strong></span> <span class='ocrx_word' id='word_1_386' title='bbox 3107 2423 3121 2446; x_wconf 92' lang='lat'><strong>,</strong></span> <span class='ocrx_word' id='word_1_387' title='bbox 3153 2382 3333 2436; x_wconf 89' lang='lat' dir='ltr'><strong>audito</strong></span> <span class='ocrx_word' id='word_1_388' title='bbox 3364 2383 3589 2439; x_wconf 84' lang='lat' dir='ltr'><strong>levitatis</strong></span> 
     </span>
    </p>
   </div>
   <div class='ocr_carea' id='block_1_55' title="bbox 2007 2469 3589 2545">
    <p class='ocr_par' dir='ltr' id='par_1_55' title="bbox 2007 2469 3589 2545">
     <span class='ocr_line' id='line_1_55' title="bbox 2007 2469 3589 2545; baseline 0.004 -22"><span class='ocrx_word' id='word_1_389' title='bbox 2007 2469 2257 2535; x_wconf 89' lang='lat' dir='ltr'><strong>consilio,</strong></span> <span class='ocrx_word' id='word_1_390' title='bbox 2306 2486 2426 2525; x_wconf 91' lang='lat' dir='ltr'><strong>cum</strong></span> <span class='ocrx_word' id='word_1_391' title='bbox 2483 2471 2598 2525; x_wconf 87' lang='lat' dir='ltr'><strong>viro</strong></span> <span class='ocrx_word' id='word_1_392' title='bbox 2657 2472 2888 2527; x_wconf 85' lang='lat' dir='ltr'><strong>Turonis</strong></span> <span class='ocrx_word' id='word_1_393' title='bbox 2940 2472 3188 2539; x_wconf 87' lang='lat' dir='ltr'><strong>advenit;</strong></span> <span class='ocrx_word' id='word_1_394' title='bbox 3242 2474 3589 2545; x_wconf 78' lang='lat' dir='ltr'><strong>ingressuque</strong></span> 
     </span>
    </p>
   </div>
   <div class='ocr_carea' id='block_1_56' title="bbox 2006 2564 3588 2636">
    <p class='ocr_par' dir='ltr' id='par_1_56' title="bbox 2006 2564 3588 2636">
     <span class='ocr_line' id='line_1_56' title="bbox 2006 2564 3588 2636; baseline 0.004 -20"><span class='ocrx_word' id='word_1_395' title='bbox 2006 2564 2393 2619; x_wconf 88' lang='lat' dir='ltr'><strong>monasterium</strong></span> <span class='ocrx_word' id='word_1_396' title='bbox 2429 2565 2636 2633; x_wconf 87' lang='lat' dir='ltr'><strong>matris,</strong></span> <span class='ocrx_word' id='word_1_397' title='bbox 2665 2565 2879 2620; x_wconf 89' lang='lat' dir='ltr'><strong>dicebat</strong></span> <span class='ocrx_word' id='word_1_398' title='bbox 2908 2566 3025 2620; x_wconf 90' lang='lat' dir='ltr'><strong>viro</strong></span> <span class='ocrx_word' id='word_1_399' title='bbox 3054 2584 3067 2618; x_wconf 88' lang='lat'><strong>:</strong></span> <span class='ocrx_word' id='word_1_400' title='bbox 3110 2566 3413 2636; x_wconf 32' lang='lat' dir='ltr'><strong>Rt‘gredere</strong></span> <span class='ocrx_word' id='word_1_401' title='bbox 3444 2567 3588 2631; x_wconf 86' lang='lat' dir='ltr'><strong>hinc,</strong></span> 
     </span>
    </p>
   </div>
   <div class='ocr_carea' id='block_1_57' title="bbox 2010 2654 3589 2725">
    <p class='ocr_par' dir='ltr' id='par_1_57' title="bbox 2010 2654 3589 2725">
     <span class='ocr_line' id='line_1_57' title="bbox 2010 2654 3589 2725; baseline 0.006 -21"><span class='ocrx_word' id='word_1_402' title='bbox 2010 2661 2065 2705; x_wconf 90' lang='lat' dir='ltr'><strong>et</strong></span> <span class='ocrx_word' id='word_1_403' title='bbox 2092 2654 2329 2722; x_wconf 80' lang='lat' dir='ltr'><strong>guberna</strong></span> <span class='ocrx_word' id='word_1_404' title='bbox 2362 2670 2449 2710; x_wconf 90' lang='lat' dir='ltr'><strong>res</strong></span> <span class='ocrx_word' id='word_1_405' title='bbox 2475 2656 2777 2725; x_wconf 90' lang='lat' dir='ltr'><strong>liberosque</strong></span> <span class='ocrx_word' id='word_1_406' title='bbox 2829 2666 3063 2721; x_wconf 88' lang='lat' dir='ltr'><strong>nostros,</strong></span> <span class='ocrx_word' id='word_1_407' title='bbox 3089 2673 3209 2711; x_wconf 89' lang='lat' dir='ltr'><strong>nam</strong></span> <span class='ocrx_word' id='word_1_408' title='bbox 3238 2672 3336 2725; x_wconf 78' lang='lat' dir='ltr'><strong>ego</strong></span> <span class='ocrx_word' id='word_1_409' title='bbox 3368 2673 3471 2711; x_wconf 89' lang='lat' dir='ltr'><strong>non</strong></span> <span class='ocrx_word' id='word_1_410' title='bbox 3502 2673 3589 2713; x_wconf 87' lang='lat' dir='ltr'><strong>re-</strong></span> 
     </span>
    </p>
   </div>
   <div class='ocr_carea' id='block_1_58' title="bbox 2004 2748 3589 2821">
    <p class='ocr_par' dir='ltr' id='par_1_58' title="bbox 2004 2748 3589 2821">
     <span class='ocr_line' id='line_1_58' title="bbox 2004 2748 3589 2821; baseline 0.001 -20"><span class='ocrx_word' id='word_1_411' title='bbox 2004 2758 2182 2805; x_wconf 82' lang='lat' dir='ltr'><strong>vertar</strong></span> <span class='ocrx_word' id='word_1_412' title='bbox 2206 2759 2399 2804; x_wconf 87' lang='lat' dir='ltr'><strong>tecum.</strong></span> <span class='ocrx_word' id='word_1_413' title='bbox 2433 2748 2549 2806; x_wconf 80' lang='lat' dir='ltr'><strong>Non</strong></span> <span class='ocrx_word' id='word_1_414' title='bbox 2574 2748 2716 2804; x_wconf 91' lang='lat' dir='ltr'><strong>enim</strong></span> <span class='ocrx_word' id='word_1_415' title='bbox 2749 2748 2950 2803; x_wconf 89' lang='lat' dir='ltr'><strong>videbit</strong></span> <span class='ocrx_word' id='word_1_416' title='bbox 2974 2765 3191 2820; x_wconf 79' lang='lat' dir='ltr'><strong>regnum</strong></span> <span class='ocrx_word' id='word_1_417' title='bbox 3220 2750 3314 2805; x_wconf 88' lang='lat' dir='ltr'><strong>Dei</strong></span> <span class='ocrx_word' id='word_1_418' title='bbox 3342 2750 3589 2821; x_wconf 86' lang='lat' dir='ltr'><strong>conjugio</strong></span> 
     </span>
    </p>
   </div>
   <div class='ocr_carea' id='block_1_59' title="bbox 2003 2840 3586 2912">
    <p class='ocr_par' dir='ltr' id='par_1_59' title="bbox 2003 2840 3586 2912">
     <span class='ocr_line' id='line_1_59' title="bbox 2003 2840 3586 2912; baseline 0.002 -16"><span class='ocrx_word' id='word_1_419' title='bbox 2003 2841 2299 2912; x_wconf 89' lang='lat' dir='ltr'><strong>copulatus.</strong></span> <span class='ocrx_word' id='word_1_420' title='bbox 2332 2840 2428 2896; x_wconf 89' lang='lat' dir='ltr'><strong>Ille</strong></span> <span class='ocrx_word' id='word_1_421' title='bbox 2455 2857 2583 2896; x_wconf 89' lang='lat' dir='ltr'><strong>vero</strong></span> <span class='ocrx_word' id='word_1_422' title='bbox 2629 2842 2695 2896; x_wconf 89' lang='lat' dir='ltr'><strong>ad</strong></span> <span class='ocrx_word' id='word_1_423' title='bbox 2744 2858 2828 2897; x_wconf 91' lang='lat' dir='ltr'><strong>me</strong></span> <span class='ocrx_word' id='word_1_424' title='bbox 2855 2844 3096 2908; x_wconf 88' lang='lat' dir='ltr'><strong>veniens,</strong></span> <span class='ocrx_word' id='word_1_425' title='bbox 3142 2842 3406 2899; x_wconf 88' lang='lat' dir='ltr'><strong>nuntiavit</strong></span> <span class='ocrx_word' id='word_1_426' title='bbox 3456 2842 3586 2899; x_wconf 89' lang='lat' dir='ltr'><strong>mihi</strong></span> 
     </span>
    </p>
   </div>
   <div class='ocr_carea' id='block_1_60' title="bbox 2006 2934 3586 3008">
    <p class='ocr_par' dir='ltr' id='par_1_60' title="bbox 2006 2934 3586 3008">
     <span class='ocr_line' id='line_1_60' title="bbox 2006 2934 3586 3008; baseline 0.004 -21"><span class='ocrx_word' id='word_1_427' title='bbox 2006 2935 2187 2988; x_wconf 89' lang='lat' dir='ltr'><strong>omnia</strong></span> <span class='ocrx_word' id='word_1_428' title='bbox 2227 2950 2347 3004; x_wconf 64' lang='lat' dir='ltr'><strong>qua:</strong></span> <span class='ocrx_word' id='word_1_429' title='bbox 2393 2950 2421 2989; x_wconf 91' lang='lat' dir='ltr'><strong>a</strong></span> <span class='ocrx_word' id='word_1_430' title='bbox 2463 2934 2689 3006; x_wconf 88' lang='lat' dir='ltr'><strong>conjuge</strong></span> <span class='ocrx_word' id='word_1_431' title='bbox 2732 2935 2991 2993; x_wconf 88' lang='lat' dir='ltr'><strong>audierat.</strong></span> <span class='ocrx_word' id='word_1_432' title='bbox 3020 2936 3169 2992; x_wconf 77' lang='lat' dir='ltr'><strong>Tunc</strong></span> <span class='ocrx_word' id='word_1_433' title='bbox 3198 2953 3295 3008; x_wconf 87' lang='lat' dir='ltr'><strong>ego</strong></span> <span class='ocrx_word' id='word_1_434' title='bbox 3324 2937 3586 2993; x_wconf 82' lang='lat' dir='ltr'><strong>accedens</strong></span> 
     </span>
    </p>
   </div>
   <div class='ocr_carea' id='block_1_61' title="bbox 2005 3025 3587 3090">
    <p class='ocr_par' dir='ltr' id='par_1_61' title="bbox 2005 3025 3587 3090">
     <span class='ocr_line' id='line_1_61' title="bbox 2005 3025 3587 3090; baseline 0.005 -13"><span class='ocrx_word' id='word_1_435' title='bbox 2005 3025 2070 3078; x_wconf 91' lang='lat' dir='ltr'><strong>ad</strong></span> <span class='ocrx_word' id='word_1_436' title='bbox 2102 3026 2508 3090; x_wconf 80' lang='lat' dir='ltr'><strong>monasterium,</strong></span> <span class='ocrx_word' id='word_1_437' title='bbox 2555 3041 2818 3081; x_wconf 90' lang='lat' dir='ltr'><strong>canonum</strong></span> <span class='ocrx_word' id='word_1_438' title='bbox 2844 3027 3181 3082; x_wconf 69' lang='lat' dir='ltr'><strong>Nicmnorum</strong></span> <span class='ocrx_word' id='word_1_439' title='bbox 3237 3030 3455 3085; x_wconf 87' lang='lat' dir='ltr'><strong>decreta</strong></span> <span class='ocrx_word' id='word_1_440' title='bbox 3505 3043 3587 3085; x_wconf 58' lang='lat' dir='ltr'><strong>ren</strong></span> 
     </span>
    </p>
   </div>
   <div class='ocr_carea' id='block_1_62' title="bbox 317 3092 3576 3191">
    <p class='ocr_par' dir='ltr' id='par_1_62' title="bbox 317 3092 3576 3191">
     <span class='ocr_line' id='line_1_62' title="bbox 317 3092 3576 3191; baseline 0.002 -22"><span class='ocrx_word' id='word_1_441' title='bbox 317 3092 453 3182; x_wconf 82' lang='lat' dir='ltr'><strong>plius</strong></span> <span class='ocrx_word' id='word_1_442' title='bbox 480 3092 638 3186; x_wconf 82' lang='lat' dir='ltr'><strong>quam</strong></span> <span class='ocrx_word' id='word_1_443' title='bbox 673 3092 778 3170; x_wconf 79' lang='lat' dir='ltr'><strong>duo</strong></span> <span class='ocrx_word' id='word_1_444' title='bbox 807 3115 969 3170; x_wconf 82' lang='lat' dir='ltr'><strong>millia</strong></span> <span class='ocrx_word' id='word_1_445' title='bbox 1016 3116 1279 3171; x_wconf 86' lang='lat' dir='ltr'><strong>abierunt.</strong></span> <span class='ocrx_word' id='word_1_446' title='bbox 1312 3092 1460 3170; x_wconf 78' lang='lat' dir='ltr'><strong>Multi</strong></span> <span class='ocrx_word' id='word_1_447' title='bbox 1506 3125 1686 3173; x_wconf 89' lang='lat' dir='ltr'><strong>tamen</strong></span> <span class='ocrx_word' id='word_1_448' title='bbox 1716 3118 1783 3173; x_wconf 91' lang='lat' dir='ltr'><strong>ab</strong></span> <span class='ocrx_word' id='word_1_449' title='bbox 1816 3117 1899 3173; x_wconf 89' lang='lat' dir='ltr'><strong>bis</strong></span> <span class='ocrx_word' id='word_1_450' title='bbox 1924 3092 1969 3153; x_wconf 68' lang='grc' dir='ltr'><strong>δ</strong></span> <span class='ocrx_word' id='word_1_451' title='bbox 2003 3113 2126 3186; x_wconf 88' lang='lat' dir='ltr'><strong>legi,</strong></span> <span class='ocrx_word' id='word_1_452' title='bbox 2159 3116 2211 3170; x_wconf 93' lang='lat' dir='ltr'><strong>in</strong></span> <span class='ocrx_word' id='word_1_453' title='bbox 2241 3116 2434 3186; x_wconf 90' lang='lat' dir='ltr'><strong>quibus</strong></span> <span class='ocrx_word' id='word_1_454' title='bbox 2479 3118 2818 3172; x_wconf 88' lang='lat' dir='ltr'><strong>continetur:</strong></span> <span class='ocrx_word' id='word_1_455' title='bbox 2849 3118 2982 3185; x_wconf 84' lang='lat' dir='ltr'><strong>Quia</strong></span> <span class='ocrx_word' id='word_1_456' title='bbox 3028 3120 3214 3191; x_wconf 77' lang='lat' dir='ltr'><strong>siqua:</strong></span> <span class='ocrx_word' id='word_1_457' title='bbox 3246 3118 3265 3158; x_wconf 72' lang='grc' dir='ltr'>ί</span> <span class='ocrx_word' id='word_1_458' title='bbox 3312 3122 3576 3181; x_wconf 80' lang='lat' dir='ltr'><strong>reliquerit</strong></span> 
     </span>
    </p>
   </div>
   <div class='ocr_carea' id='block_1_63' title="bbox 316 3208 1161 3276">
    <p class='ocr_par' dir='ltr' id='par_1_63' title="bbox 316 3208 1161 3276">
     <span class='ocr_line' id='line_1_63' title="bbox 316 3208 1161 3276; baseline 0.001 -14"><span class='ocrx_word' id='word_1_459' title='bbox 316 3208 495 3269; x_wconf 86' lang='lat' dir='ltr'><strong>laxati,</strong></span> <span class='ocrx_word' id='word_1_460' title='bbox 532 3209 805 3264; x_wconf 88' lang='lat' dir='ltr'><strong>redierunt</strong></span> <span class='ocrx_word' id='word_1_461' title='bbox 832 3209 886 3262; x_wconf 90' lang='lat' dir='ltr'><strong>in</strong></span> <span class='ocrx_word' id='word_1_462' title='bbox 917 3211 1161 3276; x_wconf 90' lang='lat' dir='ltr'><strong>patriam.</strong></span> 
     </span>
    </p>
   </div>
   <div class='ocr_carea' id='block_1_64' title="bbox 386 3301 1895 3374">
    <p class='ocr_par' dir='ltr' id='par_1_64' title="bbox 386 3301 1895 3374">
     <span class='ocr_line' id='line_1_64' title="bbox 386 3301 1895 3374; baseline 0.002 -18"><span class='ocrx_word' id='word_1_463' title='bbox 386 3301 605 3356; x_wconf 85' lang='lat' dir='ltr'><strong>XXXII.</strong></span> <span class='ocrx_word' id='word_1_464' title='bbox 638 3301 952 3357; x_wconf 80' lang='lat' dir='ltr'><strong>Commorus</strong></span> <span class='ocrx_word' id='word_1_465' title='bbox 971 3311 1147 3357; x_wconf 91' lang='lat' dir='ltr'><strong>autem</strong></span> <span class='ocrx_word' id='word_1_466' title='bbox 1198 3317 1292 3356; x_wconf 84' lang='lat' dir='ltr'><strong>rex</strong></span> <span class='ocrx_word' id='word_1_467' title='bbox 1322 3304 1439 3357; x_wconf 88' lang='lat' dir='ltr'><strong>v&#39;as</strong></span> <span class='ocrx_word' id='word_1_468' title='bbox 1468 3302 1644 3357; x_wconf 89' lang='lat' dir='ltr'><strong>claudi</strong></span> <span class='ocrx_word' id='word_1_469' title='bbox 1688 3318 1785 3374; x_wconf 87' lang='lat' dir='ltr'><strong>per</strong></span> <span class='ocrx_word' id='word_1_470' title='bbox 1811 3319 1895 3359; x_wconf 81' lang='lat' dir='ltr'><strong>re-</strong></span> 
     </span>
    </p>
   </div>
   <div class='ocr_carea' id='block_1_65' title="bbox 314 3390 1895 3463">
    <p class='ocr_par' dir='ltr' id='par_1_65' title="bbox 314 3390 1895 3463">
     <span class='ocr_line' id='line_1_65' title="bbox 314 3390 1895 3463; baseline 0.004 -21"><span class='ocrx_word' id='word_1_471' title='bbox 314 3406 479 3460; x_wconf 79' lang='lat' dir='ltr'><strong>gnum</strong></span> <span class='ocrx_word' id='word_1_472' title='bbox 517 3407 669 3445; x_wconf 86' lang='lat' dir='ltr'><strong>suum</strong></span> <span class='ocrx_word' id='word_1_473' title='bbox 702 3391 978 3460; x_wconf 64' lang='lat' dir='ltr'><strong>praecepit,</strong></span> <span class='ocrx_word' id='word_1_474' title='bbox 1012 3407 1076 3446; x_wconf 90' lang='lat' dir='ltr'><strong>ne</strong></span> <span class='ocrx_word' id='word_1_475' title='bbox 1103 3391 1241 3446; x_wconf 91' lang='lat' dir='ltr'><strong>ullus</strong></span> <span class='ocrx_word' id='word_1_476' title='bbox 1266 3391 1332 3446; x_wconf 90' lang='lat' dir='ltr'><strong>de</strong></span> <span class='ocrx_word' id='word_1_477' title='bbox 1370 3390 1698 3447; x_wconf 86' lang='lat' dir='ltr'><strong>Childeberti</strong></span> <span class='ocrx_word' id='word_1_478' title='bbox 1732 3408 1895 3463; x_wconf 87' lang='lat' dir='ltr'><strong>regno</strong></span> 
     </span>
    </p>
   </div>
   <div class='ocr_carea' id='block_1_66' title="bbox 314 3482 1895 3553">
    <p class='ocr_par' dir='ltr' id='par_1_66' title="bbox 314 3482 1895 3553">
     <span class='ocr_line' id='line_1_66' title="bbox 314 3482 1895 3553; baseline 0.003 -18"><span class='ocrx_word' id='word_1_479' title='bbox 314 3499 410 3550; x_wconf 83' lang='lat' dir='ltr'><strong>per</strong></span> <span class='ocrx_word' id='word_1_480' title='bbox 438 3483 552 3551; x_wconf 87' lang='lat' dir='ltr'><strong>ejus</strong></span> <span class='ocrx_word' id='word_1_481' title='bbox 587 3486 733 3553; x_wconf 77' lang='lat' dir='ltr'><strong>regni</strong></span> <span class='ocrx_word' id='word_1_482' title='bbox 787 3484 1113 3537; x_wconf 89' lang='lat' dir='ltr'><strong>territorium</strong></span> <span class='ocrx_word' id='word_1_483' title='bbox 1165 3482 1405 3552; x_wconf 89' lang='lat' dir='ltr'><strong>pervimn</strong></span> <span class='ocrx_word' id='word_1_484' title='bbox 1449 3494 1632 3553; x_wconf 84' lang='lat' dir='ltr'><strong>posset</strong></span> <span class='ocrx_word' id='word_1_485' title='bbox 1678 3484 1895 3551; x_wconf 88' lang='lat' dir='ltr'><strong>habere,</strong></span> 
     </span>
    </p>
   </div>
   <div class='ocr_carea' id='block_1_67' title="bbox 313 3573 1894 3646">
    <p class='ocr_par' dir='ltr' id='par_1_67' title="bbox 313 3573 1894 3646">
     <span class='ocr_line' id='line_1_67' title="bbox 313 3573 1894 3646; baseline 0.004 -21"><span class='ocrx_word' id='word_1_486' title='bbox 313 3574 498 3629; x_wconf 84' lang='lat' dir='ltr'><strong>dicens</strong></span> <span class='ocrx_word' id='word_1_487' title='bbox 526 3591 539 3626; x_wconf 90' lang='lat'><strong>:</strong></span> <span class='ocrx_word' id='word_1_488' title='bbox 566 3574 699 3639; x_wconf 83' lang='lat' dir='ltr'><strong>Quia</strong></span> <span class='ocrx_word' id='word_1_489' title='bbox 726 3588 819 3641; x_wconf 80' lang='lat' dir='ltr'><strong>per</strong></span> <span class='ocrx_word' id='word_1_490' title='bbox 844 3573 1138 3643; x_wconf 89' lang='lat' dir='ltr'><strong>nequitiam</strong></span> <span class='ocrx_word' id='word_1_491' title='bbox 1170 3573 1308 3642; x_wconf 87' lang='lat' dir='ltr'><strong>ejus,</strong></span> <span class='ocrx_word' id='word_1_492' title='bbox 1340 3573 1428 3643; x_wconf 90' lang='lat' dir='ltr'><strong>qui</strong></span> <span class='ocrx_word' id='word_1_493' title='bbox 1466 3590 1585 3629; x_wconf 91' lang='lat' dir='ltr'><strong>cum</strong></span> <span class='ocrx_word' id='word_1_494' title='bbox 1627 3592 1751 3646; x_wconf 88' lang='lat' dir='ltr'><strong>rege</strong></span> <span class='ocrx_word' id='word_1_495' title='bbox 1801 3577 1894 3632; x_wconf 81' lang='lat' dir='ltr'><strong>Hi-</strong></span> 
     </span>
    </p>
   </div>
   <div class='ocr_carea' id='block_1_68' title="bbox 311 3664 1897 3733">
    <p class='ocr_par' dir='ltr' id='par_1_68' title="bbox 311 3664 1897 3733">
     <span class='ocr_line' id='line_1_68' title="bbox 311 3664 1897 3733; baseline 0.006 -17"><span class='ocrx_word' id='word_1_496' title='bbox 311 3664 525 3733; x_wconf 79' lang='lat' dir='ltr'><strong>spania:</strong></span> <span class='ocrx_word' id='word_1_497' title='bbox 550 3664 724 3720; x_wconf 73' lang='lat' dir='ltr'><strong>fmdus</strong></span> <span class='ocrx_word' id='word_1_498' title='bbox 746 3665 887 3731; x_wconf 89' lang='lat' dir='ltr'><strong>iniit,</strong></span> <span class='ocrx_word' id='word_1_499' title='bbox 920 3664 1187 3720; x_wconf 88' lang='lat' dir='ltr'><strong>exercitus</strong></span> <span class='ocrx_word' id='word_1_500' title='bbox 1231 3666 1432 3721; x_wconf 90' lang='lat' dir='ltr'><strong>corruit</strong></span> <span class='ocrx_word' id='word_1_501' title='bbox 1472 3682 1644 3731; x_wconf 87' lang='lat' dir='ltr'><strong>meus,</strong></span> <span class='ocrx_word' id='word_1_502' title='bbox 1665 3678 1722 3723; x_wconf 92' lang='lat' dir='ltr'><strong>et</strong></span> <span class='ocrx_word' id='word_1_503' title='bbox 1758 3678 1814 3723; x_wconf 89' lang='lat' dir='ltr'><strong>ut</strong></span> <span class='ocrx_word' id='word_1_504' title='bbox 1838 3684 1897 3726; x_wconf 91' lang='lat' dir='ltr'><strong>se</strong></span> 
     </span>
    </p>
   </div>
   <div class='ocr_carea' id='block_1_69' title="bbox 315 3752 1895 3825">
    <p class='ocr_par' dir='ltr' id='par_1_69' title="bbox 315 3752 1895 3825">
     <span class='ocr_line' id='line_1_69' title="bbox 315 3752 1895 3825; baseline 0.005 -19"><span class='ocrx_word' id='word_1_505' title='bbox 315 3770 423 3807; x_wconf 78' lang='lat' dir='ltr'><strong>non</strong></span> <span class='ocrx_word' id='word_1_506' title='bbox 446 3752 681 3809; x_wconf 89' lang='lat' dir='ltr'><strong>subdant</strong></span> <span class='ocrx_word' id='word_1_507' title='bbox 714 3754 873 3809; x_wconf 90' lang='lat' dir='ltr'><strong>urbes</strong></span> <span class='ocrx_word' id='word_1_508' title='bbox 921 3754 1026 3808; x_wconf 81' lang='lat' dir='ltr'><strong>ilbe</strong></span> <span class='ocrx_word' id='word_1_509' title='bbox 1072 3755 1255 3809; x_wconf 92' lang='lat' dir='ltr'><strong>ditioni</strong></span> <span class='ocrx_word' id='word_1_510' title='bbox 1304 3770 1463 3820; x_wconf 74' lang='lat' dir='ltr'><strong>mete,</strong></span> <span class='ocrx_word' id='word_1_511' title='bbox 1494 3757 1609 3825; x_wconf 89' lang='lat' dir='ltr'><strong>ejus</strong></span> <span class='ocrx_word' id='word_1_512' title='bbox 1651 3758 1751 3813; x_wconf 87' lang='lat' dir='ltr'><strong>hoc</strong></span> <span class='ocrx_word' id='word_1_513' title='bbox 1797 3759 1895 3814; x_wconf 83' lang='lat' dir='ltr'><strong>im-</strong></span> 
     </span>
    </p>
   </div>
   <div class='ocr_carea' id='block_1_70' title="bbox 315 3846 1896 3903">
    <p class='ocr_par' dir='ltr' id='par_1_70' title="bbox 315 3846 1896 3903">
     <span class='ocr_line' id='line_1_70' title="bbox 315 3846 1896 3903; baseline 0.003 -4"><span class='ocrx_word' id='word_1_514' title='bbox 315 3849 501 3900; x_wconf 79' lang='lat' dir='ltr'><strong>missto</strong></span> <span class='ocrx_word' id='word_1_515' title='bbox 532 3847 675 3900; x_wconf 87' lang='lat' dir='ltr'><strong>facit.</strong></span> <span class='ocrx_word' id='word_1_516' title='bbox 710 3846 958 3901; x_wconf 87' lang='lat' dir='ltr'><strong>Additutn</strong></span> <span class='ocrx_word' id='word_1_517' title='bbox 974 3849 1232 3902; x_wconf 79' lang='lat' dir='ltr'><strong>estctiam</strong></span> <span class='ocrx_word' id='word_1_518' title='bbox 1263 3846 1383 3900; x_wconf 86' lang='lat' dir='ltr'><strong>huic</strong></span> <span class='ocrx_word' id='word_1_519' title='bbox 1409 3848 1733 3903; x_wconf 73' lang='lat' dir='ltr'><strong>causmaliud</strong></span> <span class='ocrx_word' id='word_1_520' title='bbox 1751 3865 1896 3903; x_wconf 83' lang='lat' dir='ltr'><strong>ama-</strong></span> 
     </span>
    </p>
   </div>
   <div class='ocr_carea' id='block_1_71' title="bbox 313 3938 1893 4008">
    <p class='ocr_par' dir='ltr' id='par_1_71' title="bbox 313 3938 1893 4008">
     <span class='ocr_line' id='line_1_71' title="bbox 313 3938 1893 4008; baseline 0.001 -13"><span class='ocrx_word' id='word_1_521' title='bbox 313 3941 566 3996; x_wconf 89' lang='lat' dir='ltr'><strong>ritudinis</strong></span> <span class='ocrx_word' id='word_1_522' title='bbox 595 3941 896 3995; x_wconf 88' lang='lat' dir='ltr'><strong>incendium</strong></span> <span class='ocrx_word' id='word_1_523' title='bbox 922 3980 937 4005; x_wconf 96' lang='lat'><strong>,</strong></span> <span class='ocrx_word' id='word_1_524' title='bbox 981 3940 1121 4008; x_wconf 91' lang='lat' dir='ltr'><strong>quod</strong></span> <span class='ocrx_word' id='word_1_525' title='bbox 1152 3938 1527 3996; x_wconf 87' lang='lat' dir='ltr'><strong>Childebertus</strong></span> <span class='ocrx_word' id='word_1_526' title='bbox 1577 3957 1671 3996; x_wconf 83' lang='lat' dir='ltr'><strong>rex</strong></span> <span class='ocrx_word' id='word_1_527' title='bbox 1727 3942 1893 3997; x_wconf 89' lang='lat' dir='ltr'><strong>filium</strong></span> 
     </span>
    </p>
   </div>
   <div class='ocr_carea' id='block_1_72' title="bbox 314 4033 1895 4101">
    <p class='ocr_par' dir='ltr' id='par_1_72' title="bbox 314 4033 1895 4101">
     <span class='ocr_line' id='line_1_72' title="bbox 314 4033 1895 4101; baseline 0.001 -14"><span class='ocrx_word' id='word_1_528' title='bbox 314 4050 471 4089; x_wconf 88' lang='lat' dir='ltr'><strong>sumn</strong></span> <span class='ocrx_word' id='word_1_529' title='bbox 505 4035 789 4098; x_wconf 90' lang='lat' dir='ltr'><strong>seniorem,</strong></span> <span class='ocrx_word' id='word_1_530' title='bbox 825 4033 1257 4089; x_wconf 86' lang='lat' dir='ltr'><strong>Thcodobertum</strong></span> <span class='ocrx_word' id='word_1_531' title='bbox 1310 4034 1548 4101; x_wconf 88' lang='lat' dir='ltr'><strong>nomine,</strong></span> <span class='ocrx_word' id='word_1_532' title='bbox 1578 4034 1895 4089; x_wconf 88' lang='lat' dir='ltr'><strong>Suessionas</strong></span> 
     </span>
    </p>
   </div>
   <div class='ocr_carea' id='block_1_73' title="bbox 306 4125 1895 4198">
    <p class='ocr_par' dir='ltr' id='par_1_73' title="bbox 306 4125 1895 4198">
     <span class='ocr_line' id='line_1_73' title="bbox 306 4125 1895 4198; baseline -0.001 -16"><span class='ocrx_word' id='word_1_533' title='bbox 306 4130 544 4198; x_wconf 80' lang='lat' dir='ltr'><strong>dirigere</strong></span> <span class='ocrx_word' id='word_1_534' title='bbox 584 4126 854 4198; x_wconf 86' lang='lat' dir='ltr'><strong>cogitabat</strong></span> <span class='ocrx_word' id='word_1_535' title='bbox 898 4144 913 4180; x_wconf 88' lang='lat'><strong>:</strong></span> <span class='ocrx_word' id='word_1_536' title='bbox 970 4140 1090 4196; x_wconf 63' lang='lat' dir='ltr'><strong>qua</strong></span> <span class='ocrx_word' id='word_1_537' title='bbox 1140 4141 1228 4181; x_wconf 87' lang='lat' dir='ltr'><strong>res</strong></span> <span class='ocrx_word' id='word_1_538' title='bbox 1286 4125 1645 4196; x_wconf 88' lang='lat' dir='ltr'><strong>suspicionem</strong></span> <span class='ocrx_word' id='word_1_539' title='bbox 1694 4125 1895 4180; x_wconf 83' lang='lat' dir='ltr'><strong>fecerat</strong></span> 
     </span>
    </p>
   </div>
   <div class='ocr_carea' id='block_1_74' title="bbox 311 4216 1891 4288">
    <p class='ocr_par' dir='ltr' id='par_1_74' title="bbox 311 4216 1891 4288">
     <span class='ocr_line' id='line_1_74' title="bbox 311 4216 1891 4288; baseline -0.003 -13"><span class='ocrx_word' id='word_1_540' title='bbox 311 4220 712 4275; x_wconf 84' lang='lat' dir='ltr'><strong>Gnntcbramno</strong></span> <span class='ocrx_word' id='word_1_541' title='bbox 750 4219 883 4288; x_wconf 85' lang='lat' dir='ltr'><strong>regi,</strong></span> <span class='ocrx_word' id='word_1_542' title='bbox 925 4219 1135 4272; x_wconf 91' lang='lat' dir='ltr'><strong>dicente</strong></span> <span class='ocrx_word' id='word_1_543' title='bbox 1170 4233 1236 4272; x_wconf 93' lang='lat' dir='ltr'><strong>eo</strong></span> <span class='ocrx_word' id='word_1_544' title='bbox 1261 4235 1274 4270; x_wconf 86' lang='lat'><strong>:</strong></span> <span class='ocrx_word' id='word_1_545' title='bbox 1298 4218 1432 4284; x_wconf 84' lang='lat' dir='ltr'><strong>Quia</strong></span> <span class='ocrx_word' id='word_1_546' title='bbox 1482 4216 1533 4269; x_wconf 93' lang='lat' dir='ltr'><strong>in</strong></span> <span class='ocrx_word' id='word_1_547' title='bbox 1564 4217 1664 4270; x_wconf 91' lang='lat' dir='ltr'><strong>hoc</strong></span> <span class='ocrx_word' id='word_1_548' title='bbox 1722 4216 1891 4271; x_wconf 87' lang='lat' dir='ltr'><strong>filium</strong></span> 
     </span>
    </p>
   </div>
   <div class='ocr_carea' id='block_1_75' title="bbox 309 4308 1891 4381">
    <p class='ocr_par' dir='ltr' id='par_1_75' title="bbox 309 4308 1891 4381">
     <span class='ocr_line' id='line_1_75' title="bbox 309 4308 1891 4381; baseline -0.003 -14"><span class='ocrx_word' id='word_1_549' title='bbox 309 4329 465 4367; x_wconf 87' lang='lat' dir='ltr'><strong>suum</strong></span> <span class='ocrx_word' id='word_1_550' title='bbox 492 4328 658 4381; x_wconf 84' lang='lat' dir='ltr'><strong>nepos</strong></span> <span class='ocrx_word' id='word_1_551' title='bbox 687 4326 838 4367; x_wconf 87' lang='lat' dir='ltr'><strong>meus</strong></span> <span class='ocrx_word' id='word_1_552' title='bbox 866 4311 1185 4367; x_wconf 73' lang='lat' dir='ltr'><strong>Suessiones</strong></span> <span class='ocrx_word' id='word_1_553' title='bbox 1227 4311 1429 4378; x_wconf 89' lang='lat' dir='ltr'><strong>dirigit,</strong></span> <span class='ocrx_word' id='word_1_554' title='bbox 1463 4319 1518 4361; x_wconf 90' lang='lat' dir='ltr'><strong>ut</strong></span> <span class='ocrx_word' id='word_1_555' title='bbox 1547 4308 1778 4362; x_wconf 82' lang='lat' dir='ltr'><strong>Parisios</strong></span> <span class='ocrx_word' id='word_1_556' title='bbox 1806 4308 1891 4362; x_wconf 88' lang='lat' dir='ltr'><strong>in-</strong></span> 
     </span>
    </p>
   </div>
   <div class='ocr_carea' id='block_1_76' title="bbox 306 4398 1888 4472">
    <p class='ocr_par' dir='ltr' id='par_1_76' title="bbox 306 4398 1888 4472">
     <span class='ocr_line' id='line_1_76' title="bbox 306 4398 1888 4472; baseline -0.003 -14"><span class='ocrx_word' id='word_1_557' title='bbox 306 4404 457 4472; x_wconf 82' lang='lat' dir='ltr'><strong>gredi</strong></span> <span class='ocrx_word' id='word_1_558' title='bbox 486 4402 665 4469; x_wconf 84' lang='lat' dir='ltr'><strong>faciat,</strong></span> <span class='ocrx_word' id='word_1_559' title='bbox 693 4416 1023 4472; x_wconf 87' lang='lat' dir='ltr'><strong>regnumque</strong></span> <span class='ocrx_word' id='word_1_560' title='bbox 1053 4415 1228 4455; x_wconf 91' lang='lat' dir='ltr'><strong>meum</strong></span> <span class='ocrx_word' id='word_1_561' title='bbox 1254 4399 1466 4455; x_wconf 90' lang='lat' dir='ltr'><strong>auferre</strong></span> <span class='ocrx_word' id='word_1_562' title='bbox 1488 4398 1666 4467; x_wconf 89' lang='lat' dir='ltr'><strong>cupiat</strong></span> <span class='ocrx_word' id='word_1_563' title='bbox 1701 4416 1713 4450; x_wconf 89' lang='lat'><strong>:</strong></span> <span class='ocrx_word' id='word_1_564' title='bbox 1747 4399 1888 4468; x_wconf 87' lang='lat' dir='ltr'><strong>quod</strong></span> 
     </span>
    </p>
   </div>
   <div class='ocr_carea' id='block_1_77' title="bbox 308 4488 1888 4563">
    <p class='ocr_par' dir='ltr' id='par_1_77' title="bbox 308 4488 1888 4563">
     <span class='ocr_line' id='line_1_77' title="bbox 308 4488 1888 4563; baseline -0.003 -15"><span class='ocrx_word' id='word_1_565' title='bbox 308 4510 580 4563; x_wconf 87' lang='lat' dir='ltr'><strong>nunquam</strong></span> <span class='ocrx_word' id='word_1_566' title='bbox 624 4492 999 4548; x_wconf 85' lang='lat' dir='ltr'><strong>Childebertus</strong></span> <span class='ocrx_word' id='word_1_567' title='bbox 1024 4490 1109 4546; x_wconf 88' lang='lat' dir='ltr'><strong>vel</strong></span> <span class='ocrx_word' id='word_1_568' title='bbox 1152 4492 1204 4545; x_wconf 92' lang='lat' dir='ltr'><strong>in</strong></span> <span class='ocrx_word' id='word_1_569' title='bbox 1245 4490 1586 4559; x_wconf 84' lang='lat' dir='ltr'><strong>cogitatione,</strong></span> <span class='ocrx_word' id='word_1_570' title='bbox 1614 4490 1657 4543; x_wconf 91' lang='lat' dir='ltr'><strong>si</strong></span> <span class='ocrx_word' id='word_1_571' title='bbox 1683 4488 1784 4543; x_wconf 91' lang='lat' dir='ltr'><strong>dici</strong></span> <span class='ocrx_word' id='word_1_572' title='bbox 1809 4489 1888 4544; x_wconf 88' lang='lat' dir='ltr'><strong>fas</strong></span> 
     </span>
    </p>
   </div>
   <div class='ocr_carea' id='block_1_78' title="bbox 307 4581 1886 4655">
    <p class='ocr_par' dir='ltr' id='par_1_78' title="bbox 307 4581 1886 4655">
     <span class='ocr_line' id='line_1_78' title="bbox 307 4581 1886 4655; baseline -0.003 -15"><span class='ocrx_word' id='word_1_573' title='bbox 307 4597 412 4651; x_wconf 86' lang='lat' dir='ltr'><strong>est,</strong></span> <span class='ocrx_word' id='word_1_574' title='bbox 447 4587 647 4641; x_wconf 88' lang='lat' dir='ltr'><strong>habere</strong></span> <span class='ocrx_word' id='word_1_575' title='bbox 668 4584 865 4655; x_wconf 90' lang='lat' dir='ltr'><strong>potuit.</strong></span> <span class='ocrx_word' id='word_1_576' title='bbox 884 4582 1043 4638; x_wconf 85' lang='lat' dir='ltr'><strong>Multa</strong></span> <span class='ocrx_word' id='word_1_577' title='bbox 1079 4591 1256 4637; x_wconf 89' lang='lat' dir='ltr'><strong>autem</strong></span> <span class='ocrx_word' id='word_1_578' title='bbox 1298 4591 1354 4637; x_wconf 90' lang='lat' dir='ltr'><strong>et</strong></span> <span class='ocrx_word' id='word_1_579' title='bbox 1402 4582 1455 4636; x_wconf 94' lang='lat' dir='ltr'><strong>in</strong></span> <span class='ocrx_word' id='word_1_580' title='bbox 1486 4581 1886 4636; x_wconf 89' lang='lat' dir='ltr'><strong>Brunicbildem</strong></span> 
     </span>
    </p>
   </div>
   <div class='ocr_carea' id='block_1_79' title="bbox 376 4735 1886 4805">
    <p class='ocr_par' dir='ltr' id='par_1_79' title="bbox 376 4735 1886 4805">
     <span class='ocr_line' id='line_1_79' title="bbox 376 4735 1886 4805; baseline 0.001 -14"><span class='ocrx_word' id='word_1_581' title='bbox 376 4757 405 4776; x_wconf 73' lang='grc' dir='ltr'><strong>ι-</strong></span> <span class='ocrx_word' id='word_1_582' title='bbox 434 4745 488 4791; x_wconf 94' lang='lat' dir='ltr'><strong>In</strong></span> <span class='ocrx_word' id='word_1_583' title='bbox 544 4738 657 4792; x_wconf 71' lang='lat' dir='ltr'><strong>Vat.</strong></span> <span class='ocrx_word' id='word_1_584' title='bbox 685 4746 740 4793; x_wconf 89' lang='lat' dir='ltr'><strong>et</strong></span> <span class='ocrx_word' id='word_1_585' title='bbox 765 4736 916 4793; x_wconf 82' lang='lat' dir='ltr'><strong>Colb.</strong></span> <span class='ocrx_word' id='word_1_586' title='bbox 948 4750 1000 4791; x_wconf 87' lang='lat' dir='ltr'><strong>a.</strong></span> <span class='ocrx_word' id='word_1_587' title='bbox 1030 4735 1366 4791; x_wconf 87' lang='lat' dir='ltr'><strong>desideratur</strong></span> <span class='ocrx_word' id='word_1_588' title='bbox 1405 4738 1506 4791; x_wconf 83' lang='lat' dir='ltr'><strong>hoc</strong></span> <span class='ocrx_word' id='word_1_589' title='bbox 1542 4746 1700 4805; x_wconf 90' lang='lat' dir='ltr'><strong>caput</strong></span> <span class='ocrx_word' id='word_1_590' title='bbox 1725 4737 1886 4793; x_wconf 90' lang='lat' dir='ltr'><strong>simul</strong></span> 
     </span>
    </p>
   </div>
   <div class='ocr_carea' id='block_1_80' title="bbox 304 4808 1043 4877">
    <p class='ocr_par' dir='ltr' id='par_1_80' title="bbox 304 4808 1043 4877">
     <span class='ocr_line' id='line_1_80' title="bbox 304 4808 1043 4877; baseline -0.004 -13"><span class='ocrx_word' id='word_1_591' title='bbox 304 4824 423 4864; x_wconf 80' lang='lat' dir='ltr'><strong>cum</strong></span> <span class='ocrx_word' id='word_1_592' title='bbox 443 4809 653 4863; x_wconf 73' lang='lat' dir='ltr'><strong>duobus</strong></span> <span class='ocrx_word' id='word_1_593' title='bbox 679 4808 1043 4877; x_wconf 87' lang='lat' dir='ltr'><strong>sequentibus.</strong></span> 
     </span>
    </p>
   </div>
   <div class='ocr_carea' id='block_1_81' title="bbox 376 4876 1881 4946">
    <p class='ocr_par' dir='ltr' id='par_1_81' title="bbox 376 4876 1881 4946">
     <span class='ocr_line' id='line_1_81' title="bbox 376 4876 1881 4946; baseline -0.001 -15"><span class='ocrx_word' id='word_1_594' title='bbox 376 4880 401 4917; x_wconf 76' lang='grc' dir='ltr'>δ</span> <span class='ocrx_word' id='word_1_595' title='bbox 438 4881 625 4945; x_wconf 72' lang='lat' dir='ltr'><strong>liegnt.</strong></span> <span class='ocrx_word' id='word_1_596' title='bbox 659 4876 991 4941; x_wconf 77' lang='lat' dir='ltr'><strong>Hispaniam.</strong></span> <span class='ocrx_word' id='word_1_597' title='bbox 1026 4882 1093 4931; x_wconf 79' lang='lat' dir='ltr'><strong>At</strong></span> <span class='ocrx_word' id='word_1_598' title='bbox 1122 4892 1242 4931; x_wconf 91' lang='lat' dir='ltr'><strong>cum</strong></span> <span class='ocrx_word' id='word_1_599' title='bbox 1272 4877 1595 4946; x_wconf 81' lang='lat' dir='ltr'><strong>Septimania</strong></span> <span class='ocrx_word' id='word_1_600' title='bbox 1626 4876 1881 4944; x_wconf 78' lang='lat' dir='ltr'><strong>Wisigot-</strong></span> 
     </span>
    </p>
   </div>
   <div class='ocr_carea' id='block_1_82' title="bbox 302 4949 1879 5020">
    <p class='ocr_par' dir='ltr' id='par_1_82' title="bbox 302 4949 1879 5020">
     <span class='ocr_line' id='line_1_82' title="bbox 302 4949 1879 5020; baseline 0 -16"><span class='ocrx_word' id='word_1_601' title='bbox 302 4950 515 5004; x_wconf 89' lang='lat' dir='ltr'><strong>tborum</strong></span> <span class='ocrx_word' id='word_1_602' title='bbox 543 4950 755 5020; x_wconf 88' lang='lat' dir='ltr'><strong>regibus</strong></span> <span class='ocrx_word' id='word_1_603' title='bbox 782 4949 832 5001; x_wconf 94' lang='lat' dir='ltr'><strong>in</strong></span> <span class='ocrx_word' id='word_1_604' title='bbox 861 4949 1110 5020; x_wconf 69' lang='lat' dir='ltr'><strong>liispauia</strong></span> <span class='ocrx_word' id='word_1_605' title='bbox 1138 4958 1378 5016; x_wconf 85' lang='lat' dir='ltr'><strong>pareret,</strong></span> <span class='ocrx_word' id='word_1_606' title='bbox 1412 4963 1516 5001; x_wconf 87' lang='lat' dir='ltr'><strong>non</strong></span> <span class='ocrx_word' id='word_1_607' title='bbox 1546 4949 1713 5002; x_wconf 87' lang='lat' dir='ltr'><strong>semel</strong></span> <span class='ocrx_word' id='word_1_608' title='bbox 1743 4949 1879 5004; x_wconf 87' lang='lat' dir='ltr'><strong>alias</strong></span> 
     </span>
    </p>
   </div>
   <div class='ocr_carea' id='block_1_83' title="bbox 297 5016 1144 5088">
    <p class='ocr_par' dir='ltr' id='par_1_83' title="bbox 297 5016 1144 5088">
     <span class='ocr_line' id='line_1_83' title="bbox 297 5016 1144 5088; baseline -0.002 -14"><span class='ocrx_word' id='word_1_609' title='bbox 297 5036 334 5079; x_wconf 67' lang='grc' dir='ltr'>θ</span> <span class='ocrx_word' id='word_1_610' title='bbox 360 5016 626 5088; x_wconf 74' lang='lat' dir='ltr'><strong>Gregorio</strong></span> <span class='ocrx_word' id='word_1_611' title='bbox 649 5020 841 5073; x_wconf 74' lang='lat' dir='ltr'><strong>dicitur</strong></span> <span class='ocrx_word' id='word_1_612' title='bbox 869 5016 1144 5085; x_wconf 64' lang='lat' dir='ltr'><strong>Hispania.</strong></span> 
     </span>
    </p>
   </div>
   <div class='ocr_carea' id='block_1_84' title="bbox 381 5087 1877 5158">
    <p class='ocr_par' dir='ltr' id='par_1_84' title="bbox 381 5087 1877 5158">
     <span class='ocr_line' id='line_1_84' title="bbox 381 5087 1877 5158; baseline -0.001 -14"><span class='ocrx_word' id='word_1_613' title='bbox 381 5100 403 5127; x_wconf 72' lang='grc' dir='ltr'><em>ε</em></span> <span class='ocrx_word' id='word_1_614' title='bbox 432 5087 644 5157; x_wconf 60' lang='grc' dir='ltr'><strong>ῐὶὸςηιη</strong></span> <span class='ocrx_word' id='word_1_615' title='bbox 678 5088 924 5155; x_wconf 72' lang='lat' dir='ltr'><strong>equitibus</strong></span> <span class='ocrx_word' id='word_1_616' title='bbox 944 5089 1184 5142; x_wconf 76' lang='lat' dir='ltr'><strong>ascensis.</strong></span> <span class='ocrx_word' id='word_1_617' title='bbox 1217 5087 1342 5151; x_wconf 87' lang='lat' dir='ltr'><strong>Ed.,</strong></span> <span class='ocrx_word' id='word_1_618' title='bbox 1371 5103 1498 5158; x_wconf 81' lang='lat' dir='ltr'><strong>equo</strong></span> <span class='ocrx_word' id='word_1_619' title='bbox 1518 5104 1744 5142; x_wconf 79' lang='lat' dir='ltr'><strong>ascenso.</strong></span> <span class='ocrx_word' id='word_1_620' title='bbox 1766 5087 1877 5143; x_wconf 89' lang='lat' dir='ltr'><strong>IIoc</strong></span> 
     </span>
    </p>
   </div>
   <div class='ocr_carea' id='block_1_85' title="bbox 298 5157 1874 5228">
    <p class='ocr_par' dir='ltr' id='par_1_85' title="bbox 298 5157 1874 5228">
     <span class='ocr_line' id='line_1_85' title="bbox 298 5157 1874 5228; baseline -0.001 -13"><span class='ocrx_word' id='word_1_621' title='bbox 298 5162 355 5215; x_wconf 89' lang='lat' dir='ltr'><strong>in</strong></span> <span class='ocrx_word' id='word_1_622' title='bbox 380 5162 567 5228; x_wconf 63' lang='lat' dir='ltr'><strong>prebo</strong></span> <span class='ocrx_word' id='word_1_623' title='bbox 590 5159 822 5213; x_wconf 83' lang='lat' dir='ltr'><strong>Francos</strong></span> <span class='ocrx_word' id='word_1_624' title='bbox 841 5159 904 5211; x_wconf 90' lang='lat' dir='ltr'><strong>ad</strong></span> <span class='ocrx_word' id='word_1_625' title='bbox 920 5158 1187 5227; x_wconf 78' lang='lat' dir='ltr'><strong>sexaginta</strong></span> <span class='ocrx_word' id='word_1_626' title='bbox 1207 5158 1366 5212; x_wconf 77' lang='lat' dir='ltr'><strong>millia</strong></span> <span class='ocrx_word' id='word_1_627' title='bbox 1392 5157 1695 5228; x_wconf 81' lang='lat' dir='ltr'><strong>profligatus</strong></span> <span class='ocrx_word' id='word_1_628' title='bbox 1712 5160 1874 5214; x_wconf 88' lang='lat' dir='ltr'><strong>fuisse</strong></span> 
     </span>
    </p>
   </div>
   <div class='ocr_carea' id='block_1_86' title="bbox 296 5227 1874 5291">
    <p class='ocr_par' dir='ltr' id='par_1_86' title="bbox 296 5227 1874 5291">
     <span class='ocr_line' id='line_1_86' title="bbox 296 5227 1874 5291; baseline -0.001 -7"><span class='ocrx_word' id='word_1_629' title='bbox 296 5227 533 5284; x_wconf 82' lang='lat' dir='ltr'><strong>affirmat</strong></span> <span class='ocrx_word' id='word_1_630' title='bbox 555 5230 790 5283; x_wconf 89' lang='lat' dir='ltr'><strong>Isidorus</strong></span> <span class='ocrx_word' id='word_1_631' title='bbox 828 5229 879 5282; x_wconf 85' lang='lat' dir='ltr'><strong>in</strong></span> <span class='ocrx_word' id='word_1_632' title='bbox 922 5227 1220 5291; x_wconf 88' lang='lat' dir='ltr'><strong>Chronico,</strong></span> <span class='ocrx_word' id='word_1_633' title='bbox 1243 5244 1348 5282; x_wconf 74' lang='lat' dir='ltr'><strong>tera</strong></span> <span class='ocrx_word' id='word_1_634' title='bbox 1380 5227 1502 5291; x_wconf 60' lang='lat'><strong>6&#39;14,</strong></span> <span class='ocrx_word' id='word_1_635' title='bbox 1528 5230 1612 5281; x_wconf 90' lang='lat' dir='ltr'><strong>ubi</strong></span> <span class='ocrx_word' id='word_1_636' title='bbox 1646 5228 1721 5282; x_wconf 89' lang='lat' dir='ltr'><strong>ait</strong></span> <span class='ocrx_word' id='word_1_637' title='bbox 1756 5230 1874 5283; x_wconf 80' lang='lat' dir='ltr'><strong>nul—</strong></span> 
     </span>
    </p>
   </div>
   <div class='ocr_carea' id='block_1_87' title="bbox 297 5298 1887 5367">
    <p class='ocr_par' dir='ltr' id='par_1_87' title="bbox 297 5298 1887 5367">
     <span class='ocr_line' id='line_1_87' title="bbox 297 5298 1887 5367; baseline -0.001 -13"><span class='ocrx_word' id='word_1_638' title='bbox 297 5300 405 5354; x_wconf 87' lang='lat' dir='ltr'><strong>Iam</strong></span> <span class='ocrx_word' id='word_1_639' title='bbox 435 5315 665 5366; x_wconf 88' lang='lat' dir='ltr'><strong>unquam</strong></span> <span class='ocrx_word' id='word_1_640' title='bbox 697 5300 794 5352; x_wconf 87' lang='lat' dir='ltr'><strong>ista</strong></span> <span class='ocrx_word' id='word_1_641' title='bbox 817 5298 1074 5367; x_wconf 84' lang='lat' dir='ltr'><strong>majorem</strong></span> <span class='ocrx_word' id='word_1_642' title='bbox 1104 5299 1376 5353; x_wconf 84' lang='lat' dir='ltr'><strong>victoriam</strong></span> <span class='ocrx_word' id='word_1_643' title='bbox 1399 5313 1426 5351; x_wconf 89' lang='lat' dir='ltr'><strong>a</strong></span> <span class='ocrx_word' id='word_1_644' title='bbox 1458 5298 1667 5352; x_wconf 88' lang='lat' dir='ltr'><strong>Gotthis</strong></span> <span class='ocrx_word' id='word_1_645' title='bbox 1699 5314 1887 5366; x_wconf 88' lang='lat' dir='ltr'><strong>repor-</strong></span> 
     </span>
    </p>
   </div>
   <div class='ocr_carea' id='block_1_88' title="bbox 300 5367 1875 5425">
    <p class='ocr_par' dir='ltr' id='par_1_88' title="bbox 300 5367 1875 5425">
     <span class='ocr_line' id='line_1_88' title="bbox 300 5367 1875 5425; baseline 0 -2"><span class='ocrx_word' id='word_1_646' title='bbox 300 5380 463 5423; x_wconf 84' lang='lat' dir='ltr'><strong>tatam</strong></span> <span class='ocrx_word' id='word_1_647' title='bbox 490 5371 670 5424; x_wconf 86' lang='lat' dir='ltr'><strong>fuisse.</strong></span> <span class='ocrx_word' id='word_1_648' title='bbox 696 5369 840 5422; x_wconf 89' lang='lat' dir='ltr'><strong>Idem</strong></span> <span class='ocrx_word' id='word_1_649' title='bbox 855 5369 1010 5421; x_wconf 90' lang='lat' dir='ltr'><strong>habet</strong></span> <span class='ocrx_word' id='word_1_650' title='bbox 1034 5367 1267 5422; x_wconf 79' lang='lat' dir='ltr'><strong>Joannes</strong></span> <span class='ocrx_word' id='word_1_651' title='bbox 1298 5367 1614 5425; x_wconf 83' lang='lat' dir='ltr'><strong>Biclareusis</strong></span> <span class='ocrx_word' id='word_1_652' title='bbox 1632 5369 1685 5422; x_wconf 93' lang='lat' dir='ltr'><strong>in</strong></span> <span class='ocrx_word' id='word_1_653' title='bbox 1711 5368 1875 5423; x_wconf 89' lang='lat' dir='ltr'><strong>Chro-</strong></span> 
     </span>
    </p>
   </div>
   <div class='ocr_carea' id='block_1_89' title="bbox 298 5436 1872 5497">
    <p class='ocr_par' dir='ltr' id='par_1_89' title="bbox 298 5436 1872 5497">
     <span class='ocr_line' id='line_1_89' title="bbox 298 5436 1872 5497; baseline 0.001 -6"><span class='ocrx_word' id='word_1_654' title='bbox 298 5439 443 5492; x_wconf 90' lang='lat' dir='ltr'><strong>nico.</strong></span> <span class='ocrx_word' id='word_1_655' title='bbox 478 5439 765 5494; x_wconf 82' lang='lat' dir='ltr'><strong>Reecaredi</strong></span> <span class='ocrx_word' id='word_1_656' title='bbox 795 5438 1062 5492; x_wconf 86' lang='lat' dir='ltr'><strong>exercitus</strong></span> <span class='ocrx_word' id='word_1_657' title='bbox 1106 5440 1296 5492; x_wconf 89' lang='lat' dir='ltr'><strong>ductor</strong></span> <span class='ocrx_word' id='word_1_658' title='bbox 1338 5448 1452 5492; x_wconf 81' lang='lat' dir='ltr'><strong>erat</strong></span> <span class='ocrx_word' id='word_1_659' title='bbox 1488 5436 1739 5491; x_wconf 88' lang='lat' dir='ltr'><strong>Claudius</strong></span> <span class='ocrx_word' id='word_1_660' title='bbox 1763 5440 1872 5497; x_wconf 86' lang='lat' dir='ltr'><strong>dux</strong></span> 
     </span>
    </p>
   </div>
   <div class='ocr_carea' id='block_1_90' title="bbox 297 5507 1871 5577">
    <p class='ocr_par' dir='ltr' id='par_1_90' title="bbox 297 5507 1871 5577">
     <span class='ocr_line' id='line_1_90' title="bbox 297 5507 1871 5577; baseline -0.001 -13"><span class='ocrx_word' id='word_1_661' title='bbox 297 5508 609 5573; x_wconf 60' lang='lat' dir='ltr'><strong>Lusitania,</strong></span> <span class='ocrx_word' id='word_1_662' title='bbox 633 5510 719 5564; x_wconf 91' lang='lat' dir='ltr'><strong>cui</strong></span> <span class='ocrx_word' id='word_1_663' title='bbox 761 5519 978 5563; x_wconf 87' lang='lat' dir='ltr'><strong>sanctus</strong></span> <span class='ocrx_word' id='word_1_664' title='bbox 1019 5507 1303 5576; x_wconf 88' lang='lat' dir='ltr'><strong>Gregorius</strong></span> <span class='ocrx_word' id='word_1_665' title='bbox 1326 5507 1393 5561; x_wconf 83' lang='lat' dir='ltr'><strong>M.</strong></span> <span class='ocrx_word' id='word_1_666' title='bbox 1434 5508 1715 5577; x_wconf 86' lang='lat' dir='ltr'><strong>Cyriacum</strong></span> <span class='ocrx_word' id='word_1_667' title='bbox 1754 5525 1871 5563; x_wconf 82' lang='lat' dir='ltr'><strong>mo-</strong></span> 
     </span>
    </p>
   </div>
   <div class='ocr_carea' id='block_1_91' title="bbox 296 5577 1873 5646">
    <p class='ocr_par' dir='ltr' id='par_1_91' title="bbox 296 5577 1873 5646">
     <span class='ocr_line' id='line_1_91' title="bbox 296 5577 1873 5646; baseline -0.002 -12"><span class='ocrx_word' id='word_1_668' title='bbox 296 5580 529 5634; x_wconf 80' lang='lat' dir='ltr'><strong>mcbum</strong></span> <span class='ocrx_word' id='word_1_669' title='bbox 571 5577 983 5633; x_wconf 81' lang='lat' dir='ltr'><strong>commendavit.</strong></span> <span class='ocrx_word' id='word_1_670' title='bbox 1020 5578 1314 5646; x_wconf 84' lang='lat' dir='ltr'><strong>Eumdern,</strong></span> <span class='ocrx_word' id='word_1_671' title='bbox 1341 5577 1564 5645; x_wconf 86' lang='lat' dir='ltr'><strong>ejusque</strong></span> <span class='ocrx_word' id='word_1_672' title='bbox 1610 5580 1662 5632; x_wconf 93' lang='lat' dir='ltr'><strong>in</strong></span> <span class='ocrx_word' id='word_1_673' title='bbox 1691 5580 1873 5646; x_wconf 83' lang='lat' dir='ltr'><strong>Septi-</strong></span> 
     </span>
    </p>
   </div>
   <div class='ocr_carea' id='block_1_92' title="bbox 298 5644 1874 5718">
    <p class='ocr_par' dir='ltr' id='par_1_92' title="bbox 298 5644 1874 5718">
     <span class='ocr_line' id='line_1_92' title="bbox 298 5644 1874 5718; baseline -0.001 -13"><span class='ocrx_word' id='word_1_674' title='bbox 298 5651 529 5705; x_wconf 82' lang='lat' dir='ltr'><strong>maniam</strong></span> <span class='ocrx_word' id='word_1_675' title='bbox 554 5654 803 5718; x_wconf 78' lang='lat' dir='ltr'><strong>primum,</strong></span> <span class='ocrx_word' id='word_1_676' title='bbox 833 5659 888 5702; x_wconf 86' lang='lat' dir='ltr'><strong>et</strong></span> <span class='ocrx_word' id='word_1_677' title='bbox 912 5648 1107 5703; x_wconf 88' lang='lat' dir='ltr'><strong>exinde</strong></span> <span class='ocrx_word' id='word_1_678' title='bbox 1153 5647 1205 5701; x_wconf 91' lang='lat' dir='ltr'><strong>in</strong></span> <span class='ocrx_word' id='word_1_679' title='bbox 1262 5644 1539 5718; x_wconf 30' lang='lat' dir='ltr'><strong>Francia’m</strong></span> <span class='ocrx_word' id='word_1_680' title='bbox 1576 5644 1874 5717; x_wconf 80' lang='lat' dir='ltr'><strong>expeditio-</strong></span> 
     </span>
    </p>
   </div>
   <div class='ocr_carea' id='block_1_93' title="bbox 295 5717 1870 5779">
    <p class='ocr_par' dir='ltr' id='par_1_93' title="bbox 295 5717 1870 5779">
     <span class='ocr_line' id='line_1_93' title="bbox 295 5717 1870 5779; baseline -0.002 -1"><span class='ocrx_word' id='word_1_681' title='bbox 295 5738 424 5779; x_wconf 76' lang='lat' dir='ltr'><strong>nem</strong></span> <span class='ocrx_word' id='word_1_682' title='bbox 448 5717 632 5779; x_wconf 81' lang='lat' dir='ltr'><strong>laudat</strong></span> <span class='ocrx_word' id='word_1_683' title='bbox 675 5719 869 5777; x_wconf 75' lang='lat' dir='ltr'><strong>Paulus</strong></span> <span class='ocrx_word' id='word_1_684' title='bbox 898 5718 1161 5775; x_wconf 83' lang='lat' dir='ltr'><strong>Diacoaus</strong></span> <span class='ocrx_word' id='word_1_685' title='bbox 1183 5717 1239 5773; x_wconf 90' lang='lat' dir='ltr'><strong>in</strong></span> <span class='ocrx_word' id='word_1_686' title='bbox 1280 5717 1371 5774; x_wconf 89' lang='lat' dir='ltr'><strong>lib.</strong></span> <span class='ocrx_word' id='word_1_687' title='bbox 1396 5717 1464 5775; x_wconf 90' lang='lat' dir='ltr'><strong>de</strong></span> <span class='ocrx_word' id='word_1_688' title='bbox 1494 5718 1624 5776; x_wconf 84' lang='lat' dir='ltr'><strong>Vitis</strong></span> <span class='ocrx_word' id='word_1_689' title='bbox 1655 5719 1870 5775; x_wconf 78' lang='lat' dir='ltr'><strong>Patrum</strong></span> 
     </span>
    </p>
   </div>
   <div class='ocr_carea' id='block_1_94' title="bbox 1919 4456 1968 4516">
    <p class='ocr_par' dir='ltr' id='par_1_94' title="bbox 1919 4456 1968 4516">
     <span class='ocr_line' id='line_1_94' title="bbox 1919 4456 1968 4516; baseline 0 0"><span class='ocrx_word' id='word_1_690' title='bbox 1919 4456 1968 4516; x_wconf 91' lang='lat' dir='ltr'><strong>D</strong></span> 
     </span>
    </p>
   </div>
   <div class='ocr_carea' id='block_1_95' title="bbox 1999 3208 3585 3279">
    <p class='ocr_par' dir='ltr' id='par_1_95' title="bbox 1999 3208 3585 3279">
     <span class='ocr_line' id='line_1_95' title="bbox 1999 3208 3585 3279; baseline 0.005 -21"><span class='ocrx_word' id='word_1_691' title='bbox 1999 3208 2191 3270; x_wconf 80' lang='lat' dir='ltr'><strong>virum,</strong></span> <span class='ocrx_word' id='word_1_692' title='bbox 2223 3216 2269 3260; x_wconf 85' lang='lat' dir='ltr'><strong>et</strong></span> <span class='ocrx_word' id='word_1_693' title='bbox 2298 3215 2464 3259; x_wconf 83' lang='lat' dir='ltr'><strong>torum</strong></span> <span class='ocrx_word' id='word_1_694' title='bbox 2509 3208 2562 3260; x_wconf 87' lang='lat' dir='ltr'><strong>in</strong></span> <span class='ocrx_word' id='word_1_695' title='bbox 2609 3225 2707 3272; x_wconf 87' lang='lat' dir='ltr'><strong>quo</strong></span> <span class='ocrx_word' id='word_1_696' title='bbox 2755 3210 2876 3263; x_wconf 82' lang='lat' dir='ltr'><strong>bene</strong></span> <span class='ocrx_word' id='word_1_697' title='bbox 2903 3210 3026 3263; x_wconf 73' lang='lat' dir='ltr'><strong>vixit</strong></span> <span class='ocrx_word' id='word_1_698' title='bbox 3055 3212 3326 3279; x_wconf 81' lang='lat' dir='ltr'><strong>spreverit,</strong></span> <span class='ocrx_word' id='word_1_699' title='bbox 3359 3212 3534 3266; x_wconf 82' lang='lat' dir='ltr'><strong>dicens</strong></span> <span class='ocrx_word' id='word_1_700' title='bbox 3562 3226 3585 3266; x_wconf 90' lang='lat'><strong><em>:</em></strong></span> 
     </span>
    </p>
   </div>
   <div class='ocr_carea' id='block_1_96' title="bbox 2003 3299 3584 3377">
    <p class='ocr_par' dir='ltr' id='par_1_96' title="bbox 2003 3299 3584 3377">
     <span class='ocr_line' id='line_1_96' title="bbox 2003 3299 3584 3377; baseline 0.006 -27"><span class='ocrx_word' id='word_1_701' title='bbox 2003 3299 2137 3365; x_wconf 83' lang='lat' dir='ltr'><strong>Quia</strong></span> <span class='ocrx_word' id='word_1_702' title='bbox 2167 3316 2268 3353; x_wconf 83' lang='lat' dir='ltr'><strong>non</strong></span> <span class='ocrx_word' id='word_1_703' title='bbox 2301 3302 2365 3353; x_wconf 84' lang='lat' dir='ltr'><strong>sit</strong></span> <span class='ocrx_word' id='word_1_704' title='bbox 2394 3302 2441 3353; x_wconf 86' lang='lat' dir='ltr'><strong>ei</strong></span> <span class='ocrx_word' id='word_1_705' title='bbox 2472 3302 2633 3367; x_wconf 85' lang='lat' dir='ltr'><strong>portio</strong></span> <span class='ocrx_word' id='word_1_706' title='bbox 2661 3302 2713 3355; x_wconf 89' lang='lat' dir='ltr'><strong>in</strong></span> <span class='ocrx_word' id='word_1_707' title='bbox 2742 3303 2835 3355; x_wconf 78' lang='lat' dir='ltr'><strong>illa</strong></span> <span class='ocrx_word' id='word_1_708' title='bbox 2882 3304 3094 3357; x_wconf 63' lang='lat' dir='ltr'><strong>celestis</strong></span> <span class='ocrx_word' id='word_1_709' title='bbox 3125 3305 3265 3373; x_wconf 88' lang='lat' dir='ltr'><strong>regni</strong></span> <span class='ocrx_word' id='word_1_710' title='bbox 3293 3305 3463 3377; x_wconf 84' lang='lat' dir='ltr'><strong>gloria</strong></span> <span class='ocrx_word' id='word_1_711' title='bbox 3491 3306 3584 3373; x_wconf 81' lang='lat' dir='ltr'><strong>qui</strong></span> 
     </span>
    </p>
   </div>
   <div class='ocr_carea' id='block_1_97' title="bbox 1997 3391 3581 3462">
    <p class='ocr_par' dir='ltr' id='par_1_97' title="bbox 1997 3391 3581 3462">
     <span class='ocr_line' id='line_1_97' title="bbox 1997 3391 3581 3462; baseline 0.006 -19"><span class='ocrx_word' id='word_1_712' title='bbox 1997 3391 2147 3460; x_wconf 75' lang='lat' dir='ltr'><strong>fuerit</strong></span> <span class='ocrx_word' id='word_1_713' title='bbox 2169 3392 2412 3462; x_wconf 86' lang='lat' dir='ltr'><strong>conjugio</strong></span> <span class='ocrx_word' id='word_1_714' title='bbox 2455 3391 2750 3459; x_wconf 84' lang='lat' dir='ltr'><strong>copulatus,</strong></span> <span class='ocrx_word' id='word_1_715' title='bbox 2780 3393 3052 3446; x_wconf 84' lang='lat' dir='ltr'><strong>anathema</strong></span> <span class='ocrx_word' id='word_1_716' title='bbox 3082 3394 3170 3449; x_wconf 79' lang='lat' dir='ltr'><strong>sit.</strong></span> <span class='ocrx_word' id='word_1_717' title='bbox 3202 3396 3407 3461; x_wconf 89' lang='lat' dir='ltr'><strong>Quibus</strong></span> <span class='ocrx_word' id='word_1_718' title='bbox 3428 3397 3581 3451; x_wconf 78' lang='lat' dir='ltr'><strong>andi-</strong></span> 
     </span>
    </p>
   </div>
   <div class='ocr_carea' id='block_1_98' title="bbox 1998 3480 3583 3552">
    <p class='ocr_par' dir='ltr' id='par_1_98' title="bbox 1998 3480 3583 3552">
     <span class='ocr_line' id='line_1_98' title="bbox 1998 3480 3583 3552; baseline 0.004 -19"><span class='ocrx_word' id='word_1_719' title='bbox 1998 3480 2066 3533; x_wconf 87' lang='lat' dir='ltr'><strong>tis</strong></span> <span class='ocrx_word' id='word_1_720' title='bbox 2098 3480 2485 3552; x_wconf 87' lang='lat' dir='ltr'><strong>Berthegundis</strong></span> <span class='ocrx_word' id='word_1_721' title='bbox 2508 3493 2751 3536; x_wconf 91' lang='lat' dir='ltr'><strong>metuens</strong></span> <span class='ocrx_word' id='word_1_722' title='bbox 2782 3497 2849 3537; x_wconf 90' lang='lat' dir='ltr'><strong>ne</strong></span> <span class='ocrx_word' id='word_1_723' title='bbox 2869 3498 2897 3536; x_wconf 90' lang='lat' dir='ltr'><strong>a</strong></span> <span class='ocrx_word' id='word_1_724' title='bbox 2920 3482 3287 3539; x_wconf 89' lang='lat' dir='ltr'><strong>sacerdotibus</strong></span> <span class='ocrx_word' id='word_1_725' title='bbox 3324 3484 3415 3539; x_wconf 90' lang='lat' dir='ltr'><strong>Dei</strong></span> <span class='ocrx_word' id='word_1_726' title='bbox 3432 3501 3583 3540; x_wconf 85' lang='lat' dir='ltr'><strong>com-</strong></span> 
     </span>
    </p>
   </div>
   <div class='ocr_carea' id='block_1_99' title="bbox 1998 3573 3582 3645">
    <p class='ocr_par' dir='ltr' id='par_1_99' title="bbox 1998 3573 3582 3645">
     <span class='ocr_line' id='line_1_99' title="bbox 1998 3573 3582 3645; baseline 0.007 -21"><span class='ocrx_word' id='word_1_727' title='bbox 1998 3573 2250 3627; x_wconf 89' lang='lat' dir='ltr'><strong>munione</strong></span> <span class='ocrx_word' id='word_1_728' title='bbox 2304 3574 2641 3643; x_wconf 86' lang='lat' dir='ltr'><strong>privaretur,</strong></span> <span class='ocrx_word' id='word_1_729' title='bbox 2692 3588 2910 3645; x_wconf 87' lang='lat' dir='ltr'><strong>egressa</strong></span> <span class='ocrx_word' id='word_1_730' title='bbox 2967 3577 3370 3643; x_wconf 86' lang='lat' dir='ltr'><strong>monasterium,</strong></span> <span class='ocrx_word' id='word_1_731' title='bbox 3426 3576 3582 3635; x_wconf 82' lang='lat' dir='ltr'><strong>rediit</strong></span> 
     </span>
    </p>
   </div>
   <div class='ocr_carea' id='block_1_100' title="bbox 1998 3664 3581 3735">
    <p class='ocr_par' dir='ltr' id='par_1_100' title="bbox 1998 3664 3581 3735">
     <span class='ocr_line' id='line_1_100' title="bbox 1998 3664 3581 3735; baseline 0 -17"><span class='ocrx_word' id='word_1_732' title='bbox 1998 3681 2116 3718; x_wconf 89' lang='lat' dir='ltr'><strong>cum</strong></span> <span class='ocrx_word' id='word_1_733' title='bbox 2147 3665 2262 3719; x_wconf 87' lang='lat' dir='ltr'><strong>viro</strong></span> <span class='ocrx_word' id='word_1_734' title='bbox 2290 3679 2406 3718; x_wconf 87' lang='lat' dir='ltr'><strong>suo.</strong></span> <span class='ocrx_word' id='word_1_735' title='bbox 2435 3664 2769 3732; x_wconf 88' lang='lat' dir='ltr'><strong>Interpositis</strong></span> <span class='ocrx_word' id='word_1_736' title='bbox 2801 3674 2977 3718; x_wconf 88' lang='lat' dir='ltr'><strong>autem</strong></span> <span class='ocrx_word' id='word_1_737' title='bbox 3021 3665 3191 3719; x_wconf 87' lang='lat' dir='ltr'><strong>tribus</strong></span> <span class='ocrx_word' id='word_1_738' title='bbox 3234 3666 3313 3720; x_wconf 88' lang='lat' dir='ltr'><strong>vel</strong></span> <span class='ocrx_word' id='word_1_739' title='bbox 3356 3674 3581 3735; x_wconf 89' lang='lat' dir='ltr'><strong>quatuor</strong></span> 
     </span>
    </p>
   </div>
   <div class='ocr_carea' id='block_1_101' title="bbox 1997 3755 3581 3825">
    <p class='ocr_par' dir='ltr' id='par_1_101' title="bbox 1997 3755 3581 3825">
     <span class='ocr_line' id='line_1_101' title="bbox 1997 3755 3581 3825; baseline 0.004 -18"><span class='ocrx_word' id='word_1_740' title='bbox 1997 3756 2169 3821; x_wconf 87' lang='lat' dir='ltr'><strong>annis,</strong></span> <span class='ocrx_word' id='word_1_741' title='bbox 2196 3756 2394 3810; x_wconf 86' lang='lat' dir='ltr'><strong>iterum</strong></span> <span class='ocrx_word' id='word_1_742' title='bbox 2430 3755 2679 3809; x_wconf 86' lang='lat' dir='ltr'><strong>mandata</strong></span> <span class='ocrx_word' id='word_1_743' title='bbox 2734 3757 2901 3810; x_wconf 89' lang='lat' dir='ltr'><strong>mittit</strong></span> <span class='ocrx_word' id='word_1_744' title='bbox 2929 3757 2995 3810; x_wconf 89' lang='lat' dir='ltr'><strong>ad</strong></span> <span class='ocrx_word' id='word_1_745' title='bbox 3024 3772 3142 3811; x_wconf 87' lang='lat' dir='ltr'><strong>eam</strong></span> <span class='ocrx_word' id='word_1_746' title='bbox 3167 3767 3359 3824; x_wconf 87' lang='lat' dir='ltr'><strong>mater,</strong></span> <span class='ocrx_word' id='word_1_747' title='bbox 3384 3758 3581 3825; x_wconf 89' lang='lat' dir='ltr'><strong>depre-</strong></span> 
     </span>
    </p>
   </div>
   <div class='ocr_carea' id='block_1_102' title="bbox 2003 3846 3579 3903">
    <p class='ocr_par' dir='ltr' id='par_1_102' title="bbox 2003 3846 3579 3903">
     <span class='ocr_line' id='line_1_102' title="bbox 2003 3846 3579 3903; baseline 0.003 -5"><span class='ocrx_word' id='word_1_748' title='bbox 2003 3861 2131 3899; x_wconf 87' lang='lat' dir='ltr'><strong>cans</strong></span> <span class='ocrx_word' id='word_1_749' title='bbox 2156 3861 2269 3898; x_wconf 86' lang='lat' dir='ltr'><strong>eam</strong></span> <span class='ocrx_word' id='word_1_750' title='bbox 2307 3846 2372 3897; x_wconf 89' lang='lat' dir='ltr'><strong>ad</strong></span> <span class='ocrx_word' id='word_1_751' title='bbox 2406 3860 2463 3899; x_wconf 89' lang='lat' dir='ltr'><strong>se</strong></span> <span class='ocrx_word' id='word_1_752' title='bbox 2508 3846 2790 3900; x_wconf 89' lang='lat' dir='ltr'><strong>accedere.</strong></span> <span class='ocrx_word' id='word_1_753' title='bbox 2823 3849 2890 3900; x_wconf 77' lang='lat' dir='ltr'><strong>At</strong></span> <span class='ocrx_word' id='word_1_754' title='bbox 2941 3848 3025 3900; x_wconf 91' lang='lat' dir='ltr'><strong>illa</strong></span> <span class='ocrx_word' id='word_1_755' title='bbox 3077 3852 3313 3903; x_wconf 74' lang='lat' dir='ltr'><strong>oneratis</strong></span> <span class='ocrx_word' id='word_1_756' title='bbox 3355 3851 3579 3903; x_wconf 87' lang='lat' dir='ltr'><strong>navibus</strong></span> 
     </span>
    </p>
   </div>
   <div class='ocr_carea' id='block_1_103' title="bbox 1998 3937 3577 4013">
    <p class='ocr_par' dir='ltr' id='par_1_103' title="bbox 1998 3937 3577 4013">
     <span class='ocr_line' id='line_1_103' title="bbox 1998 3937 3577 4013; baseline 0.004 -24"><span class='ocrx_word' id='word_1_757' title='bbox 1998 3937 2156 4013; x_wconf 68' lang='grc'><strong>457</strong></span> <span class='ocrx_word' id='word_1_758' title='bbox 2182 3948 2288 3991; x_wconf 87' lang='lat' dir='ltr'><strong>tam</strong></span> <span class='ocrx_word' id='word_1_759' title='bbox 2310 3938 2375 3991; x_wconf 91' lang='lat' dir='ltr'><strong>de</strong></span> <span class='ocrx_word' id='word_1_760' title='bbox 2400 3939 2558 3992; x_wconf 89' lang='lat' dir='ltr'><strong>rebus</strong></span> <span class='ocrx_word' id='word_1_761' title='bbox 2587 3938 2840 4006; x_wconf 88' lang='lat' dir='ltr'><strong>propriis,</strong></span> <span class='ocrx_word' id='word_1_762' title='bbox 2872 3954 3028 4007; x_wconf 88' lang='lat' dir='ltr'><strong>quam</strong></span> <span class='ocrx_word' id='word_1_763' title='bbox 3055 3941 3149 3994; x_wconf 91' lang='lat' dir='ltr'><strong>viri</strong></span> <span class='ocrx_word' id='word_1_764' title='bbox 3176 3943 3280 4005; x_wconf 83' lang='lat' dir='ltr'><strong>sui,</strong></span> <span class='ocrx_word' id='word_1_765' title='bbox 3303 3953 3577 4012; x_wconf 90' lang='lat' dir='ltr'><strong>assumpto</strong></span> 
     </span>
    </p>
   </div>
   <div class='ocr_carea' id='block_1_104' title="bbox 1994 4032 3578 4101">
    <p class='ocr_par' dir='ltr' id='par_1_104' title="bbox 1994 4032 3578 4101">
     <span class='ocr_line' id='line_1_104' title="bbox 1994 4032 3578 4101; baseline 0 -14"><span class='ocrx_word' id='word_1_766' title='bbox 1994 4045 2177 4088; x_wconf 77' lang='lat' dir='ltr'><strong>secum</strong></span> <span class='ocrx_word' id='word_1_767' title='bbox 2202 4048 2306 4086; x_wconf 89' lang='lat' dir='ltr'><strong>uno</strong></span> <span class='ocrx_word' id='word_1_768' title='bbox 2338 4032 2479 4095; x_wconf 90' lang='lat' dir='ltr'><strong>filio,</strong></span> <span class='ocrx_word' id='word_1_769' title='bbox 2529 4034 2642 4086; x_wconf 90' lang='lat' dir='ltr'><strong>viro</strong></span> <span class='ocrx_word' id='word_1_770' title='bbox 2669 4034 2911 4097; x_wconf 90' lang='lat' dir='ltr'><strong>absente,</strong></span> <span class='ocrx_word' id='word_1_771' title='bbox 2957 4033 3187 4087; x_wconf 86' lang='lat' dir='ltr'><strong>Turonis</strong></span> <span class='ocrx_word' id='word_1_772' title='bbox 3207 4041 3291 4086; x_wconf 90' lang='lat' dir='ltr'><strong>est</strong></span> <span class='ocrx_word' id='word_1_773' title='bbox 3336 4034 3578 4101; x_wconf 87' lang='lat' dir='ltr'><strong>appulsa.</strong></span> 
     </span>
    </p>
   </div>
   <div class='ocr_carea' id='block_1_105' title="bbox 1994 4124 3576 4192">
    <p class='ocr_par' dir='ltr' id='par_1_105' title="bbox 1994 4124 3576 4192">
     <span class='ocr_line' id='line_1_105' title="bbox 1994 4124 3576 4192; baseline 0 -13"><span class='ocrx_word' id='word_1_774' title='bbox 1994 4124 2098 4179; x_wconf 89' lang='lat' dir='ltr'><strong>Sed</strong></span> <span class='ocrx_word' id='word_1_775' title='bbox 2120 4139 2239 4178; x_wconf 91' lang='lat' dir='ltr'><strong>cum</strong></span> <span class='ocrx_word' id='word_1_776' title='bbox 2271 4138 2298 4175; x_wconf 92' lang='lat' dir='ltr'><strong>a</strong></span> <span class='ocrx_word' id='word_1_777' title='bbox 2330 4134 2497 4177; x_wconf 83' lang='lat' dir='ltr'><strong>matre</strong></span> <span class='ocrx_word' id='word_1_778' title='bbox 2553 4135 2770 4192; x_wconf 72' lang='lat' dir='ltr'><strong>promer</strong></span> <span class='ocrx_word' id='word_1_779' title='bbox 2801 4125 3191 4192; x_wconf 87' lang='lat' dir='ltr'><strong>improbitatem</strong></span> <span class='ocrx_word' id='word_1_780' title='bbox 3215 4124 3323 4178; x_wconf 73' lang='lat' dir='ltr'><strong>viri&#39;</strong></span> <span class='ocrx_word' id='word_1_781' title='bbox 3359 4124 3576 4179; x_wconf 87' lang='lat' dir='ltr'><strong>retineri</strong></span> 
     </span>
    </p>
   </div>
   <div class='ocr_carea' id='block_1_106' title="bbox 1996 4208 3576 4284">
    <p class='ocr_par' dir='ltr' id='par_1_106' title="bbox 1996 4208 3576 4284">
     <span class='ocr_line' id='line_1_106' title="bbox 1996 4208 3576 4284; baseline 0 -15"><span class='ocrx_word' id='word_1_782' title='bbox 1996 4232 2101 4269; x_wconf 92' lang='lat' dir='ltr'><strong>non</strong></span> <span class='ocrx_word' id='word_1_783' title='bbox 2133 4222 2331 4284; x_wconf 89' lang='lat' dir='ltr'><strong>posset,</strong></span> <span class='ocrx_word' id='word_1_784' title='bbox 2362 4214 2568 4267; x_wconf 89' lang='lat' dir='ltr'><strong>scilicet</strong></span> <span class='ocrx_word' id='word_1_785' title='bbox 2599 4231 2664 4267; x_wconf 89' lang='lat' dir='ltr'><strong>ne</strong></span> <span class='ocrx_word' id='word_1_786' title='bbox 2693 4216 3018 4269; x_wconf 88' lang='lat' dir='ltr'><strong>calumniam</strong></span> <span class='ocrx_word' id='word_1_787' title='bbox 3064 4230 3181 4283; x_wconf 66' lang='lat' dir='ltr'><strong>quas</strong></span> <span class='ocrx_word' id='word_1_788' title='bbox 3214 4214 3329 4282; x_wconf 86' lang='lat' dir='ltr'><strong>ejus</strong></span> <span class='ocrx_word' id='word_1_789' title='bbox 3354 4214 3479 4269; x_wconf 91' lang='lat' dir='ltr'><strong>dolo</strong></span> <span class='ocrx_word' id='word_1_790' title='bbox 3502 4208 3576 4268; x_wconf 71' lang='lat' dir='ltr'><strong>fai-</strong></span> 
     </span>
    </p>
   </div>
   <div class='ocr_carea' id='block_1_107' title="bbox 1994 4305 3575 4375">
    <p class='ocr_par' dir='ltr' id='par_1_107' title="bbox 1994 4305 3575 4375">
     <span class='ocr_line' id='line_1_107' title="bbox 1994 4305 3575 4375; baseline -0.001 -14"><span class='ocrx_word' id='word_1_791' title='bbox 1994 4307 2192 4362; x_wconf 88' lang='lat' dir='ltr'><strong>bricata</strong></span> <span class='ocrx_word' id='word_1_792' title='bbox 2223 4306 2394 4359; x_wconf 88' lang='lat' dir='ltr'><strong>fuerat</strong></span> <span class='ocrx_word' id='word_1_793' title='bbox 2420 4305 2714 4375; x_wconf 78' lang='lat' dir='ltr'><strong>exciperet,</strong></span> <span class='ocrx_word' id='word_1_794' title='bbox 2744 4306 2809 4360; x_wconf 91' lang='lat' dir='ltr'><strong>ad</strong></span> <span class='ocrx_word' id='word_1_795' title='bbox 2870 4305 3307 4361; x_wconf 84' lang='lat' dir='ltr'><strong>Bertcltramnum</strong></span> <span class='ocrx_word' id='word_1_796' title='bbox 3357 4321 3575 4375; x_wconf 88' lang='lat' dir='ltr'><strong>germa-</strong></span> 
     </span>
    </p>
   </div>
   <div class='ocr_carea' id='block_1_108' title="bbox 1998 4394 3573 4466">
    <p class='ocr_par' dir='ltr' id='par_1_108' title="bbox 1998 4394 3573 4466">
     <span class='ocr_line' id='line_1_108' title="bbox 1998 4394 3573 4466; baseline 0.002 -16"><span class='ocrx_word' id='word_1_797' title='bbox 1998 4411 2124 4450; x_wconf 93' lang='lat' dir='ltr'><strong>num</strong></span> <span class='ocrx_word' id='word_1_798' title='bbox 2150 4395 2292 4463; x_wconf 89' lang='lat' dir='ltr'><strong>ejus,</strong></span> <span class='ocrx_word' id='word_1_799' title='bbox 2320 4394 2481 4449; x_wconf 90' lang='lat' dir='ltr'><strong>filium</strong></span> <span class='ocrx_word' id='word_1_800' title='bbox 2506 4396 2751 4450; x_wconf 89' lang='lat' dir='ltr'><strong>videlicet</strong></span> <span class='ocrx_word' id='word_1_801' title='bbox 2772 4412 2947 4463; x_wconf 89' lang='lat' dir='ltr'><strong>suum,</strong></span> <span class='ocrx_word' id='word_1_802' title='bbox 2996 4396 3402 4466; x_wconf 86' lang='lat' dir='ltr'><strong>Burdegalensis</strong></span> <span class='ocrx_word' id='word_1_803' title='bbox 3425 4398 3573 4454; x_wconf 85' lang='lat' dir='ltr'><strong>urbis</strong></span> 
     </span>
    </p>
   </div>
   <div class='ocr_carea' id='block_1_109' title="bbox 1990 4489 3580 4560">
    <p class='ocr_par' dir='ltr' id='par_1_109' title="bbox 1990 4489 3580 4560">
     <span class='ocr_line' id='line_1_109' title="bbox 1990 4489 3580 4560; baseline 0.002 -17"><span class='ocrx_word' id='word_1_804' title='bbox 1990 4489 2319 4557; x_wconf 77' lang='lat' dir='ltr'><strong>episcopum,</strong></span> <span class='ocrx_word' id='word_1_805' title='bbox 2352 4504 2469 4543; x_wconf 78' lang='lat' dir='ltr'><strong>eum</strong></span> <span class='ocrx_word' id='word_1_806' title='bbox 2494 4489 2715 4543; x_wconf 83' lang='lat' dir='ltr'><strong>direxit.</strong></span> <span class='ocrx_word' id='word_1_807' title='bbox 2741 4490 3101 4560; x_wconf 86' lang='lat' dir='ltr'><strong>Prosequente</strong></span> <span class='ocrx_word' id='word_1_808' title='bbox 3130 4490 3292 4559; x_wconf 82' lang='lat' dir='ltr'><strong>igitur</strong></span> <span class='ocrx_word' id='word_1_809' title='bbox 3315 4505 3431 4546; x_wconf 90' lang='lat' dir='ltr'><strong>eam</strong></span> <span class='ocrx_word' id='word_1_810' title='bbox 3458 4492 3580 4547; x_wconf 85' lang='lat' dir='ltr'><strong>viro</strong></span> 
     </span>
    </p>
   </div>
   <div class='ocr_carea' id='block_1_110' title="bbox 1988 4579 3577 4653">
    <p class='ocr_par' dir='ltr' id='par_1_110' title="bbox 1988 4579 3577 4653">
     <span class='ocr_line' id='line_1_110' title="bbox 1988 4579 3577 4653; baseline 0.001 -17"><span class='ocrx_word' id='word_1_811' title='bbox 1988 4579 2103 4651; x_wconf 88' lang='lat' dir='ltr'><strong>ejus</strong></span> <span class='ocrx_word' id='word_1_812' title='bbox 2129 4580 2372 4635; x_wconf 88' lang='lat' dir='ltr'><strong>dicebat:</strong></span> <span class='ocrx_word' id='word_1_813' title='bbox 2409 4582 2540 4647; x_wconf 88' lang='lat' dir='ltr'><strong>Quia</strong></span> <span class='ocrx_word' id='word_1_814' title='bbox 2568 4580 2683 4636; x_wconf 89' lang='lat' dir='ltr'><strong>sine</strong></span> <span class='ocrx_word' id='word_1_815' title='bbox 2730 4583 2953 4637; x_wconf 89' lang='lat' dir='ltr'><strong>consilio</strong></span> <span class='ocrx_word' id='word_1_816' title='bbox 2983 4593 3263 4653; x_wconf 88' lang='lat' dir='ltr'><strong>parentum</strong></span> <span class='ocrx_word' id='word_1_817' title='bbox 3288 4599 3405 4640; x_wconf 90' lang='lat' dir='ltr'><strong>eam</strong></span> <span class='ocrx_word' id='word_1_818' title='bbox 3441 4599 3577 4639; x_wconf 56' lang='lat' dir='ltr'><strong>cono</strong></span> 
     </span>
    </p>
   </div>
   <div class='ocr_carea' id='block_1_111' title="bbox 1992 4741 2426 4796">
    <p class='ocr_par' dir='ltr' id='par_1_111' title="bbox 1992 4741 2426 4796">
     <span class='ocr_line' id='line_1_111' title="bbox 1992 4741 2426 4796; baseline -0.002 0"><span class='ocrx_word' id='word_1_819' title='bbox 1992 4741 2426 4796; x_wconf 81' lang='lat' dir='ltr'><strong>Emeritensium.</strong></span> 
     </span>
    </p>
   </div>
   <div class='ocr_carea' id='block_1_112' title="bbox 2058 4810 3554 4884">
    <p class='ocr_par' dir='ltr' id='par_1_112' title="bbox 2058 4810 3554 4884">
     <span class='ocr_line' id='line_1_112' title="bbox 2058 4810 3554 4884; baseline 0.004 -20"><span class='ocrx_word' id='word_1_820' title='bbox 2058 4810 2224 4884; x_wconf 27' lang='lat' dir='ltr'><strong>d‘lloc</strong></span> <span class='ocrx_word' id='word_1_821' title='bbox 2248 4811 2628 4884; x_wconf 75' lang='lat' dir='ltr'><strong>monasterium</strong></span> <span class='ocrx_word' id='word_1_822' title='bbox 2651 4814 2807 4884; x_wconf 84' lang='lat' dir='ltr'><strong>intra</strong></span> <span class='ocrx_word' id='word_1_823' title='bbox 2854 4815 3025 4868; x_wconf 88' lang='lat' dir='ltr'><strong>sancti</strong></span> <span class='ocrx_word' id='word_1_824' title='bbox 3056 4815 3267 4869; x_wconf 80' lang='lat' dir='ltr'><strong>Martini</strong></span> <span class='ocrx_word' id='word_1_825' title='bbox 3293 4822 3441 4884; x_wconf 90' lang='lat' dir='ltr'><strong>septa</strong></span> <span class='ocrx_word' id='word_1_826' title='bbox 3463 4816 3554 4870; x_wconf 89' lang='lat' dir='ltr'><strong>diu</strong></span> 
     </span>
    </p>
   </div>
   <div class='ocr_carea' id='block_1_113' title="bbox 1988 4881 3560 4947">
    <p class='ocr_par' dir='ltr' id='par_1_113' title="bbox 1988 4881 3560 4947">
     <span class='ocr_line' id='line_1_113' title="bbox 1988 4881 3560 4947; baseline 0.003 -13"><span class='ocrx_word' id='word_1_827' title='bbox 1988 4881 2150 4944; x_wconf 88' lang='lat' dir='ltr'><strong>stetit,</strong></span> <span class='ocrx_word' id='word_1_828' title='bbox 2176 4894 2375 4935; x_wconf 75' lang='lat' dir='ltr'><strong>sancta:</strong></span> <span class='ocrx_word' id='word_1_829' title='bbox 2406 4882 2584 4935; x_wconf 71' lang='lat' dir='ltr'><strong>Maria:</strong></span> <span class='ocrx_word' id='word_1_830' title='bbox 2629 4883 2697 4936; x_wconf 90' lang='lat' dir='ltr'><strong>de</strong></span> <span class='ocrx_word' id='word_1_831' title='bbox 2746 4882 3012 4936; x_wconf 88' lang='lat' dir='ltr'><strong>Scriniolo</strong></span> <span class='ocrx_word' id='word_1_832' title='bbox 3056 4881 3370 4947; x_wconf 81' lang='lat' dir='ltr'><strong>dictum;ai</strong></span> <span class='ocrx_word' id='word_1_833' title='bbox 3418 4887 3560 4940; x_wconf 78' lang='lat' dir='ltr'><strong>circa</strong></span> 
     </span>
    </p>
   </div>
   <div class='ocr_carea' id='block_1_114' title="bbox 1989 4951 3561 5011">
    <p class='ocr_par' dir='ltr' id='par_1_114' title="bbox 1989 4951 3561 5011">
     <span class='ocr_line' id='line_1_114' title="bbox 1989 4951 3561 5011; baseline 0.005 -8"><span class='ocrx_word' id='word_1_834' title='bbox 1989 4952 2168 5005; x_wconf 73' lang='lat' dir='ltr'><strong>stcculi</strong></span> <span class='ocrx_word' id='word_1_835' title='bbox 2201 4953 2462 5006; x_wconf 83' lang='lat' dir='ltr'><strong>undecimi</strong></span> <span class='ocrx_word' id='word_1_836' title='bbox 2483 4952 2689 5004; x_wconf 83' lang='lat' dir='ltr'><strong>initium</strong></span> <span class='ocrx_word' id='word_1_837' title='bbox 2718 4952 2784 5005; x_wconf 89' lang='lat' dir='ltr'><strong>ab</strong></span> <span class='ocrx_word' id='word_1_838' title='bbox 2806 4951 3011 5006; x_wconf 89' lang='lat' dir='ltr'><strong>Herveo</strong></span> <span class='ocrx_word' id='word_1_839' title='bbox 3036 4952 3365 5008; x_wconf 64' lang='lat' dir='ltr'><strong>thesaurario</strong></span> <span class='ocrx_word' id='word_1_840' title='bbox 3388 4961 3561 5011; x_wconf 85' lang='lat' dir='ltr'><strong>trans-</strong></span> 
     </span>
    </p>
   </div>
   <div class='ocr_carea' id='block_1_115' title="bbox 1989 5022 3559 5088">
    <p class='ocr_par' dir='ltr' id='par_1_115' title="bbox 1989 5022 3559 5088">
     <span class='ocr_line' id='line_1_115' title="bbox 1989 5022 3559 5088; baseline 0.004 -15"><span class='ocrx_word' id='word_1_841' title='bbox 1989 5022 2148 5073; x_wconf 90' lang='lat' dir='ltr'><strong>latum</strong></span> <span class='ocrx_word' id='word_1_842' title='bbox 2179 5030 2263 5074; x_wconf 86' lang='lat' dir='ltr'><strong>est</strong></span> <span class='ocrx_word' id='word_1_843' title='bbox 2323 5024 2372 5073; x_wconf 91' lang='lat' dir='ltr'><strong>in</strong></span> <span class='ocrx_word' id='word_1_844' title='bbox 2402 5023 2629 5073; x_wconf 84' lang='lat' dir='ltr'><strong>vicinum</strong></span> <span class='ocrx_word' id='word_1_845' title='bbox 2678 5022 2891 5085; x_wconf 89' lang='lat' dir='ltr'><strong>collem,</strong></span> <span class='ocrx_word' id='word_1_846' title='bbox 2946 5024 3031 5088; x_wconf 85' lang='lat' dir='ltr'><strong>qui</strong></span> <span class='ocrx_word' id='word_1_847' title='bbox 3062 5024 3131 5075; x_wconf 91' lang='lat' dir='ltr'><strong>ob</strong></span> <span class='ocrx_word' id='word_1_848' title='bbox 3173 5024 3309 5078; x_wconf 90' lang='lat' dir='ltr'><strong>situs</strong></span> <span class='ocrx_word' id='word_1_849' title='bbox 3336 5026 3559 5081; x_wconf 71' lang='lat' dir='ltr'><strong>arumni-</strong></span> 
     </span>
    </p>
   </div>
   <div class='ocr_carea' id='block_1_116' title="bbox 1987 5093 3562 5164">
    <p class='ocr_par' dir='ltr' id='par_1_116' title="bbox 1987 5093 3562 5164">
     <span class='ocr_line' id='line_1_116' title="bbox 1987 5093 3562 5164; baseline 0.004 -20"><span class='ocrx_word' id='word_1_850' title='bbox 1987 5099 2517 5164; x_wconf 75' lang='lat' dir='ltr'><strong>tatem,gratut_nque</strong></span> <span class='ocrx_word' id='word_1_851' title='bbox 2567 5103 2907 5164; x_wconf 80' lang='lat' dir='ltr'><strong>prospectum</strong></span> <span class='ocrx_word' id='word_1_852' title='bbox 2947 5093 3281 5164; x_wconf 81' lang='lat' dir='ltr'><strong>Bellusmons</strong></span> <span class='ocrx_word' id='word_1_853' title='bbox 3324 5096 3562 5164; x_wconf 85' lang='lat' dir='ltr'><strong>appella-</strong></span> 
     </span>
    </p>
   </div>
   <div class='ocr_carea' id='block_1_117' title="bbox 1985 5160 3563 5238">
    <p class='ocr_par' dir='ltr' id='par_1_117' title="bbox 1985 5160 3563 5238">
     <span class='ocr_line' id='line_1_117' title="bbox 1985 5160 3563 5238; baseline 0.006 -26"><span class='ocrx_word' id='word_1_854' title='bbox 1985 5170 2098 5238; x_wconf 82' lang='lat' dir='ltr'><strong>tn_r_,_</strong></span> <span class='ocrx_word' id='word_1_855' title='bbox 2123 5161 2210 5213; x_wconf 92' lang='lat' dir='ltr'><strong>ubi</strong></span> <span class='ocrx_word' id='word_1_856' title='bbox 2256 5160 2517 5228; x_wconf 86' lang='lat' dir='ltr'><strong>hodieque</strong></span> <span class='ocrx_word' id='word_1_857' title='bbox 2554 5162 2766 5228; x_wconf 86' lang='lat' dir='ltr'><strong>visitur,</strong></span> <span class='ocrx_word' id='word_1_858' title='bbox 2797 5163 2966 5217; x_wconf 85' lang='lat' dir='ltr'><strong>sancti</strong></span> <span class='ocrx_word' id='word_1_859' title='bbox 3018 5163 3293 5221; x_wconf 88' lang='lat' dir='ltr'><strong>Benedicti</strong></span> <span class='ocrx_word' id='word_1_860' title='bbox 3344 5160 3563 5238; x_wconf 65' lang='lat' dir='ltr'><strong>Regule</strong></span> 
     </span>
    </p>
   </div>
   <div class='ocr_carea' id='block_1_118' title="bbox 1980 5232 2268 5285">
    <p class='ocr_par' dir='ltr' id='par_1_118' title="bbox 1980 5232 2268 5285">
     <span class='ocr_line' id='line_1_118' title="bbox 1980 5232 2268 5285; baseline -0.007 -1"><span class='ocrx_word' id='word_1_861' title='bbox 1980 5232 2268 5285; x_wconf 90' lang='lat' dir='ltr'><strong>addictum.</strong></span> 
     </span>
    </p>
   </div>
   <div class='ocr_carea' id='block_1_119' title="bbox 2057 5297 3562 5375">
    <p class='ocr_par' dir='ltr' id='par_1_119' title="bbox 2057 5297 3562 5375">
     <span class='ocr_line' id='line_1_119' title="bbox 2057 5297 3562 5375; baseline 0.005 -22"><span class='ocrx_word' id='word_1_862' title='bbox 2057 5310 2081 5338; x_wconf 74' lang='grc' dir='ltr'><strong><em>ο</em></strong></span> <span class='ocrx_word' id='word_1_863' title='bbox 2115 5301 2325 5375; x_wconf 77' lang='lat' dir='ltr'><strong>Heg_m.,</strong></span> <span class='ocrx_word' id='word_1_864' title='bbox 2359 5297 2787 5355; x_wconf 84' lang='lat' dir='ltr'><strong>Cenomannicum</strong></span> <span class='ocrx_word' id='word_1_865' title='bbox 2809 5306 3202 5371; x_wconf 85' lang='lat' dir='ltr'><strong>monasterium;</strong></span> <span class='ocrx_word' id='word_1_866' title='bbox 3223 5307 3420 5375; x_wconf 87' lang='lat' dir='ltr'><strong>aliquot</strong></span> <span class='ocrx_word' id='word_1_867' title='bbox 3447 5306 3562 5361; x_wconf 88' lang='lat' dir='ltr'><strong>edi-</strong></span> 
     </span>
    </p>
   </div>
   <div class='ocr_carea' id='block_1_120' title="bbox 1981 5370 2642 5441">
    <p class='ocr_par' dir='ltr' id='par_1_120' title="bbox 1981 5370 2642 5441">
     <span class='ocr_line' id='line_1_120' title="bbox 1981 5370 2642 5441; baseline 0 -18"><span class='ocrx_word' id='word_1_868' title='bbox 1981 5370 2019 5425; x_wconf 87' lang='lat' dir='ltr'><strong>ti</strong></span> <span class='ocrx_word' id='word_1_869' title='bbox 2060 5386 2186 5441; x_wconf 78' lang='lat' dir='ltr'><strong>cunt</strong></span> <span class='ocrx_word' id='word_1_870' title='bbox 2215 5370 2642 5441; x_wconf 46' lang='lat' dir='ltr'><strong>Bec.,‘regressa.</strong></span> 
     </span>
    </p>
   </div>
   <div class='ocr_carea' id='block_1_121' title="bbox 2051 5430 3560 5514">
    <p class='ocr_par' dir='ltr' id='par_1_121' title="bbox 2051 5430 3560 5514">
     <span class='ocr_line' id='line_1_121' title="bbox 2051 5430 3560 5514; baseline 0.003 -18"><span class='ocrx_word' id='word_1_871' title='bbox 2051 5439 2072 5479; x_wconf 67' lang='grc' dir='ltr'><em>τ</em></span> <span class='ocrx_word' id='word_1_872' title='bbox 2104 5430 2409 5514; x_wconf 64' lang='lat' dir='ltr'><strong>Regm.,_Si</strong></span> <span class='ocrx_word' id='word_1_873' title='bbox 2438 5430 2553 5512; x_wconf 65' lang='lat' dir='ltr'><strong>qua:</strong></span> <span class='ocrx_word' id='word_1_874' title='bbox 2579 5443 2758 5514; x_wconf 77' lang='lat' dir='ltr'><strong>mulier</strong></span> <span class='ocrx_word' id='word_1_875' title='bbox 2785 5456 3002 5498; x_wconf 69' lang='lat' dir='ltr'><strong>uxorum</strong></span> <span class='ocrx_word' id='word_1_876' title='bbox 3030 5446 3308 5514; x_wconf 79' lang='lat' dir='ltr'><strong>reliquerit.</strong></span> <span class='ocrx_word' id='word_1_877' title='bbox 3343 5443 3560 5501; x_wconf 75' lang='lat' dir='ltr'><strong>Videtur</strong></span> 
     </span>
    </p>
   </div>
   <div class='ocr_carea' id='block_1_122' title="bbox 1977 5511 3559 5583">
    <p class='ocr_par' dir='ltr' id='par_1_122' title="bbox 1977 5511 3559 5583">
     <span class='ocr_line' id='line_1_122' title="bbox 1977 5511 3559 5583; baseline 0.002 -17"><span class='ocrx_word' id='word_1_878' title='bbox 1977 5526 2095 5566; x_wconf 85' lang='lat' dir='ltr'><strong>esse</strong></span> <span class='ocrx_word' id='word_1_879' title='bbox 2121 5511 2293 5583; x_wconf 83' lang='lat' dir='ltr'><strong>canon</strong></span> <span class='ocrx_word' id='word_1_880' title='bbox 2321 5511 2387 5563; x_wconf 64' lang='grc' dir='ltr'>Μ</span> <span class='ocrx_word' id='word_1_881' title='bbox 2430 5527 2582 5583; x_wconf 82' lang='lat' dir='ltr'><strong>conc.</strong></span> <span class='ocrx_word' id='word_1_882' title='bbox 2609 5512 2958 5582; x_wconf 85' lang='lat' dir='ltr'><strong>Gangrensis,</strong></span> <span class='ocrx_word' id='word_1_883' title='bbox 2985 5511 3435 5583; x_wconf 48' lang='lat' dir='ltr'><strong>quod&#39;concilintn</strong></span> <span class='ocrx_word' id='word_1_884' title='bbox 3462 5530 3559 5569; x_wconf 74' lang='lat' dir='ltr'><strong>ve-</strong></span> 
     </span>
    </p>
   </div>
   <div class='ocr_carea' id='block_1_123' title="bbox 1977 5582 3555 5654">
    <p class='ocr_par' dir='ltr' id='par_1_123' title="bbox 1977 5582 3555 5654">
     <span class='ocr_line' id='line_1_123' title="bbox 1977 5582 3555 5654; baseline 0.004 -19"><span class='ocrx_word' id='word_1_885' title='bbox 1977 5591 2117 5637; x_wconf 89' lang='lat' dir='ltr'><strong>teres</strong></span> <span class='ocrx_word' id='word_1_886' title='bbox 2142 5582 2355 5637; x_wconf 66' lang='lat' dir='ltr'><strong>Nicaeno</strong></span> <span class='ocrx_word' id='word_1_887' title='bbox 2398 5582 2723 5651; x_wconf 78' lang='lat' dir='ltr'><strong>subiungere</strong></span> <span class='ocrx_word' id='word_1_888' title='bbox 2763 5582 3046 5649; x_wconf 83' lang='lat' dir='ltr'><strong>solebant;</strong></span> <span class='ocrx_word' id='word_1_889' title='bbox 3080 5583 3236 5654; x_wconf 80' lang='lat' dir='ltr'><strong>idque</strong></span> <span class='ocrx_word' id='word_1_890' title='bbox 3259 5584 3455 5639; x_wconf 89' lang='lat' dir='ltr'><strong>indicat</strong></span> <span class='ocrx_word' id='word_1_891' title='bbox 3482 5585 3555 5641; x_wconf 85' lang='lat' dir='ltr'><strong>ti-</strong></span> 
     </span>
    </p>
   </div>
   <div class='ocr_carea' id='block_1_124' title="bbox 1979 5654 2758 5723">
    <p class='ocr_par' dir='ltr' id='par_1_124' title="bbox 1979 5654 2758 5723">
     <span class='ocr_line' id='line_1_124' title="bbox 1979 5654 2758 5723; baseline 0 -17"><span class='ocrx_word' id='word_1_892' title='bbox 1979 5656 2116 5709; x_wconf 88' lang='lat' dir='ltr'><strong>tulus</strong></span> <span class='ocrx_word' id='word_1_893' title='bbox 2144 5655 2194 5709; x_wconf 92' lang='lat' dir='ltr'><strong>in</strong></span> <span class='ocrx_word' id='word_1_894' title='bbox 2230 5654 2502 5708; x_wconf 82' lang='lat' dir='ltr'><strong>veteribus</strong></span> <span class='ocrx_word' id='word_1_895' title='bbox 2530 5654 2758 5723; x_wconf 89' lang='lat' dir='ltr'><strong>scriptis.</strong></span> 
     </span>
    </p>
   </div>
   <div class='ocr_carea' id='block_1_125' title="bbox 3555 5833 3579 5854">
    <p class='ocr_par' dir='ltr' id='par_1_125' title="bbox 3555 5833 3579 5854">
     <span class='ocr_line' id='line_1_125' title="bbox 3555 5833 3579 5854; baseline 0 0"><span class='ocrx_word' id='word_1_896' title='bbox 3555 5833 3579 5854; x_wconf 64' lang='grc' dir='ltr'><strong>ι’</strong></span> 
     </span>
    </p>
   </div>
  </div>
