3966 6348
405 334 501 389 illi

1365 328 1424 390 S.
1467 331 1791 390 GREGURII
1832 318 2138 385 EPISCOPI
2178 318 2616 387 TURON‘ENSIS

3574 329 3680 384 διε

405 446 551 519 jngio
590 442 874 515 copulasti,
901 458 1007 498 non
1037 444 1141 500 erit
1191 459 1326 499 uxor
1353 452 1465 500 ttta.
1500 447 1664 501 Erant
1712 444 1855 501 enim
1878 442 1988 514 jam
2018 442 2063 503 Α
2094 450 2275 510 regem
2296 438 2447 507 abiit,
2479 440 2632 512 quasi
2657 439 2821 496 ﬁliam
2878 440 3221 498 exltaredem
3272 439 3461 497 datura
3484 441 3552 498 de
3604 447 3681 495 ta-

414 545 524 596 l‘ere
549 539 758 609 triginta
780 537 927 600 anni.
961 553 1027 594 ex
1050 553 1157 610 quo
1201 538 1478 607 conjuncti
1518 536 1716 608 pariter
1758 532 1989 593 fuerant.

408 632 550 686 Adiit
578 630 723 685 enim
754 630 835 685 vir
864 630 981 700 ejus
1027 630 1343 701 plerumque
1394 630 1581 685 urbem
1635 626 1993 699 Burdegalen-

407 736 551 788 5cm;
584 723 676 775 sed
712 722 1018 777 noluiteatn
1060 725 1345 792 episcopus
1400 724 1699 777 restituere.
1734 716 1865 776 Cum
1895 735 1992 775 au-

408 822 515 867 tem
544 829 640 868 rex
685 812 1118 868 Guntcllratunus
1163 813 1229 869 ad
1284 808 1725 869 Aurelianensem
1776 814 1990 879 urbem,

408 904 546 958 sicut
579 908 632 958 in
658 906 935 974 superiore
956 904 1094 959 libro
1136 905 1553 961 memoravimus
1585 913 1634 970 ι,
1665 898 1991 971 advenisset,

412 998 484 1052 ibi
514 1012 635 1051 euut
667 999 844 1052 acrius
874 997 963 1053 hic
1006 998 1087 1051 vir
1119 999 1431 1068 impugnare
1490 995 1667 1052 verbis
1698 996 1879 1067 coepit,
1912 988 1995 1050 di-

408 1100 539 1140 cens
570 1102 584 1141 :
619 1076 898 1141 Abstulisti
932 1102 1153 1142 uxorem
1178 1102 1351 1142 meam
1375 1102 1496 1141 cum
1523 1082 1736 1142 famulis
1763 1087 1901 1156 ejus.
1931 1082 1995 1142 Et

410 1192 557 1243 ecce,
583 1178 723 1247 quod
750 1177 1083 1234 sacerdOtem
1138 1194 1245 1233 non
1299 1173 1476 1246 decet,
1511 1190 1565 1233 tu
1608 1195 1730 1234 cum
1786 1172 1994 1233 ancillis

420 1269 579 1333 meis,
612 1278 665 1325 et
705 1270 789 1324 illa
819 1286 941 1325 cum
976 1272 1185 1326 [amulis
1215 1272 1317 1327 tuis
1342 1272 1577 1327 dedecus
1601 1271 1849 1326 adulterii
1878 1288 1999 1341 per-

423 1362 666 1430 petratis.
692 1362 841 1415 Tunc
867 1362 1043 1419 furore
1068 1372 1371 1417 commotus
1426 1378 1540 1430 rex,
1585 1362 1832 1417 astrinxit
1876 1364 1992 1429 epi-

417 1467 663 1522 scopum,
696 1462 753 1507 ut
800 1453 1142 1523 polliceretur
1164 1470 1281 1511 eam
1316 1454 1539 1511 reddere
1584 1457 1721 1523 viro,
1767 1455 1991 1510 dicens:

412 1545 545 1610 Quia
572 1558 763 1613 parens
795 1560 912 1601 mea
943 1543 1059 1600 hrec
1095 1555 1177 1601 est
1212 1564 1226 1600 :
1257 1544 1302 1600 si
1333 1542 1621 1616 quidquam
1666 1540 1791 1600 mali
1842 1562 1995 1601 exer.

411 1634 595 1688 i'uilin
641 1634 802 1689 domo
848 1630 947 1690 viri
979 1636 1083 1703 sui,
1134 1651 1234 1707 ego
1290 1634 1660 1705 ulciscar;sin
1708 1630 1872 1704 aliud,
1901 1652 1996 1693 cur

413 1725 515 1778 sub
544 1725 687 1778 omni
715 1724 1061 1781 deformitate
1094 1722 1342 1782 redactus
1372 1727 1454 1781 vir
1477 1725 1507 1765 ι
1533 1728 1729 1798 conjux
1758 1727 1874 1796 ejus
1901 1741 1994 1783 au-

2094 534 2291 589 Cultate
2313 544 2551 604 paterna.
2582 535 2733 590 Acin
2758 535 3044 604 praesentia
3074 534 3216 605 regis
3243 548 3522 605 exponens
3540 551 3679 592 can-

2095 629 2202 691 sas,
2228 624 2336 681 tilia
2368 625 2614 692 absente,
2644 627 2939 696 iudicatum
2986 635 3072 682 est
3111 628 3250 682 eiut
3294 638 3483 696 quam
3532 638 3683 695 parte

2094 710 2216 772 filia:
2238 719 2506 787 restituta,
2535 728 2643 776 tres
2668 734 2789 777 cum
2830 723 3119 793 nepotibus
3141 723 3274 789 suis,
3296 737 3432 790 quos
3475 722 3544 778 de
3570 723 3681 778 lilio

2092 818 2202 861 uno
2238 808 2486 879 habebat,
2536 813 2799 881 reciperet
2833 830 2847 866 :
2878 812 2933 870 in
2978 826 3079 883 qua
3110 824 3270 869 causa
3318 815 3681 871 'l‘beutltarius

2090 900 2394 971 presbyter,
2418 903 2509 973 qui
2538 914 2708 974 nuper
2746 916 2813 960 ex
2847 906 3213 962 referendario
3242 906 3493 976 διεκιπῆ
3534 909 3681 975 regis

2094 1002 2386 1046 conversus
2405 1033 2419 1055 ,
2451 994 2769 1066 presbyterii
2799 995 3058 1053 honorem
3090 998 3322 1065 accepit,
3350 1000 3598 1065 accessit,
3620 1007 3683 1053 ut

2091 1074 2235 1136 hanc
2269 1080 2586 1140 divisionem
2630 1087 2783 1155 juxta
2836 1089 2977 1156 regis
3026 1088 3309 1157 imperium
3357 1086 3675 1145 celebraret.

2090 1168 2201 1225 Sed
2230 1170 2520 1229 resistente
2547 1174 2674 1244 filia,
2708 1190 2808 1234 nec
2837 1178 3029 1233 divisio
3058 1179 3215 1245 facta,
3246 1192 3345 1236 nec
3364 1183 3680 1236 scandalum

2093 1265 2399 1318 resedatum
2421 1274 2512 1319 est
2538 1264 2587 1321 ἀ.

2168 1348 2408 1412 XXXIV.
2449 1355 2735 1429 Bimthis
2762 1368 2939 1416 autem
2963 1359 3065 1415 lilia
3082 1361 3407 1432 Chilperici,
3430 1372 3552 1419 eum
3579 1375 3680 1419 sae-

2092 1447 2217 1515 pius
2254 1450 2413 1504 matri
2452 1449 2747 1507 calumnlas
2798 1453 3055 1524 inferret,
3098 1455 3418 1525 diceretque
3456 1468 3522 1513 se
3554 1468 3683 1517 esse

2098 1537 2404 1607 dominam,
2450 1538 2871 1614 geuilriCemque
2910 1554 3063 1600 suam
3104 1548 3329 1603 δειιῑιιυ
3364 1548 3635 1605 Mhlbﬂ’i
3664 1595 3679 1620 ,

2096 1634 2152 1687 et
2182 1628 2364 1688 multis
2395 1642 2511 1689 eam
2540 1636 2598 1692 et
2626 1632 3103 1693 crebrocomieiis
3139 1636 3455 1705 lacessiret,
3496 1644 3561 1695 ac
3596 1641 3681 1693 iu-

2095 1727 2311 1782 terdum
2355 1727 2546 1797 pugnis
2584 1742 2645 1786 se
2690 1728 2969 1802 alaptsque
3000 1729 3309 1798 eruerent,
3338 1734 3413 1788 ait
3452 1732 3519 1788 ad
3559 1742 3677 1788 eam

410 1806 615 1869 fertur?
647 1816 796 1870 Tunc
827 1814 1242 1873 Bertcbramuus
1282 1819 1565 1887 episcomts
1593 1819 1865 1890 pollicitus
1888 1824 1991 1887 est,
2024 1809 2073 1879 Β
2092 1824 2303 1874 ‘mater:
2328 1814 2470 1886 Quid
2498 1818 2626 1877 mi'lri
2659 1821 2884 1878 molem
2918 1828 3009 1891 es,
3038 1820 3197 1879 lilia?
3224 1825 3368 1881 Ecce
3394 1834 3483 1878 res
3512 1825 3681 1894 patris

410 1900 593 1959 dicens
617 1921 631 1959 :
656 1904 818 1961 Venit
841 1906 905 1960 ad
940 1918 1044 1972 me,
1082 1906 1271 1976 fateor,
1304 1924 1459 1963 soror
1485 1924 1601 1964 mea
1656 1916 1777 1980 post
1799 1910 1993 1966 multo-

411 2009 527 2051 rum
558 2013 819 2051 annorum
845 1998 1135 2061 curricula,
1164 2016 1322 2069 quam
1350 2017 1445 2068 pro
1466 1994 1744 2056 ebari'tati's
1765 2016 1828 2058 ac
1852 1996 1994 2058 desi-

409 2082 542 2143 derii
568 2089 747 2143 Studiu
780 2091 920 2143 teutti
955 2105 1163 2144 mecum
1214 2101 1270 2145 ut
1302 2086 1477 2146 libuit.
1512 2084 1664 2146 Nunc
1707 2100 1884 2148 autem
1910 2108 1994 2148 re-

408 2181 571 2235 cessit
610 2196 639 2234 a
696 2196 808 2244 tne;
856 2182 1093 2251 requirat
1142 2197 1282 2235 nunc
1330 2198 1471 2247 eam,
1527 2195 1845 2253 revocetque
1885 2186 1994 2253 quo

414 2274 682 2339 Vulnerit;
723 2288 809 2328 nte
838 2270 1053 2328 obvium
1085 2289 1189 2328 non
1245 2268 1479 2328 habebit.
1505 2268 1574 2329 Ει
1617 2268 1737 2331 haec
1785 2276 1990 2342 dicens,

414 2364 561 2420 misit
583 2367 722 2420 clam
748 2367 961 2420 nuntios
978 2362 1045 2419 ad
1065 2381 1201 2430 eam,
1232 2366 1489 2422 mandans
1516 2376 1595 2430 ut,
1625 2377 1773 2422 veste
1792 2376 1990 2423 mutata

411 2474 473 2512 ac
507 2458 818 2526 poenitentia
849 2466 1090 2525 accepta,
1114 2452 1390 2512 basilicam
1422 2454 1590 2513 sancti
1631 2452 1844 2513 Martini
1893 2468 1994 2514 ex-

410 2558 615 2617 peteret
642 2568 655 2603 :
680 2552 823 2612 quod
850 2550 1029 2606 facere
1077 2542 1164 2605 illa
1197 2567 1301 2606 non
1352 2552 1580 2607 distulit.
1606 2543 1869 2622 "enitque
1910 2555 1993 2609 vir

408 2643 526 2712 ejus
556 2659 676 2698 cum
702 2644 883 2698 multis
912 2634 1319 2714 insequentibus
1346 2640 1497 2710 viris,
1526 2660 1578 2701 ut
1633 2662 1752 2702 eam
1785 2662 1848 2703 ex
1867 2640 1992 2716 ipso

410 2735 533 2789 loco
554 2743 741 2789 sancto
765 2733 1006 2804 ejiceret.
1041 2736 1171 2791 Erat
1214 2735 1358 2790 enim
1413 2732 1464 2791 in
1510 2749 1661 2792 veste
1716 2739 1986 2810 religiosa,

326 2878 337 2891 ,
408 2839 656 2879 asserens
684 2840 743 2880 se
784 2827 1055 2896 aet-episse
1094 2818 1507 2893 pteniteutiam'.
1570 2826 1677 2885 Sed
1709 2820 1879 2885 virum
1907 2844 1988 2884 sc—

408 2916 496 2984 qui
520 2917 783 2986 despexit.
820 2908 1029 2972 lnterea
1058 2910 1312 2973 defuncto
1354 2912 1492 2989 apud
1540 2904 1987 2993 Burdegaiensetn

405 3004 590 3064 urbem
618 3009 1000 3065 Bertcbratnno
1023 3011 1293 3081 episcopo,
1321 3010 1436 3087 hinc
1456 3004 1520 3067 ad
1546 3027 1604 3069 se
1632 3028 1843 3069 reversa
1872 3015 1948 3070 ait
1972 3033 1986 3071 :

407 3102 497 3156 Va:
527 3088 657 3158 milii
686 3120 803 3174 qua:
833 3103 1007 3159 audivi
1038 3098 1322 3160 consilium
1365 3105 1551 3161 matris
1580 3100 1807 3177 iniqum!
1850 3100 1989 3163 Ecce

2092 1905 2172 1962 tui
2190 1949 2205 1975 ,
2236 1919 2357 1979 quae
2388 1918 2553 1978 penes
2578 1920 2669 1968 me
2700 1912 2986 1980 habentur,
3010 1911 3229 1983 accipe,
3257 1920 3313 1968 et
3343 1906 3494 1970 utere
3516 1914 3596 1970 eis
3624 1923 3679 1968 nt

2096 1994 2247 2054 libet.
2302 2000 2367 2054 Et
2408 1999 2645 2069 ingressa
2686 2001 2739 2056 in
2774 2010 3042 2073 regestum
3068 2005 3531 2060 reseraritarcam
3560 2016 3674 2057 rno-

2096 2084 2297 2145 nilibus
2334 2092 2779 2163 ornamentisque
2817 2093 3071 2163 pretiosis
3107 2093 3362 2150 reiertain
3403 2112 3414 2148 :
3463 2096 3531 2150 de
3575 2110 3679 2161 qua

2096 2190 2221 2236 cum
2270 2180 2577 2239 diutissime
2625 2194 2714 2241 res
2759 2186 3001 2242 divenas
3047 2186 3337 2243 extrahens
3367 2186 3528 2260 559
3554 2188 3679 2242 tiliae

2097 2267 2296 2328 astanti
2336 2275 2668 2344 porrigeret,
2712 2276 2789 2332 ait
2823 2278 2891 2333 ad
2928 2288 3086 2333 eam:
3124 2276 3243 2335 Jun
3293 2278 3435 2333 enim
3481 2277 3679 2333 lassata

2092 2372 2239 2419 sum.
2270 2360 2508 2422 immitte
2539 2373 2593 2421 tu
2614 2406 2629 2432 ,
2657 2366 2866 2437 inquit,
2900 2376 3117 2423 manum
3138 2410 3153 2435 ,
3182 2378 3238 2424 et
3260 2369 3401 2438 ejice
3426 2369 3570 2437 quod
3597 2370 3681 2421 in-

2093 2457 2335 2513 Veuet-is.
2368 2454 2616 2528 Cumque
2655 2458 2749 2514 illa
2786 2458 3035 2515 immisso
3070 2458 3294 2514 brachio
3324 2466 3418 2515 res
3454 2460 3522 2514 de
3556 2472 3680 2515 enea

2095 2542 2462 2617 abstraheret,
2491 2550 2829 2622 apprehenso
2856 2554 3029 2607 mater
3053 2552 3326 2622 opertorio
3355 2560 3492 2607 arcte
3511 2564 3680 2621 super

2090 2634 2359 2698 cervicem
2402 2638 2523 2713 ejus
2571 2636 2748 2698 illisit.
2800 2642 2951 2712 Quod
2980 2648 3099 2697 cum
3129 2643 3183 2698 in
3214 2640 3521 2698 hititudine
3557 2652 3680 2713 pre-

2091 2737 2301 2799 meret,
2343 2740 2503 2805 atque
2531 2732 2708 2806 gulam
2740 2720 2856 2805 ejus
2885 2736 3003 2790 axis
3027 2732 3252 2791 inferior
3276 2734 3351 2790 ita
3379 2738 3635 2790 διιοισιθι
3660 2776 3678 2800 .

2096 2834 2154 2882 ιιι
2185 2818 2346 2883 etiam
2377 2822 2521 2884 oculi
2559 2824 2623 2884 ad
2666 2825 2993 2901 crepandum
3030 2831 3204 2898 parati
3244 2838 3460 2893 essent,
3502 2829 3680 2885 excla-

2095 2910 2265 2975 mavit
2294 2929 2398 2975 una
2428 2914 2729 2990 puellarum
2757 2932 2877 2992 quae
2908 2928 3027 2977 erat
3051 2920 3380 2976 intrinsecus
3402 2930 3538 2976 voce
3567 2932 3679 2974 ma-

2092 3018 2198 3083 gna
2218 3052 2232 3077 ,
2265 3010 2487 3068 dicens:
2516 3008 2736 3069 Currite
2754 3055 2768 3081 ,
2794 3023 3010 3084 qumso,
3042 3011 3244 3067 currite
3270 3024 3284 3064 ε
3309 3026 3440 3067 ecce
3467 3009 3679 3066 domina

2097 3112 2213 3159 mea
2240 3108 2271 3156 ‘a
2305 3096 2561 3173 genitrlee
2602 3110 2700 3159 sua
2728 3100 2965 3174 graviter
3004 3101 3336 3175 suggillatnr.
3382 3102 3445 3158 Et
3479 3103 3680 3158 irrum-

407 3198 572 3251 frater
601 3212 751 3253 meus
773 3190 928 3264 obiit,
960 3192 1127 3271 453
1152 3214 1280 3254 ecce
1302 3215 1329 3252 a
1365 3200 1479 3253 viro
1507 3196 1758 3256 derelicta
1791 3217 1933 3267 sum,
1960 3218 1989 3256 a
2015 3194 2063 3255 C
2098 3198 2285 3265 pentes
2308 3190 2559 3251 cellulam
2584 3236 2599 3261 ,
2626 3197 2716 3268 Qui
2746 3202 2927 3251 coram
2958 3194 3162 3251 foribus
3185 3204 3369 3251 eorum
3402 3193 3679 3260 praestola-

408 3292 528 3345 iiliis
558 3301 801 3362 separata
835 3310 847 3345 :
881 3301 936 3348 et
960 3308 1066 3363 quo
1112 3293 1198 3348 ibo
1228 3288 1435 3363 infelix,
1462 3286 1545 3349 vel
1592 3284 1718 3365 quid
1766 3290 1993 3352 faciam?

406 3383 556 3438 'l‘nnc
580 3376 759 3439 habito
785 3385 1015 3440 consilio
1036 3376 1309 3441 Pictavnm
1340 3380 1537 3456 pergit,
1570 3380 1850 3459 voluitque
1874 3398 1993 3445 eam

404 3488 572 3530 mater
594 3477 826 3532 retinere
853 3491 1057 3540 secum,
1083 3476 1175 3531 sed
1202 3478 1415 3544 penitus
1438 3492 1542 3533 non
1568 3479 1758 3547 potuit.
1786 3470 1861 3534 Ex
1888 3479 1992 3536 bet:

402 3565 677 3624 inimicitia
700 3568 976 3630 orta,dum
1009 3566 1205 3636 srepius
1228 3568 1368 3637 regis
1385 3569 1725 3636 prmsentiam
1757 3568 1979 3639 adeunt,

403 3667 461 3711 et
482 3659 596 3711 lucc
620 3672 706 3712 res
737 3658 906 3726 patris
947 3656 1234 3712 defensare
1290 3658 1536 3727 cupiens,
1568 3658 1683 3712 hmc
1707 3660 1828 3724 viri,
1857 3652 1990 3715 Ber-

406 3749 698 3818 tbeguudts
725 3747 1072 3803 donationem
1123 3748 1496 3805 Bertcbramni
1524 3746 1765 3821 germani
1796 3753 1877 3807 sui
1906 3768 1993 3810 os-

407 3840 598 3905 tendit,
621 3839 806 3893 dicens
827 3857 839 3893 :
861 3837 993 3905 Quia
1018 3837 1133 3895 haec
1161 3850 1214 3895 et
1237 3841 1351 3895 hare
1379 3840 1509 3896 mibi
1533 3857 1818 3912 germanus
1843 3860 1992 3900 meus

406 3931 652 3986 contulit.
688 3929 791 3985 Sed
816 3940 987 3984 mater
1010 3930 1126 3997 ejus
1157 3946 1261 3986 non
1304 3930 1594 3986 admittens
1624 3931 1988 4000 donationem,

407 4019 583 4074 omnia
607 4020 708 4074 sibi
733 4020 1003 4074 vindicare
1029 4020 1271 4091 cupiens,
1299 4020 1442 4075 misit
1469 4014 1559 4091 qui
1584 4022 1801 4078 elIracta
1830 4025 1993 4080 domo

404 4110 522 4179 ejus
548 4127 736 4167 omnes
766 4125 853 4165 res
883 4111 1025 4166 illius
1050 4125 1169 4167 cum
1200 4110 1301 4167 hac
1352 4112 1643 4169 donatione
1685 4114 1942 4186 diriperet
1973 4132 1989 4171 :

404 4202 547 4258 unde
572 4204 807 4273 seipsam
853 4203 1084 4273 genitrix
1126 4203 1363 4259 reddidit
1407 4206 1836 4275 comprobatam,
1867 4222 1989 4262 cum

403 4293 470 4347 de
498 4292 656 4348 rebus
686 4292 814 4361 ipsis
838 4290 1137 4364 insequenti
1170 4292 1295 4350 illita
1324 4296 1568 4363 quaedam
1598 4298 1863 4366 repetenti
1884 4298 1993 4356 dis-

404 4387 560 4442 tricta
592 4386 846 4442 restituit.
879 4388 983 4444 Sed
1012 4404 1137 4443 cum
1169 4390 1365 4459 saepius
1396 4402 1517 4461 ego,
1560 4391 1645 4446 vel
1684 4392 1849 4448 frater
1888 4411 1989 4450 no-

405 4491 516 4542 stcr
547 4480 829 4542 illaruveus
859 4481 1165 4556 episcopus,
1179 4483 1416 4556 acceptis
1441 4484 1709 4557 regalibus
1725 4488 1989 4559 cpismlis,

2095 3287 2291 3343 bantur
2330 3288 2650 3356 adventum,
2696 3296 2903 3343 erutam
2937 3294 2960 3326 ο
3001 3286 3069 3344 ab
3110 3286 3413 3343 imminenti
3464 3286 3679 3342 interitu

2098 3374 2326 3449 puellam
2353 3376 2656 3436 eduxerunt
2678 3372 2848 3436 foras.
2876 3374 3005 3435 PoSt
3026 3383 3128 3436 ista
3153 3392 3283 3435 vero
3304 3380 3446 3436 inter
3461 3380 3679 3436 easdem

2094 3466 2387 3528 inimicitite
2434 3470 2805 3530 vehementius
2848 3472 3205 3542 pullulunte‘s,
3242 3486 3296 3530 et
3336 3488 3444 3529 non
3479 3474 3549 3529 de
3576 3475 3683 3531 alia

2101 3572 2264 3620 causa
2308 3560 2570 3633 maxime,
2606 3560 2707 3621 nisi
2733 3567 2855 3635 quia
2887 3558 3172 3636 Rigunthis
3200 3562 3459 3622 adulteria
3484 3580 3685 3636 seque-

2100 3653 2280 3725 batur,
2313 3673 2530 3726 semper
2558 3668 2679 3713 cum
2711 3658 2914 3713 eisdem
2944 3659 3078 3712 rixa:
3108 3666 3164 3713 et
3190 3658 3367 3713 caedes
3396 3663 3569 3712 erant.

2165 3740 2384 3806 XXXV.
2427 3744 2738 3806 Berctrudis
2789 3742 2813 3790 ἴ
2867 3758 3001 3805 vero
3036 3752 3279 3806 moriens
3316 3746 3481 3806 tiliam
3522 3764 3679 3806 suam

2094 3836 2363 3899 literedem
2392 3841 2656 3907 instituit,
2701 3840 3013 3913 relinquens
3056 3844 3321 3912 quaepiam
3361 3841 3442 3898 vel
3486 3858 3673 3898 mona-

2093 3932 2275 3990 steriis
2305 3934 2599 4005 puellarum
2631 3951 2751 4006 qua:
2791 3935 2909 4004 ipsa
2952 3934 3283 4005 instituerat,
3310 3936 3394 3989 vel
3434 3933 3682 3991 ecclesiis

2092 4026 2208 4082 sive
2238 4024 2470 4082 basilicis
2509 4026 2879 4083 confessorum
2933 4036 3262 4082 sanctorum.
3297 4026 3402 4084 Sed
3430 4023 3676 4096 Waddo,

2093 4111 2246 4183 cujus
2274 4116 2323 4170 in
2353 4117 2632 4188 superiOre
2661 4112 2796 4173 libro
2828 4116 3167 4173 meminimus
3192 4118 3251 4183 Β,
3290 4117 3618 4186 querebatur
3645 4132 3679 4169 a

2094 4224 2291 4280 genero
2319 4209 2437 4278 ejus
2466 4223 2633 4278 equos
2659 4218 2787 4265 suos
2808 4202 2978 4265 fuisse
3015 4210 3291 4278 direptos:
3321 4208 3683 4278 cegitavitque

2095 4302 2358 4357 accedere
2384 4299 2452 4356 ad
2484 4300 2661 4356 villam
2688 4294 2808 4370 ejus
2835 4311 3031 4368 unam,
3074 4306 3240 4369 quam
3282 4298 3573 4371 reliquerat
3610 4297 3682 4352 ﬂ-

2094 4387 2210 4458 liaz,
2250 4409 2369 4464 qua:
2409 4394 2542 4449 infra
2585 4388 2861 4449 Pictavutn
2906 4392 3200 4449 terminum
3251 4394 3401 4458 erat,
3449 4390 3679 4446 dicens:

2095 4477 2193 4541 ille
2230 4501 2259 4539 a
2299 4494 2467 4555 regno
2506 4483 2730 4540 alterius
2769 4484 2992 4541 veniens
3029 4482 3255 4554 diripuit
3287 4492 3459 4552 cauus
3488 4493 3679 4550 meos,

406 4588 460 4629 ut
488 4591 580 4630 eas
606 4576 893 4645 paciﬁcare
944 4570 1288 4642 deberemus,
1336 4577 1725 4646 Bertbegundis
1770 4582 1987 4636 advenit
2017 4573 2063 4634 ι)
2089 4586 2144 4633 et
2173 4590 2272 4648 ego
2298 4574 2542 4632 auferam
2578 4574 2755 4630 Villam
2786 4574 2924 4646 ejus.
2956 4572 3169 4629 interea
3212 4574 3522 4628 mandatum
3553 4571 3680 4627 tuit-

405 4669 672 4733 'l‘uronis;
698 4667 747 4719 iu
787 4665 1047 4735 judicium
1088 4681 1301 4736 quoque
1343 4669 1687 4723 accedentem
1714 4675 1987 4742 coegimus

404 4774 552 4824 eam,
596 4759 909 4826 inquantum
959 4757 1252 4825 potuimus,
1305 4760 1569 4814 rationem
1615 4762 1788 4832 sequi,
1818 4773 1987 4821 mater

403 4860 539 4909 vero
556 4851 671 4921 ejus
696 4848 837 4904 ﬂecti
870 4858 977 4904 non
1016 4848 1212 4917 potuit.
1262 4845 1414 4905 Tunc
1466 4865 1692 4907 accensa
1739 4853 1887 4921 felle,
1918 4857 1985 4912 ad

485 5020 641 5085 l"Lib.
658 5044 771 5093 vnt,
786 5042 906 5097 cap.
927 5018 948 5080 Ι
971 5036 1027 5083 et
1050 5022 1109 5093 Ξ,
1128 5020 1215 5082 ubi
1232 5022 1593 5084 Guntramnus
1610 5029 1979 5088 Bcrtratnnuui

406 5100 510 5155 sibi
550 5116 615 5154 ex
656 5110 815 5172 matre
844 5109 1104 5172 parentem
1137 5100 1416 5172 agnoscit,
1445 5097 1588 5172 quod
1620 5099 1938 5172 lngeltrudis
1963 5143 1980 5170 ,

404 5183 464 5224 ιιι
492 5177 679 5225 censet
708 5168 948 5223 Valesius
968 5210 983 5234 ,
1018 5184 1134 5235 qua;
1164 5168 1463 5224 Bertramni
1505 5168 1857 5238 mater'erat,
1887 5168 1981 5229 soé

407 5241 685 5312 rut-fuerit
716 5238 965 5312 lngundis
995 5250 1047 5294 et
1067 5240 1372 5312 ‘Aregundis
1392 5238 1652 5296 Cblotarii
1678 5240 1701 5296 Ι
1730 5259 1978 5312 uxorum,

406 5309 1079 5381 proindequeﬂGuntramni
1119 5320 1425 5381 ritatertera.

478 5383 504 5455 ιι
543 5382 631 5437 Sic
658 5378 809 5455 Colb.
845 5395 916 5455 ut.
950 5390 1010 5455 et_
1030 5380 1155 5434 Bec.
1182 5378 1353 5455 Editi,
1376 5382 1585 5436 redacta
1612 5378 1739 5436 viro.
1766 5379 1977 5455 Regm.,

401 5453 636 5507 redactus
662 5452 737 5504 vir
755 5451 949 5518 coniux
962 5451 1011 5504 ei
1034 5455 1300 5520 auferatur
1320 5448 1347 5504 ?

478 5534 500 5561 ε
544 5524 671 5577 Ροει
704 5530 1005 5588 susceptam
1044 5521 1241 5590 quippe
1280 5520 1649 5588 paenitentiam
1682 5521 1752 5590 ad
1792 5526 1975 5581 saeculi

401 5592 710 5662 illecebras,
762 5602 820 5646 ut
866 5584 1189 5662 loquuntur-
1226 5584 1415 5662 Patres
1470 5607 1626 5648 conc.
1674 5584 1872 5649 Tumn.
1923 5612 1972 5662 ι,

399 5677 518 5714 can.
564 5661 633 5727 8,
679 5662 855 5717 redire
903 5658 1007 5714 non
1055 5658 1271 5727 licebat.
1324 5660 1459 5718 llinc
1508 5664 1560 5717 in
1601 5677 1755 5718 conc.
1805 5658 1974 5721 Αιιιθέ

401 5732 530 5785 lian.
562 5726 654 5797 tn,
676 5734 896 5787 vetitum
921 5741 1004 5805 est
1023 5746 1141 5785 can.
1166 5726 1236 5784 ει
1254 5774 1267 5795 ,
1288 5734 1357 5786 'ne
1377 5735 1496 5802 quis
1523 5733 1846 5805 conjugatis,
1872 5737 1973 5793 nisi

399 5818 464 5860 cx
510 5818 778 5863 consensu
808 5802 1073 5886 partium,
1106 5805 1470 5875 pteuiteutiam
1502 5804 1631 5862 dare
1658 5802 1969 5881 praesumat.

2093 4671 2158 4726 tit
2195 4666 2374 4741 agenti
2402 4664 2454 4735 δ,
2496 4670 2553 4724 ιιι
2590 4676 2651 4724 se
2686 4667 3005 4724 adveniente
3044 4660 3223 4723 omnia
3259 4674 3380 4733 qua:
3416 4676 3569 4718 erant
3608 4665 3680 4719 ad

2088 4776 2385 4831 expensam
2434 4761 2553 4830 ejus
2596 4760 2934 4829 necessaria,
2978 4768 3338 4833 praepararet.
3383 4759 3534 4826 Quod
3583 4757 3679 4813 ille

2091 4854 2344 4920 audiens,
2372 4853 2679 4925 conjunctis
2711 4867 2895 4909 secum
2925 4852 3235 4909 hominibus
3271 4866 3341 4909 ex
3378 4852 3542 4907 domo
3576 4849 3679 4906 illa

2164 5020 2190 5066 δ
2232 5022 2367 5085 Vide
2394 5027 2589 5084 librum
2617 5036 2757 5097 sem,
2788 5038 2907 5097 cap.
2941 5028 3029 5084 12.

2164 5110 2188 5137 ο
2226 5099 2359 5155 Cod.
2405 5099 2615 5169 Μαίη..
2654 5097 3004 5169 Imimpentes
3032 5108 3201 5154 autem
3230 5108 3346 5154 cum
3376 5099 3675 5169 festina!“-

2089 5176 2152 5225 ne
2174 5213 2191 5241 ,
2217 5171 2271 5241 lt_t’
2295 5171 2380 5238 qui
2408 5170 2536 5241 [oris
2561 5180 2703 5224 erant
2734 5172 2969 5241 cellulam
2991 5212 3005 5231 ,
3034 5179 3233 5225 erutam
3257 5212 3273 5237 ,
3300 5181 3407 5225 etc.

2168 5239 2186 5279 ί
2230 5238 2393 5297 Deest
2409 5238 2524 5295 'lnic
2548 5247 2707 5307 caput
2735 5243 2788 5296 in
2812 5238 2930 5298 Vat.
2959 5248 3016 5298 et
3038 5241 3192 5297 Colb.
3225 5254 3277 5295 a.
3311 5241 3479 5295 Porro
3507 5238 3677 5295 Dere-

2090 5311 2264 5368 trudis
2288 5327 2422 5366 uxor
2448 5318 2567 5367 erat
2594 5309 2901 5367 Launebodi
2934 5313 3086 5367 ducis
3106 5354 3119 5376 ,
3149 5322 3307 5376 quem
3343 5308 3672 5366 thunatus

2092 5378 2271 5436 laudat
2297 5383 2367 5436 ob
2390 5390 2750 5437 constructam
2772 5374 2986 5438 Tolosa:
3006 5374 3181 5436 sancti
3203 5382 3472 5437 Saturnini
3492 5380 3675 5435 eccle-

2085 5452 2254 5520 siam,
2287 5450 2423 5524 libro
2450 5468 2487 5506 ιι
2511 5494 2526 5517 ,
2556 5462 2725 5524 carm.
2755 5450 2823 5523 9,
2856 5452 2946 5508 ubi
2970 5454 3277 5509 Beretrudls
3310 5465 3522 5524 quoque
3547 5452 3672 5523 ple-

2086 5518 2248 5578 tatem
2279 5522 2458 5577 multis
2487 5518 2713 5591 extollit.
2806 5518 2818 5523 ⁷
2878 5590 2881 5591 ν
3124 5586 3143 5591 η

2159 5596 2184 5641 8
2224 5590 2302 5650 De
2330 5590 2743 5669 Waddonejam
2762 5590 2958 5664 saepius
2985 5596 3098 5669 egit
3113 5586 3423 5669 Gregorius.
3451 5592 3523 5650 De
3546 5591 3675 5650 aliis

2159 5610 2183 5641 ts
2226 5610 2302 5650 ue
2332 5610 2621 5675 _wauoone_
2634 5610 2743 5662 jam
2762 5610 2958 5664 smptus
2985 5610 3128 5720 εαὲιι

2086 5670 2267 5736 autem
2295 5680 2411 5734 ejus
2440 5662 2563 5736 vide
2589 5664 2685 5719 ιιι).
2707 5676 2852 5736 βαρ..
2884 5674 3007 5736 cap.
3083 5660 3128 5719 Ι.

2155 5734 2182 5771 ⁸³
2221 5730 2435 5805 Agens,
2479 5732 2566 5804 qui
2606 5743 2662 5791 et
2703 5730 2845 5791 infra
2892 5730 3066 5801 ac'tor,
3110 5734 3394 5792 dicebatur
3443 5732 3531 5791 ille
3576 5736 3670 5802 qui

2084 5805 2224 5864 villa:
2252 5820 2316 5863 ac
2343 5807 2607 5865 bonorum
2636 5806 2703 5864 ab
2740 5817 2802 5863 ea
2834 5807 3179 5877 pendentium
3209 5820 3392 5865 curam
3420 5806 3668 5879 gerebat.
