3966 6348
439 482 547 536 513

1408 480 1466 538 S.
1507 477 1841 537 CREGOllll
1883 472 2189 533 EPISCOPI
2225 476 2659 535 TUllONENSlS

3600 488 3700 544 {illi

436 599 717 656 ecclesiam
743 595 861 664 fuga
883 593 1071 664 dilapsi
1101 606 1205 647 non
1231 590 1604 657 fuissetis,nisi
1629 606 1726 646 vos
1745 589 2020 645 conscien-
2047 587 2097 646 Α
2129 596 2369 644 nostrum
2401 589 2700 646 Marovuum
2732 592 3073 663 episcopum,
3102 602 3159 649 et
3195 595 3465 665 conjuncti
3508 616 3704 669 arguta.

367 691 372 699 ’
440 694 512 748 tia
542 689 843 746 terruisset.
871 687 1249 742 Verumtamen
1295 684 1701 751 promissionem
1735 684 1926 738 habete
1950 683 2019 738 de

438 786 581 850 vita,
606 780 813 837 etiamsi
844 776 1139 848 culpabiles
1164 774 1529 830 inveniamiui.
1554 772 1848 828 Christiani
1872 774 2012 829 enim

437 890 652 941 sumus;
677 872 825 928 nefas
849 880 931 927 est
948 870 1090 927 enim
1113 868 1195 923 vel
1220 867 1536 922 criminosos
1561 865 1628 921 ab
1640 866 1862 920 ecclesia
1887 867 2011 922 edu-

437 980 556 1023 ctos
596 966 805 1036 punire.
834 966 983 1020 Tunc
1023 962 1197 1019 educti
1240 960 1399 1023 foras,
1432 975 1552 1015 eum
1594 973 1719 1029 rege
1756 969 2015 1014 venerunt

437 1048 505 1110 ad
530 1055 789 1125 judicium
826 1072 836 1107 :
869 1052 1201 1120 discussiquc
1228 1051 1537 1114 reclamant,
1563 1048 1802 1103 dicentes
1836 1066 1848 1101 :
1879 1050 2015 1115 Quia

438 1148 731 1215 Septimina
756 1162 877 1200 cum
910 1143 1179 1200 Droetulfo
1206 1142 1307 1197 hoc
1333 1141 1486 1196 nobis
1511 1141 1791 1195 consilium
1819 1142 2018 1210 patefe-

437 1239 529 1293 cit.
553 1238 658 1293 Sed
689 1251 785 1292 nos
808 1245 1152 1292 exsecrantes
1176 1248 1238 1287 ac
1267 1233 1560 1302 fugientes,
1587 1248 1858 1300 nunquam
1889 1249 2019 1287 con-

437 1331 640 1384 sentire
668 1328 934 1382 voluimus
964 1327 1063 1379 hoc
1091 1326 1284 1379 scelus.
1316 1326 1376 1378 Et
1407 1339 1500 1378 rex
1535 1340 1550 1377 :
1583 1326 1672 1385 Si,
1699 1323 1895 1393 inquit,
1921 1339 2018 1378 vos

438 1420 636 1475 nullam
683 1418 1078 1473 eonniventiam
1128 1416 1524 1485 pra-biiissetis,
1558 1416 1755 1469 nostris
1798 1417 2018 1471 auribus

439 1515 622 1581 utique
644 1507 1249 1569 iiitulissetis.Verunine
1269 1520 1397 1576 ergo
1417 1514 1521 1571 est,
1538 1519 1633 1559 vos
1655 1504 1707 1559 in
1733 1505 1831 1559 hac
1857 1519 2016 1559 causa

437 1602 732 1673 praebuisse
758 1613 1108 1663 consensum,
1141 1612 1263 1652 cum
1297 1597 1399 1652 hoc
1428 1610 1626 1653 nostra:
1654 1598 1892 1651 scientia:
1922 1611 2014 1651 oc-

436 1697 538 1750 culi
564 1693 837 1749 voluistis?
863 1694 926 1746 Et
948 1692 1125 1746 statim
1152 1689 1307 1759 ejecti
1334 1689 1498 1754 foras,
1518 1685 1706 1743 iterum
1734 1689 2014 1744 ecclesiam

436 1789 721 1857 petierunt.
741 1784 1033 1853 Septimina
1063 1797 1187 1836 vero
1215 1796 1335 1835 cum
1365 1780 1641 1834 Droctulfu
1668 1780 2018 1835 vehementer

436 1894 595 1944 caesa,
618 1894 681 1933 ac
704 1876 956 1933 cauteriis
985 1874 1228 1930 accensis
1259 1875 1310 1927 in
1340 1874 1476 1928 facie
1504 1875 1802 1937 vulnerata,
1827 1872 2015 1926 ablatis

435 1971 684 2024 omnibus
708 1984 825 2038 qua:
858 1968 1108 2032 habebat,
1138 1967 1188 2019 in
1218 1966 1547 2033 Marilegium
1578 1972 1602 2001 ι
1634 1964 1812 2017 villam
1846 1963 2013 2017 dedu-
2052 1950 2093 2008 Β

434 2063 610 2125 citur,
640 2070 699 2114 ut
736 2060 941 2115 scilicet
976 2057 1136 2129 563
1181 2058 1399 2111 trahens
1438 2060 1667 2120 molam,
1698 2055 1779 2109 his
1811 2072 1927 2123 qua:
1964 2055 2015 2109 in

439 2153 683 2224 gyno-cio
725 2160 879 2206 erant
920 2152 1142 2217 positae,
1176 2163 1273 2215 per.
1298 2148 1415 2200 dies
1443 2146 1683 2217 singulos
1710 2146 1911 2200 fariuas
1951 2147 2016 2200 ad

442 2247 610 2299 victus
638 2242 967 2298 necessarias
998 2247 1343 2309 praepararet.
1371 2237 1699 2292 Droctulfum
1729 2247 1907 2291 autem
1938 2239 2016 2291 in-

434 2333 565 2390 cisis
602 2333 814 2403 capillis
844 2338 900 2387 et
926 2331 1173 2395 auribus,
1202 2330 1265 2382 ad
1303 2329 1513 2384 vineam
1544 2329 1888 2383 excolendam
1920 2327 2016 2383 de-

430 2425 775 2495 legavcruut,
805 2422 900 2478 sed
947 2432 1065 2492 post
1105 2423 1220 2476 dies
1252 2435 1450 2489 paucos
1481 2421 1603 2490 fuga
1633 2421 1905 2487 dilabitur,
1935 2421 2017 2475 in-

428 2518 766 2588 quisitusque
800 2516 867 2568 ab
912 2523 1093 2569 actore
1118 2512 1145 2553 δ
1176 2516 1369 2569 iterum
1413 2513 1477 2568 ad
1509 2527 1683 2582 regem
1714 2512 2013 2579 deducitur,

434 2609 615 2678 ibique
657 2608 879 2663 multum
924 2621 1097 2662 caesus
1137 2606 1330 2661 iterum
1359 2605 1425 2659 ad
1456 2606 1665 2659 vineam
1696 2620 1853 2674 quam
1885 2606 2014 2659 reli-

432 2711 622 2765 querat
663 2699 984 2755 destinatur.
1029 2700 1096 2753 At
1140 2712 1269 2752 vero
1315 2696 1690 2767 Sunnegisilus
1735 2708 1789 2752 et
1836 2697 2016 2753 Gallo-

434 2805 661 2861 magnus
705 2800 895 2858 privati
938 2803 966 2840 a
1009 2788 1170 2842 rebus
1211 2801 1343 2858 quas
1373 2803 1401 2841 a
1433 2788 1563 2842 fisco
1593 2797 1927 2853 meruerant,
1956 2786 2012 2843 in

431 2880 681 2937 exsilium
714 2879 1082 2934 retruduntur.
1113 2877 1220 2933 Sed
1255 2878 1590 2933 venientibus
1623 2878 1844 2949 legatis,
1875 2880 2015 2935 inter

432 2987 567 3041 quos
593 2970 825 3040 episcopi
857 2981 1031 3036 erant,
1056 2986 1087 3024 a
1114 2986 1238 3042 rege
1265 2969 1686 3037 Guntcbramno,
1705 2984 1758 3027 et
1788 2974 2014 3042 petenti-

432 3064 533 3119 bus
562 3078 656 3132 pro
681 3061 870 3132 his,ab
893 3060 1081 3116 exsilio
1109 3072 1464 3118 revocantur:
1491 3064 1680 3133 quibus
1710 3064 1837 3118 nihil
1866 3058 2011 3119 aliud

428 3165 513 3211 est
543 3158 808 3223 relictum,
839 3156 940 3211 nisi
970 3155 1112 3225 quod
1144 3156 1341 3212 habere
1372 3157 1641 3228 pr0prium
1670 3157 2005 3213 videbantur.

2123 697 2243 738 mus
2285 699 2402 737 eam
2454 700 2469 739 :
2525 685 2929 755 emendatisque
2977 689 3205 758 negotiis
3252 689 3604 746 restituamini
3652 694 3705 747 in

2120 776 2504 830 monasterium
2533 785 2793 842 vestrum,
2823 793 2889 831 ne
2919 777 3256 849 dispergatur
3285 779 3515 847 luxuria,
3541 771 3715 855 ἀθά

2120 867 2264 936 quod
2303 877 2485 922 sancta
2530 868 2871 939 Radegundis
2894 869 3109 940 jejuniis
3138 880 3193 926 et
3218 868 3547 929 orationibus
3585 891 3707 931 cre-

2120 957 2253 1023 bris,
2281 959 2741 1030 eleemosyuisque
2770 960 3137 1029 frequentibus
3164 966 3489 1033 aggregavit.
3522 967 3586 1020 Et
3617 968 3705 1021 illa

2120 1050 2393 1118 respondit
2419 1067 2432 1103 :
2457 1050 2932 1121 Nequaquam,sed
2959 1052 3028 1106 ad
3052 1068 3206 1124 rcges
3231 1056 3441 1110 ibimus.
3472 1057 3530 1111 Et
3561 1072 3663 1126 ego
3687 1076 3700 1111 :

2119 1141 2296 1207 Quare
2329 1141 2518 1196 rationi
2549 1139 2573 1178 δ
2607 1143 2893 1198 resistitis?
2923 1144 2992 1197 ob
3021 1161 3178 1213 quant
3210 1161 3322 1199 rem
3368 1148 3704 1201 sacerdotale

2121 1233 2376 1286 monitum
2407 1248 2510 1287 non
2541 1234 2766 1288 auditis?
2787 1233 2985 1289 Vereor
3008 1250 3075 1290 ne
3098 1236 3369 1305 conjuncti
3395 1240 3703 1293 sacerdotes

2120 1323 2474 1377 Ecclesiarum
2506 1340 2598 1377 vos
2629 1340 2658 1377 a
2690 1326 3068 1379 communione
3098 1330 3536 1384 removeant.Sie
3559 1331 3700 1383 enim

2118 1427 2173 1469 et
2198 1415 2265 1469 ab
2293 1416 2722 1470 antecessoribus
2754 1416 2805 1470 in
2835 1416 3063 1484 epistola
3090 1433 3248 1486 quam
3272 1422 3337 1472 ad
3367 1423 3572 1473 beatam
3598 1421 3701 1474 lla-

2118 1504 2417 1574 degundem
2448 1504 2501 1559 in
2531 1504 2683 1560 initio
2711 1505 2869 1572 hujus
2893 1509 3321 1577 congregationis
3348 1510 3698 1578 scripserunt,

2119 1595 2347 1651 habetur
2386 1599 2647 1651 insertum
2696 1614 2713 1651 :
2763 1597 2914 1667 cujus
2959 1599 3290 1668 exemplaria
3331 1599 3456 1656 huic
3490 1592 3705 1660 lectioni

2116 1688 2354 1742 inserere
2385 1689 2605 1756 placuit.

2618 1818 2683 1857 EX
2691 1818 2898 1858 ΕιιΡιΑιι
2929 1818 3216 1858 ιειδιετοωιε.

2197 1929 2217 1964 ι
2256 1910 2495 1967 Domina:
2525 1912 2848 1968 beatissime
2878 1923 2933 1968 et
2963 1916 3015 1968 in
3043 1910 3259 1968 Chi-isto
3291 1914 3547 1970 Ecclesia:
3577 1917 3696 1970 tilite

2124 2001 2454 2071 Radegundi,
2473 2003 2780 2071 Eufronius,
2799 2004 3174 2070 Praetextatus,
3196 2005 3511 2070 Germanus,
3531 2008 3695 2070 Felix,

2124 2093 2475 2159 Domitianus,
2498 2095 2781 2160 Victorius,
2808 2105 2860 2150 it
2890 2097 3180 2151 Domnolus
3209 2097 3443 2167 episcopi
3472 2108 3517 2153 ε.
3545 2099 3699 2154 Solli-

2119 2187 2222 2241 cita
2252 2199 2371 2241 sunt
2403 2187 2599 2258 jugiter
2628 2190 2767 2244 circa
2798 2203 2965 2258 genus
2996 2192 3285 2243 humanum
3320 2191 3593 2245 immensa:
3620 2194 3701 2246 di-

2120 2278 2359 2333 vinitatis
2386 2280 2659 2345 pravisura
2693 2281 2948 2347 remedia,
2978 2296 3073 2336 nec
3099 2281 3168 2335 ab
3196 2282 3507 2337 assiduitate
3537 2285 3697 2339 bene-

2120 2371 2358 2424 ﬁciorum
2380 2386 2596 2425 suorum
2617 2387 2933 2440 quocunque
2957 2373 3074 2427 loco
3095 2374 3174 2427 vel
3200 2384 3435 2442 tempore
3453 2375 3695 2428 videntur

2118 2464 2401 2532 aliquando
2430 2463 2702 2531 sejuncta,
2733 2477 2853 2517 cum
2889 2463 3003 2531 pius
3031 2479 3207 2519 rerum
3241 2448 3453 2519 Arbiter
3482 2467 3615 2520 tales
3644 2469 3694 2519 iu

2118 2552 2428 2609 btereditate
2449 2554 2670 2609 cultura:
2695 2554 3073 2609 ecclesiasticae
3096 2570 3350 2623 personas
3374 2556 3567 2623 ubique
3586 2558 3692 2609 dis.

2117 2647 2378 2711 seminat,
2408 2647 2599 2715 quibus
2628 2662 2809 2715 agrum
2851 2647 2969 2718 ejus
3009 2648 3210 2703 intenta
3240 2649 3549 2717 operatione
3575 2651 3693 2705 lilci

2116 2747 2291 2793 rastro
2320 2738 2636 2804 colentibus,
2662 2741 2727 2796 ad
2754 2741 2960 2797 felicem
2990 2746 3199 2797 centeni
3231 2746 3434 2799 numeri
3468 2746 3694 2801 reditum

2115 2829 2292 2885 divina
2324 2834 2582 2900 temperie
2609 2832 2805 2888 Christi
2837 2847 2991 2903 seges
3024 2834 3196 2890 valeat
3226 2835 3524 2903 pervenire.
3550 2834 3693 2890 Tan-

2115 2930 2226 2975 tum
2273 2919 2433 2991 igitur
2478 2922 2819 2993 benignitatis
2860 2923 2977 2993 ejus
3023 2940 3099 2979 se-
3127 2927 3323 2995 passim
3370 2926 3693 2995 dispensatio

2115 3011 2391 3081 profutura
2436 3012 2681 3067 dill‘uuilit
2702 3057 2717 3079 ,
2748 3027 2802 3068 ut
2837 3015 2962 3070 illud
3008 3030 3267 3086 nusquam
3296 3017 3521 3089 deneget
3550 3018 3690 3089 quid

2112 3103 2368 3172 prodesse
2391 3105 2572 3157 multis
2595 3105 2855 3173 agnoscit.
2875 3106 3109 3172 Quarum
3135 3121 3480 3175 personarum
3504 3123 3691 3162 exem-

2114 3192 2200 3259 plo
2226 3194 2562 3249 sanctissimo
2586 3209 2706 3249 cum
2733 3196 3065 3264 iudicaturus
3093 3197 3391 3263 advenerit,
3420 3197 3612 3255 habeat
3637 3202 3688 3253 iu

500 3291 743 3349 XXXIX.
773 3292 827 3348 ln
860 3294 1187 3347 monasterio
1215 3307 1341 3348 vero
1368 3292 1696 3360 Pictavensi,
1727 3294 2006 3353 insidiante

2117 3282 2355 3351 plurimis
2396 3284 2538 3355 quod
2585 3296 2825 3342 coronet.
2858 3287 3040 3358 Itaque
3079 3303 3205 3343 eum
3251 3288 3370 3360 ipso
3417 3291 3690 3346 catholica:

425 3384 640 3439 diabolo
664 3384 715 3439 in
739 3382 901 3437 corde
925 3381 1281 3448 Cbrodieldis,
1299 3400 1417 3454 quze
1438 3400 1497 3440 se
1517 3376 1817 3442 Chariberti
1839 3402 2008 3455 quon-

426 3476 548 3530 dam
581 3475 719 3545 regis
749 3474 908 3528 ﬁliam
938 3473 1242 3539 asserebat,
1272 3486 1391 3529 orto
1415 3475 1697 3543 seandalo,
1722 3476 1833 3545 ipsa
1871 3494 2008 3547 quo-

426 3581 535 3635 que
563 3565 717 3634 quasi
745 3566 813 3620 de
841 3563 1155 3635 parentibus
1183 3565 1385 3620 conlisa
1415 3567 1663 3635 regibus,
1692 3570 1894 3624 exactis
1923 3585 2009 3625 sa-

428 3659 723 3711 cramentis
754 3670 784 3710 a
817 3655 1337 3723 sanetimdnialibus,
1371 3666 1429 3711 ut
1456 3657 1664 3728 injectis
1695 3660 1745 3713 in
1774 3660 2008 3716 abbatis-

426 3761 541 3799 sam
573 3746 937 3801 Leuboveram
962 3746 1297 3812 criminibus,
1326 3762 1386 3803 ea
1416 3751 1747 3805 monasterio
1775 3751 2004 3820 dejecta,

424 3836 594 3904 ipsam
617 3836 1003 3891 substitueruut
1028 3835 1394 3905 principalem.
1418 3837 1752 3910 Egressaque
1778 3849 1863 3896 est
1884 3855 2005 3897 cum

422 3929 773 3999 quadraginta
804 3938 897 3982 aut
919 3943 985 3982 eo
1011 3927 1237 3995 amplius
1265 3927 1471 3995 puellis,
1491 3937 1546 3982 et
1566 3931 1881 3986 consiibrina
1909 3946 2005 3986 sua

428 4020 617 4077 Basina
650 4022 756 4074 lilia
787 4018 1102 4088 Cliilperici,
1133 4020 1318 4074 dicens
1348 4038 1360 4072 :
1393 4021 1524 4089 Quia
1556 4021 1690 4075 vado
1719 4024 1784 4077 ad
1816 4038 2005 4091 paren-

420 4123 506 4168 tes
536 4128 685 4168 meos
715 4127 891 4183 reges,
924 4121 978 4166 ut
1008 4114 1085 4166 eis
1115 4113 1496 4168 contumeliam
1530 4124 1762 4168 nostram
1792 4116 2003 4171 innote-

421 4219 574 4261 scere
602 4205 808 4259 valeam
844 4222 856 4257 :
889 4205 1014 4274 quia
1046 4217 1151 4259 non
1183 4211 1241 4257 ut
1270 4203 1391 4258 filiae
1430 4220 1651 4274 regum,
1679 4206 1773 4260 sed
1806 4215 1863 4261 ut
1890 4221 2004 4261 nia-

421 4296 591 4351 larum
614 4294 923 4349 ancillarum
951 4294 1144 4366 genitae
1170 4294 1220 4348 in
1254 4296 1355 4348 hoc
1381 4295 1498 4349 loco
1525 4295 1886 4351 humiliamur.
1913 4297 2000 4352 lu-

422 4387 550 4443 felix
580 4401 643 4439 ac
672 4386 842 4441 facilis
870 4395 894 4424 °
928 4400 1033 4439 non
1066 4385 1373 4451 recordans,
1406 4386 1457 4439 in
1486 4401 1589 4454 qua
1618 4400 1678 4441 se
1711 4387 2002 4444 humilitate

421 4479 575 4533 beata
620 4475 981 4543 Radegundis,
1013 4489 1133 4542 quae
1180 4474 1279 4529 hoc
1326 4476 1555 4528 instituit
1596 4479 1999 4542 monaswrium,

417 4570 728 4623 exhibebat.
751 4567 975 4636 Egressa
1003 4581 1132 4635 ergo
1161 4567 1229 4624 ab
1257 4582 1321 4619 eo
1342 4565 1569 4622 Turonis
1592 4569 1826 4634 advenit,
1850 4570 2003 4623 data-

2117 3378 2390 3449 religionis
2427 3394 2620 3437 exortu
2652 3383 2945 3451 coepissent
2973 3381 3263 3438 Gallicanis
3292 3384 3345 3439 in
3376 3383 3567 3440 ﬁnibus
3596 3402 3690 3439 ve-

2112 3477 2364 3531 nerandae
2413 3477 2534 3531 fidei
2582 3478 2871 3543 primordia
2907 3476 2929 3517 τ
2983 3480 3276 3549 respirare,
3304 3491 3362 3536 et
3404 3481 3577 3537 adhuc
3621 3483 3685 3537 ad

2112 3581 2407 3636 paucorum
2433 3581 2676 3623 notitiam
2705 3578 2829 3624 tunc
2856 3568 3142 3626 ineffabilia
3179 3574 3546 3642 pervenissent
3570 3576 3688 3629 Τιτ-

2109 3658 2290 3713 nitatis
2340 3658 2631 3715 Dominica:
2676 3672 3044 3729 sacramenta;
3097 3679 3164 3720 ne
3211 3666 3353 3734 quid'
3385 3667 3473 3721 hic
3516 3666 3687 3722 minus

2108 3748 2430 3818 acquireret,
2455 3765 2611 3818 quam
2643 3750 2694 3805 in
2724 3751 2871 3806 orbis
2900 3752 3098 3807 circulo
3126 3753 3535 3823 praedicantibus
3560 3771 3687 3823 ano-

2107 3840 2264 3893 stolis
2283 3839 2573 3904 obtineret,
2590 3839 2800 3895 beatum
2825 3841 3103 3896 Martinum
3133 3843 3411 3913 peregrina
3434 3844 3501 3898 de
3522 3846 3687 3912 stirpe

2106 3928 2173 3984 ad
2197 3930 2642 3986 illuminationem
2671 3933 2855 4002 patria:
2878 3932 3123 4002 dignatus
3146 3944 3228 3989 est
3249 3933 3503 4003 dirigere,
3527 3938 3686 3989 misr-

2107 4022 2338 4077 ricordia
2367 4026 2704 4078 consulente.
2732 4023 2830 4089 Qui
2871 4024 2994 4079 licet
3033 4024 3398 4094 apostolorum
3442 4035 3684 4093 tempore

2106 4129 2211 4170 non
2245 4114 2432 4179 fuerit,
2462 4124 2639 4170 tamen
2672 4115 3016 4185 apostolicam
3061 4117 3288 4185 gratiam
3334 4131 3438 4171 non
3479 4116 3681 4187 effugit.

2102 4207 2234 4262 Nam
2265 4207 2404 4278 quod
2439 4207 2606 4262 deluit
2634 4207 2688 4260 in
2720 4208 2929 4272 ordine,
2949 4208 3249 4278 suppletum
3279 4220 3361 4263 est
3392 4210 3443 4262 in
3473 4224 3683 4263 mercc-

2104 4299 2172 4354 de
2204 4317 2217 4352 :
2249 4297 2502 4358 quoniam
2534 4297 2696 4370 £65
2738 4313 2969 4368 sequens
2994 4299 3189 4366 gradus
3214 4299 3287 4354 illi
3319 4300 3446 4354 nihil
3475 4304 3683 4353 subira-

2108 4390 2205 4456 hit,
2230 4392 2318 4460 qui
2349 4389 2556 4445 meritis
2585 4390 2877 4446 antecellit.
2906 4390 3072 4460 Hujus
3102 4407 3332 4461 quoque,
3363 4394 3681 4449 reverentis-

2102 4480 2238 4533 sima
2269 4478 2405 4545 lilia,
2438 4480 2491 4534 in
2522 4478 2673 4533 vobis
2711 4479 3149 4550 congratulamur
3184 4481 3416 4536 rediviva
3462 4497 3680 4551 surgere

2103 4583 2350 4637 supernae
2394 4568 2697 4624 dilectionis
2742 4569 3019 4637 exempla,
3064 4570 3436 4640 propitiatione
3480 4573 3685 4628 divina.

418 4674 522 4729 que
546 4655 697 4710 nobis
721 4654 1063 4719 salutatione,
1081 4655 1188 4708 ait:
1215 4655 1498 4724 Deprecor,
1519 4668 1701 4712 sancte
1725 4661 1997 4722 sacerdos.
2026 4672 2081 4731 ι)
2109 4661 2237 4716 Nam
2266 4662 2566 4718 declinante
2595 4670 2836 4733 tempore
2863 4664 3042 4719 saeculi
3065 4674 3348 4730 vetustate,
3370 4667 3530 4720 vestri
3556 4680 3679 4721 seu.

420 4761 477 4802 nt
506 4749 600 4802 has
631 4746 854 4818 puellas,
869 4761 985 4817 qua:
1016 4746 1069 4800 in
1098 4761 1344 4815 magnam
1369 4746 1719 4805 humilitatem
1743 4751 1809 4806 ab
1835 4753 1997 4807 abba-

417 4844 546 4899 tissa
580 4838 880 4895 Pietavensi
912 4838 1144 4893 redactae
1174 4847 1321 4903 sunt,
1350 4839 1621 4893 custodire
1647 4840 1902 4912 digneris,
1933 4859 1996 4897 ac

415 4938 595 4992 cibum
639 4937 897 5004 praebere,
926 4935 1096 4986 donec
1135 4946 1235 4999 ego
1278 4945 1394 4984 eam
1439 4930 1506 4986 ad
1552 4945 1705 5000 reges
1748 4943 2023 5014 parentes.

418 5037 662 5090 nostros,
692 5039 1068 5093 csponamque
1097 5025 1177 5077 eis
1209 5038 1328 5093 quae
1358 5023 1608 5090 patimur.
1639 5034 1693 5077 et
1728 5034 1987 5081 revertar.

414 5122 619 5189 Quibus
648 5133 746 5182 ego
774 5120 894 5173 aio:
927 5118 982 5174 Si
1012 5118 1277 5173 abbatissa
1307 5117 1656 5187 deliquit.aut
1681 5120 1988 5176 canonicam

415 5211 652 5282 regulam
679 5206 730 5264 in
757 5210 934 5279 aliquo
957 5210 1317 5279 prmtermisit,
1336 5212 1653 5265 accedamus
1676 5212 1741 5265 ad
1774 5211 1988 5268 fratrem

486 5378 513 5406 ι
544 5366 708 5435 Vulgo
748 5364 984 5435 Marleinr
1030 5364 1187 5435 hodie
1224 5362 1415 5435 dicitur
1456 5366 1506 5418 iu
1549 5365 1783 5431 Alsatia,
1812 5370 1983 5424 mrdia

412 5440 525 5495 fere
552 5432 806 5494 via'inter
836 5433 1205 5505 Molshemium
1224 5471 1243 5498 ,
1274 5432 1571 5505 Molsltet'm,
1597 5448 1649 5488 et
1678 5437 1980 5505 Tabernas,

412 5512 657 5574 Sam-ne,
691 5506 780 5560 ubi
807 5504 1047 5558 visuntur
1076 5505 1235 5556 etiam
1255 5519 1406 5574 nunc
1435 5504 1575 5558 villae
1605 5508 1762 5574 regizr
1793 5510 1982 5563 rudera

409 5581 549 5659 inter
575 5570 827 5659 oppidum
855 5574 1094 5659 ejusdem
1123 5570 1355 5659 nominis
1381 5581 1434 5659 ct
1455 5575 1623 5659 vicum
1648 5573 1694 5629 Κ
1701 5575 1883 5659 inirem,
1896 5579 1983 5645 qui

410 5652 567 5703 etiam
598 5642 722 5702 oliui
752 5661 907 5701 suum
940 5644 1170 5697 habebat
1198 5642 1449 5709 palatium
1479 5645 1704 5713 regium.
1735 5645 1808 5700 De
1838 5642 1983 5702 utro-

409 5733 513 5787 que
543 5721 594 5770 in
627 5717 716 5770 lib.
744 5733 794 5770 iv
824 5715 891 5770 de
919 5729 978 5769 re
1008 5713 1377 5787 Biplomatica.

472 5787 509 5830 ﬁt
542 5788 595 5839 ld
622 5798 701 5839 est
736 5792 1079 5853 procuratore
1107 5783 1294 5837 domus
1324 5783 1484 5853 regia:
1512 5782 1674 5837 illius.

415 5864 509 5986 ϐου
542 5856 631 5934 Sic
656 5858 812 5908 codd.
835 5870 961 5917 mss.
989 5857 1054 5909 At
1075 5853 1221 5919 editi,
1239 5853 1557 5924 fatumquod
1581 5854 1718 5913 idem
1743 5866 1828 5914 est
1846 5859 1985 5928 apud

464 5940 747 5986 regornnn.

464 5940 747 5990 regornnn.

2104 4768 2198 4807 sus
2227 4754 2521 4808 certamine
2551 4752 2684 4809 lides
2712 4755 2992 4810 revirescit
3027 4755 3078 4809 in
3109 4755 3239 4811 llore
3268 4774 3280 4809 :
3311 4766 3365 4810 et
3391 4754 3573 4829 [Forte
3601 4756 3678 4827 ut]
3710 4794 3717 4802 ι

2106 4845 2247 4914 quod
2279 4851 2500 4900 veterno
2545 4856 2788 4915 tepuerat
2822 4847 3004 4916 algore
3031 4858 3293 4912 senectia,
3329 4851 3539 4905 tandem
3574 4852 3679 4905 fer-

2104 4939 2280 4991 vent7s
2307 4937 2468 4991 animi
2499 4952 2683 4992 rursus
2712 4938 3001 4994 incalescat
3023 4938 3234 4994 ardore.
3255 4940 3360 4994 Sed
3392 4956 3512 4995 cum
3539 4956 3677 5009 pene

2101 5027 2287 5081 eadem
2319 5026 2535 5082 veneris
2562 5042 2627 5081 ex
2662 5036 2846 5094 parte,
2874 5043 2975 5098 qua
3007 5028 3220 5083 beatum
3253 5029 3538 5085 Martinum
3574 5032 3675 5087 huc

2096 5118 2379 5174 didicimus
2402 5120 2696 5173 accessisse
2720 5129 2764 5181 ε.
2784 5133 2888 5173 non
2917 5129 2998 5173 est
3025 5120 3218 5175 mirum
3242 5120 3284 5174 si
3312 5120 3456 5175 illum
3481 5122 3674 5177 imitari

2096 5210 2328 5267 videaris
2358 5210 2412 5265 in
2435 5224 2620 5280 opere,
2642 5225 2799 5278 quem
2829 5210 2921 5265 tibi
2951 5211 3139 5265 duorm
3170 5212 3438 5266 credimus
3467 5211 3675 5268 itineris

2164 5363 2192 5401 ⁴¹
2227 5366 2402 5432 Editi,
2430 5366 2763 5434 responsioni.
2810 5366 2998 5436 Regni.
3045 5368 3215 5437 infra,
3258 5370 3501 5423 monitum
3544 5387 3671 5425 cou—

2093 5439 2332 5490 minuitis.
2987 5463 3004 5486 ι

2165 5516 2188 5544 ε
2221 5505 2506 5579 βιιῐιιοηίυε
2528 5502 3248 5579 Turottensis,_[‘rartestattis
3280 5509 3671 5579 Rothomagen-

2089 5577 2184 5640 sis,
2207 5577 2503 5631 Germanus
2528 5576 2865 5642 l’arisiensis,
2891 5576 3033 5630 Felix
3070 5578 3460 5639 Naiuueten~is.
3491 5576 3670 5634 Domi-

2091 5649 2268 5700 tianus
2292 5645 2708 5714 Andegavensis,
2727 5646 2761 5697 ν
2775 5648 2991 5701 ictorins
3022 5646 3412 5711 Rhedoncnsis,
3431 5663 3485 5704 et
3510 5652 3667 5705 llotn-

2095 5718 2247 5769 nolns
2277 5719 2729 5769 (Ienotnztnnensis
2758 5718 2991 5784 episcopi
3023 5718 3189 5771 fuere.

2171 5785 2187 5825 ί
2228 5788 2414 5840 Mirum
2449 5786 2533 5838 hie
2567 5788 2852 5852 primordia
2889 5788 3008 5841 lidei
3038 5788 3352 5843 Cbrisﬁana:
3389 5789 3444 5844 in
3476 5791 3669 5849 Galliis

2091 5859 2155 5909 ad
2188 5869 2421 5923 tempore
2451 5858 2617 5910 sancti
2651 5856 2853 5909 Martini
2886 5860 3148 5913 revocari.
3658 5904 3659 5909 η

2165 5936 2188 5974 ε
2223 5926 2560 5996 lladegundis
2600 5926 2702 5980 filia
2730 5936 2847 5981 erat
2875 5927 3135 5983 Bel-tliarii
3163 5928 3552 6001 'l'hoiiugorunt
3582 5949 3660 5994 ω
