3966 6348
299 442 400 494 ειη

297 550 570 605 exs'itisse
613 569 625 603 :

294 640 569 708 cmupleas
596 650 651 694 et
676 641 944 708 exempla,
968 649 1023 695 et
1055 639 1422 693 beatissimum
1452 640 1623 692 virum
1657 639 1708 692 in
1738 648 1885 697 tanto

297 730 391 783 tibi
421 729 584 784 facias
611 744 732 786 esse.
762 729 970 784 socium
992 769 1007 793 ,
1042 730 1096 783 in
1132 739 1393 800 quantum
1435 739 1638 797 partem
1686 730 1887 800 refugis

296 819 502 881 habere
524 819 594 874 de
624 822 842 874 mundo.
861 820 1028 886 Cujus
1054 820 1321 889 opinionis
1346 819 1496 874 radio
1523 820 1885 891 prmmicante,

297 910 372 963 ita
396 909 578 966 reddis
598 910 927 965 audientium
958 920 1170 979 pectora
1201 911 1406 965 caelesti
1436 910 1638 981 fulgore
1664 913 1884 978 suffusa,

299 1010 361 1054 ut
409 1003 607 1069 passim
656 1003 931 1069 provocati
978 1003 1268 1071 puellarum
1319 1001 1505 1081 animi,
1536 1003 1701 1057 divini
1753 1006 1889 1073 ignis

297 1096 528 1149 scintilla
558 1097 826 1160 succensi,
850 1098 1041 1164 raptim
1073 1093 1326 1150 festinent
1352 1095 1509 1149 avide
1539 1096 1592 1148 in
1623 1096 1885 1153 charitate

298 1181 500 1238 Christi
543 1184 691 1241 fonte
731 1185 891 1239 vestri
938 1184 1168 1253 pectoris
1208 1184 1452 1255 irrigari,
1480 1194 1527 1237 el
1559 1185 1760 1239 relictis
1792 1203 1886 1255 pa-

304 1276 550 1330 rentibus
584 1287 634 1331 te
664 1276 763 1331 sibi
797 1276 964 1346 magis
992 1275 1224 1346 eligant,
1256 1278 1414 1344 quam
1459 1286 1703 1329 matrem.
1736 1276 1883 1331 Facit

308 1366 409 1418 boc
438 1365 608 1434 gratia
629 1406 643 1429 ,
674 1382 777 1418 non
809 1375 1017 1419 natura.
1050 1365 1208 1433 Igitur
1230 1372 1257 1401 ι
1285 1362 1441 1433 hujus
1466 1364 1626 1417 studii
1664 1374 1781 1418 vota
1810 1368 1889 1419 vi-

299 1458 525 1523 dentes,
569 1460 768 1527 gratias
813 1459 1110 1512 clementia:
1154 1473 1399 1524 supernae
1446 1458 1764 1523 referimus,
1796 1472 1887 1528 qtrl

302 1555 607 1606 voluntates
655 1552 928 1607 hominum
972 1566 1085 1606 sna:
1124 1552 1249 1606 facit
1289 1552 1544 1605 voluntati
1589 1550 1884 1607 counecti:

300 1643 554 1714 quoniam
588 1645 909 1696 confidimus
940 1657 1073 1712 quas
1102 1642 1240 1711 apud
1268 1657 1362 1696 vos
1388 1641 1533 1711 jubet
1563 1641 1768 1711 colligi,
1792 1658 1889 1696 suo

306 1737 419 1788 vult
445 1736 695 1802 amplexu
727 1736 949 1789 servari.
978 1736 1041 1789 Et
1067 1736 1187 1805 quia
1215 1736 1469 1803 quasdam
1500 1735 1884 1802 comperimus,

300 1826 580 1881 divinitate
612 1827 858 1896 propitia,
882 1826 947 1881 de
975 1828 1170 1880 nostris
1198 1826 1484 1881 territorlis
1512 1827 1575 1879 ad
1605 1826 1888 1880 institutio-

1227 439 1551 498 lllSTORlA
1594 439 2031 500 BBANCORUM.
2072 445 2278 503 LIBER
2316 447 2541 508 NONUS

670 559 724 604 nt
768 548 918 621 cujus
969 563 1030 603 es
1082 558 1263 603 secuta
1306 548 1549 617 vestigia,
1579 548 1717 604 felici
1761 558 1885 603 voto

1994 566 2129 613 ctum
2159 568 2264 625 est,
2290 561 2495 631 caelesti
2521 559 2747 631 judicio,
2777 562 2931 619 nobis
2960 565 3286 634 optantibus,
3313 571 3572 636 percella-

3463 459 3568 513 518

1991 659 2097 717 tur,
2120 651 2290 706 donec
2316 656 2655 721 separatione
2682 654 2845 723 facta,
2869 670 2964 724 per
2991 668 3383 727 comp-stentem
3413 678 3571 717 exse-

1988 743 2172 797 craudi
2197 743 2437 799 criminis
2466 746 2859 822 paenitentiam,
2879 762 2905 800 a
2934 748 3053 803 loco
3080 765 3185 818 quo
3211 766 3423 818 egressa
3454 754 3569 806 fue-

1990 843 2095 895 rat,
2128 834 2292 903 recipi
2326 835 2580 889 meruerit
2606 847 2660 889 et
2687 836 2923 891 adnecti.
2955 838 3283 907 Adjicientcs
3309 842 3488 899 etiam.
3516 852 3573 897 ut

1989 937 2174 978 eorum
2204 926 2295 991 qui
2327 925 2481 980 nobis
2504 927 2821 997 quandoque
2851 930 3148 985 successuri
3172 943 3295 985 sunt
3321 936 3570 987 sacerdo-

1991 1023 2092 1078 tes,
2112 1016 2309 1069 similis
2331 1018 2794 1074 coudemnationis
2822 1027 3103 1075 teneantur
3122 1024 3354 1078 astrictm
3386 1036 3569 1090 reatu;

1991 1113 2047 1157 et
2070 1104 2297 1173 si,quod
2329 1123 2434 1161 non
2466 1109 2757 1174 credimus,
2779 1111 2978 1181 aliquid
3006 1112 3104 1180 ipsi
3128 1115 3393 1169 voluerint
3419 1117 3574 1171 aliter

1989 1211 2147 1265 quam
2180 1207 2360 1251 nostra
2394 1200 2710 1253 deliberatio
2738 1204 2995 1267 continet,
3026 1207 3289 1265 relaxare,
3321 1209 3573 1261 noverint

1989 1301 2051 1341 se
2093 1287 2369 1341 nobiscum
2419 1296 2621 1342 mteruo
2662 1289 2848 1344 Judice
2883 1292 3170 1345 definiente
3207 1306 3520 1347 causaturos
3552 1312 3568 1349 :

1989 1378 2110 1445 quia
2142 1381 2440 1432 communis
2471 1390 2552 1433 est
2578 1381 2766 1434 salutis
2792 1380 3094 1445 instructio,
3114 1383 3157 1436 si
3189 1385 3329 1449 quod
3362 1385 3574 1438 Christo

1997 1471 2326 1537 promittitur
2373 1471 2747 1527 inviolabiliter
2793 1474 3125 1529 observetur.
3176 1476 3327 1543 Quod
3377 1488 3574 1531 nostra:

1990 1562 2452 1618 determinationis
2472 1564 2767 1630 decretum,
2792 1581 2890 1635 pro
2919 1567 3188 1622 firmitatis
3216 1568 3432 1633 intuitu,
3450 1584 3574 1638 pro-

1994 1657 2129 1725 prim
2176 1672 2362 1711 manus
2410 1658 2808 1726 subscriptione
2854 1659 3122 1714 credimus
3167 1659 3572 1727 roborandum,

1992 1747 2377 1816 perpetualiter
2395 1761 2425 1802 a
2453 1747 2605 1801 nobis
2631 1748 2845 1802 Christo
2865 1750 3081 1818 auspice
3101 1760 3439 1805 serVaturum
3463 1749 3511 1804 ά.
3546 1770 3566 1803 ι

2064 1836 2221 1890 Lecta
2266 1836 2422 1907 igitur
2449 1840 2546 1892 hac
2575 1838 2819 1906 epistola,
2843 1838 3181 1893 Cbrodieldis
3202 1841 3333 1892 dixit
3375 1856 3387 1892 :
3423 1840 3570 1893 Nun-

304 1935 426 1974 tiettt
459 1930 650 1974 vestrm
681 1923 875 1990 regula:
901 1920 1327 1975 desiderabiliter
1356 1920 1692 1984 Cttnvolasse,
1718 1920 1882 1988 illspi-
1914 1921 1960 1981 B
1985 1943 2141 1996 quam
2183 1942 2280 1981 nos
2324 1927 2428 1982 ulla
2480 1928 2733 1982 retinebit
2779 1944 2948 1991 mora,
2983 1929 3080 1982 nisi
3122 1930 3187 1983 ad
3232 1945 3405 1999 reges,
3436 1947 3570 1999 quos

300 2012 507 2064 cientis
536 2014 698 2063 etiam
730 2024 922 2065 vestra:
954 2011 1229 2079 petitionis
1258 2009 1572 2077 epistolam,
1601 2013 1826 2065 libente:
1851 2027 1881 2064 a

304 2104 461 2156 nobis
492 2116 802 2172 exceptam,
828 2103 930 2157 hoc
957 2103 1173 2157 Christo
1202 2114 1421 2158 auctore
1448 2113 1502 2158 et
1530 2106 1885 2159 remedtatore

302 2195 577 2246 firmamus
610 2211 623 2246 :
659 2204 715 2247 ut
744 2194 867 2248 licet
892 2209 1081 2249 omnes
1109 2194 1388 2263 aequaliter
1415 2209 1533 2263 qute
1576 2194 1645 2249 ibi
1686 2210 1885 2249 conve-

299 2286 478 2347 niunt,
510 2288 560 2339 in
592 2284 804 2340 Demini
829 2285 1090 2340 cltaritate
1120 2301 1386 2347 mansura:
1413 2285 1645 2339 debeant
1667 2286 1886 2341 inviola-

302 2375 481 2428 biliter
522 2375 825 2439 custodire,
854 2356 1273 2445 quodVidentur
1316 2376 1672 2432 libentissimo
1702 2378 1882 2433 animo

300 2467 607 2534 suscepisse
632 2509 643 2530 ,
673 2468 922 2536 quoniam
953 2468 1301 2521 contaminari
1336 2484 1441 2521 nou
1473 2468 1637 2522 debet
1665 2468 1883 2523 Christo

302 2560 433 2615 fides
472 2560 611 2614 co-lo
660 2570 794 2614 teste
841 2561 1123 2630 promissa,
1154 2560 1239 2615 ubi
1283 2575 1387 2615 non
1436 2561 1551 2615 leve
1589 2561 1765 2615 scelus
1801 2569 1887 2616 est
1926 2608 1941 2629 ,

302 2661 446 2719 temp
469 2668 555 2704 um
592 2649 719 2717 Dei,
750 2651 892 2718 quod
922 2650 1088 2713 absit.
1113 2650 1313 2721 pollui,
1345 2660 1403 2706 ut
1432 2652 1498 2704 ab
1525 2667 1589 2706 eo
1618 2651 1783 2720 possit
1809 2652 1884 2706 ira

297 2742 658 2796 succendente
682 2743 941 2811 disperdi.
961 2743 1158 2798 Tamen
1186 2744 1489 2813 specialiter
1510 2743 1813 2808 definimus,
1839 2742 1885 2799 si

297 2846 424 2899 qua,
454 2833 592 2885 sicut
618 2832 820 2887 dictum
851 2845 952 2898 est,
984 2832 1053 2888 de
1084 2832 1218 2888 locis
1250 2833 1658 2887 sacerdotaliter
1687 2841 1888 2889 nostrae

297 2923 704 2993 gubernationi,
734 2924 974 2980 Doniiuo‘
989 2925 1334 2994 providente,
1360 2926 1693 2991 commissis,
1715 2924 1769 2979 iu
1800 2925 1890 2980 Pi-

300 3023 455 3070 ctava
490 3014 517 3053 δ
548 3015 767 3071 civitate
812 3027 994 3071 veStro
1043 3017 1366 3071 monasterio
1414 3015 1577 3087 456
1628 3018 1886 3071 meruerit

302 3110 529 3175 sociari,
558 3110 850 3164 secundum
903 3111 1070 3165 beatae
1120 3110 1393 3163 memoriae
1438 3108 1622 3163 domui
1666 3108 1885 3163 Caesarii

298 3201 627 3254 Arelatensis
656 3201 888 3271 episcopi
920 3200 1239 3267 Constituta,
1268 3200 1397 3253 nulli
1428 3201 1497 3254 sit
1522 3199 1743 3254 ulterius
1768 3199 1853 3255 dis

1988 2026 2234 2088 parentes
2255 2027 2466 2072 nostros
2495 2032 2614 2072 esse
2645 2019 2908 2078 novimus.
2933 2019 3267 2074 accedamus.
3302 2021 3570 2078 Venerant

1984 2109 2127 2163 enim
2162 2109 2394 2178 pedestri
2439 2109 2631 2163 itinere
2675 2124 2702 2161 a
2748 2109 2982 2174 Pictavo,
3033 2126 3132 2165 nec
3178 2113 3337 2166 ullius
3374 2114 3571 2182 equitis

1985 2197 2062 2271 [1.
2091 2198 2237 2270 equi]
2274 2198 2587 2254 beneficium
2618 2200 2777 2270 467
2812 2201 3103 2256 habuerant
3146 2218 3161 2255 :
3198 2205 3335 2259 unde
3363 2205 3570 2259 anbe'ae

1985 2299 2040 2343 ct
2083 2288 2214 2344 satis
2258 2290 2467 2359 exigam
2513 2302 2686 2344 erant.
2743 2291 2848 2345 Sed
2900 2307 2998 2345 uec
3045 2295 3217 2347 victus
3263 2295 3567 2348 alimoniam

1986 2379 2147 2434 ullam
2180 2380 2259 2435 cis
2304 2380 2469 2435 invia
2515 2381 2793 2451 quisquam
2837 2382 3155 2450 praebuerat.
3212 2386 3571 2440 Accesserant

1986 2473 2131 2526 enim
2178 2472 2243 2526 ad
2278 2471 2463 2527 urbem
2513 2482 2752 2526 nostram
2801 2474 2890 2528 die
2922 2474 3089 2541 prima
3140 2475 3341 2529 mensis
3384 2477 3569 2544 prior;

1985 2571 2139 2616 erant
2190 2563 2335 2616 enim
2388 2559 2577 2629 pluvia:
2629 2577 2859 2632 magnae,
2916 2562 3008 2617 sed
3065 2576 3118 2617 et
3170 2564 3268 2617 via:
3298 2565 3570 2621 dissoluta:

1985 2662 2141 2706 erant
2168 2667 2197 2707 a
2228 2653 2389 2707 nimia
2419 2654 2776 2709 immensitate
2806 2669 3083 2724 aquarum.

2059 2739 2169 2794 XL.
2216 2741 2577 2797 Detrabebaut
2612 2752 2790 2798 autem
2827 2753 2883 2798 et
2908 2744 2975 2798 de
3004 2745 3279 2815 episcopo,
3311 2746 3569 2816 dicentes,

1985 2834 2109 2901 quia
2141 2832 2283 2886 illius
2317 2832 2441 2888 dolo
2471 2844 2525 2887 et
2556 2834 2637 2887 hze
2682 2834 2928 2898 turbatae,
2957 2842 3012 2888 et
3038 2836 3418 2891 monasterium
3454 2850 3570 2892 e-at

1986 2924 2333 2986 derelictum;
2367 2924 2462 2978 sed
2510 2926 2784 2979 materiam
2815 2925 2973 2994 hujus
3003 2927 3237 2982 scandali
3270 2930 3427 2983 altius
3454 2930 3569 3000 ριι-

1985 3004 2093 3071 cuit
2128 3018 2437 3072 memorari.
2491 3017 2756 3086 Tempore
2800 3018 3193 3073 Chlotltacbarii
3240 3021 3395 3089 regis,
3444 3038 3564 3074 cum

1984 3107 2137 3163 beata
2162 3106 2497 3176 [ladeguudis
2526 3108 2624 3160 bac
2647 3112 3025 3162 monasterium
3058 3109 3395 3176 instituisset,
3426 3126 3568 3165 sem-

1989 3213 2083 3266 per
2127 3199 2366 3266 suhjecta
2413 3207 2467 3251 et
2506 3197 2765 3250 obediens
2802 3213 2921 3251 cum
2962 3200 3105 3251 omni
3148 3204 3567 3269 emigregatione

298 3292 521 3346 cedendi
546 3293 781 3358 licentia,
800 3309 938 3360 qum,
968 3293 1107 3348 sicut
1126 3294 1365 3348 continet
1386 3294 1588 3363 regula,
1609 3294 1884 3350 voluntate
1910 3275 1959 3341 (ἶ
1990 3303 2085 3342 sua
2118 3288 2483 3344 anterioribus
2513 3287 2611 3340 fuit
2635 3288 2922 3354 episcopis.
2975 3289 3242 3358 Tempore
3269 3306 3396 3343 vero
3425 3288 3566 3359 Sigi-

299 3383 514 3450 pwpria
542 3383 561 3403 ⁸
592 3383 799 3437 videtur
831 3382 1070 3452 ingressa
1100 3398 1115 3435 :
1148 3398 1217 3437 ne
1247 3383 1403 3437 unius
1456 3384 1594 3452 turpi
1623 3383 1885 3439 dedecore

298 3477 528 3530 ducatur
568 3478 621 3530 in
662 3480 864 3531 crimen
907 3478 1011 3548 ιΑι.
1040 3476 1308 3551 crimine],
1334 3479 1475 3547 quod
1516 3479 1654 3545 apud
1694 3494 1885 3537 omnes

300 3565 495 3621 emicat
545 3566 598 3622 in
645 3567 867 3622 honoro.
905 3568 972 3623 Et
1022 3568 1142 3623 ideo
1178 3568 1247 3632 si,
1277 3568 1422 3638 quod
1471 3579 1676 3625 avertat
1721 3570 1881 3636 Deus,

306 3658 485 3727 aliqua
520 3659 721 3714 insana:
751 3661 948 3715 mentis
978 3660 1308 3716 illicitatione
1337 3676 1591 3717 succensa
1614 3702 1631 3727 ,
1661 3663 1727 3717 ad
1758 3664 1886 3719 tanti

306 3748 581 3818 opprobrii
616 3751 878 3805 maculam
911 3751 1245 3821 prmcipitare
1285 3767 1434 3805 suam
1466 3754 1691 3808 voluerit
1723 3755 1888 3810 disci-

298 3842 524 3910 plinam,
551 3839 774 3914 gloriam
803 3852 857 3897 et
880 3856 1157 3909 coronam,
1181 3851 1237 3897 ut
1256 3842 1458 3897 inimici
1489 3844 1732 3906 consilio,
1751 3846 1889 3900 sicut

299 3934 413 3989 Eva
455 3938 628 4003 ejecta
659 3934 726 3989 de
768 3936 1013 4004 paradiso
1033 3975 1049 3999 ,
1074 3949 1169 4005 per
1195 3937 1619 4005 qualemcunque
1646 3936 1714 3991 de
1740 3938 1890 3992 clau-

296 4032 428 4086 stris
450 4032 618 4101 ipsius
642 4031 976 4095 monasterii,
996 4031 1160 4085 immo
1176 4031 1242 4086 de
1259 4030 1378 4086 ctnli
1408 4045 1571 4101 regno
1593 4031 1744 4085 exire
1770 4048 1888 4099 pcr-

303 4122 520 4187 tulerit,
553 4123 844 4192 mergenda
892 4131 945 4177 et
986 4123 1346 4178 conculcanda
1378 4123 1469 4177 vili
1512 4123 1805 4193 platearum
1833 4125 1887 4180 iu

299 4213 440 4278 luto,
471 4222 724 4282 separata
752 4228 782 4267 a
811 4213 1185 4268 ctrmtnunione
1216 4225 1417 4277 nostra,
1446 4213 1546 4266 diri
1577 4216 1889 4269 anathema-

298 4304 367 4359 tis
395 4305 615 4357 vulnere
639 4302 886 4358 feriatur.
914 4304 985 4357 lta
1021 4315 1078 4357 ut
1107 4303 1152 4357 si
1185 4304 1423 4358 fortassis
1450 4302 1665 4358 Christo
1694 4304 1884 4360 relicto

300 4394 507 4449 homini
542 4394 776 4450 voluerit
807 4396 1031 4459 nubere,
1058 4394 1272 4449 diabolo
1300 4394 1632 4464 captivante,
1661 4410 1767 4449 non
1797 4411 1889 4449 so-

299 4486 413 4541 lum
444 4488 558 4557 ipsa
584 4502 702 4554 quas
732 4487 945 4555 refugit,
965 4486 1058 4540 sed
1084 4485 1243 4540 etiam
1274 4486 1364 4541 ille
1388 4486 1478 4555 qui
1503 4485 1552 4540 ei
1576 4486 1891 4556 conjunctus

299 4590 384 4634 est
404 4619 419 4644 ,
454 4580 630 4647 turpis
660 4579 893 4644 adulter,
918 4589 969 4630 ct
1003 4577 1177 4645 potius
1205 4577 1496 4647 sacrilegus
1523 4592 1682 4647 quam
1722 4578 1888 4633 mari-

1988 3380 2143 3444 berti,
2173 3390 2450 3449 postquam
2473 3378 2749 3432 Marovcus
2769 3378 3138 3448 episcopatum
3172 3381 3267 3434 urb
3291 3396 3318 3434 s
3344 3383 3568 3450 adeptus

1986 3481 2088 3536 est,
2124 3460 2358 3540 acceptis
2393 3469 2633 3538 epistolis
2660 3470 2907 3541 S‘gibcrti
2948 3471 3086 3541 regis
3117 3488 3210 3540 pro
3239 3471 3343 3527 fide
3384 3488 3447 3527 ac
3472 3474 3567 3530 de-

1986 3568 2205 3620 votione
2232 3548 2575 3634 Radegundis
2617 3562 2808 3628 beatm,
2842 3565 2894 3618 in
2932 3573 3109 3631 partes
3140 3564 3376 3619 Orientis
3406 3577 3428 3603 ο
3460 3567 3568 3620 cle-

1986 3660 2128 3717 ricos
2178 3659 2431 3723 destinat,
2475 3673 2571 3727 pro
2604 3656 2897 3712 Dominica'.
2939 3656 3116 3712 crucis
3163 3658 3323 3727 ligno,
3355 3674 3419 3712 ac
3447 3674 3569 3713 sau-

1986 3760 2196 3806 ctorum
2233 3749 2598 3820 apostolorum
2636 3762 3060 3817 caateiorumque
3104 3760 3400 3819 martyrum
3445 3750 3569 3805 reli-

1986 3845 2149 3914 quiis.
2193 3846 2292 3911 Qui
2338 3851 2527 3897 euntes
2570 3841 2873 3896 detulerunt
2917 3841 3029 3895 haec
3060 3841 3276 3911 pignora
3321 3857 3338 3896 :
3378 3842 3571 3911 quibus

1986 3936 2203 3998 delatis,
2253 3934 2403 4002 petiit
2450 3936 2631 4001 regina
2680 3932 3024 4000 episcopum,
3083 3943 3138 3985 ut
3183 3947 3305 3987 cum
3366 3934 3571 3987 honore

1988 4026 2173 4082 debito
2205 4025 2501 4095 grandique
2542 4024 2825 4091 psallentio
2863 4026 2919 4079 in
2956 4025 3282 4077 monasterio
3325 4024 3570 4078 locaren-

1990 4130 2076 4175 tur
2094 4117 2139 4172 ί.
2170 4117 2277 4172 Sed
2306 4116 2395 4171 ille
2422 4116 2723 4183 despiciens
2748 4114 3141 4182 suggestionem
3163 4114 3303 4181 ejus,
3328 4128 3569 4166 ascensus

1989 4208 2292 4276 equitibus,
2336 4206 2475 4258 villae
2516 4220 2575 4259 se
2606 4204 2850 4259 contulit.
2885 4202 3036 4258 Tunc
3071 4204 3251 4271 regina
3283 4202 3473 4259 iterato
3499 4202 3569 4257 ad

1990 4314 2168 4367 regem
2200 4296 2525 4364 Sigibertum
2554 4293 2777 4355 direxit,
2809 4291 3104 4359 deprecans
3141 4302 3198 4345 ut
3241 4291 3573 4358 injunctions

1989 4406 2086 4445 sua
2135 4391 2436 4458 quicunque
2477 4400 2542 4439 cx
2572 4384 2771 4451 episcm
2794 4383 2841 4437 is
2870 4383 2983 4435 bace
3026 4383 3277 4451 pignora,
3324 4396 3444 4435 cum
3477 4382 3572 4436 illo

1990 4496 2097 4553 quo
2125 4480 2356 4535 decebat
2404 4477 2628 4537 honore,
2657 4484 2946 4540 votumque
2982 4474 3099 4543 ejus
3144 4476 3486 4543 exposcebat,
3517 4475 3573 4531 in

1993 4569 2318 4628 monasterio
2361 4567 2675 4621 collocaret.
2740 4565 2816 4618 Ad
2869 4564 2969 4618 hoc
3013 4565 3157 4619 enim
3203 4580 3340 4633 Opus
3387 4564 3575 4620 hcatus

299 4680 424 4726 tus:
457 4669 544 4724 vel
574 4670 812 4739 quisquis
842 4679 896 4721 ut
924 4668 1024 4723 hoc
1055 4668 1225 4731 ﬁeret,
1251 4683 1510 4723 venenum
1535 4672 1701 4736 magis
1727 4685 1885 4738 quam
1915 4650 1967 4712 Ῑ)
1998 4663 2284 4719 Eufrouius
2309 4660 2459 4713 urbis
2489 4657 2769 4712 Turonicte
2801 4657 3090 4725 ερὶεοοιιιιε
3118 4656 3429 4725 inionsilur-
3470 4655 3573 4722 Qfli

300 4762 594 4817 consilium
627 4761 970 4826 ministravit,
996 4759 1155 4814 simili
1190 4759 1415 4824 ultione,
1438 4761 1575 4814 sicut
1599 4760 1665 4813 de
1696 4762 1781 4815 illa
1806 4761 1885 4815 di-

296 4903 401 4972 gis,
440 4916 503 4954 ex
538 4898 655 4968 ipso
679 4897 936 4972 Gregorio
965 4912 1123 4972 supra
1158 4899 1248 4972 lib.
1283 4913 1361 4963 Ill,
1390 4912 1512 4972 cap.
1543 4895 1596 4950 Δ.
1631 4897 1891 4951 Martinus

301 4969 482 5027 autem
514 4982 671 5024 natus
698 4984 781 5024 est
810 4970 1047 5025 Sabarite
1079 4971 1132 5023 in
1164 4969 1460 5033 l’annouia,
1494 4977 1550 5021 ut
1577 4981 1764 5020 omnes
1795 4983 1891 5019 uo-

301 5050 449 5096 runt.

376 5121 402 5148 ⁸
435 5112 649 5180 Begm.,
686 5107 855 5181 Igitur
892 5110 945 5163 in
975 5109 1070 5162 tali
1106 5108 1273 5163 studio
1312 5124 1548 5171 manens,
1592 5116 1640 5160 et
1680 5105 1776 5161 hoc
1803 5120 1894 5160 nos

300 5183 687 5251 comperientes.

373 5246 573 5306 b'ltec.
607 5249 757 5304 Colb.
789 5266 861 5304 m.
888 5259 942 5303 et
963 5248 1189 5311 Chesn.,
1212 5246 1502 5302 Pictaviua.

377 5333 400 5360 ε
443 5322 536 5377 Sic
566 5318 770 5383 Casiis,
804 5320 919 5385 alii,
947 5320 1171 5389 prodita.
1207 5319 1375 5389 Locus
1406 5332 1530 5389 vero
1556 5316 1645 5389 qui
1676 5316 1760 5370 hic
1791 5315 1895 5369 lau-

296 5393 479 5453 datur,
514 5392 736 5444 habetur
764 5404 883 5458 cap.
911 5386 1181 5458 litt-gulae
1213 5388 1382 5442 sancti
1409 5386 1623 5441 Caesarii
1652 5400 1751 5456 pro
1781 5402 1892 5439 mo-

298 5464 557 5517 Dialibus.

372 5530 399 5567 ἀ
440 5530 605 5594 Είιιιί,
643 5531 968 5583 duraturum.

374 5613 400 5638 ε
426 5601 521 5655 HIS
544 5601 723 5653 verbis
746 5598 1296 5654 innuiturMaroveum
1320 5597 1557 5665 acceptis
1579 5610 1605 5647 a
1631 5594 1896 5663 Sigiberto

294 5673 498 5726 litteris
530 5673 581 5723 in
606 5668 877 5723 Orientem
910 5671 1119 5722 misisse
1146 5669 1210 5721 ad
1243 5667 1515 5721 habendas
1544 5667 1813 5735 reliquias,
1840 5672 1896 5717 ut

295 5753 505 5795 sanctae
557 5738 898 5807 lladcguudis
948 5737 1220 5791 devotioni
1274 5738 1622 5790 satifaco-ret.
1688 5736 1887 5807 Tamen

292 5823 512 5868 certmu
551 5820 633 5862 est
663 5806 784 5863 illos
815 5809 1041 5864 clericos
1082 5810 1149 5860 ab
1194 5811 1303 5873 ipsa
1338 5809 1659 5876 Itatlegunde
1703 5806 1895 5858 missos

294 5883 498 5939 fuissc'
544 5893 708 5950 quare
755 5878 833 5933 sic
871 5893 1067 5935 censio
1108 5875 1534 5933 restituendum:
1571 5875 1895 5937 lladvunndis

1993 4773 2113 4814 cum
2158 4753 2367 4809 clericis
2414 4751 2527 4805 suis
2570 4750 2842 4804 Pictavum
2887 4749 3174 4817 accedens,
3221 4764 3337 4802 cum
3386 4749 3577 4817 grandi

1997 4898 2140 4951 beata
2186 4895 2239 4947 in
2292 4899 2459 4956 partes
2513 4888 2734 4941 Orientis
2787 4885 3001 4956 clericos
3052 4884 3441 4956 destinat,_etc.
3497 4886 3577 4942 De

1999 4974 2101 5022 hoc
2146 4952 2342 5018 videsis
2391 4960 2563 5013 Vitam
2623 4958 2790 5010 beatae
2838 4952 3177 5021 Radegundis
3222 4968 3251 5005 a
3305 4954 3573 5009 BaudOni-

1999 5041 2081 5091 via
2139 5037 2389 5097 scriptam
2443 5044 2589 5083 nuru.
2654 5027 2719 5081 18
2769 5031 2824 5078 ει
2861 5037 3013 5092 seqq.
3046 5023 3188 5077 Idem
3216 5024 3458 5097 versibus
3483 5041 3576 5079 ex.

1998 5108 2198 5177 pressit
2220 5095 2539 5177 Fortunatus
2566 5098 2615 5151 in
2645 5097 3016 5177 supplemento
3044 5109 3209 5177 carm.
3234 5095 3291 5158 2,
3324 5095 3461 5177 quod
3493 5106 3577 5155 est

1997 5164 2061 5232 ad
2092 5179 2357 5231 Ju-ttnum
2408 5172 2537 5234 imp.
2580 5179 2633 5221 et
2679 5164 2934 5236 SOpbiam
2983 5174 3292 5233 augustam;
3348 5167 3576 5236 hymnos

1998 5264 2124 5302 vero
2150 5256 2201 5299 et
2230 5245 2330 5296 alia
2374 5233 2608 5293 carmina
2641 5251 2759 5307 quae
2800 5233 2901 5290 hac
2928 5236 3210 5291 occasione
3238 5233 3451 5302 cecinit,
3484 5236 3575 5288 lia.

2000 5317 2191 5371 bentur
2221 5312 2355 5365 libro
2381 5325 2439 5363 If.

2075 5386 2092 5423 ί
2133 5382 2387 5449 Reliquiae
2414 5380 2516 5433 illa:
2539 5377 2787 5449 Turonos
2813 5374 3036 5449 delatm,
3050 5374 3360 5449 aliquandiu
3393 5375 3442 5449 i_n
3472 5388 3577 5426 mo-

2002 5454 2235 5508 nasterio
2261 5443 2494 5503 virorum
2525 5465 2553 5502 a
2585 5448 2642 5503 Β.
2669 5447 2994 5509 liadeguude
3027 5447 3096 5499 ibi
3128 5443 3367 5500 instituto
3391 5443 3577 5511 jacue.

2001 5534 2144 5590 runt,
2173 5526 2343 5576 donec
2375 5520 2587 5574 tandem
2623 5519 2868 5571 f’ictavos
2898 5517 3088 5590 delatae
3131 5521 3275 5566 sunt.
3324 5513 3449 5590 llaec
3478 5512 3575 5590 fuit

2000 5582 2213 5650 occasio
2239 5589 2808 5663 Gregorio,_._non_dum_
2830 5598 2955 5640 tunc
2998 5585 3244 5663 episcopo
3260 5622 3289 5663 ,_
3308 5582 3576 5663 condendi

2000 5664 2217 5720 oratorii
2259 5651 2470 5716 Saiictte
2506 5651 2725 5719 Crucis,
2777 5656 2845 5709 de
2892 5670 2996 5719 quo
3042 5652 3361 5706 Fortunatus
3388 5651 3479 5705 lib.
3513 5668 3576 5720 ιι,

1993 5750 2162 5791 carm.
2188 5734 2240 5786 5.
2271 5732 2405 5784 Vtile
2429 5739 2580 5782 notas
2605 5726 2851 5780 Brouveri
2885 5726 2934 5776 in
2965 5726 3061 5777 hoc
3090 5736 3323 5787 carmen,
3342 5732 3392 5777 et
3419 5723 3583 5778 vitam

1997 5814 2199 5859 sancta:
2228 5799 2565 5869 Radegnndis
2600 5812 2627 5850 a
2660 5794 2981 5849 Baudouivia
3011 5793 3288 5861 scriptam,
3321 5810 3375 5848 ιι.
3406 5795 3489 5852 ιιι.
