  <div class='ocr_page' id='page_1' title='image "/cluster/home/n/w/nwhite01/storage/ocr_20150623/71/hvd.32044054758743/267.png"; bbox 0 0 3966 6348; ppageno 0'>
   <div class='ocr_carea' id='block_1_1' title="bbox 388 479 495 536">
    <p class='ocr_par' dir='ltr' id='par_1_1' title="bbox 388 479 495 536">
     <span class='ocr_line' id='line_1_1' title="bbox 388 479 495 536; baseline 0.019 -2"><span class='ocrx_word' id='word_1_1' title='bbox 388 479 495 536; x_wconf 74' lang='grc'><strong>619</strong></span> 
     </span>
    </p>
   </div>
   <div class='ocr_carea' id='block_1_2' title="bbox 1353 435 2607 515">
    <p class='ocr_par' dir='ltr' id='par_1_2' title="bbox 1353 435 2607 515">
     <span class='ocr_line' id='line_1_2' title="bbox 1353 435 2607 515; baseline -0.018 0"><span class='ocrx_word' id='word_1_2' title='bbox 1353 458 1411 515; x_wconf 84' lang='lat' dir='ltr'><strong>S.</strong></span> <span class='ocrx_word' id='word_1_3' title='bbox 1453 448 1784 512; x_wconf 67' lang='grc' dir='ltr'><strong>ακεωιιι</strong></span> <span class='ocrx_word' id='word_1_4' title='bbox 1821 441 2131 505; x_wconf 75' lang='lat' dir='ltr'><strong>EPISCOPI</strong></span> <span class='ocrx_word' id='word_1_5' title='bbox 2172 435 2607 500; x_wconf 63' lang='lat' dir='ltr'><strong>TBRONEVSiS</strong></span> 
     </span>
    </p>
   </div>
   <div class='ocr_carea' id='block_1_3' title="bbox 3454 420 3653 487">
    <p class='ocr_par' dir='ltr' id='par_1_3' title="bbox 3454 420 3653 487">
     <span class='ocr_line' id='line_1_3' title="bbox 3454 420 3653 487; baseline 0 -11"><span class='ocrx_word' id='word_1_6' title='bbox 3454 420 3653 487; x_wconf 28' lang='grc' dir='ltr'><strong>ηεῖο</strong></span> 
     </span>
    </p>
   </div>
   <div class='ocr_carea' id='block_1_4' title="bbox 388 540 3654 662">
    <p class='ocr_par' dir='ltr' id='par_1_4' title="bbox 388 540 3654 662">
     <span class='ocr_line' id='line_1_4' title="bbox 388 540 3654 662; baseline -0.015 -16"><span class='ocrx_word' id='word_1_7' title='bbox 388 586 696 662; x_wconf 83' lang='lat' dir='ltr'><strong>psallentio,</strong></span> <span class='ocrx_word' id='word_1_8' title='bbox 724 589 782 638; x_wconf 85' lang='lat' dir='ltr'><strong>et</strong></span> <span class='ocrx_word' id='word_1_9' title='bbox 826 591 1105 639; x_wconf 82' lang='lat' dir='ltr'><strong>cercurum</strong></span> <span class='ocrx_word' id='word_1_10' title='bbox 1154 580 1467 632; x_wconf 78' lang='lat' dir='ltr'><strong>micantium</strong></span> <span class='ocrx_word' id='word_1_11' title='bbox 1507 584 1573 624; x_wconf 86' lang='lat' dir='ltr'><strong>ac</strong></span> <span class='ocrx_word' id='word_1_12' title='bbox 1618 569 1965 623; x_wconf 65' lang='lat' dir='ltr'><strong>tanntamatts</strong></span> <span class='ocrx_word' id='word_1_13' title='bbox 1993 562 2039 618; x_wconf 80' lang='grc' dir='ltr'><strong>Δ</strong></span> <span class='ocrx_word' id='word_1_14' title='bbox 2069 574 2206 615; x_wconf 86' lang='lat' dir='ltr'><strong>mus.</strong></span> <span class='ocrx_word' id='word_1_15' title='bbox 2238 556 2347 613; x_wconf 79' lang='lat' dir='ltr'><strong>Sed</strong></span> <span class='ocrx_word' id='word_1_16' title='bbox 2373 568 2654 624; x_wconf 78' lang='lat' dir='ltr'><strong>postquam</strong></span> <span class='ocrx_word' id='word_1_17' title='bbox 2696 550 2750 605; x_wconf 85' lang='lat' dir='ltr'><strong>in</strong></span> <span class='ocrx_word' id='word_1_18' title='bbox 2793 545 3179 604; x_wconf 71' lang='lat' dir='ltr'><strong>monasterium</strong></span> <span class='ocrx_word' id='word_1_19' title='bbox 3202 558 3296 614; x_wconf 87' lang='lat' dir='ltr'><strong>per</strong></span> <span class='ocrx_word' id='word_1_20' title='bbox 3324 555 3446 597; x_wconf 91' lang='lat' dir='ltr'><strong>eum</strong></span> <span class='ocrx_word' id='word_1_21' title='bbox 3476 540 3654 596; x_wconf 84' lang='lat' dir='ltr'><strong>locum</strong></span> 
     </span>
    </p>
   </div>
   <div class='ocr_carea' id='block_1_5' title="bbox 386 656 1970 749">
    <p class='ocr_par' dir='ltr' id='par_1_5' title="bbox 386 656 1970 749">
     <span class='ocr_line' id='line_1_5' title="bbox 386 656 1970 749; baseline -0.017 -14"><span class='ocrx_word' id='word_1_22' title='bbox 386 656 672 749; x_wconf 70' lang='lat' dir='ltr'><strong>apparatu,</strong></span> <span class='ocrx_word' id='word_1_23' title='bbox 720 680 907 728; x_wconf 81' lang='lat' dir='ltr'><strong>saneta</strong></span> <span class='ocrx_word' id='word_1_24' title='bbox 935 665 1175 740; x_wconf 67' lang='lat' dir='ltr'><strong>pignora,</strong></span> <span class='ocrx_word' id='word_1_25' title='bbox 1217 663 1439 719; x_wconf 75' lang='lat' dir='ltr'><strong>absente</strong></span> <span class='ocrx_word' id='word_1_26' title='bbox 1478 660 1579 715; x_wconf 89' lang='lat' dir='ltr'><strong>loci</strong></span> <span class='ocrx_word' id='word_1_27' title='bbox 1607 657 1885 729; x_wconf 74' lang='lat' dir='ltr'><strong>episoOpo,</strong></span> <span class='ocrx_word' id='word_1_28' title='bbox 1916 656 1970 709; x_wconf 78' lang='lat' dir='ltr'><strong>in</strong></span> 
     </span>
    </p>
   </div>
   <div class='ocr_carea' id='block_1_6' title="bbox 385 746 1973 826">
    <p class='ocr_par' dir='ltr' id='par_1_6' title="bbox 385 746 1973 826">
     <span class='ocr_line' id='line_1_6' title="bbox 385 746 1973 826; baseline -0.018 1"><span class='ocrx_word' id='word_1_29' title='bbox 385 746 772 826; x_wconf 79' lang='lat' dir='ltr'><strong>monasterium</strong></span> <span class='ocrx_word' id='word_1_30' title='bbox 803 762 1010 819; x_wconf 81' lang='lat' dir='ltr'><strong>detulit.</strong></span> <span class='ocrx_word' id='word_1_31' title='bbox 1040 757 1285 814; x_wconf 56' lang='lat' dir='ltr'><strong>Posthac</strong></span> <span class='ocrx_word' id='word_1_32' title='bbox 1311 767 1431 808; x_wconf 85' lang='lat' dir='ltr'><strong>cum</strong></span> <span class='ocrx_word' id='word_1_33' title='bbox 1463 749 1732 820; x_wconf 71' lang='lat' dir='ltr'><strong>pontiﬁcis</strong></span> <span class='ocrx_word' id='word_1_34' title='bbox 1762 746 1843 801; x_wconf 90' lang='lat' dir='ltr'><strong>sui</strong></span> <span class='ocrx_word' id='word_1_35' title='bbox 1870 759 1973 800; x_wconf 68' lang='grc' dir='ltr'><strong>ιωα</strong></span> 
     </span>
    </p>
   </div>
   <div class='ocr_carea' id='block_1_7' title="bbox 387 835 1972 931">
    <p class='ocr_par' dir='ltr' id='par_1_7' title="bbox 387 835 1972 931">
     <span class='ocr_line' id='line_1_7' title="bbox 387 835 1972 931; baseline -0.016 -18"><span class='ocrx_word' id='word_1_36' title='bbox 387 863 506 931; x_wconf 89' lang='lat' dir='ltr'><strong>pius</strong></span> <span class='ocrx_word' id='word_1_37' title='bbox 531 857 755 929; x_wconf 84' lang='lat' dir='ltr'><strong>gratiam</strong></span> <span class='ocrx_word' id='word_1_38' title='bbox 783 860 1068 926; x_wconf 61' lang='lat' dir='ltr'><strong>quareret,</strong></span> <span class='ocrx_word' id='word_1_39' title='bbox 1107 861 1205 903; x_wconf 86' lang='lat' dir='ltr'><strong>nec</strong></span> <span class='ocrx_word' id='word_1_40' title='bbox 1237 852 1418 916; x_wconf 89' lang='lat' dir='ltr'><strong>posset</strong></span> <span class='ocrx_word' id='word_1_41' title='bbox 1457 840 1707 910; x_wconf 80' lang='lat' dir='ltr'><strong>adipisci,</strong></span> <span class='ocrx_word' id='word_1_42' title='bbox 1733 835 1972 892; x_wconf 73' lang='lat' dir='ltr'><strong>necessi—</strong></span> 
     </span>
    </p>
   </div>
   <div class='ocr_carea' id='block_1_8' title="bbox 389 930 1971 1007">
    <p class='ocr_par' dir='ltr' id='par_1_8' title="bbox 389 930 1971 1007">
     <span class='ocr_line' id='line_1_8' title="bbox 389 930 1971 1007; baseline -0.017 -1"><span class='ocrx_word' id='word_1_43' title='bbox 389 930 505 1007; x_wconf 81' lang='lat' dir='ltr'><strong>tate</strong></span> <span class='ocrx_word' id='word_1_44' title='bbox 529 956 799 1005; x_wconf 88' lang='lat' dir='ltr'><strong>commota</strong></span> <span class='ocrx_word' id='word_1_45' title='bbox 844 959 966 999; x_wconf 86' lang='lat' dir='ltr'><strong>cum</strong></span> <span class='ocrx_word' id='word_1_46' title='bbox 1012 938 1283 995; x_wconf 77' lang='lat' dir='ltr'><strong>abbatissa</strong></span> <span class='ocrx_word' id='word_1_47' title='bbox 1321 949 1418 991; x_wconf 87' lang='lat' dir='ltr'><strong>sua</strong></span> <span class='ocrx_word' id='word_1_48' title='bbox 1445 947 1605 1003; x_wconf 81' lang='lat' dir='ltr'><strong>quam</strong></span> <span class='ocrx_word' id='word_1_49' title='bbox 1648 930 1971 993; x_wconf 84' lang='lat' dir='ltr'><strong>instituerat,</strong></span> 
     </span>
    </p>
   </div>
   <div class='ocr_carea' id='block_1_9' title="bbox 388 1022 1974 1103">
    <p class='ocr_par' dir='ltr' id='par_1_9' title="bbox 388 1022 1974 1103">
     <span class='ocr_line' id='line_1_9' title="bbox 388 1022 1974 1103; baseline -0.015 -5"><span class='ocrx_word' id='word_1_50' title='bbox 388 1044 763 1098; x_wconf 68' lang='lat' dir='ltr'><strong>Arelatensem</strong></span> <span class='ocrx_word' id='word_1_51' title='bbox 808 1037 994 1091; x_wconf 83' lang='lat' dir='ltr'><strong>urbem</strong></span> <span class='ocrx_word' id='word_1_52' title='bbox 1025 1038 1318 1103; x_wconf 82' lang='lat' dir='ltr'><strong>expetunt:</strong></span> <span class='ocrx_word' id='word_1_53' title='bbox 1354 1029 1420 1083; x_wconf 84' lang='lat' dir='ltr'><strong>de</strong></span> <span class='ocrx_word' id='word_1_54' title='bbox 1448 1041 1551 1097; x_wconf 87' lang='lat' dir='ltr'><strong>qua</strong></span> <span class='ocrx_word' id='word_1_55' title='bbox 1594 1023 1774 1094; x_wconf 86' lang='lat' dir='ltr'><strong>regula</strong></span> <span class='ocrx_word' id='word_1_56' title='bbox 1805 1022 1974 1076; x_wconf 90' lang='lat' dir='ltr'><strong>sancti</strong></span> 
     </span>
    </p>
   </div>
   <div class='ocr_carea' id='block_1_10' title="bbox 389 1112 1977 1199">
    <p class='ocr_par' dir='ltr' id='par_1_10' title="bbox 389 1112 1977 1199">
     <span class='ocr_line' id='line_1_10' title="bbox 389 1112 1977 1199; baseline -0.015 -10"><span class='ocrx_word' id='word_1_57' title='bbox 389 1132 612 1189; x_wconf 67' lang='lat' dir='ltr'><strong>Casarii</strong></span> <span class='ocrx_word' id='word_1_58' title='bbox 641 1140 799 1199; x_wconf 89' lang='lat' dir='ltr'><strong>atque</strong></span> <span class='ocrx_word' id='word_1_59' title='bbox 830 1124 1073 1182; x_wconf 64' lang='lat' dir='ltr'><strong>Cesaris:</strong></span> <span class='ocrx_word' id='word_1_60' title='bbox 1106 1124 1273 1179; x_wconf 78' lang='lat' dir='ltr'><strong>beatze</strong></span> <span class='ocrx_word' id='word_1_61' title='bbox 1301 1127 1546 1186; x_wconf 89' lang='lat' dir='ltr'><strong>suscepta</strong></span> <span class='ocrx_word' id='word_1_62' title='bbox 1568 1157 1584 1182; x_wconf 92' lang='lat'><strong>,</strong></span> <span class='ocrx_word' id='word_1_63' title='bbox 1616 1117 1756 1185; x_wconf 88' lang='lat' dir='ltr'><strong>regis</strong></span> <span class='ocrx_word' id='word_1_64' title='bbox 1784 1127 1851 1169; x_wconf 88' lang='lat' dir='ltr'><strong>se</strong></span> <span class='ocrx_word' id='word_1_65' title='bbox 1874 1112 1977 1166; x_wconf 85' lang='lat' dir='ltr'><strong>tni-</strong></span> 
     </span>
    </p>
   </div>
   <div class='ocr_carea' id='block_1_11' title="bbox 296 1204 1975 1287">
    <p class='ocr_par' dir='ltr' id='par_1_11' title="bbox 296 1204 1975 1287">
     <span class='ocr_line' id='line_1_11' title="bbox 296 1204 1975 1287; baseline -0.013 -8"><span class='ocrx_word' id='word_1_66' title='bbox 296 1212 303 1217; x_wconf 67' lang='grc'><strong>’</strong></span> <span class='ocrx_word' id='word_1_67' title='bbox 391 1225 540 1278; x_wconf 82' lang='lat' dir='ltr'><strong>tione</strong></span> <span class='ocrx_word' id='word_1_68' title='bbox 588 1218 925 1281; x_wconf 82' lang='lat' dir='ltr'><strong>munierunt,</strong></span> <span class='ocrx_word' id='word_1_69' title='bbox 954 1212 1350 1287; x_wconf 53' lang='lat' dir='ltr'><strong>assecilicet</strong></span> <span class='ocrx_word' id='word_1_70' title='bbox 1395 1209 1521 1279; x_wconf 82' lang='lat' dir='ltr'><strong>quia</strong></span> <span class='ocrx_word' id='word_1_71' title='bbox 1570 1208 1621 1262; x_wconf 90' lang='lat' dir='ltr'><strong>in</strong></span> <span class='ocrx_word' id='word_1_72' title='bbox 1669 1206 1853 1269; x_wconf 86' lang='lat' dir='ltr'><strong>illum,</strong></span> <span class='ocrx_word' id='word_1_73' title='bbox 1886 1204 1975 1275; x_wconf 87' lang='lat' dir='ltr'><strong>qui</strong></span> 
     </span>
    </p>
   </div>
   <div class='ocr_carea' id='block_1_12' title="bbox 392 1295 1978 1384">
    <p class='ocr_par' dir='ltr' id='par_1_12' title="bbox 392 1295 1978 1384">
     <span class='ocr_line' id='line_1_12' title="bbox 392 1295 1978 1384; baseline -0.012 -16"><span class='ocrx_word' id='word_1_74' title='bbox 392 1321 574 1384; x_wconf 80' lang='lat' dir='ltr'><strong>pastor</strong></span> <span class='ocrx_word' id='word_1_75' title='bbox 599 1325 719 1366; x_wconf 87' lang='lat' dir='ltr'><strong>esse</strong></span> <span class='ocrx_word' id='word_1_76' title='bbox 755 1309 1032 1370; x_wconf 89' lang='lat' dir='ltr'><strong>debuerat,</strong></span> <span class='ocrx_word' id='word_1_77' title='bbox 1068 1306 1269 1359; x_wconf 88' lang='lat' dir='ltr'><strong>nullam</strong></span> <span class='ocrx_word' id='word_1_78' title='bbox 1300 1316 1484 1357; x_wconf 84' lang='lat' dir='ltr'><strong>curam</strong></span> <span class='ocrx_word' id='word_1_79' title='bbox 1511 1295 1841 1353; x_wconf 86' lang='lat' dir='ltr'><strong>defensionis</strong></span> <span class='ocrx_word' id='word_1_80' title='bbox 1865 1309 1978 1349; x_wconf 69' lang='lat' dir='ltr'><strong>suae</strong></span> 
     </span>
    </p>
   </div>
   <div class='ocr_carea' id='block_1_13' title="bbox 392 1386 1977 1475">
    <p class='ocr_par' dir='ltr' id='par_1_13' title="bbox 392 1386 1977 1475">
     <span class='ocr_line' id='line_1_13' title="bbox 392 1386 1977 1475; baseline -0.013 -16"><span class='ocrx_word' id='word_1_81' title='bbox 392 1410 642 1475; x_wconf 85' lang='lat' dir='ltr'><strong>poterant</strong></span> <span class='ocrx_word' id='word_1_82' title='bbox 669 1400 930 1469; x_wconf 86' lang='lat' dir='ltr'><strong>reperire.</strong></span> <span class='ocrx_word' id='word_1_83' title='bbox 976 1397 1052 1450; x_wconf 76' lang='lat' dir='ltr'><strong>8x</strong></span> <span class='ocrx_word' id='word_1_84' title='bbox 1088 1396 1189 1449; x_wconf 85' lang='lat' dir='ltr'><strong>hoc</strong></span> <span class='ocrx_word' id='word_1_85' title='bbox 1217 1391 1474 1448; x_wconf 86' lang='lat' dir='ltr'><strong>scandaio</strong></span> <span class='ocrx_word' id='word_1_86' title='bbox 1515 1388 1583 1444; x_wconf 89' lang='lat' dir='ltr'><strong>de</strong></span> <span class='ocrx_word' id='word_1_87' title='bbox 1609 1388 1697 1443; x_wconf 92' lang='lat' dir='ltr'><strong>die</strong></span> <span class='ocrx_word' id='word_1_88' title='bbox 1743 1389 1795 1441; x_wconf 89' lang='lat' dir='ltr'><strong>in</strong></span> <span class='ocrx_word' id='word_1_89' title='bbox 1836 1386 1977 1440; x_wconf 83' lang='lat' dir='ltr'><strong>diem</strong></span> 
     </span>
    </p>
   </div>
   <div class='ocr_carea' id='block_1_14' title="bbox 392 1476 1981 1565">
    <p class='ocr_par' dir='ltr' id='par_1_14' title="bbox 392 1476 1981 1565">
     <span class='ocr_line' id='line_1_14' title="bbox 392 1476 1981 1565; baseline -0.012 -16"><span class='ocrx_word' id='word_1_90' title='bbox 392 1500 690 1565; x_wconf 84' lang='lat' dir='ltr'><strong>propagato</strong></span> <span class='ocrx_word' id='word_1_91' title='bbox 718 1531 732 1557; x_wconf 92' lang='lat'><strong>,</strong></span> <span class='ocrx_word' id='word_1_92' title='bbox 787 1498 999 1558; x_wconf 79' lang='lat' dir='ltr'><strong>tempus</strong></span> <span class='ocrx_word' id='word_1_93' title='bbox 1042 1482 1374 1553; x_wconf 86' lang='lat' dir='ltr'><strong>migrationis</strong></span> <span class='ocrx_word' id='word_1_94' title='bbox 1419 1481 1590 1536; x_wconf 70' lang='lat' dir='ltr'><strong>beata)</strong></span> <span class='ocrx_word' id='word_1_95' title='bbox 1642 1476 1981 1547; x_wconf 71' lang='lat' dir='ltr'><strong>Radegundis</strong></span> 
     </span>
    </p>
   </div>
   <div class='ocr_carea' id='block_1_15' title="bbox 394 1568 1980 1652">
    <p class='ocr_par' dir='ltr' id='par_1_15' title="bbox 394 1568 1980 1652">
     <span class='ocr_line' id='line_1_15' title="bbox 394 1568 1980 1652; baseline -0.012 -11"><span class='ocrx_word' id='word_1_96' title='bbox 394 1587 657 1641; x_wconf 85' lang='lat' dir='ltr'><strong>advenit:</strong></span> <span class='ocrx_word' id='word_1_97' title='bbox 688 1598 793 1652; x_wconf 76' lang='lat' dir='ltr'><strong>qua</strong></span> <span class='ocrx_word' id='word_1_98' title='bbox 818 1582 1103 1649; x_wconf 78' lang='lat' dir='ltr'><strong>migrante,</strong></span> <span class='ocrx_word' id='word_1_99' title='bbox 1151 1577 1347 1633; x_wconf 81' lang='lat' dir='ltr'><strong>iterum</strong></span> <span class='ocrx_word' id='word_1_100' title='bbox 1390 1573 1547 1643; x_wconf 84' lang='lat' dir='ltr'><strong>petiit</strong></span> <span class='ocrx_word' id='word_1_101' title='bbox 1588 1568 1879 1637; x_wconf 74' lang='lat' dir='ltr'><strong>abbatissa,</strong></span> <span class='ocrx_word' id='word_1_102' title='bbox 1922 1583 1980 1623; x_wconf 85' lang='lat' dir='ltr'><strong>se</strong></span> 
     </span>
    </p>
   </div>
   <div class='ocr_carea' id='block_1_16' title="bbox 396 1663 1980 1740">
    <p class='ocr_par' dir='ltr' id='par_1_16' title="bbox 396 1663 1980 1740">
     <span class='ocr_line' id='line_1_16' title="bbox 396 1663 1980 1740; baseline -0.009 -6"><span class='ocrx_word' id='word_1_103' title='bbox 396 1679 502 1735; x_wconf 91' lang='lat' dir='ltr'><strong>sub</strong></span> <span class='ocrx_word' id='word_1_104' title='bbox 534 1675 831 1732; x_wconf 69' lang='lat' dir='ltr'><strong>saeerdoﬂs</strong></span> <span class='ocrx_word' id='word_1_105' title='bbox 880 1673 960 1727; x_wconf 80' lang='lat' dir='ltr'><strong>sui</strong></span> <span class='ocrx_word' id='word_1_106' title='bbox 995 1678 1257 1740; x_wconf 72' lang='lat' dir='ltr'><strong>potestate</strong></span> <span class='ocrx_word' id='word_1_107' title='bbox 1282 1667 1498 1737; x_wconf 78' lang='lat' dir='ltr'><strong>degere.</strong></span> <span class='ocrx_word' id='word_1_108' title='bbox 1543 1664 1697 1733; x_wconf 80' lang='lat' dir='ltr'><strong>Quod</strong></span> <span class='ocrx_word' id='word_1_109' title='bbox 1727 1663 1819 1718; x_wconf 87' lang='lat' dir='ltr'><strong>ille</strong></span> <span class='ocrx_word' id='word_1_110' title='bbox 1856 1676 1980 1719; x_wconf 80' lang='lat' dir='ltr'><strong>cum</strong></span> 
     </span>
    </p>
   </div>
   <div class='ocr_carea' id='block_1_17' title="bbox 396 1756 1984 1843">
    <p class='ocr_par' dir='ltr' id='par_1_17' title="bbox 396 1756 1984 1843">
     <span class='ocr_line' id='line_1_17' title="bbox 396 1756 1984 1843; baseline -0.009 -18"><span class='ocrx_word' id='word_1_111' title='bbox 396 1772 630 1843; x_wconf 89' lang='lat' dir='ltr'><strong>primum</strong></span> <span class='ocrx_word' id='word_1_112' title='bbox 667 1780 918 1838; x_wconf 81' lang='lat' dir='ltr'><strong>respuere</strong></span> <span class='ocrx_word' id='word_1_113' title='bbox 946 1763 1219 1825; x_wconf 85' lang='lat' dir='ltr'><strong>voluisset,</strong></span> <span class='ocrx_word' id='word_1_114' title='bbox 1244 1760 1473 1815; x_wconf 84' lang='lat' dir='ltr'><strong>consitio</strong></span> <span class='ocrx_word' id='word_1_115' title='bbox 1497 1772 1711 1812; x_wconf 77' lang='lat' dir='ltr'><strong>suorum</strong></span> <span class='ocrx_word' id='word_1_116' title='bbox 1739 1756 1984 1827; x_wconf 82' lang='lat' dir='ltr'><strong>promisit</strong></span> 
     </span>
    </p>
   </div>
   <div class='ocr_carea' id='block_1_18' title="bbox 398 1849 1980 1933">
    <p class='ocr_par' dir='ltr' id='par_1_18' title="bbox 398 1849 1980 1933">
     <span class='ocr_line' id='line_1_18' title="bbox 398 1849 1980 1933; baseline -0.011 -14"><span class='ocrx_word' id='word_1_117' title='bbox 398 1878 462 1919; x_wconf 86' lang='lat' dir='ltr'><strong>se</strong></span> <span class='ocrx_word' id='word_1_118' title='bbox 492 1872 696 1933; x_wconf 86' lang='lat' dir='ltr'><strong>patrem</strong></span> <span class='ocrx_word' id='word_1_119' title='bbox 725 1874 932 1923; x_wconf 90' lang='lat' dir='ltr'><strong>earum,</strong></span> <span class='ocrx_word' id='word_1_120' title='bbox 978 1858 1116 1911; x_wconf 83' lang='lat' dir='ltr'><strong>sicut</strong></span> <span class='ocrx_word' id='word_1_121' title='bbox 1153 1855 1375 1924; x_wconf 87' lang='lat' dir='ltr'><strong>dignum</strong></span> <span class='ocrx_word' id='word_1_122' title='bbox 1425 1859 1561 1917; x_wconf 87' lang='lat' dir='ltr'><strong>erat,</strong></span> <span class='ocrx_word' id='word_1_123' title='bbox 1596 1850 1743 1916; x_wconf 83' lang='lat' dir='ltr'><strong>fieri,</strong></span> <span class='ocrx_word' id='word_1_124' title='bbox 1794 1857 1848 1904; x_wconf 90' lang='lat' dir='ltr'><strong>et</strong></span> <span class='ocrx_word' id='word_1_125' title='bbox 1891 1849 1980 1903; x_wconf 86' lang='lat' dir='ltr'><strong>ubi</strong></span> 
     </span>
    </p>
   </div>
   <div class='ocr_carea' id='block_1_19' title="bbox 2072 636 3655 719">
    <p class='ocr_par' dir='ltr' id='par_1_19' title="bbox 2072 636 3655 719">
     <span class='ocr_line' id='line_1_19' title="bbox 2072 636 3655 719; baseline -0.011 -12"><span class='ocrx_word' id='word_1_126' title='bbox 2072 652 2214 707; x_wconf 86' lang='lat' dir='ltr'><strong>unde</strong></span> <span class='ocrx_word' id='word_1_127' title='bbox 2238 666 2297 706; x_wconf 90' lang='lat' dir='ltr'><strong>se</strong></span> <span class='ocrx_word' id='word_1_128' title='bbox 2323 649 2748 719; x_wconf 56' lang='lat' dir='ltr'><strong>pracipitaverat</strong></span> <span class='ocrx_word' id='word_1_129' title='bbox 2785 644 2998 699; x_wconf 84' lang='lat' dir='ltr'><strong>funibus</strong></span> <span class='ocrx_word' id='word_1_130' title='bbox 3026 652 3109 696; x_wconf 87' lang='lat' dir='ltr'><strong>est</strong></span> <span class='ocrx_word' id='word_1_131' title='bbox 3135 647 3385 701; x_wconf 73' lang='lat' dir='ltr'><strong>attracta,</strong></span> <span class='ocrx_word' id='word_1_132' title='bbox 3414 636 3569 705; x_wconf 80' lang='lat' dir='ltr'><strong>petiit</strong></span> <span class='ocrx_word' id='word_1_133' title='bbox 3598 641 3655 689; x_wconf 88' lang='lat' dir='ltr'><strong>ut</strong></span> 
     </span>
    </p>
   </div>
   <div class='ocr_carea' id='block_1_20' title="bbox 2072 725 3659 799">
    <p class='ocr_par' dir='ltr' id='par_1_20' title="bbox 2072 725 3659 799">
     <span class='ocr_line' id='line_1_20' title="bbox 2072 725 3659 799; baseline -0.013 0"><span class='ocrx_word' id='word_1_134' title='bbox 2072 758 2133 799; x_wconf 87' lang='lat' dir='ltr'><strong>se</strong></span> <span class='ocrx_word' id='word_1_135' title='bbox 2174 743 2229 797; x_wconf 90' lang='lat' dir='ltr'><strong>in</strong></span> <span class='ocrx_word' id='word_1_136' title='bbox 2254 741 2501 796; x_wconf 84' lang='lat' dir='ltr'><strong>cellulam</strong></span> <span class='ocrx_word' id='word_1_137' title='bbox 2548 747 2811 795; x_wconf 78' lang='lat' dir='ltr'><strong>secretam</strong></span> <span class='ocrx_word' id='word_1_138' title='bbox 2859 733 3214 795; x_wconf 88' lang='lat' dir='ltr'><strong>reclauderet,</strong></span> <span class='ocrx_word' id='word_1_139' title='bbox 3262 729 3451 783; x_wconf 80' lang='lat' dir='ltr'><strong>dicens</strong></span> <span class='ocrx_word' id='word_1_140' title='bbox 3483 725 3659 792; x_wconf 84' lang='lat' dir='ltr'><strong>:Quia</strong></span> 
     </span>
    </p>
   </div>
   <div class='ocr_carea' id='block_1_21' title="bbox 2074 814 3663 902">
    <p class='ocr_par' dir='ltr' id='par_1_21' title="bbox 2074 814 3663 902">
     <span class='ocr_line' id='line_1_21' title="bbox 2074 814 3663 902; baseline -0.012 -15"><span class='ocrx_word' id='word_1_141' title='bbox 2074 834 2294 887; x_wconf 85' lang='lat' dir='ltr'><strong>multum</strong></span> <span class='ocrx_word' id='word_1_142' title='bbox 2335 830 2550 902; x_wconf 77' lang='lat' dir='ltr'><strong>peccavi</strong></span> <span class='ocrx_word' id='word_1_143' title='bbox 2594 828 2646 882; x_wconf 89' lang='lat' dir='ltr'><strong>in</strong></span> <span class='ocrx_word' id='word_1_144' title='bbox 2678 825 2958 881; x_wconf 88' lang='lat' dir='ltr'><strong>Dominum</strong></span> <span class='ocrx_word' id='word_1_145' title='bbox 2989 834 3041 877; x_wconf 86' lang='lat' dir='ltr'><strong>et</strong></span> <span class='ocrx_word' id='word_1_146' title='bbox 3071 822 3322 875; x_wconf 85' lang='lat' dir='ltr'><strong>dumnam</strong></span> <span class='ocrx_word' id='word_1_147' title='bbox 3353 831 3525 872; x_wconf 85' lang='lat' dir='ltr'><strong>meam</strong></span> <span class='ocrx_word' id='word_1_148' title='bbox 3558 814 3663 870; x_wconf 74' lang='lat' dir='ltr'><strong>ﬂa-</strong></span> 
     </span>
    </p>
   </div>
   <div class='ocr_carea' id='block_1_22' title="bbox 2074 909 3659 994">
    <p class='ocr_par' dir='ltr' id='par_1_22' title="bbox 2074 909 3659 994">
     <span class='ocr_line' id='line_1_22' title="bbox 2074 909 3659 994; baseline -0.011 -14"><span class='ocrx_word' id='word_1_149' title='bbox 2074 924 2395 994; x_wconf 87' lang='lat' dir='ltr'><strong>degundem,</strong></span> <span class='ocrx_word' id='word_1_150' title='bbox 2427 938 2545 992; x_wconf 72' lang='lat' dir='ltr'><strong>qua:</strong></span> <span class='ocrx_word' id='word_1_151' title='bbox 2571 920 2678 976; x_wconf 87' lang='lat' dir='ltr'><strong>iliis</strong></span> <span class='ocrx_word' id='word_1_152' title='bbox 2700 918 2890 974; x_wconf 86' lang='lat' dir='ltr'><strong>diebus</strong></span> <span class='ocrx_word' id='word_1_153' title='bbox 2915 922 3190 985; x_wconf 83' lang='lat' dir='ltr'><strong>superstes</strong></span> <span class='ocrx_word' id='word_1_154' title='bbox 3218 920 3368 975; x_wconf 74' lang='lat' dir='ltr'><strong>erat;</strong></span> <span class='ocrx_word' id='word_1_155' title='bbox 3398 909 3524 962; x_wconf 75' lang='lat' dir='ltr'><strong>velo</strong></span> <span class='ocrx_word' id='word_1_156' title='bbox 3548 922 3659 971; x_wconf 86' lang='lat' dir='ltr'><strong>me,</strong></span> 
     </span>
    </p>
   </div>
   <div class='ocr_carea' id='block_1_23' title="bbox 2075 1004 3663 1083">
    <p class='ocr_par' dir='ltr' id='par_1_23' title="bbox 2075 1004 3663 1083">
     <span class='ocr_line' id='line_1_23' title="bbox 2075 1004 3663 1083; baseline -0.012 -12"><span class='ocrx_word' id='word_1_157' title='bbox 2075 1017 2166 1081; x_wconf 91' lang='lat' dir='ltr'><strong>ait,</strong></span> <span class='ocrx_word' id='word_1_158' title='bbox 2196 1016 2265 1068; x_wconf 91' lang='lat' dir='ltr'><strong>ab</strong></span> <span class='ocrx_word' id='word_1_159' title='bbox 2293 1016 2391 1068; x_wconf 87' lang='lat' dir='ltr'><strong>hac</strong></span> <span class='ocrx_word' id='word_1_160' title='bbox 2422 1012 2715 1083; x_wconf 69' lang='lat' dir='ltr'><strong>frequentia</strong></span> <span class='ocrx_word' id='word_1_161' title='bbox 2746 1006 3173 1079; x_wconf 74' lang='lat' dir='ltr'><strong>congregationis</strong></span> <span class='ocrx_word' id='word_1_162' title='bbox 3206 1004 3369 1059; x_wconf 81' lang='lat' dir='ltr'><strong>totius</strong></span> <span class='ocrx_word' id='word_1_163' title='bbox 3389 1014 3663 1064; x_wconf 81' lang='lat' dir='ltr'><strong>amovere,</strong></span> 
     </span>
    </p>
   </div>
   <div class='ocr_carea' id='block_1_24' title="bbox 2076 1091 3665 1177">
    <p class='ocr_par' dir='ltr' id='par_1_24' title="bbox 2076 1091 3665 1177">
     <span class='ocr_line' id='line_1_24' title="bbox 2076 1091 3665 1177; baseline -0.013 -14"><span class='ocrx_word' id='word_1_164' title='bbox 2076 1117 2131 1163; x_wconf 90' lang='lat' dir='ltr'><strong>et</strong></span> <span class='ocrx_word' id='word_1_165' title='bbox 2157 1106 2527 1177; x_wconf 73' lang='lat' dir='ltr'><strong>pmniteutiam</strong></span> <span class='ocrx_word' id='word_1_166' title='bbox 2560 1121 2654 1173; x_wconf 87' lang='lat' dir='ltr'><strong>pro</strong></span> <span class='ocrx_word' id='word_1_167' title='bbox 2699 1102 2955 1171; x_wconf 80' lang='lat' dir='ltr'><strong>neglectis</strong></span> <span class='ocrx_word' id='word_1_168' title='bbox 2983 1099 3118 1154; x_wconf 87' lang='lat' dir='ltr'><strong>meis</strong></span> <span class='ocrx_word' id='word_1_169' title='bbox 3155 1109 3336 1167; x_wconf 90' lang='lat' dir='ltr'><strong>agere.</strong></span> <span class='ocrx_word' id='word_1_170' title='bbox 3370 1093 3496 1149; x_wconf 89' lang='lat' dir='ltr'><strong>Scio</strong></span> <span class='ocrx_word' id='word_1_171' title='bbox 3520 1091 3665 1145; x_wconf 85' lang='lat' dir='ltr'><strong>enim</strong></span> 
     </span>
    </p>
   </div>
   <div class='ocr_carea' id='block_1_25' title="bbox 2077 1182 3665 1269">
    <p class='ocr_par' dir='ltr' id='par_1_25' title="bbox 2077 1182 3665 1269">
     <span class='ocr_line' id='line_1_25' title="bbox 2077 1182 3665 1269; baseline -0.011 -15"><span class='ocrx_word' id='word_1_172' title='bbox 2077 1201 2199 1269; x_wconf 85' lang='lat' dir='ltr'><strong>quia</strong></span> <span class='ocrx_word' id='word_1_173' title='bbox 2225 1198 2533 1253; x_wconf 81' lang='lat' dir='ltr'><strong>misericors</strong></span> <span class='ocrx_word' id='word_1_174' title='bbox 2557 1206 2639 1251; x_wconf 87' lang='lat' dir='ltr'><strong>est</strong></span> <span class='ocrx_word' id='word_1_175' title='bbox 2661 1193 2939 1253; x_wconf 85' lang='lat' dir='ltr'><strong>Dominus.</strong></span> <span class='ocrx_word' id='word_1_176' title='bbox 2963 1199 3018 1247; x_wconf 92' lang='lat' dir='ltr'><strong>et</strong></span> <span class='ocrx_word' id='word_1_177' title='bbox 3040 1188 3263 1244; x_wconf 89' lang='lat' dir='ltr'><strong>remittit</strong></span> <span class='ocrx_word' id='word_1_178' title='bbox 3284 1182 3665 1242; x_wconf 81' lang='lat' dir='ltr'><strong>confitentibus</strong></span> 
     </span>
    </p>
   </div>
   <div class='ocr_carea' id='block_1_26' title="bbox 2078 1280 3665 1361">
    <p class='ocr_par' dir='ltr' id='par_1_26' title="bbox 2078 1280 3665 1361">
     <span class='ocr_line' id='line_1_26' title="bbox 2078 1280 3665 1361; baseline -0.01 -14"><span class='ocrx_word' id='word_1_179' title='bbox 2078 1306 2140 1347; x_wconf 87' lang='lat' dir='ltr'><strong>se</strong></span> <span class='ocrx_word' id='word_1_180' title='bbox 2172 1300 2409 1361; x_wconf 89' lang='lat' dir='ltr'><strong>peccata.</strong></span> <span class='ocrx_word' id='word_1_181' title='bbox 2440 1290 2507 1344; x_wconf 86' lang='lat' dir='ltr'><strong>Et</strong></span> <span class='ocrx_word' id='word_1_182' title='bbox 2538 1291 2773 1359; x_wconf 85' lang='lat' dir='ltr'><strong>ingressa</strong></span> <span class='ocrx_word' id='word_1_183' title='bbox 2804 1294 2889 1341; x_wconf 89' lang='lat' dir='ltr'><strong>est</strong></span> <span class='ocrx_word' id='word_1_184' title='bbox 2933 1286 2985 1339; x_wconf 93' lang='lat' dir='ltr'><strong>in</strong></span> <span class='ocrx_word' id='word_1_185' title='bbox 3025 1282 3290 1338; x_wconf 76' lang='lat' dir='ltr'><strong>cellulam.</strong></span> <span class='ocrx_word' id='word_1_186' title='bbox 3329 1280 3461 1335; x_wconf 79' lang='lat' dir='ltr'><strong>Cum</strong></span> <span class='ocrx_word' id='word_1_187' title='bbox 3490 1285 3665 1331; x_wconf 85' lang='lat' dir='ltr'><strong>autem</strong></span> 
     </span>
    </p>
   </div>
   <div class='ocr_carea' id='block_1_27' title="bbox 2080 1369 3665 1440">
    <p class='ocr_par' dir='ltr' id='par_1_27' title="bbox 2080 1369 3665 1440">
     <span class='ocr_line' id='line_1_27' title="bbox 2080 1369 3665 1440; baseline -0.011 -1"><span class='ocrx_word' id='word_1_188' title='bbox 2080 1384 2184 1438; x_wconf 87' lang='lat' dir='ltr'><strong>hoc</strong></span> <span class='ocrx_word' id='word_1_189' title='bbox 2218 1382 2526 1437; x_wconf 82' lang='lat' dir='ltr'><strong>scandalum</strong></span> <span class='ocrx_word' id='word_1_190' title='bbox 2563 1388 2889 1436; x_wconf 88' lang='lat' dir='ltr'><strong>commotum</strong></span> <span class='ocrx_word' id='word_1_191' title='bbox 2934 1377 3150 1440; x_wconf 87' lang='lat' dir='ltr'><strong>fuisset,</strong></span> <span class='ocrx_word' id='word_1_192' title='bbox 3181 1383 3237 1429; x_wconf 89' lang='lat' dir='ltr'><strong>et</strong></span> <span class='ocrx_word' id='word_1_193' title='bbox 3268 1369 3611 1426; x_wconf 85' lang='lat' dir='ltr'><strong>Chrodieldis</strong></span> <span class='ocrx_word' id='word_1_194' title='bbox 3637 1383 3665 1422; x_wconf 88' lang='lat' dir='ltr'><strong>a</strong></span> 
     </span>
    </p>
   </div>
   <div class='ocr_carea' id='block_1_28' title="bbox 2080 1466 3667 1542">
    <p class='ocr_par' dir='ltr' id='par_1_28' title="bbox 2080 1466 3667 1542">
     <span class='ocr_line' id='line_1_28' title="bbox 2080 1466 3667 1542; baseline -0.01 -11"><span class='ocrx_word' id='word_1_195' title='bbox 2080 1472 2483 1531; x_wconf 80' lang='lat' dir='ltr'><strong>Guntcliramno</strong></span> <span class='ocrx_word' id='word_1_196' title='bbox 2514 1488 2642 1541; x_wconf 86' lang='lat' dir='ltr'><strong>rege</strong></span> <span class='ocrx_word' id='word_1_197' title='bbox 2672 1486 2917 1542; x_wconf 88' lang='lat' dir='ltr'><strong>regressa</strong></span> <span class='ocrx_word' id='word_1_198' title='bbox 2948 1477 3111 1537; x_wconf 88' lang='lat' dir='ltr'><strong>esset,</strong></span> <span class='ocrx_word' id='word_1_199' title='bbox 3152 1469 3266 1522; x_wconf 73' lang='lat' dir='ltr'><strong>inec</strong></span> <span class='ocrx_word' id='word_1_200' title='bbox 3293 1466 3541 1532; x_wconf 89' lang='lat' dir='ltr'><strong>disrupto</strong></span> <span class='ocrx_word' id='word_1_201' title='bbox 3574 1476 3667 1516; x_wconf 82' lang='lat' dir='ltr'><strong>no-</strong></span> 
     </span>
    </p>
   </div>
   <div class='ocr_carea' id='block_1_29' title="bbox 2082 1555 3666 1631">
    <p class='ocr_par' dir='ltr' id='par_1_29' title="bbox 2082 1555 3666 1631">
     <span class='ocr_line' id='line_1_29' title="bbox 2082 1555 3666 1631; baseline -0.009 -8"><span class='ocrx_word' id='word_1_202' title='bbox 2082 1569 2284 1623; x_wconf 87' lang='lat' dir='ltr'><strong>cturnis</strong></span> <span class='ocrx_word' id='word_1_203' title='bbox 2312 1567 2458 1622; x_wconf 86' lang='lat' dir='ltr'><strong>horis</strong></span> <span class='ocrx_word' id='word_1_204' title='bbox 2496 1564 2703 1622; x_wconf 66' lang='lat' dir='ltr'><strong>cellulae</strong></span> <span class='ocrx_word' id='word_1_205' title='bbox 2732 1564 2873 1617; x_wconf 84' lang='lat' dir='ltr'><strong>ostio</strong></span> <span class='ocrx_word' id='word_1_206' title='bbox 2901 1575 3116 1631; x_wconf 84' lang='lat' dir='ltr'><strong>egressa</strong></span> <span class='ocrx_word' id='word_1_207' title='bbox 3148 1569 3229 1614; x_wconf 89' lang='lat' dir='ltr'><strong>est</strong></span> <span class='ocrx_word' id='word_1_208' title='bbox 3259 1574 3287 1612; x_wconf 92' lang='lat' dir='ltr'><strong>a</strong></span> <span class='ocrx_word' id='word_1_209' title='bbox 3318 1555 3666 1622; x_wconf 79' lang='lat' dir='ltr'><strong>monasterio,</strong></span> 
     </span>
    </p>
   </div>
   <div class='ocr_carea' id='block_1_30' title="bbox 2083 1648 3668 1721">
    <p class='ocr_par' dir='ltr' id='par_1_30' title="bbox 2083 1648 3668 1721">
     <span class='ocr_line' id='line_1_30' title="bbox 2083 1648 3668 1721; baseline -0.01 -7"><span class='ocrx_word' id='word_1_210' title='bbox 2083 1666 2139 1715; x_wconf 88' lang='lat' dir='ltr'><strong>et</strong></span> <span class='ocrx_word' id='word_1_211' title='bbox 2174 1657 2238 1712; x_wconf 89' lang='lat' dir='ltr'><strong>ad</strong></span> <span class='ocrx_word' id='word_1_212' title='bbox 2259 1656 2640 1713; x_wconf 81' lang='lat' dir='ltr'><strong>Cltrodieldem</strong></span> <span class='ocrx_word' id='word_1_213' title='bbox 2687 1654 2839 1719; x_wconf 86' lang='lat' dir='ltr'><strong>abiit,</strong></span> <span class='ocrx_word' id='word_1_214' title='bbox 2873 1653 3061 1716; x_wconf 72' lang='lat' dir='ltr'><strong>multa,</strong></span> <span class='ocrx_word' id='word_1_215' title='bbox 3088 1650 3226 1706; x_wconf 87' lang='lat' dir='ltr'><strong>sicut</strong></span> <span class='ocrx_word' id='word_1_216' title='bbox 3255 1650 3399 1721; x_wconf 74' lang='lat' dir='ltr'><strong>p;ius</strong></span> <span class='ocrx_word' id='word_1_217' title='bbox 3451 1648 3668 1712; x_wconf 86' lang='lat' dir='ltr'><strong>fecerat,</strong></span> 
     </span>
    </p>
   </div>
   <div class='ocr_carea' id='block_1_31' title="bbox 2083 1750 3098 1818">
    <p class='ocr_par' dir='ltr' id='par_1_31' title="bbox 2083 1750 3098 1818">
     <span class='ocr_line' id='line_1_31' title="bbox 2083 1750 3098 1818; baseline -0.01 -10"><span class='ocrx_word' id='word_1_218' title='bbox 2083 1754 2306 1809; x_wconf 83' lang='lat' dir='ltr'><strong>cr&#39;mina</strong></span> <span class='ocrx_word' id='word_1_219' title='bbox 2333 1753 2400 1807; x_wconf 90' lang='lat' dir='ltr'><strong>de</strong></span> <span class='ocrx_word' id='word_1_220' title='bbox 2422 1750 2690 1806; x_wconf 86' lang='lat' dir='ltr'><strong>abbatissa</strong></span> <span class='ocrx_word' id='word_1_221' title='bbox 2724 1758 3098 1818; x_wconf 88' lang='lat' dir='ltr'><strong>prorumpens.</strong></span> 
     </span>
    </p>
   </div>
   <div class='ocr_carea' id='block_1_32' title="bbox 2157 1833 3671 1908">
    <p class='ocr_par' dir='ltr' id='par_1_32' title="bbox 2157 1833 3671 1908">
     <span class='ocr_line' id='line_1_32' title="bbox 2157 1833 3671 1908; baseline -0.009 -8"><span class='ocrx_word' id='word_1_222' title='bbox 2157 1844 2291 1900; x_wconf 76' lang='lat' dir='ltr'><strong>XLI.</strong></span> <span class='ocrx_word' id='word_1_223' title='bbox 2345 1844 2478 1898; x_wconf 88' lang='lat' dir='ltr'><strong>Dum</strong></span> <span class='ocrx_word' id='word_1_224' title='bbox 2534 1851 2709 1898; x_wconf 87' lang='lat' dir='ltr'><strong>autem</strong></span> <span class='ocrx_word' id='word_1_225' title='bbox 2759 1843 2874 1895; x_wconf 72' lang='lat' dir='ltr'><strong>[nec</strong></span> <span class='ocrx_word' id='word_1_226' title='bbox 2916 1847 3240 1908; x_wconf 77' lang='lat' dir='ltr'><strong>agerentur,</strong></span> <span class='ocrx_word' id='word_1_227' title='bbox 3287 1833 3671 1903; x_wconf 79' lang='lat' dir='ltr'><strong>Gundcgtsilus</strong></span> 
     </span>
    </p>
   </div>
   <div class='ocr_carea' id='block_1_33' title="bbox 399 1925 3667 2016">
    <p class='ocr_par' dir='ltr' id='par_1_33' title="bbox 399 1925 3667 2016">
     <span class='ocr_line' id='line_1_33' title="bbox 399 1925 3667 2016; baseline -0.011 -5"><span class='ocrx_word' id='word_1_228' title='bbox 399 1925 693 2010; x_wconf 67' lang='lat' dir='ltr'><strong>necessitas</strong></span> <span class='ocrx_word' id='word_1_229' title='bbox 723 1951 928 2015; x_wconf 75' lang='lat' dir='ltr'><strong>fuisset,</strong></span> <span class='ocrx_word' id='word_1_230' title='bbox 959 1962 1109 2002; x_wconf 84' lang='lat' dir='ltr'><strong>suam</strong></span> <span class='ocrx_word' id='word_1_231' title='bbox 1142 1945 1384 2016; x_wconf 64' lang='lat' dir='ltr'><strong>praebere</strong></span> <span class='ocrx_word' id='word_1_232' title='bbox 1413 1941 1799 1997; x_wconf 79' lang='lat' dir='ltr'><strong>defensionem.</strong></span> <span class='ocrx_word' id='word_1_233' title='bbox 1834 1938 1985 1995; x_wconf 86' lang='lat' dir='ltr'><strong>Unde</strong></span> <span class='ocrx_word' id='word_1_234' title='bbox 2015 1942 2063 2002; x_wconf 82' lang='grc' dir='ltr'><strong>Β</strong></span> <span class='ocrx_word' id='word_1_235' title='bbox 2092 1933 2521 2002; x_wconf 65' lang='lat' dir='ltr'><strong>Burdegalensis,</strong></span> <span class='ocrx_word' id='word_1_236' title='bbox 2545 1930 2813 2002; x_wconf 87' lang='lat' dir='ltr'><strong>adjunctis</strong></span> <span class='ocrx_word' id='word_1_237' title='bbox 2834 1944 3016 1985; x_wconf 88' lang='lat' dir='ltr'><strong>sccum</strong></span> <span class='ocrx_word' id='word_1_238' title='bbox 3040 1927 3253 1983; x_wconf 79' lang='lat' dir='ltr'><strong>Nicasio</strong></span> <span class='ocrx_word' id='word_1_239' title='bbox 3272 1925 3624 1994; x_wconf 82' lang='lat' dir='ltr'><strong>Egolismensi</strong></span> <span class='ocrx_word' id='word_1_240' title='bbox 3647 1933 3667 1961; x_wconf 72' lang='grc' dir='ltr'><strong><em>ο</em></strong></span> 
     </span>
    </p>
   </div>
   <div class='ocr_carea' id='block_1_34' title="bbox 402 2035 1990 2104">
    <p class='ocr_par' dir='ltr' id='par_1_34' title="bbox 402 2035 1990 2104">
     <span class='ocr_line' id='line_1_34' title="bbox 402 2035 1990 2104; baseline -0.01 -5"><span class='ocrx_word' id='word_1_241' title='bbox 402 2045 606 2099; x_wconf 85' lang='lat' dir='ltr'><strong>factum</strong></span> <span class='ocrx_word' id='word_1_242' title='bbox 637 2052 722 2097; x_wconf 89' lang='lat' dir='ltr'><strong>est</strong></span> <span class='ocrx_word' id='word_1_243' title='bbox 749 2051 806 2096; x_wconf 91' lang='lat' dir='ltr'><strong>ut</strong></span> <span class='ocrx_word' id='word_1_244' title='bbox 837 2039 1022 2095; x_wconf 89' lang='lat' dir='ltr'><strong>abiens</strong></span> <span class='ocrx_word' id='word_1_245' title='bbox 1050 2037 1116 2091; x_wconf 88' lang='lat' dir='ltr'><strong>ad</strong></span> <span class='ocrx_word' id='word_1_246' title='bbox 1145 2035 1541 2090; x_wconf 83' lang='lat' dir='ltr'><strong>Childebertum</strong></span> <span class='ocrx_word' id='word_1_247' title='bbox 1575 2046 1755 2104; x_wconf 81' lang='lat' dir='ltr'><strong>regem</strong></span> <span class='ocrx_word' id='word_1_248' title='bbox 1787 2044 1990 2102; x_wconf 53' lang='lat' dir='ltr'><strong>prince.</strong></span> 
     </span>
    </p>
   </div>
   <div class='ocr_carea' id='block_1_35' title="bbox 401 2121 1987 2209">
    <p class='ocr_par' dir='ltr' id='par_1_35' title="bbox 401 2121 1987 2209">
     <span class='ocr_line' id='line_1_35' title="bbox 401 2121 1987 2209; baseline -0.012 -16"><span class='ocrx_word' id='word_1_249' title='bbox 401 2138 639 2209; x_wconf 89' lang='lat' dir='ltr'><strong>ptionem</strong></span> <span class='ocrx_word' id='word_1_250' title='bbox 668 2134 919 2200; x_wconf 86' lang='lat' dir='ltr'><strong>eliceret,</strong></span> <span class='ocrx_word' id='word_1_251' title='bbox 949 2140 1007 2184; x_wconf 91' lang='lat' dir='ltr'><strong>ut</strong></span> <span class='ocrx_word' id='word_1_252' title='bbox 1034 2130 1085 2184; x_wconf 86' lang='lat' dir='ltr'><strong>ei</strong></span> <span class='ocrx_word' id='word_1_253' title='bbox 1116 2129 1218 2184; x_wconf 88' lang='lat' dir='ltr'><strong>hoc</strong></span> <span class='ocrx_word' id='word_1_254' title='bbox 1244 2126 1628 2182; x_wconf 84' lang='lat' dir='ltr'><strong>monasterium</strong></span> <span class='ocrx_word' id='word_1_255' title='bbox 1649 2165 1666 2190; x_wconf 93' lang='lat'><strong>,</strong></span> <span class='ocrx_word' id='word_1_256' title='bbox 1696 2123 1835 2178; x_wconf 86' lang='lat' dir='ltr'><strong>sicut</strong></span> <span class='ocrx_word' id='word_1_257' title='bbox 1860 2121 1987 2177; x_wconf 58' lang='lat' dir='ltr'><strong>reti”-</strong></span> 
     </span>
    </p>
   </div>
   <div class='ocr_carea' id='block_1_36' title="bbox 404 2212 1991 2299">
    <p class='ocr_par' dir='ltr' id='par_1_36' title="bbox 404 2212 1991 2299">
     <span class='ocr_line' id='line_1_36' title="bbox 404 2212 1991 2299; baseline -0.009 -15"><span class='ocrx_word' id='word_1_258' title='bbox 404 2245 536 2299; x_wconf 87' lang='lat' dir='ltr'><strong>quas</strong></span> <span class='ocrx_word' id='word_1_259' title='bbox 566 2227 869 2297; x_wconf 79' lang='lat' dir='ltr'><strong>parochias,</strong></span> <span class='ocrx_word' id='word_1_260' title='bbox 901 2222 1215 2294; x_wconf 78' lang='lat' dir='ltr'><strong>regulariter</strong></span> <span class='ocrx_word' id='word_1_261' title='bbox 1259 2221 1418 2275; x_wconf 77' lang='lat' dir='ltr'><strong>liceat</strong></span> <span class='ocrx_word' id='word_1_262' title='bbox 1445 2218 1750 2287; x_wconf 79' lang='lat' dir='ltr'><strong>gubernare</strong></span> <span class='ocrx_word' id='word_1_263' title='bbox 1780 2224 1828 2269; x_wconf 78' lang='grc'><strong>⁸.</strong></span> <span class='ocrx_word' id='word_1_264' title='bbox 1884 2212 1991 2270; x_wconf 88' lang='lat' dir='ltr'><strong>Sed</strong></span> 
     </span>
    </p>
   </div>
   <div class='ocr_carea' id='block_1_37' title="bbox 407 2305 1991 2388">
    <p class='ocr_par' dir='ltr' id='par_1_37' title="bbox 407 2305 1991 2388">
     <span class='ocr_line' id='line_1_37' title="bbox 407 2305 1991 2388; baseline -0.011 -12"><span class='ocrx_word' id='word_1_265' title='bbox 407 2324 593 2376; x_wconf 89' lang='lat' dir='ltr'><strong>nescio</strong></span> <span class='ocrx_word' id='word_1_266' title='bbox 618 2319 771 2388; x_wconf 86' lang='lat' dir='ltr'><strong>quid,</strong></span> <span class='ocrx_word' id='word_1_267' title='bbox 808 2315 999 2377; x_wconf 85' lang='lat' dir='ltr'><strong>credo.</strong></span> <span class='ocrx_word' id='word_1_268' title='bbox 1044 2314 1221 2368; x_wconf 87' lang='lat' dir='ltr'><strong>adhuc</strong></span> <span class='ocrx_word' id='word_1_269' title='bbox 1247 2311 1299 2365; x_wconf 91' lang='lat' dir='ltr'><strong>in</strong></span> <span class='ocrx_word' id='word_1_270' title='bbox 1331 2311 1447 2379; x_wconf 86' lang='lat' dir='ltr'><strong>ejus</strong></span> <span class='ocrx_word' id='word_1_271' title='bbox 1474 2307 1669 2362; x_wconf 89' lang='lat' dir='ltr'><strong>animis</strong></span> <span class='ocrx_word' id='word_1_272' title='bbox 1700 2305 1991 2371; x_wconf 83' lang='lat' dir='ltr'><strong>residebat,</strong></span> 
     </span>
    </p>
   </div>
   <div class='ocr_carea' id='block_1_38' title="bbox 406 2397 1991 2479">
    <p class='ocr_par' dir='ltr' id='par_1_38' title="bbox 406 2397 1991 2479">
     <span class='ocr_line' id='line_1_38' title="bbox 406 2397 1991 2479; baseline -0.011 -13"><span class='ocrx_word' id='word_1_273' title='bbox 406 2422 467 2466; x_wconf 90' lang='lat' dir='ltr'><strong>nt</strong></span> <span class='ocrx_word' id='word_1_274' title='bbox 505 2412 586 2465; x_wconf 72' lang='lat' dir='ltr'><strong>lue</strong></span> <span class='ocrx_word' id='word_1_275' title='bbox 627 2410 817 2479; x_wconf 84' lang='lat' dir='ltr'><strong>puellae</strong></span> <span class='ocrx_word' id='word_1_276' title='bbox 863 2412 1130 2471; x_wconf 79' lang='lat' dir='ltr'><strong>asserunt,</strong></span> <span class='ocrx_word' id='word_1_277' title='bbox 1180 2402 1321 2472; x_wconf 83' lang='lat' dir='ltr'><strong>quod</strong></span> <span class='ocrx_word' id='word_1_278' title='bbox 1370 2410 1610 2453; x_wconf 80' lang='lat' dir='ltr'><strong>moveret</strong></span> <span class='ocrx_word' id='word_1_279' title='bbox 1657 2397 1991 2453; x_wconf 88' lang='lat' dir='ltr'><strong>scandalum.</strong></span> 
     </span>
    </p>
   </div>
   <div class='ocr_carea' id='block_1_39' title="bbox 407 2491 1994 2563">
    <p class='ocr_par' dir='ltr' id='par_1_39' title="bbox 407 2491 1994 2563">
     <span class='ocr_line' id='line_1_39' title="bbox 407 2491 1994 2563; baseline -0.009 -6"><span class='ocrx_word' id='word_1_280' title='bbox 407 2503 504 2557; x_wconf 83' lang='lat' dir='ltr'><strong>llis</strong></span> <span class='ocrx_word' id='word_1_281' title='bbox 552 2516 678 2556; x_wconf 87' lang='lat' dir='ltr'><strong>vero</strong></span> <span class='ocrx_word' id='word_1_282' title='bbox 708 2496 1140 2558; x_wconf 86' lang='lat' dir='ltr'><strong>intendentibus,</strong></span> <span class='ocrx_word' id='word_1_283' title='bbox 1182 2504 1240 2549; x_wconf 90' lang='lat' dir='ltr'><strong>ut</strong></span> <span class='ocrx_word' id='word_1_284' title='bbox 1276 2494 1340 2548; x_wconf 89' lang='lat' dir='ltr'><strong>ad</strong></span> <span class='ocrx_word' id='word_1_285' title='bbox 1369 2495 1531 2563; x_wconf 87' lang='lat' dir='ltr'><strong>regis,</strong></span> <span class='ocrx_word' id='word_1_286' title='bbox 1563 2492 1703 2548; x_wconf 86' lang='lat' dir='ltr'><strong>sicut</strong></span> <span class='ocrx_word' id='word_1_287' title='bbox 1741 2491 1994 2555; x_wconf 82' lang='lat' dir='ltr'><strong>diximus,</strong></span> 
     </span>
    </p>
   </div>
   <div class='ocr_carea' id='block_1_40' title="bbox 409 2579 2041 2663">
    <p class='ocr_par' dir='ltr' id='par_1_40' title="bbox 409 2579 2041 2663">
     <span class='ocr_line' id='line_1_40' title="bbox 409 2579 2041 2663; baseline -0.009 -16"><span class='ocrx_word' id='word_1_288' title='bbox 409 2591 750 2663; x_wconf 71' lang='lat' dir='ltr'><strong>praesentiam</strong></span> <span class='ocrx_word' id='word_1_289' title='bbox 783 2594 1151 2657; x_wconf 87' lang='lat' dir='ltr'><strong>properarent,</strong></span> <span class='ocrx_word' id='word_1_290' title='bbox 1176 2585 1425 2641; x_wconf 82' lang='lat' dir='ltr'><strong>dedimus</strong></span> <span class='ocrx_word' id='word_1_291' title='bbox 1453 2587 1532 2639; x_wconf 83' lang='lat' dir='ltr'><strong>eis</strong></span> <span class='ocrx_word' id='word_1_292' title='bbox 1578 2582 1881 2645; x_wconf 84' lang='lat' dir='ltr'><strong>consilium,</strong></span> <span class='ocrx_word' id='word_1_293' title='bbox 1913 2579 1997 2633; x_wconf 90' lang='lat' dir='ltr'><strong>di—</strong></span> <span class='ocrx_word' id='word_1_294' title='bbox 2038 2620 2041 2621; x_wconf 44' lang='grc' dir='ltr'><em>ν</em></span> 
     </span>
    </p>
   </div>
   <div class='ocr_carea' id='block_1_41' title="bbox 408 2667 1997 2739">
    <p class='ocr_par' dir='ltr' id='par_1_41' title="bbox 408 2667 1997 2739">
     <span class='ocr_line' id='line_1_41' title="bbox 408 2667 1997 2739; baseline -0.011 0"><span class='ocrx_word' id='word_1_295' title='bbox 408 2696 636 2739; x_wconf 89' lang='lat' dir='ltr'><strong>centes:</strong></span> <span class='ocrx_word' id='word_1_296' title='bbox 667 2678 946 2735; x_wconf 82' lang='lat' dir='ltr'><strong>intenditis</strong></span> <span class='ocrx_word' id='word_1_297' title='bbox 996 2684 1182 2732; x_wconf 88' lang='lat' dir='ltr'><strong>contra</strong></span> <span class='ocrx_word' id='word_1_298' title='bbox 1232 2675 1514 2736; x_wconf 87' lang='lat' dir='ltr'><strong>rationem,</strong></span> <span class='ocrx_word' id='word_1_299' title='bbox 1548 2679 1602 2725; x_wconf 89' lang='lat' dir='ltr'><strong>ct</strong></span> <span class='ocrx_word' id='word_1_300' title='bbox 1643 2668 1791 2724; x_wconf 77' lang='lat' dir='ltr'><strong>nullo</strong></span> <span class='ocrx_word' id='word_1_301' title='bbox 1838 2667 1997 2722; x_wconf 89' lang='lat' dir='ltr'><strong>modo</strong></span> 
     </span>
    </p>
   </div>
   <div class='ocr_carea' id='block_1_42' title="bbox 408 2760 1999 2837">
    <p class='ocr_par' dir='ltr' id='par_1_42' title="bbox 408 2760 1999 2837">
     <span class='ocr_line' id='line_1_42' title="bbox 408 2760 1999 2837; baseline -0.013 -6"><span class='ocrx_word' id='word_1_302' title='bbox 408 2776 563 2831; x_wconf 77' lang='lat' dir='ltr'><strong>vobis</strong></span> <span class='ocrx_word' id='word_1_303' title='bbox 591 2789 653 2829; x_wconf 88' lang='lat' dir='ltr'><strong>ea</strong></span> <span class='ocrx_word' id='word_1_304' title='bbox 682 2772 852 2835; x_wconf 84' lang='lat' dir='ltr'><strong>series</strong></span> <span class='ocrx_word' id='word_1_305' title='bbox 902 2767 1065 2824; x_wconf 85' lang='lat' dir='ltr'><strong>inseri</strong></span> <span class='ocrx_word' id='word_1_306' title='bbox 1097 2772 1296 2837; x_wconf 87' lang='lat' dir='ltr'><strong>potest,</strong></span> <span class='ocrx_word' id='word_1_307' title='bbox 1325 2760 1444 2833; x_wconf 77' lang='lat' dir='ltr'><strong>qua:</strong></span> <span class='ocrx_word' id='word_1_308' title='bbox 1471 2760 1861 2831; x_wconf 85' lang='lat' dir='ltr'><strong>blasphemium</strong></span> <span class='ocrx_word' id='word_1_309' title='bbox 1910 2773 1999 2812; x_wconf 88' lang='lat' dir='ltr'><strong>ar-</strong></span> 
     </span>
    </p>
   </div>
   <div class='ocr_carea' id='block_1_43' title="bbox 408 2851 1999 2928">
    <p class='ocr_par' dir='ltr' id='par_1_43' title="bbox 408 2851 1999 2928">
     <span class='ocr_line' id='line_1_43' title="bbox 408 2851 1999 2928; baseline -0.011 -5"><span class='ocrx_word' id='word_1_310' title='bbox 408 2875 547 2923; x_wconf 89' lang='lat' dir='ltr'><strong>ceat.</strong></span> <span class='ocrx_word' id='word_1_311' title='bbox 570 2863 675 2920; x_wconf 88' lang='lat' dir='ltr'><strong>Sed</strong></span> <span class='ocrx_word' id='word_1_312' title='bbox 700 2862 765 2928; x_wconf 87' lang='lat' dir='ltr'><strong>si,</strong></span> <span class='ocrx_word' id='word_1_313' title='bbox 797 2874 852 2916; x_wconf 85' lang='lat' dir='ltr'><strong>ut</strong></span> <span class='ocrx_word' id='word_1_314' title='bbox 877 2859 1133 2923; x_wconf 80' lang='lat' dir='ltr'><strong>diximus,</strong></span> <span class='ocrx_word' id='word_1_315' title='bbox 1156 2859 1418 2912; x_wconf 90' lang='lat' dir='ltr'><strong>rationem</strong></span> <span class='ocrx_word' id='word_1_316' title='bbox 1447 2851 1872 2924; x_wconf 74' lang='lat' dir='ltr'><strong>prtetermittitis,</strong></span> <span class='ocrx_word' id='word_1_317' title='bbox 1900 2864 1999 2906; x_wconf 90' lang='lat' dir='ltr'><strong>nec</strong></span> 
     </span>
    </p>
   </div>
   <div class='ocr_carea' id='block_1_44' title="bbox 411 2942 1999 3015">
    <p class='ocr_par' dir='ltr' id='par_1_44' title="bbox 411 2942 1999 3015">
     <span class='ocr_line' id='line_1_44' title="bbox 411 2942 1999 3015; baseline -0.01 -3"><span class='ocrx_word' id='word_1_318' title='bbox 411 2957 625 3012; x_wconf 82' lang='lat' dir='ltr'><strong>salubre</strong></span> <span class='ocrx_word' id='word_1_319' title='bbox 671 2951 948 3008; x_wconf 88' lang='lat' dir='ltr'><strong>consilium</strong></span> <span class='ocrx_word' id='word_1_320' title='bbox 994 2948 1153 3004; x_wconf 80' lang='lat' dir='ltr'><strong>vultis</strong></span> <span class='ocrx_word' id='word_1_321' title='bbox 1197 2946 1461 3015; x_wconf 87' lang='lat' dir='ltr'><strong>accipere,</strong></span> <span class='ocrx_word' id='word_1_322' title='bbox 1502 2945 1589 2999; x_wconf 84' lang='lat' dir='ltr'><strong>vei</strong></span> <span class='ocrx_word' id='word_1_323' title='bbox 1617 2945 1719 2999; x_wconf 84' lang='lat' dir='ltr'><strong>hoc</strong></span> <span class='ocrx_word' id='word_1_324' title='bbox 1748 2942 1999 3012; x_wconf 82' lang='lat' dir='ltr'><strong>conjicite</strong></span> 
     </span>
    </p>
   </div>
   <div class='ocr_carea' id='block_1_45' title="bbox 411 3032 2000 3107">
    <p class='ocr_par' dir='ltr' id='par_1_45' title="bbox 411 3032 2000 3107">
     <span class='ocr_line' id='line_1_45' title="bbox 411 3032 2000 3107; baseline -0.01 -7"><span class='ocrx_word' id='word_1_325' title='bbox 411 3045 467 3100; x_wconf 84' lang='lat' dir='ltr'><strong>in</strong></span> <span class='ocrx_word' id='word_1_326' title='bbox 497 3043 687 3098; x_wconf 88' lang='lat' dir='ltr'><strong>animis</strong></span> <span class='ocrx_word' id='word_1_327' title='bbox 731 3040 949 3106; x_wconf 84' lang='lat' dir='ltr'><strong>vestris,</strong></span> <span class='ocrx_word' id='word_1_328' title='bbox 981 3049 1041 3093; x_wconf 90' lang='lat' dir='ltr'><strong>ut</strong></span> <span class='ocrx_word' id='word_1_329' title='bbox 1081 3037 1352 3107; x_wconf 61' lang='lat' dir='ltr'><strong>praeterito</strong></span> <span class='ocrx_word' id='word_1_330' title='bbox 1400 3032 1609 3089; x_wconf 70' lang='lat' dir='ltr'><strong>hiberni</strong></span> <span class='ocrx_word' id='word_1_331' title='bbox 1659 3032 1818 3102; x_wconf 64' lang='lat' dir='ltr'><strong>liuius</strong></span> <span class='ocrx_word' id='word_1_332' title='bbox 1862 3041 2000 3085; x_wconf 84' lang='lat' dir='ltr'><strong>tem-</strong></span> 
     </span>
    </p>
   </div>
   <div class='ocr_carea' id='block_1_46' title="bbox 411 3126 1998 3207">
    <p class='ocr_par' dir='ltr' id='par_1_46' title="bbox 411 3126 1998 3207">
     <span class='ocr_line' id='line_1_46' title="bbox 411 3126 1998 3207; baseline -0.011 -15"><span class='ocrx_word' id='word_1_333' title='bbox 411 3152 563 3207; x_wconf 87' lang='lat' dir='ltr'><strong>pore,</strong></span> <span class='ocrx_word' id='word_1_334' title='bbox 610 3133 749 3204; x_wconf 88' lang='lat' dir='ltr'><strong>quod</strong></span> <span class='ocrx_word' id='word_1_335' title='bbox 797 3133 848 3186; x_wconf 92' lang='lat' dir='ltr'><strong>in</strong></span> <span class='ocrx_word' id='word_1_336' title='bbox 891 3132 991 3185; x_wconf 84' lang='lat' dir='ltr'><strong>hoc</strong></span> <span class='ocrx_word' id='word_1_337' title='bbox 1026 3142 1192 3183; x_wconf 87' lang='lat' dir='ltr'><strong>verno</strong></span> <span class='ocrx_word' id='word_1_338' title='bbox 1220 3126 1469 3193; x_wconf 85' lang='lat' dir='ltr'><strong>accessit,</strong></span> <span class='ocrx_word' id='word_1_339' title='bbox 1500 3140 1622 3181; x_wconf 85' lang='lat' dir='ltr'><strong>cum</strong></span> <span class='ocrx_word' id='word_1_340' title='bbox 1671 3139 1816 3178; x_wconf 76' lang='lat' dir='ltr'><strong>aurae</strong></span> <span class='ocrx_word' id='word_1_341' title='bbox 1845 3137 1998 3177; x_wconf 88' lang='lat' dir='ltr'><strong>com-</strong></span> 
     </span>
    </p>
   </div>
   <div class='ocr_carea' id='block_1_47' title="bbox 410 3217 1997 3288">
    <p class='ocr_par' dir='ltr' id='par_1_47' title="bbox 410 3217 1997 3288">
     <span class='ocr_line' id='line_1_47' title="bbox 410 3217 1997 3288; baseline -0.011 -5"><span class='ocrx_word' id='word_1_342' title='bbox 410 3228 683 3283; x_wconf 85' lang='lat' dir='ltr'><strong>modiores</strong></span> <span class='ocrx_word' id='word_1_343' title='bbox 728 3224 944 3287; x_wconf 86' lang='lat' dir='ltr'><strong>fuerint,</strong></span> <span class='ocrx_word' id='word_1_344' title='bbox 991 3234 1099 3288; x_wconf 87' lang='lat' dir='ltr'><strong>quo</strong></span> <span class='ocrx_word' id='word_1_345' title='bbox 1140 3218 1283 3274; x_wconf 91' lang='lat' dir='ltr'><strong>ducit</strong></span> <span class='ocrx_word' id='word_1_346' title='bbox 1326 3217 1590 3283; x_wconf 77' lang='lat' dir='ltr'><strong>voluntas,</strong></span> <span class='ocrx_word' id='word_1_347' title='bbox 1639 3227 1859 3285; x_wconf 77' lang='lat' dir='ltr'><strong>pergere</strong></span> <span class='ocrx_word' id='word_1_348' title='bbox 1903 3227 1997 3266; x_wconf 57' lang='lat' dir='ltr'><strong>va.</strong></span> 
     </span>
    </p>
   </div>
   <div class='ocr_carea' id='block_1_48' title="bbox 2093 2013 3673 2091">
    <p class='ocr_par' dir='ltr' id='par_1_48' title="bbox 2093 2013 3673 2091">
     <span class='ocr_line' id='line_1_48' title="bbox 2093 2013 3673 2091; baseline -0.011 -7"><span class='ocrx_word' id='word_1_349' title='bbox 2093 2036 2149 2084; x_wconf 89' lang='lat' dir='ltr'><strong>et</strong></span> <span class='ocrx_word' id='word_1_350' title='bbox 2175 2023 2407 2083; x_wconf 73' lang='lat' dir='ltr'><strong>Saflario</strong></span> <span class='ocrx_word' id='word_1_351' title='bbox 2442 2024 2810 2091; x_wconf 85' lang='lat' dir='ltr'><strong>Petragorico,</strong></span> <span class='ocrx_word' id='word_1_352' title='bbox 2849 2036 2912 2074; x_wconf 91' lang='lat' dir='ltr'><strong>ac</strong></span> <span class='ocrx_word' id='word_1_353' title='bbox 2951 2021 3067 2089; x_wconf 87' lang='lat' dir='ltr'><strong>ipso</strong></span> <span class='ocrx_word' id='word_1_354' title='bbox 3104 2018 3349 2072; x_wconf 85' lang='lat' dir='ltr'><strong>Maroveo</strong></span> <span class='ocrx_word' id='word_1_355' title='bbox 3380 2013 3673 2069; x_wconf 88' lang='lat' dir='ltr'><strong>Pictavensi</strong></span> 
     </span>
    </p>
   </div>
   <div class='ocr_carea' id='block_1_49' title="bbox 2092 2101 3673 2185">
    <p class='ocr_par' dir='ltr' id='par_1_49' title="bbox 2092 2101 3673 2185">
     <span class='ocr_line' id='line_1_49' title="bbox 2092 2101 3673 2185; baseline -0.009 -15"><span class='ocrx_word' id='word_1_356' title='bbox 2092 2114 2384 2185; x_wconf 80' lang='lat' dir='ltr'><strong>episconis,</strong></span> <span class='ocrx_word' id='word_1_357' title='bbox 2415 2128 2482 2167; x_wconf 90' lang='lat' dir='ltr'><strong>eo</strong></span> <span class='ocrx_word' id='word_1_358' title='bbox 2511 2111 2652 2181; x_wconf 88' lang='lat' dir='ltr'><strong>quod</strong></span> <span class='ocrx_word' id='word_1_359' title='bbox 2697 2109 2854 2180; x_wconf 82' lang='lat' dir='ltr'><strong>hujus</strong></span> <span class='ocrx_word' id='word_1_360' title='bbox 2884 2107 3033 2163; x_wconf 88' lang='lat' dir='ltr'><strong>urbis</strong></span> <span class='ocrx_word' id='word_1_361' title='bbox 3060 2104 3371 2174; x_wconf 81' lang='lat' dir='ltr'><strong>metrOpulis</strong></span> <span class='ocrx_word' id='word_1_362' title='bbox 3408 2112 3573 2171; x_wconf 87' lang='lat' dir='ltr'><strong>esset,</strong></span> <span class='ocrx_word' id='word_1_363' title='bbox 3608 2101 3673 2156; x_wconf 89' lang='lat' dir='ltr'><strong>ad</strong></span> 
     </span>
    </p>
   </div>
   <div class='ocr_carea' id='block_1_50' title="bbox 2092 2194 3673 2269">
    <p class='ocr_par' dir='ltr' id='par_1_50' title="bbox 2092 2194 3673 2269">
     <span class='ocr_line' id='line_1_50' title="bbox 2092 2194 3673 2269; baseline -0.008 -9"><span class='ocrx_word' id='word_1_364' title='bbox 2092 2206 2371 2261; x_wconf 86' lang='lat' dir='ltr'><strong>basilicam</strong></span> <span class='ocrx_word' id='word_1_365' title='bbox 2396 2204 2566 2258; x_wconf 81' lang='lat' dir='ltr'><strong>sancti</strong></span> <span class='ocrx_word' id='word_1_366' title='bbox 2600 2201 2790 2257; x_wconf 78' lang='lat' dir='ltr'><strong>Hilarii</strong></span> <span class='ocrx_word' id='word_1_367' title='bbox 2820 2200 3056 2265; x_wconf 82' lang='lat' dir='ltr'><strong>advenit,</strong></span> <span class='ocrx_word' id='word_1_368' title='bbox 3088 2212 3314 2269; x_wconf 89' lang='lat' dir='ltr'><strong>arguens</strong></span> <span class='ocrx_word' id='word_1_369' title='bbox 3336 2196 3431 2249; x_wconf 84' lang='lat' dir='ltr'><strong>has</strong></span> <span class='ocrx_word' id='word_1_370' title='bbox 3449 2194 3673 2264; x_wconf 74' lang='lat' dir='ltr'><strong>puellas,</strong></span> 
     </span>
    </p>
   </div>
   <div class='ocr_carea' id='block_1_51' title="bbox 2094 2285 3675 2360">
    <p class='ocr_par' dir='ltr' id='par_1_51' title="bbox 2094 2285 3675 2360">
     <span class='ocr_line' id='line_1_51' title="bbox 2094 2285 3675 2360; baseline -0.008 -9"><span class='ocrx_word' id='word_1_371' title='bbox 2094 2304 2149 2351; x_wconf 84' lang='lat' dir='ltr'><strong>et</strong></span> <span class='ocrx_word' id='word_1_372' title='bbox 2186 2296 2243 2355; x_wconf 85' lang='lat' dir='ltr'><strong>in</strong></span> <span class='ocrx_word' id='word_1_373' title='bbox 2272 2295 2657 2349; x_wconf 86' lang='lat' dir='ltr'><strong>monasterium</strong></span> <span class='ocrx_word' id='word_1_374' title='bbox 2687 2292 2944 2348; x_wconf 91' lang='lat' dir='ltr'><strong>reducere</strong></span> <span class='ocrx_word' id='word_1_375' title='bbox 2982 2294 3222 2360; x_wconf 88' lang='lat' dir='ltr'><strong>cupiens.</strong></span> <span class='ocrx_word' id='word_1_376' title='bbox 3272 2288 3378 2343; x_wconf 86' lang='lat' dir='ltr'><strong>S.-d</strong></span> <span class='ocrx_word' id='word_1_377' title='bbox 3409 2301 3531 2341; x_wconf 90' lang='lat' dir='ltr'><strong>cum</strong></span> <span class='ocrx_word' id='word_1_378' title='bbox 3571 2285 3675 2340; x_wconf 78' lang='lat' dir='ltr'><strong>illze</strong></span> 
     </span>
    </p>
   </div>
   <div class='ocr_carea' id='block_1_52' title="bbox 2095 2378 3674 2449">
    <p class='ocr_par' dir='ltr' id='par_1_52' title="bbox 2095 2378 3674 2449">
     <span class='ocr_line' id='line_1_52' title="bbox 2095 2378 3674 2449; baseline -0.006 -7"><span class='ocrx_word' id='word_1_379' title='bbox 2095 2386 2416 2442; x_wconf 81' lang='lat' dir='ltr'><strong>obstinatius</strong></span> <span class='ocrx_word' id='word_1_380' title='bbox 2446 2385 2861 2448; x_wconf 77' lang='lat' dir='ltr'><strong>relucmreutur,</strong></span> <span class='ocrx_word' id='word_1_381' title='bbox 2892 2392 2957 2441; x_wconf 84' lang='lat' dir='ltr'><strong>et</strong></span> <span class='ocrx_word' id='word_1_382' title='bbox 2994 2381 3080 2435; x_wconf 85' lang='lat' dir='ltr'><strong>hic</strong></span> <span class='ocrx_word' id='word_1_383' title='bbox 3120 2395 3241 2436; x_wconf 86' lang='lat' dir='ltr'><strong>cum</strong></span> <span class='ocrx_word' id='word_1_384' title='bbox 3284 2379 3500 2449; x_wconf 88' lang='lat' dir='ltr'><strong>teliquis</strong></span> <span class='ocrx_word' id='word_1_385' title='bbox 3526 2378 3674 2447; x_wconf 76' lang='lat' dir='ltr'><strong>juxta</strong></span> 
     </span>
    </p>
   </div>
   <div class='ocr_carea' id='block_1_53' title="bbox 2095 2470 3677 2548">
    <p class='ocr_par' dir='ltr' id='par_1_53' title="bbox 2095 2470 3677 2548">
     <span class='ocr_line' id='line_1_53' title="bbox 2095 2470 3677 2548; baseline -0.009 -14"><span class='ocrx_word' id='word_1_386' title='bbox 2095 2479 2377 2548; x_wconf 75' lang='lat' dir='ltr'><strong>epistolam</strong></span> <span class='ocrx_word' id='word_1_387' title='bbox 2406 2477 2653 2545; x_wconf 88' lang='lat' dir='ltr'><strong>superius</strong></span> <span class='ocrx_word' id='word_1_388' title='bbox 2681 2475 3006 2530; x_wconf 88' lang='lat' dir='ltr'><strong>nominatam</strong></span> <span class='ocrx_word' id='word_1_389' title='bbox 3051 2472 3132 2529; x_wconf 92' lang='lat' dir='ltr'><strong>eis</strong></span> <span class='ocrx_word' id='word_1_390' title='bbox 3170 2470 3677 2525; x_wconf 81' lang='lat' dir='ltr'><strong>excommunicatio-</strong></span> 
     </span>
    </p>
   </div>
   <div class='ocr_carea' id='block_1_54' title="bbox 2099 2564 3682 2642">
    <p class='ocr_par' dir='ltr' id='par_1_54' title="bbox 2099 2564 3682 2642">
     <span class='ocr_line' id='line_1_54' title="bbox 2099 2564 3682 2642; baseline -0.01 -10"><span class='ocrx_word' id='word_1_391' title='bbox 2099 2591 2220 2632; x_wconf 88' lang='lat' dir='ltr'><strong>nem</strong></span> <span class='ocrx_word' id='word_1_392' title='bbox 2272 2574 2550 2641; x_wconf 76' lang='lat' dir='ltr'><strong>indiceret,</strong></span> <span class='ocrx_word' id='word_1_393' title='bbox 2593 2586 2888 2642; x_wconf 77' lang='lat' dir='ltr'><strong>exsurgens</strong></span> <span class='ocrx_word' id='word_1_394' title='bbox 2934 2569 3085 2625; x_wconf 89' lang='lat' dir='ltr'><strong>turba</strong></span> <span class='ocrx_word' id='word_1_395' title='bbox 3134 2564 3682 2634; x_wconf 58' lang='lat' dir='ltr'><strong>murionumepraefa-</strong></span> 
     </span>
    </p>
   </div>
   <div class='ocr_carea' id='block_1_55' title="bbox 2096 2655 3682 2735">
    <p class='ocr_par' dir='ltr' id='par_1_55' title="bbox 2096 2655 3682 2735">
     <span class='ocr_line' id='line_1_55' title="bbox 2096 2655 3682 2735; baseline -0.009 -12"><span class='ocrx_word' id='word_1_396' title='bbox 2096 2677 2299 2735; x_wconf 84' lang='lat' dir='ltr'><strong>torum,</strong></span> <span class='ocrx_word' id='word_1_397' title='bbox 2329 2676 2473 2722; x_wconf 86' lang='lat' dir='ltr'><strong>tanta</strong></span> <span class='ocrx_word' id='word_1_398' title='bbox 2515 2678 2609 2720; x_wconf 90' lang='lat' dir='ltr'><strong>eos</strong></span> <span class='ocrx_word' id='word_1_399' title='bbox 2637 2665 2689 2719; x_wconf 91' lang='lat' dir='ltr'><strong>in</strong></span> <span class='ocrx_word' id='word_1_400' title='bbox 2723 2664 2838 2733; x_wconf 89' lang='lat' dir='ltr'><strong>ipsa</strong></span> <span class='ocrx_word' id='word_1_401' title='bbox 2870 2658 3253 2716; x_wconf 84' lang='lat' dir='ltr'><strong>sancti-Hilarii</strong></span> <span class='ocrx_word' id='word_1_402' title='bbox 3289 2658 3505 2712; x_wconf 88' lang='lat' dir='ltr'><strong>basilica</strong></span> <span class='ocrx_word' id='word_1_403' title='bbox 3534 2655 3682 2710; x_wconf 55' lang='lat' dir='ltr'><strong>caede</strong></span> 
     </span>
    </p>
   </div>
   <div class='ocr_carea' id='block_1_56' title="bbox 2096 2746 3679 2826">
    <p class='ocr_par' dir='ltr' id='par_1_56' title="bbox 2096 2746 3679 2826">
     <span class='ocr_line' id='line_1_56' title="bbox 2096 2746 3679 2826; baseline -0.011 -10"><span class='ocrx_word' id='word_1_404' title='bbox 2096 2760 2374 2826; x_wconf 86' lang='lat' dir='ltr'><strong>mactavit,</strong></span> <span class='ocrx_word' id='word_1_405' title='bbox 2400 2768 2458 2813; x_wconf 90' lang='lat' dir='ltr'><strong>ut</strong></span> <span class='ocrx_word' id='word_1_406' title='bbox 2481 2755 2856 2813; x_wconf 70' lang='lat' dir='ltr'><strong>conuentibus</strong></span> <span class='ocrx_word' id='word_1_407' title='bbox 2878 2754 2931 2808; x_wconf 93' lang='lat' dir='ltr'><strong>in</strong></span> <span class='ocrx_word' id='word_1_408' title='bbox 2954 2752 3257 2824; x_wconf 85' lang='lat' dir='ltr'><strong>pavimento</strong></span> <span class='ocrx_word' id='word_1_409' title='bbox 3275 2746 3567 2818; x_wconf 83' lang='lat' dir='ltr'><strong>episcOpis,</strong></span> <span class='ocrx_word' id='word_1_410' title='bbox 3589 2746 3679 2800; x_wconf 74' lang='lat' dir='ltr'><strong>vix</strong></span> 
     </span>
    </p>
   </div>
   <div class='ocr_carea' id='block_1_57' title="bbox 2100 2837 3683 2921">
    <p class='ocr_par' dir='ltr' id='par_1_57' title="bbox 2100 2837 3683 2921">
     <span class='ocr_line' id='line_1_57' title="bbox 2100 2837 3683 2921; baseline -0.01 -14"><span class='ocrx_word' id='word_1_411' title='bbox 2100 2865 2427 2921; x_wconf 69' lang='lat' dir='ltr'><strong>consurgere</strong></span> <span class='ocrx_word' id='word_1_412' title='bbox 2458 2856 2717 2919; x_wconf 86' lang='lat' dir='ltr'><strong>possent;</strong></span> <span class='ocrx_word' id='word_1_413' title='bbox 2750 2845 2845 2901; x_wconf 89' lang='lat' dir='ltr'><strong>scd</strong></span> <span class='ocrx_word' id='word_1_414' title='bbox 2869 2854 2925 2899; x_wconf 83' lang='lat' dir='ltr'><strong>et</strong></span> <span class='ocrx_word' id='word_1_415' title='bbox 2951 2843 3160 2921; x_wconf 91' lang='lat' dir='ltr'><strong>diaconi</strong></span> <span class='ocrx_word' id='word_1_416' title='bbox 3191 2850 3245 2897; x_wconf 90' lang='lat' dir='ltr'><strong>et</strong></span> <span class='ocrx_word' id='word_1_417' title='bbox 3272 2840 3459 2908; x_wconf 86' lang='lat' dir='ltr'><strong>reliqui</strong></span> <span class='ocrx_word' id='word_1_418' title='bbox 3502 2837 3683 2893; x_wconf 84' lang='lat' dir='ltr'><strong>clerici</strong></span> 
     </span>
    </p>
   </div>
   <div class='ocr_carea' id='block_1_58' title="bbox 2101 2920 3683 3013">
    <p class='ocr_par' dir='ltr' id='par_1_58' title="bbox 2101 2920 3683 3013">
     <span class='ocr_line' id='line_1_58' title="bbox 2101 2920 3683 3013; baseline -0.009 -16"><span class='ocrx_word' id='word_1_419' title='bbox 2101 2920 2361 3013; x_wconf 76' lang='lat' dir='ltr'><strong>sanguine</strong></span> <span class='ocrx_word' id='word_1_420' title='bbox 2387 2941 2619 3011; x_wconf 81' lang='lat' dir='ltr'><strong>perfusi,</strong></span> <span class='ocrx_word' id='word_1_421' title='bbox 2656 2953 2777 2993; x_wconf 89' lang='lat' dir='ltr'><strong>cum</strong></span> <span class='ocrx_word' id='word_1_422' title='bbox 2810 2920 3042 2991; x_wconf 70' lang='lat' dir='ltr'><strong>eiiractis</strong></span> <span class='ocrx_word' id='word_1_423' title='bbox 3068 2932 3329 3003; x_wconf 78' lang='lat' dir='ltr'><strong>capitibus</strong></span> <span class='ocrx_word' id='word_1_424' title='bbox 3351 2930 3514 3005; x_wconf 64' lang='lat'><strong>4.70</strong></span> <span class='ocrx_word' id='word_1_425' title='bbox 3539 2928 3683 2983; x_wconf 70' lang='grc' dir='ltr'><strong>δτιμί-</strong></span> 
     </span>
    </p>
   </div>
   <div class='ocr_carea' id='block_1_59' title="bbox 2102 3023 3687 3100">
    <p class='ocr_par' dir='ltr' id='par_1_59' title="bbox 2102 3023 3687 3100">
     <span class='ocr_line' id='line_1_59' title="bbox 2102 3023 3687 3100; baseline -0.009 -12"><span class='ocrx_word' id='word_1_426' title='bbox 2102 3034 2259 3088; x_wconf 82' lang='lat' dir='ltr'><strong>licam</strong></span> <span class='ocrx_word' id='word_1_427' title='bbox 2294 3042 2422 3087; x_wconf 88' lang='lat' dir='ltr'><strong>sunt</strong></span> <span class='ocrx_word' id='word_1_428' title='bbox 2445 3030 2673 3100; x_wconf 85' lang='lat' dir='ltr'><strong>egressi.</strong></span> <span class='ocrx_word' id='word_1_429' title='bbox 2713 3027 2846 3083; x_wconf 82' lang='lat' dir='ltr'><strong>Tam</strong></span> <span class='ocrx_word' id='word_1_430' title='bbox 2877 3026 3171 3081; x_wconf 88' lang='lat' dir='ltr'><strong>immensus</strong></span> <span class='ocrx_word' id='word_1_431' title='bbox 3199 3023 3342 3078; x_wconf 88' lang='lat' dir='ltr'><strong>enim</strong></span> <span class='ocrx_word' id='word_1_432' title='bbox 3380 3035 3496 3084; x_wconf 89' lang='lat' dir='ltr'><strong>eos.</strong></span> <span class='ocrx_word' id='word_1_433' title='bbox 3528 3028 3602 3085; x_wconf 90' lang='lat' dir='ltr'><strong>et,</strong></span> <span class='ocrx_word' id='word_1_434' title='bbox 3629 3023 3687 3074; x_wconf 87' lang='lat' dir='ltr'><strong>ut</strong></span> 
     </span>
    </p>
   </div>
   <div class='ocr_carea' id='block_1_60' title="bbox 2102 3117 3689 3193">
    <p class='ocr_par' dir='ltr' id='par_1_60' title="bbox 2102 3117 3689 3193">
     <span class='ocr_line' id='line_1_60' title="bbox 2102 3117 3689 3193; baseline -0.009 -11"><span class='ocrx_word' id='word_1_435' title='bbox 2102 3127 2290 3192; x_wconf 86' lang='lat' dir='ltr'><strong>credo,</strong></span> <span class='ocrx_word' id='word_1_436' title='bbox 2317 3125 2531 3181; x_wconf 87' lang='lat' dir='ltr'><strong>diabolo</strong></span> <span class='ocrx_word' id='word_1_437' title='bbox 2558 3132 2903 3193; x_wconf 87' lang='lat' dir='ltr'><strong>cooperante,</strong></span> <span class='ocrx_word' id='word_1_438' title='bbox 2933 3136 3098 3191; x_wconf 88' lang='lat' dir='ltr'><strong>pavor</strong></span> <span class='ocrx_word' id='word_1_439' title='bbox 3124 3117 3434 3183; x_wconf 85' lang='lat' dir='ltr'><strong>obsederat,</strong></span> <span class='ocrx_word' id='word_1_440' title='bbox 3459 3124 3519 3170; x_wconf 89' lang='lat' dir='ltr'><strong>ut</strong></span> <span class='ocrx_word' id='word_1_441' title='bbox 3538 3131 3689 3186; x_wconf 87' lang='lat' dir='ltr'><strong>egre-</strong></span> 
     </span>
    </p>
   </div>
   <div class='ocr_carea' id='block_1_61' title="bbox 2103 3211 3686 3279">
    <p class='ocr_par' dir='ltr' id='par_1_61' title="bbox 2103 3211 3686 3279">
     <span class='ocr_line' id='line_1_61' title="bbox 2103 3211 3686 3279; baseline -0.009 -6"><span class='ocrx_word' id='word_1_442' title='bbox 2103 3218 2312 3274; x_wconf 90' lang='lat' dir='ltr'><strong>dientes</strong></span> <span class='ocrx_word' id='word_1_443' title='bbox 2350 3233 2379 3271; x_wconf 92' lang='lat' dir='ltr'><strong>a</strong></span> <span class='ocrx_word' id='word_1_444' title='bbox 2424 3216 2542 3271; x_wconf 84' lang='lat' dir='ltr'><strong>loco</strong></span> <span class='ocrx_word' id='word_1_445' title='bbox 2571 3224 2791 3279; x_wconf 90' lang='lat' dir='ltr'><strong>sancto,</strong></span> <span class='ocrx_word' id='word_1_446' title='bbox 2826 3226 2929 3268; x_wconf 89' lang='lat' dir='ltr'><strong>nec</strong></span> <span class='ocrx_word' id='word_1_447' title='bbox 2957 3211 3059 3268; x_wconf 88' lang='lat' dir='ltr'><strong>sibi</strong></span> <span class='ocrx_word' id='word_1_448' title='bbox 3092 3211 3472 3270; x_wconf 85' lang='lat' dir='ltr'><strong>valedirentes,</strong></span> <span class='ocrx_word' id='word_1_449' title='bbox 3520 3222 3686 3261; x_wconf 88' lang='lat' dir='ltr'><strong>unus-</strong></span> 
     </span>
    </p>
   </div>
   <div class='ocr_carea' id='block_1_62' title="bbox 411 3300 3687 3384">
    <p class='ocr_par' dir='ltr' id='par_1_62' title="bbox 411 3300 3687 3384">
     <span class='ocr_line' id='line_1_62' title="bbox 411 3300 3687 3384; baseline -0.006 -9"><span class='ocrx_word' id='word_1_450' title='bbox 411 3320 589 3375; x_wconf 82' lang='lat' dir='ltr'><strong>ieatis.</strong></span> <span class='ocrx_word' id='word_1_451' title='bbox 641 3314 795 3384; x_wconf 81' lang='lat' dir='ltr'><strong>Quod</strong></span> <span class='ocrx_word' id='word_1_452' title='bbox 840 3312 1120 3368; x_wconf 86' lang='lat' dir='ltr'><strong>consilium</strong></span> <span class='ocrx_word' id='word_1_453' title='bbox 1169 3320 1350 3379; x_wconf 87' lang='lat' dir='ltr'><strong>aptum</strong></span> <span class='ocrx_word' id='word_1_454' title='bbox 1400 3307 1769 3375; x_wconf 83' lang='lat' dir='ltr'><strong>suscipientes,</strong></span> <span class='ocrx_word' id='word_1_455' title='bbox 1811 3300 2077 3374; x_wconf 73' lang='lat' dir='ltr'><strong>sobse-c</strong></span> <span class='ocrx_word' id='word_1_456' title='bbox 2108 3312 2328 3384; x_wconf 77' lang='lat' dir='ltr'><strong>quisque</strong></span> <span class='ocrx_word' id='word_1_457' title='bbox 2373 3325 2469 3381; x_wconf 82' lang='lat' dir='ltr'><strong>per</strong></span> <span class='ocrx_word' id='word_1_458' title='bbox 2494 3310 2633 3365; x_wconf 84' lang='lat' dir='ltr'><strong>viam</strong></span> <span class='ocrx_word' id='word_1_459' title='bbox 2662 3324 2819 3379; x_wconf 87' lang='lat' dir='ltr'><strong>quam</strong></span> <span class='ocrx_word' id='word_1_460' title='bbox 2856 3308 3095 3376; x_wconf 80' lang='lat' dir='ltr'><strong>arripere</strong></span> <span class='ocrx_word' id='word_1_461' title='bbox 3134 3305 3328 3376; x_wconf 86' lang='lat' dir='ltr'><strong>potuit,</strong></span> <span class='ocrx_word' id='word_1_462' title='bbox 3382 3300 3687 3372; x_wconf 86' lang='lat' dir='ltr'><strong>repedaret.</strong></span> 
     </span>
    </p>
   </div>
   <div class='ocr_carea' id='block_1_63' title="bbox 400 3395 2000 3479">
    <p class='ocr_par' dir='ltr' id='par_1_63' title="bbox 400 3395 2000 3479">
     <span class='ocr_line' id='line_1_63' title="bbox 400 3395 2000 3479; baseline -0.013 -12"><span class='ocrx_word' id='word_1_463' title='bbox 400 3419 609 3479; x_wconf 23' lang='lat' dir='ltr'><strong>rquente</strong></span> <span class='ocrx_word' id='word_1_464' title='bbox 656 3411 865 3470; x_wconf 69' lang='lat' dir='ltr'><strong>testate,</strong></span> <span class='ocrx_word' id='word_1_465' title='bbox 914 3402 1116 3458; x_wconf 73' lang='lat' dir='ltr'><strong>relictis</strong></span> <span class='ocrx_word' id='word_1_466' title='bbox 1145 3399 1398 3461; x_wconf 86' lang='lat' dir='ltr'><strong>Turonis,</strong></span> <span class='ocrx_word' id='word_1_467' title='bbox 1448 3396 1665 3453; x_wconf 81' lang='lat' dir='ltr'><strong>caeteris</strong></span> <span class='ocrx_word' id='word_1_468' title='bbox 1711 3395 2000 3449; x_wconf 87' lang='lat' dir='ltr'><strong>sanctimo-</strong></span> 
     </span>
    </p>
   </div>
   <div class='ocr_carea' id='block_1_64' title="bbox 411 3484 2001 3559">
    <p class='ocr_par' dir='ltr' id='par_1_64' title="bbox 411 3484 2001 3559">
     <span class='ocr_line' id='line_1_64' title="bbox 411 3484 2001 3559; baseline -0.013 0"><span class='ocrx_word' id='word_1_469' title='bbox 411 3502 638 3559; x_wconf 81' lang='lat' dir='ltr'><strong>nialihus</strong></span> <span class='ocrx_word' id='word_1_470' title='bbox 672 3496 1057 3555; x_wconf 87' lang='lat' dir='ltr'><strong>commendatis</strong></span> <span class='ocrx_word' id='word_1_471' title='bbox 1089 3492 1425 3548; x_wconf 54' lang='lat' dir='ltr'><strong>consobrina!</strong></span> <span class='ocrx_word' id='word_1_472' title='bbox 1453 3505 1584 3555; x_wconf 69' lang='lat' dir='ltr'><strong>suae,</strong></span> <span class='ocrx_word' id='word_1_473' title='bbox 1612 3487 1950 3543; x_wconf 80' lang='lat' dir='ltr'><strong>Citrodieldis</strong></span> <span class='ocrx_word' id='word_1_474' title='bbox 1972 3484 2001 3525; x_wconf 73' lang='grc' dir='ltr'>δ</span> 
     </span>
    </p>
   </div>
   <div class='ocr_carea' id='block_1_65' title="bbox 409 3582 2001 3659">
    <p class='ocr_par' dir='ltr' id='par_1_65' title="bbox 409 3582 2001 3659">
     <span class='ocr_line' id='line_1_65' title="bbox 409 3582 2001 3659; baseline -0.009 -12"><span class='ocrx_word' id='word_1_475' title='bbox 409 3595 475 3647; x_wconf 88' lang='lat' dir='ltr'><strong>ad</strong></span> <span class='ocrx_word' id='word_1_476' title='bbox 518 3606 698 3659; x_wconf 84' lang='lat' dir='ltr'><strong>regem</strong></span> <span class='ocrx_word' id='word_1_477' title='bbox 727 3585 1188 3644; x_wconf 83' lang='lat' dir='ltr'><strong>Guntcltramnum</strong></span> <span class='ocrx_word' id='word_1_478' title='bbox 1231 3582 1480 3637; x_wconf 87' lang='lat' dir='ltr'><strong>accessit.</strong></span> <span class='ocrx_word' id='word_1_479' title='bbox 1534 3582 1577 3634; x_wconf 71' lang='grc' dir='ltr'>Α</span> <span class='ocrx_word' id='word_1_480' title='bbox 1605 3594 1711 3649; x_wconf 85' lang='lat' dir='ltr'><strong>quo</strong></span> <span class='ocrx_word' id='word_1_481' title='bbox 1751 3590 2001 3646; x_wconf 84' lang='lat' dir='ltr'><strong>suscepta</strong></span> 
     </span>
    </p>
   </div>
   <div class='ocr_carea' id='block_1_66' title="bbox 412 3669 2001 3740">
    <p class='ocr_par' dir='ltr' id='par_1_66' title="bbox 412 3669 2001 3740">
     <span class='ocr_line' id='line_1_66' title="bbox 412 3669 2001 3740; baseline -0.01 -2"><span class='ocrx_word' id='word_1_482' title='bbox 412 3700 474 3738; x_wconf 86' lang='lat' dir='ltr'><strong>ac</strong></span> <span class='ocrx_word' id='word_1_483' title='bbox 504 3682 818 3737; x_wconf 86' lang='lat' dir='ltr'><strong>muneribus</strong></span> <span class='ocrx_word' id='word_1_484' title='bbox 850 3678 1131 3740; x_wconf 82' lang='lat' dir='ltr'><strong>honorata,</strong></span> <span class='ocrx_word' id='word_1_485' title='bbox 1162 3672 1393 3728; x_wconf 84' lang='lat' dir='ltr'><strong>Turonis</strong></span> <span class='ocrx_word' id='word_1_486' title='bbox 1438 3679 1523 3725; x_wconf 75' lang='lat' dir='ltr'><strong>est</strong></span> <span class='ocrx_word' id='word_1_487' title='bbox 1560 3683 1824 3740; x_wconf 82' lang='lat' dir='ltr'><strong>regressa,</strong></span> <span class='ocrx_word' id='word_1_488' title='bbox 1855 3669 2001 3724; x_wconf 81' lang='lat' dir='ltr'><strong>Con-</strong></span> 
     </span>
    </p>
   </div>
   <div class='ocr_carea' id='block_1_67' title="bbox 409 3759 2001 3837">
    <p class='ocr_par' dir='ltr' id='par_1_67' title="bbox 409 3759 2001 3837">
     <span class='ocr_line' id='line_1_67' title="bbox 409 3759 2001 3837; baseline -0.01 -8"><span class='ocrx_word' id='word_1_489' title='bbox 409 3774 641 3829; x_wconf 89' lang='lat' dir='ltr'><strong>stantina</strong></span> <span class='ocrx_word' id='word_1_490' title='bbox 673 3769 778 3825; x_wconf 81' lang='lat' dir='ltr'><strong>filia</strong></span> <span class='ocrx_word' id='word_1_491' title='bbox 808 3765 1076 3837; x_wconf 85' lang='lat' dir='ltr'><strong>Burgoiini</strong></span> <span class='ocrx_word' id='word_1_492' title='bbox 1108 3765 1162 3820; x_wconf 91' lang='lat' dir='ltr'><strong>in</strong></span> <span class='ocrx_word' id='word_1_493' title='bbox 1191 3762 1517 3818; x_wconf 86' lang='lat' dir='ltr'><strong>monasterio</strong></span> <span class='ocrx_word' id='word_1_494' title='bbox 1552 3759 2001 3829; x_wconf 76' lang='lat' dir='ltr'><strong>Augustiduoeosi</strong></span> 
     </span>
    </p>
   </div>
   <div class='ocr_carea' id='block_1_68' title="bbox 411 3850 2003 3930">
    <p class='ocr_par' dir='ltr' id='par_1_68' title="bbox 411 3850 2003 3930">
     <span class='ocr_line' id='line_1_68' title="bbox 411 3850 2003 3930; baseline -0.007 -11"><span class='ocrx_word' id='word_1_495' title='bbox 411 3865 622 3927; x_wconf 79' lang='lat' dir='ltr'><strong>relicta,</strong></span> <span class='ocrx_word' id='word_1_496' title='bbox 652 3866 979 3930; x_wconf 65' lang='lat' dir='ltr'><strong>exspectans</strong></span> <span class='ocrx_word' id='word_1_497' title='bbox 1007 3855 1288 3924; x_wconf 86' lang='lat' dir='ltr'><strong>episcopos</strong></span> <span class='ocrx_word' id='word_1_498' title='bbox 1313 3856 1404 3922; x_wconf 84' lang='lat' dir='ltr'><strong>qui</strong></span> <span class='ocrx_word' id='word_1_499' title='bbox 1433 3866 1461 3906; x_wconf 86' lang='lat' dir='ltr'><strong>a</strong></span> <span class='ocrx_word' id='word_1_500' title='bbox 1486 3866 1613 3923; x_wconf 77' lang='lat' dir='ltr'><strong>rege</strong></span> <span class='ocrx_word' id='word_1_501' title='bbox 1639 3850 1847 3907; x_wconf 80' lang='lat' dir='ltr'><strong>fuerant</strong></span> <span class='ocrx_word' id='word_1_502' title='bbox 1865 3850 2003 3921; x_wconf 82' lang='lat' dir='ltr'><strong>jussi</strong></span> 
     </span>
    </p>
   </div>
   <div class='ocr_carea' id='block_1_69' title="bbox 410 3941 2000 4019">
    <p class='ocr_par' dir='ltr' id='par_1_69' title="bbox 410 3941 2000 4019">
     <span class='ocr_line' id='line_1_69' title="bbox 410 3941 2000 4019; baseline -0.009 -9"><span class='ocrx_word' id='word_1_503' title='bbox 410 3953 688 4019; x_wconf 82' lang='lat' dir='ltr'><strong>advenire,</strong></span> <span class='ocrx_word' id='word_1_504' title='bbox 717 3958 773 4006; x_wconf 91' lang='lat' dir='ltr'><strong>et</strong></span> <span class='ocrx_word' id='word_1_505' title='bbox 810 3961 1028 4003; x_wconf 87' lang='lat' dir='ltr'><strong>causam</strong></span> <span class='ocrx_word' id='word_1_506' title='bbox 1076 3946 1308 4016; x_wconf 86' lang='lat' dir='ltr'><strong>ipsarum</strong></span> <span class='ocrx_word' id='word_1_507' title='bbox 1349 3957 1472 4001; x_wconf 83' lang='lat' dir='ltr'><strong>cum</strong></span> <span class='ocrx_word' id='word_1_508' title='bbox 1505 3943 1774 3999; x_wconf 82' lang='lat' dir='ltr'><strong>abbatissa</strong></span> <span class='ocrx_word' id='word_1_509' title='bbox 1816 3941 2000 3997; x_wconf 79' lang='lat' dir='ltr'><strong>discu-</strong></span> 
     </span>
    </p>
   </div>
   <div class='ocr_carea' id='block_1_70' title="bbox 410 4035 2004 4103">
    <p class='ocr_par' dir='ltr' id='par_1_70' title="bbox 410 4035 2004 4103">
     <span class='ocr_line' id='line_1_70' title="bbox 410 4035 2004 4103; baseline -0.009 0"><span class='ocrx_word' id='word_1_510' title='bbox 410 4060 546 4103; x_wconf 85' lang='lat' dir='ltr'><strong>tere.</strong></span> <span class='ocrx_word' id='word_1_511' title='bbox 597 4044 780 4100; x_wconf 69' lang='lat' dir='ltr'><strong>Multte</strong></span> <span class='ocrx_word' id='word_1_512' title='bbox 822 4049 998 4097; x_wconf 81' lang='lat' dir='ltr'><strong>tamen</strong></span> <span class='ocrx_word' id='word_1_513' title='bbox 1046 4054 1114 4094; x_wconf 80' lang='lat' dir='ltr'><strong>ex</strong></span> <span class='ocrx_word' id='word_1_514' title='bbox 1161 4038 1249 4092; x_wconf 85' lang='lat' dir='ltr'><strong>Itis</strong></span> <span class='ocrx_word' id='word_1_515' title='bbox 1285 4051 1321 4092; x_wconf 87' lang='lat' dir='ltr'><strong>a</strong></span> <span class='ocrx_word' id='word_1_516' title='bbox 1353 4036 1579 4092; x_wconf 84' lang='lat' dir='ltr'><strong>diversis</strong></span> <span class='ocrx_word' id='word_1_517' title='bbox 1624 4035 2004 4091; x_wconf 71' lang='lat' dir='ltr'><strong>circumventae</strong></span> 
     </span>
    </p>
   </div>
   <div class='ocr_carea' id='block_1_71' title="bbox 415 4129 2004 4204">
    <p class='ocr_par' dir='ltr' id='par_1_71' title="bbox 415 4129 2004 4204">
     <span class='ocr_line' id='line_1_71' title="bbox 415 4129 2004 4204; baseline -0.007 -8"><span class='ocrx_word' id='word_1_518' title='bbox 415 4138 760 4196; x_wconf 85' lang='lat' dir='ltr'><strong>matrimonio</strong></span> <span class='ocrx_word' id='word_1_519' title='bbox 806 4134 1069 4204; x_wconf 70' lang='lat' dir='ltr'><strong>copulata:</strong></span> <span class='ocrx_word' id='word_1_520' title='bbox 1108 4141 1256 4200; x_wconf 84' lang='lat' dir='ltr'><strong>sunt,</strong></span> <span class='ocrx_word' id='word_1_521' title='bbox 1309 4131 1618 4201; x_wconf 82' lang='lat' dir='ltr'><strong>priusquam</strong></span> <span class='ocrx_word' id='word_1_522' title='bbox 1650 4129 1767 4185; x_wconf 59' lang='lat' dir='ltr'><strong>hac</strong></span> <span class='ocrx_word' id='word_1_523' title='bbox 1804 4145 1834 4185; x_wconf 92' lang='lat' dir='ltr'><strong>a</strong></span> <span class='ocrx_word' id='word_1_524' title='bbox 1878 4143 2004 4201; x_wconf 85' lang='lat' dir='ltr'><strong>rege</strong></span> 
     </span>
    </p>
   </div>
   <div class='ocr_carea' id='block_1_72' title="bbox 417 4221 2004 4302">
    <p class='ocr_par' dir='ltr' id='par_1_72' title="bbox 417 4221 2004 4302">
     <span class='ocr_line' id='line_1_72' title="bbox 417 4221 2004 4302; baseline -0.009 -14"><span class='ocrx_word' id='word_1_525' title='bbox 417 4230 813 4302; x_wconf 78' lang='lat' dir='ltr'><strong>regrederetur.</strong></span> <span class='ocrx_word' id='word_1_526' title='bbox 867 4226 1106 4295; x_wconf 88' lang='lat' dir='ltr'><strong>Cumque</strong></span> <span class='ocrx_word' id='word_1_527' title='bbox 1134 4223 1509 4294; x_wconf 62' lang='lat' dir='ltr'><strong>praestolantes</strong></span> <span class='ocrx_word' id='word_1_528' title='bbox 1537 4223 1849 4287; x_wconf 75' lang='lat' dir='ltr'><strong>adventum,</strong></span> <span class='ocrx_word' id='word_1_529' title='bbox 1883 4221 2004 4275; x_wconf 79' lang='lat' dir='ltr'><strong>nul-</strong></span> 
     </span>
    </p>
   </div>
   <div class='ocr_carea' id='block_1_73' title="bbox 408 4311 2005 4389">
    <p class='ocr_par' dir='ltr' id='par_1_73' title="bbox 408 4311 2005 4389">
     <span class='ocr_line' id='line_1_73' title="bbox 408 4311 2005 4389; baseline -0.007 -12"><span class='ocrx_word' id='word_1_530' title='bbox 408 4323 518 4377; x_wconf 76' lang='lat' dir='ltr'><strong>lum</strong></span> <span class='ocrx_word' id='word_1_531' title='bbox 546 4321 853 4389; x_wconf 86' lang='lat' dir='ltr'><strong>episcopum</strong></span> <span class='ocrx_word' id='word_1_532' title='bbox 876 4316 1134 4373; x_wconf 87' lang='lat' dir='ltr'><strong>advenire</strong></span> <span class='ocrx_word' id='word_1_533' title='bbox 1158 4312 1476 4379; x_wconf 86' lang='lat' dir='ltr'><strong>sensissent,</strong></span> <span class='ocrx_word' id='word_1_534' title='bbox 1496 4311 1767 4368; x_wconf 86' lang='lat' dir='ltr'><strong>Pictavum</strong></span> <span class='ocrx_word' id='word_1_535' title='bbox 1797 4325 2005 4381; x_wconf 79' lang='lat' dir='ltr'><strong>regres-</strong></span> 
     </span>
    </p>
   </div>
   <div class='ocr_carea' id='block_1_74' title="bbox 395 4405 2004 4477">
    <p class='ocr_par' dir='ltr' id='par_1_74' title="bbox 395 4405 2004 4477">
     <span class='ocr_line' id='line_1_74' title="bbox 395 4405 2004 4477; baseline -0.003 -12"><span class='ocrx_word' id='word_1_536' title='bbox 395 4428 487 4468; x_wconf 68' lang='lat' dir='ltr'><strong>sa:</strong></span> <span class='ocrx_word' id='word_1_537' title='bbox 524 4419 669 4477; x_wconf 89' lang='lat' dir='ltr'><strong>sunt,</strong></span> <span class='ocrx_word' id='word_1_538' title='bbox 702 4420 756 4465; x_wconf 89' lang='lat' dir='ltr'><strong>et</strong></span> <span class='ocrx_word' id='word_1_539' title='bbox 796 4423 858 4464; x_wconf 85' lang='lat' dir='ltr'><strong>se</strong></span> <span class='ocrx_word' id='word_1_540' title='bbox 889 4408 1024 4462; x_wconf 87' lang='lat' dir='ltr'><strong>infra</strong></span> <span class='ocrx_word' id='word_1_541' title='bbox 1057 4406 1330 4463; x_wconf 83' lang='lat' dir='ltr'><strong>basilicam</strong></span> <span class='ocrx_word' id='word_1_542' title='bbox 1360 4406 1529 4461; x_wconf 83' lang='lat' dir='ltr'><strong>sancti</strong></span> <span class='ocrx_word' id='word_1_543' title='bbox 1564 4405 1749 4460; x_wconf 81' lang='lat' dir='ltr'><strong>Hilarii</strong></span> <span class='ocrx_word' id='word_1_544' title='bbox 1795 4413 2004 4460; x_wconf 82' lang='lat' dir='ltr'><strong>tutavc-</strong></span> 
     </span>
    </p>
   </div>
   <div class='ocr_carea' id='block_1_75' title="bbox 394 4496 2003 4568">
    <p class='ocr_par' dir='ltr' id='par_1_75' title="bbox 394 4496 2003 4568">
     <span class='ocr_line' id='line_1_75' title="bbox 394 4496 2003 4568; baseline -0.005 -11"><span class='ocrx_word' id='word_1_545' title='bbox 394 4511 555 4562; x_wconf 48' lang='lat' dir='ltr'><strong>’rnnt,</strong></span> <span class='ocrx_word' id='word_1_546' title='bbox 602 4498 940 4567; x_wconf 86' lang='lat' dir='ltr'><strong>congregatis</strong></span> <span class='ocrx_word' id='word_1_547' title='bbox 976 4496 1143 4568; x_wconf 64' lang='grc'><strong>469</strong></span> <span class='ocrx_word' id='word_1_548' title='bbox 1181 4510 1367 4552; x_wconf 83' lang='lat' dir='ltr'><strong>secum</strong></span> <span class='ocrx_word' id='word_1_549' title='bbox 1419 4496 1648 4559; x_wconf 81' lang='lat' dir='ltr'><strong>furibus,</strong></span> <span class='ocrx_word' id='word_1_550' title='bbox 1696 4496 2003 4561; x_wconf 79' lang='lat' dir='ltr'><strong>homicidia,</strong></span> 
     </span>
    </p>
   </div>
   <div class='ocr_carea' id='block_1_76' title="bbox 410 4585 2005 4655">
    <p class='ocr_par' dir='ltr' id='par_1_76' title="bbox 410 4585 2005 4655">
     <span class='ocr_line' id='line_1_76' title="bbox 410 4585 2005 4655; baseline -0.001 -11"><span class='ocrx_word' id='word_1_551' title='bbox 410 4590 692 4653; x_wconf 81' lang='lat' dir='ltr'><strong>adulteris,</strong></span> <span class='ocrx_word' id='word_1_552' title='bbox 722 4585 1069 4655; x_wconf 90' lang='lat' dir='ltr'><strong>omniumque</strong></span> <span class='ocrx_word' id='word_1_553' title='bbox 1097 4587 1379 4641; x_wconf 88' lang='lat' dir='ltr'><strong>criminum</strong></span> <span class='ocrx_word' id='word_1_554' title='bbox 1409 4587 1519 4642; x_wconf 87' lang='lat' dir='ltr'><strong>reis</strong></span> <span class='ocrx_word' id='word_1_555' title='bbox 1538 4629 1553 4653; x_wconf 97' lang='lat'><strong>,</strong></span> <span class='ocrx_word' id='word_1_556' title='bbox 1587 4587 1920 4642; x_wconf 87' lang='lat' dir='ltr'><strong>stabilientes</strong></span> <span class='ocrx_word' id='word_1_557' title='bbox 1945 4602 2005 4642; x_wconf 88' lang='lat' dir='ltr'><strong>se</strong></span> 
     </span>
    </p>
   </div>
   <div class='ocr_carea' id='block_1_77' title="bbox 2104 3390 3686 3460">
    <p class='ocr_par' dir='ltr' id='par_1_77' title="bbox 2104 3390 3686 3460">
     <span class='ocr_line' id='line_1_77' title="bbox 2104 3390 3686 3460; baseline -0.008 -4"><span class='ocrx_word' id='word_1_558' title='bbox 2104 3401 2284 3456; x_wconf 76' lang='lat' dir='ltr'><strong>Adfixit</strong></span> <span class='ocrx_word' id='word_1_559' title='bbox 2331 3400 2458 3456; x_wconf 81' lang='lat' dir='ltr'><strong>huic</strong></span> <span class='ocrx_word' id='word_1_560' title='bbox 2488 3398 2777 3454; x_wconf 87' lang='lat' dir='ltr'><strong>calamitati</strong></span> <span class='ocrx_word' id='word_1_561' title='bbox 2818 3408 2873 3453; x_wconf 84' lang='lat' dir='ltr'><strong>et</strong></span> <span class='ocrx_word' id='word_1_562' title='bbox 2913 3394 3218 3452; x_wconf 87' lang='lat' dir='ltr'><strong>Desiderius</strong></span> <span class='ocrx_word' id='word_1_563' title='bbox 3264 3393 3520 3449; x_wconf 86' lang='lat' dir='ltr'><strong>diaconus</strong></span> <span class='ocrx_word' id='word_1_564' title='bbox 3548 3390 3686 3460; x_wconf 80' lang='lat' dir='ltr'><strong>Sya-</strong></span> 
     </span>
    </p>
   </div>
   <div class='ocr_carea' id='block_1_78' title="bbox 2100 3481 3690 3562">
    <p class='ocr_par' dir='ltr' id='par_1_78' title="bbox 2100 3481 3690 3562">
     <span class='ocr_line' id='line_1_78' title="bbox 2100 3481 3690 3562; baseline -0.008 -14"><span class='ocrx_word' id='word_1_565' title='bbox 2100 3493 2205 3561; x_wconf 85' lang='lat' dir='ltr'><strong>grii</strong></span> <span class='ocrx_word' id='word_1_566' title='bbox 2253 3489 2738 3562; x_wconf 82' lang='lat' dir='ltr'><strong>Augustiduneusis</strong></span> <span class='ocrx_word' id='word_1_567' title='bbox 2789 3488 3070 3559; x_wconf 85' lang='lat' dir='ltr'><strong>episc0pi,</strong></span> <span class='ocrx_word' id='word_1_568' title='bbox 3128 3487 3216 3556; x_wconf 89' lang='lat' dir='ltr'><strong>qui</strong></span> <span class='ocrx_word' id='word_1_569' title='bbox 3270 3500 3377 3538; x_wconf 90' lang='lat' dir='ltr'><strong>non</strong></span> <span class='ocrx_word' id='word_1_570' title='bbox 3438 3481 3690 3551; x_wconf 86' lang='lat' dir='ltr'><strong>inquisito</strong></span> 
     </span>
    </p>
   </div>
   <div class='ocr_carea' id='block_1_79' title="bbox 2103 3578 3691 3653">
    <p class='ocr_par' dir='ltr' id='par_1_79' title="bbox 2103 3578 3691 3653">
     <span class='ocr_line' id='line_1_79' title="bbox 2103 3578 3691 3653; baseline -0.006 -12"><span class='ocrx_word' id='word_1_571' title='bbox 2103 3585 2292 3642; x_wconf 86' lang='lat' dir='ltr'><strong>Cletmi</strong></span> <span class='ocrx_word' id='word_1_572' title='bbox 2318 3596 2341 3626; x_wconf 78' lang='grc' dir='ltr'><strong>ο</strong></span> <span class='ocrx_word' id='word_1_573' title='bbox 2368 3584 2603 3641; x_wconf 77' lang='lat' dir='ltr'><strong>ﬂuminis</strong></span> <span class='ocrx_word' id='word_1_574' title='bbox 2632 3584 2790 3650; x_wconf 86' lang='lat' dir='ltr'><strong>vado,</strong></span> <span class='ocrx_word' id='word_1_575' title='bbox 2840 3598 2947 3653; x_wconf 87' lang='lat' dir='ltr'><strong>quo</strong></span> <span class='ocrx_word' id='word_1_576' title='bbox 2976 3581 3204 3653; x_wconf 89' lang='lat' dir='ltr'><strong>primum</strong></span> <span class='ocrx_word' id='word_1_577' title='bbox 3236 3581 3381 3635; x_wconf 88' lang='lat' dir='ltr'><strong>littus</strong></span> <span class='ocrx_word' id='word_1_578' title='bbox 3410 3578 3583 3648; x_wconf 82' lang='lat' dir='ltr'><strong>attigit</strong></span> <span class='ocrx_word' id='word_1_579' title='bbox 3610 3585 3691 3632; x_wconf 77' lang='lat' dir='ltr'><strong>est</strong></span> 
     </span>
    </p>
   </div>
   <div class='ocr_carea' id='block_1_80' title="bbox 2102 3670 3691 3750">
    <p class='ocr_par' dir='ltr' id='par_1_80' title="bbox 2102 3670 3691 3750">
     <span class='ocr_line' id='line_1_80' title="bbox 2102 3670 3691 3750; baseline -0.007 -17"><span class='ocrx_word' id='word_1_580' title='bbox 2102 3679 2399 3750; x_wconf 61' lang='lat' dir='ltr'><strong>ingressus,</strong></span> <span class='ocrx_word' id='word_1_581' title='bbox 2452 3691 2515 3731; x_wconf 88' lang='lat' dir='ltr'><strong>ac</strong></span> <span class='ocrx_word' id='word_1_582' title='bbox 2558 3685 2776 3730; x_wconf 89' lang='lat' dir='ltr'><strong>natante</strong></span> <span class='ocrx_word' id='word_1_583' title='bbox 2826 3688 2965 3743; x_wconf 89' lang='lat' dir='ltr'><strong>equo</strong></span> <span class='ocrx_word' id='word_1_584' title='bbox 3010 3673 3140 3742; x_wconf 63' lang='lat' dir='ltr'><strong>ripae</strong></span> <span class='ocrx_word' id='word_1_585' title='bbox 3182 3670 3453 3727; x_wconf 89' lang='lat' dir='ltr'><strong>ulterioris</strong></span> <span class='ocrx_word' id='word_1_586' title='bbox 3498 3684 3691 3741; x_wconf 79' lang='lat' dir='ltr'><strong>campo</strong></span> 
     </span>
    </p>
   </div>
   <div class='ocr_carea' id='block_1_81' title="bbox 2105 3761 3689 3832">
    <p class='ocr_par' dir='ltr' id='par_1_81' title="bbox 2105 3761 3689 3832">
     <span class='ocr_line' id='line_1_81' title="bbox 2105 3761 3689 3832; baseline -0.008 -6"><span class='ocrx_word' id='word_1_587' title='bbox 2105 3781 2323 3826; x_wconf 85' lang='lat' dir='ltr'><strong>evectus</strong></span> <span class='ocrx_word' id='word_1_588' title='bbox 2370 3779 2472 3825; x_wconf 88' lang='lat' dir='ltr'><strong>est.</strong></span> <span class='ocrx_word' id='word_1_589' title='bbox 2508 3769 2585 3823; x_wconf 79' lang='lat' dir='ltr'><strong>Ex</strong></span> <span class='ocrx_word' id='word_1_590' title='bbox 2629 3768 2731 3823; x_wconf 87' lang='lat' dir='ltr'><strong>hoc</strong></span> <span class='ocrx_word' id='word_1_591' title='bbox 2766 3765 3106 3822; x_wconf 83' lang='lat' dir='ltr'><strong>Chrodieldis</strong></span> <span class='ocrx_word' id='word_1_592' title='bbox 3145 3765 3479 3820; x_wconf 87' lang='lat' dir='ltr'><strong>ordinatores</strong></span> <span class='ocrx_word' id='word_1_593' title='bbox 3520 3761 3689 3832; x_wconf 83' lang='lat' dir='ltr'><strong>eligit,</strong></span> 
     </span>
    </p>
   </div>
   <div class='ocr_carea' id='block_1_82' title="bbox 2105 3852 3694 3928">
    <p class='ocr_par' dir='ltr' id='par_1_82' title="bbox 2105 3852 3694 3928">
     <span class='ocr_line' id='line_1_82' title="bbox 2105 3852 3694 3928; baseline -0.005 -15"><span class='ocrx_word' id='word_1_594' title='bbox 2105 3861 2261 3915; x_wconf 85' lang='lat' dir='ltr'><strong>villas</strong></span> <span class='ocrx_word' id='word_1_595' title='bbox 2286 3858 2596 3916; x_wconf 84' lang='lat' dir='ltr'><strong>monasterii</strong></span> <span class='ocrx_word' id='word_1_596' title='bbox 2624 3857 2883 3928; x_wconf 87' lang='lat' dir='ltr'><strong>pervadit,</strong></span> <span class='ocrx_word' id='word_1_597' title='bbox 2909 3866 2963 3912; x_wconf 92' lang='lat' dir='ltr'><strong>ct</strong></span> <span class='ocrx_word' id='word_1_598' title='bbox 2986 3869 3329 3925; x_wconf 87' lang='lat' dir='ltr'><strong>quoscunque</strong></span> <span class='ocrx_word' id='word_1_599' title='bbox 3341 3852 3409 3907; x_wconf 92' lang='lat' dir='ltr'><strong>de</strong></span> <span class='ocrx_word' id='word_1_600' title='bbox 3422 3861 3694 3906; x_wconf 88' lang='lat' dir='ltr'><strong>monaste-</strong></span> 
     </span>
    </p>
   </div>
   <div class='ocr_carea' id='block_1_83' title="bbox 2109 3944 3695 4024">
    <p class='ocr_par' dir='ltr' id='par_1_83' title="bbox 2109 3944 3695 4024">
     <span class='ocr_line' id='line_1_83' title="bbox 2109 3944 3695 4024; baseline -0.009 -13"><span class='ocrx_word' id='word_1_601' title='bbox 2109 3956 2190 4011; x_wconf 89' lang='lat' dir='ltr'><strong>rio</strong></span> <span class='ocrx_word' id='word_1_602' title='bbox 2222 3955 2465 4024; x_wconf 86' lang='lat' dir='ltr'><strong>arripere</strong></span> <span class='ocrx_word' id='word_1_603' title='bbox 2487 3951 2768 4021; x_wconf 77' lang='lat' dir='ltr'><strong>potuisset,</strong></span> <span class='ocrx_word' id='word_1_604' title='bbox 2803 3951 2971 4020; x_wconf 85' lang='lat' dir='ltr'><strong>plagis</strong></span> <span class='ocrx_word' id='word_1_605' title='bbox 2999 3963 3063 4004; x_wconf 93' lang='lat' dir='ltr'><strong>ac</strong></span> <span class='ocrx_word' id='word_1_606' title='bbox 3091 3946 3326 4003; x_wconf 74' lang='lat' dir='ltr'><strong>cmdibus</strong></span> <span class='ocrx_word' id='word_1_607' title='bbox 3354 3944 3575 4001; x_wconf 74' lang='lat' dir='ltr'><strong>affectos</strong></span> <span class='ocrx_word' id='word_1_608' title='bbox 3595 3959 3695 3999; x_wconf 90' lang='lat' dir='ltr'><strong>suo</strong></span> 
     </span>
    </p>
   </div>
   <div class='ocr_carea' id='block_1_84' title="bbox 2106 4037 3693 4115">
    <p class='ocr_par' dir='ltr' id='par_1_84' title="bbox 2106 4037 3693 4115">
     <span class='ocr_line' id='line_1_84' title="bbox 2106 4037 3693 4115; baseline -0.009 -12"><span class='ocrx_word' id='word_1_609' title='bbox 2106 4046 2321 4103; x_wconf 70' lang='lat' dir='ltr'><strong>servitia</strong></span> <span class='ocrx_word' id='word_1_610' title='bbox 2352 4044 2691 4115; x_wconf 85' lang='lat' dir='ltr'><strong>snbjugabat,</strong></span> <span class='ocrx_word' id='word_1_611' title='bbox 2719 4043 2926 4097; x_wconf 81' lang='lat' dir='ltr'><strong>minans</strong></span> <span class='ocrx_word' id='word_1_612' title='bbox 2952 4041 3070 4096; x_wconf 88' lang='lat' dir='ltr'><strong>utsi</strong></span> <span class='ocrx_word' id='word_1_613' title='bbox 3096 4037 3480 4094; x_wconf 86' lang='lat' dir='ltr'><strong>monasterium</strong></span> <span class='ocrx_word' id='word_1_614' title='bbox 3508 4045 3693 4111; x_wconf 84' lang='lat' dir='ltr'><strong>posset</strong></span> 
     </span>
    </p>
   </div>
   <div class='ocr_carea' id='block_1_85' title="bbox 2107 4126 3695 4210">
    <p class='ocr_par' dir='ltr' id='par_1_85' title="bbox 2107 4126 3695 4210">
     <span class='ocr_line' id='line_1_85' title="bbox 2107 4126 3695 4210; baseline -0.011 -14"><span class='ocrx_word' id='word_1_615' title='bbox 2107 4139 2318 4210; x_wconf 88' lang='lat' dir='ltr'><strong>ingredi</strong></span> <span class='ocrx_word' id='word_1_616' title='bbox 2362 4137 2685 4193; x_wconf 86' lang='lat' dir='ltr'><strong>abbatissam</strong></span> <span class='ocrx_word' id='word_1_617' title='bbox 2725 4135 2794 4191; x_wconf 93' lang='lat' dir='ltr'><strong>de</strong></span> <span class='ocrx_word' id='word_1_618' title='bbox 2824 4149 2981 4189; x_wconf 89' lang='lat' dir='ltr'><strong>muro</strong></span> <span class='ocrx_word' id='word_1_619' title='bbox 3022 4131 3314 4202; x_wconf 75' lang='lat' dir='ltr'><strong>projectum</strong></span> <span class='ocrx_word' id='word_1_620' title='bbox 3355 4138 3513 4184; x_wconf 82' lang='lat' dir='ltr'><strong>teme</strong></span> <span class='ocrx_word' id='word_1_621' title='bbox 3556 4126 3695 4195; x_wconf 84' lang='lat' dir='ltr'><strong>deji-</strong></span> 
     </span>
    </p>
   </div>
   <div class='ocr_carea' id='block_1_86' title="bbox 2105 4217 3695 4295">
    <p class='ocr_par' dir='ltr' id='par_1_86' title="bbox 2105 4217 3695 4295">
     <span class='ocr_line' id='line_1_86' title="bbox 2105 4217 3695 4295; baseline -0.008 -11"><span class='ocrx_word' id='word_1_622' title='bbox 2105 4239 2278 4287; x_wconf 78' lang='lat' dir='ltr'><strong>&quot;reret.</strong></span> <span class='ocrx_word' id='word_1_623' title='bbox 2310 4228 2461 4295; x_wconf 76' lang='lat' dir='ltr'><strong>Quod</strong></span> <span class='ocrx_word' id='word_1_624' title='bbox 2488 4242 2611 4283; x_wconf 90' lang='lat' dir='ltr'><strong>cum</strong></span> <span class='ocrx_word' id='word_1_625' title='bbox 2640 4225 2988 4281; x_wconf 81' lang='lat' dir='ltr'><strong>Childeberto</strong></span> <span class='ocrx_word' id='word_1_626' title='bbox 3014 4223 3127 4294; x_wconf 88' lang='lat' dir='ltr'><strong>regi</strong></span> <span class='ocrx_word' id='word_1_627' title='bbox 3156 4221 3456 4278; x_wconf 83' lang='lat' dir='ltr'><strong>nuntiatum</strong></span> <span class='ocrx_word' id='word_1_628' title='bbox 3483 4217 3695 4284; x_wconf 78' lang='lat' dir='ltr'><strong>fuisset,</strong></span> 
     </span>
    </p>
   </div>
   <div class='ocr_carea' id='block_1_87' title="bbox 2108 4306 3697 4384">
    <p class='ocr_par' dir='ltr' id='par_1_87' title="bbox 2108 4306 3697 4384">
     <span class='ocr_line' id='line_1_87' title="bbox 2108 4306 3697 4384; baseline -0.009 -8"><span class='ocrx_word' id='word_1_629' title='bbox 2108 4321 2285 4377; x_wconf 87' lang='lat' dir='ltr'><strong>statim</strong></span> <span class='ocrx_word' id='word_1_630' title='bbox 2326 4319 2529 4374; x_wconf 89' lang='lat' dir='ltr'><strong>directa</strong></span> <span class='ocrx_word' id='word_1_631' title='bbox 2579 4314 2903 4371; x_wconf 87' lang='lat' dir='ltr'><strong>auctoritate</strong></span> <span class='ocrx_word' id='word_1_632' title='bbox 2949 4312 3201 4384; x_wconf 67' lang='lat' dir='ltr'><strong>pratcepit</strong></span> <span class='ocrx_word' id='word_1_633' title='bbox 3241 4308 3480 4367; x_wconf 76' lang='lat' dir='ltr'><strong>Macconi</strong></span> <span class='ocrx_word' id='word_1_634' title='bbox 3512 4306 3697 4363; x_wconf 77' lang='lat' dir='ltr'><strong>comiti</strong></span> 
     </span>
    </p>
   </div>
   <div class='ocr_carea' id='block_1_88' title="bbox 2109 4402 3699 4479">
    <p class='ocr_par' dir='ltr' id='par_1_88' title="bbox 2109 4402 3699 4479">
     <span class='ocr_line' id='line_1_88' title="bbox 2109 4402 3699 4479; baseline -0.008 -9"><span class='ocrx_word' id='word_1_635' title='bbox 2109 4424 2169 4471; x_wconf 89' lang='lat' dir='ltr'><strong>ut</strong></span> <span class='ocrx_word' id='word_1_636' title='bbox 2193 4415 2309 4469; x_wconf 83' lang='lat' dir='ltr'><strong>haec</strong></span> <span class='ocrx_word' id='word_1_637' title='bbox 2338 4414 2636 4479; x_wconf 78' lang='lat' dir='ltr'><strong>reprimere</strong></span> <span class='ocrx_word' id='word_1_638' title='bbox 2678 4410 2822 4465; x_wconf 90' lang='lat' dir='ltr'><strong>omni</strong></span> <span class='ocrx_word' id='word_1_639' title='bbox 2871 4409 3167 4465; x_wconf 90' lang='lat' dir='ltr'><strong>intentione</strong></span> <span class='ocrx_word' id='word_1_640' title='bbox 3205 4406 3448 4462; x_wconf 82' lang='lat' dir='ltr'><strong>deberet.</strong></span> <span class='ocrx_word' id='word_1_641' title='bbox 3481 4402 3699 4459; x_wconf 83' lang='lat' dir='ltr'><strong>Gunde-</strong></span> 
     </span>
    </p>
   </div>
   <div class='ocr_carea' id='block_1_89' title="bbox 2108 4498 3698 4577">
    <p class='ocr_par' dir='ltr' id='par_1_89' title="bbox 2108 4498 3698 4577">
     <span class='ocr_line' id='line_1_89' title="bbox 2108 4498 3698 4577; baseline -0.008 -14"><span class='ocrx_word' id='word_1_642' title='bbox 2108 4508 2295 4577; x_wconf 81' lang='lat' dir='ltr'><strong>gisitus</strong></span> <span class='ocrx_word' id='word_1_643' title='bbox 2322 4517 2500 4560; x_wconf 88' lang='lat' dir='ltr'><strong>autem</strong></span> <span class='ocrx_word' id='word_1_644' title='bbox 2529 4520 2650 4560; x_wconf 90' lang='lat' dir='ltr'><strong>cum</strong></span> <span class='ocrx_word' id='word_1_645' title='bbox 2684 4503 2780 4558; x_wconf 88' lang='lat' dir='ltr'><strong>bas</strong></span> <span class='ocrx_word' id='word_1_646' title='bbox 2801 4517 2831 4557; x_wconf 89' lang='lat' dir='ltr'><strong>a</strong></span> <span class='ocrx_word' id='word_1_647' title='bbox 2854 4498 3232 4557; x_wconf 88' lang='lat' dir='ltr'><strong>communione</strong></span> <span class='ocrx_word' id='word_1_648' title='bbox 3260 4510 3552 4566; x_wconf 80' lang='lat' dir='ltr'><strong>suSpensas</strong></span> <span class='ocrx_word' id='word_1_649' title='bbox 3573 4510 3698 4551; x_wconf 88' lang='lat' dir='ltr'><strong>cum</strong></span> 
     </span>
    </p>
   </div>
   <div class='ocr_carea' id='block_1_90' title="bbox 2109 4587 3699 4662">
    <p class='ocr_par' dir='ltr' id='par_1_90' title="bbox 2109 4587 3699 4662">
     <span class='ocr_line' id='line_1_90' title="bbox 2109 4587 3699 4662; baseline -0.008 -9"><span class='ocrx_word' id='word_1_650' title='bbox 2109 4598 2339 4662; x_wconf 54' lang='lat' dir='ltr'><strong>trs-teris,</strong></span> <span class='ocrx_word' id='word_1_651' title='bbox 2370 4606 2429 4650; x_wconf 90' lang='lat' dir='ltr'><strong>ut</strong></span> <span class='ocrx_word' id='word_1_652' title='bbox 2457 4596 2709 4661; x_wconf 84' lang='lat' dir='ltr'><strong>diximus,</strong></span> <span class='ocrx_word' id='word_1_653' title='bbox 2744 4593 3049 4660; x_wconf 87' lang='lat' dir='ltr'><strong>reliquisset</strong></span> <span class='ocrx_word' id='word_1_654' title='bbox 3086 4589 3375 4661; x_wconf 70' lang='lat' dir='ltr'><strong>cpiscolais,</strong></span> <span class='ocrx_word' id='word_1_655' title='bbox 3416 4587 3699 4659; x_wconf 83' lang='lat' dir='ltr'><strong>epistolam</strong></span> 
     </span>
    </p>
   </div>
   <div class='ocr_carea' id='block_1_91' title="bbox 392 4676 1995 4756">
    <p class='ocr_par' dir='ltr' id='par_1_91' title="bbox 392 4676 1995 4748">
     <span class='ocr_line' id='line_1_91' title="bbox 392 4676 1995 4748; baseline 0.002 -17"><span class='ocrx_word' id='word_1_656' title='bbox 392 4682 477 4736; x_wconf 87' lang='lat' dir='ltr'><strong>.nd</strong></span> <span class='ocrx_word' id='word_1_657' title='bbox 512 4680 732 4745; x_wconf 77' lang='lat' dir='ltr'><strong>belium,</strong></span> <span class='ocrx_word' id='word_1_658' title='bbox 764 4688 923 4746; x_wconf 87' lang='lat' dir='ltr'><strong>atque</strong></span> <span class='ocrx_word' id='word_1_659' title='bbox 959 4676 1200 4732; x_wconf 75' lang='lat' dir='ltr'><strong>dicentes</strong></span> <span class='ocrx_word' id='word_1_660' title='bbox 1226 4693 1242 4730; x_wconf 86' lang='lat'><strong>:</strong></span> <span class='ocrx_word' id='word_1_661' title='bbox 1272 4677 1404 4744; x_wconf 79' lang='lat' dir='ltr'><strong>Quia</strong></span> <span class='ocrx_word' id='word_1_662' title='bbox 1434 4677 1634 4748; x_wconf 76' lang='lat' dir='ltr'><strong>regina:</strong></span> <span class='ocrx_word' id='word_1_663' title='bbox 1671 4692 1876 4743; x_wconf 89' lang='lat' dir='ltr'><strong>sumus,</strong></span> <span class='ocrx_word' id='word_1_664' title='bbox 1906 4694 1995 4734; x_wconf 73' lang='lat' dir='ltr'><strong>nec</strong></span> 
     </span>
    </p>
   </div>
   <div class='ocr_carea' id='block_1_92' title="bbox 2104 4676 3700 4756">
    <p class='ocr_par' dir='ltr' id='par_1_92' title="bbox 2112 4679 3700 4756">
     <span class='ocr_line' id='line_1_92' title="bbox 2112 4679 3700 4756; baseline -0.009 -11"><span class='ocrx_word' id='word_1_665' title='bbox 2112 4706 2175 4745; x_wconf 68' lang='lat' dir='ltr'><strong>ex</strong></span> <span class='ocrx_word' id='word_1_666' title='bbox 2220 4706 2318 4744; x_wconf 89' lang='lat' dir='ltr'><strong>suo</strong></span> <span class='ocrx_word' id='word_1_667' title='bbox 2350 4688 2682 4756; x_wconf 86' lang='lat' dir='ltr'><strong>fratrumque</strong></span> <span class='ocrx_word' id='word_1_668' title='bbox 2722 4684 3066 4756; x_wconf 70' lang='lat' dir='ltr'><strong>prmsentiutn</strong></span> <span class='ocrx_word' id='word_1_669' title='bbox 3117 4682 3333 4737; x_wconf 91' lang='lat' dir='ltr'><strong>nomine</strong></span> <span class='ocrx_word' id='word_1_670' title='bbox 3376 4679 3700 4747; x_wconf 83' lang='lat' dir='ltr'><strong>conscripsit</strong></span> 
     </span>
    </p>
   </div>
   <div class='ocr_carea' id='block_1_93' title="bbox 392 4769 2005 4846">
    <p class='ocr_par' dir='ltr' id='par_1_93' title="bbox 392 4769 2005 4846">
     <span class='ocr_line' id='line_1_93' title="bbox 392 4769 2005 4846; baseline -0.004 -18"><span class='ocrx_word' id='word_1_671' title='bbox 392 4774 564 4846; x_wconf 73' lang='lat' dir='ltr'><strong>prius</strong></span> <span class='ocrx_word' id='word_1_672' title='bbox 592 4774 645 4827; x_wconf 93' lang='lat' dir='ltr'><strong>in</strong></span> <span class='ocrx_word' id='word_1_673' title='bbox 674 4770 1059 4826; x_wconf 86' lang='lat' dir='ltr'><strong>monasterium</strong></span> <span class='ocrx_word' id='word_1_674' title='bbox 1087 4779 1328 4824; x_wconf 85' lang='lat' dir='ltr'><strong>nostrum</strong></span> <span class='ocrx_word' id='word_1_675' title='bbox 1380 4769 1731 4838; x_wconf 82' lang='lat' dir='ltr'><strong>ingredimur,</strong></span> <span class='ocrx_word' id='word_1_676' title='bbox 1778 4771 1878 4826; x_wconf 88' lang='lat' dir='ltr'><strong>nisi</strong></span> <span class='ocrx_word' id='word_1_677' title='bbox 1908 4773 2005 4825; x_wconf 66' lang='lat' dir='ltr'><strong>ali-</strong></span> 
     </span>
    </p>
   </div>
   <div class='ocr_carea' id='block_1_94' title="bbox 382 4863 2002 4935">
    <p class='ocr_par' dir='ltr' id='par_1_94' title="bbox 382 4863 2002 4935">
     <span class='ocr_line' id='line_1_94' title="bbox 382 4863 2002 4935; baseline 0.004 -18"><span class='ocrx_word' id='word_1_678' title='bbox 382 4868 608 4933; x_wconf 62' lang='lat' dir='ltr'><strong>:sbatissa</strong></span> <span class='ocrx_word' id='word_1_679' title='bbox 656 4865 906 4935; x_wconf 82' lang='lat' dir='ltr'><strong>ejiciatur</strong></span> <span class='ocrx_word' id='word_1_680' title='bbox 933 4863 1100 4925; x_wconf 75' lang='lat' dir='ltr'><strong>foras.</strong></span> <span class='ocrx_word' id='word_1_681' title='bbox 1133 4863 1267 4925; x_wconf 83' lang='lat' dir='ltr'><strong>Erat</strong></span> <span class='ocrx_word' id='word_1_682' title='bbox 1306 4863 1379 4923; x_wconf 82' lang='lat' dir='ltr'><strong>ibi</strong></span> <span class='ocrx_word' id='word_1_683' title='bbox 1425 4872 1551 4927; x_wconf 81' lang='lat' dir='ltr'><strong>tunc</strong></span> <span class='ocrx_word' id='word_1_684' title='bbox 1582 4867 1824 4923; x_wconf 82' lang='lat' dir='ltr'><strong>reclausa</strong></span> <span class='ocrx_word' id='word_1_685' title='bbox 1852 4881 2002 4935; x_wconf 64' lang='lat' dir='ltr'><strong>quinv</strong></span> 
     </span>
    </p>
   </div>
   <div class='ocr_carea' id='block_1_95' title="bbox 394 4958 1996 5031">
    <p class='ocr_par' dir='ltr' id='par_1_95' title="bbox 394 4958 1996 5031">
     <span class='ocr_line' id='line_1_95' title="bbox 394 4958 1996 5031; baseline -0.004 -14"><span class='ocrx_word' id='word_1_686' title='bbox 394 4966 557 5031; x_wconf 22' lang='lat' dir='ltr'><strong>idem,</strong></span> <span class='ocrx_word' id='word_1_687' title='bbox 580 4979 699 5031; x_wconf 69' lang='lat' dir='ltr'><strong>qua:</strong></span> <span class='ocrx_word' id='word_1_688' title='bbox 722 4971 847 5014; x_wconf 84' lang='lat' dir='ltr'><strong>ante</strong></span> <span class='ocrx_word' id='word_1_689' title='bbox 871 4972 1071 5030; x_wconf 79' lang='lat' dir='ltr'><strong>paucos</strong></span> <span class='ocrx_word' id='word_1_690' title='bbox 1091 4973 1266 5013; x_wconf 82' lang='lat' dir='ltr'><strong>annos</strong></span> <span class='ocrx_word' id='word_1_691' title='bbox 1283 4972 1379 5027; x_wconf 86' lang='lat' dir='ltr'><strong>per</strong></span> <span class='ocrx_word' id='word_1_692' title='bbox 1408 4972 1615 5029; x_wconf 70' lang='lat' dir='ltr'><strong>murum</strong></span> <span class='ocrx_word' id='word_1_693' title='bbox 1642 4972 1701 5013; x_wconf 84' lang='lat' dir='ltr'><strong>se</strong></span> <span class='ocrx_word' id='word_1_694' title='bbox 1720 4958 1996 5027; x_wconf 66' lang='lat' dir='ltr'><strong>dejiciens,</strong></span> 
     </span>
    </p>
   </div>
   <div class='ocr_carea' id='block_1_96' title="bbox 396 5048 2001 5119">
    <p class='ocr_par' dir='ltr' id='par_1_96' title="bbox 396 5048 2001 5119">
     <span class='ocr_line' id='line_1_96' title="bbox 396 5048 2001 5119; baseline -0.004 -10"><span class='ocrx_word' id='word_1_695' title='bbox 396 5055 481 5109; x_wconf 65' lang='lat' dir='ltr'><strong>:ﬂd</strong></span> <span class='ocrx_word' id='word_1_696' title='bbox 512 5053 790 5113; x_wconf 72' lang='lat' dir='ltr'><strong>basilicam</strong></span> <span class='ocrx_word' id='word_1_697' title='bbox 836 5050 1011 5105; x_wconf 76' lang='lat' dir='ltr'><strong>sancti</strong></span> <span class='ocrx_word' id='word_1_698' title='bbox 1041 5050 1222 5105; x_wconf 80' lang='lat' dir='ltr'><strong>Hilarii</strong></span> <span class='ocrx_word' id='word_1_699' title='bbox 1255 5048 1514 5119; x_wconf 77' lang='lat' dir='ltr'><strong>confugit,</strong></span> <span class='ocrx_word' id='word_1_700' title='bbox 1543 5049 1708 5104; x_wconf 83' lang='lat' dir='ltr'><strong>multa</strong></span> <span class='ocrx_word' id='word_1_701' title='bbox 1758 5049 1810 5104; x_wconf 85' lang='lat' dir='ltr'><strong>in</strong></span> <span class='ocrx_word' id='word_1_702' title='bbox 1839 5049 2001 5104; x_wconf 89' lang='lat' dir='ltr'><strong>abba-</strong></span> 
     </span>
    </p>
   </div>
   <div class='ocr_carea' id='block_1_97' title="bbox 396 5140 2001 5213">
    <p class='ocr_par' dir='ltr' id='par_1_97' title="bbox 396 5140 2001 5213">
     <span class='ocr_line' id='line_1_97' title="bbox 396 5140 2001 5213; baseline -0.004 -10"><span class='ocrx_word' id='word_1_703' title='bbox 396 5147 605 5207; x_wconf 62' lang='lat' dir='ltr'><strong>atissam</strong></span> <span class='ocrx_word' id='word_1_704' title='bbox 647 5143 881 5205; x_wconf 73' lang='lat' dir='ltr'><strong>crimina</strong></span> <span class='ocrx_word' id='word_1_705' title='bbox 902 5157 1180 5212; x_wconf 76' lang='lat' dir='ltr'><strong>evomens,</strong></span> <span class='ocrx_word' id='word_1_706' title='bbox 1210 5157 1331 5213; x_wconf 73' lang='lat' dir='ltr'><strong>qua:</strong></span> <span class='ocrx_word' id='word_1_707' title='bbox 1377 5152 1553 5203; x_wconf 83' lang='lat' dir='ltr'><strong>tamen</strong></span> <span class='ocrx_word' id='word_1_708' title='bbox 1588 5142 1719 5201; x_wconf 82' lang='lat' dir='ltr'><strong>falsa</strong></span> <span class='ocrx_word' id='word_1_709' title='bbox 1746 5140 2001 5211; x_wconf 73' lang='lat' dir='ltr'><strong>cogrwvi-</strong></span> 
     </span>
    </p>
   </div>
   <div class='ocr_carea' id='block_1_98' title="bbox 489 5276 2003 5348">
    <p class='ocr_par' dir='ltr' id='par_1_98' title="bbox 489 5276 2003 5348">
     <span class='ocr_line' id='line_1_98' title="bbox 489 5276 2003 5348; baseline -0.001 -15"><span class='ocrx_word' id='word_1_710' title='bbox 489 5288 514 5315; x_wconf 76' lang='grc' dir='ltr'>ἰ</span> <span class='ocrx_word' id='word_1_711' title='bbox 549 5276 846 5343; x_wconf 73' lang='lat' dir='ltr'><strong>Specialem</strong></span> <span class='ocrx_word' id='word_1_712' title='bbox 875 5276 1032 5348; x_wconf 74' lang='lat' dir='ltr'><strong>huius</strong></span> <span class='ocrx_word' id='word_1_713' title='bbox 1057 5277 1279 5345; x_wconf 88' lang='lat' dir='ltr'><strong>insignis</strong></span> <span class='ocrx_word' id='word_1_714' title='bbox 1310 5276 1410 5331; x_wconf 88' lang='lat' dir='ltr'><strong>loci</strong></span> <span class='ocrx_word' id='word_1_715' title='bbox 1440 5291 1621 5335; x_wconf 86' lang='lat' dir='ltr'><strong>curam</strong></span> <span class='ocrx_word' id='word_1_716' title='bbox 1657 5293 1810 5348; x_wconf 76' lang='lat' dir='ltr'><strong>rcges</strong></span> <span class='ocrx_word' id='word_1_717' title='bbox 1838 5279 2003 5333; x_wconf 80' lang='lat' dir='ltr'><strong>nostri</strong></span> 
     </span>
    </p>
   </div>
   <div class='ocr_carea' id='block_1_99' title="bbox 398 5348 2002 5418">
    <p class='ocr_par' dir='ltr' id='par_1_99' title="bbox 398 5348 2002 5418">
     <span class='ocr_line' id='line_1_99' title="bbox 398 5348 2002 5418; baseline 0.001 -16"><span class='ocrx_word' id='word_1_718' title='bbox 398 5364 631 5415; x_wconf 58' lang='lat' dir='ltr'><strong>sectamur</strong></span> <span class='ocrx_word' id='word_1_719' title='bbox 667 5348 925 5418; x_wconf 77' lang='lat' dir='ltr'><strong>habuere,</strong></span> <span class='ocrx_word' id='word_1_720' title='bbox 967 5356 1021 5405; x_wconf 90' lang='lat' dir='ltr'><strong>ut</strong></span> <span class='ocrx_word' id='word_1_721' title='bbox 1052 5358 1198 5418; x_wconf 88' lang='lat' dir='ltr'><strong>patet</strong></span> <span class='ocrx_word' id='word_1_722' title='bbox 1226 5362 1296 5418; x_wconf 15' lang='lat' dir='ltr'><strong>ex,</strong></span> <span class='ocrx_word' id='word_1_723' title='bbox 1330 5349 1605 5417; x_wconf 84' lang='lat' dir='ltr'><strong>capitulari</strong></span> <span class='ocrx_word' id='word_1_724' title='bbox 1644 5349 1895 5405; x_wconf 83' lang='lat' dir='ltr'><strong>Ludovici</strong></span> <span class='ocrx_word' id='word_1_725' title='bbox 1929 5351 2002 5404; x_wconf 88' lang='lat' dir='ltr'><strong>Pii</strong></span> 
     </span>
    </p>
   </div>
   <div class='ocr_carea' id='block_1_100' title="bbox 400 5416 2005 5485">
    <p class='ocr_par' dir='ltr' id='par_1_100' title="bbox 400 5416 2005 5485">
     <span class='ocr_line' id='line_1_100' title="bbox 400 5416 2005 5485; baseline 0.001 -12"><span class='ocrx_word' id='word_1_726' title='bbox 400 5422 558 5477; x_wconf 61' lang='grc' dir='ltr'><strong>τρίται</strong></span> <span class='ocrx_word' id='word_1_727' title='bbox 589 5432 785 5474; x_wconf 87' lang='lat' dir='ltr'><strong>annum</strong></span> <span class='ocrx_word' id='word_1_728' title='bbox 813 5416 918 5475; x_wconf 73' lang='lat'><strong>8‘22</strong></span> <span class='ocrx_word' id='word_1_729' title='bbox 957 5416 1095 5485; x_wconf 80' lang='lat' dir='ltr'><strong>apud</strong></span> <span class='ocrx_word' id='word_1_730' title='bbox 1123 5416 1418 5481; x_wconf 67' lang='lat' dir='ltr'><strong>Baluzium,</strong></span> <span class='ocrx_word' id='word_1_731' title='bbox 1450 5419 1590 5482; x_wconf 85' lang='lat' dir='ltr'><strong>quod</strong></span> <span class='ocrx_word' id='word_1_732' title='bbox 1626 5429 1793 5477; x_wconf 86' lang='lat' dir='ltr'><strong>totum</strong></span> <span class='ocrx_word' id='word_1_733' title='bbox 1826 5431 1905 5473; x_wconf 88' lang='lat' dir='ltr'><strong>est</strong></span> <span class='ocrx_word' id='word_1_734' title='bbox 1938 5422 2005 5476; x_wconf 90' lang='lat' dir='ltr'><strong>de</strong></span> 
     </span>
    </p>
   </div>
   <div class='ocr_carea' id='block_1_101' title="bbox 402 5487 2002 5555">
    <p class='ocr_par' dir='ltr' id='par_1_101' title="bbox 402 5487 2002 5555">
     <span class='ocr_line' id='line_1_101' title="bbox 402 5487 2002 5555; baseline -0.002 -9"><span class='ocrx_word' id='word_1_735' title='bbox 402 5492 520 5547; x_wconf 67' lang='lat' dir='ltr'><strong>820i:</strong></span> <span class='ocrx_word' id='word_1_736' title='bbox 552 5488 894 5545; x_wconf 84' lang='lat' dir='ltr'><strong>monasterio.</strong></span> <span class='ocrx_word' id='word_1_737' title='bbox 944 5487 1142 5543; x_wconf 88' lang='lat' dir='ltr'><strong>Locum</strong></span> <span class='ocrx_word' id='word_1_738' title='bbox 1192 5488 1424 5543; x_wconf 84' lang='lat' dir='ltr'><strong>habebat</strong></span> <span class='ocrx_word' id='word_1_739' title='bbox 1467 5487 1607 5542; x_wconf 86' lang='lat' dir='ltr'><strong>inter</strong></span> <span class='ocrx_word' id='word_1_740' title='bbox 1654 5491 2002 5555; x_wconf 49' lang='lat' dir='ltr'><strong>monasteria,</strong></span> 
     </span>
    </p>
   </div>
   <div class='ocr_carea' id='block_1_102' title="bbox 400 5556 2005 5626">
    <p class='ocr_par' dir='ltr' id='par_1_102' title="bbox 400 5556 2005 5626">
     <span class='ocr_line' id='line_1_102' title="bbox 400 5556 2005 5626; baseline 0.003 -18"><span class='ocrx_word' id='word_1_741' title='bbox 400 5579 537 5626; x_wconf 56' lang='lat' dir='ltr'><strong>4pm:</strong></span> <span class='ocrx_word' id='word_1_742' title='bbox 574 5562 640 5619; x_wconf 80' lang='lat' dir='ltr'><strong>ab</strong></span> <span class='ocrx_word' id='word_1_743' title='bbox 669 5560 812 5613; x_wconf 88' lang='lat' dir='ltr'><strong>omni</strong></span> <span class='ocrx_word' id='word_1_744' title='bbox 844 5557 1028 5617; x_wconf 85' lang='lat' dir='ltr'><strong>militia</strong></span> <span class='ocrx_word' id='word_1_745' title='bbox 1061 5569 1115 5611; x_wconf 91' lang='lat' dir='ltr'><strong>et</strong></span> <span class='ocrx_word' id='word_1_746' title='bbox 1152 5556 1294 5612; x_wconf 88' lang='lat' dir='ltr'><strong>dono</strong></span> <span class='ocrx_word' id='word_1_747' title='bbox 1332 5558 1526 5623; x_wconf 86' lang='lat' dir='ltr'><strong>libera,</strong></span> <span class='ocrx_word' id='word_1_748' title='bbox 1558 5559 1699 5610; x_wconf 89' lang='lat' dir='ltr'><strong>solas</strong></span> <span class='ocrx_word' id='word_1_749' title='bbox 1732 5561 2005 5613; x_wconf 83' lang='lat' dir='ltr'><strong>orationes</strong></span> 
     </span>
    </p>
   </div>
   <div class='ocr_carea' id='block_1_103' title="bbox 406 5626 2013 5711">
    <p class='ocr_par' dir='ltr' id='par_1_103' title="bbox 406 5626 2013 5711">
     <span class='ocr_line' id='line_1_103' title="bbox 406 5626 2013 5711; baseline 0.004 -34"><span class='ocrx_word' id='word_1_750' title='bbox 406 5632 731 5711; x_wconf 63' lang='lat' dir='ltr'><strong>dmperatori</strong></span> <span class='ocrx_word' id='word_1_751' title='bbox 757 5630 1045 5711; x_wconf 65' lang='lat' dir='ltr'><strong>debebant,</strong></span> <span class='ocrx_word' id='word_1_752' title='bbox 1062 5636 1135 5689; x_wconf 75' lang='grc' dir='ltr'><strong>,ιιι</strong></span> <span class='ocrx_word' id='word_1_753' title='bbox 1159 5635 1397 5707; x_wconf 65' lang='lat' dir='ltr'><strong>patetex</strong></span> <span class='ocrx_word' id='word_1_754' title='bbox 1429 5626 1630 5711; x_wconf 60' lang='lat' dir='ltr'><strong>Notitia</strong></span> <span class='ocrx_word' id='word_1_755' title='bbox 1658 5643 1719 5682; x_wconf 87' lang='lat' dir='ltr'><strong>ea</strong></span> <span class='ocrx_word' id='word_1_756' title='bbox 1747 5630 1814 5681; x_wconf 85' lang='lat' dir='ltr'><strong>de</strong></span> <span class='ocrx_word' id='word_1_757' title='bbox 1846 5645 1905 5684; x_wconf 90' lang='lat' dir='ltr'><strong>re</strong></span> <span class='ocrx_word' id='word_1_758' title='bbox 1936 5631 2013 5685; x_wconf 87' lang='lat' dir='ltr'><strong>fa-</strong></span> 
     </span>
    </p>
   </div>
   <div class='ocr_carea' id='block_1_104' title="bbox 404 5697 1630 5769">
    <p class='ocr_par' dir='ltr' id='par_1_104' title="bbox 404 5697 1630 5769">
     <span class='ocr_line' id='line_1_104' title="bbox 404 5697 1630 5769; baseline -0.003 -15"><span class='ocrx_word' id='word_1_759' title='bbox 404 5697 511 5769; x_wconf 52' lang='lat' dir='ltr'><strong>scia</strong></span> <span class='ocrx_word' id='word_1_760' title='bbox 532 5700 582 5755; x_wconf 88' lang='lat' dir='ltr'><strong>in</strong></span> <span class='ocrx_word' id='word_1_761' title='bbox 611 5713 883 5757; x_wconf 80' lang='lat' dir='ltr'><strong>conventu</strong></span> <span class='ocrx_word' id='word_1_762' title='bbox 913 5697 1354 5769; x_wconf 81' lang='lat' dir='ltr'><strong>Aquisgranensi,</strong></span> <span class='ocrx_word' id='word_1_763' title='bbox 1385 5714 1471 5751; x_wconf 87' lang='lat' dir='ltr'><strong>an.</strong></span> <span class='ocrx_word' id='word_1_764' title='bbox 1500 5699 1630 5753; x_wconf 90' lang='lat' dir='ltr'><strong>8l7.</strong></span> 
     </span>
    </p>
   </div>
   <div class='ocr_carea' id='block_1_105' title="bbox 476 5766 2011 5834">
    <p class='ocr_par' dir='ltr' id='par_1_105' title="bbox 476 5766 2011 5834">
     <span class='ocr_line' id='line_1_105' title="bbox 476 5766 2011 5834; baseline 0.001 -11"><span class='ocrx_word' id='word_1_765' title='bbox 476 5766 522 5808; x_wconf 50' lang='grc' dir='ltr'><strong>νδ</strong></span> <span class='ocrx_word' id='word_1_766' title='bbox 542 5771 711 5834; x_wconf 82' lang='lat' dir='ltr'><strong>Editi,</strong></span> <span class='ocrx_word' id='word_1_767' title='bbox 738 5771 933 5824; x_wconf 64' lang='lat' dir='ltr'><strong>casteria</strong></span> <span class='ocrx_word' id='word_1_768' title='bbox 960 5766 1354 5823; x_wconf 65' lang='lat' dir='ltr'><strong>accommodatis</strong></span> <span class='ocrx_word' id='word_1_769' title='bbox 1385 5770 1698 5823; x_wconf 78' lang='lat' dir='ltr'><strong>consobrintr</strong></span> <span class='ocrx_word' id='word_1_770' title='bbox 1724 5786 1827 5827; x_wconf 79' lang='lat' dir='ltr'><strong>sua:</strong></span> <span class='ocrx_word' id='word_1_771' title='bbox 1851 5770 2011 5826; x_wconf 79' lang='lat' dir='ltr'><strong>Citra-</strong></span> 
     </span>
    </p>
   </div>
   <div class='ocr_carea' id='block_1_106' title="bbox 425 5840 1689 5909">
    <p class='ocr_par' dir='ltr' id='par_1_106' title="bbox 425 5840 1689 5909">
     <span class='ocr_line' id='line_1_106' title="bbox 425 5840 1689 5909; baseline -0.002 -16"><span class='ocrx_word' id='word_1_772' title='bbox 425 5840 596 5894; x_wconf 69' lang='lat' dir='ltr'><strong>llicidi</strong></span> <span class='ocrx_word' id='word_1_773' title='bbox 625 5840 1120 5909; x_wconf 65' lang='lat' dir='ltr'><strong>sanctimonialibua,</strong></span> <span class='ocrx_word' id='word_1_774' title='bbox 1155 5840 1222 5892; x_wconf 89' lang='lat' dir='ltr'><strong>ad</strong></span> <span class='ocrx_word' id='word_1_775' title='bbox 1253 5856 1440 5909; x_wconf 70' lang='lat' dir='ltr'><strong>regem,</strong></span> <span class='ocrx_word' id='word_1_776' title='bbox 1463 5851 1567 5892; x_wconf 81' lang='lat' dir='ltr'><strong>etc.</strong></span> <span class='ocrx_word' id='word_1_777' title='bbox 1680 5860 1689 5867; x_wconf 90' lang='grc'>·</span> 
     </span>
    </p>
   </div>
   <div class='ocr_carea' id='block_1_107' title="bbox 501 5909 2009 5981">
    <p class='ocr_par' dir='ltr' id='par_1_107' title="bbox 501 5909 2009 5981">
     <span class='ocr_line' id='line_1_107' title="bbox 501 5909 2009 5981; baseline 0.001 -14"><span class='ocrx_word' id='word_1_778' title='bbox 501 5920 522 5949; x_wconf 79' lang='grc'><strong><em>⁸</em></strong></span> <span class='ocrx_word' id='word_1_779' title='bbox 556 5910 686 5977; x_wconf 76' lang='lat' dir='ltr'><strong>AL,</strong></span> <span class='ocrx_word' id='word_1_780' title='bbox 748 5909 1114 5968; x_wconf 75' lang='lat' dir='ltr'><strong>Ecolesiucnsi.</strong></span> <span class='ocrx_word' id='word_1_781' title='bbox 1169 5911 1495 5981; x_wconf 84' lang='lat' dir='ltr'><strong>Subscripsit</strong></span> <span class='ocrx_word' id='word_1_782' title='bbox 1553 5927 1705 5968; x_wconf 86' lang='lat' dir='ltr'><strong>conc.</strong></span> <span class='ocrx_word' id='word_1_783' title='bbox 1768 5912 2009 5969; x_wconf 79' lang='lat' dir='ltr'><strong>Matisco-</strong></span> 
     </span>
    </p>
   </div>
   <div class='ocr_carea' id='block_1_108' title="bbox 2109 4770 3700 4845">
    <p class='ocr_par' dir='ltr' id='par_1_108' title="bbox 2109 4770 3700 4845">
     <span class='ocr_line' id='line_1_108' title="bbox 2109 4770 3700 4845; baseline -0.009 -9"><span class='ocrx_word' id='word_1_784' title='bbox 2109 4782 2175 4836; x_wconf 91' lang='lat' dir='ltr'><strong>ad</strong></span> <span class='ocrx_word' id='word_1_785' title='bbox 2209 4779 2519 4837; x_wconf 86' lang='lat' dir='ltr'><strong>sacerdotes</strong></span> <span class='ocrx_word' id='word_1_786' title='bbox 2549 4779 2696 4845; x_wconf 78' lang='lat' dir='ltr'><strong>iilos,</strong></span> <span class='ocrx_word' id='word_1_787' title='bbox 2725 4777 2814 4845; x_wconf 85' lang='lat' dir='ltr'><strong>qui</strong></span> <span class='ocrx_word' id='word_1_788' title='bbox 2848 4785 2975 4830; x_wconf 90' lang='lat' dir='ltr'><strong>tunc</strong></span> <span class='ocrx_word' id='word_1_789' title='bbox 3001 4788 3271 4842; x_wconf 72' lang='lat' dir='ltr'><strong>cumrege</strong></span> <span class='ocrx_word' id='word_1_790' title='bbox 3295 4770 3700 4827; x_wconf 84' lang='lat' dir='ltr'><strong>Gnntcltramno</strong></span> 
     </span>
    </p>
   </div>
   <div class='ocr_carea' id='block_1_109' title="bbox 2106 4861 3693 4943">
    <p class='ocr_par' dir='ltr' id='par_1_109' title="bbox 2106 4861 3693 4943">
     <span class='ocr_line' id='line_1_109' title="bbox 2106 4861 3693 4943; baseline -0.013 -5"><span class='ocrx_word' id='word_1_791' title='bbox 2106 4873 2321 4937; x_wconf 67' lang='lat' dir='ltr'><strong>fuerant</strong></span> <span class='ocrx_word' id='word_1_792' title='bbox 2342 4874 2611 4943; x_wconf 73' lang='lat' dir='ltr'><strong>aggregati</strong></span> <span class='ocrx_word' id='word_1_793' title='bbox 2638 4869 2701 4925; x_wconf 66' lang='grc' dir='ltr'><strong>ιε</strong></span> <span class='ocrx_word' id='word_1_794' title='bbox 2741 4868 2979 4940; x_wconf 77' lang='lat' dir='ltr'><strong>aquibus</strong></span> <span class='ocrx_word' id='word_1_795' title='bbox 3009 4869 3124 4927; x_wconf 74' lang='lat' dir='ltr'><strong>huic</strong></span> <span class='ocrx_word' id='word_1_796' title='bbox 3149 4866 3409 4934; x_wconf 79' lang='lat' dir='ltr'><strong>rescripta</strong></span> <span class='ocrx_word' id='word_1_797' title='bbox 3437 4861 3693 4932; x_wconf 77' lang='lat' dir='ltr'><strong>suscepit.</strong></span> 
     </span>
    </p>
   </div>
   <div class='ocr_carea' id='block_1_110' title="bbox 2610 5013 3214 5059">
    <p class='ocr_par' dir='ltr' id='par_1_110' title="bbox 2610 5013 3214 5059">
     <span class='ocr_line' id='line_1_110' title="bbox 2610 5013 3214 5059; baseline -0.012 0"><span class='ocrx_word' id='word_1_798' title='bbox 2610 5017 2890 5059; x_wconf 65' lang='grc' dir='ltr'><strong>εῐιιιῐιιηυι</strong></span> <span class='ocrx_word' id='word_1_799' title='bbox 2922 5013 3214 5055; x_wconf 78' lang='lat' dir='ltr'><strong>RESCRIPTI.</strong></span> 
     </span>
    </p>
   </div>
   <div class='ocr_carea' id='block_1_111' title="bbox 2190 5125 3701 5206">
    <p class='ocr_par' dir='ltr' id='par_1_111' title="bbox 2190 5125 3701 5206">
     <span class='ocr_line' id='line_1_111' title="bbox 2190 5125 3701 5206; baseline -0.011 -10"><span class='ocrx_word' id='word_1_800' title='bbox 2190 5140 2445 5198; x_wconf 65' lang='lat' dir='ltr'><strong>«Domnis</strong></span> <span class='ocrx_word' id='word_1_801' title='bbox 2470 5152 2685 5206; x_wconf 71' lang='lat' dir='ltr'><strong>Semper</strong></span> <span class='ocrx_word' id='word_1_802' title='bbox 2710 5135 2821 5190; x_wconf 88' lang='lat' dir='ltr'><strong>suis</strong></span> <span class='ocrx_word' id='word_1_803' title='bbox 2842 5144 2893 5200; x_wconf 73' lang='grc' dir='ltr'><strong>ε,</strong></span> <span class='ocrx_word' id='word_1_804' title='bbox 2927 5142 3087 5203; x_wconf 89' lang='lat' dir='ltr'><strong>atque</strong></span> <span class='ocrx_word' id='word_1_805' title='bbox 3116 5126 3549 5201; x_wconf 81' lang='lat' dir='ltr'><strong>apostolicasede</strong></span> <span class='ocrx_word' id='word_1_806' title='bbox 3577 5125 3701 5201; x_wconf 73' lang='lat' dir='ltr'><strong>dig—</strong></span> 
     </span>
    </p>
   </div>
   <div class='ocr_carea' id='block_1_112' title="bbox 2115 5263 3704 5339">
    <p class='ocr_par' dir='ltr' id='par_1_112' title="bbox 2115 5263 3704 5339">
     <span class='ocr_line' id='line_1_112' title="bbox 2115 5263 3704 5339; baseline -0.011 -4"><span class='ocrx_word' id='word_1_807' title='bbox 2115 5276 2265 5335; x_wconf 82' lang='lat' dir='ltr'><strong>nensi</strong></span> <span class='ocrx_word' id='word_1_808' title='bbox 2299 5291 2357 5339; x_wconf 79' lang='grc' dir='ltr'><strong>υ,</strong></span> <span class='ocrx_word' id='word_1_809' title='bbox 2387 5273 2476 5328; x_wconf 88' lang='lat' dir='ltr'><strong>ubi</strong></span> <span class='ocrx_word' id='word_1_810' title='bbox 2505 5272 2697 5325; x_wconf 85' lang='lat' dir='ltr'><strong>dicitur</strong></span> <span class='ocrx_word' id='word_1_811' title='bbox 2744 5268 2986 5323; x_wconf 82' lang='lat' dir='ltr'><strong>Nicasms</strong></span> <span class='ocrx_word' id='word_1_812' title='bbox 3022 5266 3453 5339; x_wconf 60' lang='lat' dir='ltr'><strong>Aquilincnsium.</strong></span> <span class='ocrx_word' id='word_1_813' title='bbox 3483 5263 3704 5320; x_wconf 82' lang='lat' dir='ltr'><strong>Gunde-</strong></span> 
     </span>
    </p>
   </div>
   <div class='ocr_carea' id='block_1_113' title="bbox 2112 5334 3705 5471">
    <p class='ocr_par' dir='ltr' id='par_1_113' title="bbox 2112 5334 3705 5471">
     <span class='ocr_line' id='line_1_113' title="bbox 2112 5334 3705 5471; baseline -0.005 -72"><span class='ocrx_word' id='word_1_814' title='bbox 2112 5347 2302 5471; x_wconf 62' lang='lat' dir='ltr'><strong>filsilus</strong></span> <span class='ocrx_word' id='word_1_815' title='bbox 2345 5334 2525 5398; x_wconf 78' lang='lat' dir='ltr'><strong>autem</strong></span> <span class='ocrx_word' id='word_1_816' title='bbox 2553 5340 2985 5464; x_wconf 52' lang='lat' dir='ltr'><strong>_liurdegatensis</strong></span> <span class='ocrx_word' id='word_1_817' title='bbox 3028 5334 3273 5393; x_wconf 76' lang='lat' dir='ltr'><strong>laudatur</strong></span> <span class='ocrx_word' id='word_1_818' title='bbox 3314 5352 3345 5393; x_wconf 84' lang='lat' dir='ltr'><strong>a</strong></span> <span class='ocrx_word' id='word_1_819' title='bbox 3387 5334 3705 5401; x_wconf 77' lang='lat' dir='ltr'><strong>Fortunato,</strong></span> 
     </span>
     <span class='ocr_line' id='line_1_114' title="bbox 2139 5428 2641 5471; baseline -0.012 -1"><span class='ocrx_word' id='word_1_820' title='bbox 2139 5434 2209 5470; x_wconf 75' lang='grc' dir='ltr'><strong>ι).</strong></span> <span class='ocrx_word' id='word_1_821' title='bbox 2240 5432 2331 5471; x_wconf 86' lang='lat' dir='ltr'><strong>vn.</strong></span> <span class='ocrx_word' id='word_1_822' title='bbox 2362 5430 2529 5468; x_wconf 89' lang='lat' dir='ltr'><strong>carm.</strong></span> <span class='ocrx_word' id='word_1_823' title='bbox 2555 5428 2586 5464; x_wconf 79' lang='grc' dir='ltr'>ο</span> <span class='ocrx_word' id='word_1_824' title='bbox 2628 5451 2641 5464; x_wconf 94' lang='grc'><strong>.</strong></span> 
     </span>
    </p>
   </div>
   <div class='ocr_carea' id='block_1_114' title="bbox 2139 5412 2641 5479">
    <p class='ocr_par' dir='ltr' id='par_1_114' title="bbox 2139 5412 2641 5479">
     <span class='ocr_line' id='line_1_115' title="bbox 2139 5412 2641 5479; baseline -0.01 -10"><span class='ocrx_word' id='word_1_825' title='bbox 2139 5412 2209 5470; x_wconf 74' lang='grc' dir='ltr'><strong>ἰΙ).</strong></span> <span class='ocrx_word' id='word_1_826' title='bbox 2240 5432 2331 5479; x_wconf 84' lang='lat' dir='ltr'><strong>vn,</strong></span> <span class='ocrx_word' id='word_1_827' title='bbox 2362 5430 2529 5468; x_wconf 88' lang='lat' dir='ltr'><strong>carm.</strong></span> <span class='ocrx_word' id='word_1_828' title='bbox 2553 5412 2641 5464; x_wconf 82' lang='grc'><strong>51.</strong></span> 
     </span>
    </p>
   </div>
   <div class='ocr_carea' id='block_1_115' title="bbox 2186 5474 3706 5546">
    <p class='ocr_par' dir='ltr' id='par_1_115' title="bbox 2186 5474 3706 5546">
     <span class='ocr_line' id='line_1_116' title="bbox 2186 5474 3706 5546; baseline -0.01 -5"><span class='ocrx_word' id='word_1_829' title='bbox 2186 5485 2213 5523; x_wconf 79' lang='grc'><strong>(³</strong></span> <span class='ocrx_word' id='word_1_830' title='bbox 2248 5474 2556 5545; x_wconf 70' lang='lat' dir='ltr'><strong>Huriones,</strong></span> <span class='ocrx_word' id='word_1_831' title='bbox 2604 5498 2735 5546; x_wconf 91' lang='lat' dir='ltr'><strong>seu,</strong></span> <span class='ocrx_word' id='word_1_832' title='bbox 2790 5490 2847 5534; x_wconf 94' lang='lat' dir='ltr'><strong>ut</strong></span> <span class='ocrx_word' id='word_1_833' title='bbox 2894 5478 3055 5534; x_wconf 84' lang='lat' dir='ltr'><strong>habet</strong></span> <span class='ocrx_word' id='word_1_834' title='bbox 3108 5486 3325 5535; x_wconf 83' lang='lat' dir='ltr'><strong>sanctus</strong></span> <span class='ocrx_word' id='word_1_835' title='bbox 3380 5474 3706 5546; x_wconf 76' lang='lat' dir='ltr'><strong>Augustinus</strong></span> 
     </span>
    </p>
   </div>
   <div class='ocr_carea' id='block_1_116' title="bbox 2117 5545 3705 5620">
    <p class='ocr_par' dir='ltr' id='par_1_116' title="bbox 2117 5545 3705 5620">
     <span class='ocr_line' id='line_1_117' title="bbox 2117 5545 3705 5620; baseline -0.009 -7"><span class='ocrx_word' id='word_1_836' title='bbox 2117 5558 2276 5619; x_wconf 89' lang='lat' dir='ltr'><strong>enist.</strong></span> <span class='ocrx_word' id='word_1_837' title='bbox 2302 5555 2412 5610; x_wconf 66' lang='grc'><strong>’145</strong></span> <span class='ocrx_word' id='word_1_838' title='bbox 2441 5553 2508 5608; x_wconf 89' lang='lat' dir='ltr'><strong>ad</strong></span> <span class='ocrx_word' id='word_1_839' title='bbox 2555 5553 2940 5620; x_wconf 81' lang='lat' dir='ltr'><strong>Marcellinum,</strong></span> <span class='ocrx_word' id='word_1_840' title='bbox 2994 5549 3301 5607; x_wconf 89' lang='lat' dir='ltr'><strong>moriones.</strong></span> <span class='ocrx_word' id='word_1_841' title='bbox 3332 5546 3381 5602; x_wconf 88' lang='lat' dir='ltr'><strong>id</strong></span> <span class='ocrx_word' id='word_1_842' title='bbox 3427 5554 3510 5601; x_wconf 85' lang='lat' dir='ltr'><strong>est</strong></span> <span class='ocrx_word' id='word_1_843' title='bbox 3551 5545 3705 5611; x_wconf 83' lang='lat' dir='ltr'><strong>fatui.</strong></span> 
     </span>
    </p>
   </div>
   <div class='ocr_carea' id='block_1_117' title="bbox 2115 5623 3020 5695">
    <p class='ocr_par' dir='ltr' id='par_1_117' title="bbox 2115 5623 3020 5695">
     <span class='ocr_line' id='line_1_118' title="bbox 2115 5623 3020 5695; baseline -0.013 -12"><span class='ocrx_word' id='word_1_844' title='bbox 2115 5627 2195 5683; x_wconf 85' lang='lat' dir='ltr'><strong>sic</strong></span> <span class='ocrx_word' id='word_1_845' title='bbox 2223 5627 2351 5681; x_wconf 83' lang='lat' dir='ltr'><strong>dicti</strong></span> <span class='ocrx_word' id='word_1_846' title='bbox 2382 5644 2408 5678; x_wconf 86' lang='lat' dir='ltr'><strong>a</strong></span> <span class='ocrx_word' id='word_1_847' title='bbox 2439 5623 2622 5678; x_wconf 67' lang='lat' dir='ltr'><strong>Gratca</strong></span> <span class='ocrx_word' id='word_1_848' title='bbox 2647 5636 2793 5695; x_wconf 75' lang='lat' dir='ltr'><strong>.voce</strong></span> <span class='ocrx_word' id='word_1_849' title='bbox 2818 5625 3020 5695; x_wconf 77' lang='grc' dir='ltr'><strong>μωρὸς.</strong></span> 
     </span>
    </p>
   </div>
   <div class='ocr_carea' id='block_1_118' title="bbox 2190 5685 3707 5758">
    <p class='ocr_par' dir='ltr' id='par_1_118' title="bbox 2190 5685 3707 5758">
     <span class='ocr_line' id='line_1_119' title="bbox 2190 5685 3707 5758; baseline -0.007 -7"><span class='ocrx_word' id='word_1_850' title='bbox 2190 5697 2390 5751; x_wconf 66' lang='grc' dir='ltr'><strong>ε-Ειιὶιί</strong></span> <span class='ocrx_word' id='word_1_851' title='bbox 2412 5712 2530 5747; x_wconf 82' lang='lat' dir='ltr'><strong>cum</strong></span> <span class='ocrx_word' id='word_1_852' title='bbox 2560 5698 2681 5747; x_wconf 83' lang='lat' dir='ltr'><strong>Bec.</strong></span> <span class='ocrx_word' id='word_1_853' title='bbox 2704 5733 2718 5757; x_wconf 93' lang='lat'><strong>,</strong></span> <span class='ocrx_word' id='word_1_854' title='bbox 2755 5685 2923 5756; x_wconf 63' lang='lat' dir='ltr'><strong>Clem,</strong></span> <span class='ocrx_word' id='word_1_855' title='bbox 2957 5688 3112 5758; x_wconf 86' lang='lat' dir='ltr'><strong>vulgo</strong></span> <span class='ocrx_word' id='word_1_856' title='bbox 3150 5703 3187 5741; x_wconf 68' lang='grc' dir='ltr'><em>ι</em></span> <span class='ocrx_word' id='word_1_857' title='bbox 3216 5685 3626 5753; x_wconf 78' lang='lat' dir='ltr'><strong>Cluin,.~linvius</strong></span> <span class='ocrx_word' id='word_1_858' title='bbox 3650 5686 3707 5741; x_wconf 76' lang='lat' dir='ltr'><strong>in</strong></span> 
     </span>
    </p>
   </div>
   <div class='ocr_carea' id='block_1_119' title="bbox 2119 5765 2821 5876">
    <p class='ocr_par' dir='ltr' id='par_1_119' title="bbox 2119 5765 2821 5876">
     <span class='ocr_line' id='line_1_120' title="bbox 2119 5765 2821 5876; baseline -0.016 -51"><span class='ocrx_word' id='word_1_859' title='bbox 2119 5765 2688 5876; x_wconf 70' lang='lat' dir='ltr'><strong>Vigennaminﬂuens.</strong></span> <span class='ocrx_word' id='word_1_860' title='bbox 2810 5772 2821 5777; x_wconf 75' lang='lat'>‘</span> 
     </span>
     <span class='ocr_line' id='line_1_121' title="bbox 2246 5835 2815 5876; baseline 0 0"><span class='ocrx_word' id='word_1_861' title='bbox 2246 5835 2607 5876; x_wconf 71' lang='lat' dir='ltr'><strong>Anu-iclnthlni</strong></span> <span class='ocrx_word' id='word_1_862' title='bbox 2669 5841 2720 5876; x_wconf 84' lang='lat' dir='ltr'><strong>nl</strong></span> <span class='ocrx_word' id='word_1_863' title='bbox 2755 5848 2815 5876; x_wconf 64' lang='grc' dir='ltr'><strong>ρῖ</strong></span> 
     </span>
    </p>
   </div>
   <div class='ocr_carea' id='block_1_120' title="bbox 2241 5828 3318 5905">
    <p class='ocr_par' dir='ltr' id='par_1_120' title="bbox 2241 5828 3318 5905">
     <span class='ocr_line' id='line_1_122' title="bbox 2241 5828 3318 5905; baseline -0.007 -14"><span class='ocrx_word' id='word_1_864' title='bbox 2241 5835 2631 5905; x_wconf 82' lang='lat' dir='ltr'><strong>Augustuduni,</strong></span> <span class='ocrx_word' id='word_1_865' title='bbox 2654 5841 2721 5905; x_wconf 7' lang='lat' dir='ltr'><strong>iul</strong></span> <span class='ocrx_word' id='word_1_866' title='bbox 2755 5832 3023 5905; x_wconf 78' lang='lat' dir='ltr'><strong>existimat</strong></span> <span class='ocrx_word' id='word_1_867' title='bbox 3051 5828 3318 5905; x_wconf 72' lang='lat' dir='ltr'><strong>Valesius.</strong></span> 
     </span>
    </p>
   </div>
   <div class='ocr_carea' id='block_1_121' title="bbox 2190 5893 3713 5978">
    <p class='ocr_par' dir='ltr' id='par_1_121' title="bbox 2190 5893 3713 5978">
     <span class='ocr_line' id='line_1_123' title="bbox 2190 5893 3713 5978; baseline -0.011 -17"><span class='ocrx_word' id='word_1_868' title='bbox 2190 5920 2215 5961; x_wconf 72' lang='grc' dir='ltr'><strong><em>ι</em></strong></span> <span class='ocrx_word' id='word_1_869' title='bbox 2246 5893 2470 5978; x_wconf 52' lang='lat' dir='ltr'><strong>Regum,</strong></span> <span class='ocrx_word' id='word_1_870' title='bbox 2513 5893 2740 5958; x_wconf 73' lang='lat' dir='ltr'><strong>Dominis</strong></span> <span class='ocrx_word' id='word_1_871' title='bbox 2790 5904 2928 5964; x_wconf 78' lang='lat' dir='ltr'><strong>suis,</strong></span> <span class='ocrx_word' id='word_1_872' title='bbox 2976 5910 3142 5970; x_wconf 70' lang='lat' dir='ltr'><strong>atque.</strong></span> <span class='ocrx_word' id='word_1_873' title='bbox 3202 5898 3506 5970; x_wconf 79' lang='lat' dir='ltr'><strong>Legendunt</strong></span> <span class='ocrx_word' id='word_1_874' title='bbox 3568 5893 3713 5955; x_wconf 72' lang='grc' dir='ltr'><strong>τυω</strong></span> 
     </span>
    </p>
   </div>
  </div>
