3966 6348
254 454 354 512 Sil

1220 453 1535 510 lllSTURlA
1580 452 2020 509 FHANCOHUM.
2070 452 2268 510 LIBER
2312 455 2552 512 NONUS.

3435 461 3539 521 Ξ)ἳῖ

255 575 514 638 nissiinis.
569 574 916 642 Gundegisilo
953 615 967 639 ,
999 573 1211 630 Nicasio
1243 585 1296 630 et
1325 577 1552 632 Saﬂario
1572 585 1623 640 ι,
1656 577 1850 631 [Ειῑιε-
1881 581 1926 637 Α
1957 587 2054 641 pus
2085 585 2394 630 reverenter
2439 578 2635 630 saluto.
2684 571 2934 631 Fatnulns
2973 585 3151 633 vester
3190 577 3338 635 Felix
3388 585 3541 640 salu-

254 668 389 730 rius,
425 665 704 735 Syagrius,
736 664 1140 729 Attuacbarius,
1188 665 1509 736 Hesychius.
1543 666 1842 732 Agrtecela,

257 756 510 821 Urbicus,
542 756 719 819 Felix,
755 757 1014 821 Voranus,
1055 758 1181 810 item
1213 756 1383 820 Felix,
1423 765 1478 811 et
1509 756 1847 810 Bertelirum-

260 862 362 902 nus
393 847 660 917 episcopi.
701 845 932 901 Litteras
959 857 1150 901 vestra:
1181 847 1545 912 beatitudinis,
1594 857 1846 916 quantum

256 947 542 992 reserante
565 937 752 992 rutulio
799 938 868 992 de
905 947 1080 992 vestra
1111 939 1371 1007 sospitate
1401 937 1587 1006 gavisi,
1636 937 1821 1006 excepi

256 1043 396 1093 nnis,
431 1035 636 1082 tantum
669 1028 738 1082 de
778 1026 968 1098 .ag‘tzria
1007 1043 1167 1096 quam
1214 1042 1310 1081 vos
1343 1027 1628 1096 pertulisse
1671 1028 1846 1096 signa-

257 1119 375 1183 stis,
431 1133 541 1172 non
574 1118 793 1173 modico
817 1132 1050 1174 interore
1093 1119 1471 1189 astringimur;
1503 1118 1627 1171 dum
1667 1128 1721 1172 et
1759 1133 1848 1174 re-

256 1208 376 1277 gula
410 1207 830 1274 transcenditur,
864 1218 920 1262 et
949 1208 1094 1263 utilia
1119 1208 1420 1262 reverentia
1452 1206 1703 1277 religioni
1721 1220 1842 1261 ser-

259 1307 436 1351 vatur.
485 1298 591 1352 Sed
621 1298 746 1366 quia
790 1297 1065 1352 indicastis
1115 1296 1432 1360 monachas,
1475 1311 1595 1366 quae
1632 1295 1702 1351 de
1737 1310 1852 1351 mo-

262 1390 508 1442 nasterio
529 1388 684 1443 bona:
716 1388 992 1442 memorie
1030 1387 1391 1458 Radeguudis,
1427 1382 1711 1458 instigante
1739 1388 1849 1442 dia-

264 1483 404 1546 bolo,
435 1481 658 1538 fuerunt
685 1483 962 1554 digressa,
999 1483 1140 1552 quod
1173 1482 1375 1536 nullam
1403 1497 1433 1535 a
1458 1482 1608 1536 vobis
1637 1483 1852 1551 acquie-

263 1576 434 1630 verint
481 1577 874 1630 correctionem
906 1575 1111 1639 audire,
1153 1574 1312 1646 47],
1347 1589 1446 1629 nec
1493 1572 1626 1626 itif-ra
1661 1587 1850 1628 mona-

264 1665 408 1720 sterii
437 1666 523 1720 sui
551 1675 726 1734 septa,
768 1667 835 1720 de
864 1681 971 1734 quo
1006 1680 1240 1736 egressae
1275 1667 1508 1729 fuerant,
1554 1663 1850 1718 voluissent

264 1759 462 1812 reverti
498 1775 512 1810 :
548 1758 768 1827 insuper
809 1759 1042 1812 basilica:
1081 1757 1263 1811 domui
1315 1756 1495 1811 Hilarii
1538 1771 1632 1825 per
1674 1755 1850 1810 caedes

262 1861 469 1905 vestras
493 1861 910 1920 vestrornmqne
931 1850 1182 1919 injuriam
1217 1851 1478 1904 intulisse.
1514 1848 1682 1918 Quapi
1697 1858 1850 1916 apter

261 1944 402 2012 ipsas
426 1958 457 1998 a
487 1944 884 1998 communionis
912 1942 1080 2013 gratia
1112 1942 1211 1995 visi
1259 1941 1468 1996 fueritis
1495 1939 1848 2010 suspendere,

258 2049 318 2088 ac
360 2049 462 2103 per
499 2034 604 2089 hoc
631 2043 867 2090 nostram
910 2033 1104 2090 exinde
1143 2032 1560 2087 mediocritatem
1604 2029 1848 2100 elegistis

256 2125 563 2182 consulere.
613 2125 775 2196 Igitur
807 2127 933 2196 quia
981 2125 1182 2195 optime
1218 2139 1315 2178 vos
1355 2123 1602 2178 novimus
1648 2129 1846 2178 statuta

258 2231 529 2271 canonum
560 2217 890 2285 percurrisse
912 2214 962 2284 δ,
993 2231 1056 2271 ac
1083 2216 1281 2285 regulae
1309 2218 1702 2286 plenitudinem
1717 2231 1849 2271 con-

180 2352 196 2362 .
257 2309 430 2363 tinere
451 2348 467 2374 ,
515 2318 576 2363 nt
598 2307 688 2378 qui
721 2309 773 2361 in
806 2308 1006 2362 talibus
1029 2307 1343 2363 excessibus
1372 2307 1620 2363 videntur
1658 2309 1849 2377 depre-

257 2399 445 2464 hendi,
479 2415 586 2454 non
619 2398 792 2453 solum
833 2397 1416 2463 excommunicatione,
1458 2411 1652 2452 verum!
1680 2399 1844 2452 etiam

256 2489 588 2558 [renitentia
623 2489 986 2544 satisfactione
1013 2488 1242 2545 debeant
1268 2488 1507 2544 coerceri
1538 2505 1552 2540 :
1587 2502 1652 2542 ea
1683 2487 1754 2542 de
1777 2501 1840 2542 re

254 2582 519 2637 addentes
550 2596 671 2637 cum
719 2581 1084 2636 venerationis
1127 2581 1272 2636 cultu
1312 2595 1538 2635 summie
1578 2579 1847 2635 aviditatis

253 2670 570 2726 dilectionis
616 2669 947 2733 instinctum.
999 2672 1298 2726 indicamus
1335 2686 1398 2725 ea
1440 2685 1557 2740 qua:
1581 2670 1846 2725 definistis

253 2776 356 2817 nos
419 2763 819 2818 concordanter
873 2772 1066 2816 vestra
1142 2764 1424 2816 sententia:
1491 2761 1797 2830 consentire
1824 2800 1840 2825 ,

251 2858 610 2928 quoadusque
653 2857 708 2911 in
750 2856 992 2927 synodali
1041 2855 1270 2910 concilio
1309 2853 1563 2911 Kalendis
1614 2852 1845 2908 Novem-

252 2947 446 3002 bribus
491 2947 694 3016 pariter
744 2946 926 3014 positi,
981 2945 1272 3001 debeamus
1308 2943 1536 3000 consilio
1575 2943 1692 3013 pari
1738 2954 1847 2998 tra-

251 3048 422 3103 ctare,
456 3039 688 3110 qualiter
717 3038 898 3093 talium
930 3038 1204 3092 temeritas
1253 3037 1462 3091 frenum
1489 3035 1846 3091 districtionis

253 3132 428 3203 possit
473 3137 734 3202 acclpere,
783 3144 844 3186 ut
881 3131 1139 3199 deinceps
1185 3131 1315 3185 nulli
1373 3130 1532 3185 lit-eat
1555 3128 1656 3185 sub
1707 3129 1848 3184 hunc

253 3227 468 3294 lapsum
520 3224 751 3279 faciente
795 3223 1050 3292 iactantia
1082 3221 1272 3276 similia
1321 3229 1647 3291 perpetrare.
1698 3221 1848 3276 Atta-

1955 675 2066 718 tane
2103 681 2389 735 prtesumo.
2434 666 2657 719 Humilis
2702 674 2882 721 vester
2925 677 3086 736 atque
3127 668 3290 740 [.72
3332 681 3541 729 amator

1952 756 2098 810 Felix
2132 758 2307 812 audeo
2337 757 2595 812 salutare.
2628 757 2852 812 Humilis
2881 769 3038 828 atque
3069 761 3327 818 oliediens
3359 777 3537 824 veSIer

1952 850 2368 905 Bertchramnus
2398 851 2680 918 episcopus
2711 851 2943 906 salutare
2968 868 3249 920 praesumo.
3280 874 3298 907 ι

2023 941 2182 997 XLII.
2226 942 2334 998 Sed
2367 951 2424 996 et-
2462 942 2727 998 abbatissa
2769 945 3014 998 recitavit
3054 946 3332 1014 epistolam
3380 964 3535 1017 quam

1954 1031 2110 1085 beata
2142 1031 2484 1102 Radegnndis
2507 1034 2776 1102 episcopis
2798 1073 2812 1098 ,
2845 1035 2934 1103 qui
2963 1049 3062 1088 suo
3098 1043 3337 1105 tempore
3365 1048 3538 1101 ermt,

1951 1121 2109 1190 dirigi
2175 1121 2361 1175 voluit.
2419 1122 2583 1190 Cujus
2639 1139 2779 1177 nunc
2836 1125 3026 1178 iterum
3092 1127 3201 1193 ipsa
3267 1127 3538 1183 abbatissa

1952 1211 2281 1279 exemplaria
2307 1212 2373 1266 ad
2402 1212 2697 1267 vicinarum
2725 1212 2934 1269 urbium
2965 1217 3272 1272 sacerdotes
3301 1219 3496 1275 direxit
3523 1238 3538 1286 ;

1951 1305 2106 1373 Cujus
2136 1305 2236 1360 hoc
2263 1314 2347 1360 est
2373 1307 2665 1373 exemplar.

2439 1409 2718 1450 EXEIPLAI
2757 1411 3052 1450 ειηετοωε.

2029 1501 2047 1535 t
2089 1484 2306 1538 Domnis
2335 1486 2532 1540 sanctis
2581 1497 2631 1540 et
2679 1488 2968 1552 apostolica
3016 1487 3144 1543 sede
3191 1489 3539 1558 dignissimis,

1954 1575 2005 1630 in
2032 1575 2248 1630 Christo
2278 1577 2538 1645 patribus,
2570 1577 2820 1631 omnibus
2848 1579 3116 1646 episcopis
3138 1621 3152 1644 ,
3196 1580 3538 1651 Radeguudis

1956 1669 2252 1735 peccatrix.
2302 1667 2564 1735 Congruae
2612 1667 2940 1737 provisionis
2992 1679 3116 1723 tunc
3169 1671 3542 1728 roborabiliter

1954 1759 2020 1812 ad
2054 1759 2303 1814 effectum
2349 1761 2516 1814 tendit
2557 1759 2871 1826 exordium,
2917 1775 3039 1815 cum
3083 1763 3418 1831 generalibus
3447 1783 3541 1833 pa-

1956 1847 2145 1915 tribus,
2196 1848 2420 1903 medicis
2459 1864 2522 1901 ac
2557 1850 2878 1917 pastoribus,
2923 1850 3078 1904 ovilis
3123 1851 3225 1906 sibi
3268 1855 3539 1911 commissi

1884 1945 1928 2002 Β
1955 1955 2112 1995 causa
2144 1941 2362 1996 auribus
2407 1943 2666 2007 traditur,
2706 1941 2860 2010 cujus
2905 1943 3152 1997 sensibus
3191 1947 3538 2002 commenda-

1952 2041 2039 2085 tur
2066 2049 2080 2086 :
2111 2047 2338 2102 quorum
2371 2032 2712 2102 participatio
2740 2035 2808 2088 de
2838 2032 3117 2100 charitate,
3152 2037 3433 2091 consilium
3465 2038 3533 2092 de

1950 2131 2237 2192 potestate,
2280 2122 2591 2194 suﬂ‘ragiuiu
2623 2125 2691 2180 de
2715 2126 2956 2181 oratione
2988 2125 3300 2182 ministrare
3339 2134 3538 2197 poterit

1950 2217 2331 2268 interventum.
2371 2213 2440 2267 Et
2467 2215 2718 2284 quoniam
2752 2214 2881 2269 olim
2910 2215 3104 2270 vinclis
3140 2218 3415 2273 laicalibus
3442 2222 3538 2274 ab-

1947 2304 2148 2368 soluta,
2173 2303 2349 2359 divina
2381 2306 2697 2375 providente
2727 2315 2780 2360 et
2810 2306 3105 2375 inspirante
3133 2308 3441 2376 clementia,
3469 2313 3538 2369 ad

1951 2394 2223 2466 religionis
2271 2410 2513 2449 normam
2544 2397 2657 2450 visa
2695 2411 2815 2450 sum
2850 2398 3171 2465 voluntarie,
3223 2400 3357 2455 duce
3382 2402 3538 2456 Ciri-

1947 2495 2054 2555 sto,
2111 2487 2392 2552 translata,
2437 2489 2552 2546 haec
2589 2503 2772 2558 pronae
2819 2490 3016 2545 mentis
3067 2492 3245 2545 studio
3279 2495 3521 2562 cogitatis

1945 2579 2108 2631 etiam
2139 2577 2207 2632 de
2245 2578 2467 2632 aliarum
2513 2579 2842 2647 profectibus
2867 2621 2882 2644 ,
2923 2590 3004 2648 et,
3048 2584 3396 2639 auuuntiaote
3429 2585 3535 2640 Do-

1950 2668 2118 2732 mino,
2155 2683 2274 2724 mea
2303 2669 2566 2724 desideria
2601 2669 2945 2725 efficerentur
2982 2671 3199 2740 reliquis
3233 2676 3530 2742 profutura,

1949 2758 2262 2815 instituente
2290 2770 2451 2830 atque
2497 2773 2876 2817 reuiunerante
2916 2766 3409 2832 praecellentissimo
3434 2771 3535 2821 du-

1951 2866 2078 2905 mno
2092 2866 2214 2921 rege
2235 2851 2570 2918 Chlotbario,
2597 2855 2981 2908 monasterium
3007 2858 3301 2924 puellarum
3318 2860 3530 2916 Pictava

1951 2944 2082 2997 urbe
2105 2943 2381 3010 constitui,
2419 2945 2831 3013 conditumque,
2873 2960 3127 3017 quantum
3159 2949 3286 3003 milii
3320 2953 3534 3006 monili-

1950 3035 2124 3087 eentia
2149 3035 2347 3102 regalis
2371 3043 2462 3089 est
2490 3034 2698 3104 largita,
2733 3034 2868 3088 facta
2893 3035 3180 3092 donatione
3212 3039 3426 3094 dotavi:
3454 3043 3532 3095 iii-

1950 3140 2112 3192 snper
2149 3125 2548 3195 congregationi
2592 3139 2688 3194 per
2727 3139 2813 3180 me
2849 3124 3064 3180 Christo
3095 3139 3379 3197 prtestunte
3415 3131 3531 3185 col-

1951 3218 2132 3284 lectae,
2176 3217 2413 3286 regulam
2454 3216 2554 3271 sub
2593 3231 2697 3286 qua
2741 3227 2925 3272 sancta
2968 3217 3204 3272 Cazsaria
3251 3221 3526 3290 degnit':

254 3330 385 3368 inen
416 3314 539 3383 quia
567 3327 666 3368 nos
694 3327 788 3368 sua
815 3312 1048 3368 dictione
1075 3312 1303 3366 domnus
1351 3311 1544 3365 Paulus
1571 3311 1842 3380 apostolus
1875 3323 1918 3383 ρ
1950 3322 2106 3376 quam
2147 3308 2451 3363 sollicitudo
2489 3307 2628 3362 beati
2657 3304 2876 3361 Caesarii
2917 3307 3170 3363 antistitis
3204 3313 3531 3368 Arelatensis

255 3403 350 3474 (II
375 3403 512 3458 Tim.
549 3420 619 3470 iv,
647 3403 708 3473 2)
745 3403 1118 3460 indesinenter
1148 3402 1359 3458 videtur
1385 3419 1602 3459 mouere
1621 3445 1637 3470 ,
1667 3413 1722 3458 ut
1743 3419 1842 3472 op-

256 3504 493 3566 portune
527 3496 992 3565 inopportnneq‘ue
1037 3495 1330 3550 debeamus
1377 3508 1723 3564 quoscunque
1754 3511 1846 3547 ex-

257 3587 516 3642 cedentes
543 3587 728 3641 sedula
769 3585 1150 3656 praedicatione
1178 3587 1474 3657 corrigere,
1513 3594 1568 3641 et
1599 3586 1842 3654 pietatem

257 3687 593 3745 pretestatur
631 3677 706 3731 ad'
727 3678 907 3730 omnia
939 3677 1121 3732 utilem
1154 3692 1311 3744 esse,
1353 3677 1472 3732 ideo
1511 3677 1844 3747 soggerimus

255 3768 460 3831 adhuc,
489 3783 540 3823 ut
567 3769 811 3823 oratione
836 3769 1050 3822 assidua
1083 3768 1288 3821 Domini
1315 3767 1736 3823 misericordiam
1765 3767 1848 3822 de-

259 3859 556 3929 precemtni
591 3855 658 3928 (Ι
687 3856 821 3911 Tim.
857 3873 930 3923 tv,
962 3858 1058 3925 8),
1108 3867 1165 3911 ut
1195 3859 1308 3926 ip~e
1335 3859 1553 3926 spiritus
1579 3871 1840 3926 compun-

256 3949 458 4004 ctiouis
509 3949 652 4018 ipsas
695 3949 1028 4003 inflammare
1067 3949 1333 4019 dignetur,
1375 3957 1434 4002 ut
1481 3947 1533 4002 id
1562 3949 1702 4018 quod
1754 3961 1848 4016 per

259 4045 516 4101 delictum
563 4046 693 4098 visa:
729 4053 855 4099 sunt
879 4043 1235 4109 contraxisse,
1283 4043 1440 4112 digna
1483 4043 1847 4098 satisfactione

257 4138 594 4208 pwniteaut;
631 4148 689 4190 ut
709 4138 760 4191 in
788 4137 1115 4191 monasterio
1144 4152 1242 4192 suo
1270 4147 1442 4192 vestra
1477 4136 1850 4205 praedicatione

257 4231 481 4296 animae,
503 4244 622 4298 quae
645 4228 1039 4296 quodaminodo
1063 4229 1359 4295 perierunt,
1389 4227 1616 4294 proiiiti'o
1637 4227 1850 4280 CliriSIo

257 4328 631 4383 revertantur;
671 4326 729 4372 ut
767 4319 857 4372 ille
897 4321 986 4387 qui
1025 4335 1180 4372 unum
1229 4321 1472 4374 humeris
1516 4318 1721 4373 illatam
1765 4335 1851 4372 er-

261 4420 475 4464 rantem
507 4423 660 4462 ovem
692 4407 759 4461 ad
789 4408 928 4463 ovile
975 4409 1218 4473 reduxit,
1248 4420 1300 4463 et
1324 4409 1395 4462 de
1424 4410 1644 4463 istarum
1678 4420 1850 4462 trans-

259 4501 566 4574 gressione,
611 4502 760 4571 quasi
801 4502 1064 4570 acquisito
1094 4501 1241 4571 gregi
1289 4502 1627 4570 eongaudere
1670 4502 1850 4569 digne-

261 4607 376 4651 tur.
415 4594 530 4648 Hoc
564 4592 848 4663 specialius
881 4594 1241 4663 postulantes,
1288 4603 1349 4648 ut
1379 4609 1475 4664 pro
1508 4593 1663 4650 nobis
1694 4595 1854 4646 inter-

1942 3412 2013 3452 ex
2044 3398 2380 3452 institutione
2416 3411 2490 3450 sa.
2514 3405 2722 3451 ctorum
2764 3395 2980 3450 Patrum
3011 3401 3392 3456 convenienter
3422 3407 3534 3457 cul-

1949 3489 2093 3557 legit,
2127 3489 2316 3542 ascivi.
2345 3487 2448 3542 Cui
2478 3487 2935 3541 consentientibus
2957 3487 3281 3545 beatissimis
3313 3493 3398 3546 vel
3430 3493 3532 3548 liu-

1941 3580 2030 3650 jns
2080 3580 2360 3647 civitatis,
2420 3580 2503 3634 vel
2567 3579 2787 3649 reliquis
2837 3580 3216 3649 pontificibus,
3271 3583 3535 3642 electione

1946 3673 2108 3727 etiam
2168 3683 2365 3727 nostra:
2414 3672 2843 3742 congregationis
2889 3673 3140 3728 deuiuam
3189 3684 3244 3730 et
3290 3692 3531 3734 sorore-ni

1949 3782 2120 3821 meam
2162 3770 2445 3837 Agneteui,
2489 3783 2647 3834 quam
2678 3767 2747 3820 ab
2777 3766 2994 3821 ineunte
3041 3777 3200 3824 aetate
3245 3769 3364 3826 loco
3411 3771 3536 3825 filia:

1948 3858 2086 3912 colui
2119 3866 2173 3910 et
2201 3857 2422 3912 educavi
2452 3854 2502 3922 δ,
2535 3857 2861 3912 abbatissam
2904 3858 3138 3924 insti'ui,
3187 3875 3251 3915 ac
3293 3875 3378 3916 me
3417 3872 3536 3930 post

1954 3950 2118 4003 Deum
2150 3949 2266 4018 ejus
2313 3947 2634 4004 ordinationi
2671 3949 2986 4019 regulariter
3025 3948 3359 4005 obedituram
3389 3967 3538 4006 coin-

1950 4044 2092 4096 misi.
2123 4041 2352 4112 Cuique,
2386 4045 2607 4095 fortnam
2648 4041 2992 4109 apostolicam
3025 4042 3394 4110 observantes,
3428 4055 3536 4099 tam

1950 4150 2050 4202 ego
2076 4149 2232 4202 quam
2255 4147 2471 4188 sorores
2493 4133 2559 4186 de
2579 4133 2870 4186 substantia
2897 4145 3105 4187 terrena
3127 4151 3242 4203 qua:
3259 4137 3536 4205 possidere

1954 4224 2286 4288 videbamur,
2311 4223 2463 4276 factis
2485 4223 2683 4276 elisi-tis
2711 4221 3048 4287 tradidimus,
3073 4236 3215 4276 metu
3235 4226 3455 4279 Ait-anim
3482 4243 3537 4282 et

1954 4315 2216 4383 Sapliirs,
2246 4312 2406 4384 473
2439 4313 2488 4366 in
2537 4310 2864 4364 monasterio
2887 4311 3071 4379 posita:
3100 4313 3230 4365 nihil
3263 4317 3533 4383 proprium

1960 4416 2312 4462 ieservantes.
2347 4405 2451 4460 Sed
2478 4403 2731 4472 quoniam
2762 4402 2965 4457 incerta
2993 4411 3118 4456 sunt
3141 4405 3385 4460 humanae
3406 4421 3536 4461 eor-

1955 4497 2173 4552 ditiouis
2201 4504 2468 4551 momenta
2501 4497 2582 4550 vel
2625 4503 2889 4561 tempora,
2917 4496 3115 4563 quippe
3157 4497 3357 4551 mundo
3389 4498 3440 4552 in
3474 4499 3536 4552 fi-

1959 4606 2080 4644 uein
2111 4597 2383 4651 currente,
2410 4603 2530 4640 cum
2556 4587 2718 4655 aliqui
2749 4586 2917 4655 magis
2950 4587 3177 4655 propr-ite
3208 4605 3364 4658 quam
3400 4589 3537 4645 divi-
3581 4582 3587 4589 ’

265 4686 574 4742 cessionum
604 4694 898 4738 vestrarum
931 4683 1182 4754 soll‘ragia
1215 4686 1598 4750 indesinenter,
1633 4693 1692 4738 ut
1726 4699 1856 4737 con-
1890 4691 1934 4747 ο
1963 4699 2046 4734 na:
2086 4682 2302 4749 cupiant
2331 4679 2592 4731 voluntati
2641 4693 2876 4742 serVire,
2906 4678 3024 4732 zelo
3064 4679 3219 4735 ducta
3267 4681 3358 4735 Dei
3403 4681 3542 4738 hanc

265 4780 508 4844 fidimus,
545 4776 812 4831 tribuatis.
859 4776 1146 4832 Peculiaris
1196 4787 1376 4832 Vester
1418 4776 1696 4833 IEtlierius
1730 4793 1850 4845 pee-

265 4880 426 4923 cator
471 4869 701 4921 salutare
760 4881 1046 4943 praesumo.
1100 4868 1284 4923 Cliens
1333 4879 1509 4924 vester
1555 4867 1852 4936 Hesychius

265 4972 582 5017 reverenter
629 4964 801 5016 audeo
843 4965 1098 5017 salutare.
1142 4964 1361 5016 Amator
1394 4971 1575 5017 vester
1601 4945 1854 5031 Syagrins

266 5068 582 5111 reverenter
631 5060 828 5114 saluto.
872 5057 1057 5113 Cultor
1103 5068 1278 5112 vester
1329 5055 1557 5111 Urbicus
1610 5065 1858 5125 peccator

265 5145 596 5203 famulanter
630 5151 824 5204 saluto.
856 5150 1156 5204 Venerator
1182 5159 1358 5203 vester
1386 5146 1626 5202 Voranus
1656 5145 1857 5203 episco-

269 5329 486 5381 liomis
514 5329 703 5382 sanclt's
740 5339 926 5397 atque,
955 5337 1062 5382 etc.
1105 5325 1228 5381 Hmc
1269 5327 1411 5381 enim
1440 5335 1518 5380 est
1554 5323 1852 5380 communis

265 5403 514 5454 formula.

346 5480 370 5506 "
405 5468 664 5522 inlaudns
709 5469 762 5522 in
808 5467 1082 5535 Supplem.
1137 5466 1340 5520 Colit-il.
1389 5466 1572 5521 Gallia:
1625 5461 1764 5520 aﬂdil
1808 5477 1853 5520 et

268 5541 537 5594 Maroneo.
585 5539 721 5593 Infra
760 5549 937 5593 autem
969 5539 1020 5591 iu
1065 5537 1214 5592 Colb.
1267 5555 1338 5589 ni.
1372 5549 1426 5590 et
1465 5537 1654 5606 llegtu.
1702 5538 1850 5590 deest

265 5611 662 5671 Auuacharius;
702 5621 754 5660 et
782 5608 993 5676 quidem
1027 5608 1163 5659 inter
1183 5623 1277 5661 eos
1307 5608 1392 5675 qui
1423 5607 1850 5672 subscripsettuvt

264 5696 382 5734 non
409 5679 640 5733 occurrit
667 5721 681 5744 ,
731 5679 864 5732 sicut
897 5693 996 5732 nec
1026 5679 1323 5747 Agroecula.
1366 5677 1554 5731 Czcteri
1586 5691 1711 5730 vero
1742 5692 1846 5730 non

263 5767 342 5804 co
370 5750 552 5802 ordine
583 5751 1031 5814 suliscripsermit,
1051 5764 1155 5815 qtto
1188 5749 1270 5801 liic
1303 5762 1488 5801 eorum
1522 5749 1733 5801 nomina
1763 5762 1848 5801 re-

263 5835 579 5874 censentur.
641 5819 884 5886 Episcopi
947 5831 1120 5870 autem
1174 5819 1244 5870 illi
1305 5821 1518 5870 fin-runt
1569 5817 1842 5871 Etherius

261 5890 666 5961 Lugdunensis,
717 5889 968 5957 Syagrius
1005 5889 1514 5957 Atiguslodittietts.s,
1560 5893 1840 5943 Aiitiac::a-

516 5989 786 6045 i’A'rnoL.
840 5983 943 6042 LX
965 5985 1008 6040 Χ
1026 5985 1070 6044 l.

1955 4771 2312 4840 Suggestiouis
2361 4786 2492 4824 uteie
2545 4771 2823 4838 paginam,
2879 4771 3210 4838 apostolatus
3271 4774 3433 4827 vestri
3485 4775 3538 4828 in

1954 4863 2154 4917 CitriSti
2184 4864 2398 4916 nomine
2427 4877 2700 4930 superses
2731 4877 2944 4930 porrigo
2977 4862 3056 4914 vel
3086 4862 3293 4916 devota.
3325 4866 3387 4917 Et
3415 4867 3537 4934 quia

1960 4971 2196 5024 praesens
2223 4970 2329 5008 non
2358 4955 2531 5019 valui,
2563 4953 2712 5022 quasi
2746 4952 2938 5004 vestris
2970 4953 3246 5018 provoluta
3275 4956 3538 5024 vestigiis,

1959 5048 2205 5115 epistola:
2259 5047 2568 5100 vicarietate
2614 5055 2943 5112 prosteruor,
2987 5045 3279 5112 eoujurans
3309 5063 3402 5116 per
3436 5047 3538 5102 Pat-

1965 5147 2181 5192 tremet
2221 5134 2409 5188 Filium
2455 5143 2506 5187 et
2549 5133 2805 5201 Spiritum
2836 5144 3111 5198 sanctum,
3155 5150 3217 5190 ac
3247 5137 3384 5191 dietn
3432 5148 3540 5195 tre-

1961 5325 2075 5376 t-ius
2108 5313 2612 5377 Autissiodurensis.
2659 5313 2940 5369 llesieliins
2988 5314 3532 5384 Gratianopoliimms,

1965 5390 2206 5460 AgriCola
2233 5388 2594 5460 Nivernensis,
2629 5385 2851 5460 Urbicus
2883 5386 3178 5460 Reginus-is,
3214 5389 3361 5460 Felix
3395 5391 3537 5445 Beli-

1962 5456 2179 5525 eii'msis,
2227 5460 2463 5513 Veratius
2488 5457 2888 5529 Cavellicensis,
2924 5456 3072 5511 Felix
3112 5458 3537 5529 Catalannensis,

1966 5535 2304 5586 l:ertramuus
2335 5528 2774 5584 Cenomanensis.

2037 5604 2060 5640 δ
2097 5602 2300 5656 Exinde
2346 5608 2508 5668 patet,
2563 5600 2781 5652 verbum
2838 5612 3132 5668 percurrere
3171 5612 3283 5668 non
3331 5603 3535 5654 assumi

1955 5690 2051 5740 pro
2093 5674 2320 5727 lectione
2347 5666 2757 5736 ‘przecipitanter
2802 5668 2956 5720 facta.
2996 5667 3126 5718 Vide
3166 5666 3440 5724 Mabillou.
3482 5671 3538 5728 iu

1955 5742 2276 5798 Defensioue
2305 5741 2603 5802 studiorum
2636 5740 3074 5802 monasticornm.
3107 5747 3209 5788 art.
3254 5740 3335 5794 l9.

2026 5827 2047 5850 ε
2080 5815 2168 5866 Sit:
2197 5827 2324 5865 mss.
2359 5800 2494 5864 Ε(ιίιί
2520 5824 2642 5861 vero
2671 5800 2926 5874 plerique,
2955 5805 3110 5873 drgv't.

2014 5881 2043 5920 δ
2078 5883 2164 5937 Sic
2197 5882 2325 5935 Bai].
2354 5897 2364 5909 '
2391 5883 2513 5946 alii,
2546 5878 2718 5931 eduxi.

3036 5967 3104 6024 Π
