3966 6348
466 439 564 497 5‘25

1455 438 1513 495 S.
1553 435 1877 492 GREGORII
1921 434 2218 489 El‘lSCOPI
2261 435 2692 494 TURUNENSIS

3613 434 3752 489 5Ξὸ

464 550 638 605 mt'ndi
677 548 894 618 judicii,
941 550 1019 605 sic
1064 561 1477 620 repraesentatus
1517 568 1611 606 vos
1651 568 1754 606 non
1784 561 2039 620 tyrannus
2067 553 2119 612 Α
2145 566 2276 618 quos
2331 563 2584 621 patronos
2627 556 2678 607 in
2731 567 2887 608 eausa
2921 551 3014 606 Dei
3046 550 3330 619 diligenter
3374 548 3604 612 ascisco,
3664 549 3750 617 sl,

462 652 750 709 oppugnet,
781 641 872 695 sed
905 643 1172 710 legitimus
1205 660 1296 699 rex
1327 655 1550 700 coronet
1577 663 1589 697 :
1614 654 1675 699 ut
1701 647 1744 700 si
1770 661 1896 700 casu
1921 654 2040 714 post

463 749 638 787 meum
667 734 867 787 obitmn
900 750 1229 804 quacunque
1261 752 1488 802 persona
1511 779 1527 804 ,
1560 739 1642 792 vel
1677 738 1773 792 loci
1800 738 2038 806 ejusdem

465 822 697 888 pontifex
723 863 736 885 ,
769 838 860 876 seu
909 834 1143 890 potestas
1175 825 1431 894 principis
1455 865 1471 889 ,
1512 827 1594 880 vel
1647 827 1781 880 alius
1822 827 2036 896 aliquis.

465 915 604 980 quod
638 931 733 969 nec
761 915 869 970 fieri
903 917 1168 971 credimus
1193 958 1207 981 ,
1240 919 1741 988 congregationem,
1768 919 1847 973 vel
1879 935 2038 972 suasu

468 1006 742 1070 malivolo,
787 1009 863 1060 \el
915 1011 1139 1077 itnpulsu
1189 1009 1468 1078 judiciario
1517 1010 1829 1078 perturbare
1870 1019 2042 1062 tenta-

468 1100 626 1162 verit,
690 1108 780 1151 aut
823 1101 1056 1167 regulam
1106 1101 1368 1168 frangi-re,
1413 1115 1506 1154 seu
1551 1101 1874 1155 abbatissam
1911 1106 2039 1153 alte-

465 1203 577 1240 ram
631 1205 789 1255 quant
843 1206 1080 1242 Sororem
1139 1206 1310 1243 meam
1364 1190 1653 1260 Agnetem,
1692 1205 1849 1259 quam
1914 1193 2037 1243 bea-

467 1279 653 1330 tissimi
700 1279 957 1331 Germani
1001 1280 1352 1346 praesentibus
1407 1282 1518 1335 suis
1568 1281 1825 1336 fratribus
1873 1283 2036 1334 bene-

466 1368 627 1420 dictio
661 1369 1032 1431 consecravit;
1062 1379 1152 1422 aut
1195 1371 1306 1439 ipsa
1334 1372 1677 1440 congregatio
1698 1413 1713 1436 ,
1755 1372 1892 1438 quod
1926 1372 2040 1424 fieri

467 1474 570 1511 non
604 1469 795 1525 putest,
829 1461 1003 1512 habita
1052 1462 1469 1514 murmuratione
1514 1472 1716 1514 mutare
1747 1463 2038 1515 contende-

471 1547 559 1612 rit,
591 1548 672 1601 vel
719 1549 972 1617 quasdam
1016 1550 1407 1604 dominationes
1453 1551 1504 1603 in
1552 1551 1904 1613 monasterio,
1957 1552 2039 1606 vel

464 1641 625 1695 rebus
671 1640 1015 1702 monasterii,
1049 1657 1384 1709 qtimcttnque
1437 1658 1661 1710 persona
1693 1645 1774 1698 vel
1807 1647 2037 1712 pontifex

464 1731 588 1792 loci,
624 1741 815 1796 ιιι-αξιοι·
843 1746 976 1799 quas
1004 1741 1374 1785 antecessores
1403 1732 1638 1798 episeopi
1661 1774 1676 1798 ,
1717 1741 1807 1786 aut
1834 1734 1920 1787 alii
1954 1749 2038 1787 me

463 1823 752 1888 superstite
784 1820 1083 1874 habuerunt
1104 1863 1118 1886 ,
1154 1836 1290 1874 noto
1323 1822 1600 1890 privilegio
1630 1823 1932 1892 quicunque
1958 1823 2038 1877 af-

2143 645 2284 714 quod
2310 645 2465 708 absit,
2495 647 2756 700 exstiterit
2788 645 2874 711 qui
2919 651 3100 696 contra
3157 642 3270 694 haec
3303 640 3500 708 aliquid
3546 639 3746 693 moliri

2143 737 2453 799 tentaverit,
2479 752 2573 805 pro
2622 735 2930 805 repellendo
2971 743 3026 787 et
3054 732 3382 787 confutando
3412 731 3500 785 Dei
3530 731 3740 794 hoste,

2144 841 2248 880 non
2279 829 2450 895 pigeat
2484 828 2547 880 ad
2599 842 2805 894 regem,
2849 841 3005 891 quem
3050 839 3117 878 eo
3146 835 3389 890 tempore
3436 821 3586 874 locus
3622 821 3744 872 iste

2142 916 2461 981 respexerit,
2494 917 2575 969 vel
2604 916 2668 969 ad
2702 915 2968 969 [’ictavain
2999 912 3302 976 civitatem,
3351 925 3448 979 pro
3479 925 3538 964 re
3570 909 3742 961 vobis

2143 1017 2263 1060 ante
2297 1006 2576 1059 Dominum
2609 1006 2979 1059 commendata
3023 1016 3338 1071 percurrere
3362 1044 3378 1067 ,
3431 1009 3486 1054 et
3532 1010 3740 1053 contra

2142 1097 2368 1150 aliorum
2401 1095 2717 1165 injustitiam
2751 1103 3104 1148 exsecutores
3128 1103 3184 1146 et
3212 1091 3526 1146 defensores
3560 1089 3740 1159 justi-

2143 1185 2229 1239 tite
2257 1187 2499 1240 laborare
2526 1203 2539 1250 ;
2573 1196 2629 1238 ut
2663 1185 2766 1239 tale
2799 1184 2947 1238 nefas
2988 1183 3135 1237 nullo
3165 1181 3326 1236 modo
3367 1182 3478 1234 suis
3508 1180 3737 1233 admitti

2140 1281 2471 1348 temporibus
2498 1294 2588 1334 rex
2614 1279 2844 1346 patiatur
2871 1276 3186 1337 catholicus,
3213 1289 3311 1328 nec
3336 1273 3564 1326 convelli
3599 1288 3737 1340 per-

2144 1369 2474 1438 mittatquod
2509 1369 2695 1434 Dei,et
2726 1382 2864 1430 mea,
2891 1375 2945 1419 et
2963 1380 3148 1433 regum
3175 1364 3409 1431 ipsorum
3443 1363 3737 1415 voluntate

2146 1463 2411 1516 firmatum
2442 1469 2546 1515 est.
2581 1459 2749 1515 Simul
2778 1459 2938 1511 etiam
2965 1457 3251 1525 principes,
3284 1470 3418 1522 quos
3451 1455 3591 1507 Deus
3625 1470 3736 1522 pro

2141 1551 2526 1621 gubernatione
2556 1549 2734 1618 populi
2768 1557 2887 1617 post
2915 1549 3195 1600 decessum
3226 1561 3403 1599 meum
3428 1557 3733 1611 superesse

2145 1641 2476 1708 pra-ceperit,
2506 1639 2728 1706 coujuro
2761 1653 2853 1705 per
2897 1651 3074 1703 regem
3101 1633 3256 1703 cujus
3288 1634 3437 1702 regni
3469 1649 3572 1684 non
3619 1633 3736 1684 erit

2144 1733 2294 1795 finis,
2318 1742 2366 1784 et
2399 1731 2462 1783 ad
2503 1730 2654 1800 cujus
2705 1741 2892 1782 nutum
2941 1741 3101 1795 regna
3147 1727 3484 1790 consistunt,
3519 1725 3608 1791 qui
3645 1724 3734 1776 eis

2140 1820 2356 1876 donavit
2393 1811 2564 1890 ipsum
2599 1819 2776 1872 vivere
2807 1819 2890 1872 vel
2938 1831 3162 1885 regnare
3186 1858 3202 1884 ,
3245 1823 3303 1868 ut
3333 1815 3730 1867 monasterium

467 1913 664 1967 fcrtare
717 1913 965 1977 VOIIIt'I‘il,
997 1922 1087 1964 aut
1138 1923 1289 1967 extra
1341 1914 1576 1983 regulam
1617 1913 1810 1967 exinde
1856 1914 2036 1982 egredi
2071 1911 2113 1967 Β
2142 1914 2282 1983 quod
2311 1929 2375 1968 ex
2412 1912 2676 1980 permisso
2720 1922 2774 1966 et
2801 1911 2994 1965 solatio
3024 1909 3343 1963 damnorum
3387 1921 3591 1976 regum,
3631 1922 3732 1972 pa-

461 2003 578 2070 qnis
611 2002 914 2069 tentaverit,
949 2017 1040 2056 seu
1064 2002 1130 2056 de
1158 2003 1339 2067 rebus,
1365 2018 1498 2071 quas
1530 2004 1579 2055 in
1606 2018 1690 2057 me
1721 2004 2036 2070 praecellen-

461 2095 699 2147 tissimus
747 2093 973 2147 domnus
1007 2093 1375 2156 Chlotharius,
1425 2093 1509 2147 vel
1561 2095 2033 2160 praecellentiSsimi

461 2185 641 2237 domui
675 2200 828 2253 rcges
855 2184 962 2254 [.ll.
998 2183 1159 2255 regis]
1189 2184 1279 2238 filii
1309 2185 1388 2238 sui
1417 2185 1760 2239 contulerunt
1793 2203 1806 2238 :
1841 2195 1893 2240 et
1936 2201 2036 2254 ego

462 2290 525 2326 ex
576 2273 690 2340 ejus
738 2273 1111 2343 praeceptionis
1142 2275 1436 2342 permisso,
1471 2276 1796 2346 monasterio
1847 2275 2036 2329 tradidi

463 2363 656 2430 possid.
681 2364 840 2416 udum
863 2404 877 2424 ,
908 2373 960 2416 ct
992 2379 1085 2431 per
1127 2363 1468 2418 auctoritates
1520 2365 2039 2432 praecellentissimo-

462 2469 580 2506 tum
613 2455 926 2507 domnorum
985 2469 1188 2523 regum,
1221 2454 1556 2519 Cltariberti,
1607 2454 1994 2510 Guntchramni
2020 2497 2034 2521 ,

460 2543 745 2611 Utilperici
775 2552 828 2596 et
874 2543 1166 2611 Sigibeiti,
1200 2558 1320 2596 cum
1368 2544 1691 2598 sacramenti
1739 2544 2040 2612 interposi-

464 2637 606 2686 tione
631 2673 645 2697 ,
693 2641 748 2686 et
775 2647 989 2686 suarum
1031 2649 1279 2686 manuum
1313 2634 1800 2704 subscriptionibus
1828 2635 2038 2688 obtinui

464 2723 774 2779 c0nfirmari
810 2741 822 2774 :
864 2732 956 2776 aut
1002 2739 1068 2776 ex
1101 2724 1183 2776 his
1217 2740 1333 2792 quae
1361 2725 1451 2778 alii
1482 2740 1574 2793 pro
1603 2726 1895 2780 animarum
1920 2743 2042 2778 sua-

463 2829 581 2867 rum
623 2813 882 2879 rcmedio,
915 2815 998 2867 vel
1033 2829 1246 2868 sorores
1286 2814 1480 2869 ibidem
1531 2817 1596 2869 de
1626 2821 1781 2870 rebus
1813 2817 2040 2886 propriis

462 2907 830 2971 contulerunt,
883 2907 1074 2975 aliquis
1106 2911 1380 2978 princeps,
1410 2919 1494 2962 ant
1530 2909 1788 2976 pontifex,
1819 2921 1910 2963 aut
1942 2925 2032 2979 po-

462 3009 601 3058 tens,
627 3005 718 3049 aut
751 3005 776 3032 ι
808 2997 875 3050 dc
902 2999 1179 3050 sororibus
1209 2999 1496 3066 cujuslibet
1537 3014 1778 3067 personae
1803 3002 1911 3053 ausi
1945 3002 2041 3053 mi-

463 3104 649 3150 nuere,
675 3097 766 3140 aut
806 3088 1018 3141 sibimet
1061 3087 1123 3140 ad
1162 3088 1544 3156 proln'ietatem
1587 3104 1844 3144 revocare
1875 3091 2037 3142 sacri-

465 3179 587 3246 lego
635 3186 759 3231 voto
809 3177 1184 3240 contenderit,
1230 3175 1299 3228 ita
1353 3186 1586 3230 vestram
1645 3179 1975 3233 sanctitatem
2012 3177 2037 3216 ι)

2141 2006 2235 2059 tris
2250 2005 2330 2058 vel
2348 2005 2431 2058 avi
2455 2018 2640 2058 eorum
2667 2001 3032 2056 construxisse
3059 2001 3170 2052 visa
3193 2014 3334 2062 sum,
3357 2008 3409 2052 et
3435 1998 3730 2050 ordnusse

2143 2097 2475 2165 regulariter,
2511 2095 2593 2149 vel
2643 2094 2879 2157 dotasse,
2920 2091 3080 2162 [‘75
3125 2090 3225 2144 sub
3271 2103 3367 2143 sua
3395 2088 3624 2142 tuitione
3665 2098 3729 2142 et

2137 2201 2403 2251 sermone,
2435 2201 2538 2241 una
2583 2200 2701 2240 cum
2731 2184 2935 2252 Agnete
2970 2182 3236 2236 abbatissa
3259 2179 3484 2248 jubeant
3510 2179 3728 2247 guber-

2142 2295 2294 2345 nare,
2324 2288 2376 2333 et
2403 2294 2432 2332 a
2464 2277 2612 2332 nullo
2642 2292 2813 2341 neque
2843 2289 2989 2343 saepe
3018 2274 3211 2328 dictam
3242 2273 3566 2327 abbatissam
3615 2287 3726 2324 nu-

2139 2379 2328 2431 stram,
2357 2383 2529 2436 neque
2558 2367 2697 2434 aliqu
2721 2366 2753 2419 d
2786 2366 2852 2418 ad
2883 2377 3120 2417 nostrum
3147 2363 3527 2416 monasterium
3559 2361 3726 2428 perti.

2140 2473 2272 2513 nens
2305 2457 2602 2522 molestari,
2623 2468 2712 2509 aut
2754 2455 3068 2521 inquietari,
3101 2453 3183 2506 vel
3212 2450 3409 2506 exinde
3449 2451 3726 2514 imminui,

2139 2557 2232 2601 aut
2275 2546 2476 2616 aliquid
2524 2546 2716 2599 mutari
2760 2545 3103 2612 permittant;
3143 2543 3236 2608 sed
3279 2541 3446 2611 magis
3493 2557 3587 2609 pro
3621 2542 3725 2595 Dei

2141 2640 2332 2694 intuitu
2363 2653 2464 2691 una
2493 2651 2615 2690 cum
2658 2637 2868 2689 domuis
2902 2633 3191 2702 episcopis,
3225 2633 3362 2702 ipsi,
3395 2647 3483 2687 me
3522 2632 3724 2698 suppzi-

2140 2740 2296 2784 c:rnte
2332 2743 2512 2781 coram
2563 2726 2902 2793 redemptore
2948 2725 3220 2793 gentium,
3252 2724 3390 2778 sicut
3438 2724 3517 2778 eis
3563 2738 3724 2776 conr-

2143 2819 2355 2883 mendo,
2391 2817 2656 2873 defensuri
2684 2816 2900 2886 jubeant
2935 2823 2990 2870 et
3015 2814 3242 2880 muniri,
3271 2823 3328 2867 ut
3358 2814 3410 2868 in
3439 2815 3595 2881 cujus
3622 2813 3726 2866 bo-

2142 2928 2272 2967 nore
2311 2912 2401 2965 Dei
2455 2911 2680 2964 famulas
2729 2917 3038 2979 protegunt,
3081 2922 3202 2963 cum
3249 2907 3536 2964 defensore
3578 2923 3725 2975 pau-

2143 3020 2327 3074 perum
2371 3013 2426 3058 et
2478 3005 2690 3070 Sponso
2753 3001 3024 3070 Virginum
3085 2999 3460 3068 perpetualiter
3514 3008 3726 3053 Merito

2151 3096 2419 3149 socieutur
2448 3095 2498 3148 in
2531 3109 2715 3163 regno.
2752 3094 2878 3147 Illud
2906 3091 2934 3128 ά
2964 3107 3176 3162 quoque
3205 3108 3297 3145 vos
3333 3101 3547 3146 sanctos
3584 3107 3726 3161 p0n-

2143 3187 2332 3254 titices,
2380 3196 2432 3242 et
2479 3186 3002 3254 przecellentissimos
3030 3183 3260 3238 domuos
3311 3198 3480 3251 reges,
3514 3191 3570 3237 et
3598 3185 3726 3237 uni-

464 3282 945 3335 succcswrutnque
983 3266 1146 3338 474
1175 3278 1469 3321 vestrorum
1520 3276 1638 3336 post
1686 3267 1886 3334 Deum,
1943 3285 2037 3338 pro
2069 3267 2110 3328 C
2145 3292 2353 3332 versum
2397 3276 2647 3346 populum
2690 3275 3050 3329 Christianum
3077 3315 3092 3339 ,
3140 3273 3365 3342 coujuro
3412 3288 3507 3342 per
3555 3275 3724 3328 fidem

463 3375 583 3415 mea
613 3358 1003 3427 supplicatione
1032 3371 1085 3413 et
1131 3357 1331 3412 Christi
1361 3359 1650 3426 voluntate,
1680 3360 1912 3414 incurrat
1938 3378 1951 3413 :
1984 3371 2038 3416 ut

463 3453 600 3507 sicut
632 3451 912 3519 praedones
961 3459 1015 3504 et
1057 3449 1374 3518 spoliatores
1415 3467 1704 3518 pauperum
1736 3460 1883 3505 extra
1914 3467 2037 3521 gra-

465 3548 591 3599 tiam
625 3537 853 3598 vestram
879 3544 1196 3610 habeantur,
1231 3558 1498 3612 nuaquam
1524 3544 1590 3597 de
1621 3553 1799 3596 nostra
1833 3545 2036 3612 regula,

465 3642 548 3693 vel
581 3637 647 3691 de
673 3637 834 3692 rebus
862 3636 1195 3701 monasterii,
1228 3635 1609 3690 obsistentibus
1654 3637 1825 3701 vobis,
1862 3637 2040 3690 immi-

467 3749 634 3788 tmere
664 3734 839 3785 valeat
889 3731 1088 3798 aliquid
1120 3739 1210 3782 aut
1253 3738 1479 3783 mutare.
1529 3729 1638 3782 lloc
1661 3729 1818 3783 etiam
1848 3729 2042 3796 depre-

468 3842 595 3877 rans
627 3835 681 3877 ut
711 3839 828 3876 cum
862 3823 1001 3876 Deus
1032 3821 1340 3889 prmdictatn
1375 3820 1624 3872 domnam
1675 3835 1914 3873 Sororem
1945 3835 2040 3871 no-

467 3923 633 3966 stram
663 3911 923 3982 Agnetem
965 3910 1032 3962 de
1080 3906 1276 3962 smeulo
1324 3907 1552 3976 migrare
1583 3907 1840 3970 voluerit,
1876 3907 1956 3959 :l’a
1992 3908 2040 3959 in

469 4005 587 4057 loco
617 4003 734 4072 ejus
778 4001 1043 4055 abbatissa
1077 4000 1142 4054 de
1191 4007 1373 4053 nostra
1413 3998 1827 4068 congregatione
1853 3999 2044 4052 debeat

467 4093 732 4159 ordinari,
780 4109 895 4162 quae
932 4093 1037 4145 Deo
1087 4102 1139 4145 et
1171 4091 1268 4159 ipsi
1301 4091 1578 4158 placuerit,
1610 4089 1920 4143 custodiens
1957 4103 2042 4142 re-

465 4186 679 4255 gulam,
713 4192 763 4238 et
803 4182 930 4236 nihil
979 4181 1044 4235 de
1098 4183 1369 4251 proposito
1415 4179 1712 4235 sanctitatis
1740 4180 2041 4234 imminuat.

469 4279 599 4333 Nam
636 4287 659 4316 ο
695 4292 960 4343 nunquam
1011 4277 1218 4345 propria
1273 4285 1362 4329 aut
1405 4274 1770 4344 cujuscunque
1801 4275 2045 4328 voluntas

468 4367 784 4440 praecipitet.
808 4367 957 4433 Quod
984 4369 1051 4431 si,
1092 4366 1232 4437 quod
1266 4367 1435 4431 absit,
1471 4376 1654 4421 contra
1699 4365 1791 4420 Dei
1825 4365 2046 4418 manda-

469 4472 578 4514 tum
612 4469 665 4511 et
696 4459 1067 4512 aucmritatem
1103 4474 1286 4526 regum
1334 4458 1524 4526 aliquis
1554 4458 1622 4511 de
1668 4458 2046 4526 suprascriptis

471 4549 864 4604 conditionibus
891 4564 1069 4600 εοειιιιι
1103 4548 1328 4601 Domino
1357 4559 1408 4601 et
1436 4549 1635 4600 sanctis
1656 4547 1772 4614 ejus
1807 4548 2045 4616 precabi-

2142 3368 2461 3422 catholicam
2487 3369 2537 3420 in
2569 3381 2671 3434 qua
2727 3365 2979 3434 baptizati
3009 3365 3160 3430 estis,
3186 3373 3239 3419 et
3273 3363 3538 3418 Ecclesias
3583 3379 3725 3430 quas

2142 3459 2490 3523 conservatis,
2541 3457 2677 3510 utin
2726 3457 2943 3510 basilica
2988 3470 3143 3524 quam
3193 3454 3245 3508 in
3291 3465 3486 3509 sancta:
3534 3453 3724 3508 Marte

2146 3548 2433 3601 Dominicze
2483 3548 2603 3615 geni
2633 3548 2756 3600 ricis
2811 3545 3066 3600 honorem
3116 3548 3378 3614 coepimus
3427 3546 3720 3612 editicare,

2146 3641 2231 3693 ubi
2261 3642 2420 3693 etiam
2470 3638 2650 3692 multa:
2705 3652 2919 3692 sorores
2973 3645 3170 3692 nostra:
3221 3638 3450 3692 conditae
3498 3647 3624 3691 sunt
3665 3639 3722 3692 in

2146 3732 2350 3799 requie,
2376 3732 2492 3784 sive
2521 3728 2778 3798 perfecta,
2809 3729 2922 3783 sive
2949 3728 3278 3796 imperfecta,
3309 3743 3429 3782 cum
3463 3743 3548 3782 me
3580 3728 3725 3781 Deus

2145 3821 2211 3874 de
2241 3822 2340 3875 hac
2366 3821 2481 3874 luce
2509 3822 2738 3887 migrare
2770 3819 3102 3888 praeceperit,
3135 3820 3512 3888 corpusculum
3537 3836 3723 3873 tncntn

2147 3911 2219 3966 ibi
2250 3911 2443 3967 debeat
2471 3912 2706 3978 sepeliri.
2737 3910 2888 3976 Quod
2927 3909 2972 3963 si
3013 3911 3132 3978 quis
3171 3911 3316 3964 aliud
3341 3909 3465 3966 inde
3491 3911 3726 3966 voluerit

2147 4011 2236 4056 aut
2264 4003 2374 4056 fieri
2406 4001 2712 4065 temaverit,
2745 4001 3020 4055 obtinente
3045 4016 3205 4056 cruce
3236 4001 3432 4056 Chrisﬁ
3481 4010 3534 4056 et
3565 4003 3723 4056 beata

2147 4093 2331 4157 Maria,
2362 4093 2596 4146 divinam
2620 4094 2873 4147 ultionem
2906 4093 3174 4157 incurrat,
3209 4101 3264 4146 et
3289 4093 3437 4146 vobis
3466 4094 3708 4148 iutercur

2148 4183 2409 4248 rentibus,
2445 4184 2494 4236 in
2527 4183 2644 4236 loco
2691 4183 2855 4251 ipsius
2900 4182 3142 4237 basilica:
3186 4198 3398 4239 merear
3427 4198 3547 4237 cum
3579 4199 3727 4238 soro-

2148 4290 2265 4329 rum
2295 4274 2706 4344 congregatione
2752 4275 2995 4328 obtiucre
3025 4274 3258 4326 loculum
3311 4272 3617 4340 sepulturae.
3659 4275 3729 4329 Et

2149 4375 2206 4419 ut
2257 4365 2371 4418 haec
2402 4364 2718 4433 supplicatio
2763 4379 2917 4429 mea,
2969 4380 3127 4433 quam
3161 4379 3318 4418 manu
3365 4365 3573 4433 pr0pria
3605 4364 3728 4418 sub-

2150 4456 2370 4524 scripsi,
2419 4455 2470 4508 in
2521 4454 2831 4508 universalis
2881 4454 3132 4508 Ecclesiae
3181 4453 3401 4507 archivo
3458 4465 3727 4518 servetur,

2149 4547 2329 4600 effusis
2357 4561 2476 4599 cum
2533 4547 2781 4614 Iacrymis
2832 4545 3135 4614 deprecor:
3170 4555 3429 4611 quatenus
3459 4544 3503 4596 si
3539 4557 3728 4598 contra

472 4643 596 4695 liter
618 4638 1007 4691 commendatis
1028 4652 1206 4706 agere,
1230 4647 1321 4690 aut
1343 4637 1409 4691 de
1433 4653 1657 4706 persona
1689 4649 1777 4690 aut
1800 4639 2040 4692 substan-
2077 4637 2125 4697 D
2151 4638 2422 4706 improbos
2451 4638 2657 4706 aliquos
2699 4637 2988 4692 necessitas
3031 4637 3290 4704 exegerit,
3323 4646 3379 4689 ut
3410 4646 3586 4689 vestra
3632 4636 3730 4690 de-

473 4734 545 4785 tia
591 4727 873 4784 minuenda
907 4728 1155 4792 Voluerit,
1189 4736 1279 4778 aut
1329 4737 1634 4780 memorata:
1688 4729 1858 4780 sorori
1910 4744 2044 4782 mea:

451 4822 662 4907 .Agueti
710 4817 994 4871 abbatissa:
1023 4815 1295 4870 moleStias
1342 4816 1546 4883 aliquas
1578 4815 1777 4870 inferre
1808 4825 2044 4870 tentave—

471 4914 558 4977 rit,
591 4911 704 4975 Dei,
733 4919 785 4963 et
814 4919 1013 4963 sancta:
1043 4908 1217 4962 crucis
1238 4947 1253 4967 ,
1287 4915 1340 4960 et
1369 4906 1537 4960 beata:
1583 4906 1763 4960 Mariae
1807 4906 1878 4959 illi
1899 4915 2046 4960 urrat

472 5005 754 5075 judicium,
791 5010 843 5055 et
872 5003 1056 5056 beatos
1087 4999 1423 5053 confessores
1469 4997 1726 5051 Hilarium
1780 5007 1834 5051 et
1862 4997 2045 5050 Marti-

474 5110 622 5158 nmn,
651 5093 841 5160 quibus
869 5101 988 5159 post
1020 5091 1182 5144 Deum
1208 5103 1422 5143 sorores
1455 5103 1599 5142 meas
1636 5087 1823 5141 tradidi
1856 5087 2048 5141 deten-

475 5187 698 5249 dendas,
729 5186 872 5252 ipsos
902 5184 1090 5238 habeat
1117 5182 1541 5236 contradictores
1567 5191 1620 5235 et
1654 5191 2042 5246 persecutores.

475 5280 552 5334 Te
583 5292 813 5346 quoque,
847 5276 1004 5329 beate
1049 5276 1305 5344 pontifex,
1341 5287 1785 5340 successoresque.
1816 5279 2046 5335 vestros,

548 5423 573 5450 ⁸
605 5415 813 5480 ltegm.,
847 5419 934 5461 ant
977 5409 1148 5475 aliqua
1203 5407 1264 5457 de
1299 5407 1556 5480 sororibus
1583 5407 1689 5480 Iure
1725 5405 2043 5480 imminuere,

477 5495 523 5539 et
554 5489 603 5536 in
634 5477 725 5535 atra
759 5481 968 5544 propria
1012 5480 1274 5529 traduci-re
1317 5479 1484 5542 quavis
1519 5477 1894 5525 nmrhinatione
1941 5485 2049 5525 ten-

485 5555 683 5616 tarerit,
715 5551 1052 5604 anathemati-3
1073 5549 1190 5618 jugi
1222 5547 1396 5614 gladio
1424 5546 1690 5612 feriantur.

552 5625 578 5662 δ
611 5614 938 5694 Legendunt,
973 5634 1027 5674 ut
1057 5614 1201 5688 puto,
1236 5631 1363 5666 iram
1388 5624 1563 5666 vestra:
1605 5614 1908 5676 sanctitatis,
1943 5622 2046 5668 etc.

2154 4730 2398 4784 fensione
2428 4743 2582 4783 soror
2612 4742 2730 4782 mea
2761 4729 2938 4796 Agnes
2967 4725 3256 4790 abbatissa,
3299 4725 3382 4780 vel
3431 4739 3727 4794 congrega-

2152 4823 2226 4875 tio
2254 4820 2390 4889 ejus,
2414 4821 2561 4888 quo“
2581 4817 2815 4874 succurri
2841 4819 2937 4872 sibi
2972 4818 3327 4888 poposcerint,
3348 4824 3535 4872 vestrae
3566 4819 3729 4871 misa—

2161 4910 2400 4965 ricordiae
2445 4910 2525 4977 pia
2563 4909 2860 4963 consolatio
2899 4923 3052 4974 opem
3085 4907 3334 4975 pastorali
3369 4907 3730 4962 sollicitudine

2151 5002 2548 5067 subministrat;
2579 5017 2676 5056 nec
2704 5001 2772 5055 de
2821 5017 2904 5054 me
2941 4999 3223 5054 destitutas
3264 5013 3321 5053 se
3349 4998 3680 5068 proclament

2155 5095 2346 5163 quibus
2379 5095 2515 5148 Deus
2563 5094 2869 5163 praesidium
2922 5105 3116 5148 vesme
3161 5093 3344 5161 gratiae
3390 5095 3700 5164 prmparavit

2155 5185 2283 5239 lllnd
2315 5185 2464 5239 vobis
2494 5185 2544 5238 in
2575 5185 2822 5238 omnibus
2869 5193 2991 5238 ante
3021 5184 3206 5238 oculos
3249 5196 3593 5249 revocantes,
3635 5199 3719 5252 pa

2155 5277 2351 5346 ipsum,
2385 5276 2472 5343 qni
2506 5275 2573 5328 de
2604 5291 2764 5329 cruce
2813 5276 3040 5344 g!oriosa
3076 5273 3344 5342 Virginem
3390 5289 3540 5328 suam
3580 5275 3702 5343 geni

2196 5475 2206 5486 .
2229 5415 2250 5441 ⁸⁵
2285 5405 2466 5471 Regni.
2483 5446 2497 5468 ,

2154 5485 2301 5543 pttqt.

2157 5541 2170 5626 ζ
2226 5541 2409 5667 dRQutr
2456 5553 2750 5613 sequuntur
2791 5545 2857 5598 ad
2904 5544 3061 5598 finem
3093 5544 3280 5612 capitis
3305 5551 3574 5596 contracta
3609 5557 3706 5592 sun

2157 5630 2207 5667 tu
2288 5631 2428 5667 eam.

2157 5630 2207 5667 tu
2241 5630 2428 5684 negtn.

2569 5421 2687 5456 nam
2755 5419 3119 5475 nonnunquam
3175 5419 3481 5472 praprta....
3544 5405 3721 5468 preci-

546 5755 736 5808 ‘Recte
752 5759 927 5808 omittit
949 5752 1170 5806 voculam
1207 5765 1300 5814 quo
1328 5751 1605 5803 Dom’nicus
1641 5752 1919 5816 Mausi,qnl
1984 5754 2110 5803 hanc
2137 5755 2386 5817 epistolam
2433 5767 2534 5804 sure
2569 5753 2894 5804 Conciliat-um
2933 5752 3210 5817 ci‘ilet‘tioni
3237 5749 3462 5810 inseruit,
3508 5754 3606 5798 ωω
3645 5743 3734 5808 ΣΧ.

484 5817 570 5872 φὶ.
589 5818 697 5867 810.

3025 5814 3154 5863 Eun.
