3966 6348
364 400 462 461 831

1357 397 1416 453 S.
1456 393 1780 454 GREIIURII
1827 390 2129 449 Ειιιςιιοιιι
2171 385 2609 445 τυωκεκεις

3539 375 3641 447 res

364 521 498 585 tium
544 520 811 577 sociorum
856 514 1123 585 exposuit.
1173 513 1285 582 Qua
1331 515 1399 580 de
1443 528 1604 569 causa
1659 514 1947 581 imperator
1974 511 2024 570 Α
2053 503 2273 575 intelligi
2304 504 2481 568 datur,
2520 500 2621 554 hoc
2651 499 2862 567 signum
2893 495 2993 550 sibi
3024 493 3408 565 Langobardos
3435 509 3641 562 parpa—

365 614 523 669 vatde
554 611 831 681 molestus,
858 608 1131 679 pollicitus
1160 619 1243 664 est
1271 609 1455 665 ulcisci
1485 616 1710 663 mortem
1737 623 1948 672 eorum,

365 706 516 777 juxta
545 707 594 760 id
633 705 776 774 quod
815 703 1143 759 Childeberti
1188 705 1327 771 regis
1353 702 1617 772 judicium
1650 702 1954 771 prexnnlga-

368 807 473 852 ret.
506 794 656 851 Tunc
684 794 754 850 ab
782 796 1105 866 imperatore
1148 804 1494 859 muneratus,
1527 807 1646 846 cum
1694 805 1822 859 pace
1866 806 1951 843 reo

369 903 589 959 gressus
614 897 697 944 est
725 897 775 945 ι.

444 983 530 1038 Ill.
562 982 654 1038 His
679 980 709 1020 δ
733 997 766 1037 a
790 980 1062 1051 Grippone
1090 976 1438 1034 Cbildeberto
1464 977 1574 1047 regi
1602 976 1802 1039 relatis,
1827 989 1957 1029 con-

374 1073 549 1127 fe~tim
579 1074 880 1128 exercitum
904 1073 954 1126 in
986 1071 1189 1126 Italiam
1224 1070 1555 1125 commoveri
1592 1068 1749 1137 jubet
1788 1081 1852 1121 ac
1884 1068 1960 1122 vi-

371 1166 504 1236 ginti
530 1165 696 1221 duces
724 1164 791 1219 ad
827 1162 1302 1235 Langobardorum
1328 1168 1542 1231 gentem
1575 1158 1951 1214 debellandum

372 1256 576 1326 dirigit.
598 1255 835 1325 Quorum
865 1255 1078 1309 nomina
1113 1268 1217 1308 non
1243 1253 1419 1323 putavi
1444 1251 1657 1307 lectioni
1679 1266 1744 1306 ex
1766 1249 1957 1304 ordine

374 1349 682 1404 necessario
731 1346 1433 1419 inserenda.undoualdns
1464 1358 1486 1382 °
1530 1360 1659 1401 vero
1701 1346 1806 1398 dux
1836 1357 1957 1398 curn

376 1441 699 1497 Vinthrione
720 1450 991 1496 commoto
1020 1438 1325 1507 Campania:
1349 1436 1565 1507 populo,
1590 1450 1713 1489 cum
1738 1435 1802 1489 ad
1832 1433 1961 1487 Met-

379 1544 583 1588 tensem
617 1533 829 1599 urbem,
850 1547 969 1602 qua;
991 1532 1039 1586 ei
1057 1533 1107 1585 in
1132 1531 1324 1585 itinere
1345 1531 1447 1583 sita
1469 1537 1602 1591 erat,
1624 1526 1959 1590 accessisset,

377 1632 553 1679 tantas
583 1623 789 1692 praedas
819 1631 1072 1692 tantaque
1116 1619 1401 1674 homicidia
1442 1633 1507 1673 ac
1543 1618 1722 1673 caedes
1766 1632 1960 1685 perpe-

378 1717 558 1780 travit,
591 1726 647 1768 ut
677 1716 883 1768 hostem
917 1712 1145 1781 propria:
1186 1709 1386 1779 regioni
1429 1718 1704 1779 putaretur
1739 1707 1962 1764 inferre.

377 1808 485 1864 Sed
515 1820 568 1861 et
596 1805 686 1861 alii
707 1821 917 1876 quoque
938 1806 1099 1859 duces
1127 1804 1374 1860 similiter
1394 1819 1517 1859 cum
1543 1803 1823 1872 phalangis
1846 1803 1963 1857 suis

2056 595 2444 654 ravisse.’l‘unc
2461 593 2612 663 pauci
2634 597 2995 653 transeuntes,
3013 597 3203 643 contra
3227 587 3636 654 Langobardqu

2057 692 2197 748 hunc
2224 692 2588 752 decertantes,
2613 691 3022 755 prostraverunt
3048 698 3172 739 eum
3196 701 3210 748 ;
3235 690 3292 738 et
3318 697 3447 738 ecce
3467 680 3645 739 omnis

2055 787 2324 838 exercitus
2353 777 2824 845 Langobardorum
2856 776 2908 829 in
2940 773 3115 844 fugam
3147 790 3338 829 versus
3361 773 3643 842 praeteriit.

2058 877 2119 930 lli
2146 888 2357 945 quoque
2388 879 2727 926 transeuntes
2757 867 2955 922 flumen
2979 909 2994 931 ,
3033 866 3236 921 nullum
3278 866 3348 922 de
3375 866 3441 921 iis
3476 880 3637 934 repe-

2059 969 2226 1031 riunt,
2253 966 2353 1038 nisi
2387 975 2590 1018 tantum
2618 968 3069 1031 recognoscentes
3097 968 3415 1026 apparatum
3445 967 3649 1012 castro-

2059 1076 2199 1123 rum,
2225 1058 2312 1112 tibi
2343 1058 2425 1115 vel
2458 1057 2608 1109 focos
2640 1054 2976 1117 habuerant,
3006 1051 3089 1105 vel
3121 1051 3347 1105 tentoria
3394 1049 3645 1104 ﬁxerant.

2067 1149 2310 1219 Cumque
2339 1147 2543 1203 nullum
2572 1148 2638 1201 de
2663 1146 2728 1201 iis
2750 1141 3251 1214 deprehendissent,
3270 1142 3335 1195 ad
3356 1150 3531 1196 castra
3556 1156 3651 1196 sua

2061 1242 2291 1312 regressi
2317 1250 2458 1304 sunt,
2490 1239 2666 1306 ibique
2698 1237 2763 1291 ad
2790 1251 2886 1291 eos
2916 1234 3257 1305 imperatoris
3291 1232 3454 1303 legati
3481 1248 3649 1289 vene-

2061 1346 2184 1388 runt
2210 1341 2257 1395 ι,
2285 1330 2592 1385 nuntiantes
2626 1326 2819 1381 adesse
2862 1324 3161 1380 exercitum
3192 1323 3244 1377 in
3284 1322 3533 1377 solatium
3563 1338 3655 1378 eo-

2064 1421 2615 1489 rutn,dicentesque:
2649 1418 2785 1485 Quia
2825 1423 2947 1483 post
2991 1413 3228 1468 triduum
3280 1427 3403 1466 cum
3446 1413 3651 1469 eisdem

2065 1516 2369 1579 veniemus,
2398 1524 2451 1569 et
2483 1512 2585 1566 hoc
2614 1509 2767 1565 vobis
2805 1508 2909 1564 erit
2948 1508 3161 1577 signum
3190 1524 3203 1559 τ
3235 1503 3368 1560 Cum
3408 1505 3654 1559 videritis

2066 1607 2205 1660 villae
2233 1606 2409 1675 hujus,
2424 1603 2609 1673 quasin
2626 1612 2805 1656 monte
2826 1600 2925 1655 sita
2948 1609 3051 1664 est,
3074 1599 3265 1653 domus
3287 1597 3419 1670 [Pro
3440 1596 3655 1671 domos]

2066 1696 2313 1753 incendio
2359 1695 2732 1758 concremari,
2782 1701 2836 1747 et
2884 1692 3085 1746 fumum
3128 1689 3363 1745 incendii
3396 1690 3462 1745 ad
3489 1690 3657 1746 ctelos

2067 1804 2237 1857 usque
2262 1788 2493 1851 sustolli,
2520 1786 2775 1840 noveritis
2795 1783 2954 1857 487
2980 1796 3076 1838 nos
3096 1797 3218 1837 cum
3239 1781 3478 1837 exercitu
3499 1796 3657 1851 quem

378 1898 577 1961 fecere,
612 1902 682 1951 ita
710 1869 767 1951 ut
798 1869 946 1965 prius
973 1895 1245 1965 regionem
1276 1869 1550 1965 propriam
1580 1906 1671 1948 aut
1708 1869 1959 1963 populum

2090 1872 2383 1934 iollicemur
2427 1877 2638 1931 adesse.
2673 1875 2777 1931 Sed
2809 1882 3182 1942 exspectantes
3219 1869 3370 1939 juxta
3404 1870 3657 1937 placitum

378 1999 810 2045 cotnmanentem
840 1988 1141 2053 afﬁcerent,
1171 2002 1330 2058 quam
1359 1987 1611 2054 quiddam
1640 1986 1879 2040 victoria:
1902 1984 1970 2039 de

379 2081 595 2136 inimica
626 2089 784 2149 gente
813 2088 1108 2148 patrarent.
1143 2077 1654 2146 ApprOpinquantes
1694 2084 1869 2131 autem
1903 2074 1969 2129 ad

381 2174 668 2228 terminum
690 2172 872 2237 Italiae,
897 2170 1242 2225 Audoualdus
1263 2184 1384 2223 cmn
1411 2182 1505 2222 sex
1530 2166 1757 2221 duribus
1777 2164 1970 2220 dexte-

382 2278 498 2321 ram
526 2263 698 2333 petiit,
729 2270 890 2330 atque
919 2261 983 2316 ad
1010 2259 1459 2315 Mediolanensem
1488 2256 1676 2311 urbem
1706 2254 1960 2318 advenit,

386 2356 566 2423 ibique
610 2354 820 2409 eminus
851 2353 903 2408 in
935 2338 1256 2423 campestria
1303 2359 1481 2406 castra
1528 2354 1843 2418 posuerunt.
1874 2346 1977 2401 Olo

388 2457 565 2498 au'em
595 2442 702 2496 dux
733 2443 797 2496 ad
823 2441 1128 2496 Bilitionem
1153 2440 1311 2509 hujus
1350 2439 1496 2494 urbis
1523 2447 1780 2504 castrum,
1812 2436 1977 2508 486

395 2536 449 2589 in
479 2536 683 2603 campis
712 2534 872 2589 situm
903 2533 1119 2589 Caninis
1144 2529 1205 2602 ά,
1234 2533 1537 2601 importune
1565 2530 1863 2597 accedens,
1890 2530 1975 2596 ja-

370 2625 516 2679 ‘cnlo
535 2632 635 2679 sub
666 2625 861 2696 papilla
887 2634 911 2662 °
941 2626 1245 2690 sauciatus,
1276 2623 1558 2693 ceciditget
1593 2633 1841 2677 mortuus
1867 2631 1970 2677 est.

392 2713 454 2772 lli
483 2724 660 2770 autem
691 2730 814 2769 cum
837 2715 1040 2786 egressi
1074 2715 1303 2770 fuissent
1332 2712 1383 2766 in
1409 2712 1663 2782 praedam,
1693 2720 1752 2765 ut
1772 2709 1973 2780 aliquid

393 2804 569 2860 victus
598 2804 942 2874 acquirerent
965 2844 980 2867 ,
1013 2819 1043 2858 a
1070 2802 1440 2873 Langobardis
1479 2802 1810 2857 irruentibus
1856 2815 1976 2869 pas-

390 2896 489 2951 sim
523 2912 619 2965 per
648 2899 759 2952 loca
795 2898 1298 2969 prosternebantur.
1332 2898 1464 2951 Erat
1505 2904 1682 2951 autem
1728 2903 1973 2965 stagnum

391 2990 660 3055 quoddam
687 2992 739 3044 in
771 2991 887 3059 ipso
910 2990 1323 3047 Mediolancnsis
1346 2991 1493 3045 urbis
1517 2990 1810 3057 territorio,
1834 2989 1975 3058 quod

392 3082 673 3138 Coresium
700 3080 722 3122 ί
749 3086 1009 3152 vocitant,
1037 3100 1102 3139 ex
1132 3099 1239 3154 quo
1262 3099 1457 3153 parvus
1492 3082 1709 3153 quidam
1748 3083 1974 3150 fluvius,

394 3174 488 3228 sed
516 3173 809 3242 profundus
828 3174 1131 3243 egreditur;
1154 3188 1315 3244 super
1346 3173 1502 3243 hujus
1536 3173 1635 3228 laci
1669 3175 1814 3228 littus
1830 3172 1973 3227 Lan-

2075 1972 2192 2029 dies
2242 1985 2371 2033 sex,
2425 1969 2626 2023 nullum
2674 1983 2740 2022 ex
2782 1968 2849 2021 iis
2890 1967 3101 2020 venisse
3133 1964 3482 2030 contemplati
3508 1974 3655 2018 sunt.

2077 2061 2311 2117 Cedinus
2362 2056 2392 2097 ιι
2445 2067 2624 2115 autem
2706 2072 2826 2110 cum
2880 2054 3138 2110 tredecim
3189 2054 3416 2110 ducibus
3470 2054 3658 2108 laevam

2076 2152 2240 2206 italiae
2287 2152 2589 2220 ingressus,
2649 2149 2883 2218 quinque
2927 2147 3143 2201 castella
3184 2146 3356 2212 cepit,
3403 2160 3433 2199 a
3464 2146 3657 2213 quibus

2077 2242 2236 2296 etiam
2294 2248 2630 2296 sacramenta
2695 2236 2895 2307 exegit.
2954 2236 3169 2291 Morbus
3235 2236 3397 2289 etiam
3467 2235 3659 2308 dysen-

2081 2333 2227 2389 tewite
2273 2331 2506 2403 graviter
2554 2329 2847 2385 exercitum
2891 2326 3193 2392 afﬁciebat,
3233 2342 3298 2383 eo
3335 2329 3474 2396 quod
3511 2342 3661 2382 acres

2078 2422 2354 2489 incongrui
2396 2421 2694 2491 insuetique
2724 2420 2790 2475 iis
2824 2418 3129 2474 hominibus
3169 2427 3389 2485 essent,
3440 2434 3507 2473 ex
3554 2433 3661 2488 quo

2080 2514 2320 2584 plerique
2360 2512 2701 2568 interierunt.
2735 2496 3020 2567 commoto
3065 2520 3245 2567 autem
3274 2518 3433 2565 vento
3459 2521 3514 2566 et
3542 2511 3663 2566 data

2072 2607 2278 2675 pluvia,
2326 2622 2447 2662 cum
2482 2605 2751 2676 paulisper
2782 2604 3131 2674 refrigescere
3156 2619 3250 2659 aer
3279 2606 3474 2674 cmpit,
3502 2606 3555 2659 in
3585 2604 3664 2663 iu-

2080 2700 2329 2756 ﬁrmitate
2353 2700 2724 2755 salubritatem
2751 2699 3003 2755 contulit.
3032 2698 3169 2767 Quid
3199 2699 3392 2767 plura?
3422 2714 3516 2768 per
3554 2708 3665 2754 tres

2081 2793 2191 2846 fere
2223 2807 2435 2847 menses
2469 2792 2670 2845 Italiam
2710 2800 3090 2862 pervagantes,
3121 2806 3241 2846 cum
3281 2792 3412 2846 nihil
3445 2793 3591 2861 proli.
3613 2808 3668 2849 e-

2080 2895 2196 2938 rent
2220 2926 2235 2950 ,
2272 2898 2450 2953 neque
2480 2897 2540 2939 se
2571 2883 2637 2938 de
2670 2883 2899 2939 inimicis
2934 2883 3121 2938 ulcisci
3154 2894 3403 2953 possent,
3431 2899 3499 2938 eo
3526 2884 3669 2952 quod

2078 2992 2139 3033 se
2185 2978 2235 3031 in
2268 2977 2396 3033 locis
2422 2977 2847 3031 communissent
2889 2975 3244 3040 ﬁrmissimis;
3281 2990 3455 3045 neque
3492 2988 3671 3045 regem

2078 3085 2269 3139 capere
2290 3110 2305 3135 ,
2333 3068 2401 3124 de
2441 3084 2549 3138 quo
2580 3068 2710 3121 ultio
2750 3069 2942 3132 ﬁeret,
2970 3069 3059 3138 qui
3086 3083 3147 3123 se
3185 3068 3322 3122 infra
3354 3068 3673 3124 Ticinenses

2082 3163 2349 3216 munierat
2377 3177 2588 3225 muros;
2618 3160 2920 3214 inﬁrmatus
2945 3199 2960 3223 ,
2988 3170 3045 3212 ut
3073 3159 3332 3226 diximus,
3370 3174 3552 3213 aerum
3583 3162 3671 3212 in-

394 3264 659 3332 gomrdos
686 3265 922 3320 residere
950 3264 1250 3320 audieram,
1302 3266 1379 3319 Ad
1420 3280 1578 3335 quem
1624 3280 1743 3319 cum
1783 3278 1978 3333 appro-
2006 3244 2053 3306 C
2088 3252 2441 3319 temperantia
2486 3249 2752 3327 exercitus
2776 3291 2791 3315 ,
2830 3264 2893 3303 ac
2925 3248 3066 3312 fame
3106 3251 3356 3314 attritus,
3387 3250 3564 3304 redire
3606 3249 3675 3306 ad

401 3361 772 3428 pinquasscnt,
798 3360 1104 3429 priusquam
1130 3358 1348 3422 flumen,
1368 3357 1510 3428 quod
1533 3357 1784 3422 diximus,
1815 3368 1983 3411 trans-

399 3449 561 3517 irent,
593 3465 623 3505 a
654 3450 832 3505 littore
862 3450 955 3504 illo
978 3465 1115 3504 unus
1140 3450 1611 3520 Langobardorum
1639 3460 1788 3504 stans
1812 3448 1980 3503 lorica

400 3552 673 3610 protectus
704 3549 760 3597 et
784 3541 953 3610 galea.
978 3551 1190 3596 contum
1224 3557 1383 3595 manu
1408 3549 1623 3611 gestans
1646 3581 1659 3603 ,
1681 3554 1867 3594 vocem
1890 3540 1985 3594 de-

404 3633 483 3686 dit
503 3645 689 3688 contra
714 3633 1041 3687 Francorum
1075 3634 1370 3687 exercitum
1393 3673 1408 3694 .
1441 3632 1628 3687 dicens
1654 3649 1668 3686 :
1696 3632 1865 3687 Hodie
1892 3648 1984 3702 ap-

406 3722 617 3793 parebit
634 3723 720 3778 cui
738 3722 991 3778 divinitas
1014 3724 1258 3779 obtinere
1279 3723 1556 3779 victoriam
1583 3732 1818 3792 prmstet.
1836 3722 1989 3779 Unde

488 3912 515 3940 ἰ
542 3902 617 3957 De
639 3902 739 3957 hac
766 3902 1031 3970 legatione
1046 3905 1153 3970 egit
1174 3901 1462 3971 Gregorius
1484 3918 1640 3971 supra
1668 3902 1758 3957 lib.
1778 3918 1850 3967 ix,
1870 3917 1985 3964 cap.

410 3974 508 4033 25:
539 3975 758 4027 multum
785 3988 913 4028 vero
938 3974 1233 4028 illustratur
1261 3990 1325 4028 ex
1356 3976 1519 4028 variis
1559 3973 1799 4040 epistolis
1836 3975 1989 4028 Chl-

411 4045 617 4098 dt-berti
641 4055 693 4100 et
724 4044 1091 4098 Brmicehildis
1118 4059 1146 4097 a
1178 4044 1413 4099 Frehero
1463 4055 1517 4100 et
1549 4046 1781 4098 Cbesnio
1806 4046 1991 4100 tomol

413 4115 594 4179 editis,
619 4131 751 4184 quas
776 4113 977 4182 Grippo
992 4114 1504 4179 Constantinopolim
1524 4115 1811 4169 detulerat.
1835 4116 1886 4169 In
1910 4118 1992 4170 bis

412 4187 555 4239 enim
580 4228 594 4248 ,
623 4201 756 4256 quas
783 4203 888 4240 non
918 4187 1091 4240 solum
1123 4186 1431 4254 imperatori
1462 4196 1517 4242 et
1550 4188 1842 4240 Anastasia:
1878 4192 1988 4240 Au-

420 4266 613 4327 gustae,
637 4258 727 4309 sed
760 4259 918 4310 etiam
947 4258 1258 4325 patriarcha:
1280 4258 1506 4326 aliisque
1535 4256 1747 4323 imperii
1769 4256 1994 4324 optima-

384 4390 387 4393 η
418 4330 562 4389 tibus
583 4328 962 4382 Cliildebrrtus
996 4343 1086 4381 rex
1107 4369 1121 4395 ,
1155 4338 1432 4396 materque
1474 4327 1592 4397 ejus
1623 4327 1944 4381 Bruoecbild
1969 4344 1992 4383 s

417 4399 641 4450 seorsitn
668 4399 1020 4465 scripserunt,
1053 4406 1315 4452 testantur
1342 4414 1400 4452 se
1432 4398 1560 4451 nihil
1591 4400 1810 4451 omnino
1834 4397 2001 4451 omis-

416 4481 595 4530 suros,
627 4477 682 4519 ut
707 4484 803 4536 pax
826 4470 963 4522 inter
988 4467 1261 4521 Romanos
1278 4474 1333 4520 et
1350 4467 1584 4522 Francos
1609 4471 1757 4521 ﬁrma
1783 4482 1999 4537 semper

382 4594 385 4597 λ
418 4550 472 4592 et
501 4538 808 4590 inconvnl~a
839 4549 1169 4603 perrumeat.
1194 4543 1383 4592 Actum
1408 4548 1493 4592 est
1521 4539 1681 4591 etiam
1712 4540 1763 4592 in
1789 4538 1887 4592 hac
1920 4539 1999 4591 le-

2087 3346 2301 3417 propria
2331 3344 2637 3400 destinavit.
2670 3343 2917 3398 Subtlens
2946 3343 3105 3395 etiam
3143 3342 3300 3403 illud,
3334 3341 3564 3409 acceptis
3588 3356 3676 3394 sa-

2088 3439 2407 3503 cramentis,
2450 3438 2590 3506 regis
2618 3436 2912 3490 ditionibus
2942 3434 3079 3504 quod
3127 3444 3279 3501 pater
3315 3437 3433 3500 ejus
3476 3433 3490 3470 ί
3529 3435 3677 3503 prius

2092 3532 2368 3599 habuerat,
2421 3530 2489 3583 de
2540 3527 2732 3598 quibus
2789 3526 2921 3580 locis
2976 3535 3031 3581 et
3057 3527 3315 3594 captivos,
3348 3526 3556 3579 etalias
3582 3524 3679 3578 ab-

2091 3624 2294 3678 duxere
2325 3621 2551 3692 prtedas.
2578 3619 2645 3673 Et
2670 3619 2747 3672 sic
2778 3615 3138 3685 regredientes
3173 3616 3241 3669 ita
3275 3617 3409 3669 fante
3424 3615 3679 3669 crinﬁcie-

2093 3715 2308 3778 bantur,
2339 3720 2399 3768 ut
2429 3712 2573 3781 prius
2594 3720 2643 3765 et
2674 3724 2821 3764 arma
2863 3720 2917 3762 et
2962 3708 3275 3762 vestimenta
3308 3707 3372 3761 ad
3422 3721 3679 3761 coemen-

2093 3905 2245 3978 gorio
2276 3907 2433 3961 habet
2460 3904 2676 3969 Paulus,
2699 3918 2791 3978 seu
2818 3903 3052 3978 Bflincio
3073 3911 3164 3978 aut
3188 3899 3679 3978 Berinzpnauqned

2096 3970 2180 4033 est
2219 3990 2451 4033 rastrum
2485 3975 2817 4030 l.ombardi:e
2848 3975 3280 4039 TrauSpadaute,
3314 3973 3473 4040 vulgo
3503 3970 3682 4023 Belinv

2097 4067 2229 4104 zona
2272 4050 2492 4103 dictum.
2534 4048 2686 4101 Colb.
2731 4064 2804 4100 tn.
2836 4045 3032 4112 habet,
3062 4046 3114 4097 in
3146 4043 3337 4113 campis
3365 4044 3518 4096 situm
3555 4057 3684 4094 com-

2098 4124 2283 4175 ritimis.

2174 4203 2197 4229 θ
2231 4192 2327 4244 Alii
2361 4204 2479 4243 cum
2511 4188 2694 4250 Paulo,
2728 4188 2977 4241 mamilla.

2177 4260 2193 4300 ί
2232 4262 2415 4323 Reum.
2445 4270 2497 4311 et
2528 4258 2681 4312 Cnlb.
2716 4274 2812 4317 ιη..
2844 4257 3139 4315 Ceresmm:
3164 4256 3310 4320 Bem,
3338 4252 3627 4307 Cerasium.

2174 4342 2199 4379 ις
2232 4333 2421 4384 l’aulus
2447 4330 2519 4382 ait
2548 4344 2641 4383 eos
2667 4328 2731 4381 ad
2764 4328 3133 4381 Audonaldnm
3159 4329 3366 4379 venisse
3388 4340 3511 4377 cum
3540 4328 3689 4377 esset

2105 4418 2271 4471 prope
2302 4401 2678 4455 Mediolanum.
2716 4398 3182 4471 l'JilidAitAFrelierns
3206 4394 3491 4471 epistolam
3526 4393 3689 4471 ducis

2104 4462 2378 4528 exercitus
2403 4471 2763 4523 Romanorum
2791 4469 2854 4522 ad
2878 4468 3301 4538 Cliildeliertutn,
3328 4467 3377 4518 in
3406 4478 3506 4538 q_u_a
3526 4462 3692 4531 hujus

2107 4542 2472 4609 espeditionis
2504 4543 2763 4594 rationem
2814 4539 3017 4602 reddit,
3049 4533 3371 4609 accusatqne
3414 4533 3644 4609 Chenum
3671 4574 3687 4593 .

419 4608 634 4729 fatione
654 4608 722 4660 de
746 4608 949 4661 auxilio
980 4607 1231 4670 Romanis
1254 4607 1509 4687 adversus
1530 4607 1912 4676 Langobardos
1941 4610 1994 4661 in
2032 4638 2080 4695 Β
2108 4606 2265 4683 quem
2287 4614 2549 4668 Cedinum
2583 4612 2716 4664 infra
2746 4620 3108 4663 memoration-
3129 4622 3249 4662 esse
3279 4606 3562 4670 exiSIimo,
3597 4617 3692 4668 pa-

448 4677 627 4729 taltam
660 4676 915 4729 ferendo.
949 4679 1091 4729 auod
1120 4678 1518 4729 aClnldeberto
1554 4679 1851 4729 praestitum
1880 4693 1999 4729 esse
2105 4687 2182 4729 οἱς
2233 4687 2377 4729 inim
2424 4698 2544 4729 cum
2590 4696 2716 4729 reue
2764 4680 3263 4729 Langobardorum.
3306 4677 3365 4729 In
3412 4675 3513 4729 alia
3563 4688 3692 4729 vero

471 4677 627 4730 aliam
660 4676 883 4729 ferendo
903 4718 915 4733 .
949 4679 1091 4745 quod
1120 4693 1148 4729 a
1172 4678 1518 4731 Childeberto
1554 4679 1851 4747 praestitum
1880 4693 1999 4733 csse

420 4763 485 4800 ex
512 4747 769 4816 Gregorio
798 4758 851 4803 et
882 4747 1048 4802 Paulo
1082 4748 1226 4800 Diae.
1262 4746 1665 4811 discimustsed
1687 4789 1702 4813 ,
1732 4750 1780 4801 ni
1814 4746 1994 4815 fallor,

433 4821 533 4874 hoc
584 4818 918 4884 potissimum
962 4818 1152 4888 agebat
1178 4817 1584 4883 Cbilolebcrtus,
1610 4829 1667 4872 ut
1692 4818 2001 4887 Athanagil-

420 4891 548 4953 dum
578 4904 646 4946 ex
676 4903 864 4945 sorore
893 4905 989 4945 sua
1021 4890 1255 4959 lngunde
1285 4898 1532 4956 nepotem
1554 4930 1568 4953 ,
1594 4890 1681 4958 qui
1717 4901 1838 4957 post
1868 4890 2001 4944 lier-

422 4962 705 5030 menegildi
739 4975 923 5015 necem
955 4960 1473 5028 Constantinopolim
1502 4960 1765 5014 abductus
1796 4959 1995 5021 fuerat,

420 5048 485 5084 ex
515 5033 848 5100 imperatoris
874 5047 1031 5084 manu
1056 5034 1324 5097 eriperet,
1349 5031 1490 5100 quod
1512 5046 1573 5086 ex
1603 5030 1830 5084 laudatis
1864 5031 2003 5084 litte-

385 5128 398 5140 ›
424 5102 511 5218 iisl
530 5111 694 5185 patet.
728 5104 808 5157 An
844 5117 969 5157 vero
1007 5103 1058 5157 id
1093 5118 1321 5171 unquam
1366 5102 1699 5165 obtinuerit,
1740 5103 2002 5157 incertum

425 5188 494 5218 mi
521 5188 578 5218 us
608 5183 708 5218 est-
1392 5177 1403 5185 '

425 5175 578 5226 nobis
608 5183 708 5226 est.
1392 5177 1403 5185 ’

501 5244 525 5280 ι’
563 5243 701 5307 Vat.,
737 5241 862 5297 Ilwc
884 5259 914 5295 α
935 5243 1195 5310 (ἱνὶρὴοηε
1219 5245 1327 5309 regi
1349 5244 1650 5298 Hildeberto
1675 5244 2005 5298 relata.Con.

426 5318 507 5437 {er
540 5314 639 5368 hoc
670 5326 827 5383 caput
856 5328 977 5369 cum
1010 5328 1128 5378 cap.
1162 5312 1233 5367 32’.
1258 5315 1377 5369 libri
1406 5331 1460 5370 lli
1494 5318 1629 5369 Ηὶει.
1667 5316 1827 5384 Long.
1859 5315 2004 5368 l’auli

474 5400 571 5437 ιςιο.

454 5393 571 5437 Nnc.

499 5466 520 5493 ο
559 5456 751 5510 Paulus
772 5455 1099 5510 Andualdum
1142 5456 1394 5523 anpellal.
1443 5456 1504 5508 Ει
1538 5454 1673 5508 infra
1714 5456 1866 5509 Colb.
1902 5470 2002 5517 tn.,

425 5523 616 5596 Βρεμι.
645 5538 699 5581 et
738 5529 937 5582 Cbesn.
981 5529 1051 5581 al.
1092 5527 1380 5590 Yictrione,
1424 5528 1490 5580 de
1526 5541 1633 5596 quo
1669 5527 1790 5579 vide
1840 5541 2001 5595 supra

424 5594 525 5666 lib;
556 5613 668 5661 vttt,
698 5613 817 5666 cap.
852 5600 938 5653 l8.

495 5664 523 5704 ⁸
553 5664 783 5736 Campos
810 5670 1044 5723 Caninos
1072 5666 1289 5721 laudant
1314 5666 1628 5719 Ammianus
1661 5665 2002 5719 Marcellinus

426 5736 523 5792 lib.
550 5753 645 5802 xv,
676 5748 729 5791 ct
758 5739 1079 5805 Apollinaris
1108 5737 1356 5793 Sidonius
1388 5751 1555 5790 carm.
1582 5739 1646 5801 5,
1681 5753 1837 5791 versu
1874 5736 2000 5800 I77;

410 5809 524 5861 sed
555 5809 603 5861 in
636 5809 857 5876 libmtia,
889 5823 954 5862 eo
982 5809 1121 5876 quod
1147 5808 1319 5875 τεῖρε]
1353 5809 1459 5859 sint
1497 5808 1635 5861 inter
1663 5808 1922 5861 liburnam
1951 5820 2005 5861 ct

432 5877 735 5964 Liguriam,
758 5880 841 5935 υιιι
878 5879 1142 5947 hodieque
1174 5881 1349 5935 visitur
1402 5879 1613 5946 Bilitio,
1648 5894 1699 5935 ut
1731 5896 1850 5938 cunt
1883 5880 2003 5939 Gre-

2105 4675 2182 4738 cis
2233 4687 2377 4737 inita:
2424 4698 2544 4735 cum
2590 4696 2716 4749 rege
2764 4680 3263 4747 Langobardorum.
3306 4677 3365 4749 In
3412 4675 3513 4749 alia
3563 4688 3692 4734 vero

2104 4756 2452 4809 Childebe‘rto
2498 4745 2719 4820 exponit
2772 4745 3029 4817 quantum
3086 4747 3372 4818 profecerit
3428 4745 3693 4820 adversus

2108 4824 2505 4889 Langobardos.
2538 4814 2913 4875 Cliildebcirtus
2946 4814 3121 4893 tamen
3154 4820 3354 4893 nullam
3386 4814 3690 4893 expeditio:

2108 4884 2249 4952 nem"
2281 4905 2463 4961 postea
2509 4893 2559 4948 in
2596 4894 2798 4947 Italiam
2838 4892 3142 4957 suscepisse
3187 4889 3434 4961 traditur,
3469 4884 3610 4953 quod
3640 4884 3694 4961 ei

2108 4955 2437 5034 exprobrare
2461 4964 2672 5034 videtur
2692 4961 2977 5034 Mauricius
3003 4955 3055 5034 in
3082 4959 3307 5034 epistola
3326 4958 3390 5009 ad
3419 4972 3536 5010 eum
3562 4955 3695 5007 scri-

2111 5028 2216 5104 pta.
2268 5041 2397 5103 Quae
2445 5052 2509 5089 ex
2555 5032 2634 5086 bis
2681 5033 2924 5104 epistolis
2971 5032 3037 5083 ad
3083 5028 3398 5104 Gregorium
3436 5034 3694 5104 _nostru:n

2108 5097 2484 5167 illustrandum
2527 5097 2833 5162 conducunt
2882 5103 2935 5155 in
2980 5101 3291 5171 Appendice
3333 5097 3692 5165 proferentur.

2177 5197 2205 5237 δ
2236 5200 2325 5253 Sic
2354 5198 2474 5252 Bec.
2495 5211 2613 5249 cum
2638 5194 2817 5247 Paulo.
2846 5192 2996 5245 Colb.
3028 5208 3103 5255 a.,
3129 5190 3434 5253 Chedt'nt'us,
3465 5187 3685 5258 nemo"

2110 5269 2382 5328 Cedint'us;
2421 5267 2571 5329 editi,
2604 5264 2881 5317 Cltedt'nus.
2934 5263 3360 5324 Eaincrasione,
3407 5270 3463 5313 ut
3515 5267 3700 5311 narrat

2112 5342 2335 5403 Paulus,
2371 5338 2557 5391 Franci
2590 5335 2854 5389 Veronam
2902 5349 3069 5401 uSqne
3120 5333 3501 5403 perligeru‘nt,
3521 5330 3614 5403 qui
3641 5338 3701 5380 et

2110 5398 2407 5467 castrorum
2438 5410 2505 5460 ab
2528 5408 2657 5475 ipsis
2682 5398 2996 5460 dirutorum
3013 5404 3065 5457 in
3092 5398 3361 5457 territorio
3378 5398 3699 5454 Tridentino

2114 5484 2330 5535 nomina
2363 5488 2628 5533 recrnset.

2190 5570 2205 5608 ι
2246 5571 2319 5625 Ex
2355 5569 2455 5622 hoc
2483 5568 2643 5621 etiam
2678 5566 2798 5620 loco
2831 5563 3030 5618 inferre
3059 5563 3213 5623 licet,
3240 5560 3291 5613 Si
3334 5563 3560 5611 .bo-rtom
3596 5558 3701 5609 ali-

2111 5658 2269 5709 quam
2311 5641 2475 5695 Italia:
2519 5650 2745 5709 parteiu_
2771 5634 3106 5709 possedisse,
3134 5633 3181 5685 id
3214 5642 3293 5685 est
3329 5629 3703 5709 ltitttt‘iihzte-Jtﬁ

2113 5699 2377 5781 proxima,
2407 5723 2466 5764 ut
2493 5699 2677 5781 censet
2712 5699 2954 5781 Valesius
3112 5719 3176 5781 xv
3212 5717 3390 5781 rerum
3424 5699 3725 5781 Francis,

2113 5769 2250 5837 'cirra
2282 5769 2467 5851 agrarii
2491 5780 2863 5835 Tridentiuum
2892 5786 2944 5832 ct
2978 5773 3221 5830 Athesim
3264 5773 3479 5829 fluvium
3510 5770 3561 5835 i0.
3603 5769 3701 5832 νῆ’

2114 5866 2275 5915 netia.
