3966 6348
321 349 455 449 επ

1228 360 1546 452 tusrmm
1591 390 2041 446 ruascouuu.
2087 390 2285 444 ιλιιιειι
2332 393 2642 450 lucentes.

3506 388 3613 449 53-5

314 511 458 565 dum
490 510 691 563 victum
723 507 1035 574 detinerent,
1064 524 1223 578 quam
1257 510 1431 563 locum
1469 508 1754 578 genitalem
1792 519 1921 557 conc
1950 504 2002 561 A
2027 517 2321 571 agnoscere
2354 516 2580 574 potero;
2613 506 2680 560 de
2714 505 2906 576 quibus
2933 504 3291 572 siimperator
3317 516 3521 570 vester,
3552 516 3613 562 ut

316 604 619 671 tiugerent.
664 604 729 655 At
788 602 1141 665 Aptacliarius
1177 612 1201 640 ι
1250 602 1722 669 Langobardorum
1777 614 1873 654 rex
1904 638 1920 661 ,

319 696 659 762 legationem
691 692 755 746 ad
784 692 1247 748 Guntchramuum
1297 710 1478 763 regem
1509 710 1627 747 cum
1671 693 1924 767 ltujuSce-

321 786 477 838 tnndt
501 784 676 838 verbis
700 783 896 838 direxit
919 801 933 838 :
956 784 1085 851 Nos,
1112 785 1348 852 piissime
1371 802 1485 851 rex,
1515 784 1735 852 subjecti
1764 793 1922 851 atque

324 877 519 931 ﬁdeles
548 876 701 931 vobis
728 878 984 946 gentique
1014 888 1213 932 vestra:
1232 918 1248 943 ,
1282 878 1418 932 sicut
1456 877 1693 947 patrihus
1726 877 1920 931 vestris

317 968 557 1033 fuimus,
603 976 659 1022 et
696 982 816 1023 ese
844 968 1245 1035 desideramus;
1275 984 1375 1022 nec
1410 969 1737 1024 discedimus
1768 984 1799 1022 a
1829 985 1917 1021 sa-

323 1070 612 1115 cramento
641 1062 784 1128 quod
815 1062 1240 1130 przedccessores
1274 1063 1437 1116 nostri
1473 1064 1665 1116 vestris
1708 1064 1916 1131 praede-

318 1150 637 1221 cessoribus
662 1152 997 1221 juravernut.
1030 1153 1181 1208 Nunc
1207 1165 1385 1209 autem
1414 1154 1660 1209 desistite
1680 1170 1709 1207 a
1737 1169 1919 1222 perse-

316 1247 547 1300 cutione
577 1258 778 1312 nostra,
813 1256 865 1301 ει
895 1248 963 1302 sit
987 1264 1085 1315 pax
1121 1247 1277 1303 nobis
1302 1257 1356 1303 et
1387 1248 1671 1303 concordia
1692 1290 1706 1312 ,
1742 1258 1796 1301 ut
1828 1246 1916 1301 ubi

322 1339 691 1392 necessarium
721 1338 881 1393 fuerit
908 1351 1091 1392 contra
1122 1339 1368 1394 inimicos
1390 1338 1645 1392 auxilium
1680 1338 1917 1406 perbea-

321 1446 479 1491 nius,
516 1440 573 1484 ut
613 1439 788 1484 vestra
830 1431 923 1485 scl
949 1442 1033 1486 cet
1080 1444 1370 1501 nostraque
1396 1443 1555 1500 gente
1582 1432 1821 1496 salvata,
1854 1445 1915 1485 ac

320 1541 355 1578 ιι
382 1539 423 1576 ιε
454 1523 704 1591 paciiicos
733 1532 1118 1592 cognoscentes
1147 1565 1162 1586 ,
1199 1531 1499 1579 terreantur
1520 1523 1689 1592 magis
1717 1524 1913 1577 adver-

319 1633 413 1671 sar
442 1617 457 1669 i
506 1617 597 1684 qui
644 1616 699 1672 in
746 1616 973 1671 circuitu
1001 1616 1319 1682 obstrepunt
1349 1615 1417 1669 de
1448 1616 1715 1681 amicitia,
1753 1630 1911 1684 quam

318 1712 390 1765 de
424 1720 605 1763 nostra
650 1693 918 1765 discordia
946 1707 1301 1777 gratulentur.
1338 1706 1565 1762 Paeilice
1604 1708 1718 1761 lucc
1747 1709 1914 1781 488

320 1800 763 1854 Guntcliramnus
793 1816 883 1855 rex
918 1801 1081 1853 verba
1116 1802 1390 1866 suscepit,
1426 1800 1674 1868 misitque
1717 1816 1811 1855 eos
1840 1802 1906 1854 ad

2026 594 2224 660 dicitis,
2242 608 2425 649 nosuo
2439 612 2559 651 cum
2587 597 2804 652 domino
2821 611 3009 666 pacem
3034 598 3309 650 custodire
3322 596 3605 661 deliberat,

2026 686 2281 741 ultionem
2309 689 2521 759 exigere
2548 689 2735 745 debet:
2754 700 2806 743 ct
2826 690 2901 743 sic
2918 689 3043 742 dato
3061 706 3149 743 rex
3176 691 3387 758 piacitn,
3406 700 3463 743 ut
3482 699 3604 757 post

2023 792 2116 829 eos
2138 780 2203 831 ad
2236 779 2609 848 imperatorem
2637 768 2913 851 dirigeret,
2948 783 3091 850 ipsos
3111 783 3401 836 absceb-re
3426 781 3602 852 jubet.

2092 888 2256 961 489
2284 890 2345 943 ν.
2383 892 2472 944 llis
2498 903 2519 929 ο
2550 900 2726 945 autem
2761 892 2950 947 diebus
2976 891 3182 959 Cuppa,
3212 894 3300 961 qui
3332 893 3601 963 quondam

2022 992 2203 1033 comes
2229 980 2421 1033 stabuli
2450 980 2730 1049 Chilperici
2783 983 2921 1051 regis
2966 982 3154 1048 fuerat,
3192 984 3400 1052 irrupto
3429 984 3603 1037 Turn-

2022 1072 2157 1124 nica:
2202 1072 2347 1127 urbis
2388 1076 2639 1136 termino,
2688 1089 2875 1142 pecora
2928 1076 3263 1145 reliquasque
3295 1076 3605 1145 res,'quasi

2022 1162 2259 1229 praadam
2290 1178 2570 1226 exercens,
2602 1163 2719 1227 diri;
2741 1180 2833 1219 ere
2857 1167 3041 1219 voluit.
3075 1166 3181 1220 Sed
3216 1183 3332 1220 cum
3381 1168 3479 1220 h--c
3522 1166 3605 1219 in-

2018 1252 2151 1305 colze
2183 1253 2608 1320 prmseusissent,
2652 1254 2873 1307 collecta
2924 1256 3258 1310 multitudine
3299 1273 3418 1310 cum
3459 1257 3607 1325 sequi

2018 1352 2317 1409 coeperunt.
2350 1344 2696 1413 Excussaque
2726 1347 2926 1411 praedo,
2959 1348 3168 1400 dnoluts
3198 1363 3264 1401 ex
3291 1348 3470 1416 pueris
3493 1349 3608 1414 ejus

2020 1432 2334 1498 interfectis,
2380 1434 2467 1487 hic
2515 1433 2689 1487 nudus
2733 1435 2955 1504 aufugit,
3010 1436 3133 1489 aliis
3176 1436 3384 1491 duobus
3434 1437 3609 1505 pueris

2017 1526 2211 1589 captis,
2243 1537 2380 1591 quos
2412 1524 2618 1577 vinctos
2648 1524 2717 1577 ad
2745 1523 3148 1579 Childcbetum
3202 1541 3382 1595 regem
3431 1540 3608 1581 trans-

2017 1614 2308 1678 miserunt;
2338 1630 2472 1682 quos
2502 1614 2592 1669 ille
2638 1615 2689 1669 in
2721 1632 2993 1671 carcerein
3046 1618 3238 1686 conjici
3266 1618 3480 1687 jubens,
3525 1619 3619 1673 in;

2018 1714 2290 1773 lerrogare
2320 1708 2590 1774 prmcepit,
2634 1706 2787 1772 cujus
2817 1709 3013 1760 auxilio
3056 1706 3249 1776 Guppa
3286 1709 3470 1761 fuisset
3492 1723 3609 1763 ere-

2018 1806 2157 1861 ptus,
2192 1806 2247 1848 ut
2275 1798 2342 1851 ab
2364 1797 2430 1851 iis
2460 1816 2565 1851 non
2597 1814 2715 1853 com
2729 1801 3148 1868 prehemlerelur
3189 1803 3277 1869 qui
3306 1802 3607 1870 sequeban-

314 1902 578 1959 nn-potem
610 1906 763 1945 suum
788 1891 863 1945 Ch
887 1891 1186 1946 ldeberlum
1220 1907 1421 1960 regem.
1457 1891 1588 1945 Dum
1621 1904 1796 1946 autem
1827 1890 1909 1946 his
1945 1872 1986 1927 Β
2017 1896 2119 1939 tur.
2169 1887 2572 1955 Responderunt
2609 1890 2710 1945 hoc
2755 1890 3003 1944 Auintodt
3036 1893 3215 1946 vicarii
3244 1889 3271 1929 τι
3319 1892 3464 1954 do'o,
3509 1893 3603 1962 qui

319 1982 559 2037 narratis
588 1981 640 2035 in
673 1981 790 2035 loco
834 1993 1322 2046 commorarentur,
1369 1991 1630 2036 venerunt
1680 1982 1795 2036 alii‘
1818 1983 1909 2051 qtti

322 2084 600 2127 mortuum
645 2074 1026 2143 Aptacharium
1063 2088 1244 2144 regem
1286 2074 1622 2139 nuntiantes,
1656 2075 1910 2129 Paulum-

315 2180 354 2234 q
378 2186 425 2219 ce
452 2168 481 2203 δ
513 2180 564 2219 tn
595 2168 717 2221 loco
747 2164 862 2235 ejus
890 2166 1236 2221 substitutum
1257 2210 1271 2232 ,
1304 2167 1567 2235 ejusmodi
1598 2170 1757 2221 verba
1791 2186 1908 2237 qua:

321 2273 483 2321 supra
509 2256 760 2313 diximus,
788 2256 1115 2312 deterentes.
1140 2256 1245 2312 Sed
1278 2258 1657 2314 Chiliiebcrtus
1692 2278 1781 2313 rex
1811 2264 1910 2326 pla-

274 2346 279 2357 '
320 2348 490 2400 citum
522 2361 642 2400 cum
671 2345 871 2401 eisdem
905 2361 1141 2415 ponens,
1180 2357 1235 2401 ut
1278 2349 1404 2419 quid
1437 2348 1484 2403 ei
1530 2350 1579 2404 in
1632 2362 1903 2418 posterum

318 2437 655 2499 conveniret,
684 2438 1007 2503 enuntiaret,
1041 2453 1135 2494 eos
1160 2434 1450 2496 abscedere
1472 2441 1651 2510 jussit.

391 2528 482 2582 iV.
513 2514 797 2582 Mauricius
823 2537 999 2583 autem
1031 2528 1477 2601 Carthaginenses
1516 2534 1669 2599 illos,
1701 2532 1791 2604 qui
1828 2535 1906 2589 le-

319 2628 471 2683 galos
500 2618 829 2673 (Ihildeberti
857 2621 999 2691 regis
1029 2636 1169 2676 anno
1198 2623 1481 2692 superiore
1509 2623 1665 2694 (Sup.
1701 2642 1816 2693 cap.
1844 2627 1904 2697 2)

320 2712 724 2770 interemerant.
756 2715 962 2770 vinctos
995 2717 1264 2782 manibus,
1291 2720 1607 2790 catenisque
1630 2734 1905 2789 oneratus,

319 2807 385 2858 ad
404 2805 523 2871 ejus
541 2807 736 2860 direxit
761 2807 1122 2874 praesentiam,
1144 2808 1429 2863 duodecim
1448 2812 1653 2866 scilicet
1679 2828 1905 2867 innuero

320 2897 485 2959 viros,
505 2903 604 2951 sttit
625 2912 690 2952 ea
715 2897 963 2953 videlicet
984 2901 1311 2965 conditione,
1337 2904 1458 2957 utsi
1482 2918 1576 2958 eos
1603 2905 1903 2963 interﬁcere

320 2991 505 3054 vellet,
537 2992 761 3045 haberet
789 2993 1058 3048 licentiam
1078 3034 1092 3059 ,
1120 2997 1202 3049 sin
1233 3009 1411 3052 autem
1440 2999 1505 3052 ad
1530 3000 1901 3057 redimendum

320 3082 557 3149 laxaret,
605 3087 855 3141 trecentis
904 3104 1003 3156 pro
1049 3106 1156 3143 uno
1201 3107 1415 3162 quoque
1456 3094 1693 3163 acceptis
1724 3096 1902 3150 aureis

319 3174 641 3240 quiesceret,
672 3177 857 3245 sicque
889 3187 946 3231 ut
973 3180 1113 3247 quod
1146 3182 1307 3235 vellet
1338 3184 1603 3252 eligeret:
1636 3201 1742 3253 quo
1764 3186 1901 3241 laci;

2017 1994 2209 2047 pagum
2266 1980 2409 2033 il'um
2464 1979 2746 2050 judiciaria
2814 1982 3030 2051 rigebat
3084 1992 3369 2051 potestate,
3404 1983 3600 2037 factum

2015 2066 2200 2124 fuisse.
2253 2069 2610 2139 Protinusque
2656 2071 2872 2124 directis
2904 2087 2995 2126 rex
3030 2072 3221 2126 litteris
3250 2073 3314 2125 ad
3356 2073 3605 2127 comitem

2013 2160 2181 2224 urbis,
2209 2159 2364 2229 jubet
2398 2172 2453 2217 ut
2481 2178 2602 2216 eum
2632 2163 2863 2215 vinctqu
2895 2162 2949 2216 in
2992 2164 3331 2231 przesenliam
3362 2165 3502 2233 regis
3522 2165 3611 2219 (ιι-

2012 2250 2249 2317 rigeret:
2281 2250 2423 2319 quod
2469 2252 2514 2305 si
2572 2252 2833 2305 resistere
2853 2242 3159 2316 conaretur,
3194 2253 3245 2306 vi
3288 2268 3603 2320 Oppressum

2009 2343 2168 2393 etiam
2225 2340 2572 2407 interﬁceret,
2606 2342 2652 2395 si
2705 2342 2957 2410 principis
2987 2343 3211 2412 gratiam
3240 2343 3485 2412 cupiebat
3513 2360 3607 2397 ac-

2008 2434 2244 2498 quirere.
2274 2431 2380 2486 Sed
2430 2433 2519 2486 ille
2552 2448 2652 2486 non
2686 2434 2965 2499 resistens,
2997 2433 3143 2488 datis
3179 2433 3604 2504 ﬁdi-jussoribus,

2006 2537 2112 2590 quo
2130 2520 2312 2589 jussus
2339 2533 2420 2575 est
2443 2524 2509 2576 ab
2535 2526 2593 2587 it,
2624 2535 2999 2593 repertumque
3051 2524 3356 2580 Flavianum
3402 2526 3603 2581 'dome-

2005 2614 2198 2665 sticum
2226 2622 2276 2679 ο,
2307 2622 2556 2667 causatus
2585 2629 2703 2667 cum
2750 2619 2897 2667 socio
2922 2656 2935 2679 ,
2983 2631 3080 2671 nec
3131 2617 3360 2670 noxialis
3414 2618 3603 2671 iuven-

2009 2715 2133 2772 tus,
2192 2707 2499 2775 pacilicatus
2554 2721 2675 2762 cum
2748 2710 2973 2773 eodem,
3036 2708 3210 2763 redire
3265 2711 3330 2761 ad
3390 2710 3602 2779 proptia

2003 2798 2185 2863 jussus
2228 2807 2329 2866 est,
2388 2798 2525 2854 datis
2585 2810 2759 2855 tamen
2827 2803 3122 2857 domestico
3168 2801 3257 2856 illi-
3296 2803 3604 2857 muneribus

2007 2890 2173 2957 prius.
2233 2889 2348 2958 Ipse
2395 2905 2607 2961 quoque
2667 2892 2847 2960 Cuppa
2920 2896 3109 2948 iterum
3158 2899 3439 2951 enmmotis
3488 2898 3603 2966 qui-

2006 2979 2227 3034 busdam
2289 2981 2358 3036 de
2404 2983 2544 3045 suis,
2594 2982 2753 3035 Ιίἱηιιι
2806 2985 3117 3055 Badegisili,
3178 2988 3446 3056 quondam
3501 2989 3602 3043 Ce-

2006 3072 2352 3125 nomanensis
2380 3073 2634 3141 episcopi,
2670 3074 2901 3141 diripere
2945 3078 3045 3129 sibi
3099 3080 3148 3130 in
3204 3082 3598 3136 matrimonium

2007 3162 2213 3225 voluit;
2250 3163 2458 3217 irruens
2505 3176 2679 3218 autem
2738 3176 2894 3219 nocte
2951 3184 3069 3221 eum
3118 3184 3289 3224 cuneo
3326 3173 3594 3226 sociorum

320 3264 425 3319 lius
453 3266 632 3334 ,ορειο
659 3234 935 3335 “ahala,
968 3234 1111 3325 n'uua
1142 3274 1354 3327 occasio
1378 3234 1516 3330 “ne,
1543 3234 1688 3344 ipso;
1722 3277 1902 3333 inimi_
1931 3234 1977 3297 Ο
2010 3253 2058 3306 in
2113 3253 2238 3307 villa
2308 3252 2644 3307 Maroialrnsi
2691 3253 2750 3320 π,
2802 3264 2860 3308 ιιι
2911 3259 3234 3313 voluntatem
3301 3276 3451 3316 suam
3502 3278 3599 3316 ex-

320 3357 461 3411 citite
491 3359 739 3415 oriretur.
764 3360 870 3416 Sed
902 3377 992 3417 rex
1025 3363 1404 3422 Childebertus
1448 3368 1702 3425 diil'erens
1727 3369 1904 3424 homi-

320 3461 416 3501 nes
444 3450 651 3504 viuctos
675 3453 938 3521 accipere,
956 3455 1059 3507 ait:
1084 3455 1347 3512 Incertum
1368 3460 1507 3528 apud
1534 3476 1632 3516 nos
1650 3461 1901 3527 habetur,

321 3548 501 3592 utrum
531 3540 566 3594 ii
598 3542 707 3596 sint
750 3544 1032 3599 homicida:
1075 3547 1150 3602 illi
1184 3563 1321 3618 quos
1350 3551 1649 3621 adducitis,
1680 3572 1749 3610 an
1776 3557 1901 3622 alii,

321 3631 403 3682 vel
438 3629 681 3686 fortassis
705 3635 847 3689 servi
877 3637 1244 3708 cujuscunque
1273 3641 1556 3709 habentur,
1580 3661 1712 3700 cum.
1731 3649 1901 3705 nostri

321 3720 457 3774 bene
489 3722 699 3791 ingenui
723 3730 1071 3794 generatione
1098 3729 1329 3801 fuerint,
1360 3736 1449 3803 qui
1488 3737 1630 3803 apud
1665 3753 1760 3794 vos
1790 3739 1905 3796 fuc-

320 3822 440 3864 rnnt
470 3812 799 3885 interempti.
828 3816 1131 3881 Praesertim
1157 3830 1213 3877 et
1235 3822 1437 3893 Grippo
1459 3828 1689 3893 aSIabat,
1720 3830 1807 3899 qui
1836 3845 1903 3886 eo

322 3910 562 3969 tempore
593 3904 797 3975 legatus
842 3923 962 3963 cum
1005 3909 1207 3967 eisdem
1236 3914 1409 3971 fuerat
1442 3918 1670 3983 missus,
1703 3922 1790 3985 qui
1823 3924 1904 3976 in-

319 3993 530 4047 terfecti
554 4004 795 4062 sunt,,ac
821 3998 1035 4065 dicebat
1060 4020 1072 4053 :
1098 4003 1238 4069 Quia
1265 4005 1552 4074 prmfectus
1577 4010 1722 4065 urbis
1756 4011 1903 4068 illius

321 4096 445 4137 cum
479 4086 720 4141 collectis
764 4090 975 4145 duobus
1022 4103 1114 4148 aut
1161 4096 1329 4151 tribus
1362 4098 1633 4153 hominum
1668 4102 1902 4158 millibus

318 4174 474 4229 irruit
502 4191 664 4245 super
692 4194 819 4246 nos,
851 4181 1228 4253 interemitque
1272 4189 1448 4243 socios
1495 4206 1641 4245 meos
1669 4211 1681 4244 :
1714 4193 1766 4246 in
1795 4210 1902 4263 quo

315 4268 529 4322 excidio
556 4278 611 4322 et
638 4286 738 4341 ego
769 4272 882 4342 ipse
910 4274 1236 4341 interissem,
1269 4280 1314 4333 si
1348 4296 1434 4334 me
1461 4284 1688 4347 viriliter
1708 4285 1900 4341 defen-

312 4357 445 4412 dere
464 4360 842 4428 nequivissctn.
860 4364 1136 4420 Accedens
1146 4379 1328 4424 autem
1347 4373 1412 4424 ad
1434 4372 1611 4427 locum
1657 4375 1901 4436 homines

2010 3346 2197 3413 pleret,
2253 3347 2529 3413 praesensit
2583 3362 2705 3401 eum
2761 3348 3051 3418 dolumque
3089 3351 3203 3418 ejus
3238 3352 3598 3422 Maguatrudis

2008 3435 2431 3503 materfamilias,
2461 3436 2689 3504 genitrix
2738 3439 2944 3494 scilicet
2994 3442 3183 3507 puclla:
3227 3459 3239 3495 :
3276 3448 3598 3515 egressaque

2005 3542 2128 3581 cunt
2180 3526 2391 3580 famulis
2421 3540 2603 3580 contra
2635 3545 2757 3582 eum
2805 3531 2853 3581 vi
2888 3532 3100 3599 repulit,
3148 3533 3305 3587 cmsis
3335 3535 3598 3606 plerisque

2006 3633 2069 3673 ex
2103 3619 2229 3684 illis,
2263 3618 2402 3673 unde
2433 3634 2537 3674 non
2571 3618 2688 3675 sine
2728 3621 2932 3689 pi'dore
2956 3626 3247 3678 discessum
3278 3637 3378 3680 est.

2082 3710 2168 3768 Vl.
2189 3710 2341 3779 Apud
2370 3714 2642 3767 Arvernos
2665 3729 2792 3768 vero
2820 3715 2977 3769 vincti
3008 3721 3261 3782 carceris,
3290 3730 3443 3773 nocte
3467 3731 3596 3777 nutu

2008 3803 2100 3857 Dei
2131 3804 2384 3873 disruptis
2415 3805 2662 3874 vinculis,
2692 3808 3053 3878 reseratisque
3074 3812 3306 3865 aditibus
3335 3815 3594 3869 custodiae

2006 3900 2231 3967 egressi,
2264 3900 2546 3955 ecclesiam
2597 3901 2822 3970 ingressi
2854 3914 2998 3956 sunt.
3031 3904 3235 3971 Quibus
3272 3922 3397 3960 cum
3439 3908 3596 3961 Eula-

2006 3989 2107 4043 lius
2134 4004 2315 4044 comes
2342 4004 2509 4044 onera
2537 4000 2844 4046 catenarum
2882 3993 3047 4064 5.90
3074 3998 3195 4049 addi
3223 3997 3503 4066 jussisset,
3538 4009 3596 4051 ut

2004 4095 2165 4148 super
2193 4095 2288 4135 eos
2331 4081 2522 4149 posita,
2568 4084 2836 4151 extemplo
2865 4102 2960 4138 ceu
2997 4086 3183 4140 vitrum
3235 4088 3419 4158 fragile
3447 4104 3595 4143 cout~

2007 4174 2207 4225 minuta
2238 4181 2362 4226 sunt
2387 4191 2399 4225 :
2432 4183 2485 4227 et
2512 4176 2590 4228 sic
2617 4174 2892 4228 obtinente
2915 4177 3071 4230 Avito
3096 4188 3122 4226 ις
3157 4178 3406 4244 pontitlce
3429 4182 3591 4247 eruti,

2005 4263 2231 4334 proprie
2259 4271 2382 4318 sunt
2404 4264 2593 4318 redditi
2626 4265 2879 4319 libertati.

2076 4378 2184 4433 VII.
2237 4380 2289 4431 ln
2336 4378 2637 4444 Sttpradiv‘ta
2692 4395 2817 4432 vero
2873 4380 3008 4437 urbe
3070 4379 3443 4437 Childebertus
3490 4398 3599 4437 rex.

398 4593 423 4618 η
464 4583 705 4671 ιιιιζιειιίις
734 4583 927 4671 dicitur
942 4600 976 4671 tt
1009 4585 1171 4671 Paulo
1198 4588 1481 4671 Νῆα-Ἄιιὶ
1522 4591 1591 4646 de
1616 4592 1716 4647 hac
1745 4593 1889 4662 lega-
1921 4607 1973 4667 ι)
1999 4600 2220 4671 incipit:
2258 4598 2320 4653 In
2362 4599 2654 4669 supradicta
2684 4615 2797 4653 vero
2823 4599 2941 4653 urbe
2980 4602 3271 4671 Arum-nica,
3292 4609 3426 4671 elc.,
3457 4616 3593 4666 qua:

316 4656 353 4705 ti
380 4672 463 4704 me
496 4655 604 4719 agit
634 4656 724 4709 lib.
759 4670 815 4707 ιιι
844 4655 981 4709 Hist.
1012 4656 1175 4718 Laug.
1205 4673 1323 4717 cap.
1358 4660 1445 4713 35.

392 4722 417 4760 δ
451 4723 598 4776 i’auli
635 4723 791 4798 hujus
828 4739 934 4780 non
978 4728 1220 4798 meminit
1263 4729 1459 4784 Paulus
1496 4731 1666 4798 Diac.,
1699 4734 1793 4791 sed
1837 4744 1894 4792 ut

314 4794 431 4870 ipse
452 4804 637 4870 narrat
665 4794 758 4870 lib.
793 4810 848 4870 ιιι
869 4837 881 4858 ,
913 4811 1031 4870 cap.
1062 4795 1163 4870 56,
1195 4799 1485 4868 Agilutlns,
1509 4816 1602 4855 seu
1645 4794 1756 4870 Ago
1785 4807 1889 4861 dux

314 4863 684 4940 'l_”a_i_irinat_iunt
716 4865 971 4940 Autharic
1003 4863 1318 4923 substitutus
1345 4882 1425 4924 est
1465 4875 1532 4924 ab
1575 4863 1893 4940 ipsaUTht'o-

317 4933 530 5009 delinda
562 4934 1014 5009 Anthariirelicta
1036 4978 1059 5009 ,Α
1084 4954 1201 5007 qua:
1235 4940 1406 5005 ipsum
1453 4945 1501 4994 in
1535 4933 1678 5009 regni
1708 4955 1759 4997 et
1792 4950 1889 4999 turi

317 5007 635 5077 βιηςιμιιιιοιιιι
659 5006 883 5077 ascivit,
923 5007 1062 5071 quod
1093 5006 1234 5061 anim
1273 5014 1513 5077 si-qnenti
1547 5006 1728 5069 meme
1756 5017 1891 5070 Maio

319 5076 371 5124 in
401 5074 636 5134 generali
671 5074 831 5127 totius
854 5086 1026 5138 gentis
1055 5090 1317 5133 Cttht'ttitt
1354 5074 1423 5134 ab
1466 5084 1713 5138 omnibus
1749 5087 1890 5140 Lall-

316 5142 571 5225 Eibardis
596 5144 732 5225 apud
764 5144 1120 5225 Mediolanum
1151 5152 1644 5225 approbatumiuit.
1674 5155 1891 5225 Utrique

313 5208 607 5286 prescrins
624 5214 695 5286 Μ.
722 5214 895 5286 varias
916 5217 1167 5281 epistolas
1186 5208 1420 5286 scripsit,
1446 5208 1889 5281 ειτιιεοιιειίιιῖιῖε

317 5281 781 5357 inscripsitbbrus
805 5283 1160 5355 Dialogorum.
1192 5281 1448 5357 Agil'nlfus
1477 5294 1688 5346 tandem
1718 5296 1782 5350 ad
1810 5313 1891 5349 ca-

318 5353 571 5428 tholicam
594 5353 750 5428 ﬁdem
773 5353 1066 5428 conversus
1088 5368 1188 5418 est,
1221 5353 1641 5428 pavetnquecutu
1670 5364 1889 5418 Francis

317 5423 573 5485 ﬁrmavit,
603 5423 956 5493 Athanagildo
987 5425 1153 5480 fortas
1182 5423 1230 5483 ε
1260 5441 1381 5483 tunc
1412 5423 1665 5499 temporis
1696 5452 1724 5486 e
1756 5437 1889 5489 vivis

314 5504 592 5567 exi-mpm,
619 5501 707 5546 aut
736 5506 882 5567 certe
910 5510 1031 5548 cum
1063 5499 1200 5551 nulla
1247 5515 1369 5567 spes
1402 5515 1707 5563 superi-sset
1746 5509 1889 5561 Chil-

312 5560 540 5640 dcbe'rto
566 5565 1016 5640 cumrecipieudi.
1045 5560 1311 5636 Nusquam
1345 5560 1527 5637 postea
1549 5572 1667 5640 ejus
1690 5560 1889 5633 mentito

314 5634 570 5753 gguiirit.
607 5632 737 5687 Vide
765 5634 913 5688 Paul.
952 5635 1108 5691 Diae.
1148 5632 1239 5693 lib.
1275 5632 1483 5695 tv'ltist.
1526 5632 1886 5713 L5ugobard.,

314 5713 436 5765 cap.
466 5713 509 5754 ι.

390 5777 414 5807 ⁸
448 5770 552 5851 iiut
601 5784 745 5851 'apu_t
768 5784 819 5851 ει
840 5789 1069 5851 sequens
1090 5779 1275 5851 desunt
1307 5781 1356 5833 in
1391 5781 1506 5835 Vat.
1533 5791 1583 5835 et
1605 5783 1753 5838 Colb.
1782 5803 1887 5851 tu.;

312 5849 475 5905 caput
504 5849 682 5899 tamen
713 5845 742 5897 7
770 5845 984 5918 habent,
1012 5850 1150 5921 quod
1174 5850 1243 5907 ibi
1268 5860 1351 5909 est
1374 5851 1405 5907 ὃ
1434 5865 1486 5911 ct
1515 5854 1583 5909 ab
1611 5854 1692 5910 his
1716 5845 1887 5916 verbis

1999 4670 2301 4736 supponunt
2348 4680 2505 4738 caput
2537 4670 2864 4736 praeuidens.
2900 4671 2975 4723 De
3002 4670 3257 4738 Cuppane
3283 4670 3391 4735 jam
3437 4671 3573 4723 dixi-

2000 4757 2116 4813 Inus
2145 4756 2303 4810 supra
2333 4740 2429 4794 lib.
2460 4757 2512 4806 v,
2539 4756 2656 4808 cap.
2682 4742 2784 4807 40;
2830 4742 2882 4795 in
2913 4742 3179 4810 plerisque
3208 4740 3368 4813 editis
3392 4740 3581 4794 dicitur

1996 4812 2235 4866 Clmnna.

2067 4829 2315 4936 :Qi‘tlxarii
2368 4881 2453 4934 isti
2507 4879 2774 4945 hodieque
2814 4880 2970 4948 vulgo
3022 4879 3258 4949 Viguiers
3304 4878 3578 4949 dicuntur,

1996 4953 2083 5020 qui
2116 4952 2369 5005 comitum
2401 4952 2612 5003 nomine
2640 4949 2799 5003 curtis
2826 4948 3107 5014 territoriis
3132 4948 3583 5020 prieﬁciebantun,

1997 5017 2053 5074 ut
2072 5022 2157 5088 jus
2186 5022 2324 5088 plebi
2356 5021 2554 5073 intima:
2582 5020 2841 5083 dicerent,
2870 5020 3007 5084 quod
3033 5018 3284 5073 comitum
3317 5018 3368 5073 in
3398 5017 3581 5073 civita-

1999 5092 2137 5144 tibus
2176 5091 2408 5144 oflicium
2454 5100 2585 5142 erat.
2637 5088 2738 5142 Alii
2766 5097 2920 5141 erant
2969 5090 3200 5154 majores
3249 5090 3454 5153 vicarii,
3486 5089 3578 5157 qui

1995 5172 2109 5227 post
2143 5161 2355 5214 modum
2388 5160 2727 5213 vicecnmiles
2758 5159 3006 5227 appellati
3058 5159 3290 5213 fuerunt.
3327 5159 3461 5213 Vide
3494 5160 3583 5212 lti-

1994 5226 2156 5298 gnon.
2207 5230 2262 5283 in
2314 5230 2455 5283 notis
2484 5228 2550 5281 ad
2594 5234 2701 5282 vet.
2753 5226 3012 5285 formulas
3060 5230 3250 5285 incerti
3302 5230 3585 5294 auctoris»,

1995 5316 2139 5353 num.
2175 5301 2227 5353 1.

2066 5382 2089 5407 ⁸
2116 5369 2166 5423 Id
2195 5378 2295 5432 est,
2327 5382 2529 5431 reperto
2561 5367 2811 5421 Flaviano
2847 5372 3145 5425 deincslico.

2068 5440 2085 5478 ί
2123 5442 2291 5511 Aliqui
2323 5440 2474 5503 edit.,
2514 5439 2872 5506 Marogalensi.
2907 5442 2980 5495 De
3024 5443 3122 5497 hac
3151 5460 3311 5511 supra
3356 5442 3448 5496 lib.
3478 5453 3579 5509 vn,

1991 5526 2107 5579 eap.
2141 5510 2226 5565 1'2.
2262 5512 2353 5564 Est
2383 5521 2433 5563 σοι
2461 5512 2561 5564 alia
2583 5512 2702 5562 villa
2736 5513 2900 5576 ipsius
2926 5515 3281 5581 cognominis,
3308 5526 3356 5566 nt
3381 5511 3572 5566 obsee-

1991 5595 2079 5634 vat
2113 5582 2371 5643 Valesius,
2410 5596 2573 5649 prope
2598 5584 2933 5645 Aurelianus,
2968 5583 3124 5645 vulgo
3156 5584 3377 5638 Marulle
3405 5583 3567 5635 dicta.

2064 5661 2089 5699 8
2117 5652 2247 5706 Cum
2278 5652 2345 5705 de
2377 5651 2515 5704 beati
2561 5652 2698 5706 Aviti
2728 5663 2899 5705 morte
2951 5654 3077 5704 nihil
3132 5654 3323 5709 habent
3366 5654 3573 5717 Grego-

1991 5722 2121 5795 rius,
2168 5720 2382 5795 coniicit
2427 5720 2667 5795 _Coin_ti_us
2699 5722 2871 5785 ipsum
2905 5732 3134 5795 postan.
3170 5724 3293 5790 591,
3317 5726 3404 5795 qui
3436 5722 3570 5779 Gro-

1991 5792 2224 5857 gnriana:
2253 5791 2495 5844 Historia:
2525 5791 2739 5842 ultimus
2781 5801 2884 5853 est,
2928 5792 3157 5859 obiisse;
3191 5791 3347 5851 anno
3370 5796 3579 5851 scilicet

1993 5860 2120 5931 59$,
2148 5870 2201 5918 ct
2229 5860 2443 5931 quidem
2478 5859 2695 5917 an-ol.
2723 5860 2935 5931 Octob,
2969 5877 3075 5934 quo
3106 5867 3192 5928 die
3222 5871 3415 5927 icsluut
3457 5862 3590 5934 eius
