3966 6348
368 396 473 452 ως

1368 402 1424 459 S.
1469 403 1794 466 GREGOllll
1840 403 2142 458 EPISCOPI
2183 401 2615 466 TllRONENSlS

3529 379 3658 464 556'

368 522 528 560 mune
558 507 812 564 tributum
861 518 968 565 tam
994 511 1242 567 ecclesiis
1272 527 1431 582 quam
1463 515 1829 580 monasteriis,
1863 530 1946 569 vel
1978 519 2022 574 A
2054 524 2234 568 scorto
2277 523 2662 581 reverteretur,
2703 513 3033 584 gravissimis
3076 529 3194 570 eam
3241 515 3414 587 plagis
3441 523 3639 590 saepius

365 596 579 664 reliquis
621 599 853 664 clericis,
905 602 996 669 qui
1034 603 1102 657 ad
1148 603 1444 657 Ecclesiam
1494 604 1763 671 pertinere
1807 605 1951 658 Vith-

365 686 575 746 bantur.
605 696 696 743 aut
724 693 1026 762 quicunque
1051 693 1309 747 Eccles'm
1338 694 1574 747 cilicium
1606 695 1949 760 excolebant,

362 777 506 846 larga
542 779 738 847 pietate
765 785 1049 838 concessit.
1097 785 1314 838 Multum
1347 787 1490 838 enim
1527 785 1635 852 jam
1667 795 1952 840 exactores

367 869 523 937 hujus
566 872 749 927 tributi
780 875 1059 943 exspeliati
1107 863 1280 942 erant,
1327 882 1392 929 c'o
1436 877 1574 944 quod
1608 892 1703 945 per
1734 877 1947 942 Iungunt

365 971 574 1030 tempus
603 973 655 1017 et
699 965 1096 1020 succedentium
1147 969 1550 1036 generationes,
1582 981 1644 1020 ac
1680 967 1864 1021 divisis
1897 968 1948 1020 in

363 1054 558 1106 multas
584 1064 759 1121 partes
788 1056 917 1125 ipsis
946 1057 1393 1123 possessionibus,
1421 1058 1596 1127 colligi
1628 1059 1713 1110 vix
1740 1063 1949 1123 poterat

363 1147 466 1198 hoe
495 1146 766 1201 tributum.
793 1149 944 1216 Quod
975 1151 1082 1212 hic,
1116 1150 1224 1204 Deo
1254 1151 1567 1219 inspirante,
1601 1152 1669 1204 ita
1696 1155 1947 1220 praecepit

363 1236 657 1304 emendari,
690 1247 747 1291 ut
790 1239 930 1308 quod
978 1253 1140 1308 super
1182 1240 1293 1291 ha-c
1325 1239 1453 1294 liseo
1484 1241 1806 1306 deberetur,
1848 1258 1947 1295 nec

359 1340 663 1384 exactorem
687 1332 878 1412 damna
909 1341 1268 1402 percutercnt,
1294 1349 1390 1388 nec
1416 1333 1670 1388 Ecclesia:
1687 1333 1944 1388 cultorem

357 1423 578 1478 tarditas
603 1422 672 1477 de
693 1423 871 1478 oflicio
901 1425 1074 1493 aliqua
1103 1435 1398 1479 revocaret.

436 1512 562 1566 \illl.
613 1513 666 1566 In
701 1523 726 1551 ι
757 1515 991 1569 confinio
1018 1530 1145 1570 vero
1177 1513 1386 1570 termini
1433 1513 1680 1580 Arverni,
1731 1513 1946 1569 Gabali-

358 1605 464 1658 tani
497 1615 655 1674 atque
699 1604 955 1674 Rutheni,
999 1607 1238 1678 synodus
1281 1607 1654 1676 episeoporutn
1688 1608 1823 1662 facta
1861 1617 1943 1662 est

354 1707 537 1751 cotitra
581 1698 906 1763 Tetradiam,
941 1700 1180 1754 relictam
1231 1700 1497 1769 quondam
1543 1699 1820 1766 Desiderii,
1875 1715 1942 1754 eo

353 1788 495 1852 quod
539 1795 806 1856 repeteret
830 1788 897 1841 ab
945 1803 1006 1842 ea
1040 1787 1277 1843 Eulalius
1317 1803 1498 1843 comes
1527 1803 1613 1843 res
1653 1787 1680 1826 δ
1707 1803 1839 1857 quas
1871 1788 1939 1842 ab

2056 605 2344 660 alliciebat.
2377 605 2481 660 Sed
2512 615 2564 659 et
2593 619 2688 673 pro
2719 605 2895 658 multis
2946 606 3242 662 sceleribus
3280 608 3454 663 debita
3501 627 3638 664 non-

2057 695 2195 747 nulla
2246 703 2607 759 contraxerat,
2662 695 2713 747 in
2765 695 2954 764 quibus
3005 709 3320 751 ornamenta
3353 709 3406 752 et
3447 714 3636 755 aurum

2056 786 2240 838 uxoris
2287 785 2584 853 saepissime
2614 785 2909 840 evertebat.
2963 786 3200 854 Denique
3234 789 3372 843 inter
3404 791 3496 844 has
3540 807 3636 845 an—

2052 879 2252 946 gustias
2298 877 2494 932 mulier
2543 878 2821 942 collocata,
2878 894 2997 932 cum
3056 884 3311 936 honorem
3368 898 3580 938 omnem
3614 926 3632 951 ,

2051 982 2208 1036 quem
2241 967 2291 1020 in
2323 966 2485 1020 domo
2514 968 2610 1021 viri
2643 969 2898 1022 habuerat
2931 970 3271 1037 perdidisset,
3302 983 3356 1028 e't
3377 975 3462 1029 ille
3489 977 3632 1030 abis-

2050 1069 2131 1113 set
2160 1061 2224 1112 ad
2275 1074 2478 1128 regem,
2513 1060 2626 1114 hree
2671 1078 2697 1111 a
2737 1061 2862 1114 Viro
2888 1061 2997 1135 [ΑΙ.
3034 1061 3214 1135 Veto],
3244 1067 3321 1119 sic
3344 1067 3487 1121 enim
3519 1075 3636 1122 erat

2051 1165 2246 1203 nomen
2297 1149 2548 1215 hominis,
2605 1151 2781 1204 mariti
2835 1154 2914 1205 sui
2971 1165 3165 1222 nepote
3216 1155 3632 1225 concupiscitur,

2049 1241 2256 1294 scilicet
2288 1249 2346 1294 ut
2374 1242 2495 1309 quia
2528 1242 2615 1296 ille
2647 1243 2949 1311 perdiderat
2987 1245 3290 1316 conjugem,
3327 1248 3483 1316 hujus
3522 1267 3636 1303 ma-

2050 1334 2302 1387 trimonio
2325 1333 2663 1401 jungeretur.
2703 1336 2858 1390 Virus
2891 1349 3067 1391 autem
3101 1343 3296 1395 timens
3328 1343 3634 1399 inimicitias

2049 1421 2315 1487 avunculi,
2349 1423 2625 1477 mulierem
2679 1423 2954 1480 Desiderio
2984 1426 3104 1481 duci
3137 1430 3448 1497 transmisit,
3479 1433 3631 1488 vide-

2047 1515 2170 1569 licet
2216 1523 2274 1569 ut
2327 1516 2649 1570 succedente
2695 1528 2938 1586 tempore
2983 1521 3326 1588 copularetur
3354 1523 3403 1577 ei
3448 1543 3463 1579 :
3513 1538 3633 1594 quae

2046 1619 2260 1660 omnem
2301 1606 2651 1660 subatantiam
2687 1608 2783 1660 viri
2829 1608 2933 1672 sui,
2969 1618 3073 1662 tam
3126 1626 3176 1665 in
3204 1627 3334 1666 auro
3377 1627 3532 1682 quam
3581 1615 3632 1667 in

2044 1705 2284 1766 argento,
2309 1707 2364 1752 et
2389 1697 2742 1762 vestimentis,
2766 1709 2819 1752 et
2845 1713 2963 1768 qua:
2993 1703 3191 1756 moveri
3219 1711 3490 1770 pateram,
3509 1720 3631 1757 cum

2043 1790 2256 1842 seniore
2287 1787 2399 1842 lilio
2427 1803 2608 1842 secum
2641 1789 2878 1856 sustulit,
2911 1791 3097 1845 relicto
3143 1792 3194 1844 in
3225 1793 3386 1846 domo
3405 1794 3511 1848 alio
3546 1796 3633 1862 ju-

353 1894 418 1931 eo
451 1879 657 1948 fugiens
687 1892 868 1934 secum
896 1878 1120 1934 tulisset.
1149 1880 1252 1934 Sed
1284 1879 1418 1934 hanc
1439 1894 1675 1944 causam,
1702 1880 1782 1933 vel
1807 1894 1937 1948 qua-
1971 1886 2016 1946 B
2045 1879 2214 1933 niore.
2273 1879 2503 1933 Rediens
2550 1894 2679 1932 vero
2713 1880 2949 1934 Eulalius
2994 1897 3058 1936 ex
3101 1882 3316 1948 itinere,
3369 1886 3630 1954 comperit

352 1967 476 2022 liter
506 1969 764 2024 Eulaliutn
789 1969 1085 2039 reliquerit,
1111 1971 1190 2025 vel
1215 1971 1667 2040 quemadmodum
1695 1971 1760 2026 ad
1795 1971 1943 2026 Desi-

351 2062 556 2116 derinm
587 2060 884 2130 cenfugeiit
909 2063 1073 2116 altius
1104 2063 1506 2117 memorandum
1544 2064 1746 2128 putavi.
1784 2062 1945 2116 Eula-

350 2153 452 2207 lins
475 2163 678 2218 autem,
713 2164 768 2205 ut
811 2153 1061 2221 juvenilis
1091 2163 1220 2208 mtas
1253 2154 1430 2218 habet,
1463 2153 1646 2218 agebat
1677 2151 1940 2222 quapiam

351 2243 798 2298 irrationabiliter
826 2259 842 2298 :
875 2244 1015 2299 unde
1042 2243 1238 2297 factum
1270 2253 1374 2307 est,
1405 2255 1458 2296 ut
1489 2258 1517 2295 a
1551 2253 1722 2297 matre
1743 2245 1940 2312 sepius

351 2334 662 2402 increpitus,
700 2333 919 2389 haberet
951 2335 1002 2388 in
1031 2349 1149 2389 eam
1179 2335 1358 2388 odium
1409 2350 1568 2403 quam
1620 2349 1804 2389 amare
1843 2333 1941 2389 de-

355 2427 567 2482 buerat.
605 2425 840 2494 Den‘qne
871 2440 988 2480 cum
1017 2426 1072 2480 in
1110 2427 1345 2480 oratorio
1372 2427 1562 2481 donius
1596 2440 1705 2479 sua:
1733 2426 1845 2480 Inrc
1885 2426 1937 2479 in

353 2518 600 2573 oratione
647 2519 951 2587 frequenter
982 2519 1336 2586 incumberet,
1385 2527 1438 2574 et
1488 2528 1776 2573 nocturnas
1806 2517 1939 2586 vigi-

353 2609 453 2662 lias
484 2624 724 2676 persaepe
769 2608 1160 2662 dormientibus
1189 2607 1419 2674 famulis,
1455 2611 1504 2661 in
1536 2605 1778 2661 oratione
1818 2622 1936 2659 cum

351 2699 600 2770 lacrymis
629 2701 894 2770 expleret,
921 2703 970 2754 in
1000 2698 1176 2754 cilicio
1205 2714 1311 2767 quo
1338 2699 1520 2754 orabat
1550 2695 1830 2769 suggillata
1855 2714 1937 2752 re.

351 2794 570 2860 peritur.
607 2792 712 2848 Sed
742 2794 1105 2847 nescientibus
1134 2791 1342 2846 cunctis
1386 2791 1506 2860 quis
1539 2790 1650 2844 lia-c
1684 2790 1937 2858 fecisset,

351 2885 557 2941 crimen
589 2895 764 2941 tamen
797 2885 1064 2956 parricidii
1097 2871 1328 2939 refertur
1353 2883 1418 2937 ad
1453 2883 1640 2938 lilium.
1669 2881 1792 2936 Haec
1812 2896 1933 2936 cum

352 2980 613 3037 Cantinus
638 2980 925 3050 episcOpus
955 2985 1208 3036 Ariernte
1243 2979 1387 3034 urbis
1415 2980 1786 3047 comperisset,
1811 2994 1933 3034 eum

353 3087 384 3125 τι
414 3072 791 3126 communione
816 3071 1108 3126 submovit.
1159 3069 1614 3125 Convenientibus
1645 3080 1824 3124 autem
1854 3071 1936 3124 ci-

350 3161 509 3217 vibus
529 3161 689 3234 ήθι
714 3177 834 3216 cum
865 3161 1144 3216 sacerdote
1171 3160 1236 3214 ad
1269 3159 1606 3214 festivitatem
1634 3159 1770 3214 beati
1797 3174 1939 3213 mar-

2045 1985 2163 2038 qnte
2193 1969 2518 2024 acciderant.
2552 1969 2657 2025 Sed
2689 1985 2809 2024 cum
2843 1970 3083 2041 mitigato
3124 1973 3310 2027 dolore
3356 1974 3630 2042 paululum

2043 2063 2357 2131 quievisset,
2388 2076 2550 2128 super
2583 2061 2763 2116 Virum
2794 2071 3041 2128 nepotem
3084 2079 3239 2117 suum
3271 2064 3441 2131 irruit,
3473 2080 3630 2120 eum-

2043 2171 2145 2225 que
2184 2156 2326 2210 inter
2355 2166 2499 2210 arcta
2528 2156 2740 2209 vallium
2787 2158 3144 2210 Arvernorum
3176 2157 3466 2212 interemit.
3513 2159 3626 2212 An-

2042 2247 2194 2302 diens
2237 2257 2411 2300 autem
2442 2247 2602 2318 5.92
2654 2243 2996 2311 Desidt-rius,
3027 2247 3114 2317 qui
3161 2256 3217 2300 et
3256 2247 3374 2316 ipse
3405 2263 3626 2302 uxorem

2044 2353 2213 2408 nuper
2236 2337 2564 2408 perdiderat,
2587 2338 2730 2408 quod
2761 2336 2964 2392 scilicet
2988 2337 3145 2392 Virus
3163 2339 3474 2394 interfectus
3497 2339 3628 2393 fuis~

2041 2441 2143 2494 set,
2191 2428 2440 2499 conjugio
2468 2443 2567 2482 suo
2595 2415 2899 2484 Tetradiam
2933 2429 3176 2482 sociavit.
3229 2428 3468 2484 Eulalius
3495 2445 3626 2483 vero

2043 2522 2272 2590 puellam
2297 2522 2365 2576 de
2392 2522 2715 2576 monaSIerio
2743 2521 3085 2589 Lugdunensi
3116 2519 3358 2586 diripuit,
3401 2536 3626 2589 eamque

2041 2615 2267 2683 at-cepit.
2317 2613 2422 2668 Sed
2453 2613 2766 2667 concubinae
2797 2612 2932 2682 cjtts,
2983 2613 3288 2683 instigante,
3321 2624 3376 2665 ut
3405 2614 3624 2682 quidam

2041 2713 2312 2772 asserunt,
2356 2704 2579 2770 invidia,
2627 2703 2905 2759 maleﬁciis
2953 2719 3171 2760 sensum
3200 2706 3317 2773 ejus
3345 2707 3619 2774 oppilave-

2040 2804 2186 2849 runt.
2221 2795 2346 2848 Post
2369 2795 2594 2848 multum
2619 2810 2748 2850 vero
2769 2799 3053 2864 temporis,
3083 2795 3324 2851 Eulalius
3351 2795 3621 2851 Emerimn

2043 2885 2199 2955 hujus
2230 2886 2423 2955 puellae
2451 2886 2830 2940 consobrinum
2862 2887 2998 2940 clam
3036 2889 3278 2957 appetiit,
3299 2887 3619 2957 occiditque.

2042 2975 2299 3031 Similiter
2321 2973 2620 3030 Socratium
2651 2977 2866 3030 fratrem
2899 2978 3099 3032 sororis
3127 2991 3240 3032 sua:
3269 2986 3296 3016 ο
3338 2992 3497 3046 quem
3528 2993 3624 3046 pa-

2042 3077 2126 3122 ter
2160 3083 2224 3123 ex
2253 3068 2549 3122 concubina
2593 3068 2871 3133 habuerat,
2909 3071 3196 3125 interemit.
3233 3071 3299 3126 Et
3324 3071 3425 3126 alia
3447 3073 3622 3127 multa

2043 3159 2182 3214 mala
2211 3158 2360 3225 fecit,
2392 3175 2510 3225 qua:
2539 3174 2791 3215 enarrare
2822 3162 3130 3232 perlongum
3163 3171 3265 3216 est.
3306 3163 3538 3217 Joannes
3559 3165 3621 3214 ti-

349 3253 484 3322 tyris
513 3251 732 3318 Juliani,
763 3251 829 3304 ad
860 3252 1020 3321 pedes
1051 3267 1098 3314 ei
1120 3249 1285 3319 iscopi
1312 3249 1551 3305 Eulalius
1582 3250 1670 3304 ille
1696 3259 1929 3318 proster~
1962 3249 2007 3309 C
2044 3253 2145 3307 lius
2169 3251 2308 3321 ejus,
2336 3253 2426 3322 qu’l
2455 3266 2574 3307 cum
2603 3266 2695 3307 sua
2727 3251 3047 3308 discesserat
3077 3253 3356 3321 genitrice,
3395 3265 3425 3306 a
3454 3252 3620 3307 domo

348 3345 516 3410 nitur,
563 3360 794 3414 querens
823 3360 881 3399 se
927 3344 1224 3398 inauditum
1271 3357 1300 3396 a
1347 3345 1728 3396 communione
1758 3357 1935 3396 remo.

348 3446 487 3492 tum.
517 3437 668 3492 Tunc
697 3437 981 3506 episcopus
1007 3436 1250 3504 permisit
1274 3450 1393 3488 eum
1424 3448 1546 3488 cum
1577 3434 1785 3488 emeris
1810 3433 1934 3487 Mis-

346 3547 532 3587 earum
555 3541 798 3601 Spectare
829 3540 851 3568 ε
882 3529 1169 3585 solemnia.
1204 3527 1394 3580 Verum
1439 3527 1528 3581 ubi
1577 3526 1643 3580 ad
1685 3543 1931 3581 commu-

351 3625 639 3680 nicandum
667 3635 881 3679 ventum
910 3631 1015 3685 est,
1045 3631 1097 3673 et
1126 3620 1357 3674 Eulalius
1387 3620 1451 3672 ad
1483 3619 1727 3674 altarium
1753 3634 1934 3674 acces-

350 3716 533 3781 sisset,
563 3714 640 3768 ait
685 3714 966 3782 episcopns
1006 3728 1020 3764 :
1055 3711 1256 3764 Rumor
1297 3711 1473 3779 populi
1511 3711 1830 3778 parricidam
1881 3720 1933 3764 te

345 3808 648 3879 proclamat
685 3821 824 3861 esse.
858 3806 970 3872 Ego
1012 3818 1140 3858 vero
1188 3815 1364 3857 utrum
1396 3801 1789 3873 perpetraveris
1832 3802 1932 3856 hoc

343 3901 547 3966 scelus,
579 3915 645 3954 an
691 3913 819 3961 non,
852 3899 1038 3969 ignoro
1081 3913 1093 3948 :
1130 3897 1329 3951 idcirco
1360 3894 1410 3949 in
1448 3894 1537 3949 Dei
1569 3895 1672 3948 hoc
1710 3903 1764 3948 et
1793 3893 1930 3949 beati

347 3987 605 4062 martyris
633 3989 828 4043 Juliani
871 3998 1048 4042 statuo
1069 3987 1294 4056 judicio.
1339 3986 1417 4040 Tu
1450 4000 1599 4053 vero,
1631 3985 1676 4040 si
1709 3987 1931 4040 idoneus

345 4099 432 4150 es,
465 4092 522 4138 ut
559 4083 725 4136 asseri
763 4122 778 4147 ,
809 4080 1004 4135 accede
1054 4079 1291 4148 propius,
1339 4086 1393 4132 et
1421 4091 1572 4132 sume
1600 4077 1688 4130 tibi
1723 4077 1931 4131 Eucha-

345 4177 513 4231 ristite
541 4175 875 4243 particulam,
909 4180 1068 4240 atque
1100 4170 1312 4239 impone
1339 4167 1417 4223 ori
1448 4177 1539 4222 tuo
1560 4164 1609 4221 ἀ.
1645 4167 1760 4222 Erit
1786 4166 1929 4221 enim

343 4269 484 4323 Deus
514 4276 790 4336 respector
815 4261 1159 4316 conscientia}
1187 4273 1311 4315 nne.
1339 4262 1408 4314 At
1439 4259 1530 4313 ille
1554 4266 1773 4327 accepta
1819 4257 1931 4310 Eu-

343 4339 617 4424 charistia,
685 4359 1087 4410 communicans
1145 4352 1426 4406 abscessit.
1491 4350 1729 4404 llabebat
1786 4349 1928 4401 enim

341 4469 570 4510 uxorein
598 4450 905 4505 Tetradiam
937 4448 1168 4501 nobilem
1217 4463 1281 4499 ex
1314 4453 1503 4508 matre,
1536 4456 1684 4512 patre
1715 4444 1930 4503 inferio-

342 4560 478 4600 rem.
507 4541 613 4598 Sed
642 4555 761 4593 cum
792 4540 842 4590 in
885 4539 1044 4589 dumo
1073 4550 1168 4588 sua
1199 4536 1278 4588 vir
1297 4535 1608 4588 ancillarum
1638 4535 1924 4588 coocubitu

2039 3343 2297 3400 Desiderii
2349 3343 2618 3412 dilapsus,
2671 3345 2972 3398 Arvernum
3017 3343 3186 3397 venit.
3235 3343 3472 3411 Cumque
3506 3344 3616 3412 jam

2036 3437 2380 3492 innocentius
2426 3437 2794 3504 episcopatum
2846 3433 3110 3488 Rutbens:
3141 3434 3288 3488 urbis
3323 3435 3616 3497 ambisset,

2035 3525 2346 3582 mandatum
2377 3525 2607 3581 eimittit
2635 3524 2894 3589 Eulalius,
2926 3537 2980 3577 ut
3003 3539 3088 3578 res
3111 3524 3354 3593 (ιιιθίρεὶ
3379 3525 3429 3578 in
3461 3523 3622 3592 hujus

2035 3620 2266 3674 civitatis
2295 3616 2570 3673 territorio
2613 3616 2969 3680 debebantur,
3013 3629 3108 3685 per
3155 3614 3312 3684 hujus
3358 3616 3619 3671 auxilium

2035 3709 2274 3777 recipere
2304 3718 2504 3777 posset.
2536 3707 2642 3764 Sed
2667 3707 3007 3763 Innocentius
3036 3709 3110 3761 ait
3136 3724 3149 3759 :
3179 3708 3240 3762 Si
3265 3707 3336 3762 de
3367 3709 3490 3763 liliis
3515 3710 3621 3763 tuis

2035 3813 2195 3852 unmn
2235 3799 2459 3866 accipio,
2489 3813 2647 3866 quem
2681 3798 2932 3852 clericum
2962 3798 3157 3852 factum
3188 3797 3243 3852 in
3275 3799 3462 3854 solatio
3497 3815 3619 3854 meo

2033 3891 2318 3952 retineam,
2367 3874 2554 3942 faciam
2603 3903 2721 3961 quae
2767 3888 3024 3957 ptecaris.
3075 3886 3140 3940 At
3183 3887 3277 3942 ille
3325 3888 3619 3945 transtulisit

2035 3991 2280 4050 puerum,
2311 3980 2567 4035 Joannem
2596 3979 2833 4042 nomine,
2881 3979 3186 4048 recepitque
3226 3993 3311 4032 res
3341 3994 3483 4033 suas.
3515 3982 3620 4034 Su-

2034 4073 2328 4143 sceptoque
2358 4071 2698 4125 Innocentius
2724 4071 3009 4140 episcopus
3043 4085 3228 4139 puero,
3274 4071 3502 4124 totondit
3529 4085 3619 4124 co-

2033 4182 2175 4221 mam
2206 4165 2396 4234 capitis
2427 4165 2562 4233 ejus,
2596 4162 2846 4232 deditque
2876 4177 2997 4216 eum
3027 4162 3408 4216 archi‘liacono
3436 4163 3618 4216 eccle-

2034 4258 2128 4313 sia;
2158 4273 2299 4320 suae;
2331 4257 2420 4324 qui
2453 4256 2504 4308 in
2537 4263 2680 4308 tanta
2711 4268 2769 4308 se
2799 4253 3119 4308 abstinentia
3160 4251 3412 4315 subdidit,
3442 4261 3499 4305 nt
3522 4268 3621 4320 pro

2035 4352 2210 4404 tritico
2239 4347 2495 4401 hordeum
2524 4354 2780 4413 sumeret,
2820 4361 2916 4416 pro
2953 4347 3080 4401 vino
3111 4363 3301 4416 aquam
3357 4346 3615 4412 hauriret,

2033 4449 2089 4495 et
2113 4455 2207 4510 pro
2235 4453 2373 4506 equo
2416 4438 2568 4491 asino
2597 4447 2854 4503 uteretur,
2880 4437 3194 4491 vestimenta
3226 4439 3482 4493 vilissima
3521 4441 3617 4490 ha-

2034 4532 2187 4586 bens.
2239 4529 2400 4599 lg'lur
2430 4527 2752 4597 conjunctis,
2787 4535 2842 4580 nt
2870 4529 3124 4591 diximus,
3169 4529 3540 4584 sacerdotibus
3565 4540 3619 4586 et

346 4637 686 4696 misceretur,
719 4628 999 4698 coniugem
1051 4628 1322 4695 negligere
1368 4627 1565 4695 cmpit,
1597 4634 1652 4680 et
1696 4641 1815 4679 eum
1864 4627 1933 4680 ab
1964 4617 2012 4675 D
2039 4623 2166 4681 viris
2196 4621 2492 4695 magnificis
2540 4626 2593 4677 in
2643 4620 2878 4677 conlinio
2927 4619 3350 4689 supradictarum
3381 4621 3615 4676 urbium.

343 4797 648 4855 celebratur
688 4788 967 4859 :scpnltns
1014 4794 1106 4859 est
1150 4784 1478 4859 inwecelesia
1531 4783 1698 4859 beatae
1734 4783 1917 4859 “alariae

343 4851 675 4936 i’rincipalis,
703 4851 1053 4936 _ut'bahe_tnr
1099 4858 1155 4936 in_
1208 4855 1706 4936 libro__de.eccles._
1726 4851 1916 4936 Clare-

343 4925 671 5005 inontfcap.‘
695 4933 750 4994 2,
780 4946 897 5000 qua:
919 4933 1116 5005 dicitur
1142 4927 1309 4981 beata:
1342 4925 1541 5005 Marias
1563 4925 1627 4978 de
1669 4925 1838 5005 Portu_
1866 4925 1916 4976 in

343 4995 580 5081 eiusdem
612 4995 926 5081 ’ξὲιιοιὶτῖίτί
983 5001 1117 5062 Vi”,
1167 4995 1919 5081 q"am-ei'.cle5i"mPncamc:

343 5065 480 5137 d'rali
529 5075 953 5142 distinguendam
1000 5085 1119 5125 esse
1159 5075 1342 5142 monet
1392 5068 1612 5142 Savaro.
1646 5065 1791 5142 Alius
1837 5072 1922 5142 est

345 5135 553 5213 ,ﬁims,
585 5146 673 5213 qni
697 5135 756 5197 in
786 5141 1008 5197 ecclesia
1041 5142 1210 5213 sancti
1246 5136 1546 5213 venerandi
1581 5135 1826 5203 (ιυῖθδθίίν
1867 5136 1917 5186 ⁵³⁸

343 5225 437 5277 lib.
467 5208 678 5272 laudato
706 5228 822 5281 cap.
859 5213 946 5277 lt),
975 5212 1144 5264 sancti
1179 5208 1348 5259 Bottiti
1377 5209 1564 5281 frater.

419 5273 579 5343 illoc
608 5273 943 5351 caput'deest
966 5283 1017 5334 in
1047 5277 1412 5351 utroquecod.
1446 5276 1598 5329 Culb.
1630 5285 1681 5329 et
1713 5273 1832 5328 Vat.

417 5360 443 5398 δ
471 5348 685 5428 Regm.,
710 5359 946 5428 repeteret
978 5366 1087 5404 eam
1113 5348 1345 5428 Ettlaliut
1371 5361 1537 5428 centes
1561 5356 1608 5399 et
1635 5362 1734 5400 res.

421 5416 577 5485 cllae
635 5416 961 5478 voce'utitur
1009 5420 1200 5487 smpius
1255 5416 1731 5487 Gregorius,iqn:e
1761 5417 1920 5468 etiam

348 5503 574 5556 habetur
605 5498 656 5549 in
683 5510 804 5550 can.
836 5492 904 5545 ‘29
930 5485 1136 5544 cnnciiii
1168 5502 1228 5540 tn
1262 5488 1536 5541 Aurelian.
1569 5485 1672 5538 Sed
1713 5501 1774 5556 ex
1823 5489 1922 5537 isto

348 5555 605 5640 Gregorii
629 5572 746 5640 loco
773 5563 1280 5640 suspicantur-noster
1311 5557 1651 5640 illabillonius
1679 5555 1771 5606 lib.
1806 5571 1818 5606 I
1851 5560 1915 5606 de

348 5625 550 5708 Litnvrg.
575 5639 791 5700 Gallic.,
816 5625 936 5700 ca'p.
967 5630 1020 5708 6Ρ
1053 5628 1155 5708 ubi.
1174 5628 1318 5708 plura
1352 5630 1506 5679 habet
1535 5638 1597 5708 ea
1621 5625 1688 5677 de
1717 5640 1792 5708 re,
1822 5639 1853 5676 e
1880 5641 1914 5674 vs

347 5695 536 5766 inissa's
593 5695 897 5775 spectasse,-
927 5701 1016 5775 qui
1069 5697 1280 5768 quidem
1330 5705 1624 5765 prtesentes
1671 5695 1912 5759 aderam,

343 5785 440 5838 sed
470 5798 570 5832 non
597 5774 1076 5834 cmmnunicabunt.

420 5846 446 5886 δ
462 5853 691 5920 ριιιιιυοι
716 5861 780 5905 ex
805 5845 903 5899 huc
916 5839 1152 5916 Gregorii
1169 5839 1284 5895 loci)
1307 5835 1516 5910 co‘lcgit
1541 5846 1721 5892 llOSlCl‘
1735 5834 1885 5895 ilabil
1897 5866 1916 5877 -

2024 4786 2198 4840 Ionius
2228 4785 2262 4839 Ι.
2290 4799 2306 4838 ι
2329 4783 2394 4836 de
2421 4780 2622 4851 Liturg.
2649 4782 2790 4836 Gal..
2813 4780 2943 4838 (3.5:
2967 4781 3024 4833 1*
3042 4780 3386 4834 Eneharistize
3402 4781 3616 4833 nomine

2023 4859 2190 4909 solam
2221 4855 2371 4923 panis
2384 4853 2615 4920 speciem
2632 4854 2928 4921 designari;
2957 4851 3110 4910 2°ex
3131 4851 3408 4923 particula.
3427 4866 3528 4903 non
3547 4868 3614 4904 ex

2024 4920 2234 4995 integra
2256 4927 2478 4978 formula
2511 4923 3129 4995 communionemdatam
3150 4939 3164 4986 ;
3187 4920 3242 4975 '5“
3281 4923 3617 4974 communio-

2026 4993 2264 5049 nem'sub
2281 4995 2391 5047 sola
2419 4995 2563 5061 pani~
2587 4995 2801 5060 specie;
2833 4993 3175 5060 4’antiquum
3206 5006 3408 5044 morem
3439 5006 3613 5058 usque

2024 5068 2088 5119 ad
2113 5065 2355 5138 Gregorii
2382 5075 2621 5138 tempora
2673 5077 3064 5138 perseverasse,
3094 5069 3150 5112 ut
3181 5061 3277 5138 viri
3301 5071 3514 5125 accepta
3559 5078 3612 5115 ιιι

2027 5132 2272 5189 manilnis
2306 5141 2316 5185 l
2347 5134 2657 5196 ucliaristia,
2705 5133 2872 5197 ipsam
2903 5132 3002 5184 sibi
3035 5133 3086 5184 in
3112 5146 3206 5184 ore
3254 5132 3614 5198 imponerent.

2031 5208 2280 5260 Mulieres
2311 5217 2507 5267 tamen,
2540 5213 2590 5255 ut
2624 5219 2688 5256 ex
2717 5217 2925 5256 canone
2971 5200 3041 5254 42
3069 5202 3362 5253 Autissiod.
3397 5215 3426 5252 c
3450 5200 3611 5254 -neilii

2029 5286 2191 5342 patet,
2227 5292 2330 5329 non
2361 5276 2498 5327 nuda
2532 5288 2712 5337 manu,
2744 5275 2836 5326 sed
2862 5271 2913 5324 in
2947 5272 3110 5342 linteo
3145 5270 3453 5342 Dominicali
3487 5286 3606 5324 eam

2028 5341 2374 5412 recipiebant.
2421 5347 2494 5397 lex
2526 5345 2714 5397 eodem
2750 5349 2896 5397 testu
2928 5341 3183 5397 discimus
3233 5341 3384 5394 laneis
3423 5341 3488 5393 ad
3525 5341 3607 5391 al-

2027 5427 2140 5470 tare
2170 5416 2488 5485 permissum
2521 5412 2684 5467 fuisse
2713 5420 2988 5485 accessum
3033 5426 3127 5480 pro
3172 5425 3322 5464 sacra
3369 5424 3612 5485 commu-

2026 5481 2204 5539 nione.
2242 5486 2316 5539 De
2366 5486 2524 5537 mmlo
2578 5483 2869 5549 recipiendi
2911 5495 3120 5536 sacram
3177 5481 3609 5534 communionem

2025 5558 2209 5626 primis
2237 5556 2486 5609 Ecclesia!
2513 5553 2722 5626 saeculis
2754 5553 2947 5626 usitato
2985 5550 3221 5626 pluribus
3247 5550 3461 5604 disserit
3498 5565 3608 5626 tiu-

2021 5620 2132 5680 ster
2172 5626 2322 5694 Hugo
2375 5625 2653 5678 Menar‘dns
2705 5625 2754 5675 in
2781 5621 3073 5694 _notis__ad
3123 5620 3604 5679 Sat-ramentariutu

2021 5691 2431 5763 Gregorianum.
2465 5709 2580 5761 pag.
2614 5695 2738 5754 578,
2780 5691 2905 5756 579,
2936 5691 3064 5744 501.

2100 5780 2118 5801 τ
2156 5769 2234 5819 ΑΗ
2257 5777 2364 5835 luat
2394 5767 2518 5820 editi
2551 5781 2669 5818 cum
2701 5765 2847 5832 Item,
2877 5777 3058 5815 socera:
3085 5776 3190 5815 sua:
