3966 6348
389 417 486 472 ΞΤιῖ

1281 398 1594 458 Ηιδτυῐιιεκ
1642 394 2088 457 ΕΙΗΝΩΟΚῊΜ.
2134 393 2332 448 LIBER
2373 389 2694 449 DECNCS.

3541 381 3648 444 638

386 533 636 587 Tetradia
688 525 756 581 ab
801 522 972 595 Agino
1027 527 1460 591 repraesentatur,
1516 525 1675 585 atque
1731 513 1966 567 Eoiatius
1993 511 2044 570 Α
2071 508 2292 561 navibus
2319 507 2554 562 oneratis
2581 519 2737 568 auro,
2767 473 3098 571 argentoque.
3130 507 3189 556 et
3231 498 3454 570 reliquis
3490 501 3652 555 rebus

388 631 571 678 eontra
600 632 718 673 eam
749 622 1064 670 causaturus
1089 610 1338 665 accessit.
1371 607 1612 674 Cumque
1639 616 1725 659 res
1748 615 1882 671 quas
1906 599 1976 654 de

390 715 532 780 ejus,
561 709 751 764 abiens
779 707 843 761 ad
883 703 1242 767 Desiderinm,
1274 701 1433 754 domo
1461 697 1771 761 abstulerat,
1797 693 1978 760 inqui~

385 813 553 865 reret,
583 799 873 869 iudicatum
909 805 990 850 eet
1022 793 1273 848 Tetradio
1298 800 1353 856 ι,
1398 799 1454 843 ιη
1493 787 1784 857 quadrupla
1824 784 1979 837 satis-

391 893 622 948 iactione
653 895 826 944 ablata
861 890 1190 950 restitueret,
1225 886 1473 953 ﬁliosque
1500 896 1635 950 quos
1664 879 1731 932 de
1761 877 1975 932 Deside-

385 986 479 1042 rio
505 991 850 1051 conceperat,
883 983 1118 1034 incertos
1155 976 1185 1015 δ
1210 977 1404 1030 haberi
1440 992 1453 1025 :
1486 972 1612 1027 iilud
1642 972 1800 1025 etiam
1825 967 1978 1022 ordi-

393 1087 606 1139 nantes,
634 1083 693 1127 ut
720 1075 762 1127 si
796 1074 909 1126 brec
938 1086 1056 1141 qua:
1086 1070 1301 1123 Eulalio
1327 1076 1409 1123 est
1451 1067 1598 1134 jussa
1628 1065 1975 1125 dissolveret,

389 1165 687 1220 accedendi
733 1165 783 1216 in
815 1164 1110 1218 Arvernum
1153 1159 1368 1214 licentia
1413 1157 1763 1226 praeberetur,
1796 1153 1980 1207 rebus-

392 1269 503 1323 que
529 1255 664 1318 suis,
695 1268 814 1322 qua:
842 1253 888 1306 ei
922 1267 984 1306 ex
1019 1260 1236 1319 paterna
1264 1247 1604 1302 successione
1628 1242 1787 1313 593
1815 1241 1980 1294 obve-

390 1358 586 1400 nerant
626 1347 826 1415 absque
852 1344 1116 1399 calumnia
1137 1342 1414 1396 'lrueretur
1442 1356 1458 1392 :
1491 1335 1632 1398 quod
1653 1336 1733 1389 ita
1777 1333 1976 1387 factum

389 1450 500 1496 'est.

472 1529 563 1585 ΙΧ.
603 1527 736 1583 Cum
764 1527 889 1579 lucc
918 1533 1221 1593 agerentur,
1257 1528 1317 1574 et
1343 1517 1580 1574 Britanni
1612 1515 1751 1570 circa
1783 1512 1966 1576 urbes,

396 1622 764 1676 Namneticam
787 1619 968 1686 utique
998 1625 1047 1670 et
1091 1613 1480 1672 libedonicam,
1525 1608 1680 1661 valde
1706 1606 1980 1667 szevirent,

391 1715 833 1768 'Gnntchramnus
864 1722 954 1762 rex
984 1705 1275 1761 exercitum
1305 1711 1491 1755 contra
1530 1713 1623 1751 eos
1649 1695 1978 1750 commoveri

395 1803 597 1872 jussit;
633 1801 692 1854 in
723 1813 946 1868 quorum
977 1796 1150 1863 capite
1196 1791 1561 1858 Beppolennm
1603 1795 1659 1840 et
1707 1786 1978 1839 Ebrac'ha-

2069 597 2215 666 ejus,
2241 609 2366 651 eum
2414 597 2521 649 alta
2566 594 2725 649 maris
2755 593 3009 660 cepisset,
3043 601 3321 645 commoto
3350 604 3531 655 vento,
3560 591 3658 647 de-

2069 695 2271 748 mersis
2301 693 2546 751 navibus.
2599 705 2685 745 res
2730 703 2862 758 quas
2891 688 3236 756 imposuerat,
3287 683 3652 753 perdidisset:

2071 795 2252 840 «tamen
2282 784 2347 839 ad
2377 782 2759 838 Ebracliarium
2807 780 3048 842 veniens,
3073 791 3258 847 pacem
3291 776 3460 844 petiit,
3513 775 3658 829 obsi-

2070 878 2282 946 desque
2308 890 2430 931 cum
2473 875 2652 929 multis
2699 872 3009 926 muneribus
3051 869 3288 931 tradidit,
3336 868 3662 937 promittens

2077 981 2139 1025 8e
2181 981 2452 1037 nunquam
2513 975 2697 1020 contra
2741 967 3026 1019 utilitatem
3082 961 3466 1017 Guntchramni
3523 961 3664 1029 regis

2074 1071 2200 1113 esse
2229 1068 2532 1112 venturum.
2567 1057 2683 1123 Quo
2700 1056 3007 1118 recedente,
3040 1065 3096 1110 et
3143 1053 3338 1123 regalis
3375 1052 3664 1120 episcopus

2074 1159 2200 1205 cum
2223 1151 2434 1205 clericis
2463 1161 2518 1204 et
2547 1149 2867 1218 pagensibus
2894 1149 3042 1201 urbis
3072 1163 3203 1212 sine,
3248 1146 3442 1200 similia
3478 1159 3662 1198 sacra-

2025 1233 2027 1236 i
2074 1250 2257 1296 menta
2285 1241 2454 1299 dedit.
2487 1240 2671 1294 dicens
2701 1257 2714 1292 :
2749 1239 2881 1306 Quia
2909 1237 3034 1292 nihil
3083 1253 3178 1292 nos
3208 1238 3437 1291 dominis
3467 1235 3666 1289 nostris

2077 1336 2294 1404 regibus
2315 1333 2602 1401 culpabiles
2631 1345 2838 1392 sumus,
2870 1345 2968 1385 nec
2989 1345 3223 1400 unquam
3245 1339 3429 1383 contra
3458 1329 3663 1381 utilita—

2078 1434 2189 1480 tem
2237 1438 2425 1478 eorum
2473 1421 2689 1491 superbi
2733 1421 3063 1485 exstitimus,
3117 1421 3210 1473 sed
3255 1420 3310 1473 in
3365 1419 3669 1486 captivitate

2082 1513 2453 1568 Britannon
2496 1511 2678 1582 positi,
2705 1512 2850 1580 gravi
2878 1509 3223 1578 iugo-subditi
3271 1521 3476 1561 sumus.
3529 1505 3668 1561 Pace

2083 1605 2243 1672 igitur
2269 1603 2535 1659 celebrata
2565 1604 2702 1656 inter
2727 1600 3047 1654 Warocbum
3073 1609 3232 1668 atque
3260 1596 3666 1663 Ebracltarium,

2081 1694 2217 1749 dixit
2257 1694 2555 1748 Warocbus
2585 1710 2597 1747 :
2633 1692 2894 1747 Discedite
2923 1707 3062 1746 nunc
3090 1704 3142 1745 et
3191 1693 3513 1755 renuntiate,
3542 1691 3667 1760 quia

2081 1785 2258 1838 omnia
2310 1800 2427 1854 quae
2469 1784 2691 1852 jusserit
2739 1799 2857 1848 res,
2907 1794 3099 1852 sponte
3153 1782 3374 1851 implere
3417 1783 3665 1836 Curabo:

397 1869 534 1949 rium
565 1891 726 1944 duces
746 1889 959 1958 delegit.
989 1887 1092 1943 Sed
1119 1881 1467 1939 Ebraoharius
1495 1887 1800 1946 suspectus,
1829 1873 1972 1946 quod
2007 1869 2054 1933 Β
2083 1876 2220 1945 quod
2253 1885 2309 1928 ut
2339 1875 2545 1943 plenius
2593 1873 2816 1929 credere
2849 1874 3122 1938 debeatis,
3175 1883 3428 1940 nepotem
3488 1887 3666 1926 meum

398 1988 443 2041 si
473 1984 692 2039 victoria
729 1998 848 2038 cum
881 1979 1183 2048 Beppoleno
1212 1983 1531 2046 patraretur,
1577 1973 1690 2041 ipse
1718 1971 1968 2024 ducatum

400 2078 518 2147 ejus
552 2076 868 2143 acquireret,
900 2072 1204 2126 inimicitias
1230 2085 1350 2122 cum
1391 2067 1577 2121 eodem
1605 2079 1810 2120 connvc
1836 2067 1892 2125 it,
1921 2078 1981 2118 .e

399 2185 498 2236 per
525 2168 661 2221 viam
699 2175 858 2219 toram
913 2178 971 2217 se
1000 2160 1362 2229 blasphemiis,
1397 2158 1656 2212 conviciis
1681 2165 1839 2225 atque
1862 2170 1972 2209 ma-

404 2259 773 2312 ledictionibus
802 2256 1085 2309 lacessunt.
1131 2251 1325 2306 Verum
1367 2265 1461 2319 per
1508 2251 1646 2302 v'am
1688 2262 1789 2317 qua
1835 2247 1981 2299 abiv-

405 2362 554 2415 rnnt,
602 2350 865 2414 incendia,
903 2346 1204 2409 homicidia,
1237 2344 1406 2411 spolia
1451 2357 1513 2396 ac
1560 2341 1722 2395 multa
1776 2341 1978 2393 scelera

403 2452 646 2513 egerunt.
681 2441 883 2494 Interea
928 2445 1190 2491 venerunt
1242 2435 1306 2488 ad
1356 2433 1686 2487 Vicinoniam
1742 2446 1977 2494 amnem,

405 2548 564 2600 quam
592 2527 913 2593 transmissi,
945 2527 1010 2581 ad
1045 2525 1233 2581 Uldam
1264 2523 1478 2577 ﬂuvium
1511 2531 1535 2560 ο
1589 2529 1975 2590 pervenerunt;

403 2625 582 2692 ibique
611 2620 880 2691 dissipatis
908 2617 1187 2672 vicinitatis
1214 2616 1372 2679 casis,
1395 2622 1582 2683 pontes
1614 2613 1842 2677 desuper
1869 2619 1982 2662 sta-

406 2723 583 2777 tuunt,
627 2712 811 2780 sicque
853 2710 1122 2764 exercitus
1149 2704 1324 2759 omnis
1356 2703 1617 2757 transivit.
1651 2699 1980 2769 Conjunctns

404 2806 547 2859 enin
573 2803 743 2858 fuerat
763 2815 828 2855 eo
849 2810 1086 2868 tempore
1115 2782 1414 2865 Beppoleno
1436 2795 1715 2863 presbyter
1737 2791 1977 2862 quidam,

406 2898 595 2952 dicens
628 2912 641 2946 :
687 2893 742 2948 Si
768 2900 986 2946 secutus
1035 2903 1120 2943 me
1145 2886 1327 2950 fueris,
1360 2900 1458 2954 ego
1503 2895 1552 2939 te
1583 2897 1749 2950 usque
1788 2880 1981 2936 Waro-

407 2991 565 3043 chum
596 2986 805 3046 ducam,
837 2997 900 3036 ac
951 2981 1228 3034 Britannos
1275 2977 1368 3031 tibi
1412 2976 1464 3030 in
1511 2989 1674 3029 unum
1721 2972 1977 3026 collectos

409 3077 706 3132 ostendam.
750 3069 1108 3140 Fredegundis
1130 3068 1271 3123 enim
1301 3082 1421 3121 cum
1465 3065 1721 3131 audisset,
1754 3063 1894 3132 quod
1926 3064 1979 3116 in

415 3169 519 3222 hoc
548 3166 816 3234 procinctu
847 3161 1176 3229 Beppolenus
1205 3157 1395 3222 abiret,
1420 3158 1543 3225 quia
1572 3155 1620 3209 ei
1647 3156 1754 3223 jam
1783 3168 1849 3207 ex
1881 3169 1977 3206 an-

2080 1966 2317 2021 obsidem
2347 1968 2598 2020 tribuam.
2665 1966 2729 2019 Et
2780 1967 2847 2018 ita
2899 1964 3046 2027 fecit,
3093 1973 3470 2032 cessatumque
3499 1972 3582 2016 est
3632 1976 3664 2015 a

2079 2059 2221 2113 bello
2250 2067 2298 2111 ο.
2329 2058 2706 2112 Verumtamen
2744 2054 3034 2109 multitudo
3065 2067 3275 2124 magna,
3305 2054 3444 2108 sicut
3470 2053 3538 2108 de
3576 2069 3665 2107 re-

2077 2151 2181 2221 κηιί
2203 2150 2461 2213 exercitu,
2487 2150 2556 2203 ita
2579 2159 2632 2203 et
2662 2149 2728 2201 de
2760 2147 3021 2201 Britannis
3043 2160 3182 2201 caesa
3203 2154 3304 2200 est.
3338 2146 3661 2214 Egrediente

2079 2252 2257 2296 autem
2289 2242 2530 2297 exercitu
2560 2255 2590 2294 a
2645 2239 2957 2301 Britanniis,
3003 2252 3066 2292 ac
3111 2239 3508 2291 transeuntibus
3554 2252 3668 2290 am-

2082 2351 2204 2390 nem
2237 2333 2647 2397 robustioribus,
2700 2330 2977 2383 in’l'eriores
3017 2339 3071 2384 et
3122 2341 3381 2397 pauperes
3424 2327 3666 2396 quicum

2081 2430 2164 2483 liis
2192 2439 2345 2483 erant
2366 2428 2522 2481 simul
2569 2427 2793 2478 transire
2819 2437 2924 2477 non
2956 2429 3260 2491 potuerunt.
3313 2418 3555 2486 Cumque
3605 2419 3658 2471 in

2083 2517 2232 2572 littus
2262 2517 2388 2571 illud
2433 2515 2726 2569 Vicinoniae
2763 2515 2937 2566 amnis
2977 2512 3321 2576 restitissent,
3365 2508 3668 2564 Waroclius

2080 2607 2276 2661 oblitus
2297 2606 2614 2661 sacramenti
2644 2613 2803 2673 atque
2831 2603 3072 2658 obsidum
3104 2616 3239 2671 quos
3286 2601 3528 2666 dederat,
3561 2602 3668 2653 mi-

2081 2701 2148 2756 sit
2182 2702 2488 2754 Canaonem
2519 2699 2688 2752 ﬁlium
2731 2711 2884 2750 suum
2927 2711 3048 2749 cum
3077 2695 3337 2756 exercitu,
3373 2692 3670 2761 apprehen-

2079 2793 2262 2862 ‘sisque
2281 2793 2410 2846 viris
2437 2805 2571 2860 quos
2601 2790 2654 2843 in
2686 2789 2866 2842 littore
2894 2789 2982 2841 illo
3013 2787 3233 2854 reperit,
3281 2785 3509 2838 vinculis
3535 2784 3661 2837 alli-

2081 2889 2191 2952 gat,
2224 2882 2535 2937 resistentes
2563 2879 2831 2939 interﬁcit,
2862 2877 3128 2931 nonnullis
3167 2876 3254 2945 qui
3283 2890 3402 2929 cum
3448 2874 3669 2928 caballis

2080 2983 2373 3029 torrentem
2401 2981 2730 3027 transmeare
2758 2973 3061 3032 voluerunt,
3091 2967 3159 3022 ab
3205 2968 3368 3035 ipsius
3411 2964 3670 3019 torrentis

2083 3066 2280 3134 impetu
2309 3065 2361 3118 in
2394 3078 2539 3117 mare
2567 3059 2808 3130 deiectis.
2845 3060 3052 3114 Dimissi
3082 3067 3208 3112 sunt
3241 3069 3424 3126 postea
3459 3057 3609 3110 multi
3641 3052 3664 3093 ί

2083 3174 2113 3212 a
2139 3149 2364 3229 conjuge
2395 3155 2643 3210 Warocbi
2668 3170 2786 3208 cum
2817 3153 2989 3207 cereis
3009 3160 3064 3206 et
3092 3150 3285 3206 tabulis
3309 3149 3460 3218 quasi
3489 3148 3667 3210 liberi,

414 3259 608 3311 teriore
639 3265 877 3324 tempore
905 3250 1108 3304 invisus
1136 3257 1271 3314 erat,
1315 3245 1680 3316 Bajocassinos
1717 3244 1978 3308 Saxones,

2094 3267 2138 3307 et
2166 3253 2230 3305 ad
2260 3250 2466 3320 propria
2490 3256 2614 3302 sunt
2651 3243 2903 3316 regressi.
2935 3243 3213 3298 Exercitus
3242 3257 3367 3296 vero
3392 3243 3555 3311 ipsius
3579 3242 3671 3310 qui

414 3351 560 3423 iuxta
584 3347 739 3401 ritum
772 3343 1140 3398 Britannorum
1170 3351 1350 3394 tonsus
1380 3337 1405 3375 ά
1431 3380 1446 3403 ,
1472 3350 1631 3406 atque
1659 3339 1802 3392 cultu
1831 3338 1995 3392 vesti-

419 3443 584 3497 menti
627 3440 977 3509 composizos,
1024 3438 1076 3490 in
1107 3437 1352 3490 solatium
1400 3432 1648 3487 Warocbi
1679 3433 1824 3486 abire
1856 3447 1992 3501 pra:-

416 3533 577 3602 cepit.
608 3531 934 3585 Adveniente
958 3537 1132 3582 autem
1165 3527 1466 3595 Beppoleno
1495 3540 1614 3578 cum
1656 3524 1720 3579 iis
1751 3525 1837 3592 qui
1870 3537 1992 3576 eum

419 3623 568 3693 sequi
601 3623 900 3687 voluerunt,
931 3628 1200 3675 certamen
1251 3618 1389 3684 iniit,
1448 3619 1748 3686 multosque
1794 3630 1889 3685 per
1920 3617 2000 3667 bi—

420 3712 583 3766 duum
614 3711 682 3764 de
711 3711 971 3765 Britannis
1000 3724 1062 3762 ac
1091 3708 1387 3764 Saxonibus
1415 3705 1792 3773 suprascriptis
1833 3703 1998 3757 intor-

424 3806 576 3857 emit.
630 3802 941 3856 Recesserat
980 3803 1122 3853 enim
1164 3799 1232 3853 ab
1260 3813 1324 3854 eo
1352 3796 1711 3852 Ebracltarius
1741 3809 1861 3850 cum
1892 3809 2002 3848 ma-

421 3892 525 3963 jori
555 3907 711 3946 manu
734 3934 748 3957 ,
791 3906 888 3944 nec
913 3890 976 3944 ad
1008 3904 1128 3943 eum
1158 3889 1412 3942 accedere
1455 3888 1643 3953 voluit,
1665 3887 1838 3940 donec
1867 3886 2004 3938 in-e-

425 3995 688 4055 remptum
717 3982 942 4037 audiret.
977 3982 1067 4036 Die
1091 3989 1268 4035 autem
1301 3979 1456 4033 tertio
1482 3993 1602 4032 cum
1626 3977 1738 4047 jam
1761 3977 1849 4045 qui
1881 3992 2000 4030 cum

425 4093 489 4131 eo
510 4086 661 4131 erant
685 4075 1132 4138 interﬁcerentur,
1159 4079 1317 4137 atque
1365 4073 1475 4138 ipse
1510 4069 1779 4123 sauciatus
1812 4067 1999 4123 lancea

427 4179 759 4236 repugnaret,
807 4151 1132 4220 irruentibus
1181 4179 1338 4229 super
1383 4177 1506 4216 eum
1559 4161 1826 4215 Waroclto
1875 4173 1996 4213 cum

427 4257 773 4326 supradictis,
812 4254 1193 4309 interfecerunt
1220 4267 1339 4307 eum
1367 4269 1378 4304 :
1421 4251 1707 4305 incluserat
1734 4249 1875 4303 enim
1907 4263 2001 4302 eos

429 4352 570 4406 inter
595 4349 864 4420 angustias
892 4348 1091 4401 viarum
1115 4355 1270 4412 atque
1307 4344 1545 4411 paludes,
1578 4342 1629 4395 in
1659 4340 1851 4408 quibus
1881 4355 1997 4393 rna-

428 4448 508 4517 gis
537 4447 644 4499 luto
670 4446 826 4508 necti,
851 4457 1008 4510 quam
1038 4440 1210 4509 gladio
1237 4437 1480 4492 trucidati
1527 4443 1682 4490 sunt.
1731 4432 1939 4487 Ebraclt
1961 4451 2005 4478 ι-

431 4537 544 4590 rius
589 4550 714 4589 vero
756 4547 927 4600 usque
960 4531 1196 4584 Venetos
1239 4529 1426 4582 urbem
1478 4523 1743 4579 accessit:
1793 4525 2007 4577 miserat

2097 3349 2241 3418 prius
2271 3346 2575 3409 transierat,
2608 3357 2851 3397 metuens
2881 3357 2974 3411 per
2997 3341 3132 3394 viam
3162 3340 3304 3393 illam
3331 3353 3432 3407 qua
3457 3343 3676 3392 venerat

2096 3437 2328 3508 regredi,
2362 3450 2428 3491 ne
2454 3435 2588 3489 forte
2613 3434 2748 3487 mala
2772 3449 2889 3503 qua:
2931 3433 3130 3486 fecerat
3158 3437 3447 3500 pateretur,
3475 3427 3540 3482 ad
3570 3425 3679 3480 An-

2096 3531 2347 3600 degavam
2377 3527 2562 3583 urbem
2592 3528 2795 3596 dirigit,
2830 3525 3103 3579 Meduana;
3154 3523 3406 3576 torrentis
3447 3529 3471 3564 κ
3506 3535 3678 3588 expe-

2099 3631 2217 3677 tens
2250 3620 2411 3693 495
2450 3631 2708 3690 paritem:
2753 3619 2846 3672 sed
2895 3631 3052 3684 parva
3108 3631 3228 3683 qua:
3273 3615 3417 3682 prius
3475 3611 3683 3666 transiit

2100 3729 2306 3777 manus,
2339 3713 2403 3766 ad
2429 3713 2598 3780 ipsum
2627 3726 2784 3781 quem
2828 3707 3028 3779 praelati
3073 3722 3257 3762 sumus
3289 3717 3528 3776 pontem,
3557 3719 3682 3774 spo-

2100 3804 2232 3872 liati,
2258 3804 2382 3858 caasi
2412 3812 2467 3857 et
2496 3803 2560 3856 ad
2593 3817 2752 3856 omne
2777 3801 3009 3856 dedecus
3037 3809 3162 3854 sunt
3185 3798 3405 3854 redacti.
3438 3797 3539 3851 Per
3574 3796 3684 3850 Τυ-

2102 3894 2342 3948 ronicum
2371 3908 2500 3948 vero
2545 3900 2904 3957 transeuntes,
2965 3892 3171 3960 prmdas
3215 3898 3435 3958 agentes
3488 3887 3683 3941 multos

2102 3983 2563 4052 exspoliavernnt;
2603 3983 2944 4052 inopinantes
2969 3982 3109 4034 enim
3139 3987 3452 4048 repererant
3481 3976 3684 4031 incolas

2106 4074 2230 4130 loci.
2265 4074 2409 4128 Multi
2438 4083 2612 4127 tamen
2646 4074 2712 4126 de
2743 4074 2841 4126 hoc
2863 4072 3103 4125 exercitu
3135 4070 3199 4123 ad
3225 4069 3684 4122 Guntrhramnutu

2107 4179 2287 4233 regem
2335 4173 2699 4228 accesserunt,
2733 4163 2972 4217 dicentes
3001 4162 3125 4230 quia
3177 4159 3533 4213 Ebracliarius
3580 4157 3686 4211 dux

2106 4271 2168 4309 ac
2197 4254 2580 4310 Uviliacbarius
2621 4268 2824 4316 comes,
2867 4260 3084 4321 accepta
3129 4249 3352 4318 pecunia
3392 4249 3459 4301 ab
3493 4245 3687 4302 Waro-

2106 4352 2229 4414 clm,
2254 4347 2545 4403 exercitum
2582 4345 2756 4415 perire
2792 4343 3066 4399 fecissent.
3097 4342 3209 4409 Qua
3241 4340 3311 4396 de
3337 4353 3498 4395 causa
3525 4339 3688 4393 Ebra-

2108 4440 2322 4493 cbarius
2356 4447 2727 4506 przesentatus,
2764 4435 2987 4491 multum
3017 4434 3274 4489 conviciis
3296 4440 3446 4487 actus
3486 4446 3516 4484 a
3541 4443 3691 4499 rege,

2108 4547 2138 4596 a
2173 4533 2453 4600 praesentia
2479 4530 2596 4598 ejus
2626 4529 2907 4584 discedere
2947 4528 3127 4599 jussus
3174 4537 3276 4593 εει,
3324 4520 3695 4589 Uviliacliariq

432 4630 572 4682 enim
603 4627 666 4678 ad
693 4641 813 4678 eum
843 4625 1050 4677 obviam
1083 4623 1364 4690 episcOpus
1408 4619 1599 4688 regalis
1630 4616 1855 4671 clericos
1884 4632 1990 4670 suo:

2117 4626 2310 4678 comite
2344 4638 2436 4691 per
2465 4623 2611 4691 fugas
2653 4622 2916 4676 latitante.

432 4735 554 4773 cum
583 4717 743 4788 494
788 4715 1034 4768 crucibus
1078 4722 1132 4766 et
1161 4713 1457 4781 psallentio,
1511 4726 1598 4779 qui
1630 4724 1723 4764 eos
1749 4723 1918 4778 usque
1945 4710 2010 4761 ad

434 4811 617 4862 urbem
662 4807 1014 4860 deduxerunt.
1049 4803 1313 4857 Ferebant
1350 4803 1512 4856 etiam
1543 4801 1759 4868 quidam
1787 4814 1852 4854 eo
1876 4809 2012 4853 tem-

438 4914 586 4967 pore,
620 4895 756 4964 quod
793 4892 1088 4946 Warocbns
1118 4892 1169 4945 in
1206 4891 1403 4945 insulas
1435 4889 1615 4959 fugere
1645 4889 1864 4958 cupiens
1890 4903 2012 4943 cum

511 5060 534 5084 °
566 5052 711 5113 Bec.,
733 5047 1030 5119 jndiratum
1055 5056 1126 5100 est
1155 5045 1421 5119 Tetradiw.

515 5120 540 5156 ιι
567 5121 688 5172 Bec.
721 5118 777 5172 et
806 5118 1017 5182 Regum,
1047 5119 1280 5173 incestos.
1312 5118 1458 5171 Colb.
1493 5132 1589 5181 m.,
1617 5119 1812 5174 incesti.
1840 5122 2015 5177 Incer-

443 5201 546 5245 tus.
582 5191 630 5241 id
659 5200 738 5242 est
765 5187 994 5255 spurius.

517 5270 539 5297 ε
580 5260 758 5329 Oritur
785 5272 948 5329 prope
995 5255 1320 5308 Rohanniam
1350 5255 1403 5329 in
1438 5255 1722 5329 AVenetensi
1771 5260 2009 5329 dioecesi,

442 5340 600 5394 atque
627 5329 677 5401 in
708 5328 1059 5401 Vicinoniain,
1082 5339 1208 5401 seu,
1250 5336 1322 5401 ut.
1349 5327 1504 5401 hodie
1551 5326 1760 5401 dicitur,
1791 5326 2013 5401 vegeta;

447 5393 608 5461 ηίιέηι,
644 5398 779 5470 haud
817 5397 1046 5470 procula
1082 5394 1244 5448 Ponte
1283 5393 1515 5470 Qprbino
1543 5395 1747 5460 deﬂuit,
1777 5410 1830 5454 et
1859 5393 2011 5470 Vulgo

445 5471 637 5521 dicitur
666 5468 879 5520 l‘Aoust.
924 5465 1074 5520 Unde
1105 5465 1345 5540 nonnulli
1387 5477 1710 5540 recentiores
1735 5465 2008 5540 antiqutun

449 5553 640 5591 nomen
691 5546 1056 5600 mutaverunt,
1104 5535 1241 5587 hunc
1286 5534 1503 5588 ﬂuvium
1541 5537 1823 5608 Augustum
1867 5534 2013 5598 voci-

444 5620 641 5663 tantes.

516 5675 545 5714 d
584 5678 736 5741 Quod
785 5675 988 5729 scilicet
1029 5675 1200 5743 primo
1232 5673 1300 5748 in
1359 5672 1677 5748 Britanniam
1734 5680 2007 5748 majorem,

465 5747 480 5799 i
526 5753 589 5798 de
623 5749 760 5799 hunc
793 5759 992 5800 morem
1021 5746 1241 5798 mut-.ati
1268 5743 1845 5818 inerantirrupissem:
1873 5743 2009 5818 Quin

458 5825 511 5872 et
535 5818 796 5883 Saxones,
837 5825 894 5870 ut
939 5824 1081 5887 patet
1107 5831 1170 5870 cx
1201 5817 1357 5886 epist.
1383 5815 1414 5868 9
1444 5813 1535 5871 lib.
1569 5829 1658 5872 Vlll
1694 5813 2011 5890 Apollinaris

2189 4712 2253 4768 Χ.
2297 4717 2451 4767 Anno
2479 4709 2506 4749 δ
2533 4713 2692 4780 igitur
2716 4713 2924 4766 decimo
2953 4709 3141 4780 quinto
3161 4705 3491 4761 Childeberti
3523 4702 3693 4774 regis,

2117 4805 2315 4876 quiest
2343 4803 2727 4858 Guntcliramni
2781 4817 2952 4856 nonus
3007 4812 3164 4867 atque
3211 4799 3512 4860 vicesimus,
3566 4795 3693 4855 dum

2118 4894 2231 4965 ipse
2258 4893 2691 4949 Guntcbramnus
2735 4907 2824 4946 rex
2868 4907 2962 4961 per
2993 4889 3256 4957 Vosagnm
3304 4888 3492 4940 silvam
3534 4900 3696 4950 vena;

2115 5051 2520 5114 Sidonii,'more
2551 5051 2844 5102 Brittonnm
2874 5046 3011 5099 tonsi
3049 5053 3220 5099 erant.
3267 5043 3348 5097 'Be
3391 5042 3690 5096 Brittonnm

2119 5113 2337 5176 tonsura
2364 5121 2450 5175 adi
2483 5119 2748 5174 Iabillou.
2783 5120 2834 5172 in
2868 5115 3013 5180 praef.
3047 5130 3172 5168 svi-r.
3206 5131 3263 5175 ut
3293 5117 3412 5169 Act.
3445 5115 3539 5170 SS.
3570 5113 3690 5184 0rd,

2119 5193 2303 5254 nostri,
2336 5201 2470 5260 part.
2504 5206 2550 5256 t,
2594 5205 2653 5243 ea
2682 5189 2747 5240 de
2770 5204 2830 5260 re
2858 5186 3023 5240 fusius
3045 5186 3419 5260 disserentem.

2150 5272 2212 5385 b°
2254 5255 2347 5317 Sic
2365 5255 2545 5314 (iasin.
2567 5275 2580 5324 ;
2603 5259 2805 5322 catleri,
2834 5267 3182 5326 cessummque
3212 5267 3285 5310 est
3313 5255 3505 5309 abillo.
3541 5255 3694 5326 Bec.,

2205 5347 2283 5385 eo.

2113 5347 2307 5455 “(eoin
2331 5399 2516 5470 Regni.
2545 5400 2718 5462 deest,
2749 5399 2895 5453 multi

2192 5481 2218 5519 ι
2258 5461 2536 5534 Meduana,
2579 5473 2628 5526 la
2661 5469 2930 5541 Mayeune,
2967 5468 3152 5522 ﬂuvius
3181 5477 3281 5541 est,
3309 5461 3575 5541 qtiem‘ob
3602 5476 3692 5541 ras.

2120 5543 2391 5611 piditatetn
2442 5532 2728 5607 Gregorius
2751 5532 3060 5594 "torrentem
3085 5532 3359 5611 appeltat.
3403 5532 3606 5611 ρι’ξιιινΔ
3633 5534 3689 5589 in

2117 5600 2458 5675 Cenomanis,
2503 5600 2558 5665 et
2597 5614 2797 5680 aliquot
2825 5611 2940 5665 aliis
2974 5600 3384 5666 ﬂuviis-auctus,
3414 5600 3548 5655 inira
3580 5605 3690 5658 Αης

2121 5683 2381 5737 deaavum
2407 5683 2577 5737 Liceri
2612 5691 2884 5736 miscetur.

2128 5698 2381 5749 aegavum
2407 5698 2577 5750 Ligeri
2612 5698 2884 5736 miscetur.

2128 5751 2303 5876 “li-Is
2331 5763 2414 5808 est
2438 5769 2526 5807 an.
2558 5752 2684 5807 590.
2739 5752 2896 5807 Deest
2944 5749 3053 5803 hoc
3081 5756 3234 5827 caput
3279 5746 3328 5814 in
3372 5744 3526 5814 Cplb.
3561 5756 3612 5815 ε,
3640 5749 3696 5816 et

2153 5833 2242 5884 ’διν
