3966 6348
307 303 411 358 εει

1211 303 1526 358 HISTORIA
1570 303 2017 360 FRin’iﬂiilIM.
2064 305 2265 359 LIBER
2309 305 2626 364 DECIMUS.

3491 311 3596 369 5ιί

312 424 430 471 tum
461 414 559 470 htit
611 415 1027 471 rcsxmcctionis
1073 414 1347 480 indicium,
1393 417 1532 486 quod
1578 417 1756 471 Elisaai
1798 416 1907 487 (IV
1937 422 1988 480 Α
2013 417 2089 471 dit
2123 418 2463 488 Unigenitnm
2508 420 2698 474 Filium
2734 420 2855 487 Dei,
2890 429 3068 478 tamen
3105 430 3500 479 resurrecturus
3541 424 3596 479 in

315 507 452 576 Reg.
484 522 598 571 xm,
625 506 720 574 ει)
774 520 894 561 ossa
927 515 1150 576 tangens
1178 507 1496 561 exStiuctum
1521 507 1768 569 cadaver,
1801 507 1906 562 vir-

313 598 446 650 tutis
467 597 657 650 effectu
692 597 942 650 revixerit
972 613 986 651 :
1017 595 1158 666 quod
1181 595 1347 665 ipsius
1375 597 1602 661 Domini,
1625 598 1789 668 498
1816 597 1908 668 qui

312 700 404 742 est
437 689 825 759 primogenitus
858 698 1214 753 mortuorum,
1249 701 1572 744 resurrectio
1602 691 1910 745 manifesta-

315 783 432 833 vit:
463 781 552 849 qui
585 780 741 834 tnorti
776 791 1002 834 mortem
1032 779 1231 844 intulit,
1276 790 1325 834 et
1358 781 1426 834 de
1455 781 1702 849 sepulcro
1745 781 1907 836 vitam

313 872 544 925 mortuis
574 870 878 924 reformavit
908 870 1091 940 (Apoc.
1141 887 1179 933 ι,
1214 870 1290 941 5).
1319 871 1397 924 Ad
1444 871 1557 925 hinc
1585 872 1861 942 presbyter
1892 889 1906 926 :

312 964 475 1029 Quod
509 963 764 1018 Dominus
810 964 861 1017 in
894 974 1173 1032 assumpto
1205 964 1422 1019 homine
1466 973 1706 1019 mortuus
1751 963 1911 1018 fuerit

311 1069 379 1108 ac
407 1054 781 1112 resurrexerit.
810 1069 915 1106 non
947 1053 1162 1122 ambigo
1192 1070 1204 1104 :
1239 1053 1368 1106 illud
1395 1063 1592 1121 tamen,
1622 1054 1761 1122 quod
1788 1053 1911 1108 reli-

311 1146 406 1212 qui
435 1155 719 1213 resurgant
751 1144 970 1206 mortui,
1003 1159 1106 1196 non
1136 1142 1382 1196 admitto.
1410 1145 1475 1197 Et
1496 1159 1594 1210 ego
1625 1161 1638 1197 :
1691 1144 1754 1197 Et
1791 1158 1911 1212 qua:

313 1236 417 1289 fuit
456 1237 751 1290 necessitas
777 1235 911 1288 Filio
944 1233 1036 1287 Dei
1066 1233 1134 1288 de
1161 1233 1299 1286 caelo
1321 1232 1668 1297 descendere,
1695 1249 1908 1287 carnem

315 1343 620 1390 assumere,
673 1337 900 1381 mortem
931 1325 1103 1388 adire,
1134 1322 1342 1379 inferna
1373 1334 1675 1393 penetrare,
1707 1326 1812 1381 nisi
1856 1336 1914 1380 ut

313 1419 593 1473 hominem
653 1433 809 1486 quem
864 1419 1250 1486 p'asmaverat,
1313 1431 1416 1469 non
1469 1416 1806 1482 permitteret
1858 1417 1910 1471 in

275 1564 283 1570 ,
314 1521 493 1566 morte
523 1519 780 1579 perpetua
810 1506 1150 1576 derelinqui?
1183 1506 1288 1562 Sed
1319 1516 1372 1560 et
1398 1508 1665 1575 justorum
1696 1506 1911 1583 animai,

312 1618 437 1671 qua:
460 1617 628 1670 usque
660 1601 961 1669 passionem
993 1598 1110 1668 ejus
1152 1598 1398 1652 iulernali
1453 1596 1721 1667 ergastulo
1765 1605 1914 1651 tene-

314 1696 513 1747 bantur
535 1692 780 1758 iuclu~te,
803 1707 868 1745 eo
891 1692 1135 1744 veniente
1159 1689 1349 1742 laxatae
1374 1696 1515 1742 sunt.
1544 1687 1673 1741 Nam
1700 1689 1914 1741 descen-

2011 525 2255 578 corpore,
2287 525 2342 565 ut
2371 512 2546 573 ipsum
2573 513 2912 581 supplicium,
2947 517 2999 567 in
3035 525 3142 583 quo
3185 515 3424 582 peccavit
3472 530 3598 570 cor-

2012 616 2162 671 pore,
2197 606 2448 670 patiatur.
2477 603 2586 658 Nec
2629 605 2768 658 enim
2802 615 2974 674 potest
2999 605 3255 674 judicium
3303 605 3440 672 fieri,
3490 605 3596 660 nisi

2011 692 2160 761 prius
2184 703 2464 764 resurgant
2494 697 2688 750 mortui
2720 714 2734 749 :
2762 697 2884 765 quia
2912 697 3048 750 sicut
3073 698 3191 751 illos
3235 698 3323 766 qui
3355 696 3595 752 defuncti

2011 794 2148 838 sunt
2166 787 2358 847 sancti,
2392 785 2610 850 caelum,
2646 795 2702 839 ut
2723 786 3010 848 credimus,
3042 787 3253 848 retinet,
3279 787 3345 840 de
3367 802 3593 852 quorum

1964 934 1973 941 _
2012 876 2275 943 sepulcris
2304 878 2499 946 sacpius
2529 877 2697 930 virtus
2728 878 2812 930 illa
2847 878 3117 946 procedit,
3153 886 3208 930 ut
3254 877 3319 930 de
3360 877 3440 929 his
3469 877 3596 931 caeci

2013 967 2400 1032 illuminentur,
2432 967 2604 1022 claudi
2633 984 2879 1036 gressum
2911 970 3193 1036 recipiant,
3225 968 3419 1035 leprosi
3443 983 3599 1022 mun-

2013 1057 2227 1122 dentur,
2258 1067 2314 1112 et
2341 1059 2443 1113 alia
2471 1059 2757 1113 sanitatum
2808 1060 3066 1115 beneﬁcia
3114 1060 3335 1114 infirmis
3365 1060 3600 1126 petenti-

2015 1147 2112 1202 bus
2142 1150 2464 1214 tribuantur,
2514 1149 2585 1204 ita
2634 1150 2902 1204 credimus
2947 1159 3002 1205 et
3053 1162 3356 1219 peccatores
3401 1151 3451 1203 in
3507 1149 3600 1203 illo

2016 1239 2263 1295 infernali
2292 1255 2510 1297 carcere
2540 1257 2704 1311 usque
2730 1244 2793 1296 ad
2811 1242 3068 1311 judicium
3091 1242 3330 1297 retineri.
3365 1242 3430 1295 Et
3449 1256 3600 1310 pres-

2015 1330 2169 1400 byter
2197 1334 2271 1385 ait
2298 1349 2312 1384 :
2344 1333 2398 1386 In
2430 1335 2634 1402 psalmo
2685 1343 2860 1388 autem
2918 1334 3143 1403 legimus
3171 1350 3186 1386 :
3219 1335 3443 1400 Spiritus
3490 1349 3601 1403 per-

2016 1422 2216 1475 transiit
2264 1422 2326 1475 ab
2381 1423 2604 1487 homine,
2656 1434 2700 1477 et
2751 1441 2855 1477 non
2909 1426 3038 1490 erit;
3082 1435 3128 1479 et
3182 1441 3284 1478 non
3337 1431 3601 1496 coynoscet

2015 1515 2236 1580 amplius
2265 1514 2432 1566 locum
2458 1531 2605 1567 suum
2653 1512 2940 1584 (Psal.cu,
2988 1514 3093 1583 16).
3148 1517 3256 1584 Ego
3301 1515 3409 1569 dixi
3443 1533 3455 1566 :
3492 1514 3602 1568 lloc

2017 1604 2264 1672 estquod
2293 1605 2406 1672 ipse
2441 1605 2698 1659 Dominus
2744 1622 2839 1675 per
2887 1607 3193 1674 parabolam
3246 1608 3312 1660 ad
3359 1607 3598 1672 divitem,

2019 1694 2105 1761 qui
2137 1694 2365 1748 ﬂammis
2398 1695 2644 1749 tartareis
2670 1697 3028 1761 cruciabatur,
3057 1696 3268 1750 dicebat
3303 1713 3315 1749 :
3353 1696 3601 1766 Ilecepisti

314 1786 451 1839 deus
479 1785 545 1836 ad
582 1785 800 1846 inferos,
830 1783 954 1835 dum
1004 1783 1251 1835 tenebras
1297 1797 1430 1834 nova
1485 1783 1599 1834 luce
1649 1779 1899 1850 perfudit,
1935 1794 1982 1851 Β
2009 1795 2063 1838 ιιι
2093 1786 2223 1838 bona
2249 1786 2300 1838 in
2318 1786 2420 1838 vita
2449 1796 2558 1852 tua,
2581 1785 2815 1839 similiter
2831 1796 2877 1839 et
2896 1786 3121 1840 Lazarus
3148 1787 3284 1838 mata
3309 1784 3458 1852 (Luc.
3490 1800 3598 1849 xvi,

313 1880 526 1930 animas
549 1892 733 1930 eorum
758 1891 963 1937 secum,
991 1890 1057 1928 ne
1081 1874 1180 1927 hoc
1203 1874 1345 1928 exitu
1368 1874 1596 1937 amplius
1615 1873 1909 1926 cruciaren-

315 1981 426 2036 tur,
460 1970 658 2031 eduxit,
702 1968 851 2038 juxta
899 1967 1052 2031 illud,
1087 1966 1150 2019 Et
1176 1968 1480 2033 insepulcro
1506 1967 1617 2030 eius
1645 1977 1907 2034 resurgent

314 2063 528 2115 mortui.
565 2061 631 2115 Et
662 2052 937 2129 presbyter
981 2059 1053 2111 ait
1087 2075 1100 2110 :
1132 2056 1374 2125 Nunquid
1420 2063 1640 2124 possunt
1689 2070 1807 2109 ossa
1853 2054 1907 2108 in

316 2145 554 2211 favillam
581 2155 794 2207 redacta
839 2152 1031 2205 iterum
1055 2151 1315 2215 animari,
1348 2162 1400 2204 et
1424 2148 1694 2203 hominem
1725 2151 1901 2202 viven-

316 2259 427 2302 tem
458 2246 735 2316 proferre?
765 2246 826 2297 Et
857 2258 956 2313 ego
1008 2241 1258 2309 respondi
1290 2257 1301 2292 :
1329 2240 1436 2294 Nos
1466 2238 1735 2293 credimus
1786 2238 1906 2306 quia

317 2339 614 2407 quamlibet
645 2337 696 2390 in
742 2336 1015 2404 pulverem
1049 2332 1320 2400 redigatur
1349 2330 1532 2394 homo,
1564 2337 1619 2381 et
1645 2329 1816 2397 aquis,
1845 2343 1909 2381 ac

319 2445 478 2488 terra:
506 2433 644 2487 venti
680 2429 896 2483 violenti
919 2429 1122 2496 impetu
1145 2427 1503 2494 dispergatur,
1536 2439 1640 2476 non
1670 2424 1740 2476 sit
1769 2422 1909 2476 diffi-

317 2527 421 2579 cile
453 2526 560 2580 Deo
582 2522 785 2576 haecad
818 2521 975 2574 vitam
1004 2517 1330 2572 resuscitari.
1368 2516 1656 2584 Presbyter
1685 2529 1910 2582 respon-

317 2621 422 2673 dit:
441 2618 533 2671 Ilic
551 2617 782 2670 innxime
808 2629 903 2668 vos
923 2627 1103 2668 errare
1127 2620 1274 2681 puto,
1296 2620 1350 2663 ιιι
1370 2624 1611 2663 asserere
1633 2607 1810 2662 verbis
1833 2607 1909 2661 le-

319 2711 478 2764 nibus
511 2707 727 2762 tentetis
756 2705 1072 2760 acerrimam
1118 2703 1505 2766 seductionetn,
1541 2710 1597 2753 ut
1644 2700 1832 2753 dicatis
1877 2714 1906 2752 a

317 2800 504 2855 bt'S'iiS
535 2808 772 2865 raptum,
823 2797 975 2864 aquis
1005 2795 1332 2854 immersum,
1390 2794 1614 2860 piscium
1670 2790 1908 2844 faucibus

317 2896 661 2956 devoratum,
695 2893 746 2944 in
775 2900 980 2943 stercus
1012 2887 1308 2951 redactum,
1343 2896 1394 2938 et
1417 2901 1511 2954 per
1539 2896 1802 2937 secretum
1830 2882 1910 2934 di-

318 2984 579 3049 ue-stionis
609 2981 860 3048 ejectum,
891 2987 981 3030 aut
1009 2980 1160 3046 aquis
1207 2977 1506 3029 labentibus
1538 2974 1641 3030 [Αἰ.
1695 2976 1907 3028 latenti-

318 3077 442 3145 bus)
475 3078 764 3144 dejectnm,
796 3085 884 3125 aut
926 3083 1065 3125 terra
1117 3079 1581 3138 computresceute
1624 3069 1905 3134 abolitum,

2008 1876 2120 1946 23).
2151 1876 2264 1930 Non
2295 1890 2471 1930 autem
2503 1879 2752 1944 cognovit
2780 1877 2934 1932 dives
2981 1878 3070 1931 ille
3105 1892 3362 1945 purpuras
3397 1893 3522 1929 suas
3550 1887 3599 1929 et

2009 1967 2251 2037 byssum,
2285 1984 2384 2022 nec
2412 1967 2636 2022 delicias
2682 1968 2944 2032 convivii,
2973 1982 3106 2037 quas
3148 1969 3193 2022 ei
3228 1970 3308 2023 vel
3351 1984 3465 2031 aer,
3517 1969 3598 2020 vel

2011 2070 2173 2124 terra,
2207 2060 2290 2113 vel
2320 2075 2468 2113 mare
2500 2060 2822 2125 protulerat;
2855 2061 2995 2114 sicut
3022 2075 3123 2114 nec
3154 2060 3384 2114 Lazarus
3414 2060 3600 2125 vulne-

2012 2168 2090 2215 ra,
2121 2161 2213 2204 aut
2247 2153 2555 2220 putre-lines
2585 2166 2718 2220 quas
2744 2151 2931 2219 jacens
2961 2163 3087 2205 ante
3126 2151 3240 2220 ejus
3264 2153 3454 2219 januas
3483 2167 3600 2220 per-

2011 2241 2246 2302 ferebat,
2277 2255 2395 2294 cum
2432 2242 2518 2296 hic
2561 2243 2611 2294 in
2642 2243 2762 2296 sinu
2814 2241 3040 2296 Abrahae
3087 2243 3468 2309 requiesceret,
3515 2242 3601 2296 ille

2009 2346 2186 2391 autem
2239 2335 2571 2390 cruciaretur
2615 2337 2669 2390 in
2699 2335 2948 2390 flammis.
3011 2336 3297 2406 Presbyter
3336 2334 3471 2391 dixit
3502 2353 3515 2388 :
3544 2338 3599 2391 In

2009 2428 2113 2480 atio
2144 2428 2350 2495 psalmo
2382 2429 2627 2496 legimus,
2663 2428 2796 2494 Quia
2823 2428 2945 2480 eatiit
2972 2428 3183 2487 spiritus
3212 2444 3409 2492 eorum,
3446 2437 3491 2480 et
3518 2443 3602 2481 re-

2009 2529 2228 2572 vertetur
2259 2520 2310 2571 in
2339 2530 2525 2572 terram
2551 2534 2722 2581 suam;
2767 2521 2822 2572 in
2872 2520 2966 2572 illa
3015 2521 3098 2572 die
3144 2522 3376 2586 peribunt
3427 2532 3600 2572 omnes

2011 2609 2340 2677 cogitationes
2361 2623 2536 2660 eorum
2565 2608 2738 2678 (I’sal.
2763 2623 2921 2672 cxtv,
2947 2607 3027 2678 4).
3051 2607 3132 2662 Ad
3161 2608 3273 2661 hazc
3289 2623 3388 2678 ego
3419 2624 3432 2658 :
3457 2608 3600 2664 Bene

2011 2701 2112 2754 ais.
2149 2701 2281 2766 Quia
2310 2715 2430 2754 cum
2460 2714 2709 2768 egressus
2756 2701 2917 2754 luerit
2944 2700 3012 2754 ab
3038 2701 3253 2754 homine
3282 2701 3522 2769 spiritus,
3548 2709 3601 2755 et

2007 2792 2237 2860 jacuerit
2267 2807 2464 2860 corpus
2495 2803 2796 2856 mortuum,
2830 2808 2933 2846 non
2963 2794 3163 2861 cogitat
3183 2793 3251 2847 de
3277 2793 3358 2846 his
3398 2809 3518 2860 quae
3547 2792 3600 2847 in

2011 2889 2208 2942 mundo
2237 2888 2468 2953 reliouit,
2499 2904 2560 2942 ac
2587 2891 2631 2942 si
2660 2890 2807 2942 verbi
2858 2903 3017 2942 causa
3063 2888 3210 2941 dicas
3241 2905 3254 2942 :
3287 2887 3400 2940 Non
3457 2885 3602 2956 cogi-

2014 2988 2089 3033 tat
2117 2979 2404 3046 aaditicarc,
2457 2980 2719 3048 plantare,
2751 2994 2936 3048 agrum
2967 2979 3250 3041 excolere;
3285 2979 3446 3050 500
3494 2993 3601 3031 non

2013 3073 2215 3140 cogitat
2257 3085 2587 3142 congregare
2615 3087 2826 3138 aurum,
2875 3080 3184 3139 argenturm,
3234 3074 3316 3126 vel
3367 3074 3600 3141 reliquas

263 3221 266 3223 Α
319 3169 383 3220 ad
419 3168 866 3222 resurrectionem
899 3176 1200 3219 venturum.
1231 3165 1309 3218 Ad
1343 3165 1454 3217 lucc
1485 3178 1584 3232 ego
1611 3163 1861 3232 respondi
1891 3179 1904 3219 :
1936 3159 1980 3218 C
2012 3164 2224 3218 divitias
2253 3164 2455 3217 mundi.
2491 3163 2658 3217 Periit
2700 3165 2843 3218 enim
2882 3164 2997 3218 base
3021 3165 3272 3233 cogitatio
3300 3181 3329 3216 a
3374 3180 3601 3234 corpore

317 3258 580 3312 Uidivioni
607 3258 744 3327 apud
767 3267 817 3311 te
842 3255 1086 3310 traditum
1117 3263 1219 3317 est,
1274 3263 1331 3307 ut
1359 3254 1567 3322 opinor,
1599 3255 1721 3324 quid
1745 3252 1910 3308 Joan-

267 3398 274 3402 _
319 3366 416 3402 nes
443 3349 766 3417 evangelista
799 3362 959 3415 super
987 3355 1173 3416 pectus
1202 3344 1532 3399 Dominicum
1565 3344 1905 3409 recumbens,

265 3491 268 3494 .
320 3455 382 3493 ac
421 3440 583 3493 divini
616 3439 858 3509 mysterii
889 3453 1079 3492 arcana
1115 3438 1348 3501 rimans,
1383 3436 1432 3488 iu
1467 3437 1785 3505 Apocalypsi
1823 3435 1906 3488 di-

318 3544 404 3586 cat
438 3552 446 3583 :
481 3532 642 3591 Tunc,
675 3530 867 3600 inquit,
912 3530 1087 3583 reddet
1112 3545 1248 3581 mare
1299 3523 1522 3580 mortuos
1562 3543 1680 3581 suos
1722 3527 1901 3595 (Apoc.

317 3641 410 3687 xx,
443 3623 548 3693 13).
575 3624 729 3679 Unde
759 3622 1096 3676 manifestum
1120 3629 1223 3684 est,
1256 3621 1374 3689 quia
1405 3619 1658 3688 quidquid
1690 3619 1907 3672 humani

317 3715 561 3785 corporis
593 3715 754 3784 piscis
783 3715 1076 3775 absorbuit,
1111 3715 1222 3767 ales
1255 3713 1448 3779 rapuit,
1486 3712 1651 3765 bestia
1684 3710 1908 3779 dt'glllli-

319 3812 414 3868 vit,
448 3823 477 3861 a
508 3810 734 3863 Domino
765 3808 1106 3872 conjunctum
1155 3807 1205 3859 iu
1257 3806 1703 3858 resurrectionem
1755 3818 1910 3871 repa-

318 3901 543 3955 randum
573 3902 674 3953 erit
707 3916 719 3950 :
752 3902 874 3965 quia
909 3914 1010 3951 non
1044 3897 1148 3951 erit
1176 3897 1225 3950 ei
1258 3897 1475 3949 dil‘ticde
1503 3896 1704 3963 perdita
1751 3909 1904 3962 repa-

318 4006 460 4058 rare,
490 3991 577 4061 qui
606 4007 668 4044 ex
700 3990 862 4042 nihilo
895 4004 1000 4041 non
1033 3997 1153 4041 nata
1184 3987 1385 4041 creavit
1418 4004 1430 4039 :
1463 3987 1556 4040 sed
1593 3986 1662 4038 ita
1698 3985 1811 4038 haec
1853 3984 1904 4037 iu

319 4083 677 4151 integritatem
705 4081 896 4144 solida,
927 4080 1065 4133 sicut
1091 4077 1236 4146 prius
1266 4077 1495 4144 fuerant,
1525 4076 1817 4144 reparabit,
1851 4087 1906 4129 ut

318 4188 512 4241 Corpus
534 4174 670 4242 quod
703 4174 797 4227 fuit
829 4175 880 4225 in
906 4172 1122 4237 mundo,
1173 4180 1260 4224 aut
1297 4185 1507 4239 pmnam
1537 4173 1685 4239 juxta
1741 4171 1906 4226 meti-

317 4275 429 4317 tum
462 4265 617 4327 ferat,
647 4274 738 4318 aut
782 4264 1027 4329 gloriam.
1063 4264 1150 4316 Sic
1197 4263 1339 4316 enim
1392 4263 1506 4328 ipse
1556 4263 1812 4316 Dominus
1853 4263 1905 4315 in

319 4353 609 4421 Evangelio
636 4353 708 4406 ait
742 4370 754 4406 :
790 4352 954 4423 499
987 4354 1117 4419 Quia
1162 4349 1334 4406 Filius
1382 4353 1600 4404 hominis
1642 4355 1806 4406 veniet
1853 4354 1906 4405 in

314 4445 484 4516 gloria
520 4443 690 4497 Patris
719 4449 796 4498 sui
820 4462 935 4497 cum
964 4445 1158 4513 angelis
1185 4444 1311 4507 suis,
1351 4452 1403 4495 ut
1431 4444 1610 4496 reddat
1641 4444 1908 4512 unicuique

2011 3267 2244 3321 mortuo,
2297 3257 2421 3326 quia
2455 3273 2558 3309 non
2589 3265 2671 3310 est
2703 3254 2920 3323 spiritus
2951 3257 3002 3308 in
3033 3269 3119 3309 eo.
3154 3255 3257 3310 Sed
3289 3256 3412 3323 quid
3445 3265 3498 3308 tu
3528 3257 3598 3310 de

2010 3347 2409 3401 resurrectione
2438 3347 2674 3412 dubitas,
2703 3359 2860 3414 quam
2884 3345 3080 3399 Paulus
3111 3344 3380 3414 apostolus
3410 3345 3460 3398 in
3490 3362 3598 3415 quo

2008 3438 2143 3506 ipse,
2178 3449 2237 3493 ut
2266 3439 2360 3495 ait.
2393 3438 2639 3494 Christus
2673 3438 3015 3499 loquebatur.
3043 3437 3323 3491 evidenter
3344 3440 3600 3508 exprimit

2007 3533 2191 3586 dicens
2216 3549 2228 3585 :
2258 3531 2554 3599 Consepulti
2580 3531 2715 3584 enim
2741 3546 2919 3584 sumus
2941 3529 3144 3584 Christo
3170 3544 3260 3598 per
3287 3529 3600 3597 baptismum

2007 3627 2058 3678 in
2077 3634 2290 3678 mortem
2307 3639 2324 3677 :
2343 3633 2396 3676 ut
2418 3624 2550 3676 sicut
2580 3623 2666 3676 ille
2693 3631 2925 3675 mortuus
2951 3629 3045 3685 est,
3072 3629 3119 3673 et
3142 3622 3437 3684 resurrexit,
3459 3622 3531 3673 ita
3553 3632 3599 3675 et

2009 3734 2102 3770 ﬂt'8
2121 3717 2173 3769 in
2202 3717 2420 3769 novitate
2438 3717 2550 3768 vitae
2570 3714 2885 3768 ambulemus
2900 3725 2910 3774 (
2927 3715 3076 3767 Rom.
3095 3730 3164 3778 vr,
3184 3714 3260 3781 4).
3294 3713 3356 3766 Ει
3376 3715 3597 3767 iterum:

2013 3808 2198 3859 Omnes
2209 3806 2765 3876 auidemresurgemus,
2782 3807 2869 3859 sed
2889 3821 2991 3858 non
3013 3822 3186 3859 omnes
3200 3807 3597 3860 immutabinmr.

2010 3895 2166 3950 Canet
2199 3914 2333 3951 enim
2364 3909 2503 3961 tuba,
2529 3909 2573 3952 et
2607 3899 2793 3951 mortui
2815 3911 3076 3967 resurgant
3103 3900 3405 3966 incorrupti,
3434 3909 3476 3948 et
3508 3913 3600 3950 nos

2009 3990 2387 4043 iinmutabimur
2418 3990 2465 4059 (Ι
2493 3990 2613 4044 Cor.
2643 3989 2854 4060 xv,5l).
2885 3991 2949 4043 Et
2979 3994 3170 4044 iterum
3198 4009 3209 4041 :
3247 3989 3411 4044 Stella
3433 3997 3600 4040 autem

2009 4081 2178 4142 dsiert
2211 4098 2242 4133 a
2268 4081 2416 4133 stella
2438 4084 2492 4134 in
2521 4082 2770 4148 claritate,
2792 4082 2865 4135 sic
2881 4092 2926 4134 et
2949 4083 3251 4136 resurrectio
3279 4093 3598 4133 mortuorum

2009 4169 2176 4240 (Ibid.
2210 4170 2437 4237 xv,/H).
2485 4170 2610 4224 Item
2659 4170 2784 4236 illic,
2811 4171 3108 4224 Seminatur
3149 4172 3198 4222 in
3253 4171 3598 4238 corruptione,

2008 4270 2181 4331 surget
2237 4263 2287 4313 in
2325 4261 2709 4328 incorruptione
2768 4261 2928 4331 (Ibid.
2982 4277 3071 4325 xv,
3103 4260 3219 4329 42),
3271 4272 3324 4313 ει
3371 4262 3595 4330 reliqua.

2013 4356 2138 4408 Item
2169 4354 2294 4419 illic,
2327 4352 2514 4406 Omnes
2537 4369 2628 4405 nos
2651 4354 3003 4420 reprazsentari
3025 4360 3219 4408 avertet
3237 4361 3356 4402 ante
3377 4352 3598 4405 tribunal

2010 4446 2306 4511 Cltristi,_ul
2353 4449 2543 4515 referat
2572 4447 2916 4514 unusquisque
2957 4447 3167 4514 propria
3217 4445 3446 4514 corporis
3495 4448 3596 4512 sui,

315 4539 593 4591 secundum
620 4553 771 4607 Opera
797 4554 891 4589 sua
917 4536 1137 4606 (Matth.
1168 4535 1432 4605 "53:27).
1465 4534 1568 4589 Sed
1601 4548 1655 4590 et
1699 4536 1904 4589 Martha
1938 4527 1987 4585 D
2013 4548 2163 4607 prout
2205 4539 2381 4608 gessit,
2413 4536 2514 4590 sive
2553 4536 2740 4589 bonum
2765 4538 2867 4591 sive
2913 4538 3106 4591 malum
3132 4537 3216 4608 (II
3247 4537 3366 4592 Cor.
3399 4553 3450 4601 v,
3489 4539 3596 4607 10).

315 4648 438 4686 eum
467 4634 534 4686 de
560 4631 953 4685 resurrectione
988 4632 1234 4691 przcsenti
1261 4629 1437 4682 fratris
1480 4629 1662 4684 Lazari
1687 4629 1903 4683 dubita-

313 4735 418 4790 ret,
445 4725 518 4777 ait
548 4741 560 4777 :
594 4724 713 4778 Scio
735 4724 855 4792 quia
887 4731 1114 4789 resurget
1139 4721 1190 4772 in
1229 4721 1596 4773 resurrectione
1644 4721 1698 4773 in
1739 4720 1907 4772 novis-

313 4818 444 4868 sima
467 4816 549 4867 die
570 4812 747 4883 (Joan.
781 4829 854 4881 ιιι,
880 4812 995 4883 24).
1022 4811 1118 4866 Cui
1151 4811 1404 4863 Dominus
1427 4812 1500 4864 ait
1527 4827 1538 4862 :
1565 4811 1676 4879 Ego
1699 4827 1812 4863 sum
1827 4826 1908 4865 re-

313 4911 578 4972 surrectio,
609 4910 708 4972 via,
733 4920 917 4962 veritas
971 4914 1016 4959 et
1049 4907 1152 4960 vita
1183 4903 1345 4974 (Ibid.
1377 4920 1451 4969 xl,
1494 4904 1606 4972 25).
1656 4903 1738 4958 Ad
1793 4905 1908 4958 haec

317 5002 599 5071 presbyter
631 5019 644 5055 :
675 4999 954 5066 Quomodo
985 5007 1160 5052 antem
1193 4997 1246 5052 in
1275 4998 1479 5070 psalmo
1507 4997 1736 5060 dicitur,
1774 4995 1906 5063 Quia

313 5112 416 5147 non
456 5103 730 5163 resurgunt
760 5093 906 5159 impii
943 5091 994 5142 in
1031 5091 1232 5159 judicio
1278 5089 1448 5160 (Psal.
1484 5105 1517 5153 ι,
1553 5087 1648 5154 5)?
1695 5088 1760 5141 Et
1807 5102 1906 5157 ego

315 5185 568 5253 respondi
599 5203 611 5236 :
645 5184 755 5237 Non
785 5193 1069 5250 resurgunt
1100 5190 1150 5232 ut
1180 5181 1446 5249 judicent,
1498 5178 1589 5231 sed
1622 5189 1910 5246 resurgunt

257 5271 268 5276 ’
315 5287 370 5329 ιιι
398 5275 725 5340 judicentur.
755 5275 862 5327 Nec
884 5273 1024 5326 enim
1059 5273 1246 5326 sedere
1270 5280 1388 5323 'cum
1424 5271 1598 5337 impiis
1616 5269 1778 5338 judex
1809 5284 1906 5336 p0-

317 5377 442 5432 test,
473 5379 664 5421 causas
693 5381 914 5419 suorum
946 5364 1250 5419 redditurus
1279 5371 1514 5416 actutum.
1549 5363 1611 5415 Et
1639 5362 1729 5415 ille
1758 5379 1770 5412 :
1807 5362 1908 5414 Do-

313 5465 513 5527 minus,
541 5462 737 5531 inquit,
771 5463 820 5514 in
854 5460 1142 5528 Evangelia
1163 5457 1317 5521 dixit,
1354 5457 1452 5521 Qui
1480 5472 1579 5508 non
1608 5455 1902 5518 crediderit,

314 5557 421 5622 iam
438 5554 705 5626 judicatus
736 5563 805 5606 est
837 5552 1018 5621 (Joan.
1048 5565 1128 5614 ιιι,
1157 5550 1243 5618 18)
1271 5566 1284 5603 :
1317 5549 1498 5617 utique
1541 5547 1661 5616 quia
1709 5546 1909 5614 peribit

313 5645 718 5704 restirrectioni.
757 5644 823 5698 Et
869 5659 968 5713 ego
1016 5641 1264 5710 respondi
1299 5657 1314 5695 :
1343 5639 1624 5695 Judicatus
1654 5651 1734 5694 εει
1763 5644 1906 5694 enim

316 5749 371 5792 ιιι
402 5736 468 5790 ad
500 5736 820 5805 supplicium
845 5744 1104 5790 aeternum
1128 5733 1426 5798 perveniat,
1451 5732 1700 5800 quianon
1731 5731 1907 5788 credi-

2008 4631 2087 4684 Ad
2145 4628 2650 4685 Thessalonicenses
2677 4641 2877 4695 autem,
2922 4631 3319 4686 evidentissima
3365 4628 3594 4685 futuram

2010 4722 2456 4777 resurrectionem
2504 4721 2748 4789 designat
2787 4721 2971 4775 dicens
3002 4738 3017 4774 :
3045 4720 3182 4774 Nolo
3229 4738 3312 4774 nos
3364 4722 3599 4788 ignorare

2012 4814 2075 4868 de
2109 4813 2498 4880 dormientibus,
2532 4825 2584 4866 ut
2614 4829 2712 4866 non
2736 4813 3127 4874 contristemiui,
3173 4814 3305 4865 sicut
3345 4821 3392 4864 et
3429 4814 3596 4866 ctetcri

2009 4908 2098 4974 qui
2127 4921 2267 4967 spem
2300 4923 2400 4959 non
2426 4904 2629 4958 habent.
2679 4904 2738 4958 Si
2767 4905 2900 4956 enim
2946 4902 3222 4968 credimus,
3269 4902 3407 4971 quod
3445 4903 3597 4955 Jesus

2011 5009 2244 5050 mortuus
2275 5006 2347 5051 est
2376 5007 2425 5050 et
2447 4998 2745 5060 resurrexit,
2775 4997 2844 5046 ita
2869 4993 3007 5046 Deus
3046 5008 3128 5044 eos
3157 4993 3244 5060 qui
3282 4993 3596 5055 dormierunt

2010 5107 2097 5160 per
2119 5088 2294 5142 Jesuin
2316 5089 2382 5157 ad
2403 5094 2532 5138 lucet
2561 5103 2676 5139 cum
2704 5101 2785 5138 eo.
2823 5084 2935 5137 Hoc
2961 5084 3094 5136 enim
3125 5085 3264 5136 vobis
3299 5084 3516 5137 dicimus
3545 5087 3597 5136 in

2009 5179 2156 5231 verbo
2190 5177 2416 5238 Domini,
2440 5177 2558 5243 quia
2587 5191 2679 5228 nos
2704 5175 2789 5243 qui
2815 5175 3047 5236 vivimus,
3073 5175 3159 5244 qui
3180 5175 3372 5228 residui
3399 5190 3595 5238 sumus,

2011 5270 2061 5322 in
2092 5269 2309 5321 adventu
2346 5267 2551 5320 Domini
2583 5283 2683 5320 non
2728 5267 3086 5337 pru’vcnicmus
3129 5283 3211 5320 eos
3241 5267 3328 5336 qui
3376 5267 3598 5319 dormie-

2012 5373 2151 5416 runt.
2183 5361 2440 5425 Quoniam
2468 5360 2574 5430 ipse
2605 5361 2854 5415 Dominus
2897 5362 2950 5414 in
2986 5365 3136 5431 jussu
3178 5369 3224 5413 et
3266 5362 3320 5412 in
3351 5375 3468 5411 voce
3507 5374 3597 5408 ur-

2010 5453 2265 5525 changeIi,
2291 5462 2336 5506 et
2366 5455 2416 5506 in
2449 5455 2568 5506 tuba
2603 5453 2695 5507 Dei
2738 5453 3001 5506 descendet
3040 5455 3102 5506 de
3134 5452 3278 5516 calo,
3324 5460 3373 5503 et
3412 5449 3598 5500 marini

2011 5547 2100 5615 qui
2137 5547 2187 5597 in
2219 5542 2422 5598 Christo
2464 5553 2580 5596 sunt
2609 5554 2869 5615 resnrgent
2920 5547 3117 5608 primi:
3148 5540 3331 5593 deinde
3373 5555 3464 5592 nos
3511 5540 3598 5607 qui

2010 5637 2244 5699 vivimus,
2274 5637 2361 5700 qui
2395 5636 2750 5704 relinquimur,
2783 5637 2936 5689 simul
2977 5636 3232 5705 rapiemur
3266 5648 3380 5685 cum
3412 5633 3515 5685 illis
3543 5649 3598 5688 sn

2014 5729 2230 5785 nubibus
2254 5729 2448 5783 obviam
2481 5727 2704 5788 Domino
2725 5729 2776 5782 in
2807 5744 2952 5790 aera,
2975 5737 3019 5780 et
3048 5725 3121 5780 sic
3142 5739 3339 5787 semper
3358 5739 3474 5787 cum
3495 5723 3598 5782 Do-
