3966 6348
409 419 509 478 537

768 545 834 584 υ
845 541 1055 584 ικιτωιι
1084 541 1268 582 ιυυιοιι
1301 539 1610 580 EARUMDEI.

484 623 622 679 XVI.
652 641 670 674 ι
700 623 918 677 Βοιιιηίε
939 619 1331 687 gloriosissimis
1360 619 1598 687 regibus,
1628 609 1864 685 episcopi
1892 615 1982 682 qui

412 715 712 769 adfuerunt.
767 714 997 781 Propitia
1028 710 1338 772 divinitate,
1383 710 1484 776 piis
1521 719 1680 773 atque
1709 707 1987 761 catholicis

413 807 611 876 populo
637 807 776 860 datis
818 803 1170 874 principibus,
1205 805 1398 872 quibus
1426 815 1678 854 concessa
1701 810 1784 854 est
1814 801 1986 869 regio,

416 899 714 954 rectissime
740 913 866 952 suas
893 911 1082 951 causas
1113 894 1363 965 patefacit
1389 893 1575 963 religio
1601 909 1614 946 :
1648 891 1947 961 intelligens
1971 930 1988 954 ,

418 999 759 1044 sacrosancto
802 989 1146 1056 participante
1180 985 1419 1053 Spiritu,
1467 999 1654 1038 eorum
1696 982 1788 1052 qui
1815 981 1994 1036 domi-

420 1090 613 1135 nantnr
640 1095 699 1134 se
726 1081 918 1134 sociari
951 1090 1004 1132 et
1031 1075 1360 1132 constabiliri
1394 1075 1631 1128 decreto.
1679 1073 1746 1127 Et
1773 1073 1896 1143 quia
1928 1088 1993 1126 ex

420 1171 664 1241 iussione
705 1172 983 1239 pmestatis
1018 1179 1234 1232 vesme,
1267 1182 1387 1221 cum
1417 1165 1482 1219 ad
1515 1164 1781 1218 Pictavam
1812 1163 1998 1217 civita-

421 1272 526 1315 tem
559 1276 658 1329 pro
677 1260 1074 1314 conditionibus
1105 1257 1412 1311 manasserii
1445 1264 1644 1308 sanctae
1670 1253 1998 1308 recordatio-

424 1356 506 1407 nis
546 1353 890 1421 Badegundis
927 1367 1306 1413 convenimus,
1354 1358 1410 1401 ut
1450 1349 1822 1402 altercationes
1858 1348 1999 1399 inter

425 1444 746 1498 abbatissam
775 1443 1011 1509 ejusdem
1055 1440 1386 1495 monasterii.
1420 1439 1502 1492 vel
1536 1437 1842 1504 monachas,
1883 1453 2001 1502 qua:

429 1535 497 1588 de
537 1549 655 1601 ipso
693 1548 851 1601 grege
899 1549 1002 1586 non
1046 1532 1244 1585 salubri
1280 1531 1667 1584 deliberatione
1710 1543 2004 1597 progressae

427 1633 592 1688 sunt,
647 1624 776 1692 ipsis
834 1621 1257 1690 disceptantibus
1314 1634 1609 1690 agnoscere
1663 1619 2000 1672 deberemus.

437 1714 685 1769 Evocatis
730 1713 988 1781 partibus,
1055 1713 1377 1782 interrogata
1442 1709 1749 1764 Cbrodieldi
1788 1708 1872 1762 vel
1905 1709 2008 1762 Ba-

426 1809 546 1858 sina
571 1814 618 1871 ι,
651 1820 814 1874 quare
837 1813 941 1857 tam
971 1805 1224 1857 audacter
1250 1812 1431 1856 contra
1463 1817 1614 1856 suam
1642 1801 1898 1870 regulam,
1931 1801 2009 1854 fo-

1397 412 1455 468 S.
1501 409 1824 466 GREGORII
1870 407 2168 462 EPlSCOi‘l
2215 401 2644 460 'l‘CRONENSlS
3563 384 3667 437 5i3

2011 527 2060 581 Α
2087 519 2384 572 (sationibus
2412 516 2608 580 retulit,
2650 512 2743 568 sed
2771 512 2835 565 ad
2863 508 3154 578 iussionem
3183 505 3558 574 episcoporum
3589 518 3672 554 rc-

2090 611 2334 681 prontisit
2360 654 2376 674 ,
2425 611 2633 664 cervice
2665 623 2723 662 se
2750 607 2939 660 inllexa
2971 619 3064 672 per
3095 599 3484 670 paenitentiam,
3514 598 3672 667 quid-

2089 703 2214 774 quid
2256 703 2541 774 juberetur
2579 701 2824 770 implere.
2878 698 2952 751 De
2991 695 3250 750 conviviis
3292 693 3451 747 etiam
3483 691 3576 754 ait,
3614 704 3678 745 se

2091 799 2289 852 nullam
2348 809 2536 848 novam
2594 794 2788 847 fecisse
2839 788 3316 846 consuetudinem,
3373 784 3475 837 nisi
3534 782 3675 835 sicut

2091 898 2267 942 actum
2297 899 2382 942 est
2415 887 2514 940 sub
2545 886 2736 939 domna
2783 881 3141 950 'iadegunde;
3185 893 3244 932 se
3271 874 3593 930 Christianis
3619 871 3680 924 fl-

2093 979 2299 1032 delibus
2329 977 2571 1046 eulogias
2606 975 2888 1036 obtulisse,
2934 987 3033 1025 nec
3063 969 3163 1024 sibi
3195 966 3530 1034 comprobari
3555 979 3679 1019 cum

2095 1069 2200 1123 illis
2242 1070 2508 1123 ullatenus
2562 1066 2898 1120 convivasse.
2958 1064 3031 1116 De
3083 1061 3422 1130 Sponsalibus
3467 1071 3684 1128 quoque

2096 1162 2190 1225 ait,
2221 1176 2401 1214 coram
2439 1158 2710 1224 pontifice,
2759 1157 2908 1211 clero
2937 1152 3370 1217 vel'senioribus,
3406 1166 3501 1218 pro
3524 1160 3687 1215 nepte

2098 1267 2193 1305 sua
2240 1250 2534 1314 orpbauula
2575 1249 2766 1302 arrbas
2806 1248 3079 1314 accepisse
3109 1262 3122 1296 :
3152 1253 3205 1298 et
3245 1251 3424 1296 tamen
3473 1241 3518 1294 si
3569 1241 3686 1294 hzec

2100 1327 2253 1412 culpa
2301 1343 2392 1407 sit,
2423 1342 2634 1395 veniam
2664 1355 2724 1393 se
2765 1353 2948 1395 coram
2994 1337 3204 1392 cunctis
3236 1344 3417 1404 petere
3447 1335 3688 1402 professa

2101 1445 2221 1498 est;
2253 1443 2428 1487 tamen
2474 1446 2572 1486 nec
2602 1441 2728 1484 tunc
2766 1429 3068 1484 convivium
3109 1429 3161 1482 in
3195 1428 3518 1482 monasterio
3549 1425 3692 1479 fece-

2080 1514 2194 1578 'rit.
2233 1525 2308 1578 De
2354 1524 2493 1592 palla
2528 1523 2668 1592 quod
2720 1530 3058 1590 reputarent,
3107 1520 3326 1588 protulit
3369 1517 3688 1572 monacham

2105 1617 2335 1671 nobilem
2378 1631 2496 1685 qua:
2532 1616 2580 1670 ei
2615 1614 2895 1670 mafortem
2923 1612 2942 1652 τ
2969 1613 3356 1676 holosericum,
3404 1625 3564 1679 quem
3626 1611 3694 1664 de

2109 1709 2420 1778 parentibus
2475 1707 2689 1772 detulit,
2743 1705 2980 1760 muneris
3028 1718 3190 1758 causa
3239 1702 3589 1765 concesserit,
3640 1707 3697 1754 et

2111 1801 2235 1855 inde
2266 1811 2472 1869 partem
2496 1798 2834 1862 abscidisset,
2861 1796 2998 1850 unde
3027 1795 3165 1864 quod
3191 1793 3353 1848 vellet
3382 1802 3436 1847 et
3469 1793 3692 1855 faceret;

429 1896 578 1951 ribus
608 1895 917 1950 monasterii
947 1893 1264 1957 confractis,
1295 1892 1678 1957 discesserant,
1711 1901 1766 1944 et
1795 1889 1893 1944 hac
1921 1905 2012 1944 oc-
2038 1882 2085 1941 B
2112 1892 2181 1962 de
2224 1893 2430 1959 reliquo
2463 1905 2594 1944 vero
2621 1898 2877 1959 quantum
2906 1896 3264 1957 opportunum
3296 1885 3411 1953 fuit,
3445 1883 3509 1938 ad
3536 1898 3695 1938 orna-

429 1987 646 2042 casione
687 1985 1027 2055 congregatio
1054 1985 1283 2038 adunata
1329 1981 1551 2036 discissa
1598 1981 1690 2034 sit.
1737 1980 1868 2046 Quae
1899 1995 2014 2034 res-

434 2078 753 2147 poniletmes,
801 2076 1060 2145 professa:
1090 2085 1213 2129 sunt
1263 2073 1436 2140 lamis,
1473 2072 1751 2141 nuditatis,
1795 2072 2015 2139 insuper

437 2179 490 2222 et
537 2169 701 2222 caedis
746 2183 804 2222 se
835 2167 945 2234 jam
988 2181 1092 2222 non
1141 2165 1280 2220 ferre
1327 2164 1654 2234 periculum;
1701 2163 2016 2233 adjicieutes

436 2258 623 2322 etiam,
655 2274 718 2310 eo
744 2257 887 2327 quod
916 2257 1116 2311 diversi
1146 2255 1173 2294 δ
1199 2270 1381 2311 earum
1414 2255 1465 2309 in
1493 2255 1685 2309 balneo
1714 2254 2018 2319 lavarentur

442 2346 752 2415 incongrue,
794 2346 860 2398 ad
893 2345 1124 2398 tabulam
1157 2345 1269 2412 ipsa
1300 2343 1504 2407 luserit,
1548 2354 1706 2412 atque
1733 2343 2018 2397 sazculares

444 2451 564 2491 cum
596 2437 866 2490 abbatissa
898 2437 1198 2502 reficerent,
1231 2434 1391 2488 etiam
1422 2434 1687 2502 sponsalia
1719 2435 1770 2488 in
1804 2449 2019 2488 tuonas-

439 2529 579 2585 terio
638 2527 771 2582 facta
825 2527 966 2591 sint;
1028 2527 1095 2581 de
1150 2525 1286 2594 palla
1346 2525 1645 2580 holoserica
1702 2525 2019 2580 vestimenta

442 2619 587 2688 nepti
612 2628 635 2657 ο
665 2632 775 2672 sua:
798 2618 1079 2672 temerarie
1104 2615 1318 2681 fecerit;
1355 2616 1532 2669 foliola
1553 2631 1736 2680 aurea,
1766 2631 1884 2684 qua:
1910 2617 2024 2669 fue-

445 2719 564 2763 rant
593 2708 644 2763 iu
668 2723 797 2778 gyro
820 2707 999 2775 pallae,
1023 2707 1321 2761 inconsulte
1342 2706 1618 2760 sustulerit
1642 2714 1698 2760 et
1725 2705 1793 2759 ad
1826 2705 2021 2759 collum

444 2799 616 2866 neptis
660 2811 772 2850 suae
816 2798 1112 2850 facinorose
1159 2796 1530 2865 suspenderit;
1576 2796 1761 2849 vittam
1790 2796 1858 2851 de
1895 2812 2024 2851 auro

443 2897 775 2952 exornatam,
805 2888 978 2943 eidem
1015 2889 1159 2957 nepti
1187 2903 1299 2941 sua:
1325 2888 1597 2954 superﬂue
1625 2888 1806 2942 fecerit
1833 2906 1847 2954 ;
1898 2886 2022 2940 bar-

449 2983 684 3037 batorias
711 2977 738 3016 ά
761 2979 905 3036 intus
937 2995 1003 3034 eo
1041 2978 1182 3050 quod
1211 2979 1581 3034 celebraveit.
1634 2977 2027 3048 lnterrogantes

446 3076 794 3142 abbatissam,
852 3074 978 3145 quid
1033 3074 1100 3128 ad
1153 3072 1268 3128 hmc
1319 3073 1684 3142 responderet,
1743 3073 2027 3129 dixitzbe

449 3166 591 3219 fatue
618 3165 758 3234 quod
785 3173 1203 3233 conquerantur,
1253 3164 1542 3218 secundum
1584 3164 1724 3227 quod
1771 3163 2026 3232 temporis

2120 1991 2236 2037 tum
2269 1983 2454 2036 altaris
2505 1983 2697 2050 pallam
2728 1979 2993 2050 condigne
3035 1977 3366 2041 condiderit;
3412 1985 3467 2030 et
3503 1976 3573 2029 ile
3605 1974 3693 2027 illa

2120 2075 2407 2128 inscissura
2436 2089 2557 2142 quas
2588 2073 2745 2143 pallae
2772 2071 3057 2140 superfuit,
3083 2084 3371 2138 purpuram
3405 2067 3551 2134 nepti
3583 2081 3694 2120 Sua:

2117 2169 2171 2224 in
2205 2167 2380 2222 tunica
2411 2166 2670 2236 posuerit,
2698 2180 2857 2234 quam
2889 2163 2960 2217 ibi
2993 2161 3210 2218 dedisse
3247 2160 3401 2223 dixit,
3447 2175 3554 2229 quo
3584 2177 3698 2214 mo-

2118 2257 2356 2312 ttasterio
2410 2256 2629 2325 profuit,
2679 2270 2799 2324 qua:
2841 2269 2934 2323 per
2959 2256 3134 2310 omnia
3182 2254 3422 2309 donatrix
3471 2254 3698 2308 D'ditnia

2119 2347 2477 2403 continuavit.
2530 2347 2605 2400 De
2657 2345 2848 2399 foliolis
2877 2346 3058 2400 aureis
3101 2353 3155 2400 et
3192 2345 3315 2399 vitta
3360 2359 3491 2398 auro
3536 2360 3699 2399 exor-

2123 2452 2246 2495 nata
2277 2449 2327 2508 ε,
2360 2439 2664 2494 Macconem
2708 2438 2960 2492 famulum
2998 2447 3235 2491 vestrum
3277 2446 3594 2506 praesentem
3629 2451 3703 2490 :e-

2125 2541 2262 2586 stem
2293 2529 2571 2593 adhibuit,
2612 2543 2678 2582 eo
2709 2528 2846 2596 quod
2879 2543 2976 2597 per
3001 2543 3216 2581 manum
3263 2527 3379 2596 ejus
3408 2529 3475 2581 ab
3504 2542 3704 2596 spon<o

2123 2621 2312 2691 puellae
2356 2620 2623 2686 praedicta:
2665 2621 2844 2689 neptis
2885 2634 2997 2674 suae
3028 2619 3212 2689 viginti
3240 2619 3441 2674 solidos
3471 2619 3704 2686 accepit,

2125 2712 2266 2766 unde
2296 2711 2398 2766 hoc
2429 2710 2638 2779 publice
2663 2711 2868 2776 fecerit,
2901 2725 3000 2766 nec
3025 2711 3090 2765 de
3115 2726 3173 2765 re
3198 2710 3504 2764 monasterii
3540 2712 3703 2781 508

2124 2802 2414 2872 quidquam
2441 2801 2511 2855 ibi
2536 2801 2847 2870 permistum
2873 2801 2962 2854 sit.
2996 2801 3322 2870 Interrogata
3367 2799 3707 2855 Chrodieldis

2125 2909 2245 2947 cum
2271 2893 2486 2953 Basina,
2512 2894 2557 2946 si
2586 2892 2808 2946 forsitan
2834 2892 3033 2959 aliquid
3058 2892 3360 2960 abbatissae,
3383 2892 3523 2961 quod
3547 2893 3706 2959 absit,

2125 2983 2368 3037 adultern
2399 2991 2736 3050 reputarent,
2765 2983 2877 3036 sive
2905 2981 3030 3050 quid
3083 2982 3356 3036 homicidii
3388 2981 3471 3036 vel
3501 2981 3708 3036 maleli.

2127 3072 2193 3125 cii
2241 3071 2446 3137 fecerit,
2495 3080 2586 3124 aut
2626 3073 2827 3126 crimen
2881 3071 3113 3141 capitale
3159 3087 3264 3142 quo
3313 3083 3708 3140 percuteretur,

2130 3163 2424 3228 edicerent,
2478 3164 2864 3233 respondentes
2896 3164 3233 3233 protulerunt
3263 3180 3366 3219 non
3400 3166 3601 3220 habere
3627 3181 3712 3223 se

452 3255 674 3326 penuria
707 3257 1058 3324 permitteret.
1102 3270 1368 3322 nunquam
1402 3255 1531 3321 ipsa;
1562 3254 1780 3308 nimiam
1810 3264 2019 3324 egesta-
2054 3250 2100 3310 C
2133 3253 2352 3324 aliquid,
2396 3255 2495 3308 nisi
2534 3270 2627 3324 per
2656 3256 2770 3310 haec
2795 3271 2913 3325 quae
2957 3256 3205 3310 dixerant
3247 3271 3362 3311 eam
3393 3257 3492 3312 ista
3523 3256 3721 3313 fecisse

449 3357 554 3402 tem
587 3346 938 3416 pertulerunt.
980 3346 1055 3401 De
1081 3345 1399 3401 vestimento
1446 3361 1571 3401 vero
1609 3345 1743 3401 dixit
1772 3363 1787 3400 :
1817 3345 1874 3402 Si
1911 3348 2029 3415 quis

452 3452 635 3492 earnm
685 3436 969 3492 arcellulas
1016 3446 1370 3501 scrutaretur,
1424 3435 1655 3505 amplius
1690 3452 1784 3492 eas
1835 3438 2030 3492 habere

451 3544 611 3597 quam
668 3531 966 3584 necessitas
1010 3527 1293 3597 indigeret.
1333 3528 1410 3582 De
1459 3528 1644 3582 balneo
1682 3543 1832 3592 vero,
1872 3528 2031 3600 507

452 3619 593 3687 quod
625 3627 1012 3688 opponeretur,
1063 3618 1240 3672 retulit
1290 3619 1391 3672 hoc
1437 3618 1634 3672 factum
1676 3619 1866 3673 diebus
1893 3623 2036 3687 ρω-

456 3711 771 3776 dragesimae
806 3719 853 3776 ο,
888 3718 942 3762 et
975 3722 1071 3777 pro
1100 3709 1262 3764 calcis
1293 3708 1677 3774 amaritudine,
1711 3725 1776 3764 ne
1812 3710 2036 3763 lavanti-

457 3803 556 3854 bns
587 3808 804 3853 noceret
831 3800 1036 3853 novitas
1064 3799 1233 3868 ipsius
1263 3800 1500 3864 fabricae,
1528 3799 1752 3867 jussisse
1781 3801 2032 3855 domnam

458 3891 859 3962 Radegnndem.
902 3901 959 3947 ut
987 3891 1282 3947 servientes
1321 3895 1648 3959 monaSIerii,
1699 3895 1908 3964 publice
1937 3895 2037 3952 hoc

458 3986 756 4052 visitarent,
814 3984 986 4040 donec
1034 3984 1208 4040 omnis
1252 3985 1388 4040 odor
1431 3985 1657 4040 nocendi
1714 3986 2033 4043 discederet.

461 4074 614 4141 Quod
643 4090 737 4144 per
763 4075 1233 4147 Quadragesimam
1263 4089 1433 4145 usque
1472 4075 1538 4129 ad
1583 4076 1952 4131 Pentecostem
1983 4076 2037 4132 in

461 4181 561 4218 usu
602 4164 814 4220 famulis
855 4167 1033 4220 fuerit.
1075 4165 1156 4221 Ad
1197 4167 1311 4221 haec
1356 4163 1692 4221 Chrodieldis
1724 4166 2036 4237 respondit:

466 4256 532 4312 Et
560 4266 740 4325 postea
771 4257 1021 4313 similiter
1051 4257 1203 4312 multi
1235 4272 1331 4326 per
1358 4267 1598 4327 tempora
1629 4257 1892 4314 laverunt.
1937 4259 2041 4312 lte-

463 4347 584 4400 tulit
625 4346 893 4402 abbatissa
933 4361 992 4402 se
1031 4361 1130 4402 nec
1159 4347 1390 4417 probare
1416 4347 1558 4416 quod
1589 4346 1860 4414 dicerent,
1899 4359 1953 4402 et
1980 4363 2042 4404 se

464 4438 677 4491 nescire
703 4452 769 4490 an
803 4435 996 4491 factum
1027 4439 1118 4492 sit.
1154 4437 1258 4492 Sed
1285 4438 1459 4492 adhuc
1497 4437 1775 4506 inculpaus
1803 4440 2041 4506 easdem,

463 4526 608 4594 quod
638 4527 683 4580 si
708 4528 836 4596 ipsa:
866 4526 1146 4593 vidissent,
1175 4541 1270 4582 eur
1291 4528 1574 4583 abbatissae
1598 4543 1702 4582 non
1732 4529 2040 4598 proderent.

2130 3357 2314 3400 contra
2367 3346 2600 3415 regulam
2650 3347 3062 3415 proclamareut.
3114 3346 3192 3401 Ad
3243 3355 3566 3411 extremum,
3619 3365 3722 3412 pro

2133 3437 2366 3506 peccatis
2393 3437 2514 3506 quia
2545 3437 2774 3491 claustra
2817 3436 3057 3505 disrupta
3088 3448 3214 3493 sunt
3235 3451 3288 3494 et
3317 3440 3529 3495 miseris
3564 3440 3719 3496 lii-.uit

2133 3529 2251 3582 sine
2295 3528 2575 3596 disciplina
2605 3528 2893 3582 abbatissae
2913 3515 3033 3582 sua:
3073 3530 3214 3598 quod
3242 3530 3439 3584 vellent
3467 3533 3719 3585 commit-

2135 3626 2250 3673 tere
2281 3635 2376 3687 per
2408 3628 2484 3672 tot
2515 3621 2776 3672 mensium
2809 3618 3000 3687 spatia,
3029 3634 3158 3688 quas
3182 3621 3531 3675 credebamus
3562 3621 3722 3678 inuo-

2135 3716 2320 3763 centes
2369 3710 2700 3775 monachas,
2763 3709 2918 3763 nobis
2975 3711 3309 3777 protulerunt
3357 3723 3720 3781 prmgnanles.

2137 3797 2344 3864 Quibus
2385 3814 2478 3868 per
2505 3799 2748 3853 ordinem
2787 3799 3206 3866 discussis,.nec
3249 3801 3466 3855 invento
3495 3800 3724 3857 crimine

2137 3891 2280 3959 quod
2311 3892 2636 3946 abbatissam
2665 3891 2946 3961 di-jiceret,
2977 3893 3044 3947 de
3075 3893 3364 3948 levioribus
3403 3896 3582 3948 causis
3625 3911 3722 3962 pa-

2140 3991 2290 4037 terna
2314 3984 2734 4037 commonitione
2762 3984 3044 4037 contestati
3075 3998 3293 4046 sumus,
3325 3994 3382 4037 ut
3411 3983 3526 4037 haec
3548 3985 3725 4037 nulla-

2144 4083 2301 4128 tenus
2333 4073 2590 4143 deinceps
2620 4089 2716 4142 pro
2747 4074 3164 4143 reprehensioiie
3195 4085 3464 4144 repeteret
3488 4074 3540 4131 ιι.
3571 4077 3726 4133 Tunc

2143 4164 2297 4218 nobis
2329 4165 2790 4232 percunctantibus
2833 4180 3049 4220 causam
3089 4164 3334 4222 adversae
3371 4171 3557 4238 partis,
3603 4186 3730 4236 quae

2143 4254 2346 4324 majora
2378 4255 2601 4310 crimina
2629 4256 3032 4322 commiserunt,
3057 4256 3107 4310 id
3136 4268 3219 4312 est
3244 4273 3364 4327 qua:
3390 4260 3729 4327 praedicatio-

2146 4358 2269 4398 nem
2300 4344 2384 4398 sui
2413 4343 2713 4399 sacerdotis
2741 4343 2875 4398 infra
2907 4346 3290 4400 monasterium
3322 4362 3389 4400 tte
3420 4347 3564 4402 foras
3603 4365 3730 4418 pro-

2144 4435 2421 4502 cederent,
2469 4435 2851 4504 despexerunt,
2896 4437 3145 4503 pontilice
3187 4439 3521 4504 conculcata,
3576 4450 3631 4494 et
3675 4443 3730 4495 in

2146 4542 2358 4582 summo
2385 4536 2692 4597 contemptu
2739 4529 2791 4583 in
2823 4529 3152 4584 monasterio
3180 4529 3388 4584 relicto.
3440 4531 3732 4586 confractis

472 4618 548 4670 De
600 4617 773 4670 tabula
821 4616 956 4671 vero
1001 4618 1318 4704 respondit:
1349 4618 1417 4672 Et
1461 4620 1506 4674 si
1561 4618 1778 4674 lusisset
1833 4622 2044 4676 vivente
2073 4622 2125 4682 Ι)
2151 4621 2284 4675 seris
2310 4629 2364 4674 et
2385 4620 2582 4690 jannis,
2632 4621 2782 4675 irrito
2815 4604 2953 4676 facto
2982 4622 3363 4704 discesserunt,
3397 4633 3450 4678 et
3474 4623 3542 4677 ad
3570 4639 3730 4679 suum

465 4708 662 4761 domna
701 4706 1046 4777 Badegunde,
1095 4724 1155 4764 se
1193 4697 1370 4763 minus
1396 4710 1553 4780 culpa
1583 4712 1914 4780 respiceret;
1962 4724 2042 4768 ta-

468 4814 591 4854 men
622 4814 724 4855 ncc
749 4799 801 4855 iu
831 4800 1009 4871 regula
1039 4816 1136 4871 per
1161 4799 1482 4870 scripturam
1514 4802 1783 4871 prohiberi
1805 4844 1819 4869 ,
1862 4819 1962 4860 nec
1989 4803 2043 4859 in

541 4987 572 5051 ξ
592 4978 774 5051 Begm.
804 4987 859 5036 el
886 4977 1036 5051 Colb.
1059 4993 1158 5043 m.,
1191 4978 1403 5036 Sabina.

539 5047 568 5087 δ
598 5047 786 5120 Regio.
833 5059 886 5104 et
915 5050 1066 5116 Bad.,
1098 5053 1329 5114 diversae,
1369 5059 1422 5105 et
1453 5064 1529 5105 Stc
1569 5050 1701 5105 infra
1735 5065 1852 5118 qua:
1880 5049 1945 5103 ad
1991 5050 2040 5104 id

470 5130 808 5202 revocantur,
837 5121 1068 5174 femineo
1096 5136 1291 5190 genere
1335 5123 1723 5190 exprimuntur.
1781 5122 1925 5186 Bec.,
1959 5122 2041 5173 di-

468 5204 597 5241 urat
620 5206 810 5242 eorum.

547 5270 569 5333 ξ
596 5261 793 5333 Quines
815 5270 1007 5333 praeter
1034 5260 1154 5333 Bec.
1187 5273 1241 5316 et
1268 5260 1476 5331 chm.,
1505 5263 1690 5333 neptis.

493 5345 496 5347 ’
542 5327 572 5364 ά
604 5329 726 5402 Mss.
751 5329 807 5402 2,
838 5331 1176 5402 (turbatur-ias,
1219 5343 1267 5386 el
1296 5327 1507 5401 liégtn.,
1539 5327 1711 5399 inique
1735 5376 1748 5398 ,
1781 5350 1878 5402 pro
1904 5337 2041 5389 intus

470 5415 532 5453 eo
552 5401 710 5469 quod.
745 5401 1080 5472 Barbatorias
1102 5402 1396 5463 celebrare,
1427 5403 1475 5454 id
1503 5413 1585 5455 est
1611 5401 1790 5457 larvas
1803 5421 1898 5461 seu
1924 5423 2048 5472 per-

472 5485 632 5524 sonas
653 5485 830 5539 agere,
861 5470 1054 5524 barbas
1100 5473 1198 5525 sibi
1223 5472 1453 5537 aptando
1479 5488 1492 5524 :
1517 5487 1622 5537 quo
1665 5472 1718 5524 in
1769 5470 1950 5537 sensu,
1991 5483 2048 5528 ut

470 5543 719 5594 observat
763 5543 1054 5603 Alteserra,
1102 5541 1382 5595 Petronius
1412 5540 1847 5611 innFragmento:
1877 5543 2045 5597 Hodie

471 5625 645 5683 seruus
685 5627 824 5664 meus
881 5611 1223 5683 barbatoriam
1266 5612 1411 5677 facit.
1463 5610 1758 5683 Hinc’ludi
1806 5613 2042 5683 satyrici,

473 5682 613 5748 quod
646 5693 854 5735 actores
884 5681 1076 5734 barbas
1095 5718 1112 5744 ,
1157 5694 1305 5733 more
1330 5692 1630 5748 satyrorum
1660 5690 1714 5733 et
1738 5680 2039 5748 fauno'rum,

474 5759 531 5822 ut
566 5752 724 5821 vulgo
765 5764 796 5803 a
828 5751 1142 5822 pictoribus
1192 5751 1499 5817 finguntur,
1559 5750 1863 5822 deferrent;
1913 5769 2047 5822 quos

474 5819 680 5874 abusus
703 5821 838 5875 sacri
882 5834 1112 5874 canones
1148 5822 1341 5889 passim
1385 5820 1770 5891 proscripserit.
1800 5819 2044 5880 Coin'tius

2150 4720 2422 4780 peccatum
2454 4711 2574 4765 alite
2613 4720 2794 4766 tractte
2837 4721 3183 4780 transgressae
3229 4723 3351 4766 sunt
3383 4756 3392 4767 .
3429 4715 3646 4782 insuper
3675 4725 3734 4768 et

2150 4805 2530 4873 Gundegisilus
2577 4805 2834 4873 pontifex.
2867 4821 2986 4860 cum
3030 4811 3140 4859 suis
3170 4807 3582 4875 provincialibus
3634 4824 3735 4876 pro

2151 4979 2490 5037 tamen'banc
2523 4996 2706 5035 vocem
2735 4983 2951 5048 exponit
2981 4981 3048 5035 de
3074 4991 3190 5034 arte
3222 4981 3480 5035 tonsoria.

2174 5123 2185 5135 .
2224 5059 2384 5175 ‘IQIIO
2412 5064 2650 5120 tempore
2677 5066 2791 5104 mos
2828 5061 2944 5105 erat
2977 5067 3082 5105 non
3121 5051 3332 5104 lavandi
3361 5052 3430 5107 ob
3463 5052 3731 5110 [anniten-

2175 5138 2237 5175 ιω
2281 5132 2478 5175 nctum.

2149 5132 2237 5177 tia:
2260 5132 2478 5176 luctum.

2225 5193 2244 5232 ί
2275 5193 2472 5245 Mafors
2501 5189 2804 5246 vestimenti
2838 5190 3110 5253 amplioris
3140 5205 3307 5260 genus
3342 5200 3456 5245 erat
3484 5190 3730 5245 mulieri-

2153 5264 2248 5317 bus
2279 5265 2569 5332 propriu-n,
2613 5261 2945 5332 quodcaput
2984 5270 3039 5314 et
3074 5266 3329 5332 humeros
3369 5263 3600 5328 tegebat.
3653 5264 3730 5314 tte

2153 5335 2253 5387 hoc
2283 5329 2605 5386 Fortunatus
2646 5332 2698 5384 in
2731 5329 2846 5382 Vita
2877 5341 3074 5384 sancta:
3118 5331 3476 5398 liadegundis,
3529 5340 3640 5383 tum
3677 5333 3730 5384 in

2156 5405 2269 5456 Vita
2299 5401 2464 5456 sancti
2497 5401 2704 5454 Hilarii.
2761 5400 2960 5453 Eadem
2993 5415 3142 5462 voce,
3167 5404 3240 5454 uti
3270 5401 3559 5455 Cassianus
3584 5402 3678 5453 lib.
3710 5416 3728 5454 ι

2150 5473 2402 5533 Institut.,
2444 5486 2563 5537 Cap.
2596 5472 2649 5531 7.
2696 5478 2941 5533 testatur,
2972 5479 3180 5526 veteres
3211 5471 3430 5539 pallium
3475 5472 3734 5525 metiasti-

2151 5558 2270 5597 cum
2301 5543 2671 5610 designabant.

2222 5622 2246 5658 8
2280 5609 2493 5678 Quze’in
2522 5611 2734 5663 modum
2764 5623 2860 5662 cor
2883 5624 2981 5662 tum
3007 5609 3263 5678 disposita
3291 5609 3486 5666 deferri
3516 5610 3732 5664 solebat

2148 5697 2174 5734 a
2199 5697 2391 5746 sponsa
2425 5685 2552 5749 :qui
2579 5694 2694 5733 mus
2719 5679 2984 5748 hodieque
3011 5680 3061 5734 iu
3096 5682 3372 5737 nonnullis
3413 5681 3731 5750 regionibus

2154 5761 2479 5822 perseverat.

2218 5821 2245 5860 ⁵
2274 5822 2373 5876 Alii
2407 5822 2598 5875 liabcnt
2628 5829 2970 5886 cognosceret.
