  <div class='ocr_page' id='page_1' title='image "/cluster/home/n/w/nwhite01/storage/ocr_20150623/71/hvd.32044054758743/282.png"; bbox 0 0 3966 6348; ppageno 0'>
   <div class='ocr_carea' id='block_1_1' title="bbox 277 429 380 483">
    <p class='ocr_par' dir='ltr' id='par_1_1' title="bbox 277 429 380 483">
     <span class='ocr_line' id='line_1_1' title="bbox 277 429 380 483; baseline 0 -1"><span class='ocrx_word' id='word_1_1' title='bbox 277 429 380 483; x_wconf 68' lang='grc'><strong>549</strong></span> 
     </span>
    </p>
   </div>
   <div class='ocr_carea' id='block_1_2' title="bbox 1204 418 3536 476">
    <p class='ocr_par' dir='ltr' id='par_1_2' title="bbox 1204 418 3536 476">
     <span class='ocr_line' id='line_1_2' title="bbox 1204 418 3536 476; baseline -0.001 0"><span class='ocrx_word' id='word_1_2' title='bbox 1204 420 1520 476; x_wconf 61' lang='lat' dir='ltr'><strong>HISTORIA</strong></span> <span class='ocrx_word' id='word_1_3' title='bbox 1567 418 2008 474; x_wconf 58' lang='lat' dir='ltr'><strong>FRANCORL&#39;M.</strong></span> <span class='ocrx_word' id='word_1_4' title='bbox 2053 420 2253 473; x_wconf 61' lang='lat' dir='ltr'><strong>L‘Bllt</strong></span> <span class='ocrx_word' id='word_1_5' title='bbox 2298 418 2611 475; x_wconf 68' lang='lat' dir='ltr'><strong>DEClItIllS.</strong></span> <span class='ocrx_word' id='word_1_6' title='bbox 3430 418 3536 473; x_wconf 72' lang='grc'><strong>550</strong></span> 
     </span>
    </p>
   </div>
   <div class='ocr_carea' id='block_1_3' title="bbox 278 535 3530 610">
    <p class='ocr_par' dir='ltr' id='par_1_3' title="bbox 278 535 3530 610">
     <span class='ocr_line' id='line_1_3' title="bbox 278 535 3530 610; baseline -0.002 -14"><span class='ocrx_word' id='word_1_7' title='bbox 278 545 388 610; x_wconf 73' lang='grc' dir='ltr'><strong>ἱν-ει</strong></span> <span class='ocrx_word' id='word_1_8' title='bbox 443 554 602 594; x_wconf 87' lang='lat' dir='ltr'><strong>causa</strong></span> <span class='ocrx_word' id='word_1_9' title='bbox 650 537 1033 602; x_wconf 71' lang='lat' dir='ltr'><strong>commonitus,</strong></span> <span class='ocrx_word' id='word_1_10' title='bbox 1084 554 1177 604; x_wconf 89' lang='lat' dir='ltr'><strong>per</strong></span> <span class='ocrx_word' id='word_1_11' title='bbox 1219 539 1630 606; x_wconf 72' lang='lat' dir='ltr'><strong>prmceptionem</strong></span> <span class='ocrx_word' id='word_1_12' title='bbox 1678 552 1861 603; x_wconf 85' lang='lat' dir='ltr'><strong>regum</strong></span> <span class='ocrx_word' id='word_1_13' title='bbox 1891 538 1936 594; x_wconf 77' lang='grc' dir='ltr'><strong>Α</strong></span> <span class='ocrx_word' id='word_1_14' title='bbox 1969 551 2313 604; x_wconf 84' lang='lat' dir='ltr'><strong>personarum</strong></span> <span class='ocrx_word' id='word_1_15' title='bbox 2337 538 2510 604; x_wconf 85' lang='lat' dir='ltr'><strong>aliqua</strong></span> <span class='ocrx_word' id='word_1_16' title='bbox 2537 537 2844 603; x_wconf 90' lang='lat' dir='ltr'><strong>acceptione</strong></span> <span class='ocrx_word' id='word_1_17' title='bbox 2873 535 3204 603; x_wconf 82' lang='lat' dir='ltr'><strong>suggerimus</strong></span> <span class='ocrx_word' id='word_1_18' title='bbox 3236 535 3530 604; x_wconf 77' lang='lat' dir='ltr'><strong>peregisse.</strong></span> 
     </span>
    </p>
   </div>
   <div class='ocr_carea' id='block_1_4' title="bbox 281 627 1860 694">
    <p class='ocr_par' dir='ltr' id='par_1_4' title="bbox 281 627 1860 694">
     <span class='ocr_line' id='line_1_4' title="bbox 281 627 1860 694; baseline -0.005 -7"><span class='ocrx_word' id='word_1_19' title='bbox 281 633 510 687; x_wconf 84' lang='lat' dir='ltr'><strong>Pictavis</strong></span> <span class='ocrx_word' id='word_1_20' title='bbox 549 630 927 694; x_wconf 79' lang='lat' dir='ltr'><strong>acceSsissent,</strong></span> <span class='ocrx_word' id='word_1_21' title='bbox 969 638 1024 681; x_wconf 86' lang='lat' dir='ltr'><strong>et</strong></span> <span class='ocrx_word' id='word_1_22' title='bbox 1052 627 1116 680; x_wconf 89' lang='lat' dir='ltr'><strong>ad</strong></span> <span class='ocrx_word' id='word_1_23' title='bbox 1163 629 1486 682; x_wconf 73' lang='lat' dir='ltr'><strong>audientiam</strong></span> <span class='ocrx_word' id='word_1_24' title='bbox 1515 642 1608 682; x_wconf 89' lang='lat' dir='ltr'><strong>eas</strong></span> <span class='ocrx_word' id='word_1_25' title='bbox 1650 627 1715 680; x_wconf 90' lang='lat' dir='ltr'><strong>ad</strong></span> <span class='ocrx_word' id='word_1_26' title='bbox 1746 642 1860 680; x_wconf 88' lang='lat' dir='ltr'><strong>mo-</strong></span> 
     </span>
    </p>
   </div>
   <div class='ocr_carea' id='block_1_5' title="bbox 278 716 1862 785">
    <p class='ocr_par' dir='ltr' id='par_1_5' title="bbox 278 716 1862 785">
     <span class='ocr_line' id='line_1_5' title="bbox 278 716 1862 785; baseline -0.004 -10"><span class='ocrx_word' id='word_1_27' title='bbox 278 723 569 776; x_wconf 88' lang='lat' dir='ltr'><strong>nasterium</strong></span> <span class='ocrx_word' id='word_1_28' title='bbox 598 727 964 774; x_wconf 90' lang='lat' dir='ltr'><strong>convocarent</strong></span> <span class='ocrx_word' id='word_1_29' title='bbox 985 757 999 780; x_wconf 89' lang='lat'><strong>,</strong></span> <span class='ocrx_word' id='word_1_30' title='bbox 1031 717 1280 785; x_wconf 87' lang='lat' dir='ltr'><strong>despecta</strong></span> <span class='ocrx_word' id='word_1_31' title='bbox 1308 718 1746 781; x_wconf 84' lang='lat' dir='ltr'><strong>cotnmnnitione,</strong></span> <span class='ocrx_word' id='word_1_32' title='bbox 1783 716 1862 782; x_wconf 90' lang='lat' dir='ltr'><strong>ip-</strong></span> 
     </span>
    </p>
   </div>
   <div class='ocr_carea' id='block_1_6' title="bbox 278 807 1861 869">
    <p class='ocr_par' dir='ltr' id='par_1_6' title="bbox 278 807 1861 869">
     <span class='ocr_line' id='line_1_6' title="bbox 278 807 1861 869; baseline -0.005 -1"><span class='ocrx_word' id='word_1_33' title='bbox 278 815 353 868; x_wconf 88' lang='lat' dir='ltr'><strong>sis</strong></span> <span class='ocrx_word' id='word_1_34' title='bbox 395 811 804 869; x_wconf 77' lang='lat' dir='ltr'><strong>occurrentibus</strong></span> <span class='ocrx_word' id='word_1_35' title='bbox 831 809 898 863; x_wconf 89' lang='lat' dir='ltr'><strong>ad</strong></span> <span class='ocrx_word' id='word_1_36' title='bbox 941 810 1076 864; x_wconf 90' lang='lat' dir='ltr'><strong>beati</strong></span> <span class='ocrx_word' id='word_1_37' title='bbox 1122 809 1300 862; x_wconf 88' lang='lat' dir='ltr'><strong>llilarii</strong></span> <span class='ocrx_word' id='word_1_38' title='bbox 1331 811 1653 863; x_wconf 81' lang='lat' dir='ltr'><strong>contessoris</strong></span> <span class='ocrx_word' id='word_1_39' title='bbox 1683 807 1861 862; x_wconf 83' lang='lat' dir='ltr'><strong>basili-</strong></span> 
     </span>
    </p>
   </div>
   <div class='ocr_carea' id='block_1_7' title="bbox 279 899 1864 972">
    <p class='ocr_par' dir='ltr' id='par_1_7' title="bbox 279 899 1864 972">
     <span class='ocr_line' id='line_1_7' title="bbox 279 899 1864 972; baseline -0.005 -16"><span class='ocrx_word' id='word_1_40' title='bbox 279 920 418 966; x_wconf 88' lang='lat' dir='ltr'><strong>cam,</strong></span> <span class='ocrx_word' id='word_1_41' title='bbox 453 904 542 956; x_wconf 89' lang='lat' dir='ltr'><strong>ubi</strong></span> <span class='ocrx_word' id='word_1_42' title='bbox 590 904 721 972; x_wconf 72' lang='lat' dir='ltr'><strong>ipsa:</strong></span> <span class='ocrx_word' id='word_1_43' title='bbox 757 899 1232 954; x_wconf 85' lang='lat' dir='ltr'><strong>conunorahantur</strong></span> <span class='ocrx_word' id='word_1_44' title='bbox 1268 899 1606 962; x_wconf 83' lang='lat' dir='ltr'><strong>accedentes,</strong></span> <span class='ocrx_word' id='word_1_45' title='bbox 1652 907 1708 952; x_wconf 92' lang='lat' dir='ltr'><strong>ut</strong></span> <span class='ocrx_word' id='word_1_46' title='bbox 1736 913 1864 952; x_wconf 86' lang='lat' dir='ltr'><strong>con-</strong></span> 
     </span>
    </p>
   </div>
   <div class='ocr_carea' id='block_1_8' title="bbox 277 989 1861 1062">
    <p class='ocr_par' dir='ltr' id='par_1_8' title="bbox 277 989 1861 1062">
     <span class='ocr_line' id='line_1_8' title="bbox 277 989 1861 1062; baseline -0.006 -14"><span class='ocrx_word' id='word_1_47' title='bbox 277 995 432 1049; x_wconf 83' lang='lat' dir='ltr'><strong>decet</strong></span> <span class='ocrx_word' id='word_1_48' title='bbox 463 1002 734 1062; x_wconf 85' lang='lat' dir='ltr'><strong>pastorum</strong></span> <span class='ocrx_word' id='word_1_49' title='bbox 754 990 1190 1053; x_wconf 83' lang='lat' dir='ltr'><strong>sollicitudinem,</strong></span> <span class='ocrx_word' id='word_1_50' title='bbox 1218 989 1343 1042; x_wconf 90' lang='lat' dir='ltr'><strong>dum</strong></span> <span class='ocrx_word' id='word_1_51' title='bbox 1368 1000 1861 1051; x_wconf 88' lang='lat' dir='ltr'><strong>commonerentur,</strong></span> 
     </span>
    </p>
   </div>
   <div class='ocr_carea' id='block_1_9' title="bbox 282 1079 1860 1148">
    <p class='ocr_par' dir='ltr' id='par_1_9' title="bbox 282 1079 1860 1148">
     <span class='ocr_line' id='line_1_9' title="bbox 282 1079 1860 1148; baseline -0.003 -11"><span class='ocrx_word' id='word_1_52' title='bbox 282 1086 417 1138; x_wconf 90' lang='lat' dir='ltr'><strong>facta</strong></span> <span class='ocrx_word' id='word_1_53' title='bbox 445 1082 732 1147; x_wconf 87' lang='lat' dir='ltr'><strong>seditione,</strong></span> <span class='ocrx_word' id='word_1_54' title='bbox 783 1080 1016 1134; x_wconf 88' lang='lat' dir='ltr'><strong>fustibus</strong></span> <span class='ocrx_word' id='word_1_55' title='bbox 1046 1088 1152 1132; x_wconf 91' lang='lat' dir='ltr'><strong>tam</strong></span> <span class='ocrx_word' id='word_1_56' title='bbox 1194 1079 1470 1147; x_wconf 91' lang='lat' dir='ltr'><strong>pontiﬁces</strong></span> <span class='ocrx_word' id='word_1_57' title='bbox 1499 1095 1657 1148; x_wconf 90' lang='lat' dir='ltr'><strong>quam</strong></span> <span class='ocrx_word' id='word_1_58' title='bbox 1700 1079 1860 1132; x_wconf 84' lang='lat' dir='ltr'><strong>mini-</strong></span> 
     </span>
    </p>
   </div>
   <div class='ocr_carea' id='block_1_10' title="bbox 281 1171 1866 1235">
    <p class='ocr_par' dir='ltr' id='par_1_10' title="bbox 281 1171 1866 1235">
     <span class='ocr_line' id='line_1_10' title="bbox 281 1171 1866 1235; baseline -0.004 -8"><span class='ocrx_word' id='word_1_59' title='bbox 281 1185 428 1227; x_wconf 86' lang='lat' dir='ltr'><strong>stros</strong></span> <span class='ocrx_word' id='word_1_60' title='bbox 453 1182 477 1208; x_wconf 71' lang='grc'><strong><em>⁸</em></strong></span> <span class='ocrx_word' id='word_1_61' title='bbox 509 1173 836 1235; x_wconf 79' lang='lat' dir='ltr'><strong>affecerunt,</strong></span> <span class='ocrx_word' id='word_1_62' title='bbox 871 1180 927 1224; x_wconf 92' lang='lat' dir='ltr'><strong>et</strong></span> <span class='ocrx_word' id='word_1_63' title='bbox 966 1172 1100 1224; x_wconf 87' lang='lat' dir='ltr'><strong>intra</strong></span> <span class='ocrx_word' id='word_1_64' title='bbox 1133 1171 1405 1224; x_wconf 86' lang='lat' dir='ltr'><strong>basilicam</strong></span> <span class='ocrx_word' id='word_1_65' title='bbox 1455 1171 1702 1224; x_wconf 84' lang='lat' dir='ltr'><strong>fuderunt</strong></span> <span class='ocrx_word' id='word_1_66' title='bbox 1743 1186 1866 1222; x_wconf 87' lang='lat' dir='ltr'><strong>san-</strong></span> 
     </span>
    </p>
   </div>
   <div class='ocr_carea' id='block_1_11' title="bbox 282 1260 1862 1334">
    <p class='ocr_par' dir='ltr' id='par_1_11' title="bbox 282 1260 1862 1334">
     <span class='ocr_line' id='line_1_11' title="bbox 282 1260 1862 1334; baseline -0.001 -19"><span class='ocrx_word' id='word_1_67' title='bbox 282 1265 502 1334; x_wconf 92' lang='lat' dir='ltr'><strong>guinem</strong></span> <span class='ocrx_word' id='word_1_68' title='bbox 547 1261 850 1316; x_wconf 77' lang='lat' dir='ltr'><strong>levitarum.</strong></span> <span class='ocrx_word' id='word_1_69' title='bbox 904 1260 1107 1314; x_wconf 84' lang='lat' dir='ltr'><strong>Dehinc</strong></span> <span class='ocrx_word' id='word_1_70' title='bbox 1151 1275 1214 1314; x_wconf 88' lang='lat' dir='ltr'><strong>ex</strong></span> <span class='ocrx_word' id='word_1_71' title='bbox 1259 1261 1500 1328; x_wconf 87' lang='lat' dir='ltr'><strong>jussione</strong></span> <span class='ocrx_word' id='word_1_72' title='bbox 1545 1260 1862 1313; x_wconf 90' lang='lat' dir='ltr'><strong>domnorum</strong></span> 
     </span>
    </p>
   </div>
   <div class='ocr_carea' id='block_1_12' title="bbox 286 1349 1866 1423">
    <p class='ocr_par' dir='ltr' id='par_1_12' title="bbox 286 1349 1866 1423">
     <span class='ocr_line' id='line_1_12' title="bbox 286 1349 1866 1423; baseline -0.006 -16"><span class='ocrx_word' id='word_1_73' title='bbox 286 1353 614 1423; x_wconf 87' lang='lat' dir='ltr'><strong>principum,</strong></span> <span class='ocrx_word' id='word_1_74' title='bbox 638 1366 758 1404; x_wconf 89' lang='lat' dir='ltr'><strong>cum</strong></span> <span class='ocrx_word' id='word_1_75' title='bbox 793 1351 874 1404; x_wconf 90' lang='lat' dir='ltr'><strong>vir</strong></span> <span class='ocrx_word' id='word_1_76' title='bbox 901 1349 1219 1404; x_wconf 82' lang='lat' dir='ltr'><strong>venerabilis</strong></span> <span class='ocrx_word' id='word_1_77' title='bbox 1246 1350 1609 1404; x_wconf 85' lang='lat' dir='ltr'><strong>Theutharius</strong></span> <span class='ocrx_word' id='word_1_78' title='bbox 1640 1355 1866 1420; x_wconf 73' lang='lat' dir='ltr'><strong>presliy-</strong></span> 
     </span>
    </p>
   </div>
   <div class='ocr_carea' id='block_1_13' title="bbox 287 1441 1868 1502">
    <p class='ocr_par' dir='ltr' id='par_1_13' title="bbox 287 1441 1868 1502">
     <span class='ocr_line' id='line_1_13' title="bbox 287 1441 1868 1502; baseline -0.001 -6"><span class='ocrx_word' id='word_1_79' title='bbox 287 1454 371 1498; x_wconf 91' lang='lat' dir='ltr'><strong>ter</strong></span> <span class='ocrx_word' id='word_1_80' title='bbox 423 1445 477 1497; x_wconf 85' lang='lat' dir='ltr'><strong>in</strong></span> <span class='ocrx_word' id='word_1_81' title='bbox 532 1457 693 1495; x_wconf 90' lang='lat' dir='ltr'><strong>causa</strong></span> <span class='ocrx_word' id='word_1_82' title='bbox 751 1442 984 1495; x_wconf 87' lang='lat' dir='ltr'><strong>directus</strong></span> <span class='ocrx_word' id='word_1_83' title='bbox 1031 1441 1209 1502; x_wconf 83' lang='lat' dir='ltr'><strong>fuerit,</strong></span> <span class='ocrx_word' id='word_1_84' title='bbox 1264 1449 1318 1492; x_wconf 90' lang='lat' dir='ltr'><strong>et</strong></span> <span class='ocrx_word' id='word_1_85' title='bbox 1373 1450 1628 1494; x_wconf 86' lang='lat' dir='ltr'><strong>statutum</strong></span> <span class='ocrx_word' id='word_1_86' title='bbox 1683 1443 1868 1494; x_wconf 80' lang='lat' dir='ltr'><strong>tuiset</strong></span> 
     </span>
    </p>
   </div>
   <div class='ocr_carea' id='block_1_14' title="bbox 288 1531 1865 1603">
    <p class='ocr_par' dir='ltr' id='par_1_14' title="bbox 288 1531 1865 1603">
     <span class='ocr_line' id='line_1_14' title="bbox 288 1531 1865 1603; baseline 0.001 -17"><span class='ocrx_word' id='word_1_87' title='bbox 288 1533 508 1603; x_wconf 81' lang='lat' dir='ltr'><strong>quando</strong></span> <span class='ocrx_word' id='word_1_88' title='bbox 545 1531 804 1599; x_wconf 83' lang='lat' dir='ltr'><strong>judicium</strong></span> <span class='ocrx_word' id='word_1_89' title='bbox 851 1533 999 1584; x_wconf 91' lang='lat' dir='ltr'><strong>ﬁeret</strong></span> <span class='ocrx_word' id='word_1_90' title='bbox 1026 1575 1041 1599; x_wconf 95' lang='lat'><strong>,</strong></span> <span class='ocrx_word' id='word_1_91' title='bbox 1094 1547 1198 1584; x_wconf 91' lang='lat' dir='ltr'><strong>non</strong></span> <span class='ocrx_word' id='word_1_92' title='bbox 1241 1543 1547 1598; x_wconf 86' lang='lat' dir='ltr'><strong>exspectato</strong></span> <span class='ocrx_word' id='word_1_93' title='bbox 1595 1531 1865 1600; x_wconf 74' lang='lat' dir='ltr'><strong>tempore,</strong></span> 
     </span>
    </p>
   </div>
   <div class='ocr_carea' id='block_1_15' title="bbox 292 1621 1865 1692">
    <p class='ocr_par' dir='ltr' id='par_1_15' title="bbox 292 1621 1865 1692">
     <span class='ocr_line' id='line_1_15' title="bbox 292 1621 1865 1692; baseline -0.001 -14"><span class='ocrx_word' id='word_1_94' title='bbox 292 1624 676 1678; x_wconf 75' lang='lat' dir='ltr'><strong>monasterium</strong></span> <span class='ocrx_word' id='word_1_95' title='bbox 700 1621 1132 1683; x_wconf 87' lang='lat' dir='ltr'><strong>seditiosissime,</strong></span> <span class='ocrx_word' id='word_1_96' title='bbox 1160 1622 1403 1676; x_wconf 84' lang='lat' dir='ltr'><strong>accensis</strong></span> <span class='ocrx_word' id='word_1_97' title='bbox 1426 1623 1476 1676; x_wconf 92' lang='lat' dir='ltr'><strong>in</strong></span> <span class='ocrx_word' id='word_1_98' title='bbox 1497 1633 1643 1678; x_wconf 82' lang='lat' dir='ltr'><strong>certe</strong></span> <span class='ocrx_word' id='word_1_99' title='bbox 1659 1628 1865 1692; x_wconf 86' lang='lat' dir='ltr'><strong>cuppis,</strong></span> 
     </span>
    </p>
   </div>
   <div class='ocr_carea' id='block_1_16' title="bbox 291 1711 1869 1781">
    <p class='ocr_par' dir='ltr' id='par_1_16' title="bbox 291 1711 1869 1781">
     <span class='ocr_line' id='line_1_16' title="bbox 291 1711 1869 1781; baseline 0.001 -14"><span class='ocrx_word' id='word_1_100' title='bbox 291 1713 534 1767; x_wconf 79' lang='lat' dir='ltr'><strong>vectibus</strong></span> <span class='ocrx_word' id='word_1_101' title='bbox 582 1727 643 1766; x_wconf 90' lang='lat' dir='ltr'><strong>ac</strong></span> <span class='ocrx_word' id='word_1_102' title='bbox 689 1711 965 1766; x_wconf 79' lang='lat' dir='ltr'><strong>securibus</strong></span> <span class='ocrx_word' id='word_1_103' title='bbox 1003 1711 1291 1765; x_wconf 87' lang='lat' dir='ltr'><strong>confractis</strong></span> <span class='ocrx_word' id='word_1_104' title='bbox 1333 1713 1571 1780; x_wconf 84' lang='lat' dir='ltr'><strong>posticis,</strong></span> <span class='ocrx_word' id='word_1_105' title='bbox 1625 1716 1746 1781; x_wconf 88' lang='lat' dir='ltr'><strong>igne</strong></span> <span class='ocrx_word' id='word_1_106' title='bbox 1781 1732 1869 1768; x_wconf 89' lang='lat' dir='ltr'><strong>ac-</strong></span> 
     </span>
    </p>
   </div>
   <div class='ocr_carea' id='block_1_17' title="bbox 293 1801 1865 1869">
    <p class='ocr_par' dir='ltr' id='par_1_17' title="bbox 293 1801 1865 1869">
     <span class='ocr_line' id='line_1_17' title="bbox 293 1801 1865 1869; baseline 0 -11"><span class='ocrx_word' id='word_1_107' title='bbox 293 1817 479 1867; x_wconf 83' lang='lat' dir='ltr'><strong>censo,</strong></span> <span class='ocrx_word' id='word_1_108' title='bbox 509 1803 645 1856; x_wconf 90' lang='lat' dir='ltr'><strong>intra</strong></span> <span class='ocrx_word' id='word_1_109' title='bbox 669 1812 818 1869; x_wconf 88' lang='lat' dir='ltr'><strong>septa</strong></span> <span class='ocrx_word' id='word_1_110' title='bbox 845 1802 1001 1855; x_wconf 67' lang='lat' dir='ltr'><strong>caesis</strong></span> <span class='ocrx_word' id='word_1_111' title='bbox 1029 1811 1083 1855; x_wconf 86' lang='lat' dir='ltr'><strong>et</strong></span> <span class='ocrx_word' id='word_1_112' title='bbox 1111 1801 1401 1856; x_wconf 78' lang='lat' dir='ltr'><strong>vulneratis</strong></span> <span class='ocrx_word' id='word_1_113' title='bbox 1429 1804 1790 1857; x_wconf 89' lang='lat' dir='ltr'><strong>monachabus</strong></span> <span class='ocrx_word' id='word_1_114' title='bbox 1815 1807 1865 1858; x_wconf 89' lang='lat' dir='ltr'><strong>itt</strong></span> 
     </span>
    </p>
   </div>
   <div class='ocr_carea' id='block_1_18' title="bbox 1968 625 3535 694">
    <p class='ocr_par' dir='ltr' id='par_1_18' title="bbox 1968 625 3535 694">
     <span class='ocr_line' id='line_1_18' title="bbox 1968 625 3535 694; baseline -0.001 -15"><span class='ocrx_word' id='word_1_115' title='bbox 1968 627 2042 681; x_wconf 89' lang='lat' dir='ltr'><strong>De</strong></span> <span class='ocrx_word' id='word_1_116' title='bbox 2072 638 2268 681; x_wconf 54' lang='lat' dir='ltr'><strong>caetero</strong></span> <span class='ocrx_word' id='word_1_117' title='bbox 2290 628 2428 694; x_wconf 89' lang='lat' dir='ltr'><strong>quod</strong></span> <span class='ocrx_word' id='word_1_118' title='bbox 2456 627 2521 680; x_wconf 91' lang='lat' dir='ltr'><strong>de</strong></span> <span class='ocrx_word' id='word_1_119' title='bbox 2545 627 2702 681; x_wconf 87' lang='lat' dir='ltr'><strong>rebus</strong></span> <span class='ocrx_word' id='word_1_120' title='bbox 2733 626 3060 688; x_wconf 87' lang='lat' dir='ltr'><strong>monasterii,</strong></span> <span class='ocrx_word' id='word_1_121' title='bbox 3096 628 3176 679; x_wconf 87' lang='lat' dir='ltr'><strong>vel</strong></span> <span class='ocrx_word' id='word_1_122' title='bbox 3209 625 3535 680; x_wconf 75' lang='lat' dir='ltr'><strong>instrumen-</strong></span> 
     </span>
    </p>
   </div>
   <div class='ocr_carea' id='block_1_19' title="bbox 1966 721 3538 788">
    <p class='ocr_par' dir='ltr' id='par_1_19' title="bbox 1966 721 3538 788">
     <span class='ocr_line' id='line_1_19' title="bbox 1966 721 3538 788; baseline -0.003 -16"><span class='ocrx_word' id='word_1_123' title='bbox 1966 721 2033 772; x_wconf 90' lang='lat' dir='ltr'><strong>tis</strong></span> <span class='ocrx_word' id='word_1_124' title='bbox 2073 722 2377 773; x_wconf 83' lang='lat' dir='ltr'><strong>chartarum</strong></span> <span class='ocrx_word' id='word_1_125' title='bbox 2424 721 2742 774; x_wconf 74' lang='lat' dir='ltr'><strong>tlouinorum</strong></span> <span class='ocrx_word' id='word_1_126' title='bbox 2785 733 2966 788; x_wconf 87' lang='lat' dir='ltr'><strong>regum</strong></span> <span class='ocrx_word' id='word_1_127' title='bbox 3021 728 3292 786; x_wconf 80' lang='lat' dir='ltr'><strong>parentum</strong></span> <span class='ocrx_word' id='word_1_128' title='bbox 3333 728 3538 771; x_wconf 76' lang='lat' dir='ltr'><strong>Vestru-</strong></span> 
     </span>
    </p>
   </div>
   <div class='ocr_carea' id='block_1_20' title="bbox 1965 809 3537 880">
    <p class='ocr_par' dir='ltr' id='par_1_20' title="bbox 1965 809 3537 880">
     <span class='ocr_line' id='line_1_20' title="bbox 1965 809 3537 880; baseline -0.002 -16"><span class='ocrx_word' id='word_1_129' title='bbox 1965 827 2079 864; x_wconf 87' lang='lat' dir='ltr'><strong>rum</strong></span> <span class='ocrx_word' id='word_1_130' title='bbox 2124 811 2190 864; x_wconf 81' lang='lat' dir='ltr'><strong>tle</strong></span> <span class='ocrx_word' id='word_1_131' title='bbox 2229 811 2346 865; x_wconf 83' lang='lat' dir='ltr'><strong>loco</strong></span> <span class='ocrx_word' id='word_1_132' title='bbox 2392 811 2701 880; x_wconf 66' lang='lat' dir='ltr'><strong>subreptum</strong></span> <span class='ocrx_word' id='word_1_133' title='bbox 2750 823 2850 875; x_wconf 89' lang='lat' dir='ltr'><strong>est,</strong></span> <span class='ocrx_word' id='word_1_134' title='bbox 2890 811 3049 880; x_wconf 78' lang='lat'><strong>510</strong></span> <span class='ocrx_word' id='word_1_135' title='bbox 3073 826 3190 878; x_wconf 84' lang='lat' dir='ltr'><strong>quae</strong></span> <span class='ocrx_word' id='word_1_136' title='bbox 3230 823 3288 862; x_wconf 87' lang='lat' dir='ltr'><strong>se</strong></span> <span class='ocrx_word' id='word_1_137' title='bbox 3339 809 3537 862; x_wconf 84' lang='lat' dir='ltr'><strong>habere</strong></span> 
     </span>
    </p>
   </div>
   <div class='ocr_carea' id='block_1_21' title="bbox 1966 902 3534 969">
    <p class='ocr_par' dir='ltr' id='par_1_21' title="bbox 1966 902 3534 969">
     <span class='ocr_line' id='line_1_21' title="bbox 1966 902 3534 969; baseline 0 -16"><span class='ocrx_word' id='word_1_138' title='bbox 1966 902 2220 969; x_wconf 72' lang='lat' dir='ltr'><strong>professa:</strong></span> <span class='ocrx_word' id='word_1_139' title='bbox 2268 913 2430 964; x_wconf 89' lang='lat' dir='ltr'><strong>sunt,</strong></span> <span class='ocrx_word' id='word_1_140' title='bbox 2480 905 2571 955; x_wconf 91' lang='lat' dir='ltr'><strong>sed</strong></span> <span class='ocrx_word' id='word_1_141' title='bbox 2623 904 2774 956; x_wconf 87' lang='lat' dir='ltr'><strong>nobis</strong></span> <span class='ocrx_word' id='word_1_142' title='bbox 2818 903 3189 957; x_wconf 84' lang='lat' dir='ltr'><strong>inobedientes</strong></span> <span class='ocrx_word' id='word_1_143' title='bbox 3237 902 3534 955; x_wconf 89' lang='lat' dir='ltr'><strong>nttllatenus</strong></span> 
     </span>
    </p>
   </div>
   <div class='ocr_carea' id='block_1_22' title="bbox 1965 992 3534 1063">
    <p class='ocr_par' dir='ltr' id='par_1_22' title="bbox 1965 992 3534 1063">
     <span class='ocr_line' id='line_1_22' title="bbox 1965 992 3534 1063; baseline -0.002 -18"><span class='ocrx_word' id='word_1_144' title='bbox 1965 1003 2121 1046; x_wconf 89' lang='lat' dir='ltr'><strong>erunt</strong></span> <span class='ocrx_word' id='word_1_145' title='bbox 2153 993 2446 1046; x_wconf 88' lang='lat' dir='ltr'><strong>voluntarie</strong></span> <span class='ocrx_word' id='word_1_146' title='bbox 2479 994 2785 1059; x_wconf 68' lang='lat' dir='ltr'><strong>redditum,</strong></span> <span class='ocrx_word' id='word_1_147' title='bbox 2817 994 3043 1063; x_wconf 80' lang='lat' dir='ltr'><strong>qualiter</strong></span> <span class='ocrx_word' id='word_1_148' title='bbox 3083 1003 3278 1056; x_wconf 88' lang='lat' dir='ltr'><strong>vestra,</strong></span> <span class='ocrx_word' id='word_1_149' title='bbox 3328 992 3410 1044; x_wconf 90' lang='lat' dir='ltr'><strong>vel</strong></span> <span class='ocrx_word' id='word_1_150' title='bbox 3445 1006 3534 1042; x_wconf 86' lang='lat' dir='ltr'><strong>an-</strong></span> 
     </span>
    </p>
   </div>
   <div class='ocr_carea' id='block_1_23' title="bbox 1965 1081 3536 1151">
    <p class='ocr_par' dir='ltr' id='par_1_23' title="bbox 1965 1081 3536 1151">
     <span class='ocr_line' id='line_1_23' title="bbox 1965 1081 3536 1151; baseline -0.003 -15"><span class='ocrx_word' id='word_1_151' title='bbox 1965 1085 2217 1137; x_wconf 86' lang='lat' dir='ltr'><strong>terioruttt</strong></span> <span class='ocrx_word' id='word_1_152' title='bbox 2264 1086 2553 1151; x_wconf 82' lang='lat' dir='ltr'><strong>principum</strong></span> <span class='ocrx_word' id='word_1_153' title='bbox 2601 1100 2804 1138; x_wconf 82' lang='lat' dir='ltr'><strong>merces</strong></span> <span class='ocrx_word' id='word_1_154' title='bbox 2840 1095 3035 1138; x_wconf 83' lang='lat' dir='ltr'><strong>:t-terna</strong></span> <span class='ocrx_word' id='word_1_155' title='bbox 3088 1094 3413 1151; x_wconf 83' lang='lat' dir='ltr'><strong>permaneat,</strong></span> <span class='ocrx_word' id='word_1_156' title='bbox 3472 1081 3536 1133; x_wconf 89' lang='lat' dir='ltr'><strong>ad</strong></span> 
     </span>
    </p>
   </div>
   <div class='ocr_carea' id='block_1_24' title="bbox 1973 1171 3540 1242">
    <p class='ocr_par' dir='ltr' id='par_1_24' title="bbox 1973 1171 3540 1242">
     <span class='ocr_line' id='line_1_24' title="bbox 1973 1171 3540 1242; baseline 0 -18"><span class='ocrx_word' id='word_1_157' title='bbox 1973 1171 2114 1227; x_wconf 69' lang='lat' dir='ltr'><strong>floci</strong></span> <span class='ocrx_word' id='word_1_158' title='bbox 2148 1174 2806 1237; x_wconf 70' lang='lat' dir='ltr'><strong>instauralittnetn,Vestra!</strong></span> <span class='ocrx_word' id='word_1_159' title='bbox 2841 1175 3044 1242; x_wconf 86' lang='lat' dir='ltr'><strong>pietatis</strong></span> <span class='ocrx_word' id='word_1_160' title='bbox 3081 1185 3236 1240; x_wconf 88' lang='lat' dir='ltr'><strong>atque</strong></span> <span class='ocrx_word' id='word_1_161' title='bbox 3269 1172 3540 1238; x_wconf 77' lang='lat' dir='ltr'><strong>potestatis</strong></span> 
     </span>
    </p>
   </div>
   <div class='ocr_carea' id='block_1_25' title="bbox 1966 1261 3542 1332">
    <p class='ocr_par' dir='ltr' id='par_1_25' title="bbox 1966 1261 3542 1332">
     <span class='ocr_line' id='line_1_25' title="bbox 1966 1261 3542 1332; baseline -0.004 -15"><span class='ocrx_word' id='word_1_162' title='bbox 1966 1271 2048 1317; x_wconf 88' lang='lat' dir='ltr'><strong>est</strong></span> <span class='ocrx_word' id='word_1_163' title='bbox 2081 1265 2398 1317; x_wconf 85' lang='lat' dir='ltr'><strong>auctoritate</strong></span> <span class='ocrx_word' id='word_1_164' title='bbox 2443 1263 2586 1330; x_wconf 83' lang='lat' dir='ltr'><strong>regia</strong></span> <span class='ocrx_word' id='word_1_165' title='bbox 2619 1279 2811 1332; x_wconf 69' lang='lat' dir='ltr'><strong>cogere</strong></span> <span class='ocrx_word' id='word_1_166' title='bbox 2855 1264 3166 1323; x_wconf 87' lang='lat' dir='ltr'><strong>reformari;</strong></span> <span class='ocrx_word' id='word_1_167' title='bbox 3197 1276 3368 1329; x_wconf 90' lang='lat' dir='ltr'><strong>neque</strong></span> <span class='ocrx_word' id='word_1_168' title='bbox 3399 1261 3542 1327; x_wconf 78' lang='lat' dir='ltr'><strong>ipsas</strong></span> 
     </span>
    </p>
   </div>
   <div class='ocr_carea' id='block_1_26' title="bbox 1966 1351 3543 1422">
    <p class='ocr_par' dir='ltr' id='par_1_26' title="bbox 1966 1351 3543 1422">
     <span class='ocr_line' id='line_1_26' title="bbox 1966 1351 3543 1422; baseline -0.003 -16"><span class='ocrx_word' id='word_1_169' title='bbox 1966 1355 2031 1408; x_wconf 84' lang='lat' dir='ltr'><strong>ad</strong></span> <span class='ocrx_word' id='word_1_170' title='bbox 2061 1355 2257 1416; x_wconf 91' lang='lat' dir='ltr'><strong>locum,</strong></span> <span class='ocrx_word' id='word_1_171' title='bbox 2289 1370 2443 1422; x_wconf 83' lang='lat' dir='ltr'><strong>quem</strong></span> <span class='ocrx_word' id='word_1_172' title='bbox 2470 1367 2574 1406; x_wconf 89' lang='lat' dir='ltr'><strong>tant</strong></span> <span class='ocrx_word' id='word_1_173' title='bbox 2603 1354 2763 1420; x_wconf 85' lang='lat' dir='ltr'><strong>impie</strong></span> <span class='ocrx_word' id='word_1_174' title='bbox 2782 1369 2842 1406; x_wconf 90' lang='lat' dir='ltr'><strong>ac</strong></span> <span class='ocrx_word' id='word_1_175' title='bbox 2868 1351 3234 1421; x_wconf 85' lang='lat' dir='ltr'><strong>profanissime</strong></span> <span class='ocrx_word' id='word_1_176' title='bbox 3258 1352 3543 1404; x_wconf 76' lang='lat' dir='ltr'><strong>destruxe-</strong></span> 
     </span>
    </p>
   </div>
   <div class='ocr_carea' id='block_1_27' title="bbox 1968 1444 3540 1512">
    <p class='ocr_par' dir='ltr' id='par_1_27' title="bbox 1968 1444 3540 1512">
     <span class='ocr_line' id='line_1_27' title="bbox 1968 1444 3540 1512; baseline -0.003 -15"><span class='ocrx_word' id='word_1_177' title='bbox 1968 1455 2114 1509; x_wconf 90' lang='lat' dir='ltr'><strong>ruut,</strong></span> <span class='ocrx_word' id='word_1_178' title='bbox 2157 1461 2222 1497; x_wconf 91' lang='lat' dir='ltr'><strong>ne</strong></span> <span class='ocrx_word' id='word_1_179' title='bbox 2269 1445 2448 1512; x_wconf 71' lang='lat' dir='ltr'><strong>pejora</strong></span> <span class='ocrx_word' id='word_1_180' title='bbox 2507 1444 2838 1512; x_wconf 79' lang='lat' dir='ltr'><strong>proveniant,</strong></span> <span class='ocrx_word' id='word_1_181' title='bbox 2893 1445 2975 1496; x_wconf 86' lang='lat' dir='ltr'><strong>vel</strong></span> <span class='ocrx_word' id='word_1_182' title='bbox 3021 1444 3191 1495; x_wconf 65' lang='lat' dir='ltr'><strong>redire</strong></span> <span class='ocrx_word' id='word_1_183' title='bbox 3241 1445 3540 1505; x_wconf 73' lang='lat' dir='ltr'><strong>concedite,</strong></span> 
     </span>
    </p>
   </div>
   <div class='ocr_carea' id='block_1_28' title="bbox 1967 1534 3540 1604">
    <p class='ocr_par' dir='ltr' id='par_1_28' title="bbox 1967 1534 3540 1604">
     <span class='ocr_line' id='line_1_28' title="bbox 1967 1534 3540 1604; baseline -0.004 -14"><span class='ocrx_word' id='word_1_184' title='bbox 1967 1538 2048 1590; x_wconf 67' lang='lat' dir='ltr'><strong>vel</strong></span> <span class='ocrx_word' id='word_1_185' title='bbox 2083 1539 2402 1604; x_wconf 85' lang='lat' dir='ltr'><strong>permittatis</strong></span> <span class='ocrx_word' id='word_1_186' title='bbox 2448 1539 2640 1588; x_wconf 73' lang='lat' dir='ltr'><strong>ili&#39;l‘lllll</strong></span> <span class='ocrx_word' id='word_1_187' title='bbox 2670 1535 2906 1603; x_wconf 76' lang='lat' dir='ltr'><strong>aspirare</strong></span> <span class='ocrx_word' id='word_1_188' title='bbox 2938 1553 2948 1586; x_wconf 90' lang='lat'><strong>:</strong></span> <span class='ocrx_word' id='word_1_189' title='bbox 2981 1543 3239 1603; x_wconf 87' lang='lat' dir='ltr'><strong>quatenus</strong></span> <span class='ocrx_word' id='word_1_190' title='bbox 3271 1534 3352 1586; x_wconf 88' lang='lat' dir='ltr'><strong>his</strong></span> <span class='ocrx_word' id='word_1_191' title='bbox 3384 1535 3433 1585; x_wconf 89' lang='lat' dir='ltr'><strong>itt</strong></span> <span class='ocrx_word' id='word_1_192' title='bbox 3465 1535 3540 1585; x_wconf 70' lang='lat' dir='ltr'><strong>in~</strong></span> 
     </span>
    </p>
   </div>
   <div class='ocr_carea' id='block_1_29' title="bbox 1969 1622 3544 1699">
    <p class='ocr_par' dir='ltr' id='par_1_29' title="bbox 1969 1622 3544 1699">
     <span class='ocr_line' id='line_1_29' title="bbox 1969 1622 3544 1699; baseline -0.005 -16"><span class='ocrx_word' id='word_1_193' title='bbox 1969 1637 2198 1699; x_wconf 84' lang='lat' dir='ltr'><strong>tegrum,</strong></span> <span class='ocrx_word' id='word_1_194' title='bbox 2236 1637 2520 1695; x_wconf 69' lang='lat' dir='ltr'><strong>praestante</strong></span> <span class='ocrx_word' id='word_1_195' title='bbox 2549 1627 2792 1692; x_wconf 85' lang='lat' dir='ltr'><strong>Domino,</strong></span> <span class='ocrx_word' id='word_1_196' title='bbox 2831 1627 3108 1690; x_wconf 89' lang='lat' dir='ltr'><strong>restitutis,</strong></span> <span class='ocrx_word' id='word_1_197' title='bbox 3149 1625 3248 1679; x_wconf 86' lang='lat' dir='ltr'><strong>sub</strong></span> <span class='ocrx_word' id='word_1_198' title='bbox 3272 1622 3544 1678; x_wconf 75' lang='lat' dir='ltr'><strong>catholicis</strong></span> 
     </span>
    </p>
   </div>
   <div class='ocr_carea' id='block_1_30' title="bbox 1969 1714 3542 1786">
    <p class='ocr_par' dir='ltr' id='par_1_30' title="bbox 1969 1714 3542 1786">
     <span class='ocr_line' id='line_1_30' title="bbox 1969 1714 3542 1786; baseline -0.004 -14"><span class='ocrx_word' id='word_1_199' title='bbox 1969 1719 2183 1786; x_wconf 77' lang='lat' dir='ltr'><strong>regibus</strong></span> <span class='ocrx_word' id='word_1_200' title='bbox 2215 1728 2381 1769; x_wconf 86' lang='lat' dir='ltr'><strong>totum</strong></span> <span class='ocrx_word' id='word_1_201' title='bbox 2421 1717 2725 1784; x_wconf 84' lang='lat' dir='ltr'><strong>acquiratur</strong></span> <span class='ocrx_word' id='word_1_202' title='bbox 2762 1718 2890 1780; x_wconf 88' lang='lat' dir='ltr'><strong>Deo,</strong></span> <span class='ocrx_word' id='word_1_203' title='bbox 2934 1716 3062 1769; x_wconf 89' lang='lat' dir='ltr'><strong>nihil</strong></span> <span class='ocrx_word' id='word_1_204' title='bbox 3095 1715 3280 1782; x_wconf 86' lang='lat' dir='ltr'><strong>perdat</strong></span> <span class='ocrx_word' id='word_1_205' title='bbox 3310 1714 3498 1784; x_wconf 74' lang='lat' dir='ltr'><strong>religio</strong></span> <span class='ocrx_word' id='word_1_206' title='bbox 3531 1731 3542 1764; x_wconf 90' lang='lat'><em>:</em></span> 
     </span>
    </p>
   </div>
   <div class='ocr_carea' id='block_1_31' title="bbox 1971 1819 3545 1876">
    <p class='ocr_par' dir='ltr' id='par_1_31' title="bbox 1971 1819 3545 1876">
     <span class='ocr_line' id='line_1_31' title="bbox 1971 1819 3545 1876; baseline -0.003 -15"><span class='ocrx_word' id='word_1_207' title='bbox 1971 1819 2029 1862; x_wconf 88' lang='lat' dir='ltr'><strong>ut</strong></span> <span class='ocrx_word' id='word_1_208' title='bbox 2065 1819 2234 1863; x_wconf 84' lang='lat' dir='ltr'><strong>status</strong></span> <span class='ocrx_word' id='word_1_209' title='bbox 2276 1819 2632 1862; x_wconf 83' lang='lat' dir='ltr'><strong>conservatus</strong></span> <span class='ocrx_word' id='word_1_210' title='bbox 2681 1819 2788 1861; x_wconf 87' lang='lat' dir='ltr'><strong>tam</strong></span> <span class='ocrx_word' id='word_1_211' title='bbox 2831 1819 3040 1874; x_wconf 84' lang='lat' dir='ltr'><strong>patrum</strong></span> <span class='ocrx_word' id='word_1_212' title='bbox 3083 1823 3238 1876; x_wconf 84' lang='lat' dir='ltr'><strong>quam</strong></span> <span class='ocrx_word' id='word_1_213' title='bbox 3283 1821 3545 1859; x_wconf 85' lang='lat' dir='ltr'><strong>canonum</strong></span> 
     </span>
    </p>
   </div>
   <div class='ocr_carea' id='block_1_32' title="bbox 298 1893 3544 1966">
    <p class='ocr_par' dir='ltr' id='par_1_32' title="bbox 298 1893 3544 1966">
     <span class='ocr_line' id='line_1_32' title="bbox 298 1893 3544 1966; baseline -0.001 -16"><span class='ocrx_word' id='word_1_214' title='bbox 298 1896 429 1965; x_wconf 82' lang='lat' dir='ltr'><strong>ipsis</strong></span> <span class='ocrx_word' id='word_1_215' title='bbox 480 1897 726 1950; x_wconf 86' lang='lat' dir='ltr'><strong>oratoriis</strong></span> <span class='ocrx_word' id='word_1_216' title='bbox 750 1935 765 1957; x_wconf 89' lang='lat'><strong>,</strong></span> <span class='ocrx_word' id='word_1_217' title='bbox 821 1895 1049 1962; x_wconf 89' lang='lat' dir='ltr'><strong>spoliato</strong></span> <span class='ocrx_word' id='word_1_218' title='bbox 1097 1893 1418 1948; x_wconf 88' lang='lat' dir='ltr'><strong>monasterio</strong></span> <span class='ocrx_word' id='word_1_219' title='bbox 1442 1934 1458 1959; x_wconf 91' lang='lat'><strong>,</strong></span> <span class='ocrx_word' id='word_1_220' title='bbox 1509 1895 1771 1948; x_wconf 85' lang='lat' dir='ltr'><strong>denudata</strong></span> <span class='ocrx_word' id='word_1_221' title='bbox 1819 1905 1872 1950; x_wconf 93' lang='lat' dir='ltr'><strong>et</strong></span> <span class='ocrx_word' id='word_1_222' title='bbox 1904 1893 1947 1952; x_wconf 81' lang='grc' dir='ltr'><strong>Β</strong></span> <span class='ocrx_word' id='word_1_223' title='bbox 1976 1899 2128 1953; x_wconf 78' lang='lat' dir='ltr'><strong>nobis</strong></span> <span class='ocrx_word' id='word_1_224' title='bbox 2159 1900 2398 1966; x_wconf 82' lang='lat' dir='ltr'><strong>proﬁciat</strong></span> <span class='ocrx_word' id='word_1_225' title='bbox 2426 1900 2490 1950; x_wconf 90' lang='lat' dir='ltr'><strong>ad</strong></span> <span class='ocrx_word' id='word_1_226' title='bbox 2516 1900 2737 1962; x_wconf 91' lang='lat' dir='ltr'><strong>cultum,</strong></span> <span class='ocrx_word' id='word_1_227' title='bbox 2770 1900 2919 1950; x_wconf 79' lang='lat' dir='ltr'><strong>vobis</strong></span> <span class='ocrx_word' id='word_1_228' title='bbox 2968 1907 3284 1966; x_wconf 80' lang='lat' dir='ltr'><strong>propagetur</strong></span> <span class='ocrx_word' id='word_1_229' title='bbox 3324 1893 3390 1948; x_wconf 89' lang='lat' dir='ltr'><strong>ad</strong></span> <span class='ocrx_word' id='word_1_230' title='bbox 3441 1895 3544 1946; x_wconf 88' lang='lat' dir='ltr'><strong>fru-</strong></span> 
     </span>
    </p>
   </div>
   <div class='ocr_carea' id='block_1_33' title="bbox 295 1987 1873 2060">
    <p class='ocr_par' dir='ltr' id='par_1_33' title="bbox 295 1987 1873 2060">
     <span class='ocr_line' id='line_1_33' title="bbox 295 1987 1873 2060; baseline 0 -20"><span class='ocrx_word' id='word_1_231' title='bbox 295 1989 460 2060; x_wconf 78' lang='lat'><strong>509</strong></span> <span class='ocrx_word' id='word_1_232' title='bbox 488 1989 712 2041; x_wconf 79' lang='lat' dir='ltr'><strong>discissa</strong></span> <span class='ocrx_word' id='word_1_233' title='bbox 742 1987 946 2053; x_wconf 87' lang='lat' dir='ltr'><strong>capillis</strong></span> <span class='ocrx_word' id='word_1_234' title='bbox 982 1987 1270 2051; x_wconf 78' lang='lat' dir='ltr'><strong>abbatissa,</strong></span> <span class='ocrx_word' id='word_1_235' title='bbox 1320 1987 1554 2055; x_wconf 76' lang='lat' dir='ltr'><strong>graviter</strong></span> <span class='ocrx_word' id='word_1_236' title='bbox 1585 1987 1649 2040; x_wconf 88' lang='lat' dir='ltr'><strong>ad</strong></span> <span class='ocrx_word' id='word_1_237' title='bbox 1677 1988 1873 2041; x_wconf 87' lang='lat' dir='ltr'><strong>ridicu-</strong></span> 
     </span>
    </p>
   </div>
   <div class='ocr_carea' id='block_1_34' title="bbox 293 2076 1866 2145">
    <p class='ocr_par' dir='ltr' id='par_1_34' title="bbox 293 2076 1866 2145">
     <span class='ocr_line' id='line_1_34' title="bbox 293 2076 1866 2145; baseline -0.002 -12"><span class='ocrx_word' id='word_1_238' title='bbox 293 2081 406 2134; x_wconf 92' lang='lat' dir='ltr'><strong>lum</strong></span> <span class='ocrx_word' id='word_1_239' title='bbox 431 2080 590 2133; x_wconf 90' lang='lat' dir='ltr'><strong>ducta</strong></span> <span class='ocrx_word' id='word_1_240' title='bbox 618 2086 674 2132; x_wconf 91' lang='lat' dir='ltr'><strong>et</strong></span> <span class='ocrx_word' id='word_1_241' title='bbox 696 2087 858 2132; x_wconf 86' lang='lat' dir='ltr'><strong>tracta</strong></span> <span class='ocrx_word' id='word_1_242' title='bbox 888 2092 981 2144; x_wconf 90' lang='lat' dir='ltr'><strong>per</strong></span> <span class='ocrx_word' id='word_1_243' title='bbox 1003 2078 1254 2145; x_wconf 87' lang='lat' dir='ltr'><strong>compita,</strong></span> <span class='ocrx_word' id='word_1_244' title='bbox 1289 2085 1345 2130; x_wconf 85' lang='lat' dir='ltr'><strong>et</strong></span> <span class='ocrx_word' id='word_1_245' title='bbox 1363 2079 1416 2130; x_wconf 92' lang='lat' dir='ltr'><strong>in</strong></span> <span class='ocrx_word' id='word_1_246' title='bbox 1437 2076 1610 2130; x_wconf 87' lang='lat' dir='ltr'><strong>locum</strong></span> <span class='ocrx_word' id='word_1_247' title='bbox 1643 2086 1866 2145; x_wconf 87' lang='lat' dir='ltr'><strong>retrusa,</strong></span> 
     </span>
    </p>
   </div>
   <div class='ocr_carea' id='block_1_35' title="bbox 294 2168 1871 2240">
    <p class='ocr_par' dir='ltr' id='par_1_35' title="bbox 294 2168 1871 2240">
     <span class='ocr_line' id='line_1_35' title="bbox 294 2168 1871 2240; baseline -0.003 -14"><span class='ocrx_word' id='word_1_248' title='bbox 294 2173 399 2226; x_wconf 87' lang='lat' dir='ltr'><strong>etsi</strong></span> <span class='ocrx_word' id='word_1_249' title='bbox 432 2188 536 2224; x_wconf 91' lang='lat' dir='ltr'><strong>non</strong></span> <span class='ocrx_word' id='word_1_250' title='bbox 580 2171 759 2240; x_wconf 83' lang='lat' dir='ltr'><strong>ligata,</strong></span> <span class='ocrx_word' id='word_1_251' title='bbox 794 2182 890 2222; x_wconf 89' lang='lat' dir='ltr'><strong>nec</strong></span> <span class='ocrx_word' id='word_1_252' title='bbox 924 2169 1087 2221; x_wconf 90' lang='lat' dir='ltr'><strong>libera</strong></span> <span class='ocrx_word' id='word_1_253' title='bbox 1117 2184 1130 2219; x_wconf 84' lang='lat'>:</span> <span class='ocrx_word' id='word_1_254' title='bbox 1162 2168 1574 2236; x_wconf 84' lang='lat' dir='ltr'><strong>superveniente</strong></span> <span class='ocrx_word' id='word_1_255' title='bbox 1607 2168 1710 2222; x_wconf 91' lang='lat' dir='ltr'><strong>diei</strong></span> <span class='ocrx_word' id='word_1_256' title='bbox 1742 2170 1871 2222; x_wconf 83' lang='lat' dir='ltr'><strong>Pas-</strong></span> 
     </span>
    </p>
   </div>
   <div class='ocr_carea' id='block_1_36' title="bbox 295 2261 1874 2332">
    <p class='ocr_par' dir='ltr' id='par_1_36' title="bbox 295 2261 1874 2332">
     <span class='ocr_line' id='line_1_36' title="bbox 295 2261 1874 2332; baseline -0.001 -12"><span class='ocrx_word' id='word_1_257' title='bbox 295 2266 414 2320; x_wconf 67' lang='lat' dir='ltr'><strong>clm</strong></span> <span class='ocrx_word' id='word_1_258' title='bbox 463 2264 596 2318; x_wconf 90' lang='lat' dir='ltr'><strong>festo</strong></span> <span class='ocrx_word' id='word_1_259' title='bbox 647 2279 739 2332; x_wconf 89' lang='lat' dir='ltr'><strong>per</strong></span> <span class='ocrx_word' id='word_1_260' title='bbox 787 2264 1038 2318; x_wconf 63' lang='lat' dir='ltr'><strong>sa&#39;culum</strong></span> <span class='ocrx_word' id='word_1_261' title='bbox 1070 2261 1120 2326; x_wconf 67' lang='grc' dir='ltr'>δ,</span> <span class='ocrx_word' id='word_1_262' title='bbox 1180 2262 1436 2317; x_wconf 78' lang='lat' dir='ltr'><strong>offerente</strong></span> <span class='ocrx_word' id='word_1_263' title='bbox 1485 2265 1731 2331; x_wconf 90' lang='lat' dir='ltr'><strong>pontiﬁce</strong></span> <span class='ocrx_word' id='word_1_264' title='bbox 1779 2279 1874 2331; x_wconf 89' lang='lat' dir='ltr'><strong>pro</strong></span> 
     </span>
    </p>
   </div>
   <div class='ocr_carea' id='block_1_37' title="bbox 296 2356 1868 2424">
    <p class='ocr_par' dir='ltr' id='par_1_37' title="bbox 296 2356 1868 2424">
     <span class='ocr_line' id='line_1_37' title="bbox 296 2356 1868 2424; baseline -0.002 -13"><span class='ocrx_word' id='word_1_265' title='bbox 296 2358 646 2411; x_wconf 89' lang='lat' dir='ltr'><strong>condemnata</strong></span> <span class='ocrx_word' id='word_1_266' title='bbox 697 2358 921 2424; x_wconf 88' lang='lat' dir='ltr'><strong>pretium</strong></span> <span class='ocrx_word' id='word_1_267' title='bbox 949 2397 963 2419; x_wconf 90' lang='lat'><strong>,</strong></span> <span class='ocrx_word' id='word_1_268' title='bbox 1011 2365 1066 2408; x_wconf 85' lang='lat' dir='ltr'><strong>tit</strong></span> <span class='ocrx_word' id='word_1_269' title='bbox 1105 2365 1373 2419; x_wconf 62' lang='lat' dir='ltr'><strong>Spectaret</strong></span> <span class='ocrx_word' id='word_1_270' title='bbox 1405 2356 1483 2408; x_wconf 89' lang='lat' dir='ltr'><strong>vel</strong></span> <span class='ocrx_word' id='word_1_271' title='bbox 1531 2356 1868 2423; x_wconf 80' lang='lat' dir='ltr'><strong>baptismum,</strong></span> 
     </span>
    </p>
   </div>
   <div class='ocr_carea' id='block_1_38' title="bbox 298 2449 1871 2517">
    <p class='ocr_par' dir='ltr' id='par_1_38' title="bbox 298 2449 1871 2517">
     <span class='ocr_line' id='line_1_38' title="bbox 298 2449 1871 2517; baseline -0.001 -15"><span class='ocrx_word' id='word_1_272' title='bbox 298 2465 399 2504; x_wconf 88' lang='lat' dir='ltr'><strong>nec</strong></span> <span class='ocrx_word' id='word_1_273' title='bbox 440 2450 543 2501; x_wconf 87' lang='lat' dir='ltr'><strong>ulla</strong></span> <span class='ocrx_word' id='word_1_274' title='bbox 595 2451 845 2503; x_wconf 89' lang='lat' dir='ltr'><strong>suasione</strong></span> <span class='ocrx_word' id='word_1_275' title='bbox 892 2450 990 2502; x_wconf 90' lang='lat' dir='ltr'><strong>hoc</strong></span> <span class='ocrx_word' id='word_1_276' title='bbox 1031 2449 1366 2516; x_wconf 89' lang='lat' dir='ltr'><strong>impetrasset</strong></span> <span class='ocrx_word' id='word_1_277' title='bbox 1405 2464 1505 2503; x_wconf 77' lang='lat' dir='ltr'><strong>vox</strong></span> <span class='ocrx_word' id='word_1_278' title='bbox 1555 2450 1871 2517; x_wconf 68' lang='lat' dir='ltr'><strong>suppliunt,</strong></span> 
     </span>
    </p>
   </div>
   <div class='ocr_carea' id='block_1_39' title="bbox 297 2537 1876 2609">
    <p class='ocr_par' dir='ltr' id='par_1_39' title="bbox 297 2537 1876 2609">
     <span class='ocr_line' id='line_1_39' title="bbox 297 2537 1876 2609; baseline 0 -16"><span class='ocrx_word' id='word_1_279' title='bbox 297 2550 460 2609; x_wconf 89' lang='lat' dir='ltr'><strong>atque</strong></span> <span class='ocrx_word' id='word_1_280' title='bbox 486 2539 845 2608; x_wconf 83' lang='lat' dir='ltr'><strong>respondente</strong></span> <span class='ocrx_word' id='word_1_281' title='bbox 874 2537 1216 2603; x_wconf 85' lang='lat' dir='ltr'><strong>Cltrodielde,</strong></span> <span class='ocrx_word' id='word_1_282' title='bbox 1257 2554 1324 2592; x_wconf 92' lang='lat' dir='ltr'><strong>eo</strong></span> <span class='ocrx_word' id='word_1_283' title='bbox 1353 2539 1491 2607; x_wconf 87' lang='lat' dir='ltr'><strong>quod</strong></span> <span class='ocrx_word' id='word_1_284' title='bbox 1525 2539 1628 2592; x_wconf 83' lang='lat' dir='ltr'><strong>tale</strong></span> <span class='ocrx_word' id='word_1_285' title='bbox 1672 2539 1876 2594; x_wconf 87' lang='lat' dir='ltr'><strong>facinus</strong></span> 
     </span>
    </p>
   </div>
   <div class='ocr_carea' id='block_1_40' title="bbox 299 2629 1863 2697">
    <p class='ocr_par' dir='ltr' id='par_1_40' title="bbox 299 2629 1863 2697">
     <span class='ocr_line' id='line_1_40' title="bbox 299 2629 1863 2697; baseline 0 -13"><span class='ocrx_word' id='word_1_286' title='bbox 299 2647 400 2685; x_wconf 89' lang='lat' dir='ltr'><strong>nec</strong></span> <span class='ocrx_word' id='word_1_287' title='bbox 427 2640 681 2694; x_wconf 82' lang='lat' dir='ltr'><strong>scissent,</strong></span> <span class='ocrx_word' id='word_1_288' title='bbox 727 2645 823 2683; x_wconf 89' lang='lat' dir='ltr'><strong>nec</strong></span> <span class='ocrx_word' id='word_1_289' title='bbox 850 2631 1126 2697; x_wconf 85' lang='lat' dir='ltr'><strong>jttsserint,</strong></span> <span class='ocrx_word' id='word_1_290' title='bbox 1156 2631 1325 2682; x_wconf 85' lang='lat' dir='ltr'><strong>adhuc</strong></span> <span class='ocrx_word' id='word_1_291' title='bbox 1352 2629 1672 2683; x_wconf 79' lang='lat' dir='ltr'><strong>Cltrodielde</strong></span> <span class='ocrx_word' id='word_1_292' title='bbox 1715 2645 1863 2684; x_wconf 84' lang='lat' dir='ltr'><strong>asse-</strong></span> 
     </span>
    </p>
   </div>
   <div class='ocr_carea' id='block_1_41' title="bbox 297 2721 1874 2790">
    <p class='ocr_par' dir='ltr' id='par_1_41' title="bbox 297 2721 1874 2790">
     <span class='ocr_line' id='line_1_41' title="bbox 297 2721 1874 2790; baseline -0.002 -14"><span class='ocrx_word' id='word_1_293' title='bbox 297 2734 454 2776; x_wconf 84' lang='lat' dir='ltr'><strong>rente</strong></span> <span class='ocrx_word' id='word_1_294' title='bbox 482 2723 545 2774; x_wconf 87' lang='lat' dir='ltr'><strong>ad</strong></span> <span class='ocrx_word' id='word_1_295' title='bbox 577 2724 944 2790; x_wconf 83' lang='lat' dir='ltr'><strong>intersignium</strong></span> <span class='ocrx_word' id='word_1_296' title='bbox 971 2737 1147 2786; x_wconf 81' lang='lat' dir='ltr'><strong>suum,</strong></span> <span class='ocrx_word' id='word_1_297' title='bbox 1176 2735 1241 2774; x_wconf 92' lang='lat' dir='ltr'><strong>ne</strong></span> <span class='ocrx_word' id='word_1_298' title='bbox 1262 2737 1292 2774; x_wconf 91' lang='lat' dir='ltr'><strong>a</strong></span> <span class='ocrx_word' id='word_1_299' title='bbox 1321 2721 1432 2774; x_wconf 86' lang='lat' dir='ltr'><strong>suis</strong></span> <span class='ocrx_word' id='word_1_300' title='bbox 1461 2721 1874 2785; x_wconf 87' lang='lat' dir='ltr'><strong>interﬁceretur,</strong></span> 
     </span>
    </p>
   </div>
   <div class='ocr_carea' id='block_1_42' title="bbox 297 2813 1878 2880">
    <p class='ocr_par' dir='ltr' id='par_1_42' title="bbox 297 2813 1878 2880">
     <span class='ocr_line' id='line_1_42' title="bbox 297 2813 1878 2880; baseline 0.001 -14"><span class='ocrx_word' id='word_1_301' title='bbox 297 2813 577 2867; x_wconf 85' lang='lat' dir='ltr'><strong>obtentum</strong></span> <span class='ocrx_word' id='word_1_302' title='bbox 615 2813 682 2866; x_wconf 88' lang='lat' dir='ltr'><strong>sit</strong></span> <span class='ocrx_word' id='word_1_303' title='bbox 717 2813 894 2866; x_wconf 89' lang='lat' dir='ltr'><strong>:unde</strong></span> <span class='ocrx_word' id='word_1_304' title='bbox 920 2821 1126 2866; x_wconf 91' lang='lat' dir='ltr'><strong>certum</strong></span> <span class='ocrx_word' id='word_1_305' title='bbox 1161 2821 1244 2866; x_wconf 90' lang='lat' dir='ltr'><strong>est</strong></span> <span class='ocrx_word' id='word_1_306' title='bbox 1285 2818 1495 2866; x_wconf 80' lang='lat' dir='ltr'><strong>tracmri</strong></span> <span class='ocrx_word' id='word_1_307' title='bbox 1523 2813 1646 2880; x_wconf 87' lang='lat' dir='ltr'><strong>quid</strong></span> <span class='ocrx_word' id='word_1_308' title='bbox 1674 2829 1743 2867; x_wconf 88' lang='lat' dir='ltr'><strong>ex</strong></span> <span class='ocrx_word' id='word_1_309' title='bbox 1777 2813 1878 2869; x_wconf 90' lang='lat' dir='ltr'><strong>hoc</strong></span> 
     </span>
    </p>
   </div>
   <div class='ocr_carea' id='block_1_43' title="bbox 298 2902 1876 2971">
    <p class='ocr_par' dir='ltr' id='par_1_43' title="bbox 298 2902 1876 2971">
     <span class='ocr_line' id='line_1_43' title="bbox 298 2902 1876 2971; baseline 0.001 -17"><span class='ocrx_word' id='word_1_310' title='bbox 298 2904 457 2956; x_wconf 83' lang='lat' dir='ltr'><strong>tiatur</strong></span> <span class='ocrx_word' id='word_1_311' title='bbox 489 2903 732 2971; x_wconf 74' lang='lat' dir='ltr'><strong>intelligi,</strong></span> <span class='ocrx_word' id='word_1_312' title='bbox 775 2903 913 2971; x_wconf 90' lang='lat' dir='ltr'><strong>quod</strong></span> <span class='ocrx_word' id='word_1_313' title='bbox 964 2902 1178 2955; x_wconf 88' lang='lat' dir='ltr'><strong>additur</strong></span> <span class='ocrx_word' id='word_1_314' title='bbox 1216 2902 1541 2969; x_wconf 86' lang='lat' dir='ltr'><strong>crudelitati,</strong></span> <span class='ocrx_word' id='word_1_315' title='bbox 1595 2904 1660 2956; x_wconf 88' lang='lat' dir='ltr'><strong>ad</strong></span> <span class='ocrx_word' id='word_1_316' title='bbox 1691 2905 1876 2971; x_wconf 85' lang='lat' dir='ltr'><strong>sepul-</strong></span> 
     </span>
    </p>
   </div>
   <div class='ocr_carea' id='block_1_44' title="bbox 301 2992 1881 3061">
    <p class='ocr_par' dir='ltr' id='par_1_44' title="bbox 301 2992 1881 3061">
     <span class='ocr_line' id='line_1_44' title="bbox 301 2992 1881 3061; baseline 0.002 -15"><span class='ocrx_word' id='word_1_317' title='bbox 301 3008 454 3047; x_wconf 83' lang='lat' dir='ltr'><strong>crum</strong></span> <span class='ocrx_word' id='word_1_318' title='bbox 489 2994 656 3046; x_wconf 74' lang='lat' dir='ltr'><strong>beata:</strong></span> <span class='ocrx_word' id='word_1_319' title='bbox 681 2992 1016 3060; x_wconf 69' lang='lat' dir='ltr'><strong>liadcguudis</strong></span> <span class='ocrx_word' id='word_1_320' title='bbox 1045 2992 1334 3061; x_wconf 90' lang='lat' dir='ltr'><strong>fugientem</strong></span> <span class='ocrx_word' id='word_1_321' title='bbox 1367 3009 1580 3046; x_wconf 87' lang='lat' dir='ltr'><strong>servum</strong></span> <span class='ocrx_word' id='word_1_322' title='bbox 1611 3009 1881 3049; x_wconf 88' lang='lat' dir='ltr'><strong>monaste-</strong></span> 
     </span>
    </p>
   </div>
   <div class='ocr_carea' id='block_1_45' title="bbox 301 3083 1879 3153">
    <p class='ocr_par' dir='ltr' id='par_1_45' title="bbox 301 3083 1879 3153">
     <span class='ocr_line' id='line_1_45' title="bbox 301 3083 1879 3153; baseline -0.003 -14"><span class='ocrx_word' id='word_1_323' title='bbox 301 3087 367 3139; x_wconf 85' lang='lat' dir='ltr'><strong>rii</strong></span> <span class='ocrx_word' id='word_1_324' title='bbox 399 3085 479 3138; x_wconf 83' lang='lat' dir='ltr'><strong>Siti</strong></span> <span class='ocrx_word' id='word_1_325' title='bbox 511 3083 838 3147; x_wconf 88' lang='lat' dir='ltr'><strong>occiderent,</strong></span> <span class='ocrx_word' id='word_1_326' title='bbox 879 3093 933 3138; x_wconf 86' lang='lat' dir='ltr'><strong>et</strong></span> <span class='ocrx_word' id='word_1_327' title='bbox 958 3085 1160 3139; x_wconf 84' lang='lat' dir='ltr'><strong>scelere</strong></span> <span class='ocrx_word' id='word_1_328' title='bbox 1183 3095 1464 3138; x_wconf 87' lang='lat' dir='ltr'><strong>crescente</strong></span> <span class='ocrx_word' id='word_1_329' title='bbox 1493 3085 1623 3138; x_wconf 90' lang='lat' dir='ltr'><strong>ttiltil</strong></span> <span class='ocrx_word' id='word_1_330' title='bbox 1651 3087 1879 3153; x_wconf 82' lang='lat' dir='ltr'><strong>petendo</strong></span> 
     </span>
    </p>
   </div>
   <div class='ocr_carea' id='block_1_46' title="bbox 303 3175 1875 3242">
    <p class='ocr_par' dir='ltr' id='par_1_46' title="bbox 303 3175 1875 3242">
     <span class='ocr_line' id='line_1_46' title="bbox 303 3175 1875 3242; baseline 0.002 -14"><span class='ocrx_word' id='word_1_331' title='bbox 303 3178 650 3240; x_wconf 84' lang='lat' dir='ltr'><strong>sanaverint;</strong></span> <span class='ocrx_word' id='word_1_332' title='bbox 696 3175 788 3228; x_wconf 88' lang='lat' dir='ltr'><strong>sed</strong></span> <span class='ocrx_word' id='word_1_333' title='bbox 821 3191 914 3242; x_wconf 89' lang='lat' dir='ltr'><strong>per</strong></span> <span class='ocrx_word' id='word_1_334' title='bbox 952 3189 1010 3228; x_wconf 90' lang='lat' dir='ltr'><strong>se</strong></span> <span class='ocrx_word' id='word_1_335' title='bbox 1047 3186 1164 3241; x_wconf 88' lang='lat' dir='ltr'><strong>post</strong></span> <span class='ocrx_word' id='word_1_336' title='bbox 1199 3177 1459 3231; x_wconf 85' lang='lat' dir='ltr'><strong>intrantes</strong></span> <span class='ocrx_word' id='word_1_337' title='bbox 1498 3179 1875 3231; x_wconf 85' lang='lat' dir='ltr'><strong>monasterium</strong></span> 
     </span>
    </p>
   </div>
   <div class='ocr_carea' id='block_1_47' title="bbox 1970 1991 3546 2057">
    <p class='ocr_par' dir='ltr' id='par_1_47' title="bbox 1970 1991 3546 2057">
     <span class='ocr_line' id='line_1_47' title="bbox 1970 1991 3546 2057; baseline -0.005 -12"><span class='ocrx_word' id='word_1_338' title='bbox 1970 2003 2135 2047; x_wconf 88' lang='lat' dir='ltr'><strong>ctum.</strong></span> <span class='ocrx_word' id='word_1_339' title='bbox 2183 1993 2424 2044; x_wconf 80' lang='lat' dir='ltr'><strong>Christus</strong></span> <span class='ocrx_word' id='word_1_340' title='bbox 2465 2005 2561 2043; x_wconf 93' lang='lat' dir='ltr'><strong>vos</strong></span> <span class='ocrx_word' id='word_1_341' title='bbox 2616 1991 2866 2044; x_wconf 87' lang='lat' dir='ltr'><strong>Dominus</strong></span> <span class='ocrx_word' id='word_1_342' title='bbox 2895 1993 3000 2042; x_wconf 90' lang='lat' dir='ltr'><strong>alat</strong></span> <span class='ocrx_word' id='word_1_343' title='bbox 3032 1999 3302 2057; x_wconf 74' lang='lat' dir='ltr'><strong>rogatque,</strong></span> <span class='ocrx_word' id='word_1_344' title='bbox 3331 2001 3546 2054; x_wconf 63' lang='lat' dir='ltr'><strong>regnum</strong></span> 
     </span>
    </p>
   </div>
   <div class='ocr_carea' id='block_1_48' title="bbox 1973 2079 3386 2150">
    <p class='ocr_par' dir='ltr' id='par_1_48' title="bbox 1973 2079 3386 2150">
     <span class='ocr_line' id='line_1_48' title="bbox 1973 2079 3386 2150; baseline -0.004 -16"><span class='ocrx_word' id='word_1_345' title='bbox 1973 2091 2010 2135; x_wconf 94' lang='lat' dir='ltr'><strong>tt</strong></span> <span class='ocrx_word' id='word_1_346' title='bbox 2027 2084 2210 2135; x_wconf 84' lang='lat' dir='ltr'><strong>ibuens</strong></span> <span class='ocrx_word' id='word_1_347' title='bbox 2244 2084 2518 2150; x_wconf 81' lang='lat' dir='ltr'><strong>prolixius,</strong></span> <span class='ocrx_word' id='word_1_348' title='bbox 2548 2083 2813 2149; x_wconf 86' lang='lat' dir='ltr'><strong>vitamque</strong></span> <span class='ocrx_word' id='word_1_349' title='bbox 2837 2083 3076 2133; x_wconf 72' lang='lat' dir='ltr'><strong>confciat</strong></span> <span class='ocrx_word' id='word_1_350' title='bbox 3101 2079 3330 2132; x_wconf 83' lang='lat' dir='ltr'><strong>beatam.</strong></span> <span class='ocrx_word' id='word_1_351' title='bbox 3370 2097 3386 2128; x_wconf 84' lang='grc'><strong>›</strong></span> 
     </span>
    </p>
   </div>
   <div class='ocr_carea' id='block_1_49' title="bbox 2045 2170 3548 2237">
    <p class='ocr_par' dir='ltr' id='par_1_49' title="bbox 2045 2170 3548 2237">
     <span class='ocr_line' id='line_1_49' title="bbox 2045 2170 3548 2237; baseline -0.004 -9"><span class='ocrx_word' id='word_1_352' title='bbox 2045 2173 2206 2228; x_wconf 76' lang='lat' dir='ltr'><strong>XVII.</strong></span> <span class='ocrx_word' id='word_1_353' title='bbox 2250 2173 2494 2226; x_wconf 64' lang='lat' dir='ltr'><strong>P0~llltlFC</strong></span> <span class='ocrx_word' id='word_1_354' title='bbox 2521 2187 2639 2226; x_wconf 89' lang='lat' dir='ltr'><strong>cum</strong></span> <span class='ocrx_word' id='word_1_355' title='bbox 2664 2173 2861 2225; x_wconf 70' lang='lat' dir='ltr'><strong>emissi)</strong></span> <span class='ocrx_word' id='word_1_356' title='bbox 2887 2171 3088 2237; x_wconf 83' lang='lat' dir='ltr'><strong>judicio</strong></span> <span class='ocrx_word' id='word_1_357' title='bbox 3116 2185 3144 2222; x_wconf 90' lang='lat' dir='ltr'><strong>a</strong></span> <span class='ocrx_word' id='word_1_358' title='bbox 3171 2170 3548 2222; x_wconf 86' lang='lat' dir='ltr'><strong>eummuniono</strong></span> 
     </span>
    </p>
   </div>
   <div class='ocr_carea' id='block_1_50' title="bbox 1977 2261 3550 2331">
    <p class='ocr_par' dir='ltr' id='par_1_50' title="bbox 1977 2261 3550 2331">
     <span class='ocr_line' id='line_1_50' title="bbox 1977 2261 3550 2331; baseline -0.004 -13"><span class='ocrx_word' id='word_1_359' title='bbox 1977 2267 2195 2320; x_wconf 76' lang='lat' dir='ltr'><strong>fuissent</strong></span> <span class='ocrx_word' id='word_1_360' title='bbox 2241 2279 2541 2331; x_wconf 75' lang='lat' dir='ltr'><strong>sUSpensae,</strong></span> <span class='ocrx_word' id='word_1_361' title='bbox 2587 2264 2848 2317; x_wconf 88' lang='lat' dir='ltr'><strong>abbatissa</strong></span> <span class='ocrx_word' id='word_1_362' title='bbox 2888 2265 3046 2316; x_wconf 89' lang='lat' dir='ltr'><strong>etiam</strong></span> <span class='ocrx_word' id='word_1_363' title='bbox 3087 2263 3139 2315; x_wconf 92' lang='lat' dir='ltr'><strong>in</strong></span> <span class='ocrx_word' id='word_1_364' title='bbox 3171 2261 3550 2314; x_wconf 88' lang='lat' dir='ltr'><strong>monasterium</strong></span> 
     </span>
    </p>
   </div>
   <div class='ocr_carea' id='block_1_51' title="bbox 1979 2345 3550 2424">
    <p class='ocr_par' dir='ltr' id='par_1_51' title="bbox 1979 2345 3550 2424">
     <span class='ocr_line' id='line_1_51' title="bbox 1979 2345 3550 2424; baseline -0.006 -12"><span class='ocrx_word' id='word_1_365' title='bbox 1979 2359 2246 2423; x_wconf 88' lang='lat' dir='ltr'><strong>restituta,</strong></span> <span class='ocrx_word' id='word_1_366' title='bbox 2281 2359 2360 2409; x_wconf 76' lang='lat' dir='ltr'><strong>lue</strong></span> <span class='ocrx_word' id='word_1_367' title='bbox 2390 2345 2868 2409; x_wconf 26' lang='lat' dir='ltr'><strong>ad‘Cliildebertutn</strong></span> <span class='ocrx_word' id='word_1_368' title='bbox 2893 2370 3068 2424; x_wconf 67' lang='lat' dir='ltr'><strong>regem</strong></span> <span class='ocrx_word' id='word_1_369' title='bbox 3103 2355 3386 2421; x_wconf 88' lang='lat' dir='ltr'><strong>petierunt,</strong></span> <span class='ocrx_word' id='word_1_370' title='bbox 3416 2352 3550 2418; x_wconf 86' lang='lat' dir='ltr'><strong>adji-</strong></span> 
     </span>
    </p>
   </div>
   <div class='ocr_carea' id='block_1_52' title="bbox 1977 2443 3551 2515">
    <p class='ocr_par' dir='ltr' id='par_1_52' title="bbox 1977 2443 3551 2515">
     <span class='ocr_line' id='line_1_52' title="bbox 1977 2443 3551 2515; baseline -0.006 -10"><span class='ocrx_word' id='word_1_371' title='bbox 1977 2454 2183 2505; x_wconf 83' lang='lat' dir='ltr'><strong>cientes</strong></span> <span class='ocrx_word' id='word_1_372' title='bbox 2231 2451 2424 2503; x_wconf 87' lang='lat' dir='ltr'><strong>malum</strong></span> <span class='ocrx_word' id='word_1_373' title='bbox 2458 2463 2615 2515; x_wconf 81' lang='lat' dir='ltr'><strong>supra</strong></span> <span class='ocrx_word' id='word_1_374' title='bbox 2661 2448 2880 2510; x_wconf 90' lang='lat' dir='ltr'><strong>malum,</strong></span> <span class='ocrx_word' id='word_1_375' title='bbox 2908 2446 3319 2500; x_wconf 89' lang='lat' dir='ltr'><strong>denominantes</strong></span> <span class='ocrx_word' id='word_1_376' title='bbox 3358 2443 3551 2496; x_wconf 88' lang='lat' dir='ltr'><strong>scilicet</strong></span> 
     </span>
    </p>
   </div>
   <div class='ocr_carea' id='block_1_53' title="bbox 1978 2538 3551 2612">
    <p class='ocr_par' dir='ltr' id='par_1_53' title="bbox 1978 2538 3551 2612">
     <span class='ocr_line' id='line_1_53' title="bbox 1978 2538 3551 2612; baseline -0.005 -16"><span class='ocrx_word' id='word_1_377' title='bbox 1978 2547 2088 2612; x_wconf 74' lang='lat' dir='ltr'><strong>regi</strong></span> <span class='ocrx_word' id='word_1_378' title='bbox 2137 2557 2394 2610; x_wconf 85' lang='lat' dir='ltr'><strong>personas</strong></span> <span class='ocrx_word' id='word_1_379' title='bbox 2436 2542 2716 2610; x_wconf 88' lang='lat' dir='ltr'><strong>quasdam,</strong></span> <span class='ocrx_word' id='word_1_380' title='bbox 2770 2556 2886 2608; x_wconf 72' lang='lat' dir='ltr'><strong>qua:</strong></span> <span class='ocrx_word' id='word_1_381' title='bbox 2939 2555 3042 2592; x_wconf 88' lang='lat' dir='ltr'><strong>non</strong></span> <span class='ocrx_word' id='word_1_382' title='bbox 3090 2539 3259 2592; x_wconf 87' lang='lat' dir='ltr'><strong>solum</strong></span> <span class='ocrx_word' id='word_1_383' title='bbox 3291 2553 3408 2591; x_wconf 88' lang='lat' dir='ltr'><strong>cum</strong></span> <span class='ocrx_word' id='word_1_384' title='bbox 3441 2538 3551 2604; x_wconf 89' lang='lat' dir='ltr'><strong>ipsa</strong></span> 
     </span>
    </p>
   </div>
   <div class='ocr_carea' id='block_1_54' title="bbox 1978 2628 3550 2693">
    <p class='ocr_par' dir='ltr' id='par_1_54' title="bbox 1978 2628 3550 2693">
     <span class='ocr_line' id='line_1_54' title="bbox 1978 2628 3550 2693; baseline -0.006 -5"><span class='ocrx_word' id='word_1_385' title='bbox 1978 2637 2244 2688; x_wconf 68' lang='lat' dir='ltr'><strong>abbatissa</strong></span> <span class='ocrx_word' id='word_1_386' title='bbox 2275 2633 2538 2687; x_wconf 88' lang='lat' dir='ltr'><strong>adulteria</strong></span> <span class='ocrx_word' id='word_1_387' title='bbox 2581 2642 2912 2693; x_wconf 78' lang='lat' dir='ltr'><strong>exercerent,</strong></span> <span class='ocrx_word' id='word_1_388' title='bbox 2949 2644 3132 2683; x_wconf 90' lang='lat' dir='ltr'><strong>verum</strong></span> <span class='ocrx_word' id='word_1_389' title='bbox 3165 2630 3323 2682; x_wconf 89' lang='lat' dir='ltr'><strong>etiam</strong></span> <span class='ocrx_word' id='word_1_390' title='bbox 3354 2628 3418 2680; x_wconf 81' lang='lat' dir='ltr'><strong>ad</strong></span> <span class='ocrx_word' id='word_1_391' title='bbox 3453 2628 3550 2679; x_wconf 83' lang='lat' dir='ltr'><strong>ini-</strong></span> 
     </span>
    </p>
   </div>
   <div class='ocr_carea' id='block_1_55' title="bbox 1980 2720 3544 2796">
    <p class='ocr_par' dir='ltr' id='par_1_55' title="bbox 1980 2720 3544 2796">
     <span class='ocr_line' id='line_1_55' title="bbox 1980 2720 3544 2796; baseline -0.007 -17"><span class='ocrx_word' id='word_1_392' title='bbox 1980 2728 2171 2780; x_wconf 87' lang='lat' dir='ltr'><strong>micam</strong></span> <span class='ocrx_word' id='word_1_393' title='bbox 2221 2727 2336 2796; x_wconf 84' lang='lat' dir='ltr'><strong>ejus</strong></span> <span class='ocrx_word' id='word_1_394' title='bbox 2369 2724 2768 2792; x_wconf 61' lang='lat' dir='ltr'><strong>Fretlegundem</strong></span> <span class='ocrx_word' id='word_1_395' title='bbox 2798 2723 3032 2792; x_wconf 89' lang='lat' dir='ltr'><strong>quotidie</strong></span> <span class='ocrx_word' id='word_1_396' title='bbox 3083 2721 3264 2773; x_wconf 88' lang='lat' dir='ltr'><strong>nuntia</strong></span> <span class='ocrx_word' id='word_1_397' title='bbox 3297 2720 3544 2786; x_wconf 77' lang='lat' dir='ltr'><strong>deporta-</strong></span> 
     </span>
    </p>
   </div>
   <div class='ocr_carea' id='block_1_56' title="bbox 1979 2810 3554 2884">
    <p class='ocr_par' dir='ltr' id='par_1_56' title="bbox 1979 2810 3554 2884">
     <span class='ocr_line' id='line_1_56' title="bbox 1979 2810 3554 2884; baseline -0.007 -11"><span class='ocrx_word' id='word_1_398' title='bbox 1979 2835 2118 2873; x_wconf 79' lang='lat' dir='ltr'><strong>rent.</strong></span> <span class='ocrx_word' id='word_1_399' title='bbox 2148 2819 2299 2884; x_wconf 88' lang='lat' dir='ltr'><strong>Quod</strong></span> <span class='ocrx_word' id='word_1_400' title='bbox 2332 2819 2553 2871; x_wconf 89' lang='lat' dir='ltr'><strong>audiens</strong></span> <span class='ocrx_word' id='word_1_401' title='bbox 2585 2832 2696 2881; x_wconf 82' lang='lat' dir='ltr'><strong>rex,</strong></span> <span class='ocrx_word' id='word_1_402' title='bbox 2732 2815 2874 2870; x_wconf 90' lang='lat' dir='ltr'><strong>misit</strong></span> <span class='ocrx_word' id='word_1_403' title='bbox 2901 2816 2985 2883; x_wconf 90' lang='lat' dir='ltr'><strong>qui</strong></span> <span class='ocrx_word' id='word_1_404' title='bbox 3019 2829 3109 2866; x_wconf 79' lang='lat' dir='ltr'><strong>ros</strong></span> <span class='ocrx_word' id='word_1_405' title='bbox 3137 2815 3343 2866; x_wconf 89' lang='lat' dir='ltr'><strong>vinctos</strong></span> <span class='ocrx_word' id='word_1_406' title='bbox 3391 2810 3554 2863; x_wconf 83' lang='lat' dir='ltr'><strong>addu-</strong></span> 
     </span>
    </p>
   </div>
   <div class='ocr_carea' id='block_1_57' title="bbox 1980 2904 3549 2965">
    <p class='ocr_par' dir='ltr' id='par_1_57' title="bbox 1980 2904 3549 2965">
     <span class='ocr_line' id='line_1_57' title="bbox 1980 2904 3549 2965; baseline -0.007 0"><span class='ocrx_word' id='word_1_407' title='bbox 1980 2919 2164 2965; x_wconf 88' lang='lat' dir='ltr'><strong>cerent</strong></span> <span class='ocrx_word' id='word_1_408' title='bbox 2194 2927 2208 2964; x_wconf 91' lang='lat'><strong><em>:</em></strong></span> <span class='ocrx_word' id='word_1_409' title='bbox 2239 2910 2330 2964; x_wconf 88' lang='lat' dir='ltr'><strong>sed</strong></span> <span class='ocrx_word' id='word_1_410' title='bbox 2362 2926 2481 2963; x_wconf 92' lang='lat' dir='ltr'><strong>cunt</strong></span> <span class='ocrx_word' id='word_1_411' title='bbox 2512 2907 2733 2962; x_wconf 87' lang='lat' dir='ltr'><strong>discussi</strong></span> <span class='ocrx_word' id='word_1_412' title='bbox 2764 2906 2894 2959; x_wconf 90' lang='lat' dir='ltr'><strong>nihil</strong></span> <span class='ocrx_word' id='word_1_413' title='bbox 2923 2905 3164 2958; x_wconf 73' lang='lat' dir='ltr'><strong>criminis</strong></span> <span class='ocrx_word' id='word_1_414' title='bbox 3190 2905 3462 2957; x_wconf 88' lang='lat' dir='ltr'><strong>inventum</strong></span> <span class='ocrx_word' id='word_1_415' title='bbox 3499 2904 3549 2954; x_wconf 88' lang='lat' dir='ltr'><strong>itt</strong></span> 
     </span>
    </p>
   </div>
   <div class='ocr_carea' id='block_1_58' title="bbox 1981 2999 2940 3067">
    <p class='ocr_par' dir='ltr' id='par_1_58' title="bbox 1981 2999 2940 3067">
     <span class='ocr_line' id='line_1_58' title="bbox 1981 2999 2940 3067; baseline -0.009 -9"><span class='ocrx_word' id='word_1_416' title='bbox 1981 3005 2060 3058; x_wconf 87' lang='lat' dir='ltr'><strong>eis</strong></span> <span class='ocrx_word' id='word_1_417' title='bbox 2089 3002 2295 3066; x_wconf 77' lang='lat' dir='ltr'><strong>fuisset,</strong></span> <span class='ocrx_word' id='word_1_418' title='bbox 2319 3001 2607 3054; x_wconf 85' lang='lat' dir='ltr'><strong>abscedere</strong></span> <span class='ocrx_word' id='word_1_419' title='bbox 2632 2999 2764 3067; x_wconf 88' lang='lat' dir='ltr'><strong>jussi</strong></span> <span class='ocrx_word' id='word_1_420' title='bbox 2798 3007 2940 3050; x_wconf 90' lang='lat' dir='ltr'><strong>sunt.</strong></span> 
     </span>
    </p>
   </div>
   <div class='ocr_carea' id='block_1_59' title="bbox 2053 3081 3554 3146">
    <p class='ocr_par' dir='ltr' id='par_1_59' title="bbox 2053 3081 3554 3146">
     <span class='ocr_line' id='line_1_59' title="bbox 2053 3081 3554 3146; baseline -0.009 0"><span class='ocrx_word' id='word_1_421' title='bbox 2053 3091 2240 3146; x_wconf 79' lang='lat' dir='ltr'><strong>XVIII.</strong></span> <span class='ocrx_word' id='word_1_422' title='bbox 2285 3094 2422 3145; x_wconf 83' lang='lat' dir='ltr'><strong>Ante</strong></span> <span class='ocrx_word' id='word_1_423' title='bbox 2455 3091 2548 3142; x_wconf 90' lang='lat' dir='ltr'><strong>hos</strong></span> <span class='ocrx_word' id='word_1_424' title='bbox 2581 3104 2706 3141; x_wconf 91' lang='lat' dir='ltr'><strong>vero</strong></span> <span class='ocrx_word' id='word_1_425' title='bbox 2732 3087 2846 3140; x_wconf 89' lang='lat' dir='ltr'><strong>dies</strong></span> <span class='ocrx_word' id='word_1_426' title='bbox 2876 3101 2994 3139; x_wconf 89' lang='lat' dir='ltr'><strong>cum</strong></span> <span class='ocrx_word' id='word_1_427' title='bbox 3037 3099 3133 3137; x_wconf 86' lang='lat' dir='ltr'><strong>rex</strong></span> <span class='ocrx_word' id='word_1_428' title='bbox 3178 3082 3231 3136; x_wconf 92' lang='lat' dir='ltr'><strong>in</strong></span> <span class='ocrx_word' id='word_1_429' title='bbox 3263 3081 3554 3135; x_wconf 86' lang='lat' dir='ltr'><strong>oratorium</strong></span> 
     </span>
    </p>
   </div>
   <div class='ocr_carea' id='block_1_60' title="bbox 1983 3171 3556 3250">
    <p class='ocr_par' dir='ltr' id='par_1_60' title="bbox 1983 3171 3556 3250">
     <span class='ocr_line' id='line_1_60' title="bbox 1983 3171 3556 3250; baseline -0.008 -13"><span class='ocrx_word' id='word_1_430' title='bbox 1983 3183 2172 3237; x_wconf 77' lang='lat' dir='ltr'><strong>domus</strong></span> <span class='ocrx_word' id='word_1_431' title='bbox 2197 3179 2547 3250; x_wconf 80' lang='lat' dir='ltr'><strong>Mariligeusis</strong></span> <span class='ocrx_word' id='word_1_432' title='bbox 2578 3178 2962 3247; x_wconf 86' lang='lat' dir='ltr'><strong>ingrederetur,</strong></span> <span class='ocrx_word' id='word_1_433' title='bbox 2997 3175 3242 3227; x_wconf 84' lang='lat' dir='ltr'><strong>viderunt</strong></span> <span class='ocrx_word' id='word_1_434' title='bbox 3271 3171 3417 3240; x_wconf 88' lang='lat' dir='ltr'><strong>pueri</strong></span> <span class='ocrx_word' id='word_1_435' title='bbox 3443 3171 3556 3238; x_wconf 78' lang='lat' dir='ltr'><strong>ejus</strong></span> 
     </span>
    </p>
   </div>
   <div class='ocr_carea' id='block_1_61' title="bbox 304 3263 3556 3340">
    <p class='ocr_par' dir='ltr' id='par_1_61' title="bbox 304 3263 3556 3340">
     <span class='ocr_line' id='line_1_61' title="bbox 304 3263 3556 3340; baseline -0.001 -20"><span class='ocrx_word' id='word_1_436' title='bbox 304 3268 565 3334; x_wconf 88' lang='lat' dir='ltr'><strong>ceperint,</strong></span> <span class='ocrx_word' id='word_1_437' title='bbox 605 3276 656 3318; x_wconf 90' lang='lat' dir='ltr'><strong>et</strong></span> <span class='ocrx_word' id='word_1_438' title='bbox 692 3266 755 3317; x_wconf 86' lang='lat' dir='ltr'><strong>ad</strong></span> <span class='ocrx_word' id='word_1_439' title='bbox 785 3267 1103 3318; x_wconf 80' lang='lat' dir='ltr'><strong>domnorum</strong></span> <span class='ocrx_word' id='word_1_440' title='bbox 1129 3263 1453 3333; x_wconf 90' lang='lat' dir='ltr'><strong>jussionem,</strong></span> <span class='ocrx_word' id='word_1_441' title='bbox 1497 3275 1553 3320; x_wconf 91' lang='lat' dir='ltr'><strong>ut</strong></span> <span class='ocrx_word' id='word_1_442' title='bbox 1597 3268 1881 3322; x_wconf 82' lang='lat' dir='ltr'><strong>seditiosos</strong></span> <span class='ocrx_word' id='word_1_443' title='bbox 1908 3263 1952 3323; x_wconf 90' lang='lat' dir='ltr'><strong>C</strong></span> <span class='ocrx_word' id='word_1_444' title='bbox 1989 3276 2254 3328; x_wconf 77' lang='lat' dir='ltr'><strong>hominem</strong></span> <span class='ocrx_word' id='word_1_445' title='bbox 2289 3275 2520 3340; x_wconf 84' lang='lat' dir='ltr'><strong>ignotum</strong></span> <span class='ocrx_word' id='word_1_446' title='bbox 2553 3272 2759 3324; x_wconf 86' lang='lat' dir='ltr'><strong>eminus</strong></span> <span class='ocrx_word' id='word_1_447' title='bbox 2789 3277 3076 3332; x_wconf 80' lang='lat' dir='ltr'><strong>aStantetn,</strong></span> <span class='ocrx_word' id='word_1_448' title='bbox 3113 3266 3464 3332; x_wconf 79' lang='lat' dir='ltr'><strong>dixeruntque</strong></span> <span class='ocrx_word' id='word_1_449' title='bbox 3492 3264 3556 3319; x_wconf 87' lang='lat' dir='ltr'><strong>ad</strong></span> 
     </span>
    </p>
   </div>
   <div class='ocr_carea' id='block_1_62' title="bbox 305 3357 1882 3425">
    <p class='ocr_par' dir='ltr' id='par_1_62' title="bbox 305 3357 1882 3425">
     <span class='ocr_line' id='line_1_62' title="bbox 305 3357 1882 3425; baseline 0.001 -13"><span class='ocrx_word' id='word_1_450' title='bbox 305 3358 431 3412; x_wconf 90' lang='lat' dir='ltr'><strong>illos</strong></span> <span class='ocrx_word' id='word_1_451' title='bbox 472 3360 524 3410; x_wconf 89' lang='lat' dir='ltr'><strong>in</strong></span> <span class='ocrx_word' id='word_1_452' title='bbox 562 3357 774 3425; x_wconf 92' lang='lat' dir='ltr'><strong>publico</strong></span> <span class='ocrx_word' id='word_1_453' title='bbox 821 3365 1307 3425; x_wconf 70' lang='lat' dir='ltr'><strong>reprresentarent,</strong></span> <span class='ocrx_word' id='word_1_454' title='bbox 1367 3357 1608 3412; x_wconf 87' lang='lat' dir='ltr'><strong>nolentes</strong></span> <span class='ocrx_word' id='word_1_455' title='bbox 1669 3360 1882 3425; x_wconf 85' lang='lat' dir='ltr'><strong>acquie-</strong></span> 
     </span>
    </p>
   </div>
   <div class='ocr_carea' id='block_1_63' title="bbox 306 3449 1884 3518">
    <p class='ocr_par' dir='ltr' id='par_1_63' title="bbox 306 3449 1884 3518">
     <span class='ocr_line' id='line_1_63' title="bbox 306 3449 1884 3518; baseline 0.003 -16"><span class='ocrx_word' id='word_1_456' title='bbox 306 3463 482 3512; x_wconf 77' lang='lat' dir='ltr'><strong>scere,</strong></span> <span class='ocrx_word' id='word_1_457' title='bbox 524 3458 576 3502; x_wconf 92' lang='lat' dir='ltr'><strong>et</strong></span> <span class='ocrx_word' id='word_1_458' title='bbox 623 3457 804 3501; x_wconf 88' lang='lat' dir='ltr'><strong>contra</strong></span> <span class='ocrx_word' id='word_1_459' title='bbox 845 3462 1029 3516; x_wconf 87' lang='lat' dir='ltr'><strong>regum</strong></span> <span class='ocrx_word' id='word_1_460' title='bbox 1072 3457 1328 3517; x_wconf 78' lang='lat' dir='ltr'><strong>praecepta</strong></span> <span class='ocrx_word' id='word_1_461' title='bbox 1358 3449 1524 3518; x_wconf 87' lang='lat' dir='ltr'><strong>magis</strong></span> <span class='ocrx_word' id='word_1_462' title='bbox 1549 3465 1694 3504; x_wconf 88' lang='lat' dir='ltr'><strong>arma</strong></span> <span class='ocrx_word' id='word_1_463' title='bbox 1737 3460 1884 3506; x_wconf 89' lang='lat' dir='ltr'><strong>tene-</strong></span> 
     </span>
    </p>
   </div>
   <div class='ocr_carea' id='block_1_64' title="bbox 307 3540 1884 3607">
    <p class='ocr_par' dir='ltr' id='par_1_64' title="bbox 307 3540 1884 3607">
     <span class='ocr_line' id='line_1_64' title="bbox 307 3540 1884 3607; baseline 0.003 -13"><span class='ocrx_word' id='word_1_464' title='bbox 307 3551 446 3604; x_wconf 85' lang='lat' dir='ltr'><strong>l&#39;t&#39;nl,</strong></span> <span class='ocrx_word' id='word_1_465' title='bbox 491 3549 546 3594; x_wconf 92' lang='lat' dir='ltr'><strong>et</strong></span> <span class='ocrx_word' id='word_1_466' title='bbox 591 3554 650 3593; x_wconf 91' lang='lat' dir='ltr'><strong>se</strong></span> <span class='ocrx_word' id='word_1_467' title='bbox 698 3541 900 3607; x_wconf 79' lang='lat' dir='ltr'><strong>sagittis</strong></span> <span class='ocrx_word' id='word_1_468' title='bbox 931 3540 1014 3593; x_wconf 91' lang='lat' dir='ltr'><strong>vel</strong></span> <span class='ocrx_word' id='word_1_469' title='bbox 1063 3541 1261 3595; x_wconf 89' lang='lat' dir='ltr'><strong>lanceis</strong></span> <span class='ocrx_word' id='word_1_470' title='bbox 1311 3551 1494 3596; x_wconf 85' lang='lat' dir='ltr'><strong>contra</strong></span> <span class='ocrx_word' id='word_1_471' title='bbox 1538 3545 1788 3597; x_wconf 91' lang='lat' dir='ltr'><strong>comitem</strong></span> <span class='ocrx_word' id='word_1_472' title='bbox 1831 3554 1884 3598; x_wconf 92' lang='lat' dir='ltr'><strong>et</strong></span> 
     </span>
    </p>
   </div>
   <div class='ocr_carea' id='block_1_65' title="bbox 309 3630 1883 3701">
    <p class='ocr_par' dir='ltr' id='par_1_65' title="bbox 309 3630 1883 3701">
     <span class='ocr_line' id='line_1_65' title="bbox 309 3630 1883 3701; baseline 0.003 -18"><span class='ocrx_word' id='word_1_473' title='bbox 309 3634 518 3700; x_wconf 88' lang='lat' dir='ltr'><strong>plebem</strong></span> <span class='ocrx_word' id='word_1_474' title='bbox 567 3630 906 3701; x_wconf 80' lang='lat' dir='ltr'><strong>indignanzcr</strong></span> <span class='ocrx_word' id='word_1_475' title='bbox 933 3631 1222 3701; x_wconf 78' lang='lat' dir='ltr'><strong>erigerent.</strong></span> <span class='ocrx_word' id='word_1_476' title='bbox 1272 3632 1403 3686; x_wconf 89' lang='lat' dir='ltr'><strong>Hinc</strong></span> <span class='ocrx_word' id='word_1_477' title='bbox 1435 3633 1610 3688; x_wconf 87' lang='lat' dir='ltr'><strong>denuo</strong></span> <span class='ocrx_word' id='word_1_478' title='bbox 1651 3650 1883 3700; x_wconf 72' lang='lat' dir='ltr'><strong>egres-te</strong></span> 
     </span>
    </p>
   </div>
   <div class='ocr_carea' id='block_1_66' title="bbox 306 3719 1879 3786">
    <p class='ocr_par' dir='ltr' id='par_1_66' title="bbox 306 3719 1879 3786">
     <span class='ocr_line' id='line_1_66' title="bbox 306 3719 1879 3786; baseline 0.001 -14"><span class='ocrx_word' id='word_1_479' title='bbox 306 3720 374 3773; x_wconf 86' lang='lat' dir='ltr'><strong>ad</strong></span> <span class='ocrx_word' id='word_1_480' title='bbox 419 3721 740 3774; x_wconf 85' lang='lat' dir='ltr'><strong>audientiam</strong></span> <span class='ocrx_word' id='word_1_481' title='bbox 797 3721 1075 3786; x_wconf 80' lang='lat' dir='ltr'><strong>publicam,</strong></span> <span class='ocrx_word' id='word_1_482' title='bbox 1124 3721 1410 3775; x_wconf 86' lang='lat' dir='ltr'><strong>extrahunt</strong></span> <span class='ocrx_word' id='word_1_483' title='bbox 1445 3719 1668 3776; x_wconf 86' lang='lat' dir='ltr'><strong>Crucem</strong></span> <span class='ocrx_word' id='word_1_484' title='bbox 1699 3732 1721 3761; x_wconf 74' lang='grc' dir='ltr'><strong>ο</strong></span> <span class='ocrx_word' id='word_1_485' title='bbox 1754 3740 1879 3776; x_wconf 86' lang='lat' dir='ltr'><strong>san-</strong></span> 
     </span>
    </p>
   </div>
   <div class='ocr_carea' id='block_1_67' title="bbox 306 3812 1882 3882">
    <p class='ocr_par' dir='ltr' id='par_1_67' title="bbox 306 3812 1882 3882">
     <span class='ocr_line' id='line_1_67' title="bbox 306 3812 1882 3882; baseline 0.003 -18"><span class='ocrx_word' id='word_1_486' title='bbox 306 3821 448 3864; x_wconf 86' lang='lat' dir='ltr'><strong>ctam</strong></span> <span class='ocrx_word' id='word_1_487' title='bbox 476 3812 998 3881; x_wconf 84' lang='lat' dir='ltr'><strong>sacratissimatnque</strong></span> <span class='ocrx_word' id='word_1_488' title='bbox 1024 3813 1262 3876; x_wconf 89' lang='lat' dir='ltr'><strong>occulte,</strong></span> <span class='ocrx_word' id='word_1_489' title='bbox 1312 3823 1366 3867; x_wconf 90' lang='lat' dir='ltr'><strong>et</strong></span> <span class='ocrx_word' id='word_1_490' title='bbox 1391 3813 1460 3868; x_wconf 90' lang='lat' dir='ltr'><strong>ad</strong></span> <span class='ocrx_word' id='word_1_491' title='bbox 1493 3814 1761 3882; x_wconf 87' lang='lat' dir='ltr'><strong>injuriam,</strong></span> <span class='ocrx_word' id='word_1_492' title='bbox 1797 3817 1882 3869; x_wconf 91' lang='lat' dir='ltr'><strong>in-</strong></span> 
     </span>
    </p>
   </div>
   <div class='ocr_carea' id='block_1_68' title="bbox 307 3904 1885 3974">
    <p class='ocr_par' dir='ltr' id='par_1_68' title="bbox 307 3904 1885 3974">
     <span class='ocr_line' id='line_1_68' title="bbox 307 3904 1885 3974; baseline 0.003 -18"><span class='ocrx_word' id='word_1_493' title='bbox 307 3904 583 3967; x_wconf 84' lang='lat' dir='ltr'><strong>decenter,</strong></span> <span class='ocrx_word' id='word_1_494' title='bbox 614 3904 678 3956; x_wconf 91' lang='lat' dir='ltr'><strong>ad</strong></span> <span class='ocrx_word' id='word_1_495' title='bbox 709 3908 916 3970; x_wconf 82' lang='lat' dir='ltr'><strong>culpam</strong></span> <span class='ocrx_word' id='word_1_496' title='bbox 939 3944 954 3966; x_wconf 90' lang='lat'><strong>,</strong></span> <span class='ocrx_word' id='word_1_497' title='bbox 1001 3919 1120 3974; x_wconf 70' lang='lat' dir='ltr'><strong>qua:</strong></span> <span class='ocrx_word' id='word_1_498' title='bbox 1150 3913 1334 3973; x_wconf 86' lang='lat' dir='ltr'><strong>postea</strong></span> <span class='ocrx_word' id='word_1_499' title='bbox 1378 3907 1658 3960; x_wconf 86' lang='lat' dir='ltr'><strong>restituere</strong></span> <span class='ocrx_word' id='word_1_500' title='bbox 1686 3917 1885 3960; x_wconf 66' lang='lat' dir='ltr'><strong>coactae</strong></span> 
     </span>
    </p>
   </div>
   <div class='ocr_carea' id='block_1_69' title="bbox 314 3993 1888 4066">
    <p class='ocr_par' dir='ltr' id='par_1_69' title="bbox 314 3993 1888 4066">
     <span class='ocr_line' id='line_1_69' title="bbox 314 3993 1888 4066; baseline 0.001 -18"><span class='ocrx_word' id='word_1_501' title='bbox 314 4004 444 4048; x_wconf 86' lang='lat' dir='ltr'><strong>sunt</strong></span> <span class='ocrx_word' id='word_1_502' title='bbox 474 3996 523 4047; x_wconf 90' lang='lat' dir='ltr'><strong>in</strong></span> <span class='ocrx_word' id='word_1_503' title='bbox 554 3995 796 4048; x_wconf 81' lang='lat' dir='ltr'><strong>ecclesia.</strong></span> <span class='ocrx_word' id='word_1_504' title='bbox 826 3993 1030 4061; x_wconf 84' lang='lat' dir='ltr'><strong>Quibus</strong></span> <span class='ocrx_word' id='word_1_505' title='bbox 1069 4003 1148 4048; x_wconf 93' lang='lat' dir='ltr'><strong>tot</strong></span> <span class='ocrx_word' id='word_1_506' title='bbox 1174 3995 1495 4062; x_wconf 79' lang='lat' dir='ltr'><strong>capitalibus</strong></span> <span class='ocrx_word' id='word_1_507' title='bbox 1522 3995 1735 4066; x_wconf 90' lang='lat' dir='ltr'><strong>agnitis.</strong></span> <span class='ocrx_word' id='word_1_508' title='bbox 1761 3996 1888 4051; x_wconf 83' lang='lat' dir='ltr'><strong>faci-</strong></span> 
     </span>
    </p>
   </div>
   <div class='ocr_carea' id='block_1_70' title="bbox 308 4086 1886 4158">
    <p class='ocr_par' dir='ltr' id='par_1_70' title="bbox 308 4086 1886 4158">
     <span class='ocr_line' id='line_1_70' title="bbox 308 4086 1886 4158; baseline 0 -16"><span class='ocrx_word' id='word_1_509' title='bbox 308 4086 556 4150; x_wconf 85' lang='lat' dir='ltr'><strong>noribus,</strong></span> <span class='ocrx_word' id='word_1_510' title='bbox 611 4101 709 4140; x_wconf 91' lang='lat' dir='ltr'><strong>nec</strong></span> <span class='ocrx_word' id='word_1_511' title='bbox 760 4086 1076 4150; x_wconf 62' lang='lat' dir='ltr'><strong>refttenatis,</strong></span> <span class='ocrx_word' id='word_1_512' title='bbox 1123 4087 1216 4142; x_wconf 90' lang='lat' dir='ltr'><strong>sed</strong></span> <span class='ocrx_word' id='word_1_513' title='bbox 1252 4088 1451 4158; x_wconf 79' lang='lat' dir='ltr'><strong>jugiter</strong></span> <span class='ocrx_word' id='word_1_514' title='bbox 1499 4088 1670 4156; x_wconf 89' lang='lat' dir='ltr'><strong>magis</strong></span> <span class='ocrx_word' id='word_1_515' title='bbox 1716 4089 1886 4143; x_wconf 87' lang='lat' dir='ltr'><strong>auctis</strong></span> 
     </span>
    </p>
   </div>
   <div class='ocr_carea' id='block_1_71' title="bbox 307 4177 1888 4243">
    <p class='ocr_par' dir='ltr' id='par_1_71' title="bbox 307 4177 1888 4243">
     <span class='ocr_line' id='line_1_71' title="bbox 307 4177 1888 4243; baseline 0.001 -12"><span class='ocrx_word' id='word_1_516' title='bbox 307 4177 645 4240; x_wconf 89' lang='lat' dir='ltr'><strong>criminibus,</strong></span> <span class='ocrx_word' id='word_1_517' title='bbox 691 4178 843 4231; x_wconf 90' lang='lat' dir='ltr'><strong>nobis</strong></span> <span class='ocrx_word' id='word_1_518' title='bbox 882 4179 1084 4232; x_wconf 89' lang='lat' dir='ltr'><strong>eisdem</strong></span> <span class='ocrx_word' id='word_1_519' title='bbox 1132 4178 1455 4243; x_wconf 66' lang='lat' dir='ltr'><strong>dicentibus,</strong></span> <span class='ocrx_word' id='word_1_520' title='bbox 1501 4187 1556 4231; x_wconf 90' lang='lat' dir='ltr'><strong>ttt</strong></span> <span class='ocrx_word' id='word_1_521' title='bbox 1603 4180 1888 4233; x_wconf 64' lang='lat' dir='ltr'><strong>abbatissa:</strong></span> 
     </span>
    </p>
   </div>
   <div class='ocr_carea' id='block_1_72' title="bbox 307 4266 1887 4342">
    <p class='ocr_par' dir='ltr' id='par_1_72' title="bbox 307 4266 1887 4342">
     <span class='ocr_line' id='line_1_72' title="bbox 307 4266 1887 4342; baseline -0.001 -18"><span class='ocrx_word' id='word_1_522' title='bbox 307 4287 411 4342; x_wconf 85' lang='lat' dir='ltr'><strong>pro</strong></span> <span class='ocrx_word' id='word_1_523' title='bbox 444 4271 597 4338; x_wconf 90' lang='lat' dir='ltr'><strong>culpa</strong></span> <span class='ocrx_word' id='word_1_524' title='bbox 627 4270 831 4324; x_wconf 87' lang='lat' dir='ltr'><strong>veniam</strong></span> <span class='ocrx_word' id='word_1_525' title='bbox 865 4280 1125 4336; x_wconf 91' lang='lat' dir='ltr'><strong>peterent,</strong></span> <span class='ocrx_word' id='word_1_526' title='bbox 1157 4279 1244 4323; x_wconf 93' lang='lat' dir='ltr'><strong>aut</strong></span> <span class='ocrx_word' id='word_1_527' title='bbox 1267 4271 1406 4339; x_wconf 91' lang='lat' dir='ltr'><strong>quod</strong></span> <span class='ocrx_word' id='word_1_528' title='bbox 1436 4273 1572 4322; x_wconf 82' lang='lat' dir='ltr'><strong>male</strong></span> <span class='ocrx_word' id='word_1_529' title='bbox 1599 4266 1887 4324; x_wconf 77' lang='lat' dir='ltr'><strong>directumd</strong></span> 
     </span>
    </p>
   </div>
   <div class='ocr_carea' id='block_1_73' title="bbox 310 4361 1889 4429">
    <p class='ocr_par' dir='ltr' id='par_1_73' title="bbox 310 4361 1889 4429">
     <span class='ocr_line' id='line_1_73' title="bbox 310 4361 1889 4429; baseline -0.001 -13"><span class='ocrx_word' id='word_1_530' title='bbox 310 4362 488 4416; x_wconf 78' lang='lat' dir='ltr'><strong>fuerat</strong></span> <span class='ocrx_word' id='word_1_531' title='bbox 517 4362 861 4416; x_wconf 84' lang='lat' dir='ltr'><strong>emendarem</strong></span> <span class='ocrx_word' id='word_1_532' title='bbox 894 4370 988 4416; x_wconf 89' lang='lat' dir='ltr'><strong>:et</strong></span> <span class='ocrx_word' id='word_1_533' title='bbox 1021 4363 1262 4416; x_wconf 91' lang='lat' dir='ltr'><strong>nolentes</strong></span> <span class='ocrx_word' id='word_1_534' title='bbox 1306 4362 1405 4416; x_wconf 90' lang='lat' dir='ltr'><strong>hoc</strong></span> <span class='ocrx_word' id='word_1_535' title='bbox 1431 4361 1627 4429; x_wconf 81' lang='lat' dir='ltr'><strong>facere,</strong></span> <span class='ocrx_word' id='word_1_536' title='bbox 1653 4363 1748 4418; x_wconf 87' lang='lat' dir='ltr'><strong>sed</strong></span> <span class='ocrx_word' id='word_1_537' title='bbox 1779 4379 1889 4416; x_wconf 83' lang='lat' dir='ltr'><strong>ma-</strong></span> 
     </span>
    </p>
   </div>
   <div class='ocr_carea' id='block_1_74' title="bbox 309 4452 1890 4523">
    <p class='ocr_par' dir='ltr' id='par_1_74' title="bbox 309 4452 1890 4523">
     <span class='ocr_line' id='line_1_74' title="bbox 309 4452 1890 4523; baseline 0.001 -18"><span class='ocrx_word' id='word_1_538' title='bbox 309 4454 394 4523; x_wconf 88' lang='lat' dir='ltr'><strong>gis</strong></span> <span class='ocrx_word' id='word_1_539' title='bbox 446 4454 514 4506; x_wconf 89' lang='lat' dir='ltr'><strong>de</strong></span> <span class='ocrx_word' id='word_1_540' title='bbox 559 4452 674 4520; x_wconf 70' lang='lat' dir='ltr'><strong>ejus</strong></span> <span class='ocrx_word' id='word_1_541' title='bbox 718 4453 1088 4507; x_wconf 87' lang='lat' dir='ltr'><strong>interfectione</strong></span> <span class='ocrx_word' id='word_1_542' title='bbox 1130 4461 1446 4519; x_wconf 88' lang='lat' dir='ltr'><strong>tractarent,</strong></span> <span class='ocrx_word' id='word_1_543' title='bbox 1500 4453 1639 4521; x_wconf 90' lang='lat' dir='ltr'><strong>quod</strong></span> <span class='ocrx_word' id='word_1_544' title='bbox 1683 4453 1890 4522; x_wconf 89' lang='lat' dir='ltr'><strong>publice</strong></span> 
     </span>
    </p>
   </div>
   <div class='ocr_carea' id='block_1_75' title="bbox 311 4544 1890 4613">
    <p class='ocr_par' dir='ltr' id='par_1_75' title="bbox 311 4544 1890 4613">
     <span class='ocr_line' id='line_1_75' title="bbox 311 4544 1890 4613; baseline -0.002 -12"><span class='ocrx_word' id='word_1_545' title='bbox 311 4554 445 4601; x_wconf 84' lang='lat' dir='ltr'><strong>sunt</strong></span> <span class='ocrx_word' id='word_1_546' title='bbox 473 4546 760 4613; x_wconf 73' lang='lat' dir='ltr'><strong>professae;</strong></span> <span class='ocrx_word' id='word_1_547' title='bbox 805 4544 1058 4599; x_wconf 89' lang='lat' dir='ltr'><strong>reseratis</strong></span> <span class='ocrx_word' id='word_1_548' title='bbox 1085 4560 1116 4598; x_wconf 89' lang='lat' dir='ltr'><strong>a</strong></span> <span class='ocrx_word' id='word_1_549' title='bbox 1140 4545 1294 4598; x_wconf 90' lang='lat' dir='ltr'><strong>nobis</strong></span> <span class='ocrx_word' id='word_1_550' title='bbox 1323 4554 1378 4599; x_wconf 93' lang='lat' dir='ltr'><strong>et</strong></span> <span class='ocrx_word' id='word_1_551' title='bbox 1405 4545 1685 4599; x_wconf 85' lang='lat' dir='ltr'><strong>recensitis</strong></span> <span class='ocrx_word' id='word_1_552' title='bbox 1728 4560 1890 4598; x_wconf 84' lang='lat' dir='ltr'><strong>cano-</strong></span> 
     </span>
    </p>
   </div>
   <div class='ocr_carea' id='block_1_76' title="bbox 1981 3354 3557 3432">
    <p class='ocr_par' dir='ltr' id='par_1_76' title="bbox 1981 3354 3557 3432">
     <span class='ocr_line' id='line_1_76' title="bbox 1981 3354 3557 3432; baseline -0.01 -10"><span class='ocrx_word' id='word_1_553' title='bbox 1981 3382 2100 3422; x_wconf 89' lang='lat' dir='ltr'><strong>ettm</strong></span> <span class='ocrx_word' id='word_1_554' title='bbox 2131 3383 2143 3418; x_wconf 88' lang='lat'><strong>:</strong></span> <span class='ocrx_word' id='word_1_555' title='bbox 2177 3366 2276 3432; x_wconf 93' lang='lat' dir='ltr'><strong>Qui</strong></span> <span class='ocrx_word' id='word_1_556' title='bbox 2308 3380 2365 3418; x_wconf 85' lang='lat' dir='ltr'><strong>es</strong></span> <span class='ocrx_word' id='word_1_557' title='bbox 2398 3374 2449 3415; x_wconf 90' lang='lat' dir='ltr'><strong>ttt</strong></span> <span class='ocrx_word' id='word_1_558' title='bbox 2470 3403 2483 3427; x_wconf 92' lang='lat'><strong>,</strong></span> <span class='ocrx_word' id='word_1_559' title='bbox 2530 3370 2585 3416; x_wconf 90' lang='lat' dir='ltr'><strong>et</strong></span> <span class='ocrx_word' id='word_1_560' title='bbox 2613 3361 2752 3413; x_wconf 89' lang='lat' dir='ltr'><strong>unde</strong></span> <span class='ocrx_word' id='word_1_561' title='bbox 2782 3360 2966 3422; x_wconf 76' lang='lat' dir='ltr'><strong>Venis,</strong></span> <span class='ocrx_word' id='word_1_562' title='bbox 3009 3368 3098 3409; x_wconf 91' lang='lat' dir='ltr'><strong>aut</strong></span> <span class='ocrx_word' id='word_1_563' title='bbox 3128 3354 3266 3425; x_wconf 92' lang='lat' dir='ltr'><strong>quod</strong></span> <span class='ocrx_word' id='word_1_564' title='bbox 3305 3363 3388 3408; x_wconf 89' lang='lat' dir='ltr'><strong>est</strong></span> <span class='ocrx_word' id='word_1_565' title='bbox 3425 3369 3557 3420; x_wconf 87' lang='lat' dir='ltr'><strong>opus</strong></span> 
     </span>
    </p>
   </div>
   <div class='ocr_carea' id='block_1_77' title="bbox 1984 3445 3549 3516">
    <p class='ocr_par' dir='ltr' id='par_1_77' title="bbox 1984 3445 3549 3516">
     <span class='ocr_line' id='line_1_77' title="bbox 1984 3445 3549 3516; baseline -0.007 -7"><span class='ocrx_word' id='word_1_566' title='bbox 1984 3457 2167 3509; x_wconf 85' lang='lat' dir='ltr'><strong>tuum?</strong></span> <span class='ocrx_word' id='word_1_567' title='bbox 2218 3469 2320 3507; x_wconf 88' lang='lat' dir='ltr'><strong>non</strong></span> <span class='ocrx_word' id='word_1_568' title='bbox 2353 3454 2495 3505; x_wconf 86' lang='lat' dir='ltr'><strong>enim</strong></span> <span class='ocrx_word' id='word_1_569' title='bbox 2545 3467 2573 3504; x_wconf 90' lang='lat' dir='ltr'><strong>a</strong></span> <span class='ocrx_word' id='word_1_570' title='bbox 2611 3451 2762 3502; x_wconf 88' lang='lat' dir='ltr'><strong>nobis</strong></span> <span class='ocrx_word' id='word_1_571' title='bbox 2806 3447 3129 3516; x_wconf 84' lang='lat' dir='ltr'><strong>aguosceris.</strong></span> <span class='ocrx_word' id='word_1_572' title='bbox 3188 3445 3279 3499; x_wconf 90' lang='lat' dir='ltr'><strong>Illo</strong></span> <span class='ocrx_word' id='word_1_573' title='bbox 3336 3459 3549 3513; x_wconf 89' lang='lat' dir='ltr'><strong>quoque</strong></span> 
     </span>
    </p>
   </div>
   <div class='ocr_carea' id='block_1_78' title="bbox 1984 3535 3555 3614">
    <p class='ocr_par' dir='ltr' id='par_1_78' title="bbox 1984 3535 3555 3614">
     <span class='ocr_line' id='line_1_78' title="bbox 1984 3535 3555 3614; baseline -0.006 -16"><span class='ocrx_word' id='word_1_574' title='bbox 1984 3545 2378 3614; x_wconf 86' lang='lat' dir='ltr'><strong>respondente:</strong></span> <span class='ocrx_word' id='word_1_575' title='bbox 2411 3542 2542 3608; x_wconf 84' lang='lat' dir='ltr'><strong>Quia</strong></span> <span class='ocrx_word' id='word_1_576' title='bbox 2587 3541 2652 3594; x_wconf 86' lang='lat' dir='ltr'><strong>de</strong></span> <span class='ocrx_word' id='word_1_577' title='bbox 2691 3540 2841 3593; x_wconf 87' lang='lat' dir='ltr'><strong>vobis</strong></span> <span class='ocrx_word' id='word_1_578' title='bbox 2869 3555 3004 3599; x_wconf 83' lang='lat' dir='ltr'><strong>sunt,</strong></span> <span class='ocrx_word' id='word_1_579' title='bbox 3047 3537 3194 3591; x_wconf 85' lang='lat' dir='ltr'><strong>dicto</strong></span> <span class='ocrx_word' id='word_1_580' title='bbox 3237 3535 3393 3591; x_wconf 82' lang='lat' dir='ltr'><strong>citius</strong></span> <span class='ocrx_word' id='word_1_581' title='bbox 3443 3537 3555 3604; x_wconf 86' lang='lat' dir='ltr'><strong>eje-</strong></span> 
     </span>
    </p>
   </div>
   <div class='ocr_carea' id='block_1_79' title="bbox 1983 3628 3558 3701">
    <p class='ocr_par' dir='ltr' id='par_1_79' title="bbox 1983 3628 3558 3701">
     <span class='ocr_line' id='line_1_79' title="bbox 1983 3628 3558 3701; baseline -0.007 -10"><span class='ocrx_word' id='word_1_582' title='bbox 1983 3651 2103 3692; x_wconf 87' lang='lat' dir='ltr'><strong>ctus</strong></span> <span class='ocrx_word' id='word_1_583' title='bbox 2128 3648 2274 3691; x_wconf 80' lang='lat' dir='ltr'><strong>extra</strong></span> <span class='ocrx_word' id='word_1_584' title='bbox 2303 3635 2617 3697; x_wconf 88' lang='lat' dir='ltr'><strong>oratorium,</strong></span> <span class='ocrx_word' id='word_1_585' title='bbox 2645 3634 3022 3701; x_wconf 72' lang='lat' dir='ltr'><strong>interi-agitur.</strong></span> <span class='ocrx_word' id='word_1_586' title='bbox 3074 3630 3180 3685; x_wconf 87' lang='lat' dir='ltr'><strong>Nec</strong></span> <span class='ocrx_word' id='word_1_587' title='bbox 3207 3643 3355 3684; x_wconf 87' lang='lat' dir='ltr'><strong>mora</strong></span> <span class='ocrx_word' id='word_1_588' title='bbox 3385 3628 3558 3682; x_wconf 88' lang='lat' dir='ltr'><strong>conﬁ-</strong></span> 
     </span>
    </p>
   </div>
   <div class='ocr_carea' id='block_1_80' title="bbox 1987 3719 3558 3795">
    <p class='ocr_par' dir='ltr' id='par_1_80' title="bbox 1987 3719 3558 3795">
     <span class='ocr_line' id='line_1_80' title="bbox 1987 3719 3558 3795; baseline -0.008 -13"><span class='ocrx_word' id='word_1_589' title='bbox 1987 3740 2148 3795; x_wconf 89' lang='lat' dir='ltr'><strong>tetur,</strong></span> <span class='ocrx_word' id='word_1_590' title='bbox 2181 3727 2364 3781; x_wconf 89' lang='lat' dir='ltr'><strong>dicens</strong></span> <span class='ocrx_word' id='word_1_591' title='bbox 2395 3741 2425 3778; x_wconf 90' lang='lat' dir='ltr'><strong>a</strong></span> <span class='ocrx_word' id='word_1_592' title='bbox 2455 3725 2806 3788; x_wconf 74' lang='lat' dir='ltr'><strong>Fredeguntle</strong></span> <span class='ocrx_word' id='word_1_593' title='bbox 2853 3724 3035 3792; x_wconf 78' lang='lat' dir='ltr'><strong>regina</strong></span> <span class='ocrx_word' id='word_1_594' title='bbox 3079 3734 3138 3774; x_wconf 89' lang='lat' dir='ltr'><strong>se</strong></span> <span class='ocrx_word' id='word_1_595' title='bbox 3187 3719 3558 3772; x_wconf 85' lang='lat' dir='ltr'><strong>transmissum</strong></span> 
     </span>
    </p>
   </div>
   <div class='ocr_carea' id='block_1_81' title="bbox 1985 3808 3562 3884">
    <p class='ocr_par' dir='ltr' id='par_1_81' title="bbox 1985 3808 3562 3884">
     <span class='ocr_line' id='line_1_81' title="bbox 1985 3808 3562 3884; baseline -0.008 -12"><span class='ocrx_word' id='word_1_596' title='bbox 1985 3821 2050 3872; x_wconf 89' lang='lat' dir='ltr'><strong>ad</strong></span> <span class='ocrx_word' id='word_1_597' title='bbox 2097 3817 2521 3873; x_wconf 74' lang='lat' dir='ltr'><strong>interﬁciendum</strong></span> <span class='ocrx_word' id='word_1_598' title='bbox 2567 3831 2767 3884; x_wconf 81' lang='lat' dir='ltr'><strong>regem,</strong></span> <span class='ocrx_word' id='word_1_599' title='bbox 2815 3814 3096 3882; x_wconf 86' lang='lat' dir='ltr'><strong>dixitque:</strong></span> <span class='ocrx_word' id='word_1_600' title='bbox 3144 3808 3430 3864; x_wconf 89' lang='lat' dir='ltr'><strong>Duodecim</strong></span> <span class='ocrx_word' id='word_1_601' title='bbox 3463 3808 3562 3861; x_wconf 85' lang='lat' dir='ltr'><strong>viri</strong></span> 
     </span>
    </p>
   </div>
   <div class='ocr_carea' id='block_1_82' title="bbox 1986 3899 3564 3969">
    <p class='ocr_par' dir='ltr' id='par_1_82' title="bbox 1986 3899 3564 3969">
     <span class='ocr_line' id='line_1_82' title="bbox 1986 3899 3564 3969; baseline -0.008 -7"><span class='ocrx_word' id='word_1_602' title='bbox 1986 3923 2170 3964; x_wconf 89' lang='lat' dir='ltr'><strong>sumus</strong></span> <span class='ocrx_word' id='word_1_603' title='bbox 2205 3909 2271 3962; x_wconf 88' lang='lat' dir='ltr'><strong>ab</strong></span> <span class='ocrx_word' id='word_1_604' title='bbox 2301 3924 2361 3962; x_wconf 91' lang='lat' dir='ltr'><strong>ea</strong></span> <span class='ocrx_word' id='word_1_605' title='bbox 2403 3907 2731 3969; x_wconf 88' lang='lat' dir='ltr'><strong>transmissi,</strong></span> <span class='ocrx_word' id='word_1_606' title='bbox 2761 3899 2850 3958; x_wconf 63' lang='lat' dir='ltr'><strong>ses</strong></span> <span class='ocrx_word' id='word_1_607' title='bbox 2886 3905 2985 3956; x_wconf 90' lang='lat' dir='ltr'><strong>ltuc</strong></span> <span class='ocrx_word' id='word_1_608' title='bbox 3019 3903 3288 3964; x_wconf 89' lang='lat' dir='ltr'><strong>venimus,</strong></span> <span class='ocrx_word' id='word_1_609' title='bbox 3320 3901 3407 3954; x_wconf 88' lang='lat' dir='ltr'><strong>alii</strong></span> <span class='ocrx_word' id='word_1_610' title='bbox 3438 3915 3564 3953; x_wconf 89' lang='lat' dir='ltr'><strong>vero</strong></span> 
     </span>
    </p>
   </div>
   <div class='ocr_carea' id='block_1_83' title="bbox 1985 3992 3560 4060">
    <p class='ocr_par' dir='ltr' id='par_1_83' title="bbox 1985 3992 3560 4060">
     <span class='ocr_line' id='line_1_83' title="bbox 1985 3992 3560 4060; baseline -0.01 -2"><span class='ocrx_word' id='word_1_611' title='bbox 1985 4019 2078 4058; x_wconf 81' lang='lat' dir='ltr'><strong>sex</strong></span> <span class='ocrx_word' id='word_1_612' title='bbox 2101 3999 2477 4055; x_wconf 82' lang='lat' dir='ltr'><strong>Suessionibus</strong></span> <span class='ocrx_word' id='word_1_613' title='bbox 2508 4003 2876 4051; x_wconf 81' lang='lat' dir='ltr'><strong>remanserunt</strong></span> <span class='ocrx_word' id='word_1_614' title='bbox 2902 3996 2966 4047; x_wconf 89' lang='lat' dir='ltr'><strong>ad</strong></span> <span class='ocrx_word' id='word_1_615' title='bbox 2990 3994 3144 4060; x_wconf 88' lang='lat' dir='ltr'><strong>decip</strong></span> <span class='ocrx_word' id='word_1_616' title='bbox 3170 3993 3362 4046; x_wconf 90' lang='lat' dir='ltr'><strong>endum</strong></span> <span class='ocrx_word' id='word_1_617' title='bbox 3395 3992 3560 4043; x_wconf 88' lang='lat' dir='ltr'><strong>ﬁlium</strong></span> 
     </span>
    </p>
   </div>
   <div class='ocr_carea' id='block_1_84' title="bbox 1987 4084 3563 4162">
    <p class='ocr_par' dir='ltr' id='par_1_84' title="bbox 1987 4084 3563 4162">
     <span class='ocr_line' id='line_1_84' title="bbox 1987 4084 3563 4162; baseline -0.012 -13"><span class='ocrx_word' id='word_1_618' title='bbox 1987 4096 2145 4162; x_wconf 67' lang='lat' dir='ltr'><strong>regis.</strong></span> <span class='ocrx_word' id='word_1_619' title='bbox 2191 4091 2255 4144; x_wconf 85' lang='lat' dir='ltr'><strong>Et</strong></span> <span class='ocrx_word' id='word_1_620' title='bbox 2281 4104 2379 4157; x_wconf 77' lang='lat' dir='ltr'><strong>ego</strong></span> <span class='ocrx_word' id='word_1_621' title='bbox 2406 4104 2526 4142; x_wconf 91' lang='lat' dir='ltr'><strong>cum</strong></span> <span class='ocrx_word' id='word_1_622' title='bbox 2557 4089 2713 4157; x_wconf 79' lang='lat'><strong>511</strong></span> <span class='ocrx_word' id='word_1_623' title='bbox 2739 4086 2910 4139; x_wconf 90' lang='lat' dir='ltr'><strong>locum</strong></span> <span class='ocrx_word' id='word_1_624' title='bbox 2938 4084 3270 4152; x_wconf 66' lang='lat' dir='ltr'><strong>priestolaus,</strong></span> <span class='ocrx_word' id='word_1_625' title='bbox 3302 4090 3358 4133; x_wconf 89' lang='lat' dir='ltr'><strong>ttt</strong></span> <span class='ocrx_word' id='word_1_626' title='bbox 3386 4095 3563 4148; x_wconf 84' lang='lat' dir='ltr'><strong>regem</strong></span> 
     </span>
    </p>
   </div>
   <div class='ocr_carea' id='block_1_85' title="bbox 1987 4171 3565 4242">
    <p class='ocr_par' dir='ltr' id='par_1_85' title="bbox 1987 4171 3565 4242">
     <span class='ocr_line' id='line_1_85' title="bbox 1987 4171 3565 4242; baseline -0.012 -3"><span class='ocrx_word' id='word_1_627' title='bbox 1987 4182 2384 4239; x_wconf 84' lang='lat' dir='ltr'><strong>Chtldebertum</strong></span> <span class='ocrx_word' id='word_1_628' title='bbox 2431 4179 2483 4231; x_wconf 90' lang='lat' dir='ltr'><strong>in</strong></span> <span class='ocrx_word' id='word_1_629' title='bbox 2515 4181 2745 4230; x_wconf 73' lang='lat' dir='ltr'><strong>oratorio</strong></span> <span class='ocrx_word' id='word_1_630' title='bbox 2788 4185 3070 4242; x_wconf 89' lang='lat' dir='ltr'><strong>percutere</strong></span> <span class='ocrx_word' id='word_1_631' title='bbox 3107 4172 3451 4234; x_wconf 87' lang='lat' dir='ltr'><strong>destinarem,</strong></span> <span class='ocrx_word' id='word_1_632' title='bbox 3499 4171 3565 4221; x_wconf 93' lang='lat' dir='ltr'><strong>ti-</strong></span> 
     </span>
    </p>
   </div>
   <div class='ocr_carea' id='block_1_86' title="bbox 1988 4259 3561 4339">
    <p class='ocr_par' dir='ltr' id='par_1_86' title="bbox 1988 4259 3561 4339">
     <span class='ocr_line' id='line_1_86' title="bbox 1988 4259 3561 4339; baseline -0.011 -11"><span class='ocrx_word' id='word_1_633' title='bbox 1988 4287 2140 4328; x_wconf 89' lang='lat' dir='ltr'><strong>more</strong></span> <span class='ocrx_word' id='word_1_634' title='bbox 2164 4270 2499 4339; x_wconf 87' lang='lat' dir='ltr'><strong>perterritus,</strong></span> <span class='ocrx_word' id='word_1_635' title='bbox 2529 4281 2633 4319; x_wconf 88' lang='lat' dir='ltr'><strong>non</strong></span> <span class='ocrx_word' id='word_1_636' title='bbox 2662 4263 2947 4319; x_wconf 80' lang='lat' dir='ltr'><strong>deliberavi</strong></span> <span class='ocrx_word' id='word_1_637' title='bbox 2978 4263 3200 4329; x_wconf 89' lang='lat' dir='ltr'><strong>implere</strong></span> <span class='ocrx_word' id='word_1_638' title='bbox 3228 4259 3370 4329; x_wconf 88' lang='lat' dir='ltr'><strong>quod</strong></span> <span class='ocrx_word' id='word_1_639' title='bbox 3399 4259 3561 4313; x_wconf 85' lang='lat' dir='ltr'><strong>volui.</strong></span> 
     </span>
    </p>
   </div>
   <div class='ocr_carea' id='block_1_87' title="bbox 1991 4350 3561 4423">
    <p class='ocr_par' dir='ltr' id='par_1_87' title="bbox 1991 4350 3561 4423">
     <span class='ocr_line' id='line_1_87' title="bbox 1991 4350 3561 4423; baseline -0.011 -4"><span class='ocrx_word' id='word_1_640' title='bbox 1991 4366 2115 4419; x_wconf 63' lang='lat' dir='ltr'><strong>Haec</strong></span> <span class='ocrx_word' id='word_1_641' title='bbox 2142 4377 2262 4416; x_wconf 87' lang='lat' dir='ltr'><strong>cum</strong></span> <span class='ocrx_word' id='word_1_642' title='bbox 2289 4359 2530 4423; x_wconf 67' lang='lat' dir='ltr'><strong>dixisset,</strong></span> <span class='ocrx_word' id='word_1_643' title='bbox 2573 4356 2852 4412; x_wconf 85' lang='lat' dir='ltr'><strong>confestim</strong></span> <span class='ocrx_word' id='word_1_644' title='bbox 2901 4369 3059 4408; x_wconf 66' lang='lat' dir='ltr'><strong>saevis</strong></span> <span class='ocrx_word' id='word_1_645' title='bbox 3087 4353 3240 4407; x_wconf 88' lang='lat' dir='ltr'><strong>datus</strong></span> <span class='ocrx_word' id='word_1_646' title='bbox 3268 4350 3561 4420; x_wconf 86' lang='lat' dir='ltr'><strong>suppliciis,</strong></span> 
     </span>
    </p>
   </div>
   <div class='ocr_carea' id='block_1_88' title="bbox 1990 4441 3567 4518">
    <p class='ocr_par' dir='ltr' id='par_1_88' title="bbox 1990 4441 3567 4518">
     <span class='ocr_line' id='line_1_88' title="bbox 1990 4441 3567 4518; baseline -0.011 -7"><span class='ocrx_word' id='word_1_647' title='bbox 1990 4456 2236 4511; x_wconf 88' lang='lat' dir='ltr'><strong>diversos</strong></span> <span class='ocrx_word' id='word_1_648' title='bbox 2258 4451 2495 4506; x_wconf 88' lang='lat' dir='ltr'><strong>nominat</strong></span> <span class='ocrx_word' id='word_1_649' title='bbox 2523 4450 2697 4503; x_wconf 89' lang='lat' dir='ltr'><strong>socios</strong></span> <span class='ocrx_word' id='word_1_650' title='bbox 2722 4462 2739 4506; x_wconf 83' lang='lat'><strong>:</strong></span> <span class='ocrx_word' id='word_1_651' title='bbox 2770 4447 2964 4518; x_wconf 83' lang='lat' dir='ltr'><strong>quibus</strong></span> <span class='ocrx_word' id='word_1_652' title='bbox 2986 4459 3082 4515; x_wconf 87' lang='lat' dir='ltr'><strong>per</strong></span> <span class='ocrx_word' id='word_1_653' title='bbox 3107 4445 3221 4499; x_wconf 91' lang='lat' dir='ltr'><strong>loca</strong></span> <span class='ocrx_word' id='word_1_654' title='bbox 3250 4441 3455 4514; x_wconf 89' lang='lat' dir='ltr'><strong>singula</strong></span> <span class='ocrx_word' id='word_1_655' title='bbox 3485 4441 3567 4494; x_wconf 78' lang='lat' dir='ltr'><strong>itt—</strong></span> 
     </span>
    </p>
   </div>
   <div class='ocr_carea' id='block_1_89' title="bbox 1993 4533 3568 4616">
    <p class='ocr_par' dir='ltr' id='par_1_89' title="bbox 1993 4533 3568 4616">
     <span class='ocr_line' id='line_1_89' title="bbox 1993 4533 3568 4616; baseline -0.01 -15"><span class='ocrx_word' id='word_1_656' title='bbox 1993 4547 2220 4616; x_wconf 72' lang='lat' dir='ltr'><strong>quisitis,</strong></span> <span class='ocrx_word' id='word_1_657' title='bbox 2249 4543 2383 4598; x_wconf 89' lang='lat' dir='ltr'><strong>alios</strong></span> <span class='ocrx_word' id='word_1_658' title='bbox 2412 4541 2714 4596; x_wconf 88' lang='lat' dir='ltr'><strong>carceribus</strong></span> <span class='ocrx_word' id='word_1_659' title='bbox 2759 4539 3092 4608; x_wconf 89' lang='lat' dir='ltr'><strong>mancipant,</strong></span> <span class='ocrx_word' id='word_1_660' title='bbox 3139 4536 3276 4590; x_wconf 82' lang='lat' dir='ltr'><strong>alios</strong></span> <span class='ocrx_word' id='word_1_661' title='bbox 3319 4533 3568 4589; x_wconf 86' lang='lat' dir='ltr'><strong>manibus</strong></span> 
     </span>
    </p>
   </div>
   <div class='ocr_carea' id='block_1_90' title="bbox 311 4617 3570 4707">
    <p class='ocr_par' dir='ltr' id='par_1_90' title="bbox 311 4617 3570 4707">
     <span class='ocr_line' id='line_1_90' title="bbox 311 4617 3570 4707; baseline -0.006 -14"><span class='ocrx_word' id='word_1_662' title='bbox 311 4638 497 4705; x_wconf 89' lang='lat' dir='ltr'><strong>nibus,</strong></span> <span class='ocrx_word' id='word_1_663' title='bbox 543 4640 710 4690; x_wconf 88' lang='lat' dir='ltr'><strong>visum</strong></span> <span class='ocrx_word' id='word_1_664' title='bbox 745 4647 826 4692; x_wconf 72' lang='lat' dir='ltr'><strong>est</strong></span> <span class='ocrx_word' id='word_1_665' title='bbox 874 4638 1238 4707; x_wconf 76' lang='lat' dir='ltr'><strong>tequissimum</strong></span> <span class='ocrx_word' id='word_1_666' title='bbox 1288 4652 1399 4704; x_wconf 88' lang='lat' dir='ltr'><strong>eas,</strong></span> <span class='ocrx_word' id='word_1_667' title='bbox 1451 4653 1618 4706; x_wconf 85' lang='lat' dir='ltr'><strong>usque</strong></span> <span class='ocrx_word' id='word_1_668' title='bbox 1659 4654 1764 4707; x_wconf 89' lang='lat' dir='ltr'><strong>quo</strong></span> <span class='ocrx_word' id='word_1_669' title='bbox 1808 4639 1890 4693; x_wconf 86' lang='lat' dir='ltr'><strong>di-</strong></span> <span class='ocrx_word' id='word_1_670' title='bbox 1921 4617 1968 4675; x_wconf 71' lang='grc' dir='ltr'><strong>θ</strong></span> <span class='ocrx_word' id='word_1_671' title='bbox 1997 4635 2178 4690; x_wconf 87' lang='lat' dir='ltr'><strong>incisis</strong></span> <span class='ocrx_word' id='word_1_672' title='bbox 2227 4635 2572 4703; x_wconf 88' lang='lat' dir='ltr'><strong>relinquunt,</strong></span> <span class='ocrx_word' id='word_1_673' title='bbox 2630 4631 2914 4694; x_wconf 77' lang='lat' dir='ltr'><strong>nonnullos</strong></span> <span class='ocrx_word' id='word_1_674' title='bbox 2966 4627 3188 4682; x_wconf 85' lang='lat' dir='ltr'><strong>auribus</strong></span> <span class='ocrx_word' id='word_1_675' title='bbox 3249 4624 3570 4692; x_wconf 88' lang='lat' dir='ltr'><strong>naribusque</strong></span> 
     </span>
    </p>
   </div>
   <div class='ocr_carea' id='block_1_91' title="bbox 310 4729 1890 4801">
    <p class='ocr_par' dir='ltr' id='par_1_91' title="bbox 310 4729 1890 4801">
     <span class='ocr_line' id='line_1_91' title="bbox 310 4729 1890 4801; baseline -0.003 -17"><span class='ocrx_word' id='word_1_676' title='bbox 310 4745 474 4801; x_wconf 82' lang='lat' dir='ltr'><strong>gnam</strong></span> <span class='ocrx_word' id='word_1_677' title='bbox 505 4740 727 4799; x_wconf 88' lang='lat' dir='ltr'><strong>agerent</strong></span> <span class='ocrx_word' id='word_1_678' title='bbox 757 4730 1150 4797; x_wconf 64' lang='lat' dir='ltr'><strong>paenitentiam,</strong></span> <span class='ocrx_word' id='word_1_679' title='bbox 1199 4745 1228 4784; x_wconf 89' lang='lat' dir='ltr'><strong>a</strong></span> <span class='ocrx_word' id='word_1_680' title='bbox 1269 4733 1642 4783; x_wconf 85' lang='lat' dir='ltr'><strong>communione</strong></span> <span class='ocrx_word' id='word_1_681' title='bbox 1674 4729 1890 4798; x_wconf 82' lang='lat' dir='ltr'><strong>privari,</strong></span> 
     </span>
    </p>
   </div>
   <div class='ocr_carea' id='block_1_92' title="bbox 311 4820 1890 4889">
    <p class='ocr_par' dir='ltr' id='par_1_92' title="bbox 311 4820 1890 4889">
     <span class='ocr_line' id='line_1_92' title="bbox 311 4820 1890 4889; baseline -0.004 -11"><span class='ocrx_word' id='word_1_682' title='bbox 311 4835 369 4878; x_wconf 82' lang='lat' dir='ltr'><strong>et</strong></span> <span class='ocrx_word' id='word_1_683' title='bbox 397 4823 723 4876; x_wconf 86' lang='lat' dir='ltr'><strong>abbatissam</strong></span> <span class='ocrx_word' id='word_1_684' title='bbox 765 4836 863 4875; x_wconf 92' lang='lat' dir='ltr'><strong>suo</strong></span> <span class='ocrx_word' id='word_1_685' title='bbox 904 4823 1019 4875; x_wconf 91' lang='lat' dir='ltr'><strong>loco</strong></span> <span class='ocrx_word' id='word_1_686' title='bbox 1065 4836 1282 4889; x_wconf 91' lang='lat' dir='ltr'><strong>perman</strong></span> <span class='ocrx_word' id='word_1_687' title='bbox 1315 4837 1460 4874; x_wconf 89' lang='lat' dir='ltr'><strong>uram</strong></span> <span class='ocrx_word' id='word_1_688' title='bbox 1504 4820 1730 4875; x_wconf 87' lang='lat' dir='ltr'><strong>restitui.</strong></span> <span class='ocrx_word' id='word_1_689' title='bbox 1773 4821 1890 4874; x_wconf 81' lang='lat' dir='ltr'><strong>&quot;:ec</strong></span> 
     </span>
    </p>
   </div>
   <div class='ocr_carea' id='block_1_93' title="bbox 310 4912 1890 4984">
    <p class='ocr_par' dir='ltr' id='par_1_93' title="bbox 310 4912 1890 4984">
     <span class='ocr_line' id='line_1_93' title="bbox 310 4912 1890 4984; baseline -0.003 -15"><span class='ocrx_word' id='word_1_690' title='bbox 310 4930 415 4970; x_wconf 88' lang='lat' dir='ltr'><strong>nos</strong></span> <span class='ocrx_word' id='word_1_691' title='bbox 445 4930 542 4984; x_wconf 88' lang='lat' dir='ltr'><strong>pro</strong></span> <span class='ocrx_word' id='word_1_692' title='bbox 563 4923 737 4966; x_wconf 89' lang='lat' dir='ltr'><strong>vestra</strong></span> <span class='ocrx_word' id='word_1_693' title='bbox 760 4913 1022 4982; x_wconf 86' lang='lat' dir='ltr'><strong>jussionc,</strong></span> <span class='ocrx_word' id='word_1_694' title='bbox 1052 4913 1190 4980; x_wconf 90' lang='lat' dir='ltr'><strong>quod</strong></span> <span class='ocrx_word' id='word_1_695' title='bbox 1221 4913 1285 4965; x_wconf 88' lang='lat' dir='ltr'><strong>ad</strong></span> <span class='ocrx_word' id='word_1_696' title='bbox 1313 4912 1734 4966; x_wconf 89' lang='lat' dir='ltr'><strong>ecclesiasticum</strong></span> <span class='ocrx_word' id='word_1_697' title='bbox 1767 4929 1890 4980; x_wconf 88' lang='lat' dir='ltr'><strong>per-</strong></span> 
     </span>
    </p>
   </div>
   <div class='ocr_carea' id='block_1_94' title="bbox 312 5003 1890 5076">
    <p class='ocr_par' dir='ltr' id='par_1_94' title="bbox 312 5003 1890 5076">
     <span class='ocr_line' id='line_1_94' title="bbox 312 5003 1890 5076; baseline -0.001 -17"><span class='ocrx_word' id='word_1_698' title='bbox 312 5006 472 5060; x_wconf 81' lang='lat' dir='ltr'><strong>tinuit</strong></span> <span class='ocrx_word' id='word_1_699' title='bbox 518 5004 782 5070; x_wconf 74' lang='lat' dir='ltr'><strong>ordinem,</strong></span> <span class='ocrx_word' id='word_1_700' title='bbox 824 5004 1226 5076; x_wconf 78' lang='lat' dir='ltr'><strong>circumspectis</strong></span> <span class='ocrx_word' id='word_1_701' title='bbox 1256 5013 1278 5040; x_wconf 75' lang='grc' dir='ltr'>ε</span> <span class='ocrx_word' id='word_1_702' title='bbox 1311 5003 1637 5071; x_wconf 89' lang='lat' dir='ltr'><strong>canonibus,</strong></span> <span class='ocrx_word' id='word_1_703' title='bbox 1686 5006 1890 5073; x_wconf 87' lang='lat' dir='ltr'><strong>absque</strong></span> 
     </span>
    </p>
   </div>
   <div class='ocr_carea' id='block_1_95' title="bbox 392 5143 902 5198">
    <p class='ocr_par' dir='ltr' id='par_1_95' title="bbox 392 5143 902 5198">
     <span class='ocr_line' id='line_1_95' title="bbox 392 5143 902 5198; baseline -0.004 0"><span class='ocrx_word' id='word_1_704' title='bbox 392 5154 419 5182; x_wconf 83' lang='grc'><strong><em>⁸</em></strong></span> <span class='ocrx_word' id='word_1_705' title='bbox 448 5144 500 5197; x_wconf 85' lang='lat' dir='ltr'><strong>Id</strong></span> <span class='ocrx_word' id='word_1_706' title='bbox 533 5154 614 5198; x_wconf 86' lang='lat' dir='ltr'><strong>est</strong></span> <span class='ocrx_word' id='word_1_707' title='bbox 642 5143 902 5196; x_wconf 78' lang='lat' dir='ltr'><strong>diaconos.</strong></span> 
     </span>
    </p>
   </div>
   <div class='ocr_carea' id='block_1_96' title="bbox 393 5211 1654 5281">
    <p class='ocr_par' dir='ltr' id='par_1_96' title="bbox 393 5211 1654 5281">
     <span class='ocr_line' id='line_1_96' title="bbox 393 5211 1654 5281; baseline -0.002 -14"><span class='ocrx_word' id='word_1_708' title='bbox 393 5211 420 5252; x_wconf 74' lang='grc'><strong><em>³³</em></strong></span> <span class='ocrx_word' id='word_1_709' title='bbox 449 5213 659 5280; x_wconf 59' lang='lat' dir='ltr'><strong>Regnn,</strong></span> <span class='ocrx_word' id='word_1_710' title='bbox 692 5215 869 5279; x_wconf 77' lang='lat' dir='ltr'><strong>festivo</strong></span> <span class='ocrx_word' id='word_1_711' title='bbox 896 5211 1083 5264; x_wconf 77' lang='lat' dir='ltr'><strong>scilicet</strong></span> <span class='ocrx_word' id='word_1_712' title='bbox 1107 5227 1195 5281; x_wconf 80' lang='lat' dir='ltr'><strong>per</strong></span> <span class='ocrx_word' id='word_1_713' title='bbox 1222 5228 1367 5264; x_wconf 83' lang='lat' dir='ltr'><strong>omne</strong></span> <span class='ocrx_word' id='word_1_714' title='bbox 1395 5211 1654 5264; x_wconf 67' lang='lat' dir='ltr'><strong>saxulum.</strong></span> 
     </span>
    </p>
   </div>
   <div class='ocr_carea' id='block_1_97' title="bbox 395 5281 1888 5352">
    <p class='ocr_par' dir='ltr' id='par_1_97' title="bbox 395 5281 1888 5352">
     <span class='ocr_line' id='line_1_97' title="bbox 395 5281 1888 5352; baseline -0.003 -16"><span class='ocrx_word' id='word_1_715' title='bbox 395 5293 422 5322; x_wconf 76' lang='grc' dir='ltr'><strong><em>ο</em></strong></span> <span class='ocrx_word' id='word_1_716' title='bbox 449 5285 574 5336; x_wconf 81' lang='lat' dir='ltr'><strong>Eam</strong></span> <span class='ocrx_word' id='word_1_717' title='bbox 606 5284 807 5337; x_wconf 89' lang='lat' dir='ltr'><strong>scilicet</strong></span> <span class='ocrx_word' id='word_1_718' title='bbox 832 5298 987 5352; x_wconf 85' lang='lat' dir='ltr'><strong>quam</strong></span> <span class='ocrx_word' id='word_1_719' title='bbox 1019 5289 1198 5333; x_wconf 89' lang='lat' dir='ltr'><strong>sancta</strong></span> <span class='ocrx_word' id='word_1_720' title='bbox 1231 5281 1566 5350; x_wconf 76' lang='lat' dir='ltr'><strong>Radegundis</strong></span> <span class='ocrx_word' id='word_1_721' title='bbox 1597 5291 1739 5333; x_wconf 89' lang='lat' dir='ltr'><strong>tanta</strong></span> <span class='ocrx_word' id='word_1_722' title='bbox 1771 5294 1888 5352; x_wconf 85' lang='lat' dir='ltr'><strong>cum</strong></span> 
     </span>
    </p>
   </div>
   <div class='ocr_carea' id='block_1_98' title="bbox 310 5350 1889 5424">
    <p class='ocr_par' dir='ltr' id='par_1_98' title="bbox 310 5350 1889 5424">
     <span class='ocr_line' id='line_1_98' title="bbox 310 5350 1889 5424; baseline -0.003 -18"><span class='ocrx_word' id='word_1_723' title='bbox 310 5368 511 5424; x_wconf 80' lang='lat' dir='ltr'><strong>pompa</strong></span> <span class='ocrx_word' id='word_1_724' title='bbox 542 5355 605 5405; x_wconf 90' lang='lat' dir='ltr'><strong>ad</strong></span> <span class='ocrx_word' id='word_1_725' title='bbox 640 5350 1020 5405; x_wconf 83' lang='lat' dir='ltr'><strong>monasterium</strong></span> <span class='ocrx_word' id='word_1_726' title='bbox 1041 5353 1213 5424; x_wconf 78' lang='lat' dir='ltr'><strong>all&#39;etri</strong></span> <span class='ocrx_word' id='word_1_727' title='bbox 1236 5361 1539 5424; x_wconf 79' lang='lat' dir='ltr'><strong>curaverat,</strong></span> <span class='ocrx_word' id='word_1_728' title='bbox 1559 5365 1679 5424; x_wconf 69' lang='lat' dir='ltr'><strong>qua:</strong></span> <span class='ocrx_word' id='word_1_729' title='bbox 1708 5359 1760 5424; x_wconf 77' lang='lat' dir='ltr'><strong>et</strong></span> <span class='ocrx_word' id='word_1_730' title='bbox 1791 5350 1889 5424; x_wconf 83' lang='lat' dir='ltr'><strong>ipsi</strong></span> 
     </span>
    </p>
   </div>
   <div class='ocr_carea' id='block_1_99' title="bbox 310 5419 1894 5488">
    <p class='ocr_par' dir='ltr' id='par_1_99' title="bbox 310 5419 1894 5488">
     <span class='ocr_line' id='line_1_99' title="bbox 310 5419 1894 5488; baseline -0.004 -10"><span class='ocrx_word' id='word_1_731' title='bbox 310 5419 512 5478; x_wconf 77' lang='lat' dir='ltr'><strong>hemen</strong></span> <span class='ocrx_word' id='word_1_732' title='bbox 543 5425 730 5475; x_wconf 67' lang='lat' dir='ltr'><strong>tribui;</strong></span> <span class='ocrx_word' id='word_1_733' title='bbox 783 5424 1047 5475; x_wconf 66' lang='lat' dir='ltr'><strong>Caeterum</strong></span> <span class='ocrx_word' id='word_1_734' title='bbox 1085 5422 1204 5474; x_wconf 88' lang='lat' dir='ltr'><strong>cod.</strong></span> <span class='ocrx_word' id='word_1_735' title='bbox 1234 5421 1422 5488; x_wconf 70' lang='lat' dir='ltr'><strong>liegm.</strong></span> <span class='ocrx_word' id='word_1_736' title='bbox 1454 5420 1609 5486; x_wconf 90' lang='lat' dir='ltr'><strong>paulo</strong></span> <span class='ocrx_word' id='word_1_737' title='bbox 1639 5419 1894 5486; x_wconf 77' lang='lat' dir='ltr'><strong>prolixius</strong></span> 
     </span>
    </p>
   </div>
   <div class='ocr_carea' id='block_1_100' title="bbox 309 5490 1895 5560">
    <p class='ocr_par' dir='ltr' id='par_1_100' title="bbox 309 5490 1895 5560">
     <span class='ocr_line' id='line_1_100' title="bbox 309 5490 1895 5560; baseline -0.004 -13"><span class='ocrx_word' id='word_1_738' title='bbox 309 5494 480 5548; x_wconf 82' lang='lat' dir='ltr'><strong>habet</strong></span> <span class='ocrx_word' id='word_1_739' title='bbox 507 5509 521 5545; x_wconf 88' lang='lat'><strong>:</strong></span> <span class='ocrx_word' id='word_1_740' title='bbox 552 5491 866 5552; x_wconf 70' lang='lat' dir='ltr'><strong>Extra/mm,</strong></span> <span class='ocrx_word' id='word_1_741' title='bbox 900 5493 1200 5556; x_wconf 74' lang='lat' dir='ltr'><strong>easdemque</strong></span> <span class='ocrx_word' id='word_1_742' title='bbox 1238 5493 1304 5542; x_wconf 86' lang='lat' dir='ltr'><strong>nd</strong></span> <span class='ocrx_word' id='word_1_743' title='bbox 1331 5492 1573 5560; x_wconf 83' lang='lat' dir='ltr'><strong>injurinm</strong></span> <span class='ocrx_word' id='word_1_744' title='bbox 1611 5490 1895 5541; x_wconf 42' lang='lat' dir='ltr'><strong>indece;.&#39;ter</strong></span> 
     </span>
    </p>
   </div>
   <div class='ocr_carea' id='block_1_101' title="bbox 309 5561 1895 5626">
    <p class='ocr_par' dir='ltr' id='par_1_101' title="bbox 309 5561 1895 5626">
     <span class='ocr_line' id='line_1_101' title="bbox 309 5561 1895 5626; baseline -0.003 -10"><span class='ocrx_word' id='word_1_745' title='bbox 309 5566 593 5626; x_wconf 75' lang='lat' dir='ltr'><strong>trahentes,</strong></span> <span class='ocrx_word' id='word_1_746' title='bbox 625 5574 672 5616; x_wconf 83' lang='lat' dir='ltr'><strong>et</strong></span> <span class='ocrx_word' id='word_1_747' title='bbox 701 5565 896 5615; x_wconf 88' lang='lat' dir='ltr'><strong>merito.</strong></span> <span class='ocrx_word' id='word_1_748' title='bbox 939 5561 1191 5614; x_wconf 79' lang='lat' dir='ltr'><strong>Violenter</strong></span> <span class='ocrx_word' id='word_1_749' title='bbox 1217 5562 1346 5612; x_wconf 85' lang='lat' dir='ltr'><strong>enim</strong></span> <span class='ocrx_word' id='word_1_750' title='bbox 1374 5570 1418 5612; x_wconf 86' lang='lat' dir='ltr'><strong>et</strong></span> <span class='ocrx_word' id='word_1_751' title='bbox 1443 5569 1618 5611; x_wconf 85' lang='lat' dir='ltr'><strong>contra</strong></span> <span class='ocrx_word' id='word_1_752' title='bbox 1655 5562 1895 5618; x_wconf 81' lang='lat' dir='ltr'><strong>pudorem</strong></span> 
     </span>
    </p>
   </div>
   <div class='ocr_carea' id='block_1_102' title="bbox 309 5628 1892 5701">
    <p class='ocr_par' dir='ltr' id='par_1_102' title="bbox 309 5628 1892 5701">
     <span class='ocr_line' id='line_1_102' title="bbox 309 5628 1892 5701; baseline -0.004 -12"><span class='ocrx_word' id='word_1_753' title='bbox 309 5650 467 5689; x_wconf 67' lang='lat' dir='ltr'><strong>suum</strong></span> <span class='ocrx_word' id='word_1_754' title='bbox 493 5644 698 5701; x_wconf 84' lang='lat' dir='ltr'><strong>egerant</strong></span> <span class='ocrx_word' id='word_1_755' title='bbox 725 5634 776 5685; x_wconf 82' lang='lat' dir='ltr'><strong>in</strong></span> <span class='ocrx_word' id='word_1_756' title='bbox 805 5632 1017 5685; x_wconf 75' lang='lat' dir='ltr'><strong>ecclesia</strong></span> <span class='ocrx_word' id='word_1_757' title='bbox 1040 5649 1130 5683; x_wconf 84' lang='lat' dir='ltr'><strong>sua</strong></span> <span class='ocrx_word' id='word_1_758' title='bbox 1152 5643 1326 5685; x_wconf 81' lang='lat' dir='ltr'><strong>contra</strong></span> <span class='ocrx_word' id='word_1_759' title='bbox 1352 5630 1607 5681; x_wconf 80' lang='lat' dir='ltr'><strong>ministros</strong></span> <span class='ocrx_word' id='word_1_760' title='bbox 1633 5628 1892 5682; x_wconf 70' lang='lat' dir='ltr'><strong>Ecclesim.</strong></span> 
     </span>
    </p>
   </div>
   <div class='ocr_carea' id='block_1_103' title="bbox 308 5703 1894 5772">
    <p class='ocr_par' dir='ltr' id='par_1_103' title="bbox 308 5703 1894 5772">
     <span class='ocr_line' id='line_1_103' title="bbox 308 5703 1894 5772; baseline -0.006 -14"><span class='ocrx_word' id='word_1_761' title='bbox 308 5703 425 5758; x_wconf 84' lang='lat' dir='ltr'><strong>Sed</strong></span> <span class='ocrx_word' id='word_1_762' title='bbox 449 5705 570 5755; x_wconf 84' lang='lat' dir='ltr'><strong>dum</strong></span> <span class='ocrx_word' id='word_1_763' title='bbox 600 5704 674 5755; x_wconf 85' lang='lat' dir='ltr'><strong>sic</strong></span> <span class='ocrx_word' id='word_1_764' title='bbox 699 5705 963 5772; x_wconf 82' lang='lat' dir='ltr'><strong>injuriose,</strong></span> <span class='ocrx_word' id='word_1_765' title='bbox 998 5712 1052 5754; x_wconf 84' lang='lat' dir='ltr'><strong>ut</strong></span> <span class='ocrx_word' id='word_1_766' title='bbox 1080 5705 1291 5772; x_wconf 5' lang='lat' dir='ltr'><strong>quidem,</strong></span> <span class='ocrx_word' id='word_1_767' title='bbox 1321 5709 1513 5772; x_wconf 69' lang='lat' dir='ltr'><strong>merita:</strong></span> <span class='ocrx_word' id='word_1_768' title='bbox 1542 5710 1685 5772; x_wconf 79' lang='lat' dir='ltr'><strong>erant</strong></span> <span class='ocrx_word' id='word_1_769' title='bbox 1723 5706 1894 5751; x_wconf 78' lang='lat' dir='ltr'><strong>trahe-</strong></span> 
     </span>
    </p>
   </div>
   <div class='ocr_carea' id='block_1_104' title="bbox 308 5769 1892 5841">
    <p class='ocr_par' dir='ltr' id='par_1_104' title="bbox 308 5769 1892 5841">
     <span class='ocr_line' id='line_1_104' title="bbox 308 5769 1892 5841; baseline -0.005 -15"><span class='ocrx_word' id='word_1_770' title='bbox 308 5786 509 5838; x_wconf 55' lang='lat' dir='ltr'><strong>rentur,</strong></span> <span class='ocrx_word' id='word_1_771' title='bbox 544 5769 834 5838; x_wconf 67' lang='lat' dir='ltr'><strong>pauitantia</strong></span> <span class='ocrx_word' id='word_1_772' title='bbox 881 5775 1045 5825; x_wconf 67' lang='lat' dir='ltr'><strong>ductis</strong></span> <span class='ocrx_word' id='word_1_773' title='bbox 1071 5788 1162 5841; x_wconf 88' lang='lat' dir='ltr'><strong>pro</strong></span> <span class='ocrx_word' id='word_1_774' title='bbox 1193 5770 1522 5840; x_wconf 71' lang='lat' dir='ltr'><strong>facinoribus,</strong></span> <span class='ocrx_word' id='word_1_775' title='bbox 1554 5769 1781 5841; x_wconf 76' lang='lat' dir='ltr'><strong>petebant</strong></span> <span class='ocrx_word' id='word_1_776' title='bbox 1810 5786 1892 5819; x_wconf 83' lang='lat' dir='ltr'><strong>ve-</strong></span> 
     </span>
    </p>
   </div>
   <div class='ocr_carea' id='block_1_105' title="bbox 308 5840 1894 5902">
    <p class='ocr_par' dir='ltr' id='par_1_105' title="bbox 308 5840 1894 5902">
     <span class='ocr_line' id='line_1_105' title="bbox 308 5840 1894 5902; baseline -0.004 -5"><span class='ocrx_word' id='word_1_777' title='bbox 308 5845 457 5897; x_wconf 81' lang='lat' dir='ltr'><strong>niam</strong></span> <span class='ocrx_word' id='word_1_778' title='bbox 489 5845 582 5896; x_wconf 84' lang='lat' dir='ltr'><strong>sibi</strong></span> <span class='ocrx_word' id='word_1_779' title='bbox 610 5846 724 5897; x_wconf 81' lang='lat' dir='ltr'><strong>dari</strong></span> <span class='ocrx_word' id='word_1_780' title='bbox 751 5848 812 5898; x_wconf 79' lang='lat' dir='ltr'><strong>ab</strong></span> <span class='ocrx_word' id='word_1_781' title='bbox 839 5840 1114 5902; x_wconf 62' lang='lat' dir='ltr'><strong>abbatissa,</strong></span> <span class='ocrx_word' id='word_1_782' title='bbox 1151 5841 1440 5895; x_wconf 81' lang='lat' dir='ltr'><strong>vollit&#39;entes</strong></span> <span class='ocrx_word' id='word_1_783' title='bbox 1465 5856 1515 5894; x_wconf 76' lang='lat' dir='ltr'><strong>se</strong></span> <span class='ocrx_word' id='word_1_784' title='bbox 1539 5840 1894 5894; x_wconf 79' lang='lat' dir='ltr'><strong>emendaturus</strong></span> 
     </span>
    </p>
   </div>
   <div class='ocr_carea' id='block_1_106' title="bbox 1994 4716 3571 4796">
    <p class='ocr_par' dir='ltr' id='par_1_106' title="bbox 1994 4716 3571 4796">
     <span class='ocr_line' id='line_1_106' title="bbox 1994 4716 3571 4796; baseline -0.011 -14"><span class='ocrx_word' id='word_1_785' title='bbox 1994 4728 2280 4796; x_wconf 84' lang='lat' dir='ltr'><strong>amputatis</strong></span> <span class='ocrx_word' id='word_1_786' title='bbox 2309 4724 2375 4778; x_wconf 90' lang='lat' dir='ltr'><strong>ad</strong></span> <span class='ocrx_word' id='word_1_787' title='bbox 2405 4723 2687 4777; x_wconf 80' lang='lat' dir='ltr'><strong>ridiculum</strong></span> <span class='ocrx_word' id='word_1_788' title='bbox 2734 4720 3068 4774; x_wconf 82' lang='lat' dir='ltr'><strong>laxaverunt.</strong></span> <span class='ocrx_word' id='word_1_789' title='bbox 3118 4716 3363 4783; x_wconf 86' lang='lat' dir='ltr'><strong>Plerique</strong></span> <span class='ocrx_word' id='word_1_790' title='bbox 3391 4722 3571 4766; x_wconf 84' lang='lat' dir='ltr'><strong>tamen</strong></span> 
     </span>
    </p>
   </div>
   <div class='ocr_carea' id='block_1_107' title="bbox 1994 4802 3573 4884">
    <p class='ocr_par' dir='ltr' id='par_1_107' title="bbox 1994 4802 3573 4884">
     <span class='ocr_line' id='line_1_107' title="bbox 1994 4802 3573 4884; baseline -0.012 -12"><span class='ocrx_word' id='word_1_791' title='bbox 1994 4832 2059 4873; x_wconf 88' lang='lat' dir='ltr'><strong>ex</strong></span> <span class='ocrx_word' id='word_1_792' title='bbox 2091 4819 2279 4870; x_wconf 90' lang='lat' dir='ltr'><strong>vinctis</strong></span> <span class='ocrx_word' id='word_1_793' title='bbox 2298 4855 2313 4878; x_wconf 89' lang='lat'><strong>,</strong></span> <span class='ocrx_word' id='word_1_794' title='bbox 2344 4815 2724 4884; x_wconf 87' lang='lat' dir='ltr'><strong>suppliciorum</strong></span> <span class='ocrx_word' id='word_1_795' title='bbox 2752 4824 2945 4879; x_wconf 88' lang='lat' dir='ltr'><strong>genera</strong></span> <span class='ocrx_word' id='word_1_796' title='bbox 2978 4816 3276 4860; x_wconf 72' lang='lat' dir='ltr'><strong>metuentes</strong></span> <span class='ocrx_word' id='word_1_797' title='bbox 3296 4843 3312 4868; x_wconf 91' lang='lat'><strong>,</strong></span> <span class='ocrx_word' id='word_1_798' title='bbox 3345 4802 3573 4870; x_wconf 88' lang='lat' dir='ltr'><strong>pr0priis</strong></span> 
     </span>
    </p>
   </div>
   <div class='ocr_carea' id='block_1_108' title="bbox 1992 4893 3571 4964">
    <p class='ocr_par' dir='ltr' id='par_1_108' title="bbox 1992 4893 3571 4964">
     <span class='ocr_line' id='line_1_108' title="bbox 1992 4893 3571 4964; baseline -0.013 -1"><span class='ocrx_word' id='word_1_799' title='bbox 1992 4924 2049 4963; x_wconf 87' lang='lat' dir='ltr'><strong>se</strong></span> <span class='ocrx_word' id='word_1_800' title='bbox 2079 4907 2366 4961; x_wconf 88' lang='lat' dir='ltr'><strong>confodere</strong></span> <span class='ocrx_word' id='word_1_801' title='bbox 2395 4903 2772 4964; x_wconf 85' lang='lat' dir='ltr'><strong>mucronibus;</strong></span> <span class='ocrx_word' id='word_1_802' title='bbox 2805 4898 3042 4952; x_wconf 88' lang='lat' dir='ltr'><strong>nonnulli</strong></span> <span class='ocrx_word' id='word_1_803' title='bbox 3073 4896 3234 4949; x_wconf 84' lang='lat' dir='ltr'><strong>etiam</strong></span> <span class='ocrx_word' id='word_1_804' title='bbox 3279 4893 3417 4946; x_wconf 88' lang='lat' dir='ltr'><strong>inter</strong></span> <span class='ocrx_word' id='word_1_805' title='bbox 3444 4906 3571 4959; x_wconf 85' lang='lat' dir='ltr'><strong>sup-</strong></span> 
     </span>
    </p>
   </div>
   <div class='ocr_carea' id='block_1_109' title="bbox 1995 4990 3277 5071">
    <p class='ocr_par' dir='ltr' id='par_1_109' title="bbox 1995 4990 3277 5071">
     <span class='ocr_line' id='line_1_109' title="bbox 1995 4990 3277 5071; baseline -0.014 -16"><span class='ocrx_word' id='word_1_806' title='bbox 1995 5019 2026 5071; x_wconf 91' lang='lat' dir='ltr'><strong>p</strong></span> <span class='ocrx_word' id='word_1_807' title='bbox 2049 5000 2148 5056; x_wconf 89' lang='lat' dir='ltr'><strong>icia</strong></span> <span class='ocrx_word' id='word_1_808' title='bbox 2178 5001 2510 5061; x_wconf 83' lang='lat' dir='ltr'><strong>deleeerunt,</strong></span> <span class='ocrx_word' id='word_1_809' title='bbox 2541 5007 2598 5048; x_wconf 93' lang='lat' dir='ltr'><strong>ut</strong></span> <span class='ocrx_word' id='word_1_810' title='bbox 2627 4993 2767 5063; x_wconf 86' lang='lat' dir='ltr'><strong>regis</strong></span> <span class='ocrx_word' id='word_1_811' title='bbox 2797 4990 2929 5044; x_wconf 85' lang='lat' dir='ltr'><strong>ultio</strong></span> <span class='ocrx_word' id='word_1_812' title='bbox 2960 4998 3277 5058; x_wconf 86' lang='lat' dir='ltr'><strong>patraretur.</strong></span> 
     </span>
    </p>
   </div>
   <div class='ocr_carea' id='block_1_110' title="bbox 1991 5124 3572 5211">
    <p class='ocr_par' dir='ltr' id='par_1_110' title="bbox 1991 5124 3572 5211">
     <span class='ocr_line' id='line_1_110' title="bbox 1991 5124 3572 5211; baseline -0.014 -15"><span class='ocrx_word' id='word_1_813' title='bbox 1991 5141 2238 5211; x_wconf 76' lang='lat' dir='ltr'><strong>quidquid</strong></span> <span class='ocrx_word' id='word_1_814' title='bbox 2282 5140 2410 5211; x_wconf 77' lang='lat' dir='ltr'><strong>male</strong></span> <span class='ocrx_word' id='word_1_815' title='bbox 2447 5143 2672 5205; x_wconf 80' lang='lat' dir='ltr'><strong>egerant.</strong></span> <span class='ocrx_word' id='word_1_816' title='bbox 2720 5132 2794 5211; x_wconf 36' lang='lat' dir='ltr'><strong>Et.</strong></span> <span class='ocrx_word' id='word_1_817' title='bbox 2829 5129 2948 5211; x_wconf 32' lang='lat' dir='ltr'><strong>hinc.</strong></span> <span class='ocrx_word' id='word_1_818' title='bbox 2983 5129 3134 5210; x_wconf 73' lang='lat' dir='ltr'><strong>tertio</strong></span> <span class='ocrx_word' id='word_1_819' title='bbox 3169 5124 3492 5211; x_wconf 52' lang='lat' dir='ltr'><strong>simulantes,</strong></span> <span class='ocrx_word' id='word_1_820' title='bbox 3525 5131 3572 5174; x_wconf 81' lang='lat' dir='ltr'><strong>et</strong></span> 
     </span>
    </p>
   </div>
   <div class='ocr_carea' id='block_1_111' title="bbox 1994 5195 3575 5281">
    <p class='ocr_par' dir='ltr' id='par_1_111' title="bbox 1994 5195 3575 5281">
     <span class='ocr_line' id='line_1_111' title="bbox 1994 5195 3575 5281; baseline -0.013 -16"><span class='ocrx_word' id='word_1_821' title='bbox 1994 5195 2334 5281; x_wconf 58' lang='lat' dir='ltr'><strong>prandentium</strong></span> <span class='ocrx_word' id='word_1_822' title='bbox 2368 5195 2635 5281; x_wconf 52' lang='lat' dir='ltr'><strong>fugientes,</strong></span> <span class='ocrx_word' id='word_1_823' title='bbox 2662 5204 2822 5281; x_wconf 73' lang='lat' dir='ltr'><strong>magis</strong></span> <span class='ocrx_word' id='word_1_824' title='bbox 2847 5202 2912 5281; x_wconf 76' lang='lat' dir='ltr'><strong>de</strong></span> <span class='ocrx_word' id='word_1_825' title='bbox 2934 5199 3091 5264; x_wconf 71' lang='lat' dir='ltr'><strong>ipsius</strong></span> <span class='ocrx_word' id='word_1_826' title='bbox 3129 5197 3392 5281; x_wconf 56' lang='lat' dir='ltr'><strong>abbatissw</strong></span> <span class='ocrx_word' id='word_1_827' title='bbox 3421 5195 3575 5281; x_wconf 64' lang='lat' dir='ltr'><strong>inter-</strong></span> 
     </span>
    </p>
   </div>
   <div class='ocr_carea' id='block_1_112' title="bbox 1995 5265 3568 5352">
    <p class='ocr_par' dir='ltr' id='par_1_112' title="bbox 1995 5265 3568 5352">
     <span class='ocr_line' id='line_1_112' title="bbox 1995 5265 3568 5352; baseline -0.014 -16"><span class='ocrx_word' id='word_1_828' title='bbox 1995 5265 2208 5352; x_wconf 49' lang='lat' dir='ltr'><strong>iectione</strong></span> <span class='ocrx_word' id='word_1_829' title='bbox 2241 5265 2543 5339; x_wconf 68' lang='lat' dir='ltr'><strong>tractationi,</strong></span> <span class='ocrx_word' id='word_1_830' title='bbox 2570 5265 2704 5345; x_wconf 71' lang='lat' dir='ltr'><strong>quod</strong></span> <span class='ocrx_word' id='word_1_831' title='bbox 2737 5265 2932 5341; x_wconf 70' lang='lat' dir='ltr'><strong>publice</strong></span> <span class='ocrx_word' id='word_1_832' title='bbox 2967 5278 3085 5322; x_wconf 85' lang='lat' dir='ltr'><strong>sunt</strong></span> <span class='ocrx_word' id='word_1_833' title='bbox 3120 5267 3382 5336; x_wconf 63' lang='lat' dir='ltr'><strong>confessor.</strong></span> <span class='ocrx_word' id='word_1_834' title='bbox 3421 5265 3568 5316; x_wconf 68' lang='lat' dir='ltr'><strong>lieseo</strong></span> 
     </span>
    </p>
   </div>
   <div class='ocr_carea' id='block_1_113' title="bbox 1997 5352 2468 5415">
    <p class='ocr_par' dir='ltr' id='par_1_113' title="bbox 1997 5352 2468 5415">
     <span class='ocr_line' id='line_1_113' title="bbox 1997 5352 2468 5415; baseline -0.015 -10"><span class='ocrx_word' id='word_1_835' title='bbox 1997 5355 2120 5406; x_wconf 87' lang='lat' dir='ltr'><strong>ratis</strong></span> <span class='ocrx_word' id='word_1_836' title='bbox 2147 5352 2334 5415; x_wconf 83' lang='lat' dir='ltr'><strong>itaque.</strong></span> <span class='ocrx_word' id='word_1_837' title='bbox 2361 5357 2468 5399; x_wconf 87' lang='lat' dir='ltr'><strong>etc.</strong></span> 
     </span>
    </p>
   </div>
   <div class='ocr_carea' id='block_1_114' title="bbox 2069 5412 3037 5476">
    <p class='ocr_par' dir='ltr' id='par_1_114' title="bbox 2069 5412 3037 5476">
     <span class='ocr_line' id='line_1_114' title="bbox 2069 5412 3037 5476; baseline -0.012 -1"><span class='ocrx_word' id='word_1_838' title='bbox 2069 5420 2096 5458; x_wconf 72' lang='grc' dir='ltr'>ά</span> <span class='ocrx_word' id='word_1_839' title='bbox 2138 5412 2274 5474; x_wconf 83' lang='lat' dir='ltr'><strong>Editi</strong></span> <span class='ocrx_word' id='word_1_840' title='bbox 2303 5432 2422 5470; x_wconf 92' lang='lat' dir='ltr'><strong>cum</strong></span> <span class='ocrx_word' id='word_1_841' title='bbox 2452 5415 2603 5469; x_wconf 73' lang='lat' dir='ltr'><strong>Colb.</strong></span> <span class='ocrx_word' id='word_1_842' title='bbox 2635 5431 2732 5476; x_wconf 90' lang='lat' dir='ltr'><strong>m.,</strong></span> <span class='ocrx_word' id='word_1_843' title='bbox 2765 5412 3037 5463; x_wconf 85' lang='lat' dir='ltr'><strong>directum.</strong></span> 
     </span>
    </p>
   </div>
   <div class='ocr_carea' id='block_1_115' title="bbox 2074 5475 3577 5552">
    <p class='ocr_par' dir='ltr' id='par_1_115' title="bbox 2074 5475 3577 5552">
     <span class='ocr_line' id='line_1_115' title="bbox 2074 5475 3577 5552; baseline -0.015 -7"><span class='ocrx_word' id='word_1_844' title='bbox 2074 5502 2096 5528; x_wconf 76' lang='grc' dir='ltr'>ε</span> <span class='ocrx_word' id='word_1_845' title='bbox 2138 5491 2227 5544; x_wconf 91' lang='lat' dir='ltr'><strong>Sic</strong></span> <span class='ocrx_word' id='word_1_846' title='bbox 2259 5489 2377 5541; x_wconf 79' lang='lat' dir='ltr'><strong>Bec.</strong></span> <span class='ocrx_word' id='word_1_847' title='bbox 2411 5498 2462 5539; x_wconf 87' lang='lat' dir='ltr'><strong>et</strong></span> <span class='ocrx_word' id='word_1_848' title='bbox 2496 5487 2702 5552; x_wconf 82' lang='lat' dir='ltr'><strong>|legm.,</strong></span> <span class='ocrx_word' id='word_1_849' title='bbox 2733 5483 2843 5545; x_wconf 89' lang='lat' dir='ltr'><strong>alii,</strong></span> <span class='ocrx_word' id='word_1_850' title='bbox 2875 5475 3286 5552; x_wconf 70' lang='lat' dir='ltr'><strong>circumscriptis.</strong></span> <span class='ocrx_word' id='word_1_851' title='bbox 3391 5542 3413 5552; x_wconf 76' lang='lat'>_</span> <span class='ocrx_word' id='word_1_852' title='bbox 3562 5539 3577 5552; x_wconf 36' lang='lat' dir='ltr'><strong>O</strong></span> 
     </span>
    </p>
   </div>
   <div class='ocr_carea' id='block_1_116' title="bbox 2077 5542 3576 5626">
    <p class='ocr_par' dir='ltr' id='par_1_116' title="bbox 2077 5542 3576 5626">
     <span class='ocr_line' id='line_1_116' title="bbox 2077 5542 3576 5626; baseline -0.017 -12"><span class='ocrx_word' id='word_1_853' title='bbox 2077 5559 2096 5599; x_wconf 71' lang='grc' dir='ltr'>ί</span> <span class='ocrx_word' id='word_1_854' title='bbox 2141 5542 2352 5626; x_wconf 59' lang='grc' dir='ltr'><strong>ᾑέεῐῐιη</strong></span> <span class='ocrx_word' id='word_1_855' title='bbox 2383 5556 2496 5610; x_wconf 86' lang='lat' dir='ltr'><strong>Hoc</strong></span> <span class='ocrx_word' id='word_1_856' title='bbox 2526 5542 2699 5608; x_wconf 33' lang='lat' dir='ltr'><strong>mitem.</strong></span> <span class='ocrx_word' id='word_1_857' title='bbox 2730 5542 3132 5626; x_wconf 30' lang='lat' dir='ltr'><strong>rest—rtrpietatis</strong></span> <span class='ocrx_word' id='word_1_858' title='bbox 3161 5542 3254 5599; x_wconf 79' lang='lat' dir='ltr'><strong>erit</strong></span> <span class='ocrx_word' id='word_1_859' title='bbox 3281 5542 3576 5626; x_wconf 60' lang='lat' dir='ltr'><strong>conﬁrmari</strong></span> 
     </span>
    </p>
   </div>
   <div class='ocr_carea' id='block_1_117' title="bbox 2001 5612 3579 5701">
    <p class='ocr_par' dir='ltr' id='par_1_117' title="bbox 2001 5612 3579 5701">
     <span class='ocr_line' id='line_1_117' title="bbox 2001 5612 3579 5701; baseline -0.016 -16"><span class='ocrx_word' id='word_1_860' title='bbox 2001 5612 2165 5685; x_wconf 82' lang='lat' dir='ltr'><strong>stabili</strong></span> <span class='ocrx_word' id='word_1_861' title='bbox 2177 5612 2396 5701; x_wconf 31' lang='lat' dir='ltr'><strong>jt&#39;idicfo,</strong></span> <span class='ocrx_word' id='word_1_862' title='bbox 2422 5645 2482 5680; x_wconf 85' lang='lat' dir='ltr'><strong>ne</strong></span> <span class='ocrx_word' id='word_1_863' title='bbox 2503 5628 2833 5701; x_wconf 30' lang='lat' dir='ltr'><strong>autent-ipsas</strong></span> <span class='ocrx_word' id='word_1_864' title='bbox 2855 5625 2922 5673; x_wconf 86' lang='lat' dir='ltr'><strong>ad</strong></span> <span class='ocrx_word' id='word_1_865' title='bbox 2935 5612 3109 5701; x_wconf 63' lang='lat' dir='ltr'><strong>locum</strong></span> <span class='ocrx_word' id='word_1_866' title='bbox 3129 5630 3276 5686; x_wconf 87' lang='lat' dir='ltr'><strong>quem</strong></span> <span class='ocrx_word' id='word_1_867' title='bbox 3297 5623 3396 5701; x_wconf 36' lang='lat' dir='ltr'><strong>tajm</strong></span> 
     </span>
    </p>
   </div>
   <div class='ocr_carea' id='block_1_118' title="bbox 2001 5684 3576 5760">
    <p class='ocr_par' dir='ltr' id='par_1_118' title="bbox 2001 5684 3576 5760">
     <span class='ocr_line' id='line_1_118' title="bbox 2001 5684 3576 5760; baseline -0.014 -5"><span class='ocrx_word' id='word_1_868' title='bbox 2001 5684 2360 5755; x_wconf 51' lang='lat' dir='ltr'><strong>destruimmt</strong></span> <span class='ocrx_word' id='word_1_869' title='bbox 2386 5684 2562 5749; x_wconf 73' lang='lat' dir='ltr'><strong>sinatis</strong></span> <span class='ocrx_word' id='word_1_870' title='bbox 2589 5684 2773 5760; x_wconf 73' lang='lat' dir='ltr'><strong>redire,</strong></span> <span class='ocrx_word' id='word_1_871' title='bbox 2806 5708 2894 5746; x_wconf 83' lang='lat' dir='ltr'><strong>nec</strong></span> <span class='ocrx_word' id='word_1_872' title='bbox 2924 5684 3148 5745; x_wconf 70' lang='lat' dir='ltr'><strong>ulterius</strong></span> <span class='ocrx_word' id='word_1_873' title='bbox 3172 5684 3462 5738; x_wconf 82' lang='lat' dir='ltr'><strong>concedatis</strong></span> <span class='ocrx_word' id='word_1_874' title='bbox 3490 5699 3576 5735; x_wconf 67' lang='lat' dir='ltr'><strong>usv-</strong></span> 
     </span>
    </p>
   </div>
   <div class='ocr_carea' id='block_1_119' title="bbox 2004 5775 2471 5839">
    <p class='ocr_par' dir='ltr' id='par_1_119' title="bbox 2004 5775 2471 5839">
     <span class='ocr_line' id='line_1_119' title="bbox 2004 5775 2471 5839; baseline -0.013 -14"><span class='ocrx_word' id='word_1_875' title='bbox 2004 5775 2192 5839; x_wconf 61' lang='lat' dir='ltr'><strong>piruare,</strong></span> <span class='ocrx_word' id='word_1_876' title='bbox 2224 5779 2471 5836; x_wconf 81' lang='lat' dir='ltr'><strong>quatenus</strong></span> 
     </span>
    </p>
   </div>
  </div>
