3966 6348
298 374 396 439 53')

1222 378 1535 435 IIlSTOllh
1581 375 2025 433 FRANCORUSI.
2070 375 2270 431 LIBER
2314 377 2632 437 DECIMUS.

3455 375 3563 433 558

293 508 461 562 ceret,
496 495 818 564 pauperibus
850 496 1119 561 erogabat,
1159 504 1503 559 pl‘Oslt'rttens
1535 505 1593 543 se
1617 489 1749 551 solo,
1800 485 1872 541 ef-
1909 489 1958 547 Α
2058 488 2241 542 XXVI.
2315 490 2688 560 Rngnemodtis
2744 499 2765 527 ο
2826 503 3037 559 quoque
3083 488 3365 546 Parisiacae
3413 493 3563 549 urbis

292 588 526 643 fundens
547 590 843 639 orationem
883 602 1002 637 cum
1036 586 1258 638 muliere
1290 598 1581 637 memorata
1605 624 1619 645 ,
1661 592 1716 635 ct
1758 597 1871 633 sitr-

291 695 420 749 gens
468 694 526 732 se
572 680 762 731 iterum
792 692 820 729 a
868 676 1337 729 circumstantibus
1385 675 1591 727 adorari
1630 673 1872 741 jubebat.

293 771 629 825 Prazdicebat
651 773 790 824 enim
822 769 1019 832 futura,
1062 778 1113 820 ct
1143 768 1459 835 quibusdam
1490 767 1724 825 morbos,
1754 766 1876 832 qui-

292 864 517 915 busdam
559 864 751 915 damna
797 860 1078 924 provenire
1107 859 1477 920 denuntiabat,
1522 858 1703 923 paucis
1737 857 1873 908 salu-

293 964 398 1006 tem
426 951 679 1005 l'utnram.
739 950 845 1003 Sed
898 950 1012 1002 ltzec
1043 949 1223 1000 omnia
1268 945 1541 1001 diabolicis
1568 946 1792 1009 artibus,
1820 954 1876 999 et

292 1044 578 1114 prtestigiis
610 1043 791 1097 nescio
821 1042 1013 1110 quibus
1042 1041 1253 1110 agebat.
1310 1040 1539 1094 Seducta
1585 1047 1667 1091 est
1695 1048 1871 1089 autem

287 1154 386 1206 rer
433 1154 557 1191 eum
600 1135 882 1189 multitudo
923 1134 1182 1187 immensa
1218 1132 1431 1201 pepuli,
1465 1141 1518 1185 et
1550 1144 1653 1182 non
1695 1130 1871 1182 solum

288 1227 640 1293 rusticiores,
694 1240 877 1279 verum
933 1223 1091 1276 etiam
1145 1224 1451 1276 sacerdotes
1504 1219 1874 1274 ecclesiastici.

288 1320 668 1387 Sequebantur
712 1326 889 1369 autem
939 1330 1059 1369 eunt
1111 1314 1344 1381 amplius
1373 1327 1531 1379 quam
1587 1313 1681 1364 tria
1713 1310 1872 1362 millia

291 1409 503 1479 populi.
536 1409 743 1461 Interea
775 1408 938 1472 Cthil
966 1406 1133 1473 quosd
1154 1420 1221 1455 un
1253 1403 1485 1470 spoliare
1528 1416 1591 1454 ac
1624 1400 1871 1468 prtedati,

289 1516 425 1570 quos
454 1502 503 1552 iu
534 1500 728 1551 itinere
753 1498 1043 1565 reperissvt
1078 1513 1088 1546 :
1137 1494 1301 1563 spolia
1330 1506 1503 1545 tamen
1540 1510 1643 1544 non
1675 1492 1874 1544 baben-

292 1593 435 1644 tibus
477 1590 822 1659 largiebatur,
868 1585 1145 1652 Episcnpis
1183 1600 1242 1636 ac
1266 1584 1470 1636 civibus
1496 1582 1666 1634 minas
1689 1582 1876 1634 mortis

292 1682 611 1741 intentabat,
639 1696 707 1734 eo
739 1678 877 1746 quod
909 1678 975 1729 ab
1016 1677 1078 1729 iis
1108 1675 1318 1728 adorari
1351 1674 1742 1739 despiceri-tur.
1792 1670 1877 1722 ln-

290 1788 509 1844 gressus
555 1782 733 1824 autent
787 1767 1018 1821 V'ellavze
1068 1765 1211 1819 urbis
1266 1762 1666 1821 terminum,ad
1700 1761 1873 1813 locum

1981 580 2261 647 cpi-copiis
2291 582 2440 634 obiit.
2482 583 2721 648 Cumque
2750 595 3035 650 germanus
3064 582 3178 649 ejus
3231 583 3562 641 Faramodus

1985 672 2264 741 presbyter
2324 689 2417 738 pro
2474 675 2787 740 episcOpatu
2844 679 3228 741 concurreret,
3297 675 3562 735 Eusebius

1981 779 2049 830 qu
2075 764 2194 815 dam
2229 766 2544 833 negotiator,
2596 780 2792 831 genere
2844 764 3035 833 Syrus,
3071 765 3208 819 datis
3235 767 3415 822 multis
3448 784 3563 822 mn-

1982 857 2221 917 neribus,
2261 858 2311 907 in
2345 858 2518 909 locum
2561 856 2675 922 ejus
2706 858 3027 924 subrogatus
3065 867 3149 910 est
3193 872 3208 910 :
3266 859 3418 926 isque
3466 876 3559 913 ac-

1980 955 2136 1012 cepto
2180 948 2491 1013 episcopatu
2536 962 2748 1001 omnem
2809 949 3046 1002 scholam
3080 946 3106 985 ἀ
3152 950 3450 1005 drcessoris
3480 954 3565 1009 sui

1980 1037 2261 1103 abjiciens,
2305 1038 2473 1107 Syros
2504 1040 2569 1093 de
2621 1055 2817 1109 genere
2844 1056 2941 1093 suo
2978 1042 3351 1097 ecclesiasdcze
3379 1043 3561 1097 domui

1983 1129 2255 1182 mini~tros
2304 1129 2510 1183 statuit.
2560 1131 2701 1184 Obiit
2730 1141 2783 1185 et
2822 1132 3094 1199 Sulpicius
3146 1134 3392 1187 Biturica:
3417 1135 3563 1189 urbis

1982 1222 2214 1285 pontifex
2241 1264 2254 1285 ,
2297 1221 2711 1288 catbedramque
2765 1222 2882 1290 ejus
2940 1223 3218 1277 Eustasius
3251 1234 3274 1260 °
3314 1224 3563 1292 Augusti-

1980 1310 2236 1363 duncnsis
2264 1311 2521 1364 diaconus
2545 1323 2621 1364 eet
2657 1314 2900 1365 sortitus.

2052 1400 2265 1454 XXVII.
2313 1401 2453 1453 Inter
2492 1402 2861 1456 Tornacenses
2904 1419 3117 1470 quoque
3166 1402 3403 1457 Francos
3457 1417 3562 1457 non

1981 1495 2267 1547 medioeris
2309 1494 2626 1559 disceptatio
2678 1504 2792 1547 orta
2832 1505 2934 1560 est,
2988 1511 3086 1565 pro
3112 1512 3178 1551 eo
3210 1497 3353 1566 quod
3406 1498 3564 1549 unius

1982 1585 2139 1645 titius,
2192 1586 2409 1636 alterius
2458 1585 2643 1649 lilium,
2684 1586 2773 1653 qui
2817 1600 3060 1639 sororem
3114 1588 3229 1655 ejus
3278 1588 3327 1640 in
3380 1586 3567 1639 matri-

1980 1674 2215 1727 monium
2244 1686 2542 1742 acceperat,
2576 1690 2694 1728 cum
2727 1676 2802 1729 ira
2851 1679 3047 1743 smpius
3078 1677 3416 1746 obiurgabat,
3463 1693 3570 1732 cur

1979 1766 2207 1834 Coniuge
2238 1767 2421 1819 relicta
2462 1775 2697 1821 scortum
2735 1766 2908 1819 adiret
2934 1784 2945 1819 :
2979 1784 3097 1835 qua:
3121 1769 3411 1833 iracundia,
3438 1783 3562 1822 cum

290 1880 449 1933 quem
475 1865 716 1916 Anicium
749 1868 772 1895 ει
801 1876 879 1911 voc
902 1857 1036 1909 itant
1058 1855 1284 1921 accedit,
1316 1864 1367 1905 et
1389 1854 1452 1904 ad
1486 1852 1728 1904 basilicas
1756 1864 1877 1917 pro-
1908 1868 1955 1927 Β
1988 1859 2294 1910 emendatio
2316 1858 2558 1911 criminis
2584 1875 2686 1911 non
2715 1860 3044 1922 succederet,
3077 1875 3241 1928 usque
3266 1859 3399 1912 adeo
3427 1859 3564 1918 elata

291 1956 521 2023 pinquas
550 1966 669 2004 cum
700 1949 843 2001 omni
873 1948 1109 2001 exercitu
1136 1945 1355 2008 restitit,
1393 1944 1660 1995 instruens
1682 1941 1874 2003 aciem,

291 2046 520 2111 qualiter
551 2040 775 2094 Aurelio
805 2038 830 2076 δ
872 2038 1068 2091 ibidem
1100 2048 1221 2088 tunc
1267 2034 1579 2088 cmtsistenti
1628 2034 1902 2099 episcopu-

292 2136 490 2188 bellum
523 2131 764 2193 inferret,
805 2132 1022 2182 mittens
1072 2128 1232 2179 etiam
1272 2135 1399 2179 ante
1428 2139 1488 2178 se
1515 2123 1755 2187 nuntios,
1785 2124 1880 2177 bo-

292 2228 464 2279 mines
493 2222 636 2275 nudo
665 2235 909 2289 corpore,
962 2223 1222 2272 saltantes
1269 2226 1428 2285 atque
1469 2216 1732 2277 ludentes.
1786 2214 1877 2284 qui

292 2316 581 2370 adventum
606 2313 723 2379 ejus
741 2312 1135 2364 annuntiarent.
1158 2309 1307 2373 Quod
1329 2320 1549 2374 Stupens
1572 2307 1876 2375 episcopus,

292 2408 489 2463 direxit
519 2407 583 2459 ad
609 2421 732 2459 eum
767 2405 913 2458 vivos
947 2411 1219 2467 strenuos,
1255 2401 1585 2469 inquirentes
1622 2399 1747 2468 quid
1777 2398 1879 2452 sibi

293 2502 494 2557 vellent
524 2502 623 2555 ista
653 2515 772 2569 qua:
797 2505 1033 2566 gereret.
1064 2495 1215 2551 Unus
1243 2504 1420 2547 autem
1448 2509 1511 2547 ex
1552 2493 1616 2545 iis
1642 2492 1731 2562 qui
1762 2502 1880 2546 erat

294 2596 501 2660 senior,
548 2608 669 2647 cum
694 2607 752 2646 se
802 2592 1111 2645 inclinasset
1148 2588 1301 2657 quasi
1323 2588 1664 2641 osculaturus
1706 2600 1879 2654 Genua

296 2689 416 2756 ejus
431 2701 499 2741 ac
524 2686 862 2740 discussurus
885 2684 1026 2736 viam
1054 2681 1219 2746 illius,
1241 2680 1400 2749 jussit
1428 2694 1549 2733 eum
1576 2683 1879 2748 apprehen—

295 2795 417 2833 sum
457 2777 721 2847 spcliari:
779 2790 876 2829 nec
918 2788 1089 2837 tuora,
1140 2772 1226 2825 ille
1276 2770 1559 2839 evaginato
1603 2768 1780 2836 gladio
1826 2770 1879 2821 in

293 2868 462 2923 frusta
507 2868 762 2929 Concidit,
791 2864 1091 2932 occiditque
1136 2862 1382 2915 Christus
1425 2859 1535 2925 ille,
1577 2860 1664 2927 qui
1713 2858 1883 2930 magis

294 2958 659 3013 Auticbristus
702 2954 966 3009 nominari
1006 2953 1169 3023 520
1200 2952 1377 3017 debet,
1412 2960 1467 3005 et
1495 2959 1736 3003 mortuus
1775 2956 1881 3012 est,

297 3050 639 3118 dispe-sique
664 3058 788 3100 sunt
817 3061 1004 3098 omnes
1027 3046 1117 3113 qui
1148 3058 1269 3097 cum
1293 3058 1357 3097 eo
1386 3051 1560 3096 erant.
1592 3040 1752 3094 Maria
1783 3054 1880 3092 au-

298 3148 403 3193 tem
446 3139 556 3203 illa,
588 3136 864 3205 suppliciis
894 3134 1070 3188 dedita
1099 3176 1114 3200 ,
1157 3132 1733 3209 omnia‘pbantasmata
1763 3129 1880 3197 ejus

1985 1956 2088 2010 est,
2119 1958 2175 1999 ιιι
2205 1952 2412 2001 irruens
2442 1963 2573 2015 puer
2594 1962 2755 2018 super
2784 1964 2916 2017 «agn
2936 1958 3061 2002 «tum
3093 1965 3272 2014 suum,
3300 1965 3421 2004 eum
3442 1966 3563 2008 cum

1982 2041 2093 2093 suis
2123 2040 2465 2104 iuterlicetet,
2502 2048 2661 2109 atque
2684 2043 2795 2108 ipse
2820 2042 2887 2093 ab
2927 2043 2989 2095 iis
3018 2056 3139 2095 cum
3183 2043 3375 2111 quibus
3404 2058 3559 2096 vene-

1982 2139 2065 2183 rat
2113 2131 2200 2184 ille
2230 2141 2680 2198 prosterneretur,
2724 2146 2823 2186 nec
2850 2142 3155 2187 remaneret
3182 2134 3443 2202 quispiam
3490 2149 3562 2189 ex

1986 2221 2247 2289 utrisque,
2285 2221 2382 2274 risi
2427 2236 2565 2274 unus
2597 2230 2799 2274 tantum
2829 2222 2911 2275 cui
2947 2236 3230 2290 percussor
3265 2223 3455 2278 deluit.
3488 2222 3564 2280 Ex

1983 2310 2083 2363 boc
2111 2321 2355 2379 parentes
2389 2313 2664 2377 utriusque
2690 2312 2831 2366 inter
2871 2326 2929 2366 se
2957 2313 3261 2379 stevientes,
3304 2329 3334 2367 a
3367 2314 3565 2369 Frede-

1980 2402 2154 2469 gunde
2182 2402 2363 2471 regina
2407 2403 2717 2469 plerumque
2755 2403 3114 2469 arguebantur
3136 2443 3152 2469 ,
3204 2404 3363 2475 521
3396 2416 3453 2459 ut
3479 2421 3565 2461 re-

1982 2494 2105 2549 licta
2138 2495 2412 2551 inimicitia
2457 2497 2750 2551 concordes
2785 2499 2993 2562 tierent,
3026 2513 3093 2552 ne
3134 2499 3426 2567 pertinacia
3456 2500 3564 2554 litis

1983 2587 2035 2640 in
2069 2586 2240 2654 majus
2264 2587 2652 2641 subvelteretttr
2677 2588 3004 2642 scandalum.
3040 2587 3144 2643 Sed
3175 2602 3297 2643 cum
3339 2595 3560 2645 eosdem

1983 2678 2160 2732 verbis
2186 2678 2393 2732 lenibus
2425 2679 2636 2745 placare
2686 2679 2959 2748 nequiret,
3008 2688 3294 2750 utrumque
3333 2680 3566 2750 bipenne

1981 2774 2325 2834 eontpescutt.
2385 2765 2629 2821 Invitatis
2670 2766 2815 2821 enim
2865 2768 2932 2821 ad
2970 2768 3184 2837 epulum
3221 2768 3423 2834 multis,
3470 2770 3566 2823 bos

1984 2867 2096 2913 tres
2121 2859 2173 2912 in
2205 2873 2309 2913 uno
2359 2858 2484 2913 fecit
2535 2860 2725 2915 sedere
2774 2858 3027 2915 subsellio
3072 2878 3087 2913 :
3142 2876 3372 2931 cumque
3417 2861 3471 2916 in
3498 2877 3566 2918 eo

1951 2949 2262 3018 'prandium
2284 2950 2586 3019 elongatum
2626 2947 2817 3005 fuisset
2854 2950 3050 3019 spatio,
3080 2959 3141 3004 ut
3167 2968 3270 3005 nox
3304 2952 3562 3007 tuundum

1984 3040 2252 3103 obrueret,
2284 3039 2461 3093 ablata
2493 3054 2680 3095 mensa
2713 3037 2733 3077 ί
2754 3079 2769 3105 ,
2800 3040 2937 3094 sicut
2961 3054 3078 3095 mos
3101 3040 3428 3096 Francorum
3459 3050 3561 3110 est,

1990 3131 2063 3186 illi
2092 3132 2146 3185 in
2176 3131 2435 3186 subsellia
2478 3114 2589 3186 sua,
2605 3132 2747 3186 sicut
2792 3131 2949 3186 locati
2972 3132 3207 3195 fuerant,
3236 3134 3564 3189 residebant.

297 3244 356 3282 ac
385 3228 679 3299 praestigias
710 3226 1013 3294 publicavit.
1046 3224 1176 3278 Natu
1209 3224 1448 3278 homines
1472 3222 1547 3276 illi
1572 3236 1704 3292 quos
1727 3221 1793 3275 ad
1819 3235 1877 3274 se
1906 3218 1951 3279 C
1986 3224 2279 3293 Potatoque
2315 3223 2440 3277 vino
2468 3223 2661 3286 multo,
2694 3222 2750 3276 in
2782 3230 2987 3276 tantum
3030 3225 3289 3292 crapulati
3320 3232 3466 3291 sunt,
3508 3235 3566 3282 ut

298 3319 622 3374 credendum
679 3316 942 3370 diabolica
1008 3315 1467 3369 circttmventione
1526 3314 1877 3375 turbaverat,

298 3424 568 3478 nunquam
612 3407 677 3460 ad
728 3420 944 3461 sensum
996 3406 1259 3475 integrum
1311 3416 1435 3458 sunt
1478 3404 1745 3474 regressi,
1787 3403 1880 3458 sed

304 3501 448 3553 hunc
481 3512 694 3565 semper
726 3497 877 3564 quasi
923 3493 1228 3559 Clu-istum,
1285 3494 1502 3548 Mariam
1533 3504 1706 3546 autem
1738 3493 1881 3546 illam

300 3599 508 3657 partem
560 3586 776 3641 deitatis
817 3584 1016 3639 habere
1069 3584 1476 3654 proﬁtebantur.
1520 3584 1625 3637 Sed
1683 3591 1739 3637 et
1788 3598 1882 3651 per

296 3690 441 3734 totas
470 3678 669 3732 Gallias
705 3685 1041 3730 emerserunt
1070 3674 1328 3744 plerique,
1383 3675 1470 3743 qui
1511 3688 1606 3742 per
1628 3673 1724 3728 bas
1747 3687 1882 3741 pra:—

307 3772 494 3841 stigias
544 3769 893 3837 adjungentes
931 3764 1030 3821 sibi
1061 3766 1402 3820 mulierculas
1429 3767 1710 3833 quasdam,
1765 3780 1882 3834 qua:

304 3860 700 3917 debaccltatttes
746 3866 963 3913 sanctos
991 3872 1084 3913 eos
1123 3858 1521 3922 conliterentur,
1556 3872 1775 3927 magnos
1820 3871 1880 3912 se

300 3952 356 4006 in
385 3951 598 4019 pupulis
628 3948 986 4019 prtelerebant
1016 3965 1029 4000 :
1063 3964 1129 4001 ex
1158 3949 1350 4017 quibus
1372 3964 1469 4001 nos
1490 3949 1772 4016 plerosque
1810 3949 1883 4001 vi-

300 4043 503 4107 dimus,
552 4056 686 4112 quos
737 4042 1084 4111 objurgantes
1138 4054 1392 4094 revocare
1436 4039 1504 4093 ab
1548 4054 1731 4093 errore
1780 4041 1880 4094 nisi

299 4151 415 4190 sum
423 4149 504 4189 ιιε.

372 4283 396 4309 ⁸
438 4270 534 4327 llic
556 4272 832 4327 evidenter
860 4272 985 4323 urbs
1020 4268 1232 4323 Vellava
1278 4267 1345 4322 ab
1373 4268 1564 4323 Anicio
1591 4269 1879 4338 distingui-

300 4356 408 4398 tur.
443 4345 686 4397 Anicium
736 4340 875 4411 quod
924 4339 1080 4392 hodie
1128 4340 1361 4411 episcopi
1393 4339 1548 4411 sedes
1577 4350 1679 4405 est,
1724 4344 1880 4409 vulgo

301 4416 548 4478 Pedium,
581 4415 627 4466 le
660 4410 793 4480 pug,
843 4411 1141 4476 appellatur
1186 4424 1217 4461 a
1246 4410 1374 4461 situ.
1423 4410 1641 4463 l’odium
1683 4411 1879 4479 quippe

300 4504 371 4537 un
405 4501 530 4552 pug,
554 4498 646 4535 seu
678 4479 811 4545 Peu,
844 4492 935 4533 aut
964 4481 1012 4531 lo
1039 4479 1348 4552 puech,u0u
1373 4481 1543 4532 solum
1564 4480 1875 4552 antiquitus,

297 4549 585 4645 ﬁedfti'am
626 4568 762 4645 nime
787 4555 842 4645 Iitt
876 4549 1312 4645 illis‘regiolnibus
1346 4558 1576 4645 monkteqt
1607 4550 1869 4645 designat.
1904 4588 1953 4645 Ι)

298 4624 537 4679 Celebris
563 4633 645 4676 est
674 4623 760 4675 ille
786 4624 931 4674 locus
961 4624 1028 4672 ob
1054 4620 1334 4673 ecclesiam
1367 4621 1750 4681 cathedralem,
1784 4622 1873 4673 si-

302 4706 410 4748 tam
444 4695 493 4746 in
514 4694 657 4747 edito
684 4701 885 4754 monte,
920 4692 1087 4743 licata:
1117 4689 1291 4742 Mariae
1316 4704 1543 4752 saetatn,
1582 4692 1735 4757 cujus
1780 4708 1879 4753 an:

300 4768 455 4819 tistes
480 4778 542 4817 se
579 4764 879 4831 episcopum
914 4760 1150 4831 Romani
1178 4760 1872 4831 pontiﬁcissuﬂ‘raganeum

301 4829 670 4888 immediatum
704 4832 962 4892 inscribit,
994 4844 1055 4882 ac
1087 4830 1180 4881 l‘uit
1225 4829 1507 4896 aliquando
1536 4831 1675 4897 pallii
1710 4833 1871 4897 privi-

299 4906 442 4973 legio
471 4902 832 4973 donatusaDe
861 4905 1091 4969 antiqua:
1140 4898 1288 4952 urbis
1332 4898 1556 4952 Vellave
1604 4902 1706 4954 situ
1732 4902 1874 4954 dice-

298 4970 421 5029 mus
448 4975 500 5027 in
525 4970 853 5042 Appendice.

380 5040 663 5111 Antiquam
711 5041 1039 5111 Vellavorum
1088 5040 1274 5093 urbem
1309 5080 1325 5105 ,
1372 5055 1436 5092 ex
1477 5056 1579 5109 qua
1610 5040 1875 5109 hodieque

302 5116 456 5183 regio
485 5110 679 5167 nomen
725 5110 880 5179 Velay
906 5114 1123 5183 retinet,
1156 5126 1194 5183 pa
1229 5112 1495 5183 nonnullis
1524 5111 1876 5183 [levessioneni

301 5180 529 5249 dictam,
572 5184 643 5237 ibi
669 5184 823 5235 sitam
849 5181 1008 5234 tuisse
1040 5181 1125 5233 ubi
1155 5180 1309 5232 hodie
1340 5182 1524 5234 visitur
1546 5183 1601 5236 S.
1636 5181 1877 5235 Pauliani

300 5256 559 5321 oppidum
610 5254 790 5306 multis
842 5251 1167 5318 argumentis
1209 5251 1395 5316 probat
1439 5253 1777 5305 Mabtllouius
1823 5254 1876 5303 in

300 5327 599 5391 appendice
631 5324 694 5375 ad
730 5329 934 5389 partem
966 5337 978 5372 t
1018 5336 1143 5373 sate.
1198 5335 1244 5371 tv
1268 5326 1397 5391 Act.
1422 5323 1516 5377 SS.
1548 5322 1676 5375 0rd.
1711 5323 1880 5375 Bene-

300 5390 511 5457 dictini,
542 5409 658 5463 pag.
683 5392 807 5454 758,
832 5392 920 5444 ubi
949 5400 1001 5444 et
1032 5392 1232 5463 aliquot
1264 5390 1635 5458 inscriptiones
1666 5393 1800 5445 hanc
1829 5394 1878 5445 in

299 5479 420 5518 rem
452 5460 673 5533 profert.
725 5463 802 5516 Ex
838 5465 920 5514 bis
946 5462 1152 5514 unicam
1189 5460 1289 5533 huc
1320 5466 1555 5527 prolerre
1580 5466 1721 5533 satis
1771 5463 1837 5515 sit
1864 5503 1880 5525 ,

295 5532 512 5591 erutam
542 5537 593 5589 in
624 5535 843 5602 antiqua
872 5533 950 5584 via
982 5547 1101 5598 quae
1127 5546 1192 5585 ex
1223 5532 1312 5584 illo
1336 5534 1533 5601 oppido
1563 5532 1880 5602 Gergobiatn

297 5606 472 5659 ducit.

738 5687 887 5727 CASS.
920 5687 1164 5726 PRINCEI'S

738 5758 947 5795 IVVEN'I'.
991 5758 1104 5796 \‘IAS

739 5830 770 5863 Ε
782 5830 821 5865 l'.
855 5828 1067 5865 I’thTizS.
1102 5830 1199 5867 VET
1211 5829 1396 5868 νετΑτ.

1988 3315 2134 3383 pueri
2159 3327 2343 3367 eorum
2369 3312 2651 3368 madefacti
2676 3326 2771 3382 per
2795 3316 3019 3382 angulos
3039 3312 3255 3383 domus,
3302 3315 3388 3370 ubi
3419 3316 3565 3386 quis-

1984 3422 2087 3477 que
2114 3414 2410 3470 corruerat,
2442 3403 2826 3461 obdormirent.
2859 3405 3010 3461 Tunc
3031 3406 3259 3461 ordinati
3287 3421 3315 3460 a
3341 3408 3566 3464 muliere

1985 3500 2084 3553 viri
2115 3515 2234 3552 cum
2271 3499 2437 3553 tribus
2467 3497 2765 3565 securibus,
2793 3512 2821 3550 a
2854 3507 3003 3567 tergo
3033 3498 3222 3554 borum
3252 3500 3409 3554 trium
3437 3502 3567 3555 asti-

1986 3595 2183 3646 terunt.
2214 3586 2425 3656 illisque
2450 3586 2900 3656 colloquentibus,
2949 3587 3001 3641 in
3052 3602 3182 3653 uno,
3232 3598 3288 3643 ut
3318 3588 3389 3643 ita
3415 3588 3568 3645 dica-

1987 3695 2125 3745 mus,
2179 3684 2383 3734 assultu
2423 3693 2713 3747 puerorum
2743 3694 2933 3735 manus
2987 3681 3213 3749 libratte,
3262 3681 3568 3741 hominibus

1986 3772 2269 3840 perculsis,
2301 3770 2369 3823 ab
2407 3771 2571 3841 epulo
2598 3780 2681 3826 est
2724 3771 3044 3827 discessum.
3092 3771 3321 3827 Nomina
3357 3790 3569 3845 quoque

1985 3864 2242 3928 virorum,
2267 3863 2640 3929 Cbariualdus,
2674 3865 3240 3936 Leodoualdus,atque
3265 3867 3565 3925 Waldinus.

1985 3955 2133 4021 Quod
2186 3970 2305 4009 cum
2356 3956 2668 4023 parentibus
2724 3958 2985 4025 perlatum
3024 3955 3236 4023 fuisset,
3293 3961 3568 4015 custodire

1985 4046 2182 4100 arctius
2217 4045 2621 4114 Fredegundem
2653 4058 2963 4115 coeperunt,
3011 4049 3305 4117 dirigentes
3346 4052 3564 4105 nuntios

1984 4136 2050 4189 ad
2076 4135 2475 4190 Childebertutn
2506 4151 2708 4205 regem,
2740 4147 2796 4190 ut
2824 4137 3209 4206 comprehensa
3232 4140 3563 4197 interﬁcere-

2406 4282 2698 4323 C(lNLAPSAS

2404 4353 2558 4392 RESTI
2574 4355 2671 4392 [γι.
2695 4355 2747 4393 F.

2052 4407 2078 4445 δ
2120 4408 2364 4462 Aurelius
2386 4412 2458 4461 uti
2481 4421 2693 4464 sanctus
2724 4409 2915 4464 colitur
2953 4412 3091 4475 apud
3123 4413 3433 4471 Podienses.

2055 4491 2076 4517 ι
2121 4480 2231 4532 Hoc
2278 4493 2407 4550 cap:
2440 4490 2492 4532 et
2520 4495 2632 4550 seq.
2666 4481 2860 4534 desunt
2888 4483 2936 4533 iit
2964 4482 3079 4536 Vat.
3100 4495 3153 4538 et
3179 4485 3331 4540 Colb.
3359 4500 3411 4540 a.
3448 4485 3547 4541 Fa-

1983 4550 2232 4624 rantodus
2258 4550 2343 4617 qui
2370 4548 2607 4624 Eusebio
2624 4551 2794 4605 locum
2824 4552 3006 4617 cessit,
3042 4564 3161 4619 post
3181 4552 3419 4624 ejusdem
3441 4557 3555 4610 obi-

1977 4619 2291 4743 (tlumtactus
2314 4630 2396 4673 est
2419 4620 2533 4687 ejus
2560 4636 2857 4687 successor,
2875 4634 2931 4677 ut
2951 4640 3013 4677 ex
3044 4619 3272 4697 vulgatis
3296 4627 3554 4697 catalogis

2018 4706 2250 4743 ISCIIIIUS.

2018 4706 2250 4745 ISCIIIIUS.

2051 4762 2074 4796 ά
2121 4760 2175 4813 ld
2206 4770 2287 4812 est
2315 4760 2562 4826 lectores,
2605 4770 2870 4824 cantores,
2900 4774 3003 4816 etc.
3044 4766 3131 4817 oni
3163 4765 3265 4818 sub
3286 4764 3556 4821 archidia-

1978 4832 2095 4885 coni
2122 4838 2272 4882 erant
2302 4831 2603 4899 disciplina.

2054 4910 2076 4937 ε
2105 4899 2258 4975 Qulb.
2286 4914 2383 4975 m.,
2410 4899 2533 4953 Bad.
2565 4910 2619 4975 et
2644 4900 2939 4975 Cltes.,al.,
2974 4900 3300 4975 Ettstechius.
3324 4907 3411 4961 Sic
3433 4922 3560 4975 quo-

1982 4986 2086 5037 que
2114 4969 2308 5041 dcitur
2349 4972 2398 5041 in
2452 4971 2771 5036 patriarchio
2823 4970 3156 5041 Bituriceusi,
3180 4988 3300 5041 cap.
3333 4977 3427 5041 28,
3451 4969 3556 5031 'ubi

1982 5043 2141 5113 sancti
2173 5040 2325 5091 titulo
2350 5039 2599 5113 donatur.
2638 5041 2799 5092 Porro
2836 5039 3102 5109 Sulpicius
3142 5039 3262 5112 ejus
3282 5039 3560 5113 decessor,

1987 5111 2072 5162 hic
2101 5122 2450 5171 memoratus,
2478 5109 2691 5162 Severus
2706 5114 3113 5176 cognominatus
3135 5109 3239 5176 est,
3269 5127 3327 5171 ttt
3350 5118 3418 5171 ab
3433 5109 3559 5173 alte;

1987 5196 2047 5232 ro
2074 5180 2308 5255 Sulpicio
2336 5180 2586 5246 episcopo
2619 5180 2953 5255 Biturtcensi,
2976 5185 3063 5249 qui
3104 5184 3228 5237 Pius
3260 5193 3559 5255 appellatus

1985 5263 2100 5309 est,
2152 5248 2585 5315 dis'lingueretor.
2641 5251 2821 5303 Set-eri
2880 5248 3069 5306 festum
3120 5257 3206 5309 die
3253 5248 3307 5310 w'
3334 5248 3558 5312 Kalend.

1990 5318 2260 5373 Februarii
2314 5317 2529 5370 colitur.
2559 5318 2813 5386 Sepultus
2838 5320 3014 5375 fuerat
3041 5327 3091 5377 in
3127 5328 3354 5381 ecclesia
3383 5330 3560 5382 sancti

1985 5389 2200 5462 Juliani,
2251 5388 2391 5462 unde
2442 5388 2507 5462 ad
2561 5399 2807 5462 sanctum
2860 5392 3106 5448 Ursinum
3138 5398 3427 5450 translatus
3455 5412 3562 5462 est,

1986 5460 2076 5513 ubi
2103 5459 2259 5512 hodie
2286 5458 2532 5531 quiescit.
2559 5460 2659 5527 Ipsi
2685 5472 3016 5531 nuncupatus
3038 5465 3408 5519 circumfertur
3429 5458 3567 5520 liber

1990 5531 2058 5602 de
2081 5537 2297 5602 septem
2348 5529 2769 5602 Dormienubus,
2796 5529 3053 5602 Gregorio
3083 5544 3263 5602 nostro
3312 5536 3564 5592 tributus.

1991 5599 2126 5671 Vide
2174 5615 2332 5668 supra
2389 5599 2485 5654 lib.
2536 5616 2608 5667 Vl,
2660 5616 2781 5671 cap.
2814 5599 2929 5670 39,
2948 5615 3000 5659 et
3031 5604 3173 5659 diem
3205 5601 3273 5657 29
3323 5604 3566 5666 Januarii

1994 5670 2345 5722 Bollandiani.

2068 5737 2085 5776 ί
2117 5740 2315 5803 Casiu.,
2348 5738 2497 5793 illata
2527 5755 2713 5794 mensa.
