3966 6348
352 337 445 394 561

1271 333 1589 390 HISTORIA
1629 327 2077 388 FHANCORUM.
2121 327 2322 384 LIBER
2367 330 2687 390 DECIWS.

3511 347 3616 399 532

351 456 445 510 Dei
472 453 718 510 laudibus
747 452 1147 524 perstrepebat;
1176 449 1271 507 sed
1293 449 1526 512 assidue,
1555 446 1657 501 etsi
1686 444 1931 513 quiddam

2046 438 2264 507 nisejus
2293 440 2398 506 dte,
2423 439 2611 498 mulier
2637 459 2760 513 qua:
2785 443 2854 500 ab
2880 443 3072 518 spiritu
3103 448 3380 506 immundo
3416 467 3506 522 ste,
3528 451 3618 511 i—ts

349 548 528 614 operis
571 557 876 612 exerceret,
918 561 1131 615 semper
1181 545 1480 600 orationem
1523 538 1782 604 Domino,
1817 550 1936 592 tan-

347 652 504 707 quam
533 637 754 693 odorem
793 637 998 693 incensi
1031 632 1377 701 acceptabilis
1403 631 1684 687 oﬂerebat.
1727 629 1931 684 Interea

345 730 415 787 ad
457 739 701 786 sanctum
753 733 1003 787 Aradium
1055 739 1336 795 creperum
1382 727 1582 784 infirmi
1626 725 1930 791 conﬂuere,

347 833 504 889 quos,
534 835 726 874 manus
767 823 989 889 singulis
1022 837 1144 874 cum
1176 819 1377 874 vexillo
1399 818 1576 872 crucis
1617 818 1928 886 imponens,

347 916 561 970 sanitati
608 915 901 979 reddebat;
952 929 1218 983 quorum,
1265 912 1311 966 si
1354 909 1665 980 singillatim
1714 909 1930 964 nomina

346 1007 586 1063 scribere
607 1008 788 1072 velim,
815 1021 913 1062 nec
939 1022 1217 1061 numerum
1243 1020 1557 1075 percurrere
1579 1002 1806 1068 valeam,
1830 1016 1932 1057 nec

347 1098 606 1152 vocabula
638 1114 976 1152 memorare:
1015 1113 1177 1153 unum
1209 1109 1386 1151 tamen
1440 1097 1596 1164 novi,
1630 1093 1774 1165 quod
1806 1093 1928 1163 qui-

346 1205 556 1260 cunque
579 1192 647 1244 ad
677 1207 796 1245 eum
825 1207 966 1261 aeger
995 1191 1250 1256 advenit,
1297 1204 1486 1259 sospes
1539 1188 1818 1244 abscessit.
1853 1187 1931 1242 De

346 1280 641 1349 majoribus
671 1296 882 1350 quoque
915 1281 1188 1336 miraculis
1216 1295 1378 1348 parva
1408 1281 1783 1350 proponimus.
1826 1277 1932 1331 lter

346 1372 578 1440 quodam
608 1384 848 1442 tctnpore
871 1387 992 1428 cum
1015 1373 1276 1442 genitrice
1301 1372 1428 1427 dum
1454 1382 1656 1442 ageret,
1683 1378 1738 1425 et
1756 1370 1929 1425 sancti

348 1456 545 1517 .ltiliani
597 1463 848 1533 martyris
878 1463 944 1517 ad
977 1464 1249 1518 basilicam
1292 1471 1638 1533 properaret,
1667 1470 1932 1518 venerunt

348 1567 573 1622 vespere
603 1557 653 1610 in
686 1555 916 1624 quodam
948 1554 1084 1608 loco.
1122 1554 1249 1609 Erat
1288 1565 1464 1610 autem
1507 1555 1655 1609 locus
1696 1554 1788 1608 ille
1826 1551 1932 1606 ari-

348 1643 489 1712 dus,
539 1655 598 1701 et
661 1648 865 1717 absque
923 1646 1134 1702 ﬂuentis
1193 1648 1531 1703 currentibus
1588 1646 1930 1703 infecundus.

351 1735 598 1807 Dixitque
618 1739 682 1792 ad
713 1754 835 1793 eum
865 1747 1036 1794 mater
1061 1739 1178 1808 ejus
1207 1756 1221 1794 :
1255 1739 1374 1806 Fili,
1403 1754 1595 1810 aquam
1627 1754 1732 1794 non
1766 1737 1931 1793 habe-

2037 541 2257 596 vexata,
2297 547 2326 586 a
2368 547 2560 590 sancto
2589 538 2869 593 emundari
2896 555 3004 596 non
3034 551 3276 614 poterat,
3309 545 3483 618 ligatis
3513 562 3610 616 per

2034 635 2094 676 se
2121 637 2148 674 a
2176 631 2324 693 tergo
2350 626 2628 694 manibus,
2664 628 2902 687 clamare
2932 632 3097 702 cepit
3126 648 3191 690 ac
3219 633 3403 696 dicere
3428 656 3439 690 :
3475 639 3609 695 Cur-

2036 713 2138 770 rite
2159 717 2334 782 cives,
2361 719 2571 775 exsilite
2603 721 2782 790 populi
2806 763 2822 788 ,
2857 725 3002 780 exite
3034 727 3246 784 obviam
3283 733 3606 803 martyribus

2033 809 2574 880 confessoribusque,
2621 813 2711 880 qui
2757 815 2825 868 ad
2874 819 3189 887 exsequium
3235 821 3375 876 beati
3420 824 3607 879 Aredii

2033 901 2379 957 conveniunt.
2413 903 2552 958 Ecce
2581 904 2733 960 adest
2758 906 3003 964 lulianus
3030 926 3060 963 a
3094 913 3340 980 Brivate,
3367 894 3616 972 Erivatus

2034 1003 2098 1043 ex
2121 989 2354 1056 Mimate,
2386 993 2643 1050 Martinus
2673 1011 2701 1050 a
2726 998 2976 1065 Turonis,
3009 1001 3371 1076 Martialisque
3391 1009 3459 1062 ah
3483 1011 3616 1064 urbe

2035 1081 2250 1148 propria
2277 1091 2324 1135 ο.
2355 1082 2523 1141 Adest
2561 1085 2887 1144 Saturninus
2922 1105 2953 1145 a
2977 1091 3200 1163 Tolosa,
3231 1095 3519 1167 Dionysius
3543 1099 3612 1153 ab

2035 1170 2166 1224 urbe
2205 1169 2489 1240 Parisiaca,
2521 1179 2763 1234 nonnulli
2789 1187 2842 1234 et
2869 1182 2982 1248 alii,
3006 1198 3140 1253 quos
3165 1187 3359 1244 cretum
3393 1190 3610 1253 retinet,

2035 1275 2169 1328 quos
2195 1276 2290 1315 vos
2337 1273 2396 1317 ut
2435 1265 2775 1325 confessores
2804 1281 2858 1326 et
2901 1273 2994 1328 Dei
3043 1286 3308 1347 martyres
3353 1281 3611 1335 ademtis.

2037 1349 2162 1407 [hec
2185 1367 2305 1408 cum
2335 1354 2386 1409 in
2418 1359 2641 1415 exordio
2671 1363 2842 1417 noctis
2872 1365 3107 1422 clamare
3144 1371 3426 1437 coepisset,
3459 1388 3487 1424 a
3519 1373 3616 1426 do-

2036 1445 2181 1500 mino
2209 1461 2308 1501 suo
2338 1451 2572 1506 revincta
2603 1462 2702 1508 est.
2741 1455 2846 1510 Sed
2872 1474 3204 1529 nequaquam
3238 1465 3408 1530 potuit
3435 1468 3612 1519 conti-

2035 1533 2152 1588 neri
2183 1553 2196 1588 :
2229 1551 2348 1604 quae
2379 1553 2634 1608 rumpens
2684 1545 2895 1600 vincula
2915 1587 2932 1612 ,
2972 1549 3038 1603 ad
3080 1553 3462 1607 monasterium
3493 1569 3616 1609 cum

2036 1629 2120 1684 his
2166 1632 2384 1686 vocibus
2430 1650 2717 1705 properare
2760 1641 2948 1708 erepit.
3013 1643 3244 1712 Moxque
3290 1645 3478 1702 beatus
3533 1651 3612 1703 vir

2035 1719 2279 1790 spiritum
2310 1723 2550 1798 tradidit,
2565 1742 2668 1782 non
2699 1728 2816 1784 sine
2843 1731 3150 1787 testimonio
3181 1735 3440 1802 veritatis,
3469 1741 3614 1809 quod

350 1841 492 1892 mus,
515 1837 572 1882 et
592 1829 818 1896 qualiter
846 1830 932 1884 hic
969 1807 1124 1886 nocte
1154 1831 1403 1896 praesenti
1433 1807 1712 1902 quiescere
1742 1845 1931 1900 possu-

2039 1810 2106 1865 sit
2129 1824 2410 1883 susceptus
2444 1817 2512 1872 ab
2541 1821 2764 1888 angelis.
2789 1821 3060 1879 Mulierem
3109 1843 3322 1896 quoque
3369 1829 3422 1883 in
3462 1807 3617 1887 exse-

351 1916 510 1972 mus?
538 1923 607 1972 At
632 1920 722 1974 ille
753 1930 1048 1988 prostratus
1078 1922 1129 1976 in
1153 1923 1451 1976 orationem
1472 1963 1488 1988 ,
1535 1933 1588 1976 et
1627 1922 1930 1977 diutissime

352 2021 542 2074 preces
570 2007 705 2063 fudit
733 2011 800 2067 ad
838 2012 1122 2066 Dominum
1148 2053 1165 2079 ,
1193 2022 1247 2067 et
1274 2015 1488 2083 erigens
1522 2027 1582 2067 se
1612 2013 1798 2068 defixit
1828 2013 1930 2066 vir-

349 2114 470 2169 gam
503 2100 554 2152 in
583 2108 722 2155 terra
752 2117 907 2170 quam
957 2119 1114 2157 manu
1155 2103 1405 2174 gerebat.
1445 2119 1673 2174 eamque
1700 2119 1820 2158 cum
1851 2103 1932 2158 bis

351 2196 443 2241 aut
469 2190 630 2244 tertio
657 2194 705 2244 in
736 2207 925 2262 gyrum
959 2195 1243 2259 vertisset,
1284 2195 1350 2248 ad
1389 2209 1447 2247 se
1472 2195 1627 2248 laetus
1655 2193 1927 2250 extraxit:

352 2293 585 2347 moxque
637 2282 775 2336 unda
826 2297 976 2352 aquae
1016 2295 1198 2340 secuta
1245 2296 1328 2364 est
1355 2295 1462 2341 tant
1495 2285 1704 2352 valida,
1740 2297 1930 2342 utnon

351 2371 526 2425 solum
555 2373 688 2441 ipsis
717 2373 784 2428 de
809 2377 1080 2442 praesenti,
1106 2378 1201 2432 sed
1224 2378 1384 2432 etiam
1416 2379 1698 2446 pecoribus
1727 2379 1928 2435 alfatim

351 2460 604 2531 deinceps
634 2466 818 2532 pocula
853 2467 1201 2522 ministraret.
1230 2468 1553 2538 anerrimo
1581 2484 1760 2525 au'em
1787 2480 1929 2526 tem-

352 2567 484 2620 pore
510 2553 612 2607 iter
638 2567 865 2624 carpens
891 2599 905 2623 ,
941 2560 1150 2615 nimbus
1177 2561 1243 2613 ad
1271 2575 1394 2615 eum
1441 2560 1634 2630 pluviae
1676 2562 1932 2619 advenire

351 2647 514 2714 cmpit
542 2664 557 2700 :
587 2663 742 2717 quem
776 2650 864 2704 ille
893 2667 1142 2718 cernens,
1171 2654 1439 2721 paululum
1469 2668 1628 2723 super
1651 2669 1845 2724 equum
1874 2654 1928 2710 in

350 2752 457 2808 quo
484 2739 702 2793 sedebat
730 2753 890 2811 caput
921 2745 1204 2810 inclinans,
1234 2762 1424 2802 manus
1453 2749 1693 2803 extendit
1721 2749 1789 2803 ad
1821 2748 1928 2804 Do-

351 2834 578 2887 minum.
609 2835 982 2891 Consummata
1015 2854 1140 2893 vero
1167 2841 1428 2906 oratione,
1460 2841 1627 2896 divisa
1654 2852 1732 2896 est
1759 2841 1930 2896 nubes

350 2924 407 2978 in
427 2925 636 2981 duabus
664 2930 932 2996 partibus,
975 2946 1038 2987 ac
1069 2933 1120 2986 in
1164 2933 1391 2988 circuitu
1442 2951 1628 2990 eorum
1679 2937 1928 2991 immanis

349 3017 633 3074 descendit
661 3021 863 3090 pluvia;
896 3036 1056 3091 super
1082 3039 1176 3079 eos
1209 3034 1405 3093 tamen,
1439 3029 1602 3091 nulla,
1636 3027 1678 3080 si
1711 3028 1814 3083 dici
1845 3028 1927 3083 fas

352 3120 464 3174 εει,
515 3122 661 3180 gutta
711 3113 1004 3168 descendit.
1042 3114 1427 3172 Wistrimundo
1457 3135 1693 3188 quoque,
1723 3134 1925 3191 cogno-

2032 1903 2169 1970 quiis
2196 1905 2307 1958 suis
2335 1921 2458 1960 cum
2487 1909 2589 1962 alia
2619 1911 2851 1967 muliere
2878 1918 3118 1984 nequiori
3161 1918 3354 1984 spiritu
3384 1931 3612 1988 vexata,

2033 2000 2090 2048 ut
2118 2001 2201 2046 est
2237 1990 2262 2029 ά
2290 1995 2442 2062 sepul
2479 2011 2539 2050 ro
2568 2004 2777 2064 tectus,
2817 2016 2846 2053 a
2884 2004 3116 2072 nequitia
3158 2003 3334 2060 infesti
3365 2007 3616 2066 diemonii

2030 2085 2361 2141 emundavit.
2397 2087 2460 2142 Et
2507 2091 2700 2156 credo,
2751 2093 2820 2147 ob
2869 2095 2966 2148 hoc
3001 2099 3092 2150 Dei
3148 2105 3277 2152 nutu
3303 2100 3520 2154 easdem
3561 2102 3616 2160 in

2031 2189 2258 2245 corpore
2287 2181 2488 2245 positus
2515 2195 2625 2235 non
2655 2185 2824 2251 potuit
2850 2185 3011 2256 525
3031 2195 3348 2256 emundare,
3377 2201 3435 2245 ut
3462 2207 3615 2251 exse-

2031 2264 2169 2332 quiae
2215 2265 2358 2320 illius
2415 2267 2513 2323 hac
2567 2271 2758 2326 virtute
2805 2275 3251 2341 glorificarentur.
3302 2279 3429 2334 Post
3481 2282 3614 2338 cele-

2032 2355 2243 2412 bratum
2285 2373 2413 2414 vero
2453 2359 2649 2428 funus,
2695 2366 2887 2420 mulier
2933 2370 3174 2437 quzedam
3226 2371 3615 2443 rictupatulo,

2031 2446 2148 2503 sine
2193 2450 2338 2504 vocis
2379 2451 2557 2506 officio
2580 2497 2594 2520 ,
2643 2455 2708 2508 ad
2753 2457 2869 2523 ejus
2906 2460 3137 2514 accessit.
3167 2462 3427 2515 tmnulnm
3457 2481 3469 2516 ι
3503 2479 3608 2533 quo

2031 2540 2229 2596 osculis
2273 2541 2541 2610 delibato,
2572 2546 2892 2604 elocutionis
2935 2553 3130 2607 meruit
3174 2555 3420 2624 recipere
3450 2557 3611 2613 bene-

2041 2626 2243 2685 ficium.

2105 2719 2273 2774 XXX.
2307 2721 2419 2776 Hoc
2447 2738 2588 2778 anno
2612 2741 2798 2782 mense
2827 2727 3087 2796 secundo,
3121 2739 3225 2786 tam
3259 2733 3309 2787 in
3339 2733 3607 2791 Turonico

2031 2827 2190 2882 quam
2221 2814 2270 2867 in
2303 2814 2614 2871 Namnetico
2644 2818 2818 2884 gravis
2851 2821 3102 2890 populum
3137 2823 3255 2879 lues
3277 2825 3503 2892 attrivit,
3532 2827 3603 2884 ita

2033 2915 2088 2958 ut
2116 2905 2325 2960 modico
2350 2908 2590 2976 quisquis
2614 2919 2845 2977 aegrotus
2876 2912 3068 2980 capitis
3100 2913 3288 2970 dolare
3337 2917 3610 2984 pulsatus,

2032 2996 2266 3050 animam
2299 2997 2559 3052 funderet.
2593 2997 2697 3054 Sed
2727 2998 2879 3055 factis
2902 3020 2904 3022 ν
2926 3004 3291 3071 rogationibus
3311 3022 3431 3060 cum
3466 3024 3596 3077 grati

2031 3085 2084 3139 di
2109 3085 2430 3140 abstinentia
2455 3095 2509 3142 et
2528 3087 2754 3158 jejunio,
2785 3092 3005 3146 sociatis
3035 3095 3194 3149 etiam
3223 3098 3602 3170 eleemosynis,

564 3202 828 3267 Tattonis,
859 3204 960 3258 civi
987 3205 1254 3263 Turonico
1279 3248 1292 3272 ,
1323 3172 1513 3262 dentes
1543 3172 1926 3279 giaxeminfe-
1955 3172 2002 3236 C
2033 3178 2296 3279 {idvcrsi‘s‘
2319 3181 2482 3236 (“vim
2527 3182 2722 3279 “nn-is
2754 3185 2981 3279 imm"?
3012 3189 3278 3279 ωίιίεθιυε
3319 3207 3422 3248 es"
3452 3195 3606 3261 Apud

352 3287 544 3343 rebant
573 3291 834 3358 dolorem,
867 3309 930 3348 ex
961 3311 1066 3362 quo
1097 3297 1259 3351 etiam
1305 3301 1518 3352 maxilla
1560 3301 1925 3357 intumuerat:

350 3381 492 3449 quod
522 3398 642 3436 cum
673 3384 828 3440 beato
857 3388 968 3440 viro
999 3390 1158 3461 525
1185 3402 1403 3458 questus
1431 3392 1620 3448 fuisset
1646 3436 1660 3458 ,
1707 3410 1924 3450 manum

353 3489 514 3543 super
541 3478 715 3532 locmn
747 3479 948 3534 doloris
979 3482 1250 3550 imposuit,
1283 3487 1572 3556 statimque
1599 3489 1751 3543 dolor
1779 3489 1927 3559 fuga-

354 3575 459 3630 tus,
493 3583 753 3638 nusquam
776 3571 1028 3640 deinceps
1049 3575 1111 3627 ad
1138 3575 1386 3644 injuriam
1413 3577 1641 3632 hominis
1668 3582 1928 3634 excitatus

354 3669 456 3710 est.
503 3659 626 3714 Haec
677 3663 789 3729 ipse
838 3654 928 3732 qui
973 3680 1160 3733 passus
1204 3679 1285 3723 est
1334 3670 1532 3724 retulit.
1571 3671 1643 3726 De
1686 3672 1768 3726 his
1800 3689 1928 3728 vero

354 3754 522 3818 s‘gnis
550 3769 667 3821 qua:
697 3769 791 3822 per
816 3756 1062 3811 virtutem
1095 3761 1262 3813 sancti
1289 3759 1481 3815 Juliani
1509 3765 1758 3832 martyris
1783 3764 1926 3817 Illar-

356 3842 559 3909 tinique
598 3846 918 3901 confessoris
948 3847 1124 3913 beati,
1159 3849 1211 3902 in
1240 3850 1355 3918 ejus
1399 3852 1643 3904 manibus
1677 3853 1929 3908 Dominus

354 3945 612 4002 operatus
637 3945 738 4002 est,
772 3937 1022 4008 pleraque
1071 3939 1125 3993 in
1165 3941 1314 3995 libris
1345 3941 1749 4008 Miraculorum,
1791 3945 1929 3997 sicut

358 4024 472 4090 ipse
501 4026 690 4082 effatus
717 4037 819 4094 est,
851 4030 1182 4100 scripsimus.
1212 4032 1336 4088 Post
1367 4034 1460 4088 has
1494 4049 1622 4088 vero
1655 4045 1709 4088 et
1735 4037 1930 4091 multas

355 4117 486 4172 alias
511 4121 767 4183 virtutes,
800 4136 931 4191 quas
977 4123 1192 4178 Christo
1237 4135 1560 4194 cooperante
1607 4127 1927 4195 complevit,

355 4207 571 4261 advenit
595 4208 827 4264 Turonis
859 4221 977 4279 post
1004 4213 1345 4267 festivitatem
1373 4216 1540 4268 sancti
1572 4215 1802 4282 Martini,
1833 4217 1930 4271 ibi-

356 4315 460 4368 que
492 4302 757 4365 paululum
790 4317 1171 4371 commoratus,
1203 4305 1333 4360 dixit
1367 4307 1520 4360 nobis
1551 4321 1608 4361 se
1642 4308 1780 4361 haud
1815 4309 1933 4362 lon-

359 4403 511 4458 gtevo
535 4399 560 4426 ⁸
592 4401 831 4456 tempore
876 4394 1049 4448 adhuc
1081 4395 1132 4447 in
1166 4399 1264 4449 hoc
1311 4398 1510 4449 intme
1553 4399 1806 4464 retineri,
1839 4408 1931 4451 aut

358 4492 507 4536 certe
538 4487 773 4537 velocius
799 4486 1048 4546 dissolvi;
1081 4495 1134 4541 et
1165 4489 1468 4543 valedicens
1491 4491 1783 4556 abscessit,
1813 4507 1934 4561 gra-

362 4574 458 4626 tias
493 4591 657 4644 agens
686 4577 823 4643 Deo,
856 4579 994 4648 quod
1049 4577 1350 4650 priusquam
1403 4583 1576 4635 obiret
1625 4584 1930 4650 sepulcrum

360 4665 499 4721 beati
528 4670 776 4724 antistitis
799 4674 1026 4726 osculari
1053 4688 1252 4740 prome:
1271 4675 1454 4729 uisset.
1478 4675 1716 4744 Cumque
1739 4678 1802 4731 ad
1827 4677 1939 4732 cel-

360 4766 522 4822 lulam
554 4785 706 4824 suam
731 4774 1067 4838 accessisset,
1098 4784 1417 4832 testamento
1447 4776 1471 4816 δ
1495 4777 1716 4834 condito
1736 4819 1752 4846 ,
1781 4782 1932 4836 ordi-

360 4871 502 4924 natis
527 4873 798 4939 omnibus,
829 4890 891 4929 ac
915 4886 1100 4930 sancto
1132 4878 1359 4933 Μαι·ιὶηο
1386 4879 1700 4952 Ililarioque
1727 4885 1936 4940 antisti-

362 4974 502 5027 tibus
559 4973 862 5030 hrcredibus
927 4980 1276 5044 constitutis,
1333 4992 1596 5049 aegrotare
1653 4985 1819 5054 ctepit
1873 5002 1939 5042 ac

360 5072 682 5142 dysenteria:
711 5075 896 5130 morbo
922 5079 1154 5144 gravari.
1186 5079 1345 5134 Sexta
1374 5097 1586 5152 quoque
1631 5087 1940 5155 aegrotatio-

434 5236 460 5263 ⁸
502 5227 744 5304 Siciliae.
765 5229 902 5304 Alii,
933 5249 986 5284 se
1013 5242 1100 5284 aut
1131 5233 1367 5304 longiori.
1401 5236 1566 5290 Porro
1597 5237 1936 5295 festiv’tatem

363 5300 534 5350 Sancti
571 5297 908 5375 Mar:ini__hic
938 5297 1283 5375 memoratam
1328 5306 1560 5375 intellige
1614 5311 1940 5364 Translatio—

363 5383 486 5446 nem
507 5384 670 5446 ._qu;e
701 5371 925 5446 |v__Non.A
965 5373 1087 5426 Julii
1116 5375 1446 5446 celebratur,
1489 5371 1535 5430 si
1567 5379 1778 5446 quidem
1810 5385 1940 5435 Are-

364 5437 484 5492 tlius
510 5438 598 5492 die
628 5455 714 5491 vni
743 5440 857 5494 Kal.
895 5444 1164 5510 Septemb.
1198 5445 1346 5499 obiit.

437 5528 466 5568 δ
503 5531 678 5598 Ipsum
704 5532 754 5584 in
782 5535 1086 5601 Appendice
1112 5535 1352 5590 dabimus
1376 5553 1438 5590 ex
1463 5545 1607 5591 tomo
1632 5537 1673 5591 ll
1704 5540 1936 5594 \nalect.

367 5599 642 5674 plebium).
677 5599 972 5674 De_Aredio
999 5605 1286 5674 Gregorius
1325 5608 1538 5674 scripsit
1564 5609 1615 5661 in
1646 5610 1780 5662 llbl'O
1808 5626 1840 5664 lt
1869 5612 1937 5666 de

366 5669 550 5742 μίτρα.
597 5672 766 5725 sancti
798 5673 1040 5738 Martini,
1080 5669 1196 5742 cap.
1229 5676 1326 5738 39,
1373 5669 1552 5731 et'lih.
1587 5683 1716 5732 nde
1758 5679 1936 5734 Gloria

369 5740 524 5796 Hart.
549 5782 562 5798 .
609 5758 727 5806 cup.
760 5742 842 5797 i0.
881 5743 1006 5812 Ejus
1037 5740 1198 5800 Vitam
1243 5745 1378 5801 infra
1417 5747 1690 5812 dahimus,
1747 5762 1937 5816 praeter

2031 3269 2423 3325 Lemovicinam
2454 3287 2582 3326 vero
2611 3273 2797 3330 urbem
2822 3276 2890 3329 ob
2919 3277 3173 3334 Dominici
3205 3281 3309 3336 diei
3333 3282 3604 3351 injuriam,
3637 3323 3660 3330 -

2031 3375 2128 3430 pro
2154 3375 2219 3414 eo
2245 3361 2460 3431 quodin
2490 3378 2554 3416 eo
2583 3378 2799 3432 operam
2834 3367 3096 3433 publicam
3126 3379 3459 3438 exercereng
3499 3375 3607 3441 pte-

2030 3449 2181 3519 rique
2208 3451 2327 3520 igne
2356 3451 2562 3506 ctelesti
2595 3455 2898 3521 consumpti
2928 3469 3070 3510 sunt.
3097 3459 3325 3514 Sanctis
3355 3472 3434 3515 est
3457 3463 3598 3517 enim

2031 3540 2120 3596 hic
2145 3543 2282 3606 dies,
2313 3543 2401 3611 qui
2429 3543 2480 3597 in
2512 3545 2768 3611 principio
2799 3547 2968 3602 lucem
3001 3550 3266 3604 conditam
3298 3554 3494 3621 primus
3527 3554 3610 3606 vi-

2033 3634 2129 3701 dit,
2155 3651 2217 3690 ac
2243 3635 2529 3689 Dominici:
2553 3641 2963 3694 resurrectionis
2987 3645 3138 3697 teSIis
3164 3642 3331 3697 factus
3357 3643 3606 3700 emicuit:

2033 3725 2258 3795 ideoque
2286 3727 2430 3779 omni
2459 3725 2562 3779 fide
2597 3742 2626 3780 a
2663 3728 2984 3783 Christianis
3012 3734 3280 3786 observari
3313 3735 3504 3798 debet,
3540 3751 3606 3790 ne

2034 3816 2120 3869 ﬁat
2152 3816 2202 3868 in
2243 3831 2308 3869 eo
2347 3830 2503 3871 omne
2547 3833 2680 3884 opus
2723 3819 3013 3887 publicum.
3056 3821 3109 3874 lu
3156 3823 3423 3879 Turonico
3474 3840 3604 3883 vero

2033 3909 2270 3961 nonnulli
2299 3909 2366 3962 ab
2410 3909 2508 3962 hoc
2558 3909 2712 3978 igne,
2744 3913 2836 3966 sed
2887 3931 2989 3968 non
3035 3915 3120 3970 die
3168 3916 3443 3974 Duninicn
3480 3928 3608 3976 sunt

2033 3997 2227 4051 adusti.
2263 3997 2484 4053 Siet-itas
2536 4001 2789 4055 immensa
2841 4002 2965 4067 fuit,
3002 4021 3121 4074 quae
3160 4024 3317 4062 otnne
3355 4010 3602 4077 pabulum

2034 4088 2316 4143 herbarum
2345 4091 2574 4145 avertit:
2611 4094 2749 4146 unde
2780 4095 2974 4148 factum
3006 4106 3087 4150 est
3111 4138 3124 4159 ,
3171 4109 3224 4152 nt
3254 4102 3430 4170 gravis
3461 4117 3606 4156 mor-

2033 4180 2131 4233 bus
2179 4180 2229 4232 in
2279 4181 2558 4248 pecoribus
2608 4197 2670 4235 ac
2706 4181 2965 4251 jumentis
3008 4187 3373 4255 invalescens,
3419 4207 3606 4258 parum

2033 4273 2174 4328 unde
2202 4282 2505 4326 sumeretur
2529 4275 2676 4342 origo
2693 4274 3042 4343 relinqueret;
3061 4279 3198 4332 sicut
3221 4280 3465 4336 [laba-suc
3481 4297 3606 4351 pro-

2033 4364 2189 4432 pheta
2221 4362 2534 4418 vaticinatus
2554 4373 2636 4418 est
2664 4383 2676 4416 :
2706 4364 2950 4433 Deﬁcient
2981 4367 3055 4420 αὑ·
3074 4384 3188 4422 esca
3229 4387 3341 4424 oves
3368 4412 3384 4436 ,
3415 4382 3460 4425 et
3501 4389 3604 4428 non

2036 4465 2180 4509 erunt
2207 4455 2259 4508 in
2285 4455 2594 4524 prwscpibus
2634 4455 2776 4510 boves
2803 4455 3028 4526 (Habac.
3057 4475 3130 4524 ll',
3168 4461 3275 4537 l7).
3311 4461 3424 4518 Non
3447 4464 3607 4518 modo

1961 4536 2016 4598 Ι)
2041 4548 2182 4602 enim
2215 4548 2266 4602 in
2298 4547 2638 4614 domeSIicis,
2671 4565 2854 4604 verum
2897 4552 3057 4606 etiam
3105 4555 3156 4606 in
3207 4552 3335 4623 ipsis
3381 4556 3608 4610 ferarum

2043 4640 2324 4697 itnmitium
2353 4640 2636 4709 generibus
2661 4639 2777 4695 inec
2805 4641 2921 4697 lues
2949 4654 3185 4712 grassata
3213 4656 3313 4700 est.
3345 4645 3477 4701 Nam
3517 4661 3612 4717 per

2043 4730 2210 4784 saltus
2255 4731 2509 4784 silvarum
2549 4732 2833 4788 multitudo
2870 4749 3150 4790 cervorum
3180 4747 3235 4792 et
3281 4739 3613 4809 reliquorum

2043 4821 2392 4874 animantium
2426 4831 2685 4887 prostrata
2719 4839 2812 4893 per
2865 4825 3004 4878 invia
3036 4838 3190 4880 nacm
3219 4836 3323 4882 est.
3357 4829 3558 4884 Fenum
3584 4839 3609 4869 ε

2045 4909 2112 4961 ab
2137 4909 2399 4962 inlusione
2419 4911 2714 4977 pluviarum
2736 4924 2788 4965 et
2808 4912 3152 4970 inundatione
3173 4917 3407 4971 amnium
3433 4920 3612 4988 peri-it,

2044 5011 2252 5068 segetes
2281 5000 2488 5068 exigua:
2511 5043 2524 5062 ,
2559 5002 2725 5054 vineae
2754 5017 2876 5056 vero
2914 5005 3148 5071 profusae
3188 5005 3430 5077 fuerunt;
3455 5026 3614 5082 quer-

2046 5105 2206 5144 cuum
2235 5091 2435 5145 fructus
2456 5094 2655 5147 ostensi
2675 5094 2922 5150 effectum
2950 5113 3057 5152 non
3085 5100 3447 5159 obtinuerunt.

2047 5261 2164 5299 eam
2195 5259 2311 5316 quae
2344 5246 2480 5298 inter
2513 5247 2641 5302 Acta
2667 5249 2766 5305 SS.
2794 5250 3007 5308 Ordinis
3039 5259 3202 5311 nostri
3226 5259 3367 5314 edita
3394 5270 3477 5314 est
3501 5263 3615 5316 Steo

2048 5319 2167 5369 Culo
2197 5331 2208 5368 l
2240 5314 2626 5398 ‘Ees'uedictino,
2656 5336 2772 5389 pag.
2803 5321 2931 5380 549.
2962 5324 3020 5380 Ei
3050 5330 3264 5398 scripsit
3294 5314 3615 5387 Fortunatus

2043 5401 2207 5438 carni.
2240 5385 2308 5440 ‘20
2332 5385 2421 5440 lib.
2457 5402 2505 5440 V.

2119 5485 2141 5513 ο
2184 5475 2552 5554 μεςςιιργίρίὺυε
2608 5479 2842 5547 Scilicet,
2897 5483 3051 5552 cujus
3107 5486 3285 5553 populi
3341 5488 3616 5554 apostolus

2045 5545 2301 5600 Martialis
2333 5546 2452 5600 fuit.

2115 5614 2139 5651 α
2180 5614 2458 5683 Casincns,
2483 5630 2679 5671 vexata.
2720 5619 2842 5672 Post
2884 5623 3132 5675 celebrato
3185 5639 3299 5676 vero
3342 5626 3520 5696 funere
3560 5635 3616 5684 et

2045 5701 2116 5738 ρει
2136 5727 2148 5738 .
2182 5701 2286 5738 CIC.

2074 5693 2116 5738 st
2136 5727 2148 5744 ,
2182 5697 2286 5738 etc.

2117 5755 2134 5776 ⁸
2170 5755 2320 5817 B.td.,
2371 5766 2418 5808 ut
2444 5768 2588 5811 nacta
2616 5771 2684 5811 cs!
2708 5762 2894 5827 fenum,
2923 5763 3007 5830 ab,
3041 5773 3140 5816 ctu.
