3966 6348
287 449 393 508 565

1216 441 1531 499 ιιιετοιιιέι
1576 440 2023 497 FRANCORUM.
2065 442 2268 499 LIBER
2309 441 2629 501 DECIMUS.

3457 440 3562 497 566

285 580 417 621 num
443 562 753 633 episcopum
786 559 1168 614 ordinaverunt
1193 577 1203 611 :
1238 559 1473 613 Briccius
1504 573 1634 612 vero
1662 559 1865 627 episco-
1903 558 1953 617 Α
1974 557 2259 627 episcOpus
2284 558 2637 613 ardilicaverat
2660 570 2820 626 super
2842 564 3083 612 sanctum
3109 556 3409 625 Martinam,
3431 559 3565 613 των

287 671 389 726 pus
412 664 442 692 ι
465 655 530 708 ad
561 669 748 723 papam
770 652 926 708 Urbis
953 651 1154 720 dirigit.
1183 649 1517 705 Justiniauus
1547 660 1724 704 autem
1757 661 1874 717 post

287 763 412 803 eum
444 746 653 810 abiens,
683 743 821 812 apud
862 745 1048 797 urbem
1086 740 1473 795 Vercellensem
1514 739 1666 795 obiit.
1702 740 1874 793 Turo-

290 838 398 893 nici
430 852 613 890 verum
648 837 835 890 iterum
886 834 1267 901 malignantes,
1312 830 1644 887 Armentium
1676 839 1879 886 statue-

292 936 439 982 runt.
477 927 714 983 Briccius
742 940 869 977 vero
908 934 1111 991 septem
1147 922 1286 989 apud
1320 936 1506 989 papam
1540 921 1695 975 Urbis
1725 921 1879 976 annis

294 1020 516 1089 degens,
553 1018 775 1071 idoneus
820 1016 1065 1069 iuventus
1093 1030 1121 1066 a
1148 1014 1396 1077 crimine,
1428 1013 1493 1067 ad
1523 1014 1707 1067 urbem
1730 1027 1877 1067 suam

297 1110 474 1163 redire
500 1108 682 1175 jussus
710 1117 811 1160 est.
847 1104 943 1159 Hic
982 1103 1267 1157 aediﬁcavit
1298 1104 1571 1158 basilicam
1604 1104 1879 1172 parvulam
1915 1139 1920 1145 -

296 1215 463 1267 super
501 1213 696 1265 corpus
726 1196 865 1250 beati
896 1196 1137 1259 Martini,
1172 1196 1223 1249 in
1270 1212 1371 1265 qua
1401 1206 1452 1248 et
1487 1196 1601 1262 ipse
1641 1197 1903 1267 sepultus

298 1303 399 1346 est.
439 1292 681 1357 Cumque
732 1304 828 1357 por
853 1304 936 1341 am
991 1289 1385 1352 ingrederetur,
1437 1288 1749 1341 Armentius
1788 1302 1885 1356 per

300 1382 460 1435 aliam
494 1392 699 1450 portam
734 1390 974 1432 mortuus
1019 1378 1361 1443 cli‘erehatur,
1396 1394 1501 1447 quo
1528 1379 1765 1447 sepulto,
1797 1393 1885 1432 ca-

303 1472 548 1525 thedram
580 1485 726 1523 suam
753 1470 985 1537 recepit.
1006 1469 1156 1522 Hunc
1187 1466 1359 1521 l'erunt
1389 1469 1681 1522 instituisse
1709 1468 1884 1522 eccle-

300 1565 411 1619 sias
454 1576 547 1629 per
572 1565 745 1623 vicos,
782 1560 832 1612 id
862 1569 972 1625 est,
1004 1560 1350 1612 Catalmmum
1379 1557 1427 1623 δ,
1462 1550 1698 1612 BriCcam
1721 1600 1738 1627 ,
1781 1559 1887 1611 lio-

304 1661 598 1721 tnmagum,
630 1648 1011 1715 Briotreidem,
1044 1648 1369 1713 Cainonem;
1416 1648 1733 1718 fueruntque
1771 1664 1885 1702 om-

306 1757 401 1796 nes
478 1740 602 1793 anui
661 1738 1001 1805 episcopatus
1075 1737 1191 1805 ejus
1250 1738 1599 1805 quadraginta
1656 1750 1881 1807 septem.

306 1833 588 1901 Obiitqne,
639 1841 691 1884 et
736 1831 974 1898 sepultus
1019 1838 1102 1882 est
1148 1827 1198 1881 in
1233 1829 1490 1893 basilica,
1531 1846 1688 1899 quam
1728 1845 1889 1899 super

306 1936 549 1981 sanctum
593 1923 879 1977 Martinum
911 1922 1211 1980 a:d,ilicavit.

375 2017 433 2071 5.
471 2015 696 2082 Quintus
745 2013 1062 2067 Ettstochius
1112 2013 1386 2067 ordinatur
1438 2014 1755 2082 episcopus,
1812 2014 1893 2065 vir

304 2115 524 2163 sanctus
567 2117 619 2162 et
650 2106 840 2160 timens
874 2106 1055 2171 Deum,
1088 2121 1153 2160 ex
1191 2121 1386 2175 genere
1424 2107 1710 2160 senatorio.
1743 2107 1891 2161 llunc

304 2198 477 2252 lerunt
503 2196 797 2251 instituisse
825 2196 1081 2250 ecclesias
1105 2211 1198 2263 per
1226 2196 1389 2262 vicos,
1448 2197 1618 2251 Brixls
1664 2206 1710 2261 ο,
1762 2198 1893 2251 lcio-

308 2289 522 2355 durum,
556 2287 780 2352 Luccas,
828 2287 1009 2341 Dolus.
1060 2286 1366 2340 IEdilicavit
1406 2289 1567 2342 etiam
1609 2289 1890 2344 ecclesiam

308 2381 442 2435 infra
471 2395 653 2435 muros
673 2379 925 2441 civitatis,
953 2379 1003 2432 in
1033 2395 1133 2449 qua
1161 2379 1410 2449 reliquias
1434 2394 1735 2433 sanctorum
1759 2380 1892 2434 Ger-

306 2476 437 2531 vasii
460 2485 516 2530 et
546 2476 770 2530 Protasii
796 2474 1044 2543 martyris
1065 2473 1322 2538 condidit,
1348 2488 1465 2543 quae
1493 2482 1681 2526 sancto
1714 2474 1891 2527 Marti-

306 2582 377 2620 ιιι)
397 2562 426 2604 ά
456 2565 525 2621 de
553 2565 700 2619 Italia
730 2574 854 2618 sunt
890 2564 1116 2631 delatze,
1149 2565 1287 2617 sicut
1312 2575 1526 2618 sanctus
1560 2565 1809 2619 Paulinus
1836 2565 1890 2619 in

305 2657 532 2725 cpistola
560 2670 655 2710 sua
686 2655 947 2710 meminit.
975 2655 1124 2709 Sedit
1157 2663 1331 2708 autem
1362 2669 1530 2708 annos
1585 2654 1891 2723 septemde—

306 2751 433 2805 cim.
470 2750 537 2804 Et
564 2749 803 2819 sepultus
831 2759 912 2804 est
942 2750 991 2803 in
1030 2748 1275 2813 basilica,
1308 2765 1463 2819 quam
1505 2750 1744 2805 Briccius
1773 2751 1885 2821 epi-

306 2856 503 2911 scopas
530 2857 694 2912 super
722 2851 962 2896 sanctum
998 2841 1278 2896 Marlittttm
1309 2850 1640 2896 struxerat”.

379 2933 542 3004 530
566 2933 620 2986 6.
661 2932 856 2988 Sextus
884 2931 1158 2986 rrdinatur
1182 2931 1489 3002 Perpetuus,
1517 2931 1584 2986 de
1612 2945 1807 3001 genere
1836 2940 1891 2986 et

308 3028 461 3095 ipse,
496 3037 550 3081 ut
595 3028 761 3091 aiunt,
814 3027 1116 3093 senatorio,
1150 3034 1202 3080 et
1232 3024 1556 3094 prapinquns
1594 3024 1893 3081 decessoris

309 3120 394 3174 sui
417 3160 431 3181 ,
458 3119 613 3172 dives
638 3118 790 3172 valde
809 3159 824 3180 ,
853 3126 906 3172 et
934 3133 1026 3185 per
1058 3117 1249 3170 multas
1273 3117 1515 3171 civitates
1547 3118 1746 3171 habens
1772 3132 1892 3185 pos-

308 3212 597 3268 sessiones.
632 3210 745 3274 llic,
775 3210 1017 3265 submota
1053 3209 1265 3264 basilica
1294 3224 1451 3279 quam
1476 3208 1621 3279 prius
1654 3210 1890 3264 Briccius

1982 648 2156 703 licavit
2184 650 2343 704 aliam
2372 649 2685 719 ampliorem
2715 652 2852 703 miro
2876 663 3039 717 opere
3062 646 3104 702 ί.
3130 649 3186 703 lu
3210 647 3363 718 cujus
3382 650 3565 703 absida

1979 741 2193 795 beatum
2233 756 2428 811 corpus
2474 742 2640 811 ipsius
2682 740 3003 797 venerabilis
3049 742 3220 796 sancti
3270 743 3564 800 transtulit.

1983 830 2078 886 llic
2104 832 2330 887 instituit
2351 831 2589 902 jejunia,
2620 832 2929 903 vigiliasque
2951 872 2965 896 ,
2997 831 3228 899 qualiter
3263 847 3361 900 per
3396 834 3571 889 circu-

1982 922 2086 977 lum
2114 924 2237 977 anni
2265 925 2492 978 observa
2504 931 2703 987 rentur,
2726 922 2869 993 quod
2899 922 3165 993 hodieque
3193 922 3332 993 apud
3361 936 3459 979 nos
3492 933 3571 979 te-

1983 1025 2139 1070 netur
2167 1016 2447 1085 scriptum,
2478 1030 2702 1085 quorum
2733 1015 2868 1069 ordo
2896 1014 2983 1070 hic
3009 1024 3112 1070 est.

2615 1125 2691 1177 De
2700 1126 2937 1196 jejuniis.

2054 1234 2185 1288 Post
2214 1233 2716 1303 Quinquagesimam
2736 1244 2761 1281 ε
2789 1244 2975 1304 quarta
2999 1244 3052 1291 et
3073 1244 3222 1291 sexta
3247 1236 3376 1292 feria
3407 1254 3573 1309 usque

1986 1327 2165 1382 natale
2196 1328 2364 1381 sancti
2397 1327 2636 1381 Joannis.
2673 1328 2747 1382 De
2772 1326 3014 1383 kalendis
3045 1329 3377 1399 Septembris
3408 1348 3574 1403 usque

1987 1418 2243 1474 kalendas
2270 1418 2517 1473 Octobris
2549 1420 2670 1473 bina
2703 1421 2754 1473 in
2794 1421 3087 1490 septimana
3114 1421 3339 1491 jejunia.
3381 1424 3455 1479 De
3478 1424 3575 1478 ka-

1989 1510 2159 1565 lendis
2201 1510 2449 1564 Octobris
2502 1526 2670 1578 usque
2709 1510 3097 1579 depositiunem
3138 1511 3319 1567 domui
3370 1514 3575 1571 Martini

1989 1603 2107 1656 bina
2132 1604 2185 1655 in
2216 1601 2508 1670 septimana
2538 1601 2760 1670 jejunia.
2782 1600 2863 1655 Ab
2882 1603 3216 1671 depositione
3242 1605 3575 1660 domuiMar—
3632 1614 3635 1617 ‘

1992 1692 2085 1745 tini
2116 1705 2283 1759 usque
2311 1692 2494 1744 Natale
2530 1692 2731 1744 Domini
2775 1700 2923 1748 terna
2951 1692 3003 1746 in
3031 1696 3325 1761 septimana
3353 1696 3575 1764 jejuuia.

1989 1782 2067 1835 De
2095 1782 2252 1835 natali
2296 1782 2464 1835 sancti
2520 1781 2700 1835 Hilarii
2749 1797 2917 1852 usque
2948 1774 3181 1838 medium
3228 1783 3575 1842 Februarium

1997 1874 2119 1928 bina
2154 1874 2206 1928 in
2238 1875 2534 1943 septimana
2563 1874 2785 1943 jejunia.
3244 1892 3252 1899 ·
3334 1858 3342 1868 ’

2630 1989 2705 2043 De
2739 1992 2941 2062 vigiliis.

2065 2100 2234 2155 Natali
2270 2102 2473 2156 Domini
2504 2102 2556 2156 in
2583 2101 2808 2157 ecclesia
2836 2104 2878 2157 ι.
2913 2104 3224 2174 Epiphania,
3251 2106 3302 2160 in
3328 2108 3572 2165 ecclesia.

1992 2194 2159 2249 Natali
2176 2192 2666 2257 sanctiJoannis,ad
2680 2193 2948 2248 basilicam
2960 2194 3140 2249 domui
3159 2196 3385 2253 Martini.
3402 2200 3572 2255 Natali

1991 2288 2157 2342 sancti
2188 2286 2328 2340 Petri
2357 2284 2756 2355 episcopatusi,
2780 2285 2844 2339 ad
2887 2287 3043 2357 531
3079 2287 3245 2356 ipsius
3275 2290 3570 2349 basilicam.

1990 2380 2154 2436 Sexto
2182 2378 2499 2451 [al.quiuto]
2525 2378 2777 2434 kalendas
2801 2380 2997 2449 Aprilis
3027 2380 3437 2441 Resurrectione
3467 2386 3577 2442 Do-

1992 2470 2123 2524 mini
2154 2473 2324 2526 n05tri
2347 2470 2472 2525 Jesu
2504 2470 2723 2535 Christi,
2754 2471 2817 2526 ad
2843 2472 3115 2527 basilicam
3137 2473 3325 2531 domui
3342 2477 3577 2535 Martini.

1993 2562 2216 2628 Pascha,
2239 2560 2331 2616 ink
2358 2563 2606 2618 ecclesia.
2640 2563 2733 2618 Die
2752 2561 3120 2629 Ascensionis.
3154 2565 3208 2620 in
3235 2564 3450 2622 basilica
3474 2569 3575 2624 do-

1994 2654 2100 2709 mni
2131 2654 2359 2709 Martini.
2407 2654 2501 2710 Die
2541 2654 3047 2725 quinquagesimo‘,
3079 2657 3132 2712 in
3162 2659 3413 2714 ecclesia.
3447 2659 3577 2714 Pas-

1992 2747 2144 2803 sione
2180 2748 2347 2802 sancti
2370 2746 2591 2802 Joannis
2618 2755 2681 2811 m,
2724 2748 2790 2802 ad
2822 2747 3119 2817 basilicam,
3160 2749 3214 2803 in
3245 2749 3576 2819 baptisterio.

1991 2836 2161 2893 Natali
2188 2845 2494 2892 sanctorum
2520 2837 2881 2905 apostolorum
2908 2838 3049 2893 Petri
3078 2848 3133 2893 et
3154 2838 3324 2907 Pauli,
3353 2841 3418 2895 ad
3440 2840 3577 2909 ipse.

1992 2946 2110 2987 rum
2150 2929 2440 2985 basilicam.
2486 2928 2655 2983 Natali
2694 2930 2862 2984 sancti
2893 2929 3216 2996 Martini,ad
3246 2931 3360 3000 ejus
3400 2932 3576 2988 basili-

1993 3035 2132 3077 cam.
2160 3020 2330 3075 Natali
2360 3020 2529 3076 sancti
2572 3020 2969 3091 Symphoriani,
3001 3021 3068 3076 ad
3098 3022 3367 3078 basilicam
3396 3024 3580 3079 domui

1997 3113 2226 3169 Martini.
2253 3113 2419 3167 Natali
2444 3112 2616 3166 sancti
2643 3110 2849 3179 Litorii,
2873 3111 2938 3166 ad
2957 3112 3074 3181 ejus
3089 3112 3380 3169 basilicam.
3409 3115 3576 3170 Itemn

1994 3203 2178 3259 Natale
2206 3204 2374 3259 sancti
2404 3203 2635 3273 Martini,
2659 3202 2725 3257 ad
2751 3202 2866 3272 ejus
2888 3203 3182 3258 basilicam.
3208 3204 3378 3261 Natali
3406 3207 3578 3263 sancti

383 3333 408 3358 ⁸
448 3321 536 3376 Sic
561 3320 679 3391 cod.
714 3319 941 3391 Regius;
973 3321 1057 3374 alii
1092 3318 1323 3391 Briccius
1353 3335 1553 3391 verere
1586 3320 1654 3372 ad
1684 3338 1887 3391 papam.
1917 3302 1964 3366 C
1996 3316 2388 3391 Protasiiinlra
2436 3332 2616 3373 muros
2645 3317 2791 3372 urbis
2820 3317 3091 3374 exstitisse
3130 3317 3325 3374 dicitur
3358 3320 3578 3378 inferius

310 3391 446 3446 Vide
474 3401 628 3445 notas
657 3390 707 3443 in
736 3390 827 3443 lib.
871 3406 927 3456 ll,
961 3406 1079 3461 cap.
1122 3391 1166 3445 l.
1197 3390 1410 3444 Festum
1448 3390 1565 3460 ejus
1593 3390 1893 3445 celebratur

312 3463 399 3517 die
433 3462 497 3516 15
527 3460 859 3514 Novembris.

384 3532 413 3571 δ
450 3532 823 3595 Calatonnnm,
866 3528 1018 3584 Colb.
1057 3546 1130 3583 m.
1165 3539 1217 3582 et
1253 3528 1351 3584 Ch.
1396 3531 1500 3595 al.,
1532 3530 1891 3587 Calolonnum.

311 3604 466 3657 llunc
498 3603 668 3655 locum
700 3616 819 3654 esse
845 3599 1329 3655 Calvum-Montem
1352 3642 1367 3663 ,
1398 3602 1553 3669 Vulgo
1581 3600 1889 3668 Chaumont,

312 3676 363 3727 in
396 3672 590 3726 ﬁnibus
619 3672 891 3723 Turonum
923 3681 975 3724 et
1007 3672 1358 3736 Blesensium,
1402 3673 1669 3725 existimat
1698 3673 1893 3727 Marul-

311 3741 437 3807 lins,
463 3742 601 3809 quod
625 3755 652 3793 a
694 3741 900 3811 Valesio
930 3742 1278 3811 improbatur,
1309 3742 1394 3807 qui
1429 3745 1602 3811 potius
1641 3757 1760 3796 esse
1790 3759 1896 3811 pu-

313 3822 394 3867 tat
428 3813 574 3866 Clion
595 3852 609 3875 ,
641 3811 705 3863 ad
738 3810 989 3865 Andriam
1023 3814 1159 3865 inter
1190 3810 1536 3878 PaludellUm,
1578 3810 1806 3876 Paluau,
1838 3823 1895 3869 et

313 3885 721 3938 Gastellionem.
759 3881 947 3952 Bricca
994 3896 1059 3934 an
1095 3880 1233 3950 Bray
1271 3890 1361 3933 aut
1390 3880 1490 3935 Bré
1518 3883 1585 3936 ad
1630 3883 1894 3952 Angerem

315 3968 411 4008 seu
443 3954 694 4007 Andriam
740 3951 988 4005 tluvinm?
1020 3952 1114 4005 Est
1156 3967 1363 4019 quoque
1404 3952 1551 4006 locus
1582 3954 1634 4005 in
1663 3954 1897 4008 conﬁnio

314 4025 591 4079 Turonum
623 4031 678 4076 et
708 4023 1135 4090 Andegavormn,
1168 4022 1341 4074 dictus
1362 4021 1521 4092 vulgo
1544 4021 1759 4077 Bréche.
1787 4024 1896 4078 Ro-

318 4095 631 4162 thomagum
663 4094 926 4146 Marollius
957 4093 1156 4160 putavit
1183 4107 1301 4144 esse
1327 4093 1502 4162 vicum
1530 4132 1544 4153 ,
1585 4094 1669 4147 cui
1704 4109 1895 4148 nomen

315 4167 367 4217 Ia
390 4161 553 4227 Roné,
577 4173 666 4215 aut
690 4161 1422 4217 Saint-Antoine-dn-Rocher.
1446 4165 1513 4215 At
1542 4164 1758 4217 Maauus
1786 4182 1897 4218 ma—

313 4236 428 4289 vult
459 4236 791 4297 interpretari
825 4234 891 4286 de
924 4231 1109 4297 ﬂuam,
1135 4233 1221 4301 qui
1255 4232 1401 4285 locus
1431 4243 1510 4285 est
1543 4233 1680 4287 haud
1716 4236 1898 4297 procul

312 4322 342 4359 a
374 4304 801 4360 Monte-Basnnis
830 4304 985 4367 situs,
1006 4304 1162 4368 vulgo
1183 4303 1352 4355 dictus
1382 4303 1426 4356 le
1460 4302 1591 4355 Pent
1621 4309 1682 4357 de
1708 4305 1897 4369 Ruam,

313 4391 342 4429 a
374 4388 538 4442 ponte
566 4374 654 4443 qui
687 4374 757 4426 ibi
782 4374 995 4426 Andria:
1028 4373 1267 4441 (l‘lndre)
1296 4373 1454 4426 ﬂuvio
1500 4374 1772 4443 impositus
1796 4385 1896 4429 est.

318 4445 637 4501 Briotreidis
659 4444 897 4497 Marullio
921 4458 995 4497 es:
1023 4444 1291 4505 Autréche,
1314 4445 1480 4496 tribus
1500 4445 1661 4498 lencis
1684 4446 1747 4497 ad
1776 4452 1899 4498 Am-

318 4517 469 4570 barria
508 4516 739 4569 distans.
776 4515 990 4566 Maanus
1021 4525 1165 4581 putat
1204 4528 1322 4567 e~se
1353 4513 1544 4574 Bresis,
1578 4527 1810 4569 castrum
1845 4516 1896 4568 iu

314 4586 483 4652 gestis
512 4585 846 4637 dominorum
878 4586 1306 4638 Ambaciensium
1342 4596 1711 4649 menmratum,
1741 4588 1898 4652 vulgo

318 4657 530 4737 ῌιςὶεαει.
661 4653 896 4737 Valesius
920 4655 1193 4737 C‘illllgntiil
1223 4669 1340 4737 esse
1373 4654 1419 4704 le
1442 4655 1659 4707 Briduré
1690 4660 1751 4737 ad
1787 4662 1895 4709 An-
1930 4682 1972 4737 ο

316 4729 510 4780 driam.
551 4726 745 4786 Caino,
779 4726 931 4794 vulgo
963 4724 1159 4778 Chinon
1185 4726 1251 4777 ad
1286 4726 1609 4793 Vingeunam
1636 4764 1653 4791 ,
1682 4728 1750 4782 de
1792 4741 1898 4796 quo

318 4799 422 4869 jam
450 4796 850 4869 tlixjttttttsnalias‘.

393 4878 415 4904 ε
463 4867 634 4918 Brisis
668 4866 872 4917 \‘alesio
898 4872 981 4918 est
1010 4863 1210 4934 Brisny,
1243 4865 1307 4919 de
1329 4881 1431 4932 quo
1462 4864 1513 4918 iu
1540 4875 1659 4918 nota
1694 4882 1895 4931 prame—

316 4938 487 4991 denti.
526 4936 846 4999 lciodorum,
881 4944 935 4987 ut
967 4936 1071 5001 jam
1120 4938 1349 4989 diximus
1387 4935 1519 4988 lihro
1552 4953 1623 5000 vr,
1654 4952 1772 5001 cap.
1809 4940 1899 5005 12,

318 5023 396 5061 esu
434 5007 630 5069 lseure,
664 5008 713 5058 in
753 5006 943 5058 limbus
972 5006 1239 5058 Turonum
1272 5016 1324 5060 et
1360 5007 1654 5062 Pictonum.
1693 5008 1897 5071 Lucem,

276 5133 281 5137 ,
316 5094 436 5137 seu,
471 5091 523 5128 ut
549 5077 746 5128 habent
772 5076 925 5128 (Iolb.
966 5092 1036 5128 ni.
1068 5086 1122 5129 et
1156 5077 1277 5130 Bcc.
1299 5119 1312 5141 ,
1345 5076 1523 5143 Lucw,
1565 5086 1658 5131 aut
1687 5088 1742 5130 ιιι
1771 5080 1902 5131 alias

317 5145 811 5216 liabetGregotius.
846 5146 1049 5208 Locis),
1085 5147 1236 5209 vulgo
1277 5146 1496 5209 Laches,
1546 5148 1613 5201 ab
1644 5148 1896 5201 Andriam

314 5234 411 5271 seu
442 5214 692 5284 Aliger—im
718 5214 967 5286 (l'lndre)
999 5216 1144 5269 locus
1173 5217 1419 5284 celebris,
1451 5216 1537 5271 tibi
1570 5218 1756 5272 beatus
1798 5220 1897 5272 Se-

317 5288 459 5342 noch
507 5288 884 5341 monasterium
927 5289 1196 5339 excitavit.
1253 5287 1411 5341 Dolus
1458 5303 1648 5341 nomen
1688 5302 1770 5344 est
1802 5288 1897 5341 vici

317 5358 459 5413 haud
494 5359 677 5426 procul
704 5361 769 5409 ab
797 5358 990 5409 Andria
1017 5358 1174 5409 l'luvio
1199 5357 1304 5410 siti.
1552 5378 1554 5381 ν

390 5431 415 5463 α
457 5430 544 5482 Sic
579 5430 699 5481 Bcc.
724 5427 824 5479 Alii
855 5445 886 5479 a
913 5428 974 5481 S.
1012 5427 1257 5492 Martino,
1287 5429 1905 5484 scdmemlose-(10nl'er

312 5510 477 5566 Caput
508 5502 568 5553 i7
603 5498 695 5552 lib.
729 5513 742 5549 ι
772 5497 839 5550 de
870 5498 1045 5549 Gloria
1082 5499 1229 5551 Mart.
1263 5499 1322 5551 Et
1355 5503 1568 5566 quidem
1598 5512 1901 5554 sanctorum

314 5572 560 5625 (iervasti
589 5579 642 5623 et
666 5569 893 5622 Protasii
926 5569 1177 5636 reliquias
1208 5571 1408 5623 invenit
1437 5579 1652 5623 sanctus
1673 5571 1901 5624 Ambro-

310 5644 427 5694 sius
452 5658 541 5692 an.
568 5639 691 5703 386,
720 5638 945 5706 quujam
963 5652 1074 5691 crat
1098 5639 1379 5707 episcopus
1393 5652 1609 5694 sanctus
1627 5642 1900 5693 .llartiuus.

316 5712 558 5778 Epistula
573 5712 739 5762 sancti
763 5708 963 5762 Paulini
981 5708 1282 5762 hiclandata
1299 5727 1401 5763 non
1416 5721 1609 5765 exstat.
1632 5710 1901 5778 Hodieque

311 5781 679 5850 visitnrjuxta
710 5779 988 5833 ecclesiam
1010 5781 1183 5850 beata;
1204 5779 1379 5833 Marsae
1404 5781 1485 5833 Dii
1503 5783 1587 5833 itis
1603 5781 1907 5835 oratorium.

310 5867 439 5905 cum
474 5848 634 5917 parvo
661 5850 964 5904 nosocomio
985 5888 1000 5912 ,
1029 5850 1126 5903 SS.
1155 5848 1409 5903 Gcrvasiu
1440 5859 1493 5904 et
1536 5852 1775 5903 Protasio
1804 5866 1891 5899 sa-

312 5936 470 5977 crum
492 5961 508 5981 ,
542 5921 635 5975 sed
682 5920 732 5973 in
778 5920 1052 5974 suburhiu.
1085 5924 1151 5973 At
1182 5920 1404 5975 ecclesia
1429 5921 1526 5977 SS.
1558 5921 1794 5976 Gcrvasii
1840 5930 1889 5974 et

1997 3404 2147 3444 num.
2192 3388 2274 3443 l2.

2070 3469 2094 3496 °
2137 3459 2348 3513 Festum
2380 3458 2650 3530 Eustochii
2678 3459 2874 3514 colitur
2898 3459 2948 3530 in
2978 3458 3353 3530 Martyrologio
3384 3463 3579 3517 Roma-

1997 3544 2066 3584 no
2097 3530 2279 3605 die
2312 3529 2663 3605 Septembris.
2700 3530 2752 3605 ls_
2776 3528 3013 3582 interfuit
3033 3528 3577 3605 concilio'Andegav.

1996 3615 2139 3654 anno
2165 3599 2289 3652 455.
2320 3600 2546 3667 Scripsit
2574 3616 2695 3672 cum
2735 3600 2994 3672 Leonejet
3033 3600 3269 3655 Victurio
3295 3599 3575 3672 epistolam

1996 3680 2182 3796 gentm
2223 3671 2451 3726 clericos
2488 3671 2577 3739 qui
2611 3670 2676 3724 ad
2711 3670 2991 3725 tribunalia
3022 3672 3301 3727 smcularia
3334 3670 3579 3730 recurre-

2034 3751 2144 3795 ant.

2034 3751 2144 3795 ant.

2075 3811 2094 3849 ί
2137 3811 2303 3878 llnjus
2334 3810 2573 3865 ecclesiae
2616 3811 3029 3879 descriptionem
3078 3823 3378 3867 accuratam
3421 3815 3582 3869 babes

1998 3896 2155 4003 isutura
2182 3883 2272 3936 lib.
2358 3922 2374 3947 ,
2401 3897 2518 3951 cap.
2551 3881 2633 3935 14.
2662 3882 2794 3936 Vide
2816 3890 2871 3936 et
2891 3881 2983 3935 lib.
3010 3896 3025 3936 ι
3052 3881 3232 3936 Mirac.
3256 3888 3424 3939 sancti
3451 3887 3583 3938 Mar-

2024 3968 2119 4003 nn.
2147 3967 2263 4003 can.
2335 3991 2349 4003 .

2000 3952 2119 4015 tini,
2147 3967 2263 4015 cap.
2296 3952 2349 4005 6.

2252 3992 2263 4004 .
2296 3968 2349 4005 o.

2072 3968 2119 4066 ε’
2141 3968 2281 4076 ἅῗὲει
2305 4038 2332 4075 a
2361 4022 3205 4091 Pentecoste.Quinquagesimam
3232 4024 3370 4077 enim
3396 4026 3581 4092 appel-

2002 4092 2182 4146 labant
2231 4104 2440 4147 veteres
2484 4104 2690 4160 tempus
2741 4093 2869 4146 illud
2915 4092 3053 4159 quod
3092 4094 3228 4145 inter
3276 4094 3472 4147 Pascha
3527 4107 3577 4148 et

2004 4164 2348 4217 l’entecosten
2395 4163 2712 4226 intercedit,
2752 4178 2856 4230 quo
2906 4171 3146 4229 tempore
3195 4160 3439 4231 jeju:.are
3478 4181 3588 4222 non

2001 4235 2213 4288 licebat.

2075 4300 2100 4374 1}
2147 4304 2245 4357 Iste
2273 4303 2525 4374 articulus
2558 4318 2661 4356 non
2689 4303 2992 4374 habeturin
3023 4303 3144 4359 cod.
3180 4304 3371 4374 Regio.

2080 4372 2092 4410 ί
2140 4374 2191 4427 ιιι
2224 4384 2304 4426 est
2330 4376 2380 4426 in
2412 4373 2636 4427 ecclesia
2665 4372 2978 4427 cathedrali.

2076 4442 2091 4494 i
2143 4444 2193 4497 ld
2221 4453 2302 4497 est
2345 4443 2533 4498 festum
2565 4443 2845 4498 Cathedra:
2886 4447 3053 4497 sancti
3082 4444 3242 4505 Petri,
3270 4454 3324 4498 ut
3353 4444 3583 4511 apprlla-

2004 4525 2085 4567 tm
2116 4516 2167 4567 in
2195 4529 2349 4568 conc.
2382 4515 2680 4570 'l‘uronensi
2715 4531 2772 4580 ιι,
2803 4515 2945 4583 quod
2974 4518 3107 4570 adeo
3137 4515 3347 4570 celebre
3390 4522 3507 4569 erat
3532 4516 3583 4569 in

2004 4586 2207 4649 Galliis,
2254 4597 2307 4637 ut
2337 4584 2532 4639 exinde
2561 4586 2625 4638 ad
2655 4586 3128 4653 Quadragesimam
3176 4586 3455 4639 dominicae
3484 4587 3585 4653 pri-

2006 4673 2088 4708 ma
2112 4698 2125 4717 ,
2155 4659 2371 4708 sei-unda
2392 4698 2406 4719 ,
2440 4665 2542 4709 etc.
2561 4697 2575 4717 ,
2613 4667 2720 4719 post
2746 4656 3049 4710 Cathedram
3079 4657 3241 4710 sancti
3276 4656 3413 4710 Petri
3441 4657 3589 4710 dice-

2002 4728 2213 4779 bantur.
2252 4727 2382 4780 Vide
2437 4726 2720 4780 Mahillonii
2779 4727 3182 4781 observatiooes
3221 4729 3271 4780 in
3322 4742 3472 4781 num.
3519 4724 3589 4779 24

1942 4806 1945 4807 '
2004 4797 2121 4849 lzhri
2161 4812 2195 4849 ιι
2249 4797 2314 4851 de
2362 4797 2596 4867 Liturgia
2643 4798 2932 4852 Gallicana.
2976 4797 3031 4851 lu
3072 4798 3169 4851 Ch.
3206 4798 3359 4852 deest
3390 4797 3597 4864 episca—

2038 4877 2172 4921 alus.

2038 4885 2172 4921 atus.

2001 4885 2034 4937 ρ
2075 4936 2100 4974 ¹ί
2146 4936 2358 4991 Festum
2392 4936 2667 4990 Paschalis
2708 4952 2735 4989 a
2784 4935 2917 4989 festo
2950 4934 3371 4989 Resurrectionis
3401 4935 3589 4988 distin‘

2004 5010 2183 5075 gnitur
2212 5010 2261 5059 in
2292 5007 2669 5060 vetustioribus
2696 5005 3029 5059 Kalendariis
3055 5021 3067 5056 :
3102 5008 3187 5059 ubi
3222 5007 3590 5059 Resurrectio-

2008 5078 2088 5131 ni.
2118 5080 2307 5129 l'estttttt
2340 5079 2427 5130 die
2459 5076 2527 5129 27
2562 5076 2731 5130 Martii
2766 5075 3041 5139 reculitur,
3076 5076 3279 5130 Pascha
3298 5084 3509 5141 autem,
3535 5086 3590 5131 ut

2007 5156 2429 5208 omnes-norunt,
2457 5147 2616 5200 variis
2645 5147 2832 5200 diebus
2863 5161 2958 5210 pro
2991 5148 3246 5202 varietate
3279 5147 3419 5200 luna:
3450 5164 3591 5201 scin-

2009 5233 2102 5286 per
2129 5218 2449 5271 celebratum
2484 5217 2534 5269 in
2569 5216 2800 5273 Ecclesia
2835 5215 2950 5272 fuit.

2086 5285 2102 5324 ι
2150 5287 2199 5338 ld
2227 5297 2307 5357 est
2336 5287 2696 5341 Peiuecostes.
2723 5286 2812 5341 Sic
2832 5301 3041 5356 quoque
3066 5288 3362 5357 appellatur
3380 5288 3431 5343 in
3458 5300 3587 5341 cun-

2007 5358 2098 5412 cil.
2134 5356 2404 5411 Aurelian.
2431 5371 2469 5419 ι,
2502 5373 2621 5410 can.
2650 5357 2740 5409 ‘23.

2024 5435 2032 5442 '
2075 5436 2111 5466 ιι
2157 5427 2208 5481 lu
2240 5428 2669 5482 Sacramentario
2694 5427 2988 5491 Gallicano,
3018 5428 3159 5495 quod
3189 5444 3218 5481 e
3244 5437 3447 5481 vetusto
3468 5426 3591 5480 cod.

2007 5512 2189 5551 noster
2221 5498 2553 5552 Mabillonius
2581 5500 2924 5553 edidittomo
2961 5500 2979 5552 Ι
3026 5500 3190 5553 Musei
3223 5498 3408 5559 Italici,
3452 5497 3592 5550 inter

2009 5569 2349 5623 Nativitatcm
2394 5571 2562 5624 sancti
2595 5570 2813 5623 Joannis
2844 5579 2897 5623 et
2935 5570 3126 5623 festum
3159 5579 3464 5620 sanetorum
3496 5567 3591 5621 Pe-

2011 5641 2077 5693 tri
2124 5650 2176 5693 et
2208 5641 2353 5693 Pauli
2386 5640 2614 5694 habetur
2637 5639 2795 5693 Missa
2816 5641 2873 5693 in
2901 5639 3065 5691 sancti
3090 5637 3305 5689 Joannis
3338 5638 3593 5703 passione.

2078 5719 2105 5745 η
2149 5711 2256 5763 lloc
2300 5711 2488 5765 festum
2528 5711 2579 5764 in
2606 5712 2720 5763 solo
2757 5709 2878 5763 cod.
2912 5709 3074 5777 [legio
3105 5708 3343 5760 hahctur.
3384 5707 3447 5760 Et
3470 5709 3596 5777 qui-

2001 5779 2122 5833 dem
2149 5791 2351 5833 certum
2375 5790 2454 5833 e~t
2486 5795 2549 5833 ex
2594 5782 2707 5846 ipso
2735 5780 2992 5847 Gregorio
3032 5777 3220 5831 festum
3251 5779 3424 5832 sancti
3455 5777 3593 5834 Mar-

2003 5850 2097 5901 tni
2122 5850 2229 5918 jam
2273 5851 2352 5901 his
2384 5852 2710 5908 tetnnoribtts
2754 5850 2947 5914 duplex
2996 5847 3176 5908 fuisse,
3212 5864 3371 5902 unum
3410 5864 3597 5903 mense

1996 5919 2159 5977 Julio.
2190 5922 2409 5973 alterum
2437 5934 2561 5975 vero
2590 5933 2771 5974 mcusc
2796 5918 3103 5987 Novembri,
3130 5918 3217 5975 hic
3243 5935 3582 5990 expressum.
