3966 6348
368 323 463 382 571

1403 328 1459 385 S.
1502 326 1822 383 GRLGORII
1866 325 2161 380 EPISCOPI
2202 324 2627 390 TURONENSIS

3498 335 3603 390 572

363 438 444 491 dit
465 447 638 490 autem
672 452 841 493 annos
854 438 1256 508 septemdecim,
1284 439 1518 509 obiitque
1544 450 1699 494 relate
1722 450 1927 506 septua-
1972 445 2016 500 Α
2044 453 2203 489 unum
2236 437 2303 490 de
2329 439 2461 491 Vitis
2483 439 2696 492 Patrum
2728 439 2947 509 scripsi,
2983 441 3035 494 in
3064 442 3309 497 Psalterii
3336 452 3608 497 tractatum

366 529 604 597 genaria,
628 537 682 582 et
720 530 959 596 sepultus
989 539 1072 583 est
1099 530 1150 584 in
1182 530 1397 584 basilica
1426 530 1594 585 saneti
1643 529 1853 583 Martini
1884 536 1935 580 ⁸.

365 619 713 686 (lassavitque
740 622 1082 689 episcopatus
1110 622 1223 676 dies
1255 623 1644 676 novemdccim.

440 710 526 765 l9.
551 711 730 768 Nonus
752 712 991 767 decimus
1022 715 1309 782 Gregorius
1340 729 1442 782 ego
1485 714 1735 782 indignus
1770 713 1940 767 eccle-

366 815 502 855 sram
534 804 683 857 urbis
704 803 1005 867 Turouicre,
1040 804 1088 857 iu
1119 821 1220 873 qua
1247 806 1434 858 beatus
1466 806 1722 858 Martinus
1751 812 1805 857 et
1832 818 1941 856 cte-

369 893 470 945 teri
499 892 805 946 sacerdotes
832 894 1038 946 Domini
1061 895 1124 946 ad
1160 895 1496 961 pontificatus
1535 895 1767 948 officium
1804 910 1936 948 con-

371 984 561 1034 secrati
618 983 858 1046 suut,ab
907 983 1156 1037 incendio
1199 986 1513 1038 dissolutam
1566 987 1937 1053 diruptamque

371 1080 556 1125 nactus
585 1086 725 1132 sum.
765 1088 919 1137 quam
967 1074 1339 1126 remdilicatam
1373 1075 1422 1126 in
1462 1075 1705 1142 ampliori
1736 1075 1941 1128 altiori—

373 1176 475 1226 qtte
511 1161 719 1228 fastigio
749 1164 976 1228 septimo
1014 1165 1221 1217 decimo
1250 1165 1601 1217 ordinationis
1642 1180 1772 1218 mete
1800 1180 1942 1218 anno

368 1248 714 1321 dedicavib,in
754 1268 879 1320 qua,
910 1256 1047 1306 sicut
1074 1269 1102 1305 a
1137 1255 1387 1323 longzevis
1420 1256 1747 1325 presbyteris
1790 1271 1941 1309 com-

369 1340 505 1408 peri,
556 1342 829 1394 beatorum
875 1343 1071 1396 ihidem
1108 1344 1346 1413 reliquiae
1383 1346 1775 1413 Agaunensium
1804 1356 1827 1383 ο
1876 1347 1943 1398 ab

370 1434 604 1500 antiquis
662 1434 866 1487 fuerant
920 1438 1211 1489 collocata.
1257 1438 1426 1503 Ipsam
1457 1439 1617 1490 etiam
1667 1438 1941 1507 capsulam

378 1523 431 1577 in
461 1524 711 1577 thesauro
762 1526 994 1579 basilica:
1042 1528 1209 1578 sancti
1259 1527 1467 1580 Martini
1511 1530 1705 1595 reperi,
1739 1528 1792 1581 in
1839 1543 1943 1597 qua

374 1614 530 1668 valde
562 1617 840 1682 putredine
887 1626 1000 1669 erat
1044 1617 1231 1684 pignus
1278 1617 1619 1682 dissolutum,
1651 1619 1791 1687 quod
1847 1632 1944 1686 pro

375 1718 561 1757 eorum
594 1705 866 1773 religionis
905 1714 987 1759 est
1025 1706 1220 1760 virtute
1262 1706 1496 1760 delatum
1527 1705 1575 1760 d.
1603 1712 1678 1761 Ac
1708 1709 1830 1762 dum
1861 1710 1943 1762 vi-

2044 529 2242 584 librttm
2274 548 2435 585 unum
2465 541 2855 588 commentatus
2882 549 2997 587 sum
3025 549 3041 599 ;
3074 535 3141 590 de
3170 534 3426 590 Cursibus
3449 537 3610 590 etiam

2039 621 2418 675 ecclesiasticis
2442 637 2603 675 unum
2637 623 2831 677 librum
2861 625 3098 681 condidi.
3124 627 3270 693 Quos
3301 626 3465 679 libros
3490 626 3610 681 licet

2042 712 2185 779 stylo
2215 712 2479 766 rusticiori
2513 714 2925 782 eouscripserim
2943 754 2958 776 ,
2987 724 3160 768 tamen
3182 717 3407 783 conjuro
3427 732 3612 770 oumes

2040 800 2347 854 sacerdotes
2381 802 2622 865 Domini,
2652 802 2744 868 qui
2774 812 2896 871 post
2926 819 3009 858 me
3038 804 3293 875 humilem
3329 806 3610 860 ecclesiam

2041 888 2360 943 'l‘uronicam
2390 902 2511 943 sunt
2536 892 2762 956 recturi,
2790 908 2883 957 per
2904 895 3187 948 adventum
3214 896 3422 950 Domini
3448 909 3610 952 nostri

2040 980 2166 1035 Jesu
2189 981 2410 1049 Christi,
2440 997 2504 1036 ac
2529 984 2819 1036 terribilem
2846 985 2954 1038 reis
2974 986 3221 1039 omnibus
3241 987 3422 1053 judicii
3445 988 3611 1051 diem,

2041 1070 2083 1122 si
2127 1085 2395 1137 nunquam
2425 1069 2632 1125 confusi
2663 1072 2729 1126 de
2760 1074 2874 1140 ipso
2901 1073 3103 1143 judicio
3132 1076 3466 1130 discedentes
3491 1092 3612 1129 cum

2042 1158 2257 1212 diabolo
2295 1162 2682 1214 condemnandi
2723 1166 2886 1231 estis,
2935 1177 2991 1216 ut
3017 1181 3283 1231 nunquam
3317 1166 3481 1219 libros
3513 1166 3609 1219 hos

2043 1251 2262 1304 abolere
2290 1252 2524 1315 faciatis,
2554 1261 2644 1303 aut
2674 1252 2933 1329 rescribi,
2968 1254 3118 1319 quasi
3161 1255 3398 1320 quaedam
3436 1255 3611 1323 legen-

2045 1354 2156 1406 tes,
2189 1356 2241 1397 et
2272 1348 2422 1412 quasi
2467 1348 2708 1414 quaedam
2740 1349 3239 1415 prmtermittcntes;
3270 1352 3361 1405 sed
3396 1352 3461 1403 ita
3494 1366 3613 1405 om-

2044 1433 2129 1485 nia
2161 1433 2433 1486 vobiscum
2470 1434 2674 1505 integra
2700 1437 3007 1506 illibataque
3034 1450 3375 1506 permaneant
3407 1439 3451 1504 ί,
3479 1444 3614 1495 sicut

2043 1540 2071 1577 a
2105 1527 2258 1579 nobis
2287 1529 2470 1580 relicta
2501 1537 2647 1581 sunt.
2678 1530 2830 1594 Quod
2860 1532 2905 1583 si
2936 1541 2986 1584 te
3015 1532 3263 1585 sacerdos
3311 1533 3404 1586 Dei
3430 1574 3445 1597 ,
3490 1536 3614 1601 qui-

2043 1631 2251 1685 cunque
2297 1634 2356 1671 es
2383 1660 2397 1683 ,
2451 1619 2741 1671 Martianus
2769 1628 2794 1667 ις
2838 1631 3020 1675 noster
3062 1632 3268 1691 septem
3317 1624 3615 1692 disciplinis

2047 1705 2210 1776 538
2234 1708 2458 1771 erudiit,
2488 1707 2535 1760 id
2562 1718 2645 1761 est
2664 1750 2679 1772 ,
2712 1708 2756 1761 si
2789 1718 2839 1763 te
2869 1711 2921 1763 in
2950 1712 3311 1779 grammaticis
3337 1713 3517 1765 docuit
3542 1714 3614 1766 le-

371 1794 515 1863 gilia:
548 1794 599 1847 in
645 1810 831 1848 eormn
863 1796 1064 1849 honore
1110 1797 1532 1860 celebrarentur,
1566 1800 1721 1853 libuit
1765 1802 1946 1854 animo
1978 1813 2025 1872 Β
2053 1810 2212 1864 gere,
2248 1796 2298 1849 in
2333 1796 2623 1849 dialecticis
2652 1798 3053 1852 altercationum
3101 1800 3488 1869 propositiones
3517 1805 3613 1856 ad-

377 1885 491 1939 haec
518 1885 712 1939 iterum
757 1888 1169 1954 prmlucescente
1193 1904 1352 1943 cereo
1382 1889 1603 1943 visitare
1634 1908 1645 1942 :
1676 1906 1795 1959 qua!
1822 1891 1947 1945 dum

372 1990 400 2026 a
426 1977 577 2030 nobis
597 1986 799 2030 attente
829 1979 1259 2046 rimantur,dixit
1288 1980 1416 2033 tedis
1436 1980 1664 2033 aedituus
1685 1999 1698 2036 :
1720 1982 1812 2033 Est
1840 1984 1943 2048 hic,

378 2064 571 2131 inquit,
610 2066 743 2133 lapis
770 2071 1038 2133 opertorio
1083 2078 1275 2133 tectus,
1308 2068 1361 2122 in
1400 2085 1507 2137 quo
1534 2070 1657 2136 quid
1693 2069 1950 2123 habeatur

377 2171 600 2223 prorsus
650 2160 871 2225 ignoto,
912 2158 1007 2211 sed
1053 2175 1154 2213 nec
1206 2161 1632 2228 prmdeci-ssores
1680 2162 1949 2214 ministros

380 2248 539 2314 hujus
588 2248 845 2301 custodiae
902 2250 1040 2302 scire
1093 2251 1353 2315 comperi.
1415 2250 1656 2304 Deferam
1712 2266 1857 2314 eum,
1899 2259 1950 2304 et

377 2337 688 2389 scrtttautini
732 2337 1015 2404 diligenter
1043 2339 1168 2407 quid
1194 2339 1529 2394 colilineatur
1559 2339 1691 2393 infra
1735 2342 1950 2395 conclu-

378 2438 519 2477 sum.
552 2424 719 2490 Quem
765 2427 998 2479 delatum
1051 2431 1309 2494 reseravi,
1342 2428 1534 2493 fateor,
1575 2440 1629 2484 et
1672 2432 1848 2486 inveni
1894 2432 1949 2486 in

375 2512 480 2568 hoc
520 2515 789 2582 capsulam
834 2527 1159 2585 argenteam,
1191 2520 1243 2573 in
1290 2536 1389 2589 qua
1425 2536 1529 2574 non
1575 2523 1731 2576 modo
1779 2523 1952 2577 beatae

376 2603 604 2673 legionis
634 2606 869 2671 testium,
906 2624 1088 2661 verum
1122 2612 1281 2664 etiam
1317 2612 1602 2666 multorum
1641 2624 1947 2667 sanctorum

377 2707 485 2752 tam
514 2708 805 2768 martyrum
829 2715 985 2768 quam
1011 2705 1379 2756 confessorum
1419 2704 1656 2772 reliquis:
1683 2706 1839 2776 537
1874 2714 1953 2759 te-

378 2789 661 2843 nebantur.
695 2788 843 2845 Nacti
875 2792 1037 2845 etiam
1068 2806 1250 2846 smnus
1281 2803 1336 2847 et
1378 2795 1511 2848 alios
1542 2794 1763 2862 lapides,
1800 2797 1869 2849 ita
1897 2804 1955 2849 ut

380 2880 470 2936 hic
497 2892 632 2948 erat,
657 2898 941 2951 concavos,
971 2886 1020 2945 in
1041 2886 1233 2954 quibus
1261 2897 1568 2942 sanetomm
1592 2888 1952 2956 apostolon

378 2985 501 3028 cum
556 2974 880 3046 reliquorum
928 2986 1220 3047 martyrum
1254 2979 1476 3047 pignora
1518 2979 1950 3033 Continebantur.

382 3067 534 3135 Quod
560 3085 753 3124 munus
773 3086 873 3139 ego
888 3071 1141 3127 divinitus
1167 3073 1429 3127 indultum
1461 3073 1732 3127 admirans
1756 3084 1808 3128 et
1834 3089 1957 3144 gra-

2051 1895 2297 1951 vertere,
2334 1888 2382 1938 in
2414 1888 2692 1941 rhetoricis
2732 1904 2924 1957 genera
2970 1905 3255 1945 metrorum
3295 1907 3616 1960 agnoscere,

2051 1977 2102 2028 in
2135 1977 2472 2045 geometricis
2504 1991 2760 2031 terrarum
2808 1979 3172 2048 liuearumque
3203 1996 3477 2034 mensuras
3505 1982 3615 2035 col-

2052 2066 2245 2134 ligere,
2279 2069 2329 2118 in
2361 2068 2697 2137 astrologicis
2725 2083 2912 2122 cursus
2942 2069 3173 2123 siderum
3220 2071 3568 2139 contemplari
3595 2113 3616 2139 ,

2051 2159 2102 2211 in
2133 2158 2487 2212 arithmeticis
2513 2174 2855 2213 numerorum
2890 2168 3064 2226 partes
3095 2161 3179 2214 eol
3203 2161 3345 2230 igere
3365 2202 3378 2225 ,
3411 2164 3459 2215 in
3492 2164 3619 2217 har-

2049 2247 2245 2301 moniis
2287 2262 2539 2301 sonorum
2583 2248 2970 2302 modulationes
3015 2252 3255 2303 suavium
3299 2262 3618 2305 accentuum

2053 2336 2380 2391 carminibus
2420 2351 2786 2405 concrepare:
2820 2341 2862 2390 si
2896 2339 2947 2391 in
2977 2338 3059 2391 his
3083 2340 3329 2395 omnibus
3357 2340 3427 2394 ita
3459 2342 3622 2396 fueris

2051 2428 2404 2490 exercitatus,
2432 2436 2488 2481 ut
2510 2428 2602 2482 tibi
2629 2408 2799 2498 stylus
2826 2438 3005 2482 uoster
3033 2431 3102 2483 sit
3130 2431 3356 2485 rusticus
3374 2472 3389 2496 ,
3422 2447 3517 2486 nec
3544 2434 3623 2487 sic

2052 2531 2267 2588 quoque
2296 2518 2558 2587 deprecor
2588 2526 2646 2572 ut
2675 2520 2872 2572 avellas
2911 2534 3027 2589 quae
3060 2520 3271 2591 scripsi.
3312 2522 3414 2576 Sed
3442 2522 3487 2576 si
3528 2523 3624 2578 tibi

2054 2610 2108 2663 in
2137 2608 2222 2662 bis
2248 2609 2497 2678 quiddam
2528 2611 2821 2679 placuerit,
2847 2612 2993 2666 salvo
3019 2628 3183 2682 opere
3207 2624 3388 2669 nostro
3416 2626 3468 2670 te
3493 2616 3626 2670 scri-

2054 2704 2182 2759 bere
2208 2718 2369 2759 versu
2406 2719 2511 2759 non
2534 2703 2736 2759 abnuo.
2762 2703 2868 2759 ﬂos
2897 2714 3072 2760 autem
3105 2706 3269 2761 libros
3301 2708 3353 2760 in
3380 2722 3521 2762 anno
3546 2708 3627 2762 vi-

2053 2799 2256 2853 cesimo
2284 2797 2457 2867 primo
2483 2798 2836 2852 ordinationis
2861 2806 3056 2851 nostra:
3080 2799 3502 2868 praeseripsimus
3528 2816 3542 2853 :
3571 2807 3628 2855 et

2054 2886 2181 2943 licet
2206 2885 2313 2958 [Αι.
2344 2884 2570 2956 scilicet]
2602 2886 3046 2955 insuperioribus
3073 2886 3141 2942 de
3164 2886 3431 2957 episcopis
3460 2887 3629 2941 Turo-

2056 2978 2192 3034 nicis
2217 2977 2594 3048 scripserimus
2619 2978 2714 3051 [αι.
2738 2976 3096 3049 scripsimus],
3123 2988 3439 3032 anuotantcs
3460 2992 3628 3034 annos

2060 3085 2244 3125 eorum
2272 3108 2287 3132 .
2319 3083 2422 3123 non
2467 3080 2646 3123 tamen
2675 3070 2916 3137 sequitur
2942 3082 3004 3121 ac
3032 3077 3347 3136 supputatur
3377 3085 3630 3123 numerus

380 3160 484 3216 tias
524 3175 709 3231 agens,
743 3163 1027 3218 celebratis
1061 3164 1277 3233 vigiliis,
1302 3164 1463 3219 dictis
1503 3165 1666 3219 etiam
1697 3164 1870 3219 Missis
1902 3174 1951 3232 ο,
1983 3191 2028 3253 C
2059 3162 2381 3218 chronicalis
2411 3159 2463 3226 ιλ,
2505 3162 2627 3231 quia
2666 3162 2941 3216 intervalla
2985 3161 3389 3217 ordinationem
3425 3166 3631 3235 integre

382 3249 499 3305 bare
538 3251 587 3303 in
617 3252 847 3307 ecclesia
877 3254 1160 3308 collocavi.
1194 3254 1248 3309 In
1278 3256 1473 3310 cellula
1522 3256 1690 3309 sancti
1742 3254 1951 3310 Martini

380 3340 628 3395 ecclesiae
654 3343 753 3411 ipsi
784 3342 1052 3412 contigua,
1080 3354 1380 3399 sanctorum
1410 3344 1618 3398 Cosmte
1635 3356 1687 3398 et
1712 3344 1954 3398 Damiani

381 3442 679 3502 martyrum
710 3435 964 3502 reliquias
994 3436 1168 3500 posui.
1206 3435 1461 3489 Basilicas
1502 3434 1674 3489 sancti
1708 3434 1953 3503 Perpetui

381 3524 599 3579 adustas
624 3526 871 3580 incendio
903 3526 1253 3595 reperi,quas
1285 3531 1334 3580 in
1369 3528 1461 3580 illo
1482 3527 1657 3580 nitore
1679 3526 1763 3579 vel
1790 3526 1953 3594 pingi,

382 3618 464 3670 vel
495 3618 762 3681 exornari,
798 3628 853 3671 ut
878 3620 1023 3686 prius
1056 3618 1284 3684 fuerant,
1331 3620 1597 3671 artificum
1645 3629 1953 3672 nostrorum

380 3719 547 3775 Opere
593 3707 869 3776 imperavi.
922 3711 1295 3779 Baptisterittm
1344 3712 1408 3763 ad
1455 3710 1625 3777 ipsam
1681 3710 1952 3765 basilicam

382 3796 636 3851 tedilieari
666 3800 915 3868 praecepi,
963 3800 1013 3854 in
1047 3816 1152 3869 quo
1191 3802 1359 3855 sancti
1414 3800 1657 3867 Joannis,
1682 3815 1802 3854 cum
1831 3802 1955 3856 Ser-

381 3890 455 3961 gii
485 3892 755 3962 martyris,
787 3891 1037 3961 reliquias
1068 3892 1242 3962 posui,
1273 3902 1326 3948 et
1358 3893 1410 3946 in
1446 3893 1538 3947 illo
1578 3894 1754 3962 priore
1784 3894 1955 3963 bapti-

382 3982 548 4036 sterio
586 3984 756 4038 sancti
790 3984 1009 4052 Bcuigni
1040 3984 1290 4055 martyris
1335 3984 1555 4053 pignora
1583 3985 1951 4039 collocavi.-ln

384 4073 567 4127 multis
593 4089 720 4128 vero
765 4075 894 4129 locis
932 4074 1067 4130 infra
1094 4076 1416 4130 Turonicum
1443 4076 1750 4141 terminum,
1776 4085 1831 4130 et
1863 4092 1955 4131 ec-

382 4166 595 4231 clesias,
626 4178 678 4221 et
702 4170 936 4223 oratoria
967 4168 1228 4233 dedicavi,
1262 4179 1678 4237 sanctorumque
1720 4168 1958 4237 reliquiis

384 4255 797 4324 illustravi,qu:e
823 4273 1119 4312 memorare
1148 4274 1211 4310 cx
1239 4258 1428 4311 ordine
1459 4258 1721 4325 prolixum
1752 4258 1958 4312 censui.

455 4348 646 4404 Decem
687 4351 850 4404 libros
879 4350 1266 4411 Historiarum,
1299 4360 1503 4415 septem
1534 4350 1904 4403 Miraculorum
1931 4387 1948 4415 ,

2057 3270 2165 3309 non
2208 3252 2478 3323 potuimus
2520 3251 2773 3321 reperire.
2813 3252 2908 3305 Est
2948 3267 3075 3322 ergo
3104 3254 3280 3307 omnis
3306 3268 3509 3306 summa
3537 3270 3631 3307 an-

2062 3360 2251 3400 norum
2285 3343 2630 3398 mundialium
2664 3344 2820 3397 talis:
2852 3346 2893 3395 A
2926 3343 3185 3410 principio
3213 3358 3379 3412 usque
3400 3342 3463 3396 ad
3488 3343 3630 3397 dilu-

2056 3436 2203 3488 vium
2246 3434 2371 3490 anni
2420 3447 2708 3496 IIICCXLH;
2751 3446 2781 3485 a
2816 3432 3014 3486 diluvio
3058 3446 3227 3501 usque
3252 3432 3318 3486 ad
3350 3434 3629 3487 transitum

2061 3526 2289 3579 filiorum
2319 3524 2480 3578 lsrael
2509 3538 2603 3592 per
2633 3537 2780 3577 mare
2811 3522 3048 3576 Rubrum
3089 3524 3213 3576 anni
3256 3538 3514 3587 uccccrv;
3555 3524 3624 3578 ab

2062 3618 2163 3671 hoc
2193 3617 2353 3670 maris
2381 3614 2607 3669 transitu
2638 3628 2805 3682 usque
2845 3614 2911 3667 ad
2956 3614 3402 3669 resurrecrionem
3442 3614 3632 3669 Domi-

2062 3709 2236 3762 nicatn
2258 3748 2275 3771 ,
2306 3708 2429 3761 anni
2462 3720 2756 3773 uaxxxvm,
2786 3722 2812 3755 a
2838 3705 3227 3760 resurrectione
3250 3704 3519 3759 Dominica
3548 3721 3633 3757 us-

2062 3814 2167 3869 que
2206 3800 2271 3853 ad
2315 3798 2594 3852 transitum
2643 3797 2813 3851 saneti
2862 3796 3108 3860 Martini,
3158 3798 3283 3850 anni
3323 3812 3526 3852 ccccxtt
3555 3814 3570 3861 ;
3601 3812 3631 3851 a

2064 3893 2288 3946 transitu
2312 3892 2481 3945 sancti
2507 3890 2713 3943 Martini
2739 3904 2906 3955 usque
2927 3889 2992 3941 ad
3017 3896 3367 3943 memoratum
3390 3888 3633 3957 superius

2062 3998 2292 4049 annum,
2323 3982 2373 4035 id
2404 3990 2514 4044 est,
2544 3980 2895 4033 ordinationis
2926 3990 3121 4032 nostrm
3155 3981 3379 4045 primum
3408 3992 3457 4032 et
3486 3980 3633 4033 vice-

2062 4077 2294 4139 simum,
2347 4075 2436 4143 qui
2492 4074 2592 4127 fuit
2641 4071 2885 4143 Gregorii
2934 4086 3080 4141 papa:
3110 4072 3336 4126 Romani
3383 4071 3630 4140 quintus,

2063 4165 2449 4220 Guntchramni
2494 4163 2634 4231 regis
2684 4163 2991 4230 trigesimus
3036 4163 3268 4230 primus,
3308 4161 3631 4215 Childeberti

2057 4256 2286 4326 junioris
2315 4255 2554 4309 decimus
2584 4268 2772 4319 nonus,
2805 4254 2926 4307 anni
2954 4252 2970 4289 ί
3004 4268 3218 4307 Cvaut.
3250 4252 3485 4318 Quorum
3515 4266 3628 4306 om-

2062 4351 2144 4403 nis
2174 4363 2379 4404 summa
2409 4354 2494 4401 est
2521 4360 2781 4399 annorum
2812 4360 3226 4400 nuuuuocccxw
3254 4345 3304 4397 l.

738 4485 1036 4561 Explicit
1072 4484 1362 4543 Historia
1394 4484 1845 4543 Ecclesiastica
1881 4484 2271 4543 Francorum
2318 4481 2613 4560 Gregorii
2645 4481 2917 4558 episcopi
2945 4482 3273 4541 Turonici.

457 4613 484 4641 ι
511 4605 639 4669 Ejus
670 4604 855 4658 festum
883 4606 1075 4656 colitur
1100 4604 1185 4656 die
1216 4602 1249 4653 4
1278 4604 1521 4671 Augusti;
1556 4603 1791 4657 interfuit
1828 4619 1953 4657 con-
1987 4611 2035 4668 ι)
2063 4605 2129 4656 tis
2161 4606 2377 4657 incertae
2398 4645 2412 4667 ,
2443 4605 2508 4658 de
2539 4620 2643 4672 quo
2676 4603 2894 4658 Vossius
2925 4605 3016 4659 lib.
3048 4620 3105 4657 Ill
3137 4605 3203 4659 de
3236 4605 3507 4661 Historicis
3533 4607 3629 4662 La-

385 4675 507 4728 eilio
531 4675 700 4727 Paris.
736 4690 788 4727 ιιι
814 4691 901 4727 an.
931 4674 1053 4737 5‘57,
1087 4684 1139 4726 et
1171 4673 1380 4740 pratfuit
1412 4673 1610 4725 'furon.
1644 4689 1678 4727 ll
1707 4690 1795 4726 an.
1826 4675 1950 4731 567.

385 4745 649 4799 Laudatur
682 4762 708 4797 a
746 4746 1035 4798 Fortunato
1067 4745 1155 4796 lib.
1190 4758 1271 4799 ιιι.
1302 4757 1470 4795 carm.
1501 4745 1550 4797 4.

457 4815 481 4851 ¹ι
504 4816 641 4869 Idem
672 4825 890 4869 testatur
915 4816 1229 4867 Fortunatus
1264 4814 1414 4873 lili.x,
1445 4830 1608 4865 carm.
1633 4812 1685 4877 '2,
1716 4813 1852 4879 quod
1876 4824 1956 4867 est

387 4895 551 4941 totmn
582 4891 645 4939 de
678 4888 777 4942 hac
804 4886 1024 4939 ecclesia
1074 4902 1102 4937 a
1135 4897 1315 4935 noStro
1346 4884 1605 4946 Gregorio
1637 4895 1949 4938 restaurata.

458 4968 477 4995 ε
516 4958 829 5010 SattctOtuut
864 4958 1065 5010 sci'iret
1116 4955 1453 5026 Mauriciiret
1491 4956 1780 5013 sociorum,
1824 4969 1956 5018 quos

386 5029 517 5081 infra
552 5028 715 5080 beata:
746 5027 965 5096 legionis
1013 5037 1173 5079 testes
1209 5025 1460 5096 appellat.
1508 5026 1581 5096 De
1615 5029 1693 5075 his
1726 5028 1842 5096 fuse
1867 5039 1954 5096 ae-

387 5109 494 5148 tum
528 5106 609 5147 est
652 5098 703 5149 in
754 5093 896 5150 Actis
928 5097 1211 5166 Martyrum
1246 5095 1471 5147 sinceris
1499 5095 1564 5147 ad
1594 5109 1789 5166 allllllm
1821 5093 1943 5147 286.

387 5167 679 5220 l'lcciesiam
710 5168 844 5220 hanc
872 5185 897 5216 a
933 5165 1191 5234 Gregorio
1228 5174 1535 5218 renovatum
1568 5165 1806 5234 pluribus
1835 5166 1950 5217 lau-

385 5239 475 5292 dat
511 5237 831 5289 Fortunatus
867 5235 958 5288 lib.
992 5253 1042 5300 x,
1075 5251 1237 5289 carm.
1263 5234 1319 5287 ‘2.

454 5308 478 5343 ά
510 5307 641 5359 Cod.
671 5306 823 5357 Coll).
857 5321 929 5357 tn.
964 5316 1017 5357 et
1057 5308 1217 5357 editio
1267 5303 1419 5365 Bad.,
1454 5305 1504 5356 in
1536 5322 1637 5372 qua
1686 5305 1830 5358 valde
1860 5321 1953 5368 pu-

388 5378 599 5433 trediuis
622 5385 730 5429 erat
777 5376 959 5445 pietate
997 5376 1239 5428 virtutum
1272 5389 1361 5439 pro
1391 5391 1565 5428 eorum
1594 5377 1777 5429 virtute
1805 5375 1953 5429 dela-

387 5463 517 5504 tum.

457 5530 482 5561 ο
519 5518 668 5573 Colb.
702 5533 771 5571 m.
805 5527 859 5572 et
888 5516 1042 5581 Bad.,
1073 5523 1121 5570 et
1144 5514 1346 5585 hymnis
1374 5516 1523 5568 etiam
1551 5516 1737 5569 missis.

456 5588 479 5629 ί
516 5590 609 5643 llic
649 5588 844 5643 desinit
882 5587 1005 5641 cod.
1055 5586 1210 5640 tlolb.
1260 5601 1368 5652 m.,
1404 5601 1501 5639 nec
1546 5587 1833 5654 quidquam
1871 5593 1955 5639 est

390 5662 647 5714 Ivulsutn.
682 5659 834 5713 Unde
871 5657 1116 5712 Coiutius
1155 5671 1217 5709 ea
1259 5671 1377 5723 quae
1414 5663 1710 5711 seuuuntur
1747 5670 1776 5707 a
1816 5670 1951 5723 quo-

389 5738 526 5798 piam
558 5728 836 5798 Neoterico
863 5728 1040 5798 addita
1068 5728 1228 5779 fuisse
1257 5736 1456 5798 censet.

462 5810 484 5843 ες
525 5798 655 5849 God.
682 5797 838 5861 Reg,
869 5797 1231 5849 Μαι-ιίηἰατμιδ.
1260 5796 1362 5848 Sed
1395 5798 1477 5849 hic
1507 5794 1692 5848 alludit
1718 5794 1783 5847 ad
1815 5794 1949 5847 Mar-

393 5870 590 5922 tiattutu
622 5869 888 5923 Gztttellam
921 5882 1185 5922 auctetctu
1218 5868 1521 5931 celebrem,
1554 5866 1791 5929 quamvis
1822 5874 1948 5919 tuta-

2062 4677 2214 4730 tinis.
2248 4685 2392 4742 parte
2426 4691 2481 4728 ll.

2130 4744 2156 4781 ¹³
2190 4746 2333 4808 Bcc.,
2361 4747 2736 4797 chronicorum.
2760 4743 2961 4807 Casin.,
2985 4754 3281 4798 anuotantcs
3302 4763 3485 4812 annos,
3507 4765 3630 4810 quo-

2058 4831 2174 4867 rum
2216 4832 2316 4867 non
2357 4826 2521 4867 tamen
2569 4816 2796 4883 sequitur
2852 4815 2957 4866 hwc
3012 4818 3310 4884 supputatio
3360 4834 3628 4870 numerum

2061 4887 2421 4937 cltronicalem.

2135 4954 2150 4992 ί
2194 4956 2282 5009 Sic
2338 4955 2461 5019 licg.
2510 4967 2563 5008 et
2607 4956 2839 5016 t2ltcSn.,
2884 4956 2972 5021 qui
3015 4956 3084 5007 al.
3138 4954 3321 5020 habet,
3365 4972 3628 5012 CLxxvm.

2063 5025 2200 5078 Editi
2230 5026 2315 5077 alii
2334 5065 2347 5087 ,
2377 5040 2591 5078 ccxvui.
2623 5028 2767 5096 item,
2792 5039 2990 5085 cxvut,
3017 5025 3150 5077 forte
3174 5040 3267 5091 pro
3283 5041 3475 5080 cxcvm
3496 5067 3510 5090 ,
3536 5045 3627 5096 qui

2060 5111 2315 5149 numerus
2342 5112 2459 5146 rum
2494 5098 2596 5147 line
2628 5095 2746 5148 libri
2780 5109 2829 5145 ιν
2861 5097 3230 5148 cuncordaret.

2135 5167 2148 5215 i
2198 5165 2283 5217 Sic
2323 5165 2479 5218 iidem
2524 5166 2653 5231 Heg.
2683 5174 2735 5216 et
2763 5164 2864 5216 Gtt.
2907 5167 2973 5216 At
3024 5164 3112 5217 alii
3145 5165 3308 5227 editi,
3351 5179 3626 5220 nccculv.

2060 5235 2255 5289 Neuter
2281 5251 2531 5288 numerus
2559 5250 2678 5287 cum
2709 5234 2935 5300 singulis
2968 5237 3203 5300 partibus
3228 5236 3469 5288 collectis
3494 5252 3628 5290 con-

2060 5306 2265 5359 cordat.
2295 5304 2398 5358 Sed
2425 5314 2663 5358 nostrum
2689 5314 2770 5355 est
2795 5304 3032 5357 sinceras
3059 5319 3189 5357 is.
3218 5307 3337 5358 eod.
3371 5306 3628 5359 lectiones

2064 5377 2484 5443 repraesentare:
2530 5389 2759 5443 quonam
2798 5384 2974 5443 autem
3014 5374 3172 5427 modo
3218 5374 3330 5427 haec
3369 5391 3625 5428 annorum

2062 5442 2228 5499 series
2253 5459 2371 5497 cum
2403 5442 2634 5511 antiquis
2662 5442 2966 5512 auctoribus
2992 5454 3083 5495 aut
3120 5446 3279 5497 etiam
3324 5461 3445 5498 cum
3487 5446 3630 5512 ipso-

2062 5524 2173 5568 met
2200 5514 2460 5583 Gregorio
2483 5513 2847 5581 cumponenda
2868 5511 2946 5583 _s_it
2965 5553 2979 5573 ,
3008 5513 3175 5567 fusius
3216 5511 3626 5583 inquisiereviri

2055 5585 2236 5654 docti,
2268 5581 2526 5654 scaliger.
2557 5584 2833 5644 Petavius,
2866 5581 3177 5654 Menander,
3214 5581 3432 5638 Maauus
3456 5625 3472 5646 ,
3517 5583 3608 5637 Va

2055 5653 2244 5714 lesius,
2276 5665 2382 5708 etc.
2408 5671 2423 5717 ;
2454 5655 2546 5707 sed
2590 5668 2711 5705 eum
2756 5667 2858 5703 n0u
2901 5653 3143 5707 eamdem
3186 5656 3324 5707 viam
3368 5656 3624 5720 inierint,

2055 5724 2105 5777 iu
2138 5726 2310 5777 Varias
2341 5725 2522 5776 abiere
2551 5726 2861 5776 sententias.
2903 5721 3144 5775 Cointius
3187 5739 3311 5778 vero
3356 5726 3451 5777 has
3493 5740 3623 5790 sup-

2055 5795 2350 5863 ptllalio..e.
2369 5837 2381 5857 ,
2417 5796 2550 5845 sicut
2577 5805 2624 5844 et
2658 5808 2751 5844 eas
2781 5806 2898 5859 qua:
2925 5808 3080 5861 supra
3113 5795 3407 5859 habentur;
3427 5809 3624 5864 suppo-

2052 5864 2139 5917 siti
2166 5865 2243 5919 ias
2270 5880 2387 5918 esse
2418 5865 2708 5917 contendit.
