3966 6348
297 340 409 399 577

1318 340 1636 399 HISTORIA
1680 339 2097 397 FRANCORUM
2140 339 2553 397 EPITOSIATA.

3465 354 3567 404 D78

302 458 557 526 protinus
605 454 669 509 ad
717 455 985 509 civitatem
1028 467 1180 510 suam
1216 455 1410 525 rediit,
1443 456 1737 524 praedicens
1768 454 1882 522 ejus
1912 457 1963 515 Α
1992 454 2135 509 veris
2177 455 2436 523 perlatum
2484 455 2709 522 fuisset,
2757 456 3033 511 Nanninus
3076 458 3183 530 [ΑΙ.
3224 457 3480 532 Νειηηίυεῖ
3512 471 3568 518 ct

301 548 540 614 obitum,
574 557 630 600 ut
657 546 757 600 hoc
788 547 982 599 malum
1020 561 1124 599 non
1153 547 1379 600 videret.
1407 548 1643 599 Aiecium
1668 554 1692 580 τι
1717 546 1885 613 patri-

304 640 452 694 cium
491 638 649 705 hujus
692 636 949 691 Chronici
992 647 1139 704 gesta
1184 637 1421 692 laudant.
1479 637 1654 690 Virilis
1706 636 1885 689 habitu

307 734 611 794 tenuatus,
660 729 839 781 animo
877 728 1089 789 alacer,
1142 726 1398 781 membris
1440 735 1692 795 vegetus,
1736 725 1890 792 equis

306 818 772 887 promptissimus,
829 825 1138 887 sagittarum
1188 818 1420 885 peritus,
1468 818 1608 870 conti
1644 817 1888 885 impiger,

310 907 470 965 bellis
508 911 854 977 aptissimus,
913 910 1057 975 paais
1107 916 1348 974 captator
1389 905 1646 969 celebris,
1696 907 1892 959 nullius

308 1002 554 1055 avaritia:
586 1009 837 1064 sectator,
864 1000 1016 1053 bonis
1040 999 1233 1052 animae
1263 997 1545 1067 praeditus,
1576 997 1890 1068 iujuriarum

311 1093 758 1162 patientissimus,
785 1091 982 1145 laboris
1011 1099 1288 1160 appetens,
1311 1090 1609 1158 impavidus
1634 1090 1892 1159 periculo-

313 1200 435 1237 rum
452 1200 467 1246 ;
483 1183 655 1245 famis,
676 1181 809 1245 sitis,
831 1182 1123 1249 vigiliarum
1145 1181 1610 1244 tolerantissimus;
1629 1180 1790 1250 548
1807 1180 1891 1234 cui

314 1275 537 1327 ineunte
597 1281 754 1325 tetate
812 1272 1124 1339 prmdictum
1171 1271 1334 1339 liquet
1377 1281 1593 1339 quanta;
1645 1271 1893 1338 potentia:

314 1361 440 1416 fatis
470 1363 575 1432 ῘΑΙ.
610 1360 784 1431 factis]
812 1360 1198 1427 destinaretur,
1241 1360 1570 1429 temporibus
1606 1362 1714 1414 suis
1749 1359 1891 1413 futti-

310 1456 497 1524 risque
523 1453 874 1508 CeIebrandus
903 1450 1054 1522 (Cap.
1088 1452 1165 1519 6).
1212 1452 1336 1504 Haec
1364 1451 1701 1518 supradictus
1730 1450 1894 1504 histo.

311 1543 632 1616 riographus
644 1544 712 1597 de
723 1543 903 1597 Aiecio
920 1549 1117 1596 narrat.
1132 1542 1264 1595 Cum
1280 1542 1463 1595 inisset
1486 1550 1754 1595 certamen
1772 1555 1893 1595 cum

294 1635 544 1701 .Chunis,
562 1651 681 1708 qua:
694 1634 922 1705 gesserit
945 1634 1149 1688 Idacius
1176 1647 1287 1687 suae
1311 1631 1547 1686 historia“:
1565 1632 1724 1702 hujus
1744 1634 1888 1685 volu-

311 1728 464 1781 mine
495 1736 673 1781 narrat
696 1724 724 1763 ὶι
753 1725 904 1795 (Cap.
933 1726 1011 1794 7).
1041 1724 1170 1778 Nam
1195 1724 1279 1777 his
1301 1725 1485 1778 diebus
1507 1727 1745 1777 oratione
1764 1737 1893 1777 uxo—

313 1818 395 1870 ris
427 1830 539 1869 suae
567 1815 632 1869 ad
665 1814 847 1868 limina
880 1808 1309 1868 beatissimorum
1344 1812 1705 1880 apostolorum
1750 1813 1890 1866 Petri
1922 1809 1971 1868 B

310 1920 367 1962 et
398 1907 547 1961 Pauli
574 1907 791 1975 jejuniis
825 1915 881 1961 et
918 1903 1110 1975 vigiliis
1149 1904 1514 1970 discurrente,
1559 1905 1895 1959 interceden-

314 1999 462 2052 tibus
494 1995 773 2065 aposmlis,
803 1998 1018 2052 Aiecius
1044 2011 1075 2049 a
1104 1994 1349 2065 periculis
1386 1996 1661 2049 liberatur.
1718 1996 1892 2049 Reve-

314 2090 479 2143 latum
529 2097 610 2143 est
634 2088 839 2143 cuidam
887 2089 1137 2158 pauperi,
1188 2088 1452 2143 nuntianti
1491 2091 1669 2142 uxoris
1725 2089 1892 2143 Aiecii

313 2179 647 2234 orationibus
690 2178 853 2234 fuisse
901 2179 1186 2233 salvatum.
1245 2178 1397 2246 Quod
1449 2194 1566 2233 cum
1598 2194 1625 2231 a
1659 2194 1892 2248 paupere

314 2272 582 2341 proditum
610 2270 820 2336 fuisset,
852 2286 1055 2341 pauper
1081 2272 1318 2326 caecitate
1348 2271 1658 2341 percutitur.

385 2363 451 2418 Il.
486 2365 557 2421 De
572 2362 900 2419 Francorum
917 2379 1042 2419 vero
1066 2363 1279 2433 regibus
1309 2364 1492 2417 beatus
1516 2362 1887 2433 Hieronymus,

312 2456 407 2525 qui
430 2458 540 2523 jam
565 2456 692 2511 olim
724 2458 963 2524 fuerant,
989 2457 1203 2524 scripsit
1235 2466 1282 2510 ο.
1314 2456 1463 2522 Quod
1511 2456 1653 2524 prius
1683 2456 1891 2526 Virgilii

314 2554 490 2614 poeta:
520 2557 703 2600 narrat
753 2545 984 2601 Historia
1011 2586 1025 2610 ,
1064 2546 1329 2599 Priamum
1372 2545 1598 2614 primum
1639 2544 1891 2599 habuisse

314 2651 497 2706 regem
521 2678 535 2702 ,
573 2651 693 2690 cum
723 2636 879 2706 Troja
908 2635 1095 2690 fraude
1142 2635 1307 2690 Ulixis
1338 2646 1635 2704 caperetur,
1669 2634 1890 2689 exinde-

314 2741 419 2796 que
441 2725 608 2781 fuisse
626 2735 895 2797 egressos.
918 2726 1106 2781 Postea
1126 2725 1334 2795 Frigam
1350 2724 1600 2780 habuisse
1624 2724 1784 2796 559
1816 2738 1894 2780 re-

313 2831 473 2884 gem,
500 2816 691 2871 bifaria
740 2816 1005 2871 divisione
1050 2825 1253 2885 partem
1301 2829 1487 2869 eorum
1532 2806 1889 2869 Macedoniam

318 2908 485 2963 fuisse
510 2920 848 2977 aggressam;
887 2906 1021 2960 alios
1069 2918 1189 2959 cum
1222 2903 1376 2975 Friga
1406 2914 1625 2959 vocatos
1663 2904 1890 2975 Frigios,

316 3000 497 3052 Asiam
550 3008 933 3068 pervagantes,
983 2996 1037 3052 in
1082 2998 1259 3053 littore
1309 2998 1526 3051 Danuvii
1575 2997 1809 3052 ﬂuminis
1840 3008 1894 3053 et

317 3089 479 3144 maris
526 3090 723 3146 Oceani
768 3089 1097 3144 consedisse.
1163 3089 1349 3142 Denuo
1398 3087 1582 3141 bifaria
1631 3087 1893 3142 divisione

1991 546 2271 612 Quintinns
2302 546 2553 613 Magister
2586 555 2609 583 ο
2643 548 2866 601 militum
2890 549 3114 602 collecto
3136 549 3374 603 exercitu
3398 551 3565 604 Fran-

1990 651 2083 691 cos
2126 636 2194 690 de
2239 634 2522 690 Germania
2555 638 2845 705 ejecerunt.
2896 639 3048 704 Apud
3090 640 3467 695 Carbonariam
3495 641 3566 697 de

1994 726 2214 781 Francis
2244 734 2452 794 strages
2478 727 2616 779 titur.
2650 728 2776 781 I’ost
2800 727 3042 781 Ilciaclio
3065 737 3117 781 et
3147 729 3367 783 Joviano
3396 728 3415 767 τ
3442 746 3571 785 cum

1991 819 2230 872 exercitu
2278 818 2415 871 ultra
2467 818 2710 872 Rhenum
2744 821 3140 874 transeuntibus
3166 862 3181 888 ,
3222 821 3568 889 disponentes

1994 904 2231 959 Francos
2265 906 2330 958 ad
2361 907 2781 962 internecionem
2816 910 3133 975 perducere,
3172 918 3330 963 tanta:
3364 921 3570 981 strages

1992 1008 2057 1048 ex
2086 993 2342 1047 militibus
2384 1010 2411 1045 a
2458 995 2681 1056 Francis
2708 996 2857 1049 facta:
2903 1006 3059 1059 sunt,
3114 1008 3169 1050 ut
3199 998 3478 1053 Heraclius
3512 1009 3568 1054 et

1993 1082 2247 1137 Jovianus
2299 1084 2383 1135 vix
2420 1083 2485 1136 de
2532 1085 2720 1139 eodem
2763 1087 2943 1154 prmlio
2989 1089 3284 1155 potuissent
3317 1090 3565 1146 evadere.

1996 1172 2100 1225 Nec
2131 1172 2356 1224 ulterius
2393 1174 2654 1226 adversus
2685 1172 3394 1243 Francos‘przesumpscrunt
3423 1194 3569 1231 arma

1995 1265 2251 1330 arripere.
2284 1262 2411 1315 Post
2437 1278 2661 1331 paucum
2694 1266 2947 1328 temporis
2978 1268 3298 1334 Arhogastes
3325 1270 3570 1335 supr-rbia

1996 1353 2167 1405 elatus
2216 1353 2469 1406 adversus
2504 1354 2739 1408 Francos
2771 1370 2920 1408 arma
2959 1360 3249 1411 commovit
3273 1398 3287 1422 ,
3320 1373 3440 1412 cum
3470 1342 3572 1412 cis~

2000 1444 2119 1497 dem
2152 1443 2411 1496 diuticans
2439 1445 2610 1497 victus
2641 1444 2842 1513 effugit.

2065 1573 2151 1627 IV.
2199 1574 2385 1627 Franci
2436 1575 2681 1628 Treveris
2731 1574 3017 1629 hiemando
3077 1578 3312 1632 residere
3372 1594 3573 1647 prtesu-

1995 1675 2145 1718 munt
2183 1665 2393 1735 (Ibid.).
2448 1667 2818 1720 Valentiniano
2853 1669 3175 1736 imperatore
3214 1672 3344 1723 infra
3379 1675 3571 1740 privati

1997 1756 2210 1808 modum
2251 1757 2467 1810 redacto
2491 1798 2505 1822 ,
2546 1759 2787 1812 militaris
2818 1762 2891 1811 rei
2925 1775 3048 1813 cura
3083 1762 3301 1815 Francis
3327 1766 3571 1817 SﬂlCiiiii-

1999 1852 2096 1905 bus
2116 1852 2326 1905 tradita.
2349 1852 2534 1906 Civilia
2548 1869 2757 1922 quoque
2770 1854 2941 1907 officia
2977 1858 3314 1923 transgressi,
3333 1859 3497 1929 550
3520 1864 3572 1913 in

1998 1942 2424 2014 coniurationem
2459 1946 2768 2014 Arbogastis
2787 1951 3133 2001 sacramentis
3160 1949 3397 2005 obstricti
3426 1961 3573 2003 sunt.

1996 2034 2320 2103 Arbogastes
2367 2035 2745 2090 Marcomerem
2787 2046 2840 2090 et
2882 2036 3185 2103 Scanonem
3233 2039 3394 2092 duces
3435 2039 3573 2095 odiis

1996 2125 2291 2190 insectans,
2324 2128 2595 2180 exercitus
2627 2126 2808 2181 fraude
2842 2127 3076 2181 Francos
3104 2127 3389 2194 deceptas,
3416 2146 3573 2183 uren-

1997 2216 2204 2284 dosque
2230 2232 2349 2269 cum
2380 2216 2623 2271 decns~is
2655 2218 2823 2281 foliis,
2855 2217 3011 2270 nuda:
3050 2228 3210 2287 atque
3248 2227 3460 2272 arentes
3481 2218 3574 2272 sil-

1998 2321 2080 2361 vae
2112 2306 2426 2361 insidiantes
2449 2308 2740 2377 aggredere
2761 2349 2775 2372 ,
2808 2318 3138 2376 transgresso
3174 2307 3360 2362 Rheno
3383 2323 3575 2378 pagum

1997 2410 2152 2465 quem
2180 2394 2433 2448 Cbamavi
2461 2405 2485 2441 8
2508 2396 2765 2462 incolunt,
2796 2396 3144 2463 depOpnIatus
3168 2405 3270 2450 est.

2072 2522 2136 2577 V.
2181 2521 2379 2576 Dehinc
2426 2523 2704 2577 exstinctis
2750 2522 2973 2576 ducibus
3026 2523 3081 2578 in
3131 2524 3350 2579 Francis
3396 2526 3573 2582 denuo

2000 2626 2159 2681 reges
2208 2622 2456 2668 creantur
2502 2628 2571 2668 ex
2620 2613 2804 2667 eadem
2846 2613 3010 2682 stirpe
3056 2630 3159 2683 qua
3192 2615 3336 2683 prius
3368 2615 3573 2673 fuerant

1962 2726 1973 2739 -
2000 2700 2209 2773 (ηεαδ.

2074 2833 2158 2892 VI.
2188 2832 2387 2888 Eodem
2433 2842 2674 2903 tempore
2721 2831 2975 2887 Jovianus
3018 2845 3238 2890 ornatus
3283 2836 3457 2906 regios
3485 2853 3573 2891 as-

2000 2924 2248 2991 sumpsit.
2290 2924 2673 2977 Censtantinus
2724 2923 2900 2992 fugam
2949 2934 3160 2980 vertens
3206 2927 3406 2981 Italiam
3449 2930 3576 2983 diri«

1997 3013 2096 3084 git,
2127 3012 2305 3066 missis
2326 3028 2356 3064 a
2374 3012 2595 3067 Joviano
2614 3010 2640 3048 ιι
2660 3014 2893 3082 principe
2915 3015 3123 3070 obviam
3151 3019 3574 3085 percussoribus,

1999 3118 2159 3171 super
2191 3101 2387 3156 Mentio
2425 3100 2438 3139 ί
2478 3102 2692 3158 flumine
2716 3105 2888 3174 capite
2921 3116 3213 3160 truncatur.
3252 3108 3395 3161 Multi
3429 3110 3575 3163 nobi-

319 3178 588 3249 Ειιτοβτπη
620 3179 794 3234 media
830 3193 893 3233 εκ
925 3178 1053 3248 ίρδίε
1078 3192 1198 3247 Pars
1223 3193 1341 3231 cum
1384 3178 1683 3233 FranCione
1710 3192 1893 3232 εοτυιη
1926 3177 1970 3238 C
2002 3193 2128 3246 Iiu‘m
2155 3193 2309 3261 jussu
2336 3193 2542 3246 Ioviani
2573 3193 2711 3261 apud
2742 3196 2997 3248 Arvernis
3027 3197 3186 3264 capti,
3221 3206 3273 3250 et
3298 3213 3327 3251 a
3354 3199 3576 3255 ducibus

315 3284 441 3340 rege
473 3274 711 3341 ingressa
742 3272 858 3325 fuit.
917 3269 1018 3336 Qui
1061 3266 1328 3338 Europam
1359 3278 1742 3339 pervagantes,
1773 3284 1892 3322 cum

316 3363 575 3419 uxoribus
621 3372 677 3417 et
717 3361 902 3417 liberis
943 3362 1110 3415 Rheni
1156 3362 1323 3431 ripam
1371 3370 1742 3427 occuparunt,
1798 3374 1897 3416 uec

317 3454 503 3523 procul
541 3468 572 3508 a
618 3452 806 3507 Rheno
850 3453 1116 3511 civitatem
1162 3452 1229 3506 ad
1260 3454 1430 3506 instar
1456 3450 1632 3521 Troiae
1664 3452 1897 3505 nominis

318 3544 586 3599 aedificare
607 3544 784 3598 conati
824 3550 959 3598 sunt.
1024 3541 1266 3611 Creptum
1292 3541 1506 3612 quidem
1536 3550 1641 3605 est,
1672 3542 1767 3596 sed
1799 3545 1899 3597 ini-

318 3638 612 3708 perfectum
642 3650 777 3706 opus
805 3635 1080 3690 remansit.
1125 3634 1354 3691 Residua
1378 3650 1563 3689 eorum
1597 3648 1741 3703 pars,
1770 3650 1840 3704 qu
1860 3652 1889 3686 c

317 3743 477 3797 super
507 3726 687 3781 littore
715 3725 942 3780 Danuvii
976 3732 1336 3790 remanserat,
1368 3724 1594 3779 electum
1622 3739 1651 3778 a
1681 3740 1739 3779 se
1759 3724 1897 3778 Tur-

317 3821 439 3876 citet
471 3818 497 3856 ά
535 3819 750 3873 nomine
782 3832 955 3887 regem
976 3857 992 3884 ,
1026 3833 1121 3888 per
1147 3831 1305 3886 quem
1334 3817 1505 3871 vocati
1529 3825 1651 3870 sunt
1679 3815 1895 3881 Turchi,

318 3922 369 3967 et
415 3924 512 3979 per
558 3908 906 3965 Francionem
938 3908 1029 3962 alii
1070 3910 1239 3963 vocati
1288 3916 1411 3961 sunt
1442 3906 1670 3970 Franci,
1720 3907 1898 3962 multis

320 4016 440 4078 post
487 4002 822 4070 temporibus
860 4016 979 4056 cum
1032 3998 1258 4055 ducibus
1306 4010 1554 4055 externas
1581 3998 1899 4054 dominatio-

318 4108 417 4148 nes
445 4107 661 4161 semper
691 4101 949 4163 negantes
977 4090 1120 4164 [Ch.,
1152 4089 1435 4160 regentes].

390 4185 477 4240 Ill.
521 4183 759 4239 Francos
818 4186 1140 4253 transegisse
1198 4182 1561 4251 comperimus
1618 4197 1789 4251 usque
1832 4182 1896 4237 ad

317 4277 723 4340 Hareomerem,
749 4273 1061 4328 Sermonem
1082 4283 1134 4326 et
1160 4272 1541 4327 Genebaudum
1570 4271 1735 4327 duces
1758 4273 1897 4341 (cap.

318 4367 396 4439 9).
426 4369 561 4420 Cum
604 4366 796 4434 quibus
848 4363 1177 4433 temporibus
1230 4363 1569 4432 imperatoris
1608 4362 1899 4417 'I‘heudosii

319 4462 370 4514 in
402 4459 742 4515 Germaniam
796 4467 1226 4528 prorumpentes,
1276 4470 1442 4526 pagos
1488 4455 1895 4525 depopulantes,

2000 3281 2217 3336 Honorii
2244 3281 2534 3335 crudeliter
2566 3284 2872 3352 interempti
2902 3292 3025 3336 sunt
3053 3283 3268 3355 (lbid.).

2070 3414 2187 3469 VII.
2209 3415 2564 3468 Treverorum
2598 3413 2788 3470 civitas
2821 3415 3050 3473 factione
3080 3420 3234 3474 unius
3260 3434 3325 3475 ex
3363 3431 3577 3477 senato-

2000 3507 2169 3571 ribus,
2209 3507 2295 3561 cui
2320 3521 2515 3560 nomen
2546 3490 2735 3561 Lurius
2756 3548 2771 3571 ,
2799 3524 2829 3562 a
2860 3509 2898 3563 F
2904 3510 3078 3564 raucis
3100 3522 3249 3579 capta
3279 3521 3336 3566 et
3355 3512 3575 3570 incensa

1998 3607 2101 3653 est.
2129 3600 2261 3651 Cum
2305 3600 2493 3652 Avitus
2525 3598 2817 3664 imperator
2843 3601 3236 3655 essettluxuriaa
3265 3602 3496 3666 deditus,
3526 3614 3579 3658 et

2000 3691 2103 3746 iste
2140 3691 2334 3745 Lucius
2360 3690 2579 3744 haberet
2611 3691 2888 3745 mulierem
2921 3692 3336 3761 pulcherrimam
3364 3705 3579 3749 cuncta-

2000 3798 2148 3848 rum,
2184 3784 2391 3853 (ingens
2431 3783 2621 3835 Avitus
2665 3781 2735 3836 ob
2780 3783 3145 3837 inﬁrmitatem
3172 3785 3414 3853 corporis
3440 3785 3583 3840 lecto

1999 3889 2059 3931 se
2098 3874 2419 3943 depremere
2443 3916 2458 3939 ,
2499 3873 2657 3941 iussit
2696 3872 2761 3925 ad
2809 3887 2999 3927 omnes
3026 3876 3340 3937 senatrices,
3382 3887 3439 3928 ut
3457 3890 3581 3931 eum

1999 3969 2339 4034 requirerent
2370 3963 2419 4019 i.
2459 3963 2700 4029 Cumque
2720 3979 2853 4016 uxor
2879 3964 3111 4019 venisset
3132 3962 3303 4028 Lucii,
3334 3967 3489 4034 vique
3512 3970 3583 4020 ab

2001 4056 2158 4110 Avito
2186 4069 2445 4122 Oppressa
2471 4055 2679 4114 fuisset,
2709 4054 2758 4106 in
2781 4056 3015 4108 crastino
3044 4069 3269 4122 surgens
3309 4056 3377 4109 de
3406 4066 3581 4110 strata

2000 4146 2183 4197 Avitus
2225 4143 2364 4196 dixit
2413 4142 2477 4195 ad
2524 4141 2782 4196 Lucium:
2816 4141 3068 4196 Pu‘chras
3110 4147 3348 4199 thermas
3395 4146 3583 4212 habes,

1999 4243 2053 4288 et
2084 4232 2270 4304 frigida
2306 4233 2447 4285 lavas
2472 4230 2518 4286 κ.
2555 4232 2679 4286 Ilaac
2702 4231 3002 4301 indignante
3034 4233 3227 4299 [.01in,
3269 4250 3363 4290 sua
3394 4235 3581 4290 factio-

2000 4340 2066 4380 ne
2093 4324 2296 4392 direpta
2321 4333 2404 4378 est
2430 4323 2643 4388 civitas,
2675 4330 2730 4376 et
2757 4322 2973 4376 incensa
3005 4338 3034 4377 a
3060 4323 3297 4379 Francis.

2075 4456 2206 4512 VIII.
2232 4454 2480 4511 Castinus
2506 4457 2927 4511 domesticorum
2966 4472 3149 4512 comes
3179 4458 3575 4528 expeditionem

318 4550 476 4605 etiam
507 4550 746 4605 Coloniae
787 4557 988 4605 metuat
1019 4551 1376 4603 incusserunt.
1421 4546 1571 4615 Quod
1600 4562 1721 4603 cum
1762 4547 1897 4602 Tre-
1928 4538 1980 4597 D
2006 4549 2212 4618 accepit
2254 4563 2442 4602 cun'ra
2496 4547 2729 4603 Francos
2754 4587 2770 4612 ,
2798 4562 3000 4616 eosque
3043 4550 3296 4617 proterit,
3334 4550 3580 4608 Rhenum

387 4717 412 4745 ι
452 4707 541 4761 Sic
568 4706 735 4779 (itan,
755 4705 885 4758 Boh.
914 4715 966 4760 et
992 4705 1210 4760 Freher.
1229 4705 1426 4760 Chesn.
1458 4720 1610 4773 vero,
1643 4706 1892 4779 Agelium.

316 4779 471 4839 ειη..
506 4778 728 4840 Aetium,
756 4778 895 4844 quod
928 4787 1009 4829 est
1039 4779 1305 4844 vutgainm
1338 4792 1555 4830 nomen.

389 4848 414 4886 δ
455 4847 807 4913 Fredegarius
833 4890 847 4912 ,
879 4855 936 4899 ut
983 4847 1034 4900 in
1065 4844 1380 4914 praefatiOne
1410 4846 1603 4899 dictum
1635 4858 1737 4909 est,
1767 4846 1895 4900 Col-

316 4918 599 4973 Ieciiouem
643 4916 1029 4985 Chronicorum
1076 4920 1126 4969 in
1177 4916 1410 4985 quiniue
1456 4930 1544 4968 aut
1590 4932 1680 4970 sex
1734 4918 1895 4970 libros

316 4988 535 5042 divisam
568 4987 753 5041 edidit.
794 4982 971 5040 ‘Liher
989 4989 1174 5040 tertius
1195 4982 1281 5040 est
1303 5002 1366 5040 ex
1397 4987 1562 5039 ldatio
1583 4998 1893 5053 excerptus,

315 5059 403 5129 qui
449 5059 538 5111 hic
589 5060 853 5129 laudatur,
898 5059 1075 5129 ibique
1114 5057 1298 5110 Aetius
1331 5058 1525 5110 dicitur
1556 5060 1725 5124 primo
1754 5058 1893 5110 Atti-

316 5128 441 5192 lam,
477 5137 585 5181 tum
617 5128 1100 5193 'I‘horismundum,
1134 5140 1350 5196 accepta
1380 5130 1446 5179 ab
1476 5138 1702 5197 utroque
1734 5142 1890 5195 pecu-

315 5200 418 5263 nia,
451 5197 721 5252 fefellisse.

389 5280 411 5305 ε
454 5268 887 5341 ΙνΙίθιξοηςπιυεΑἰη
919 5269 1024 5320 vita
1057 5274 1226 5321 sant-ti
1254 5267 1580 5321 Hilarionis:
1621 5266 1767 5322 Inter
1790 5268 1892 5323 Sa-

312 5352 470 5395 xones
497 5338 685 5409 quippe
703 5338 1070 5409 «Alamannos
1097 5354 1218 5407 gens
1242 5348 1337 5402 est,
1360 5355 1461 5391 non
1483 5347 1588 5392 tam
1610 5340 1714 5409 lata
1737 5348 1890 5405 quam

312 5410 513 5471 valida,
544 5407 682 5476 apud
709 5408 998 5462 Historicos
1022 5407 1322 5476 Germania,
1348 5424 1482 5461 nunc
1510 5424 1629 5462 vero
1663 5408 1888 5461 Francia

313 5490 539 5533 vocatur.
574 5476 860 5545 i‘roconins
882 5476 1039 5530 etiam
1065 5479 1453 5533 Germanorum
1477 5481 1690 5533 nomine
1708 5480 1888 5535 'Fran-

312 5564 401 5604 cus
434 5550 628 5615 passim
656 5551 921 5619 designat.

377 5620 407 5657 α
449 5622 679 5674 Aimoin.
723 5618 816 5673 lib.
870 5632 928 5676 η.
976 5632 1093 5684 cap.
1127 5618 1182 5683 2,
1210 5634 1328 5673 eum
1362 5620 1494 5673 Boh.
1522 5659 1536 5685 ,
1568 5618 1881 5676 Torchot....

314 5689 518 5743 Torcht'.
552 5692 768 5753 Hormo,
805 5689 895 5741 lib.
928 5704 962 5751 ι,
996 5688 1200 5742 Tarcat.

384 5770 407 5797 ο
448 5762 580 5813 Bob.
606 5771 657 5813 tl
685 5759 844 5824 Cum,
873 5763 1107 5823 magis)?
1128 5760 1366 5814 militum.

2084 4704 2104 4744 ί
2152 4705 2312 4771 Editi,
2346 4703 2654 4767 Joviaiano;
2683 4704 2883 4759 etiufra
2916 4706 3079 4775 Clar.,
3112 4705 3163 4758 in
3194 4707 3369 4760 indice
3391 4709 3579 4775 capit.,

2003 4775 2297 4829 luviniano.
2330 4778 2488 4846 Bnh.,
2519 4777 2673 4838 infra,
2708 4776 2914 4846 Erectio
2940 4786 2986 4827 et
3008 4774 3286 4827 Juviniano
3306 4792 3418 4828 cum
3446 4774 3579 4846 pm-

2000 4849 2093 4899 cis.
2128 4847 2174 4900 ls
2203 4857 2283 4899 est
2309 4845 2555 4907 Jovinns,
2591 4855 2645 4897 ut
2669 4849 2827 4897 habet
2855 4845 2951 4895 Ch.
2983 4850 3078 4905 aL,
3115 4860 3248 4895 unus
3277 4860 3343 4897 ex
3375 4845 3456 4897 his
3484 4849 3577 4914 qui

2000 4917 2327 4985 temporibus
2362 4916 2579 4968 llonorti
2620 4917 2951 4985 tyrannidem
2990 4923 3407 4979 assumpsi-runt.
3458 4917 3595 4969 Fal-‘

1998 4983 2124 5039 sum
2146 4996 2228 5039 est
2249 4998 2423 5039 autem
2448 5002 2474 5037 a
2505 4985 2678 5037 Iovini
2708 4998 2884 5036 unssns
2909 4983 3317 5035 Constantinum
3341 4986 3571 5039 occisura

2001 5057 2187 5109 fuis~e.
2220 5057 2291 5109 De
2320 5058 2643 5121 Arhogaste,
2675 5053 2762 5121 qui
2785 5067 2979 5120 genere
3007 5063 3119 5105 erat
3145 5054 3385 5109 Francus
3410 5097 3425 5121 ,
3456 5062 3577 5113 v.de

2006 5127 2360 5180 Vitamsanctt
2397 5124 2683 5176 Ambrosii.

2071 5206 2095 5242 ις
2135 5198 2301 5256 Clam,
2335 5193 2530 5245 Amavi.
2563 5192 2717 5257 Bolu,
2747 5192 2947 5261 Amogi.

2070 5262 2097 5301 δ
2139 5265 2350 5319 Incaute
2380 5262 2726 5332 Fredegaiius
2758 5267 2842 5318 hic
2877 5281 2993 5333 qua:
3034 5267 3099 5320 de
3131 5264 3365 5321 Honorio
3390 5267 3573 5334 Frige-

1998 5336 2145 5390 ridus
2174 5337 2411 5405 scripsit,
2443 5334 2620 5387 tribuit
2650 5335 2860 5389 Jovinu.

2078 5406 2095 5444 ί
2140 5407 2294 5468 Βοὴ..
2322 5405 2537 5459 Mcntia.
2566 5410 2872 5471 Appellalur
2896 5406 3138 5468 Mincius,
3169 5407 3322 5475 vulgo
3350 5404 3576 5475 Mancia,

1998 5490 2093 5531 seu
2124 5476 2325 5542 Meum,
2357 5477 2521 5531 Itali-.e
2566 5476 2755 5529 ﬂuvius
2778 5520 2791 5540 ,
2821 5480 2908 5547 qui
2958 5482 3222 5530 Mantuam
3275 5476 3457 5528 urbem
3497 5476 3573 5530 al-

1996 5549 2115 5610 luit,
2142 5559 2196 5602 et
2227 5565 2275 5600 in
2312 5551 2508 5600 Padum
2544 5547 2754 5600 labitur.

2070 5624 2083 5668 I
2133 5620 2230 5671 Ch.
2265 5634 2455 5686 marg.
2478 5624 2628 5687 jussu
2656 5620 2724 5670 ad
2749 5633 2917 5669 omnes
2946 5617 3213 5668 amatrices
3239 5622 3291 5665 at
3323 5629 3435 5667 eum
3454 5615 3553 5669 vis.

1999 5699 2181 5751 taren',
2213 5691 2365 5739 irrisit.

2072 5757 2095 5794 "
2137 5761 2276 5811 Csar.
2310 5768 2361 5810 et
2396 5758 2549 5809 ηυξ...
2578 5756 2713 5808 Nam
2742 5757 2931 5825 [rigilo
2955 5758 3110 5808 lavas.
3145 5753 3331 5818 Frelt.,
3365 5755 3578 5826 frigide.
