3966 6348
423 316 488 369 79
1378 308 1436 365 S.
1476 307 1799 364 GREGORII
1844 303 2147 362 EPISCOPI
2187 300 2615 361 TURONENSIS

3537 310 3649 367 830

380 436 601 494 transit,
630 430 830 487 Gallias
856 438 1192 498 pervagatur,
1216 440 1383 495 usque
1406 422 1473 480 ad
1499 424 1783 496 Pyrenaeos
1813 439 1961 479 mon-
1991 427 2039 483 Α
2070 420 2402 490 pariterque]
2422 421 2725 489 conjuncta!
2754 422 2914 477 unum
2938 421 3209 478 effecerint
3232 424 3485 492 solidum,
3518 438 3649 482 tunc

386 535 470 579 tes
493 524 729 589 pervenit
752 530 801 573 ι.

464 613 551 667 IX.
586 612 774 666 Franci
825 611 1051 669 electum
1101 626 1131 663 a
1178 623 1235 663 se
1278 624 1480 677 regem,
1511 609 1823 674 sicutprius
1848 606 1961 660 fue-

386 714 470 757 'rat
492 744 505 766 ,
538 705 789 757 crinitum
841 703 1170 769 inquirentes
1193 701 1476 769 diligenter
1498 714 1559 752 ex
1586 712 1782 766 genere
1814 697 1961 751 Pria-

395 794 486 860 mi,
514 794 656 863 Frigi
681 833 696 858 ,
738 803 792 847 et
822 792 1130 847 Francionis
1152 833 1167 857 ,
1219 806 1380 859 super
1403 805 1461 845 se
1482 798 1706 852 creant,
1750 788 1965 841 nomine

392 882 812 941 Theudemerem
865 879 1453 956 [ALTbeodomirum]
1503 881 1665 934 filium
1697 877 1967 933 Ricbeme-

395 977 486 1040 ris,
518 978 604 1043 qui
637 977 687 1029 in
713 975 815 1029 hoc
840 974 1023 1044 prznlio
1043 1015 1058 1038 ,
1087 974 1230 1043 quod
1252 988 1414 1042 supra
1446 972 1694 1033 memini,
1719 986 1746 1022 a
1774 971 1966 1023 Roma-

393 1068 477 1118 nis
522 1067 834 1119 interfectus
876 1075 956 1119 est
1006 1064 1197 1132 (Ibid.,
1247 1073 1293 1116 et
1317 1080 1432 1132 cap.
1465 1064 1577 1128 10).
1619 1062 1969 1116 Substituitur

400 1157 539 1209 filius
568 1158 684 1225 ejus
712 1156 952 1209 Chlodeo
997 1158 1020 1191 δ
1052 1154 1106 1206 in
1156 1169 1377 1221 regnum
1406 1196 1421 1219 ,
1453 1153 1612 1223 551
1656 1152 1969 1204 utilissimus

393 1249 474 1297 vir
515 1248 564 1298 in
598 1256 756 1314 gente
781 1262 896 1308 sua,
932 1248 1020 1314 qui
1051 1246 1189 1313 apud
1211 1245 1502 1313 Esbargem
1528 1257 1762 1298 castrum
1800 1255 1821 1283 ο
1848 1245 1974 1297 resi-

395 1336 573 1397 debat,
603 1336 742 1404 quod
784 1346 866 1390 est
908 1339 959 1388 in
1007 1337 1235 1389 termino
1264 1336 1678 1401 Theringorum.
1732 1335 1970 1401 Burgun-

395 1424 586 1477 diones
618 1441 827 1494 quoque
861 1427 1174 1479 Arianorum
1204 1437 1346 1479 secta
1380 1426 1687 1485 utebantur,
1726 1426 1973 1477 sedentes

396 1514 451 1567 in
484 1514 789 1581 Cisalpinis.
838 1514 1073 1567 Chlodeo
1112 1514 1287 1566 missis
1313 1514 1742 1582 exploratoribus
1791 1513 1854 1565 ad
1888 1528 1974 1564 ur-

398 1603 518 1655 bem
547 1602 894 1657 Camaracum
919 1645 933 1669 ,
966 1604 1292 1672 perlustrans
1329 1603 1537 1668 omnia,
1565 1606 1681 1671 ipse
1713 1604 1968 1669 sequitur,

399 1694 665 1748 Romanos
708 1697 958 1761 proterit,
1009 1696 1275 1749 civitatem
1324 1697 1495 1764 capit;
1540 1705 1593 1749 et
1642 1694 1763 1747 inde
1808 1707 1973 1761 usque

2075 524 2298 565 securus
2326 512 2548 577 patriam
2580 512 2738 581 552
2774 513 3072 580 repedabis.
3115 512 3451 570 Cbildericus
3493 515 3650 571 habi-

2068 608 2188 653 tans
2218 600 2269 653 in
2304 600 2590 669 Tboringia
2632 600 2769 668 apud
2803 616 2980 670 regem
3013 603 3246 656 Bisinum
3269 642 3285 667 ,
3322 620 3649 674 uxoremque

2064 689 2181 759 ejus
2214 690 2462 743 Basinam
2484 700 2508 734 β
2534 691 2705 743 latuit.
2734 691 2922 745 Franci
2947 702 3069 747 tunc
3100 694 3366 763 Aigidium
3397 691 3426 731 ιι
3457 696 3655 750 unani-

2066 782 2225 835 miter
2252 797 2429 850 regem
2459 782 2781 846 adsciscunt.
2823 777 3142 841 Wiomadus
3189 788 3392 841 amicus
3430 787 3648 842 Cbilde—

2070 872 2167 925 rici
2224 872 2542 941 subregulus
2588 874 2655 927 ab
2710 873 2923 943 .Egidio
2979 876 3200 932 Francis
3255 879 3543 933 instituitur
3596 880 3641 944 ί,

2069 967 2289 1034 ejusque
2313 967 2537 1021 consilio
2578 982 2764 1022 omnes
2814 968 3047 1023 Francos
3087 972 3309 1038 singulis
3349 973 3524 1024 aureis
3561 975 3649 1025 tri-

2078 1060 2300 1112 butavit.
2378 1058 2454 1111 Illi
2509 1058 2908 1125 acquiescentes
2970 1061 3341 1128 impleverunt.
3404 1062 3650 1131 Dixitque

2071 1149 2261 1201 iterum
2294 1147 2365 1227 ad
2395 1136 2664 1215 AEgidium
2702 1148 3052 1203 Wiomadus:
3085 1151 3227 1203 Gens
3268 1150 3379 1202 hare
3426 1150 3651 1204 durissi-

2072 1252 2180 1301 ma,
2210 1253 2327 1305 qua:
2358 1237 2484 1289 mihi
2516 1238 2579 1289 ad
2609 1239 2866 1305 agendum
2893 1239 3117 1303 jll5>i~ii,
3148 1256 3326 1305 parum
3354 1241 3647 1293 attributnti

2074 1337 2222 1380 sunt.
2250 1327 2506 1396 Superbia
2535 1329 2784 1391 saeviunt;
2811 1327 2937 1396 jubc
2961 1336 3017 1379 ut
3045 1338 3222 1382 ternos
3249 1329 3449 1382 solidos
3482 1330 3652 1381 tribu-

2075 1430 2270 1472 tentur.
2341 1418 2490 1483 Quod
2560 1435 2678 1473 cum
2730 1420 2922 1472 factum
2974 1422 3198 1481 fuisset,
3247 1424 3650 1489 acquicseentes

2072 1507 2263 1562 Franci
2311 1509 2603 1562 dixerunt:
2649 1510 2834 1564 Melius
2877 1510 3029 1563 nobis
3072 1520 3153 1563 est
3211 1522 3391 1564 ternos
3440 1511 3649 1565 solidos

2074 1599 2501 1669 tributa‘solvere
2526 1642 2539 1664 ,
2590 1615 2749 1668 quam
2786 1614 2904 1653 eum
2935 1598 3238 1653 Cbilderico
3279 1601 3647 1668 gravissimam

2073 1690 2235 1743 vitam
2258 1691 2474 1744 ducere.
2520 1690 2833 1743 Wiomadus
2862 1690 3050 1743 iterum
3080 1693 3142 1742 ad
3168 1691 3437 1759 IEgidium
3465 1691 3597 1745 dicit
3625 1707 3644 1746 :

396 1786 672 1840 Sumiuam
706 1786 917 1839 ﬂuvium
958 1788 1253 1855 oet-upavit.
1305 1786 1431 1840 llaec
1459 1787 1735 1854 generatio
1780 1784 1971 1845 fanati-
2001 1774 2046 1832 B
2075 1782 2325 1835 Rcbelles
2356 1782 2592 1835 existunt
2624 1780 2712 1835 tibi
2741 1782 2963 1844 Franci;
2996 1782 3095 1834 nisi
3128 1783 3441 1850 przeceperis
3480 1798 3541 1836 ex
3564 1784 3643 1837 eis

396 1874 473 1927 eis
497 1873 679 1927 usibus
707 1876 844 1927 culta
868 1882 971 1928 est.
1014 1874 1205 1928 Fertur
1231 1889 1391 1942 super
1420 1874 1599 1927 littore
1623 1872 1785 1927 maris
1811 1882 1968 1924 testa-

396 1967 463 2017 tis
489 1975 727 2032 tempore
755 1964 1062 2018 Chlodeone
1093 1963 1267 2034 [Bolt.,
1299 1955 1612 2032 Cblodevei]
1654 1978 1771 2015 cum
1806 1977 1971 2017 uxore

396 2055 675 2109 resedente
723 2054 979 2115 meridie,
1026 2068 1160 2106 uxor
1203 2054 1266 2107 ad
1319 2069 1463 2106 mare
1497 2055 1721 2105 lavatum
1750 2053 1967 2115 vadens,

400 2154 628 2217 terretur
673 2160 702 2197 a
748 2145 916 2199 bestia
949 2142 976 2181 ά
1009 2146 1233 2213 l\'eptuni
1263 2188 1276 2210 ,
1323 2145 1411 2213 qui
1460 2144 1756 2197 Minotauro
1783 2142 1971 2195 similis

401 2251 520 2289 eam
574 2237 883 2304 appetisset.
952 2234 1193 2303 Cumque
1231 2235 1285 2287 in
1334 2235 1585 2288 continuo
1631 2242 1719 2284 aut
1750 2247 1777 2283 a
1804 2231 1969 2285 bestia

398 2337 489 2380 aut
513 2343 542 2380 a
574 2329 690 2381 viro
723 2326 907 2381 fuisset
938 2336 985 2398 θ,
1014 2327 1278 2393 concepit,
1306 2338 1368 2379 ac
1396 2324 1602 2392 peperit
1635 2322 1799 2376 filium
1820 2364 1834 2385 ,
1861 2322 1973 2376 Me-

399 2426 621 2469 roveum
676 2416 925 2480 nomine,
985 2430 1014 2469 a
1062 2430 1168 2485 quo
1214 2430 1369 2485 reges
1419 2414 1743 2469 Francorum
1786 2421 1969 2483 postea

400 2505 705 2574 Merovingii
739 2517 1014 2559 vocantur.

477 2597 543 2649 Χ.
574 2596 763 2651 Avitus
792 2597 1084 2667 imperator
1126 2597 1428 2652 luxuriosus
1463 2597 1602 2665 apud
1650 2596 1969 2651 Placentiam

401 2689 585 2742 urbem
607 2690 887 2757 episcOpus
909 2690 1202 2754 ordinatur,
1221 2698 1275 2742 et
1303 2698 1418 2755 post
1432 2689 1497 2742 ad
1524 2689 1801 2743 ecclesiam
1819 2687 1972 2743 fsan-

400 2781 468 2831 eti
500 2779 692 2832 Juliani
723 2780 928 2847 fugiens
956 2779 1114 2831 vitam
1136 2778 1313 2833 amisit
1331 2768 1478 2848 (Cap.
1507 2776 1616 2847 Η).

472 2868 560 2921 XI.
593 2868 925 2923 Cbildericus
955 2882 1087 2923 vero
1119 2868 1257 2922 filius
1286 2868 1510 2922 Merovei
1538 2882 1657 2922 cum
1680 2868 1973 2922 successis-

400 2964 484 3010 δίει
528 2953 661 3024 patri
707 2957 760 3010 in
812 2972 995 3026 regno,
1044 2956 1205 3010 nimia
1252 2956 1455 3010 luxuria
1486 2956 1807 3024 dissolutus,
1839 2956 1972 3010 tilias

401 3045 730 3100 Francorum
772 3054 956 3115 stupro
997 3046 1217 3099 tradidit
1251 3043 1418 3116 (Cap.
1466 3044 1586 3115 12).
1639 3045 1718 3099 illi
1748 3060 1874 3100 vero
1902 3043 1973 3101 ob

2077 1873 2333 1939 plurimos
2360 1872 2585 1948 iugulari
2613 1914 2626 1934 ,
2677 1888 2859 1927 eerqu
2906 1873 3211 1939 superbiam
3264 1888 3368 1928 non
3410 1872 3637 1943 mitigas.

2074 1963 2285 2015 Eiectos
2310 1977 2337 2013 a
2372 1961 2653 2015 Wiomadu
2681 1975 2891 2016 centum
2924 1962 3134 2016 inuti3es
3163 1972 3217 2015 et
3259 1964 3309 2015 iu
3356 1964 3644 2017 necessita-

2076 2052 2211 2103 tibus
2242 2050 2563 2118 incongruos
2596 2048 2610 2099 i
2667 2051 2731 2103 ad
2779 2047 3051 2120 Egidinm
3082 2052 3306 2117 direxit,
3337 2068 3470 2122 quos
3493 2053 3644 2123 Egi-

2073 2142 2192 2194 dius
2214 2140 2437 2193 consilio
2481 2140 2745 2194 Wiomadi
2784 2156 2911 2194 usus
2957 2142 3257 2197 interficere
3284 2144 3463 2212 jussit.
3489 2143 3641 2200 Wio—

2072 2228 2260 2282 madus
2305 2229 2439 2283 dixit
2478 2230 2737 2283 secretius
2775 2230 2839 2283 ad
2888 2230 3159 2284 Francos:
3210 2231 3324 2285 Non
3363 2233 3640 2288 sufficiunt

2072 2320 2268 2373 tributa
2293 2335 2411 2388 qua:
2452 2321 2695 2374 solvitis?
2742 2321 2985 2388 Quandiu
3016 2322 3114 2376 hoc
3140 2323 3333 2377 malum
3375 2327 3642 2382 sustinere

2074 2410 2234 2462 vultis
2262 2450 2276 2474 ,
2309 2419 2366 2462 ut
2400 2419 2646 2479 parentes
2686 2413 2848 2465 vestri
2897 2414 3036 2468 sicut
3072 2428 3261 2482 peoora
3289 2416 3641 2485 jugulentur!

2074 2499 2227 2554 Tunc
2269 2500 2462 2554 Franci
2508 2501 2826 2556 unanimiter
2862 2497 3152 2559 dixerunt:
3196 2504 3251 2561 Si
3281 2505 3640 2563 Cbildericum

2022 2608 2025 2609 ν
2074 2590 2378 2658 ubicunque
2408 2594 2762 2661 potuissemus
2793 2594 3047 2663 reperire,
3080 2596 3306 2650 libenter
3334 2612 3454 2651 eum
3477 2611 3643 2666 super

2074 2699 2171 2737 nos
2196 2683 2560 2753 reciperemus
2582 2684 2647 2738 ad
2675 2701 2875 2755 regem,
2907 2687 3123 2741 forsitan
3147 2703 3240 2757 per
3264 2690 3435 2756 ipsum
3458 2690 3525 2744 de
3558 2692 3642 2747 bis

2074 2774 2454 2830 afﬂictionibus
2482 2776 2832 2844 eriperemur.
2890 2778 3040 2833 Tunc
3071 2780 3379 2835 Wiomadus
3402 2774 3643 2851 protinus

2073 2865 2140 2920 ad
2165 2863 2438 2936 Egidium
2474 2867 2710 2933 vadens,
2737 2869 2904 2924 dixit:
2944 2869 3097 2926 Modo
3126 2880 3207 2925 est
3243 2888 3378 2942 gens
3407 2874 3643 2931 Franco-

2073 2969 2189 3008 rum
2240 2965 2344 3009 tute
2387 2955 2685 3023 disciplinae
2732 2958 3049 3026 perdomita.
3130 2961 3376 3032 Dansque
3413 2965 3641 3037 eidem}K

2074 3045 2358 3101 consilium
2410 3047 2614 3117 legatos
2661 3047 2726 3101 ad
2770 3049 3076 3104 Mauricium
3111 3052 3481 3121 imperatorem
3510 3056 3642 3111 diri-

402 3135 507 3190 boc
531 3136 866 3205 indignantes
892 3178 906 3197 .
947 3151 1070 3191 eum
1101 3137 1167 3191 de
1191 3151 1355 3207 regno
1386 3135 1627 3206 ejiciunt.
1655 3136 1971 3193 Wiomadus
1999 3137 2044 3199 C
2074 3154 2224 3208 gere,
2253 3151 2549 3209 gentesque
2575 3142 2806 3205 vicinas,
2832 3143 2875 3195 si
2909 3153 3123 3210 posset,
3154 3146 3449 3210 attrahere,
3479 3159 3537 3202 ut
3558 3149 3644 3209 vel

401 3228 637 3283 Francus
681 3228 1021 3282 ﬁdelissimus
1060 3230 1270 3283 ezeteris
1311 3228 1632 3292 Cbilderico,
1684 3228 1772 3297 qui
1822 3244 1962 3291 eum,

403 3335 523 3373 cum
554 3334 581 3372 a
612 3319 816 3373 Chunis
845 3336 963 3373 cum
1006 3329 1175 3375 matre
1202 3321 1447 3388 captivus
1486 3318 1793 3382 duceretur,
1820 3319 1967 3388 iuga-

400 3412 532 3464 citer
560 3411 902 3466 liberaverat.
958 3410 1053 3466 Hic
1100 3412 1368 3467 inventum
1415 3427 1577 3466 unum
1605 3426 1822 3466 aureum
1847 3427 1967 3465 cum

401 3503 701 3557 Cbilderico
727 3503 992 3568 dividens,
1015 3504 1140 3557 dum
1173 3513 1421 3559 cerneret
1449 3503 1593 3572 quod
1622 3518 1742 3558 eum
1780 3503 1966 3558 Franci

401 3592 701 3647 interﬁcere
736 3605 1091 3658 cenarentur,
1136 3593 1274 3646 dixit
1320 3595 1407 3647 ei:
1455 3592 1598 3660 Fuge
1635 3592 1687 3645 in
1736 3592 1968 3645 Thoriu-

402 3683 568 3752 giam,
602 3686 746 3738 latita
770 3686 1151 3754 aliquantulum
1179 3686 1269 3739 ibi.
1296 3685 1353 3739 Si
1378 3685 1467 3738 tibi
1490 3692 1712 3753 potuero
1737 3684 1970 3740 Francos

402 3776 637 3842 placare.
669 3778 825 3830 istum
855 3791 1074 3829 aureum
1115 3775 1347 3828 medium
1393 3775 1484 3827 tibi
1512 3776 1577 3828 ad
1608 3776 1815 3840 signum
1846 3776 1975 3830 diri.

401 3881 553 3936 gam;
586 3878 637 3921 et
668 3869 712 3920 si
742 3884 847 3919 non
873 3878 1115 3935 potuero,
1155 3867 1456 3933 ubicunque
1486 3881 1768 3935 aggressus
1790 3867 1969 3933 fueris,

405 3959 535 4011 tuibi
576 3968 753 4012 notam
796 3956 960 4010 facias
1005 3957 1141 4009 viam
1188 3971 1349 4011 tuam.
1397 3957 1619 4021 Quando
1648 3957 1859 4025 quidem
1879 3972 1976 4025 po.

405 4050 576 4115 tu‘ero,
610 4058 662 4103 et
690 4050 844 4102 istam
873 4054 1078 4115 partem
1111 4048 1201 4101 tibi
1232 4047 1510 4112 direxere,
1547 4055 1827 4115 partesque
1853 4047 1972 4118 [Clu

476 4211 499 4238 α
545 4202 667 4255 llzec
711 4199 777 4252 de
825 4199 1081 4255 Stilicone
1111 4199 1398 4267 Gregorius
1428 4200 1518 4252 lib.
1553 4216 1635 4266 ιχ,
1672 4214 1791 4267 cap.
1823 4200 1878 4262 2,
1909 4216 1972 4256 ex

404 4272 592 4326 Orosio
621 4280 1025 4339 commemorat,
1059 4286 1176 4339 (pta:
1212 4273 1419 4323 incaute
1449 4270 1686 4333 Castino,
1715 4272 1837 4336 Cb.,
1870 4270 1976 4323 (ἐα-

405 4344 556 4407 szino,
582 4342 649 4394 de
680 4356 784 4406 quo
816 4333 971 4406 paulo
1001 4333 1246 4409 Superius
1276 4342 1486 4393 dixerat
1512 4333 1832 4410 Gregorius,
1857 4341 1974 4395 Fre-

405 4414 649 4478 degarius
678 4410 934 4461 attribuit.

2074 3231 2453 3299 quinquaginta
2491 3230 2653 3284 millia
2686 3231 2975 3284 solidorum
3003 3233 3071 3288 ab
3113 3234 3433 3303 imperatore
3465 3235 3482 3273 ¹
3516 3238 3644 3295 diri-

2069 3332 2338 3390 gerentur,
2371 3335 2476 3389 quo
2500 3322 2672 3389 potius
2697 3331 2882 3391 gentes
2902 3332 3121 3392 accepto
3148 3326 3197 3378 in
3223 3340 3443 3382 munere
3471 3343 3528 3383 se
3557 3330 3630 3383 im

2076 3411 2226 3481 perio
2268 3409 2615 3477 subiicerent.
2670 3410 2990 3478 Addensque
3037 3414 3173 3467 dixit
3211 3415 3277 3469 ad
3302 3416 3460 3487 553
3480 3432 3646 3473 eum:

2072 3502 2443 3567 Aliquantulos
2476 3499 2679 3554 solidos
2721 3510 2823 3554 tua:
2861 3502 3124 3557 instantia:
3172 3502 3347 3559 locum
3377 3506 3650 3574 accipiens

2074 3591 2320 3654 militavi,
2345 3605 2543 3663 parum
2571 3604 2759 3645 servus
2777 3598 2897 3645 tuus
2926 3603 3202 3661 argentum
3233 3595 3423 3650 habeo.
3477 3595 3653 3651 Vole-

2079 3683 2199 3736 bam
2228 3697 2351 3736 cum
2403 3682 2504 3735 tuis
2557 3681 2745 3751 legatis
2791 3696 3009 3752 puerum
3035 3684 3266 3754 dirigere
3293 3726 3308 3752 ,
3360 3695 3415 3739 ut
3456 3686 3651 3743 melius

2075 3772 2540 3841 Constantinopoli
2569 3774 2697 3826 mihi
2730 3786 3008 3845 argentum
3039 3787 3317 3831 mercarct.
3376 3779 3531 3838 Tune
3550 3794 3651 3833 ae-

2081 3866 2254 3932 eeptis
2278 3867 2342 3917 ab
2375 3866 2587 3935 {Egidio
2612 3865 2911 3934 quingentis
2942 3868 2995 3920 in
3026 3885 3244 3924 munere
3279 3873 3488 3937 aureis,
3513 3888 3651 3942 quos

2076 3956 2140 4008 ad
2166 3958 2265 4008 hoc
2292 3971 2424 4022 Opus
2456 3957 2737 4010 emendum
2789 3959 3211 4026 transmitteret,
3250 3962 3393 4016 misit
3425 3978 3651 4031 puerum

2080 4044 2419 4101 creditarium
2467 4046 2565 4101 sibi
2610 4061 2729 4101 cum
2766 4050 2938 4102 media
2970 4059 3119 4117 parte
3145 4051 3290 4105 aurei
3338 4067 3493 4119 quem
3524 4067 3653 4109 cum

2079 4203 2399 4256 haberentur
2424 4202 2561 4269 apud
2590 4202 2807 4270 populos
2834 4203 3024 4268 pretio.
3056 4203 3125 4255 At
3153 4203 3341 4256 falsam
3367 4219 3488 4258 esse
3511 4204 3651 4258 hanc

2080 4275 2176 4326 viri
2208 4274 2399 4325 eruditi
2426 4271 2783 4340 conjecturam
2823 4288 2888 4325 ex
2919 4288 2983 4325 eo
3009 4282 3183 4340 patet,
3216 4274 3355 4342 quod
3386 4276 3469 4326 hic
3496 4274 3651 4328 locus

2081 4345 2286 4409 integer
2318 4344 2570 4396 habeatur
2595 4343 2647 4394 iu
2680 4343 2797 4395 eod.
2823 4344 3256 4406 Claromoutano,
3280 4346 3367 4411 qui
3395 4347 3462 4396 ab
3491 4347 3651 4399 annis

2083 4412 2227 4466 mille
2258 4414 2356 4465 sub
2392 4413 2561 4480 prima
2593 4428 2774 4481 regum
2814 4421 3114 4465 nostrorum
3160 4414 3325 4481 stirpe
3353 4413 3653 4483 descriptus

473 4480 500 4519 δ
540 4485 630 4556 Sic
656 4480 1088 4556 Cla-r.,'aliamtim
1127 4494 1157 4530 n
1189 4494 1369 4556 manu,
1405 4488 1458 4530 et
1486 4479 1701 4556 quidem
1718 4480 1968 4556 antiqua,
2000 4498 2052 4556 ι)
2083 4495 2184 4556 est.

404 4551 596 4617 aliquis
653 4549 864 4617 scripsit
934 4548 1231 4600 Clodoveus.
1279 4549 1366 4600 Sic
1408 4558 1461 4599 et
1509 4549 1664 4602 habet
1711 4548 1841 4602 Cnn.
1883 4554 1969 4601 At.

406 4616 538 4671 Bob.
570 4629 614 4670 et
658 4619 795 4684 ﬁlms
819 4616 1085 4668 Chloreus.
1121 4617 1246 4680 Alii,
1273 4616 1825 4685 ('lilogio.Gtcgorius,
1852 4634 1968 4686 eap.

404 4692 458 4752 tl,
489 4689 553 4742 de
581 4688 949 4743 Theodemere
982 4697 1031 4738 ct
1076 4688 1367 4739 Cblorlione
1395 4692 1501 4755 agit
1529 4728 1543 4750 ,
1588 4690 1682 4740 sed
1714 4704 1971 4756 nusquam

403 4758 619 4823 scripsit
643 4757 991 4813 Cblodionem
1025 4759 1187 4815 fuisse
1231 4757 1612 4809 Theouemeris
1642 4759 1827 4810 lilimn.
1877 4759 1969 4810 Ai-

404 4831 615 4882 moinus
639 4840 693 4884 et
726 4829 922 4880 liorico
970 4827 1345 4880 Marenmeretu
1390 4827 1583 4879 Priami
1618 4830 1776 4880 tilium
1811 4829 1974 4882 fuisse

402 4901 586 4963 aiunt,
646 4911 699 4953 et
746 4913 809 4951 ex
859 4897 1189 4950 Marcomere
1219 4896 1651 4951 anramundnm
1688 4898 1971 4965 pFOdtiSre,

404 4971 488 5023 cui
536 4971 587 5022 in
636 4984 813 5036 regem
858 4971 1028 5021 electo
1056 5008 1071 5031 ,
1119 4981 1171 5019 et
1219 4977 1397 5034 pestea
1447 4967 1718 5033 defuncto,
1751 4971 1975 5022 Cltlodio

406 5038 573 5106 ipsius
603 5040 739 5091 (ilius
768 5039 1041 5090 successit.

480 5118 503 5146 ε
550 5108 672 5170 Ed.,
706 5106 1033 5176 Hespergem.
1072 5107 1171 5159 Alii
1201 5121 1319 5176 euut
1354 5109 1655 5176 Attouytuo.
1690 5108 1972 5172 Ruricone,

411 5187 459 5260 et
486 5179 733 5232 Aimoino
762 5174 1169 5246 Dispargum....
1208 5174 1405 5230 Omnes
1436 5174 1629 5233 habent
1669 5180 1805 5232 inira
1838 5179 1976 5231 Tho-

401 5263 681 5302 rmaorum.

539 5318 707 5378 Clar.,
743 5315 1039 5368 Lavandum
1083 5317 1269 5369 vadens
1306 5316 1468 5370 bestia
1512 5317 1745 5385 Neptuni
1792 5319 1973 5387 quina-

406 5391 537 5443 tauri
568 5387 766 5440 similis.

476 5468 500 5496 ⁸
543 5459 699 5522 Boh.,
723 5466 984 5524 concepta,
1006 5458 1223 5526 peperit.
1246 5456 1469 5515 Chesn..
1499 5458 1737 5509 continua
1761 5473 1792 5509 a
1818 5457 1976 5511 bestia

405 5538 538 5581 tacta
566 5531 760 5594 fuisset.
796 5527 941 5579 llanc
977 5543 1134 5595 porro
1176 5527 1530 5578 narrationem
1585 5527 1650 5578 ab
1690 5530 1975 5592 Interpola-

407 5609 521 5651 tore
551 5599 783 5652 additam
816 5598 979 5649 fuisse
1009 5606 1192 5649 censet
1229 5596 1468 5647 Cnintius
1507 5595 1573 5647 ad
1618 5611 1813 5647 annum
1849 5599 1972 5661 4:16,

410 5669 564 5735 idque
593 5670 691 5721 sub
721 5666 981 5719 Carolittis
1007 5666 1355 5729 principibus,
1384 5674 1439 5716 ut
1468 5666 1809 5731 Merovingici
1842 5667 1978 5731 prin-

408 5739 570 5804 cipes,
608 5736 773 5790 inouit
813 5737 901 5788 ille
925 5778 939 5802 ,
973 5737 1061 5802 qui
1106 5750 1135 5785 c
1186 5749 1345 5803 regno
1370 5735 1692 5799 exciderant,
1723 5735 1772 5788 in
1801 5738 1973 5789 viliori

2156 4552 2174 4589 ί
2220 4552 2377 4614 Bob.,
2410 4551 2685 4621 Basilicam
2704 4591 2719 4613 ,
2747 4561 2799 4603 ct
2828 4552 2904 4604 sic
2929 4566 3045 4604 eam
3076 4552 3294 4605 inferius
3322 4553 3574 4621 appellat.

2149 4632 2172 4669 Β
2210 4622 2378 4691 Cl.ir.,
2422 4620 2705 4691 Bysinum,
2736 4630 2789 4674 et
2821 4622 2952 4674 infra
3000 4627 3164 4675 semel
3192 4620 3456 4691 Bysinain.
3490 4624 3649 4687 Βοὴ..

2078 4693 2225 4745 latuit
2246 4690 2481 4743 Francis.
2517 4690 2675 4742 Tunc.

2149 4759 2172 4797 ιι
2215 4761 2381 4831 Clara,
2418 4760 2638 4831 Ejeiutn,
2672 4767 2725 4812 ct
2764 4760 2896 4812 infra
2940 4774 3151 4831 semper
3193 4759 3406 4831 Ejegius
3432 4762 3650 4816 dicitur.

2076 4831 2208 4884 Altis
2234 4829 2464 4898 Egidtus.
2501 4830 2656 4889 Boh.,
2688 4840 2743 4882 ut
2771 4832 3075 4897 plurimum,
3107 4829 3303 4883 Eicius.

2155 4902 2171 4936 ί
2217 4902 2306 4954 Sic
2332 4901 2496 4961 C.ar.,
2527 4912 2579 4951 at
2607 4898 2770 4961 editi,
2807 4899 3106 4951 Viomadum
3133 4902 3346 4953 iunicum
3373 4899 3652 4956 Cliilderici

2078 4972 2401 5040 subregulum
2451 4971 2511 5021 ab
2560 4968 2776 5036 .Egidio
2832 4972 3014 5021 iterum
3071 4968 3262 5023 Franci
3303 4975 3626 5025 instituerunt

2082 5043 2238 5093 Deest
2259 5042 2440 5091 iterum
2473 5040 2523 5091 in
2546 5042 2696 5100 (iatn,
2729 5053 2776 5090 at
2811 5040 3006 5092 t.ltesn.
3039 5041 3105 5091 al.
3139 5042 3652 5099 etAitttoiu..Wino-

2016 5166 2019 5167 ν
2078 5116 2307 5181 nitidum.
2344 5112 2499 5172 Bult.,
2531 5109 2984 5162 Wtdomadum....
3016 5114 3104 5160 sub
3131 5113 3319 5180 regulis
3342 5115 3404 5163 ab
3429 5111 3648 5181 ngidio

2080 5178 2271 5231 Franci
2304 5180 2693 5232 instituerunt...
2724 5181 2949 5248 singulos
2971 5194 3183 5250 aureus._

2154 5250 2167 5298 i
2216 5250 2305 5319 Sic
2326 5250 2472 5302 Clar.
2505 5258 2558 5301 rt
2594 5250 2723 5319 Bob.
2760 5250 2899 5302 Editi
2932 5263 3088 5312 vero,
3119 5250 3334 5305 utiles...
3371 5266 3646 5319 congruos.

2152 5319 2175 5355 ¹ί
2216 5317 2359 5372 Clar.
2402 5332 2453 5371 et
2502 5318 2687 5381 Freh.,
2734 5319 2862 5371 dans
2901 5319 3152 5387 idemque.
3202 5317 3653 5387 Cbes.,dansque

2080 5390 2282 5443 eisdem.
2310 5387 2509 5442 Canisii
2534 5388 2817 5441 lectionem
2863 5388 3154 5459 sequimur.
3181 5389 3473 5444 Marcianus
3496 5401 3647 5459 tunc,

2081 5471 2171 5512 aut
2201 5472 2347 5511 certe
2384 5460 2489 5510 Leo
2515 5461 2630 5525 ejus
2662 5472 2939 5511 succcssm
2965 5455 3070 5510 Cl’.
3104 5460 3389 5527 regnabat;
3418 5464 3469 5514 in
3495 5455 3645 5515 Ueni;

2080 5530 2237 5582 dente
2266 5543 2391 5581 vero
2438 5527 2726 5594 Majul'iattu
2761 5565 2774 5578 .
2830 5530 3157 5580 Alterutrum
3207 5530 3292 5582 hic
3342 5531 3649 5586 Mauriciutu

2080 5599 2310 5669 appellat
2341 5596 2707 5669 Fretlegaritts.
2762 5598 2891 5649 Nam
2944 5597 3224 5652 Mauricius
3264 5600 3393 5669 imp.
3431 5602 3528 5655 sub
3555 5616 3654 5658 εει

2082 5667 2182 5721 culi
2208 5683 2356 5733 seqq.
2386 5667 2537 5717 iittcm
2573 5666 2722 5722 visit.

2159 5735 2170 5773 ¹
2224 5736 2465 5802 Ft'cltcr.,
2499 5738 2564 5787 ad
2594 5738 2965 5803 intperatorem.
