3966 6348
236 349 336 405 581

1230 339 1548 401 HISTORIA
1594 341 2019 397 FRANCUt‘tUM
2061 341 2395 398 EI‘ITONAl
2422 350 2477 394 ἢ.

3394 341 3500 405 5.32

232 460 541 516 (Ihilderico
583 462 875 524 diviserat,
923 460 1212 514 sacrellum
1267 466 1483 527 penum
1532 460 1815 526 plumbeis,
1846 460 1894 518 Α
1921 454 1989 511 de
2022 467 2194 511 stratu
2216 456 2354 511 dixit
2381 458 2571 509 Basma
2606 455 2670 507 ad
2703 453 3057 511 Childertcutu
3087 476 3098 509 :
3129 460 3256 525 Qua
3277 458 3505 517 visibilis

232 567 375 618 quos
402 567 534 618 puer
560 566 662 621 pro
690 551 876 604 solidis
899 566 1080 604 secum
1110 558 1368 617 portaret.
1400 551 1685 616 Comperto
1709 548 1820 617 jant

232 638 594 693 Childericum
621 638 1087 706 Constantinopoli
1129 651 1281 702 esse,
1311 652 1430 689 cum
1462 630 1653 705 legatus
1673 635 1823 704 Egi-

236 730 315 783 dii
345 745 477 798 puer
505 731 816 802 aggreditur
845 732 927 783 his
956 730 1136 784 verbis
1182 731 1502 794 instructus,
1532 738 1589 781 ut
1621 729 1825 796 legatos

236 822 605 889 praecederet,
641 830 701 875 et
729 820 1031 876 Cbilderico
1055 820 1295 888 protinus
1323 820 1620 883 nuntiaret,
1653 820 1824 886 prius-

237 927 400 980 quam
444 912 597 981 legati
648 915 699 967 io
751 921 1100 981 conspectum
1163 913 1503 982 imperatoris
1557 913 1820 980 venirent,

242 1004 387 1071 quod
435 1004 677 1074 Egidius
726 1006 816 1074 qui
864 1006 1060 1059 tributa
1110 1007 1334 1074 publicis
1362 1006 1569 1060 :erariis
1614 1006 1827 1060 solvere

242 1097 499 1159 debebat,
521 1097 714 1152 tributa
742 1098 1051 1166 imperatori
1081 1099 1335 1151 solvenda
1353 1108 1640 1166 quaereret.
1668 1097 1825 1164 Quod

241 1204 369 1243 cum
418 1190 750 1244 Childericus
811 1191 1066 1244 Mauricio
1140 1193 1445 1256 imperatori
1496 1191 1824 1255 tmntiasst't,

243 1280 486 1347 repletur
533 1280 711 1336 furore
740 1289 796 1335 et
837 1282 1233 1350 indignatione,
1290 1298 1409 1335 cum
1441 1282 1595 1350 legati
1627 1280 1825 1351 IEgidii

240 1371 290 1424 ei
318 1373 624 1440 praesentati
666 1372 925 1437 fuissent,
968 1373 1050 1425 his
1080 1376 1256 1427 verbis
1281 1384 1647 1444 suggerentes,
1676 1376 1829 1442 jubet

241 1476 338 1513 eos
392 1463 588 1515 retrudi
647 1463 698 1516 in
738 1477 1031 1518 carcerem.
1086 1464 1332 1533 Dixitque
1389 1466 1720 1520 Cbildericus
1761 1466 1826 1518 ad

242 1550 556 1605 Mauricium
589 1552 965 1621 imperatorem
998 1569 1015 1607 :
1050 1554 1185 1609 .lnbc
1211 1571 1294 1609 me
1322 1570 1533 1609 servum
1563 1566 1707 1609 tuum
1751 1557 1830 1609 ire

244 1642 299 1694 in
344 1640 565 1695 Gallias.
619 1642 731 1713 Ego
796 1643 1033 1697 furorem
1085 1644 1465 1713 indignationis
1525 1655 1628 1699 tua:
1672 1660 1832 1713 super

247 1729 468 1801 (Egidio
500 1733 745 1786 ulciscar.
782 1734 960 1787 Multis
994 1736 1302 1789 muneribus
1331 1749 1360 1787 a
1394 1736 1649 1789 Mauricio
1682 1736 1832 1789 Chil-

1928 553 2007 597 ter
2035 548 2233 607 vidisti,
2263 551 2482 598 veritate
2504 544 2819 599 subsistunt.
2853 545 2977 598 Ilaec
3008 547 3496 615 interpretationem

1927 634 2147 688 habent.
2165 635 2419 688 Nascetur
2443 638 2545 687 noh
2568 649 2593 687 s
2613 636 2749 688 libus
2773 636 3077 691 fortitudine
3101 639 3266 691 leonis
3290 640 3497 705 signum

1927 736 1982 779 et
2010 727 2176 779 instar
2205 735 2426 789 tem-ns;
2462 726 2552 778 lilii
2586 742 2713 779 vero
2743 724 2859 795 ejus
2890 728 3118 793 leopardi
3148 736 3203 781 et
3229 730 3499 783 uuieornis

1929 816 2244 872 fortitudine
2277 819 2481 887 signum
2515 829 2712 873 tenent.
2738 820 2937 873 Deinde
2964 831 3282 888 generantur
3306 838 3369 875 ex
3396 823 3501 876 illis

1927 911 2016 979 qui
2050 912 2189 964 ursis
2223 920 2277 964 ct
2309 911 2445 978 lupis
2474 910 2835 965 fortitudinem
2868 922 2921 965 et
2949 907 3287 966 v'oracitatem
3316 930 3499 968 eorum

1928 1000 2257 1053 sitnilabttnt.
2294 1001 2355 1053 Et
2395 1002 2551 1052 tertio
2594 1017 2711 1067 qua:
2742 1001 2915 1053 vidisti
2960 1005 3023 1053 ad
3065 1002 3385 1072 discessum,
3414 1021 3503 1056 co-

1929 1090 2125 1143 lumna:
2172 1092 2318 1159 regni
2366 1091 2518 1158 hujus
2561 1102 2733 1152 erunt,
2764 1092 2852 1160 qui
2897 1098 3187 1161 reguaiount
3223 1096 3287 1147 ad
3342 1100 3504 1148 instar

1928 1195 2142 1243 canum,
2175 1192 2229 1234 et
2277 1182 2572 1233 minoribus
2622 1183 2801 1235 bestiis
2843 1199 3026 1234 evrum
3072 1185 3361 1237 consimilis
3402 1191 3500 1238 erit

1930 1270 2205 1324 fortitudo.
2243 1271 2469 1324 I‘luritas
2520 1283 2692 1325 autem
2739 1274 2998 1326 minorum
3050 1277 3359 1339 bestiarum,
3389 1294 3501 1343 qua

1876 1374 1891 1388 ο
1930 1358 1998 1412 ab
2028 1360 2256 1413 invicem
2290 1361 2635 1413 detrahentes
2665 1362 3004 1426 volutabant,
3042 1366 3261 1427 ponttlos
3291 1367 3405 1418 sine
3439 1366 3506 1418 ti-

1930 1466 2080 1503 more
2134 1450 2426 1519 principum
2488 1452 2556 1504 ab
2619 1453 2842 1504 invicem
2893 1454 3175 1505 vastandos
3219 1456 3506 1524 signiﬁcat.

1930 1539 2185 1608 Concepit
2233 1540 2453 1604 Basina,
2482 1552 2535 1593 rt
2567 1542 2769 1609 peperit
2800 1542 2959 1595 ﬁlittm
2983 1585 2995 1605 ,
3028 1544 3241 1597 nomine
3279 1544 3508 1598 Cblode—

1930 1644 2108 1683 veum.
2134 1630 2227 1682 llic
2249 1631 2346 1683 fuit
2370 1618 2593 1699 magnus
2618 1640 2670 1683 et
2697 1641 2955 1700 pugnator
2975 1635 3315 1702 egregius,ad
3342 1636 3509 1689 instar

1936 1721 2104 1773 leon‘s
2136 1721 2458 1774 fortissimus
2501 1724 2708 1776 ueteris
2751 1724 2982 1791 regibus.
3011 1724 3345 1779 Cltildericus
3386 1742 3507 1781 cum

247 1823 463 1875 dericus
492 1823 691 1877 ditatus
713 1863 726 1886 ,
772 1834 958 1877 evecttt
992 1826 1165 1878 navali
1198 1826 1484 1879 revertitur
1516 1829 1566 1880 in
1608 1826 1827 1881 Callias.

1943 1810 2217 1867 Ddouacro
2250 1828 2374 1881 rege
2407 1814 2741 1865 Saxonerum
2776 1814 3073 1867 Aurelianis
3106 1830 3370 1882 pugnans,
3399 1819 3508 1869 An-

248 1913 419 1979 Quetn
449 1928 568 1968 cum
602 1914 911 1969 Wiomadus
945 1917 1221 1972 nuntiante
1253 1933 1417 1986 puero
1453 1920 1821 1985 comperisset,

243 2015 425 2057 castro
454 2006 620 2058 Barro
647 2016 670 2041 «³
703 2006 767 2059 ad
812 2004 983 2075 ipsum
1017 2006 1180 2074 venit,
1219 2018 1273 2061 et
1312 2024 1338 2060 a
1364 2009 1713 2063 Barrensibus
1746 2025 1828 2062 re-

243 2105 432 2163 ceptus
452 2106 551 2152 est.
603 2096 801 2150 Eorum
838 2113 1026 2153 omnes
1054 2101 1257 2153 reditus
1285 2101 1523 2169 publicos
1556 2116 1650 2170 pro
1677 2100 1828 2156 initio

245 2186 574 2253 receptionis
595 2187 823 2240 consilio
852 2186 1124 2243 Wiomadi
1156 2190 1381 2260 benigne
1404 2192 1692 2247 concessit.
1727 2192 1829 2247 De—

248 2281 376 2333 inde
424 2282 493 2334 ab
536 2282 783 2336 omnibus
841 2282 1062 2338 Francis
1116 2284 1491 2339 resublimatur
1549 2287 1599 2339 in
1643 2299 1826 2354 regno,

248 2379 519 2448 multaque
567 2379 749 2447 praelia
794 2395 914 2434 cum
956 2379 1172 2450 [Egidio
1216 2381 1342 2450 egit.
1410 2382 1597 2436 Plures
1623 2391 1829 2451 strages

248 2470 315 2525 ab
346 2472 463 2539 ipso
485 2471 635 2525 facta:
661 2479 785 2525 sunt
811 2471 861 2523 in
892 2470 1169 2525 Romanis.

320 2565 434 2618 XII.
486 2564 673 2617 Basina
720 2580 838 2633 qua!
899 2564 1129 2618 Ilisinum
1189 2579 1368 2634 regem
1428 2563 1480 2618 in
1532 2564 1827 2629 Thoringia

249 2658 482 2726 jugalent
508 2655 754 2721 habebat,
776 2671 894 2710 cum
918 2655 1155 2710 audisset
1177 2656 1534 2711 Childericum
1560 2670 1588 2710 a
1616 2655 1832 2712 Francis

251 2749 305 2800 in
330 2763 495 2815 regno
518 2746 878 2811 sublimatum,
896 2761 1057 2800 cursu
1079 2745 1243 2801 veloci
1268 2745 1575 2815 relinquens
1599 2746 1833 2799 Bisinum

250 2842 315 2893 ad
364 2838 721 2893 tLhildet-icnm
774 2839 982 2894 transiit
1032 2838 1191 2911 (Cap.
1236 2839 1355 2908 η).
1396 2837 1494 2905 Qui
1547 2853 1665 2892 cum
1716 2852 1834 2891 eam

256 2931 490 2984 sollicite
520 2930 904 2998 interrogasset
942 2944 1043 2997 qua
1077 2927 1143 2981 de
1194 2942 1353 2981 causa
1385 2928 1451 2980 ad
1480 2941 1599 2981 eum
1630 2925 1697 2979 de
1729 2936 1833 2980 tam

252 3022 411 3087 longe
441 3021 694 3083 veniSset,
720 3017 1062 3085 respondisse
1090 3017 1256 3070 fertur
1286 3034 1299 3069 :
1330 3016 1483 3081 Novi,
1509 3014 1701 3083 inquit,
1732 3012 1834 3069 uti-

256 3112 460 3165 litatem
485 3120 647 3174 tuam,
669 3110 808 3177 quod
838 3109 911 3162 sis
939 3108 1092 3162 valde
1117 3116 1396 3171 strenuus;
1422 3104 1585 3178 55ﬁI
1611 3104 1835 3174 ideoque

1930 1904 2191 1970 degabum
2244 1905 2412 1957 victor
2463 1907 2715 1970 perrexit.
2769 1906 2972 1959 Mortuo
3023 1906 3264 1976 IEgidio,
3299 1908 3509 1977 reliquit

1933 1997 2122 2059 litium,
2154 1996 2435 2065 Syagrium
2469 1998 2679 2051 nomine
2713 1997 2858 2065 (Cap.
2898 1998 3007 2068 l8).
3040 1999 3238 2053 Eodem
3274 2012 3510 2070 tempore

1932 2086 2194 2141 Brittones
2235 2090 2303 2141 de
2348 2089 2582 2141 Betorica
2629 2088 2735 2159 [ΑΙ.
2770 2089 3019 2161 Biturica]
3050 2106 3077 2142 a
3109 2091 3267 2162 555
3300 2092 3510 2149 Cottbis

1932 2178 2161 2247 expulsi,
2192 2180 2343 2232 tnulti
2373 2180 2511 2246 apud
2545 2179 2824 2233 Doiensem
2857 2192 2878 2218 ε
2911 2186 3167 2250 perempti
3198 2193 3339 2237 sunt.
3369 2184 3508 2239 Pau-

1933 2268 2015 2321 lus
2044 2283 2228 2322 comes
2268 2283 2387 2321 cum
2435 2269 2687 2322 Romanis
2718 2282 2769 2323 et
2804 2271 3022 2327 Francis
3056 2272 3251 2326 bellmn
3295 2274 3507 2329 Gouhis

1931 2358 2126 2415 intulit.
2148 2368 2204 2413 et
2225 2360 2431 2427 przmlas
2457 2360 2581 2428 egit.
2602 2357 2931 2414 Childericus
2955 2363 3233 2417 Otlouacro
3259 2375 3509 2433 superato

1939 2449 2156 2502 Paulum
2179 2450 2427 2503 comitem
2460 2450 2753 2515 interfecit,
2777 2452 3071 2521 Andegavis
3098 2456 3324 2509 obtinuit
3355 2456 3504 2527 (Cap.

1936 2538 2045 2607 I9).
2078 2540 2169 2592 His
2200 2539 2355 2606 actis,
2381 2539 2513 2594 inter
2547 2540 2786 2593 Saxones
2816 2552 2867 2594 et
2898 2542 3162 2597 Romanos
3193 2545 3386 2599 bellum
3416 2562 3509 2616 ge-

1935 2637 2079 2682 stum
2109 2638 2212 2683 est.
2247 2630 2485 2684 Saxones
2516 2640 2659 2700 terga
2693 2642 2983 2692 vertentes.
3009 2634 3186 2688 multis
3211 2652 3274 2689 ex
3306 2639 3384 2691 eis
3410 2654 3511 2692 ex-

1936 2721 2164 2783 stinctis,
2190 2721 2378 2774 insula:
2399 2719 2425 2756 ἀ
2457 2735 2666 2786 eorum,
2689 2736 2807 2775 cum
2843 2723 3008 2777 ιιιιιΙιο
3037 2725 3230 2793 populo
3257 2726 3511 2782 interem-

1937 2822 2048 2881 pto,
2073 2828 2101 2863 a
2132 2810 2350 2866 Francis
2379 2821 2548 2879 capta:
2578 2822 2736 2881 atque
2762 2813 3031 2869 subversa:
3060 2822 3222 2871 sunt.’

2010 2911 2147 2965 XIII.
2179 2913 2299 2981 Ipso
2323 2927 2465 2967 anno
2499 2922 2836 2969 terraetuotus
2888 2916 3003 2970 fuit.
3038 2919 3256 2975 Eoricus
3287 2921 3508 2979 Gottlto-

1937 3020 2052 3059 rum
2101 3018 2195 3058 rex
2241 3006 2454 3061 decimo
2497 3017 2689 3074 quarto
2734 3008 2878 3077 regni
2921 3012 3001 3064 sui
3050 3025 3189 3067 anno
3233 3015 3516 3074 ecclesiam

1938 3095 2108 3150 sancti
2154 3096 2349 3152 Juliani
2403 3097 2613 3152 Brivate
2662 3098 2925 3153 columnis
2986 3113 3233 3157 ornatam
3290 3107 3515 3163 miriﬁce

254 3202 378 3255 veni
403 3199 703 3255 ntbabitem
728 3197 991 3252 teeum.Si
1012 3197 1277 3250 utiliorem
1300 3197 1397 3249 sub
1413 3199 1551 3250 caelo
1573 3197 1791 3251 scissem
1811 3236 1826 3262 ,
1856 3184 1905 3247 C
1937 3188 2235 3241 construxit
2265 3198 2310 3241 ο.
2353 3187 2603 3257 Regnans
2645 3189 2863 3244 Eoricus
2920 3205 3089 3247 annos
3124 3193 3309 3264 viginti
3341 3196 3513 3268 (Cap.

254 3296 320 3346 ad
344 3293 589 3348 eumdem
610 3291 953 3360 expetissem.
969 3292 1136 3357 Quam
1159 3289 1494 3344 Cbildericus
1514 3290 1839 3359 gaudens,et

256 3386 482 3451 diligens
508 3385 743 3450 ejusdem
780 3382 1245 3451 pulchritudinem,
1269 3382 1321 3435 in
1350 3382 1598 3451 conjugio
1624 3382 1837 3451 copula-

265 3478 358 3529 vit.
386 3474 518 3530 Cum
553 3476 719 3544 prima
752 3485 907 3528 necte
938 3474 1128 3543 iugiter
1159 3483 1327 3527 stratu
1351 3473 1683 3542 iunxissent,
1710 3474 1839 3528 dicit

259 3566 321 3619 ad
348 3581 469 3620 eum
493 3565 685 3618 mulier
710 3584 722 3616 :
750 3564 855 3617 Ilac
878 3571 1031 3617 nocte
1054 3579 1079 3614 a
1106 3562 1246 3617 coitu
1272 3562 1404 3617 vitili
1431 3564 1836 3619 abstinebimus.

260 3656 433 3725 Surge
477 3655 765 3719 secretius,
796 3662 852 3709 et
889 3656 1030 3723 quod
1058 3654 1254 3707 videris
1292 3663 1416 3707 ante
1445 3655 1594 3707 aulas
1626 3654 1834 3724 palatii,

261 3750 407 3803 dices
435 3748 641 3801 ancilla:
669 3758 789 3800 tua).
809 3747 1062 3815 Cumque’
1077 3745 1417 3807 surrexisset,
1438 3746 1569 3801 vidit
1595 3746 1840 3801 similitu-

260 3839 438 3891 dinem
482 3837 767 3890 bestiarum
799 3834 826 3872 δ
861 3835 1057 3898 leonis,
1088 3835 1360 3887 unicornis
1393 3844 1447 3888 ct
1476 3836 1709 3905 Ieopirdi
1740 3837 1835 3891 de-

266 3928 674 3981 anthnlantittm.
693 3926 1062 3994 Ileversusque
1086 3925 1222 3978 dixit
1245 3926 1451 3981 mulieri
1475 3944 1591 3996 qua:
1616 3928 1838 3985 viderat.

264 4019 401 4072 Dicit
438 4017 503 4070 ad
544 4032 663 4070 eum
707 4018 895 4070 mulier
941 4034 956 4070 :
1003 4015 1225 4069 Domine
1271 4017 1363 4083 mi,
1399 4019 1533 4071 vade
1564 4019 1754 4083 denuo,
1789 4030 1843 4075 et

264 4112 404 4181 quod
438 4110 633 4163 videris
664 4125 815 4162 narra
848 4108 1055 4161 ancilla:
1101 4118 1222 4161 tute.
1257 4109 1348 4163 Ille
1366 4124 1513 4177 “vero
1552 4125 1670 4163 cum
1714 4110 1842 4165 foris

264 4206 501 4267 abisset,
526 4202 655 4255 vidit
687 4201 883 4254 bestias
913 4202 1262 4256 similitudine
1296 4203 1405 4255 ursi
1434 4212 1488 4255 ct
1523 4204 1626 4273 lupi
1658 4205 1836 4259 deam-

266 4294 779 4348 bulantes.Narrans
814 4304 865 4347 et
904 4294 1013 4346 ll'J‘C
1047 4292 1563 4361 tnulieri,cotnpellit
1587 4311 1707 4349 eum
1734 4306 1843 4351 ter-

267 4390 340 4439 tio
372 4396 425 4439 ut
456 4386 579 4447 iret,
609 4394 662 4437 ct
688 4385 827 4452 quod
857 4384 1067 4437 videbat
1099 4385 1385 4438 nuutiaret.
1417 4383 1656 4453 Cumque
1684 4389 1843 4441 tertio

265 4477 496 4541 exisset,
531 4476 663 4527 vidit
702 4474 896 4527 bestias
940 4476 1170 4527 minores
1215 4475 1556 4529 similitudine
1598 4478 1745 4530 cauis
1790 4487 1843 4531 et

1941 3276 2055 3345 ρο).

2014 3376 2148 3432 XIV.
2181 3378 2236 3432 In
2271 3378 2572 3448 Burgundio
2603 3379 2762 3434 nimia
2794 3382 2944 3436 famis
2973 3384 3251 3452 Oppressio
3294 3387 3511 3445 advenit

1944 3470 2097 3541 (Cap.
2125 3469 2239 3541 24).
2264 3470 2507 3541 Cumque
2539 3474 2760 3540 populus
2790 3490 2817 3525 a
2850 3472 2991 3529 fame
3020 3475 3246 3533 diversis
3271 3480 3516 3547 regioni-

1943 3561 2041 3615 bus
2068 3562 2482 3632 dispergeretur,
2503 3578 2598 3617 nec
2618 3566 2758 3619 esset
2782 3566 2867 3632 qui
2897 3566 3197 3622 alimoniam
3221 3572 3515 3639 praeberet;

1944 3652 2184 3708 Edicius
2213 3654 2228 3691 ί
2261 3654 2473 3723 quidam
2505 3670 2570 3709 ex
2603 3656 2936 3709 senatoribus
2967 3673 3207 3726 magnam
3242 3670 3365 3717 tunc
3397 3650 3511 3719 rem

1944 3742 1996 3796 in
2042 3742 2149 3797 Deo
2203 3743 2391 3797 fecisse
2437 3745 2762 3811 perhibetur.
2800 3746 2940 3799 Misit
2983 3762 3176 3816 pueros
3220 3765 3346 3805 suos
3393 3768 3516 3809 cum

1940 3832 2209 3900 equitibus
2250 3834 2340 3904 [id
2369 3843 2441 3886 est
2469 3818 2654 3905 cquis]
2694 3844 2747 3887 et
2781 3836 3025 3899 plaustris
3057 3854 3153 3903 per
3179 3840 3376 3896 vicinas
3420 3845 3517 3904 sibi

1944 3922 2223 3989 civitates;
2259 3932 2316 3977 ttt
2345 3938 2437 3977 eos
2464 3942 2549 3992 qui
2586 3926 2756 3993 inopia
2788 3929 3112 3982 vexabantur
3140 3931 3239 3985 sibi
3281 3934 3517 3991 adduce-

1945 4027 2083 4069 rent.
2114 4014 2346 4070 Cunctos
2377 4031 2634 4084 pauperes
2664 4032 2796 4085 quos
2826 4020 3063 4073 invenire
3092 4033 3392 4089 potuerunt,
3423 4027 3518 4080 ad-

1947 4108 2214 4160 duxerunt
2242 4106 2305 4159 ad
2335 4108 2551 4161 domum
2586 4112 2735 4174 ejus,
2768 4110 2942 4175 ibique
2972 4126 3063 4164 eos
3097 4123 3334 4181 tempore
3362 4118 3519 4170 steri-

1947 4202 2110 4254 litatis
2132 4214 2353 4268 pascens
2379 4216 2406 4252 a
2437 4202 2572 4253 fame
2603 4201 2864 4254 liberavit.
2884 4202 3218 4272 Fueruutque
3242 4206 3514 4275 plusquam

1947 4300 2175 4361 quatuor
2218 4290 2377 4343 millia
2401 4333 2414 4354 ,
2448 4296 2581 4357 quos
2615 4290 2745 4342 aluit
2777 4305 2941 4358 usque
2974 4300 3210 4359 tempore
3239 4295 3514 4355 ubertatis.

1949 4392 2070 4451 post
2097 4397 2320 4450 quorum
2354 4382 2643 4435 discessum
2677 4397 2777 4433 vox
2808 4398 2838 4435 e
2869 4383 3019 4437 caalis
3063 4386 3205 4451 lapsa
3246 4390 3516 4457 pervenit,

1949 4473 2130 4527 dicens
2158 4471 2370 4525 [Edicio
2397 4490 2407 4525 :
2438 4474 2566 4538 Quia
2599 4470 2771 4525 fecisti
2806 4472 2939 4527 hanc
2970 4490 3103 4542 rem,
3126 4476 3215 4529 tibi
3248 4488 3300 4532 et
3328 4483 3519 4536 semini

266 4570 533 4621 minorum
569 4566 855 4619 bestiarum
888 4565 955 4617 ab
983 4566 1210 4620 invicem
1243 4567 1633 4622 detrahentium
1666 4579 1718 4622 et
1746 4584 1837 4621 vo-
1871 4557 1925 4617 D
1950 4575 2037 4618 tuo
2089 4564 2239 4632 panis
2287 4578 2387 4616 nun
2438 4563 2693 4632 indigebit
2742 4564 2793 4617 in
2843 4567 3246 4634 sempiternum.
3280 4570 3521 4628 IEdicius

238 4659 577 4711 .lutautium.
604 4658 839 4725 Cumque
873 4658 1079 4709 Basinae
1112 4659 1224 4710 haec
1254 4658 1506 4712 universa
1549 4670 1837 4724 narrasset,

264 4750 595 4803 abstinentes
638 4762 696 4801 se
737 4759 882 4800 caste
927 4762 1095 4816 usque
1126 4747 1175 4800 in
1207 4747 1530 4815 crastinum,
1562 4762 1841 4817 surgentes

339 4933 365 4960 ι
400 4922 511 4974 Non
537 4937 696 4973 unum
727 4931 807 4974 est
827 4920 984 4989 hujus
1014 4922 1243 4975 nominis
1265 4924 1690 4991 castrum,vulgo
1715 4924 1837 4989 Bar,

267 4993 332 5045 de
360 5010 467 5059 quo
497 4992 584 5044 hic
620 4993 765 5044 locus
798 4993 1017 5055 intelligi
1046 4993 1378 5059 possit.'I‘am
1408 4996 1549 5046 enim
1580 4995 1743 5047 Barro
1769 4996 1834 5048 ad

264 5065 477 5125 Albam,
503 5078 657 5129 quam
692 5063 853 5114 Barro
881 5064 944 5113 ad
975 5061 1272 5129 Sequanam
1303 5076 1607 5131 competere
1641 5074 1832 5127 potest.

269 5134 492 5185 [lat-rum
521 5132 696 5195 Ducis,
726 5132 862 5200 quod
898 5148 1034 5184 nunc
1062 5134 1268 5186 videtur
1297 5135 1506 5186 caeteris
1537 5134 1802 5189 celebrans
1821 5177 1835 5200 ,

267 5214 396 5255 tunc
440 5204 691 5270 temporis
732 5202 964 5255 nondum
1006 5214 1367 5255 constructum
1401 5204 1563 5257 fuisse
1599 5205 1837 5258 Valesius

266 5282 438 5341 putat.
458 5275 524 5325 At
547 5289 665 5325 cum
697 5274 810 5339 pagi
847 5273 1118 5341 Barrensiv
1146 5274 1343 5326 mentio
1366 5276 1429 5326 sit
1460 5278 1526 5325 ab
1556 5276 1706 5326 anuis
1730 5281 1838 5329 tere

277 5345 427 5395 mille
474 5347 524 5395 in
568 5353 881 5396 testamento
923 5340 1189 5396 Wolfaudi
1234 5343 1442 5396 comitis
1488 5359 1581 5410 pro
1623 5346 1835 5398 conditu

266 5413 578 5467 monasterii
607 5414 774 5467 sancti
804 5413 1073 5465 Micltat-lts
1106 5414 1155 5464 itt
1188 5430 1312 5475 agro
1343 5413 1679 5475 Virduucnsi,
1704 5424 1758 5468 et
1787 5418 1837 5469 in

264 5486 386 5536 aliis
422 5483 536 5549 ejus
568 5483 664 5534 aevi
697 5484 1070 5546 monumentis,
1103 5484 1272 5535 locum
1308 5484 1443 5537 hunc
1466 5482 1572 5551 jam
1607 5496 1727 5537 tunc
1758 5500 1846 5539 cc—

266 5554 474 5607 lebrem
510 5554 670 5605 fuisse
700 5553 1027 5619 oportuit,nt
1061 5569 1189 5617 pago
1216 5559 1518 5621 cognomini
1550 5570 1739 5607 nomen
1768 5558 1848 5607 iu-

265 5624 481 5687 diderit,
507 5625 593 5686 qui
622 5624 841 5691 proinde
865 5626 947 5675 hic
974 5624 1197 5687 potuerit
1225 5625 1511 5691 designari,
1532 5626 1653 5678 licet
1678 5641 1846 5679 serius

273 5696 498 5745 Burrum
533 5694 686 5744 υυυεε
716 5691 1137 5762 cognoznittatth.

339 5762 368 5801 ³⁵
428 5764 556 5817 Istas
611 5763 839 5816 visiones
895 5764 961 5816 ab
1018 5764 1393 5819 ιιιείτινιιιίιυιῡ
1444 5764 1645 5816 additas
1702 5775 1847 5829 putat

1949 4660 2099 4713 mine
2132 4658 2427 4713 velocitatis
2460 4659 2589 4721 fuit,
2624 4658 2862 4724 pluribus
2892 4659 3094 4713 ViClbUS
3126 4663 3515 4719 multitudinem

1906 4822 1919 4835 Δ
1951 4748 2266 4805 Cotthorum
2299 4766 2417 4803 cum
2450 4750 2708 4818 paueis'in
2738 4748 2912 4817 fugam
2942 4752 3223 4806 convertit.
3257 4754 3467 4809 Evatrix
3491 4764 3518 4802 ε

1949 4925 2210 4995 Cointius.
2243 4925 2339 4985 At,
2369 4931 2522 4988 prout
2560 4922 2663 4991 jam
2709 4922 3105 4976 observavimus
3148 4923 3213 4976 ad
3262 4935 3418 4992 caput
3448 4927 3511 4995 9,

1952 4992 2243 5061 rclragatur
2269 4995 2389 5046 cod.
2416 4995 2808 5061 Clarotuontani
2839 4996 3147 5045 auctoritas.

2023 5075 2045 5102 ο
2082 5065 2218 5118 Editi
2250 5065 2466 5130 aliquot,
2494 5062 2565 5113 al.
2603 5060 2857 5123 Tolosam,
2890 5063 3040 5115 falso.
3078 5063 3170 5115 Est
3197 5063 3335 5117 enim
3366 5069 3516 5122 vicus

1950 5136 2262 5201 Biturigum.
2293 5132 2426 5202 Vide
2459 5142 2609 5183 notas
2638 5130 2702 5202 ad
2734 5132 2969 5202 Gregorii
3003 5133 3093 5186 lib.
3127 5150 3184 5199 tt,
3209 5150 3324 5202 cap.
3355 5137 3440 5191 18.

2008 5201 2041 5279 fi
2083 5200 2255 5279 ωηο
2287 5201 2467 5264 Freb.,
2504 5201 2555 5252 in
2584 5201 2711 5253 solo.
2745 5200 2900 5267 Dein,
2925 5203 2977 5255 in
3005 5206 3183 5258 solo...
3214 5200 3346 5274 capti
3371 5218 3522 5279 atque

1944 5274 2185 5328 subversi.

2020 5353 2044 5381 ο
2075 5344 2290 5396 Fallitur
2315 5338 2696 5403 Fredegarius;
2718 5356 2863 5407 nam,
2880 5351 2937 5395 ut
2961 5345 3067 5409 jam
3092 5344 3512 5409 observavimus,

1949 5430 2052 5467 non
2085 5415 2324 5473 Euricns,
2356 5410 2448 5463 sed
2484 5410 2744 5464 Victorius
2773 5412 2840 5464 ab
2874 5413 3068 5467 Eurieo
3095 5418 3343 5468 Arvernis
3377 5431 3513 5480 pra:-

1952 5486 2154 5549 podtns
2182 5482 2451 5534 basilicam
2481 5482 2645 5534 sancti
2676 5481 2893 5546 Iuliani,
2914 5498 3016 5535 non
3041 5485 3250 5550 quidem
3280 5485 3510 5548 Brivate,

1949 5556 2039 5607 sed
2074 5573 2122 5608 ttt
2158 5556 2264 5621 ipsa
2296 5551 2432 5605 urbe
2466 5556 2731 5612 Arverna,
2763 5568 2919 5619 quam
2954 5554 3111 5605 hodie
3142 5556 3513 5603 Clartttuttton-

1952 5636 2052 5679 tem
2084 5625 2440 5691 appellamus,
2471 5624 2736 5691 Cttlllmllls
2767 5623 3071 5683 adornavit,
3099 5636 3199 5673 non
3233 5623 3512 5677 exstruxit.

2027 5695 2043 5732 ί
2081 5698 2186 5759 AL,
2215 5693 2463 5753 lt'cdititts,
2488 5708 2578 5743 seu
2614 5690 2878 5742 zEdea'tts.

2025 5777 2047 5812 ε
2087 5769 2205 5821 ιίει..
2240 5764 2369 5814 Erar
2393 5780 2445 5813 .1'.
2476 5763 2603 5813 Bob.
2631 5772 2681 5812 ct
2712 5763 2809 5813 Cn.
2841 5762 2932 5823 aL,
2965 5759 3201 5831 Euagrus.
