3966 6348
472 312 580 371 583

1486 326 1545 382 s.
1582 324 1905 384 caecatur
1948 321 2249 379 EPISCOPl
2279 319 2701 391 renoususts

3620 324 3726 380 58‘

482 456 577 498 rex
598 441 913 498 Gottltornm
939 438 1202 493 excedens
1229 436 1464 505 Spanum
1494 438 1735 503 limitem,
1753 451 1967 508 gravem
1998 436 2051 489 in
2080 436 2131 496 Α
2158 431 2317 499 ligato
2346 430 2411 483 ad
2443 430 2641 483 collum
2689 428 2865 496 lapide
2910 430 3062 498 aquis
3103 430 3393 496 immersit:
3422 433 3556 488 duos
3584 434 3731 492 ﬁlios

480 530 668 587 Galliis
697 530 873 583 intulit
899 529 1322 597 persecutionem
1352 524 1507 595 (Cap.
1528 526 1643 595 25).

551 622 667 677 XV.
688 622 945 675 Defuncto
968 619 1632 684 CbF-lderiro,Clilodoveus
1652 617 1890 687 ejusdem
1911 618 2049 671 ﬁlius

478 714 724 782 regnavit
752 728 847 780 pro
881 727 945 763 eo
977 713 1124 779 (Cap.
1156 710 1271 776 27).
1301 711 1455 761 Anno
1484 718 1659 762 autem
1689 709 1873 776 quinto
1901 707 2048 777 regni

477 802 596 872 ejus
623 803 877 873 Syagrius
912 802 1264 853 Romanorum
1306 799 1557 867 patricius
1597 800 1734 867 apud
1777 799 2048 852 civitatem

479 896 720 950 Sexonas
746 905 769 931 ει
792 936 804 957 ,
836 907 990 961 quam
1021 891 1285 961 quondam
1319 898 1467 956 pater
1492 904 1618 943 suus
1649 898 1923 953 tenuerat,
1952 904 2051 944 se-

481 985 601 1040 dem
650 985 878 1038 habebat
910 1000 923 1035 :
956 998 1118 1051 super
1144 996 1299 1049 quem
1329 979 1661 1033 Cblodoveus
1687 994 1806 1031 cum
1839 978 2047 1047 Ragna-

478 1075 661 1128 chario
693 1076 915 1135 irruens,
946 1074 1196 1142 Syagrius
1226 1072 1417 1124 illisnm
1451 1083 1677 1123 cernens
1708 1070 1868 1139 556
1894 1084 2048 1124 exer-

474 1170 639 1223 citum
667 1178 813 1235 terga
844 1167 1027 1227 vertit,
1059 1175 1112 1219 et
1140 1164 1205 1216 ad
1238 1164 1501 1215 Maritum
1551 1178 1729 1231 regem
1760 1162 2044 1215 Tltolosam

475 1275 631 1313 cursu
652 1260 815 1313 veloci
844 1260 1091 1326 perrexit.
1111 1258 1445 1309 Cldodoveus
1470 1256 1668 1320 legalm
1691 1254 1754 1306 ad
1781 1254 2044 1307 Alaricum

479 1352 670 1415 mittit,
697 1360 756 1404 ιιι
783 1366 902 1403 eum
935 1350 1200 1413 redderet,
1228 1348 1456 1412 alioquin
1490 1348 1689 1401 noverit
1722 1347 1818 1399 sibi
1851 1347 2043 1399 bellum

480 1441 689 1496 inferri.
724 1443 792 1493 At
821 1440 910 1493 ille
941 1449 1181 1493 metuens
1202 1480 1215 1501 ,
1247 1448 1301 1489 ut
1331 1437 1648 1491 Gotthorum
1692 1450 1886 1503 pavere
1930 1450 2045 1490 mos

471 1533 871 1603 est,Syagrium
890 1534 1118 1585 vinctum
1141 1531 1326 1599 legatis
1359 1530 1591 1583 tradidit.
1626 1529 1791 1596 Quem
1813 1528 2045 1583 Cblodu-

472 1639 598 1677 veus
613 1622 870 1677 custodia:
889 1621 1224 1689 mancipavit,
1247 1634 1514 1688 regnoque
1529 1620 1645 1686 ejus
1662 1628 1905 1686 accepto,
1921 1632 2042 1671 eum

469 1713 645 1781 gladio
660 1712 924 1765 trucidare
938 1710 1113 1782 [Boh.,
1124 1721 1299 1763 trunca
1309 1708 1384 1779 re]
1403 1707 2038 1784 praecepit.Cltlodoveus,

2152 537 2335 577 eorum
2365 523 2542 591 gladio
2587 522 2896 585 trucidavit;
2929 522 3062 576 duas
3093 524 3228 578 filias
3254 526 3442 589 exsilio
3468 528 3731 583 condem-

2154 612 2329 677 navit,
2359 628 2584 681 quarum
2627 615 2805 665 senior
2850 616 3063 667 nomine
3100 615 3424 670 Saedeleuba
3447 616 3498 681 ἀ,
3525 630 3729 675 mutata

2157 707 2327 761 veste,
2348 715 2406 753 se
2434 700 2539 752 Deo
2561 699 2988 768 devovit,junior
3009 701 3397 758 Cltrolecltildis
3421 707 3729 764 vocabatur.

2224 790 2404 842 XVIII.
2444 790 2606 843 Porro
2647 788 2981 845 Cblodoveus
3019 794 3333 861 legationem
3384 796 3435 849 in
3488 798 3732 867 Burgun-

2151 878 2292 931 diam
2320 879 2508 945 saepius
2533 884 2747 935 mittens
2764 883 3034 937 ambiebat
3054 884 3484 940 Cbrotecltildem
3512 886 3729 958 (Ibid).

2152 970 2218 1023 Et
2259 986 2378 1024 cum
2422 987 2525 1025 non
2566 981 2711 1026 esset
2741 972 2937 1026 licitum
2985 989 3100 1029 eam
3145 976 3347 1041 videre,
3386 976 3731 1034 Clilodoveus

2149 1063 2539 1117 Aureliamth
2589 1065 2870 1131 quemdam
2916 1081 2980 1120 ex
3028 1067 3315 1132 Romanis,
3365 1071 3578 1138 ingenio
3619 1088 3730 1137 quo

2151 1162 2378 1220 poterat,
2406 1154 2470 1205 ad
2500 1153 2925 1209 Cbrotccbildem
2967 1160 3357 1225 prmvidendam
3398 1162 3610 1216 direxit.
3658 1167 3731 1217 At
3804 1152 3817 1159 ’

2149 1243 2240 1296 ille
2272 1245 2369 1295 nisi
2396 1243 2651 1311 singulus,
2682 1244 2748 1296 ad
2774 1246 2938 1297 instar
2956 1247 3182 1301 mendici
3216 1264 3395 1315 peram
3420 1251 3482 1303 ad
3506 1252 3729 1305 dorsum

2085 1354 2092 1361 ν
2150 1334 2322 1387 ferens
2350 1345 2494 1387 Vtrslc
2519 1334 2763 1408 deformi,
2791 1337 2894 1390 illis
2917 1340 3147 1402 perrexit
3180 1342 3435 1405 partibus,
3465 1343 3729 1395 annulum

2148 1424 2455 1486 Cblodovei,
2485 1440 2589 1493 quo
2614 1426 2660 1478 ei
2693 1428 2863 1493 potius
2894 1427 3228 1495 crederetur,
3262 1446 3439 1484 secum
3482 1444 3729 1499 portans.

2146 1512 2380 1582 Cumque
2410 1514 2474 1566 ad
2504 1515 2723 1568 Januarn
2742 1516 3009 1569 civitatem
3038 1516 3055 1553 τ
3084 1518 3170 1571 ubi
3195 1520 3580 1574 Cltrotecbildis
3600 1537 3727 1577 cum

2144 1618 2394 1673 germana
2425 1604 2756 1659 Sacdeleuba
2782 1606 3024 1672 sedebat,
3052 1610 3313 1673 venisset,
3341 1621 3396 1663 et
3417 1612 3521 1665 illa;
3546 1612 3731 1680 hospi-

2150 1695 2350 1749 talitate
2367 1698 2674 1764 peregrinos
2712 1706 2974 1751 sectantes
3000 1713 3118 1752 eum
3148 1714 3306 1753 causa
3329 1703 3590 1756 mercedis
3611 1719 3730 1759 sus-

468 1818 536 1858 ρο
552 1803 690 1873 quod
709 1802 1146 1865 εςεειτεηειίουε,
1176 1801 1424 1854 ecclesias
1456 1799 1751 1867 deprmdari
1782 1798 2043 1867 permisit,
2074 1799 2121 1858 Β
2150 1788 2436 1853 cepissent,
2468 1797 2521 1842 et
2547 1788 2706 1856 pedes
2734 1789 2850 1857 ejus
2876 1789 3263 1847 Cbrotecbildis
3294 1793 3514 1857 lavaret,
3549 1797 3725 1851 Aure-

544 1892 681 1947 XVI.
716 1892 873 1961 Igitur
899 1892 964 1945 de
1007 1891 1233 1945 ecclesia
1276 1890 1598 1944 Remiciaum
1636 1889 1785 1943 urbis
1829 1904 2043 1942 urceum

467 1998 717 2053 magnum
763 1982 932 2036 hostis
968 1982 1157 2034 abstuli
1180 1989 1260 2033 rat
1306 1996 1425 2033 cum
1476 1981 1693 2047 reliquis
1732 1978 2045 2033 ministeriis

466 2072 676 2144 (1ῡίά.).
708 2072 939 2127 Sanctus
986 2085 1048 2123 ac
1096 2070 1417 2136 apostolicus
1476 2066 1759 2121 Remedius
1806 2065 2043 2135 pontifex

471 2164 715 2232 ejusdem
746 2162 895 2216 urbis
924 2161 988 2214 ad
1022 2160 1383 2215 Clilodoveum
1416 2160 1635 2214 veniens
1664 2157 1934 2227 postulans
1956 2197 1971 2222 ,
1998 2156 2044 2211 si

476 2252 621 2307 aliud
651 2251 720 2306 de
750 2250 915 2305 sacris
943 2249 1081 2302 vasis
1109 2250 1344 2317 recipere
1373 2264 1479 2302 non
1512 2260 1824 2309 mereretur,
1850 2247 2044 2301 saltem

473 2344 558 2398 vel
586 2358 802 2398 urceum
833 2342 983 2396 illttm
1010 2341 1291 2409 reciperet.
1311 2341 1545 2394 Audiens
1570 2356 1661 2394 rex
1690 2339 1821 2393 dixit
1850 2355 1863 2393 :
1893 2338 2044 2393 Mitte

470 2434 711 2489 nuntium
761 2447 929 2502 usque
976 2430 1308 2492 Suessiones,
1342 2430 1413 2485 ibi
1456 2445 1575 2499 quat
1619 2428 1873 2498 acquisita
1922 2435 2047 2482 sunt

468 2523 764 2579 dividenda
796 2531 983 2578 erunt.
1010 2521 1066 2577 Si
1099 2521 1227 2574 mibi
1262 2520 1390 2575 illud
1423 2534 1540 2575 sors
1562 2520 1801 2583 dederit,
1832 2521 2045 2589 petitio-

470 2631 593 2670 nem
626 2625 767 2668 tnam
798 2613 1048 2681 implebo.
1079 2611 1212 2666 Cum
1247 2612 1424 2679 prteda
1467 2611 1519 2664 in
1552 2610 1726 2664 medio
1756 2609 2042 2665 dividenda

470 2714 781 2775 poneretur,
812 2703 885 2757 ait
931 2718 1021 2756 rex
1070 2717 1086 2755 ε
1134 2700 1281 2769 Rogo
1310 2708 1367 2753 ut
1394 2699 1582 2753 saltem
1625 2699 1750 2752 ntibi
1781 2713 1874 2752 vas
1903 2697 2042 2752 istud

470 2806 620 2852 extra
648 2804 851 2865 partem
881 2792 1208 2849 concedatis.
1240 2793 1363 2847 llaec
1388 2806 1514 2863 rege
1543 2791 1785 2857 dicente,
1814 2805 2040 2861 respon-

468 2888 598 2943 dent
629 2884 824 2941 Franci
853 2902 869 2938 :
903 2883 1149 2939 Gloriose
1175 2899 1291 2948 rex,
1321 2898 1439 2953 qute
1466 2883 1737 2938 cernimus
1768 2892 1854 2938 tua
1880 2893 2036 2951 sunt;

468 2981 561 3035 sed
586 2988 642 3035 et
666 2993 765 3033 nos
794 2977 868 3032 tui
896 2991 1112 3043 sumus,
1140 2976 1381 3041 domine,
1412 2976 1550 3044 quod
1585 2974 1677 3030 tibi
1710 2976 1907 3043 placet,
1937 2978 2037 3032 fac.

474 3074 622 3129 Tunc
652 3086 791 3127 unus
817 3070 987 3134 levis,
1018 3068 1231 3124 invidus
1259 3078 1313 3122 et
1342 3067 1507 3123 facilis
1526 3108 1540 3133 ,
1569 3082 1697 3123 voce
1727 3082 1913 3136 magna
1947 3084 2038 3122 ur-

2151 1880 2319 1934 lianus
2360 1881 2523 1935 verbo
2553 1891 2757 1935 secreto
2791 1882 3049 1937 inclinans
3092 1882 3158 1937 ad
3203 1898 3345 1951 eum,
3394 1886 3528 1939 dixit
3562 1904 3579 1940 :
3610 1886 3730 1940 Do-

2149 1955 2288 2025 mina
2320 1972 2415 2035 mi,
2454 1974 2653 2041 grande
2705 1976 2919 2028 verbum
2968 1975 3058 2028 tibi
3119 1979 3456 2031 nuntiaturus
3507 1994 3644 2040 sum,
3679 1981 3729 2034 si

2147 2060 2323 2114 locum
2405 2062 2533 2116 dare
2592 2063 2829 2131 dignaris
2864 2102 2882 2128 ,
2949 2063 3037 2117 ubi
3108 2066 3365 2120 secretius
3420 2081 3725 2137 suggeram.

2146 2151 2237 2206 Illa
2282 2167 2543 2217 annuens,
2604 2154 2773 2221 inquit
2818 2170 2832 2206 :
2896 2153 3134 2221 Loquere
3162 2164 3211 2231 ς.
3263 2155 3506 2224 Dixitque
3543 2162 3722 2213 Aure-

2147 2242 2321 2296 lianus
2348 2260 2362 2295 :
2386 2243 2724 2299 Chlodoveus
2750 2260 2843 2298 rex
2870 2243 3193 2299 Francorum
3229 2262 3311 2301 me
3337 2247 3528 2302 direxit
3554 2247 3618 2302 ad
3636 2260 3724 2313 te;

2144 2330 2188 2384 si
2218 2332 2461 2385 Voluntas
2490 2332 2583 2386 Dei
2615 2331 2793 2395 fuerit,
2822 2344 2873 2387 te
2904 2334 3014 2387 vult
3039 2336 3102 2388 ad
3132 2336 3379 2392 culminis
3410 2339 3489 2391 sui
3512 2339 3725 2394 sociare

2143 2424 2465 2493 coniugium.
2502 2424 2564 2479 Ut
2598 2437 2742 2479 certa
2775 2426 2887 2490 fias,
2920 2425 3059 2479 hunc
3086 2428 3337 2481 annulum
3371 2430 3462 2483 tibi
3503 2430 3722 2484 direxit.

2142 2511 2309 2580 Quem
2343 2514 2431 2567 illa
2461 2515 2747 2584 accipiens,
2782 2518 2960 2585 gavisa
2992 2528 3073 2572 est
3102 2519 3293 2587 gaudio
3318 2533 3527 2588 magno.
3554 2521 3728 2574 Dixit-

2142 2620 2244 2675 que
2272 2605 2337 2659 ad
2367 2620 2514 2661 eum.
2570 2608 2767 2675 Accipe
2796 2617 3007 2663 centum
3049 2605 3252 2664 solidos
3282 2625 3375 2679 pro
3408 2612 3599 2666 laboris
3639 2613 3721 2667 tui

2142 2710 2382 2760 munere,
2408 2706 2461 2750 ct
2488 2702 2737 2752 annulum
2761 2698 2904 2753 hunc
2923 2716 3117 2754 meum.
3143 2702 3421 2756 Festinans
3444 2713 3723 2760 revertere

2142 2787 2207 2841 ad
2234 2787 2506 2842 dominum
2538 2798 2707 2856 tuum,
2736 2801 2789 2845 et
2832 2792 2917 2845 die
2942 2793 2992 2846 ei
3036 2809 3049 2847 :
3077 2792 3132 2847 Si
3172 2810 3256 2848 me
3285 2796 3397 2848 vult
3426 2798 3710 2849 matrimo-

2142 2877 2231 2934 nio
2259 2878 2484 2943 sociare,
2515 2882 2758 2949 protinus
2790 2896 2881 2950 per
2912 2883 3110 2951 legatos
3136 2900 3164 2937 a
3200 2893 3389 2952 patruo
3418 2902 3534 2940 meo
3571 2884 3722 2939 Gun-

2141 2968 2349 3024 dobado
2368 2970 2690 3041 postuletur.
2726 2972 2902 3040 Legati
2931 2973 3092 3045 558
3119 2974 3209 3043 qui
3252 2976 3479 3039 venient,
3503 2976 3721 3030 obtenta

2140 3062 2204 3114 ad
2239 3076 2474 3130 praesens
2503 3063 2749 3118 firmitate
2766 3062 2817 3127 h,
2850 3067 3092 3129 placitum
3121 3068 3218 3121 sub
3256 3068 3524 3123 celeritate
3562 3070 3723 3122 insli-

471 3181 626 3222 ceum
657 3164 882 3233 impulit,
910 3163 1092 3218 dicens
1121 3179 1135 3216 :
1168 3162 1307 3216 Nihil
1336 3161 1457 3216 hinc
1485 3160 1736 3230 accipies,
1769 3160 1867 3215 uisi
1897 3162 2037 3230 quod
2067 3154 2115 3221 Ω
2145 3160 2312 3206 tuaut.
2344 3153 2452 3207 Nisi
2481 3153 2547 3209 ad
2580 3154 2955 3224 perliciendum
3005 3156 3271 3223 festiuettt,
3305 3160 3466 3214 Aridii
3499 3158 3517 3197 ί
3546 3159 3728 3230 cujus-

471 3257 564 3310 tibi
594 3270 711 3311 sors
737 3270 860 3311 vera
895 3255 1135 3324 largitur.
1166 3253 1277 3308 Rex
1324 3253 1574 3322 injuriam
1620 3253 1754 3308 hanc
1782 3255 2037 3323 patientia
2068 3280 2071 3281 ν

468 3347 674 3403 lenivit.
704 3346 862 3403 Sorte
890 3346 1082 3413 posita,
1108 3354 1384 3413 acceptum
1414 3360 1631 3399 urceum
1662 3344 1819 3399 beato
1854 3345 2044 3399 Reme-

468 3439 557 3493 dio
588 3435 901 3500 transmisit,
936 3450 1156 3490 servans
1185 3435 1421 3489 abditum
1454 3435 1555 3489 sub
1584 3446 1801 3504 pectore
1828 3436 2038 3489 viduus.

464 3528 741 3584 Kalendas
768 3526 983 3582 Itartias
1006 3524 1170 3595 jussit
1197 3540 1383 3580 omnes
1408 3533 1731 3580 armatorum
1757 3524 2043 3595 phalanges

470 3637 531 3678 se
565 3631 879 3676 ostensurus
907 3619 1110 3673 venire.
1144 3618 1243 3674 Ubi
1268 3626 1491 3674 cunctos
1520 3617 1777 3672 circuibat
1807 3617 1951 3672 venit
1973 3617 2043 3674 ad

470 3712 618 3766 urcei
653 3724 1017 3779 percussorem
1040 3748 1055 3774 ,
1086 3708 1271 3764 dicens
1299 3708 1366 3762 ad
1394 3723 1517 3764 eum
1553 3726 1565 3761 :
1600 3708 1801 3764 Inculta
1832 3718 1920 3764 est
1949 3725 2041 3765 ar-

471 3809 676 3856 tuatura
710 3808 795 3852 tua
815 3839 830 3863 ,
862 3813 1037 3867 neque
1075 3799 1275 3853 securis
1303 3806 1389 3853 est
1412 3798 1574 3854 utilis.
1606 3798 2041 3870 Apprebensam-

468 3903 574 3959 que
593 3903 834 3944 securem
861 3887 978 3957 ejus
1006 3897 1161 3943 terra:
1190 3888 1401 3955 dejecit.
1427 3889 1490 3943 Et
1512 3889 1601 3944 ille
1625 3906 1745 3945 cum
1774 3893 2041 3959 paululum

476 3978 764 4034 inclinatus
793 3978 1007 4045 fuisset,
1037 3994 1127 4034 rex
1157 3979 1377 4035 elevatis
1402 3981 1645 4036 manibus
1673 3996 1860 4037 secure
1885 3982 2043 4051 caput

467 4067 587 4137 ejus
605 4067 788 4123 defixit
811 4086 823 4121 :
848 4067 960 4134 Sic,
977 4069 1168 4139 inquit,
1185 4079 1238 4123 et
1262 4078 1313 4122 tu
1339 4068 1638 4125 Suessionis
1665 4086 1824 4125 urceo
1847 4071 2038 4141 fecisti,

465 4174 715 4229 magnum
755 4158 856 4215 sibi
899 4174 992 4230 per
1031 4160 1165 4215 hanc
1200 4174 1414 4215 causam
1447 4163 1691 4218 timorem
1720 4172 1964 4221 statuens
1988 4165 2037 4220 δ.

535 4248 699 4304 XVII.
732 4248 851 4304 Fuit
882 4251 1040 4320 igitur
1072 4248 1416 4306 Gundioebus
1464 4268 1556 4307 rex
1606 4254 2036 4323 Burgundionum

464 4355 534 4395 ex
581 4354 778 4408 genere
806 4341 1110 4396 Athanarici
1135 4342 1293 4412 557
1326 4344 1462 4412 regis
1493 4346 1845 4413 persecutoris
1874 4345 2035 4417 (Cap.

463 4430 581 4500 28).
610 4431 742 4485 Huic
770 4432 980 4487 fuerunt
1004 4446 1229 4501 quatuor
1259 4436 1372 4499 filii,
1402 4432 1784 4504 Gundobadus,
1814 4449 1836 4477 ο
1861 4439 2036 4495 Code-

2143 3244 2261 3299 dam
2306 3248 2558 3314 sapientis
2587 3252 2653 3301 de
2682 3248 3138 3318 Constantinopoli
3168 3253 3457 3306 adventum
3506 3269 3720 3319 vereor,

2142 3335 2293 3405 cujus
2324 3337 2568 3401 consilio,
2599 3338 2644 3391 si
2677 3338 2821 3405 prius
2853 3340 3077 3402 venerit,
3114 3340 3229 3394 lucc
3259 3343 3438 3395 omnia
3482 3342 3714 3411 dissipa-

2142 3427 2355 3482 buntur.
2390 3428 2705 3484 Aurelianus
2734 3435 2921 3484 eodem
2951 3431 3130 3484 habitu
3157 3448 3262 3500 quo
3289 3444 3530 3499 venerat,
3556 3436 3720 3488 rediit

2142 3518 2208 3572 ad
2243 3519 2479 3588 propria.
2528 3520 2658 3573 Cum
2700 3523 2809 3589 jam
2864 3537 3023 3591 prope
3073 3523 3458 3579 Aurelianense
3505 3524 3722 3578 territu-

2144 3611 2302 3677 rimn,
2353 3628 2450 3667 nec
2482 3614 2661 3682 procul
2708 3628 2737 3667 a
2768 3614 2927 3667 domu
2970 3630 3134 3683 prepe
3160 3619 3496 3680 accessisset,
3528 3632 3720 3684 quent-

2142 3703 2264 3757 datn
2294 3719 2576 3773 pauperem
2621 3705 2917 3760 mendicum
2950 3707 3000 3759 in
3033 3706 3113 3760 via
3160 3722 3341 3760 secum
3380 3707 3584 3761 itineris
3627 3722 3723 3759 so-

2142 3796 2281 3852 cium
2309 3796 2538 3852 habebat
2560 3796 2574 3847 i
2593 3839 2608 3863 ,
2636 3812 2754 3851 cum
2780 3796 2890 3867 jam
2920 3812 3142 3851 securus
3174 3798 3492 3851 Aurelianus
3524 3812 3721 3863 supore

2141 3890 2426 3959 depressus
2449 3899 2620 3956 esset,
2649 3905 2678 3944 a
2702 3890 2900 3960 collega
2928 3904 3026 3943 suo
3059 3904 3183 3959 pera
3209 3904 3332 3944 cum
3363 3890 3549 3942 solidis
3569 3889 3720 3957 ejus-

2138 3984 2261 4037 dem
2294 3981 2518 4036 furatur.
2548 3981 2834 4050 Cumquea
2865 3995 3054 4034 somno
3077 3978 3482 4047 expergefactus
3505 3977 3715 4045 fuisset,

2142 4088 2372 4128 maerore
2400 4074 2582 4141 plenus
2612 4086 2769 4125 cursu
2800 4070 2968 4124 veloci
2999 4070 3232 4138 perrexit
3260 4070 3324 4123 ad
3358 4070 3591 4138 propria,
3632 4068 3721 4121 di-

2141 4166 2424 4234 rigeusque
2456 4178 2647 4232 pueros
2674 4163 2739 4214 ad
2772 4160 3141 4230 inquirendum
3176 4160 3475 4213 mendicum
3510 4160 3596 4227 qui
3625 4175 3720 4226 pc-

2141 4270 2254 4311 ram
2294 4255 2413 4324 ejus
2460 4255 2720 4322 portabat.
2771 4255 2935 4318 Quem
2978 4250 3371 4319 apprehensum
3428 4250 3719 4304 Aureliano

2142 4355 2486 4418 praesentant.
2536 4360 2762 4414 eumque
2795 4346 2998 4398 fortiter
3030 4344 3205 4397 triduo
3236 4359 3431 4397 caesum
3476 4344 3721 4413 permisit

2146 4440 2222 4493 ire
2250 4435 2571 4491 mendicum.
2608 4432 2851 4486 Protinus
2901 4432 3217 4485 Aurelianus
3250 4432 3556 4487 Cbludoveo
3605 4436 3717 4501 regi

460 4520 682 4591 giselus,
701 4520 1036 4588 Chilpericus
1057 4535 1108 4576 et
1133 4522 1486 4579 Godemarus.
1509 4526 1868 4582 Gundobadus
1888 4530 2036 4585 Cbil-
2067 4515 2117 4573 θ
2145 4545 2239 4597 per
2264 4528 2463 4595 singula
2494 4539 2715 4578 narrans
2739 4526 3157 4590 successionem,
3188 4524 3558 4592 suggestionvs
3583 4541 3717 4576 nun-

464 4612 703 4679 pcricum
728 4610 943 4665 fratrem
969 4627 1124 4666 suum
1156 4613 1423 4669 interfecit
1446 4616 1653 4684 gladio;
1681 4633 1896 4676 uxorem
1920 4623 2036 4690 ejus

537 4776 564 4805 ι
593 4764 796 4827 Canis.,
824 4765 1102 4821 Santonos.
1134 4765 1236 4820 Sed
1268 4776 1475 4822 constat
1504 4768 1816 4826 Sucssionas
1851 4774 2034 4830 urbem

462 4837 551 4913 llic
599 4836 903 4913 designari,
922 4854 1039 4904 qua:
1083 4838 1131 4891 in
1181 4839 1710 4913 veteribus_scriptis
1760 4843 2030 4913 Sessonas,

462 4910 719 4970 Sexonas,
747 4919 837 4961 aut
866 4907 1101 4961 Saxonas
1129 4908 1286 4973 vulgo
1315 4908 1585 4964 scribitur.

534 4978 560 5016 δ
587 4979 783 5034 Cbesn.
825 4989 878 5031 et
923 4978 1102 5040 Freu,
1136 4979 1366 5031 timorem
1414 4980 1550 5047 fecit.
1595 4980 1799 5046 Cattis.,
1827 5001 2033 5039 causam

465 5048 659 5103 Franci
686 5051 915 5101 timorem
941 5058 1241 5101 statuerunt.

539 5129 561 5157 ε
589 5119 710 5180 Alii,
742 5116 1102 5189 Gundebadrus,
1122 5118 1533 5189 Gunthegiselus,
1559 5123 1878 5177 Gotemarus.
1903 5125 2029 5181 Mss.

457 5186 604 5310 fllrar.
654 5200 705 5241 et
741 5188 869 5242 Bob.
915 5188 1191 5242 lectionem
1237 5186 1570 5257 retinuimus,
1620 5196 1673 5247 et
1714 5194 1789 5246 sic
1819 5210 2033 5264 semper

463 5275 513 5310 tn
540 5274 613 5310 ra.

463 5274 613 5313 IIIII'J.

527 5326 733 5401 dCltes.
787 5328 1157 5401 al.,__gf.'ghrona,
1201 5339 1255 5383 et
1301 5330 1431 5383 infra
1482 5332 1812 5387 Chrothifdis.
1860 5336 2019 5401 Bolt.,

460 5398 857 5454 Chrotechildis.
888 5398 1019 5451 Vide
1050 5421 1059 5447 ι
1085 5412 1198 5452 otas
1230 5404 1277 5450 in
1302 5402 1638 5464 Gregorium.

539 5470 905 5541 {Aurelianus
933 5470 1190 5524 Patricius
1222 5486 1589 5524 memoratura
1615 5472 1870 5541 Gregorio
1891 5475 1983 5527 lili.
2014 5491 2031 5529 ι

462 5541 530 5593 de
558 5540 734 5594 Gloria
769 5551 924 5593 tuart.
959 5555 1081 5605 cap,
1112 5540 1200 5592 77.
1240 5542 1341 5593 Sed
1366 5541 1501 5592 banc
1537 5541 1603 5593 de
1635 5557 1699 5595 eo
1728 5540 2029 5598 mendicum

461 5612 743 5665 sintulante
774 5609 1132 5662 narrationem
1162 5610 1297 5662 inter
1329 5609 1529 5663 fabulas
1557 5622 1868 5677 computant
1906 5628 2028 5671 cum

466 5679 673 5732 Valesio
727 5682 822 5733 viri
863 5680 1096 5742 eruditi;
1146 5695 1302 5747 quam
1345 5690 1521 5733 tamen
1572 5681 1766 5734 habent
1813 5683 2025 5745 liorico,

460 5749 793 5813 Auenymus,
838 5748 1137 5811 Aimoinus,
1166 5761 1348 5804 auctor
1390 5749 1522 5805 Vita:
1548 5761 1747 5807 saucttc
1771 5752 2028 5809 Cltlothil-

2141 4622 2235 4677 tiat
2279 4618 2329 4675 ι.
2380 4618 2528 4686 Quod
2582 4630 2703 4670 cum
2742 4615 3046 4669 Cblotloveo
3093 4615 3288 4669 utilitas
3335 4625 3390 4670 et
3437 4618 3715 4670 consilium

2137 4774 2240 4838 dis,
2266 4780 2319 4824 et
2361 4771 2445 4823 alii
2478 4769 2693 4836 passim.
2725 4768 3013 4835 Gregorius
3037 4784 3185 4829 vero,
3220 4768 3311 4821 lib.
3344 4784 3381 4821 tt
3427 4769 3563 4822 llist.
3589 4785 3709 4835 cap.

2135 4842 2225 4903 28,
2257 4844 2571 4908 legationem
2601 4854 2628 4889 a
2670 4839 2971 4891 (Iltlodoveo
3001 4840 3218 4892 missam
3267 4852 3527 4894 memorat
3570 4855 3585 4892 :
3616 4842 3709 4893 sed

2137 4913 2265 4967 nihil
2290 4914 2357 4965 de
2390 4913 2485 4962 hac
2507 4924 2562 4961 re
2594 4909 2767 4960 habet.

2215 4981 2233 5019 ί
2263 4982 2349 5035 Sic
2373 4980 2538 5041 Clar.,
2558 4993 2659 5030 no-n
2687 4992 2810 5030 vero
2833 4979 3045 5043 jannam
3069 4978 3305 5041 civitatis,
3324 4979 3707 5043 ttt‘Bnlt.,f‘.an.

2140 5062 2194 5106 et
2222 5053 2418 5115 Frelt.;
2448 5060 2534 5103 est
2574 5050 2767 5115 quippe
2795 5047 3018 5109 Genera,
3067 5063 3222 5115 quam
3270 5059 3477 5103 veteres
3503 5049 3709 5101 Junnbu

2141 5124 2463 5177 scribebant.
2488 5120 2675 5185 Cltes.,
2706 5116 2982 5170 Genavam.

2215 5202 2239 5239 Β
2255 5192 2399 5245 Clar.
2426 5190 2581 5253 Bolt.,
2605 5200 2658 5242 et
2684 5190 2838 5251 Cum,
2854 5202 3081 5239 annuens
3102 5188 3247 5241 verbo
3272 5200 3459 5248 secreto
3475 5192 3708 5255 audiens,

2141 5264 2385 5324 dixitque.

2214 5331 2238 5369 δ
2273 5332 2427 5391 Buh.,
2460 5330 2629 5381 oblata
2660 5329 2727 5379 ad
2756 5342 2976 5396 prasens
3007 5327 3223 5390 ﬁrment.

2218 5401 2232 5439 ί
2268 5404 2424 5465 Etliti,
2457 5400 2649 5452 Atedii.
2698 5400 2771 5454 De
2824 5402 2922 5450 hoc
2968 5396 3085 5451 vide
3131 5398 3355 5468 Gri-ger.
3398 5400 3487 5455 lib.
3522 5416 3557 5453 tl
3584 5414 3706 5467 cap.

2139 5472 2226 5526 5‘2.
2252 5485 2355 5525 etc.

2139 5490 2205 5526 ουι
2252 5490 2355 5525 etc.

2212 5513 2367 5593 iCan
2398 5583 2411 5601 ,
2442 5540 2634 5612 habuit.
2684 5539 2761 5592 Cb
2799 5555 2907 5602 su.,
2959 5545 3164 5611 quidam
3216 5555 3410 5612 pauper
3455 5540 3712 5591 mendicus

2135 5630 2281 5681 quem
2308 5613 2360 5664 in
2400 5612 2551 5663 ciu...
2584 5611 2895 5667 ltabuera'...
2930 5614 3138 5685 col/egre
3185 5611 3275 5665 suo
3307 5628 3478 5681 peram
3510 5613 3712 5679 [omnis

2135 5696 2228 5736 Col.

2209 5756 2226 5790 ⁵⁸
2261 5753 2406 5823 Apud
2442 5753 2598 5807 Frclt.
2650 5751 2801 5807 deest
2845 5756 3227 5809 successionem.
3276 5751 3441 5814 Clam,
3491 5763 3711 5801 narum"
