3966 6348
191 343 290 399 585
1253 326 1611 387 HISTORIA
1648 326 1990 385 FRANCOR
2004 326 2107 386 UM
2151 327 2603 388 EPITOMATA.
3570 328 3677 387 586

192 460 610 559 Qhrotechildis
636 453 1318 559 placuisseit.“legatos
1331 449 1759 559 Eun-dobadum
1799 450 1887 506 di—
1904 450 2271 559 Aips‘amque
2397 424 2832 509 matrimonium
2861 451 3225 512 Dhlodoveus
3249 455 3676 529 accepit,quam

195 550 341 622 rigit,
363 557 559 623 petens
590 542 1133 605 utChrotechildem
1158 548 1385 612 neptem
1412 552 1579 595 suam
1600 538 1653 594 ei
1679 538 1739 593 in
1762 551 1892 594 con-
1978 538 2139 597 cultu
2180 539 2362 612 regali
2406 541 2653 612 perfecto
2692 539 2900 599 dilexit
2940 557 3133 599 amore
3176 543 3362 612 (Ibid.,
3404 560 3525 617 cap.
3562 542 3675 615 29).

189 638 420 712 jugium
452 635 783 694 sociandam
814 632 1077 690 traderet.
1110 628 1271 698 Quod
1306 626 1407 684 ille
1444 626 1732 697 denegare
1773 641 1892 682 me-

196 710 384 791 tuens,
440 732 495 779 et
540 736 777 794 sperans
824 718 1138 777 amicitiam
1174 730 1308 772 cum
1357 712 1681 769 Chlodoveo
1724 710 1894 781 inire,

197 829 321 871 eam
352 829 414 871 se
456 814 729 871 daturum
773 808 1019 884 spondit.
1058 805 1253 880 Legati
1295 803 1600 861 oll'erentes
1644 800 1895 858 solidum

199 912 252 964 et
277 904 603 976 denarium,
657 910 722 961 ut
756 914 881 959 mos
909 905 1028 957 erat
1060 898 1432 963 Francorum,
1472 908 1600 951 eam
1643 891 1900 965 partibus

201 994 508 1054 Cblodovei
548 1001 823 1068 sponsant
851 1005 896 1062 ε,
939 990 1212 1064 placitum
1242 987 1311 1043 ad
1347 1000 1597 1060 praesens
1624 989 1898 1057 petentes,

201 1092 474 1164 utipsam
519 1092 588 1147 ad
640 1088 977 1162 conjugium
1029 1086 1275 1144 traderet
1329 1081 1675 1140 Chlodoveo.
1731 1078 1905 1136 Nulla

201 1190 388 1240 stante
415 1197 593 1251 mora,
629 1181 771 1238 inito
802 1165 1006 1252 placito
1034 1175 1334 1235 Cabillono
1361 1171 1398 1241 δ,
1434 1169 1651 1244 nuptiae
1679 1184 1902 1241 praepa-

203 1280 422 1331 rantur.
464 1270 772 1329 Venientes
805 1285 938 1327 cum
981 1266 1266 1326 celeritate
1300 1262 1505 1321 Franci
1551 1260 1902 1318 Ultrotecbil-

203 1362 333 1421 dem
364 1378 397 1419 a
426 1360 783 1419 Gundobado
811 1366 1096 1431 acceptam
1132 1355 1386 1412 levantes
1416 1352 1475 1408 in
1504 1350 1829 1407 basternam
1862 1359 1903 1420 α,

204 1466 336 1509 cum
365 1449 567 1507 multis
593 1448 875 1506 thesauris
900 1446 971 1503 ad
993 1444 1390 1503 Clilodoveum
1420 1437 1700 1509 dirigunt.
1732 1439 1909 1496 Chro-

209 1537 472 1594 tecbildis
538 1551 676 1595 cum
725 1536 846 1609 jam
899 1532 1267 1606 comperisset
1338 1528 1652 1586 adventum
1719 1526 1905 1584 Aridii

208 1626 542 1685 revertentis
582 1626 656 1683 ab
684 1625 945 1697 imperio,
979 1622 1128 1680 dixit
1165 1620 1234 1677 ad
1265 1618 1518 1678 seniores
1543 1621 1689 1679 559
1726 1614 1908 1672 Fran-

209 1728 301 1771 cos
335 1733 347 1771 :
404 1714 464 1772 Si
503 1714 684 1772 vultis
714 1729 805 1770 me
845 1712 1079 1770 domino
1102 1716 1294 1767 vestro
1321 1715 1689 1781 praesentare,
1718 1719 1907 1763 remo-

1982 628 2240 687 Habebat
2304 630 2423 702 jam
2490 639 2625 688 tunc
2686 630 3049 691 Chlodoveus
3103 632 3291 690 ﬁlium
3344 633 3416 691 de
3462 650 3677 694 concu-

1982 720 2136 790 bina,
2179 721 2415 779 nomine
2439 720 2881 781 Tlieudericum.
2902 722 3319 783 Chrotechildis
3339 741 3471 783 cum
3494 726 3681 799 primo

1982 813 2179 886 genitu
2192 828 2248 869 m
2266 811 2451 869 lilium
2480 812 2793 882 habuisset,
2820 820 2963 877 560
2983 830 3158 886 quem
3185 815 3466 888 baptismo
3484 833 3685 876 conse-

1984 918 2141 961 crare
2170 902 2361 971 vellet,
2400 903 2593 959 virum
2622 902 2852 960 assidue
2888 904 3135 961 suadens
3186 904 3569 965 christianum
3608 907 3687 965 ef-

1987 991 2154 1048 ﬁcere
2195 993 2202 1026 ί
2245 990 2582 1048 nullatenus
2635 990 2705 1047 ad
2756 991 3179 1048 consiliandum
3239 992 3390 1065 regis
3451 995 3685 1053 animus

1988 1081 2345 1151 movebatur,
2412 1080 2665 1137 dicens:
2734 1080 2978 1139 Deorum
3048 1090 3377 1140 nostrorum
3425 1082 3685 1155 jussioue

1986 1179 2190 1228 cuncta
2235 1176 2520 1229 creantur,
2556 1169 2708 1227 Deus
2740 1178 2925 1227 vester
2952 1170 3099 1227 nihil
3142 1186 3305 1243 posse
3351 1174 3688 1231 manifesta-

1989 1267 2099 1319 tur.
2125 1260 2346 1331 Regina
2375 1260 2565 1317 iilium
2592 1259 2659 1315 ad
2691 1259 3050 1331 Baptismum
3076 1262 3334 1319 exhibet.
3365 1260 3694 1335 Baptizatus

1987 1356 2181 1405 autem
2209 1363 2370 1421 puer,
2404 1362 2577 1421 quem
2611 1349 2971 1418 Ingomerem
3022 1345 3131 1419 [AL
3161 1347 3557 1422 Ingomerum]
3587 1364 3691 1408 vo-

1990 1436 2261 1505 citabant,
2293 1438 2353 1494 in
2383 1436 2530 1494 albis
2566 1436 2727 1493 obiit.
2771 1434 2894 1504 Qua
2927 1435 2997 1492 de
3032 1451 3204 1495 causa
3236 1445 3531 1510 permotus
3560 1438 3694 1498 felle

1994 1541 2118 1595 rex,
2152 1524 2482 1597 increpabat
2510 1523 2792 1596 reginam,
2820 1524 3018 1581 dicens
3045 1547 3057 1581 :
3105 1522 3165 1581 Si
3197 1524 3258 1581 in
3290 1525 3527 1583 nomine
3556 1526 3697 1584 deo-

1993 1629 2123 1672 rum
2161 1629 2424 1672 meorum
2473 1629 2615 1687 puer
2650 1613 2853 1673 fuisset
2879 1615 3259 1688 baptizatus’,
3288 1617 3549 1677 vixisset.
3580 1617 3695 1677 Re-

1992 1701 2127 1774 gina
2152 1716 2287 1760 vero
2317 1700 2435 1758 Deo
2462 1700 2840 1774 omnipotenti
2870 1703 3081 1775 gratias
3103 1718 3300 1777 agens,
3345 1710 3411 1762 ut
3434 1706 3505 1764 de
3533 1714 3698 1765 utero

210 1811 336 1865 vete
357 1820 449 1863 me
472 1804 543 1861 de
570 1803 855 1872 basterna,
882 1808 936 1859 et
966 1816 1137 1874 supra
1163 1814 1385 1873 equum
1414 1798 1617 1868 levate,
1647 1803 1704 1855 et
1733 1810 1973 1875 quan-B
1994 1809 2099 1852 suo
2128 1792 2579 1867 primogenitum
2608 1794 2669 1851 in
2699 1808 2874 1866 regno
2904 1809 3009 1852 suo
3038 1796 3334 1870 acceperit.
3380 1796 3510 1855 Post
3535 1796 3695 1857 hunc

213 1903 334 1954 tum
376 1895 639 1968 protinus
672 1890 992 1966 potueritis,
1041 1890 1158 1948 illis
1185 1888 1445 1963 partibus
1477 1888 1803 1946 accelerate.
1842 1883 1910 1942 In
1994 1884 2196 1958 genuit
2218 1883 2426 1954 tilium,
2456 1898 2629 1957 quem
2653 1882 3090 1941 Chlodomerem
3114 1884 3412 1957 vocitavit;
3438 1884 3699 1960 quicum

212 1985 320 2041 hac
372 1984 641 2042 basterna
682 1982 753 2039 ad
783 1996 948 2039 suam
990 1995 1109 2037 non
1146 1992 1381 2053 possum
1427 1976 1626 2035 venire
1656 1988 1914 2048 prmsen-
1994 1979 2312 2052 baptizatus
2354 1979 2960 2052 aegrotarecmpisset,
2991 1978 3216 2039 dicebat
3254 1997 3359 2040 rex
3400 2002 3413 2042 :
3464 1982 3535 2040 Et
3568 1982 3676 2043 iste

217 2073 376 2130 tiam.
405 2072 609 2130 Franci
636 2071 822 2129 levata
852 2067 1249 2128 Chrotecbilde
1273 2082 1445 2140 super
1465 2032 1914 2139 equum,festini
1997 2032 2146 2129 sicin
2175 2032 2960 2140 {marriagﬁﬁrfbrgﬁig
2992 2032 3215 2140 mante:
3234 2032 3697 2145 136;)th

212 2165 284 2222 ad
318 2163 712 2220 Cblodoveum
742 2165 1009 2234 pergunt.
1998 2165 2189 2229 vante,
2265 2156 2581 2243 convaluit.
2658 2157 2881 2229 Regina
2952 2163 3141 2216 tamen
3211 2159 3444 2219 assidue
3506 2176 3701 2235 regem

286 2256 442 2315 XIX.
474 2256 734 2329 Cumque
761 2253 998 2311 Aridius
1018 2267 1051 2309 a
1083 2249 1335 2309 Massilia
1352 2247 1713 2307 VelOCiSSimO
1738 2260 1916 2304 cursu
1996 2255 2189 2314 verbis
2212 2254 2485 2312 blanditis
2500 2253 2526 2292 ι
2548 2253 2620 2311 ad
2639 2253 2858 2312 Christi
2878 2255 3101 2313 cultum
3122 2257 3398 2316 suadebat
3417 2260 3569 2332 (Cap.
3591 2259 3676 2333 30)

216 2348 340 2407 haec
390 2308 1209 2405 audieii—s‘adﬁun—dobadum
1253 2340 1522 2411 venisset,
1571 2337 1836 2411 dixitque
1862 2335 1916 2393 ei

216 2438 612 2499 Gundobadus
648 2456 661 2495 :
710 2434 940 2494 Audisti
967 2432 1120 2505 quod
1165 2430 1478 2489 amicitiam
1507 2446 1639 2489 cum
1684 2427 1919 2485 Francis
1999 2452 2143 2496 veus
2189 2452 2291 2494 rex
2330 2441 2607 2506 moveret,
2652 2434 2929 2493 suadente
2971 2436 3190 2509 regina,
3222 2438 3397 2507 vovit,
3440 2439 3488 2496 si
3522 2440 3704 2499 victo-

214 2526 519 2621 inivimus,
562 2530 914 2621 neptemque.
939 2535 1141 2621 ineant.
1174 2516 1499 2621 Dblodpveo
1530 2515 1735 2621 tradidi
1768 2530 1917 2613 ux0_-
2004 2527 2149 2584 riam
2183 2527 2485 2593 obtineret,
2526 2524 2846 2584 efﬁceretur
2882 2526 3473 2601 christianus(1bid.).
3518 2530 3701 2590 Cum-

218 2616 385 2676 rem?
418 2615 772 2689 respondens
816 2611 1055 2670 Aridius
1083 2610 1233 2668 dixit
1262 2633 1275 2667 :
1320 2608 1445 2666 Non
1486 2615 1571 2665 est
1594 2608 1701 2664 hoc
1729 2602 1923 2663 amici-
2002 2631 2116 2689 que
2146 2622 2407 2687 utrmque
2439 2614 2750 2688 phalanges
2775 2615 3088 2673 certamina
3114 2618 3441 2689 jungemm,
3472 2626 3528 2677 et
3556 2626 3704 2679 ειη-

219 2710 314 2767 ῖίῖε
345 2714 556 2775 minus»
605 2706 701 2763 θεά
746 2705 982 2762 initium
1024 2700 1325 2760 discordia?
1363 2706 1671 2773 Perpetuae-
1723 2694 1922 2754 Βοιηὶ-
2000 2721 2098 2777 ges
2127 2705 2389 2777 ingentes
2418 2710 2628 2771 essent,
2663 2704 2811 2761 dixit
2840 2704 3201 2764 Clilodoveus
3228 2706 3447 2766 :Deum
3474 2710 3681 2770 invoco

215 2799 439 2856 Discere
468 2796 769 2861 debueras,
807 2792 1041 2850 domine
1067 2790 1169 2858 mi,
1210 2788 1363 2863 quod
1390 2788 1710 2860 genitorem
1739 2784 1918 2874 Cliro-
2001 2755 2177 2869 auem
2192 2755 2649 2853 cChrotechildis
2694 2796 2891 2868 regina
2940 2755 3705 2874 colitiusium‘eufnva‘rc‘ivivr;

216 2887 483 2947 techildae
513 2898 855 2955 germanum
904 2890 1070 2939 tuum
1104 2879 1492 2952 Chilpericum
1523 2876 1713 2951 gladio
1746 2872 1920 2931 tl‘llCi-
2005 2885 2110 2941 hoc
2143 2882 2363 2957 prmlio,
2401 2891 2465 2941 ut
2496 2883 2723 2939 vincam
2756 2883 2860 2939 hos
2888 2884 3248 2943 adversarios
3288 2872 3465 2956 meos,
3498 2905 3595 2948 ero
3617 2889 3708 2948 illi

212 2980 385 3047 dasti,
432 2984 677 3035 matrem
723 2976 849 3045 ejus
898 2973 1081 3046 lapide
1128 2972 1198 3029 ad
1245 2969 1461 3027 collum
1500 2968 1673 3037 ligato
1718 2979 1920 3021 necare
2004 2971 2541 3029 ﬁdelis.Alamanni
2571 2978 2727 3043 terga
2752 2980 3035 3031 vertentes
3065 2974 3122 3031 in
3147 2975 3348 3047 fugam
3374 2977 3522 3052 lapsi
3547 2985 3704 3038 sunt.

207 3067 455 3143 jussisti,
487 3067 632 3123 duos
673 3062 929 3135 ejusdem
960 3074 1263 3132 germanos
1306 3057 1488 3131 capite
1538 3061 1825 3113 truncatos
1858 3052 1915 3109 in
2002 3062 2267 3135 Cumque
2287 3076 2483 3134 regem
2509 3077 2684 3119 suum
2704 3064 3453 3139 cernerentinteremptum,
3496 3084 3704 3129 novem

211 3173 459 3238 Ρυῑθυω
514 3160 694 3218 rem“
742 3157 1037 3232 Drojicere-
1092 3154 1152 3213 Si
1199 3150 1586 3244 Ὡΐὶτὲνῖιῖιιθΐὶῒι
1633 3146 2171 3244 injuriamcannis
2207 3152 2222 3190 ¹
2275 3150 2509 3209 exsules
2537 3168 2569 3209 a
2603 3152 2838 3210 sedibus
2866 3168 3087 3223 eorum,
3139 3170 3245 3213 nec
3284 3157 3465 3215 ullam
3500 3165 3703 3233 potue-

211 3260 521 3328 parentum
556 3247 890 3306 vindicabit.
940 3244 1132 3317 Dirige
1163 3241 1423 3315 protinus
1455 3238 2140 3328 exercitumpost“mm
2196 3249 2423 3314 gentem
2478 3241 2816 3313 compclare,
2873 3257 3007 3315 qua,
3059 3243 3141 3300 eis
3206 3253 3404 3303 contra
3457 3246 3710 3307 Francos

208 3358 361 3410 eam,
405 3346 469 3398 ut
510 3343 849 3395 revertatur.
910 3330 1162 3389 Facilius
1202 3329 1380 3388 unius
1437 3328 1583 3385 feres
1633 3322 1918 3397 iurgium.
2002 3330 2334 3400 auxiliaret,
2366 3330 2594 3388 tandem
2625 3331 2765 3389 sein
2791 3331 3072 3390 ditionem
3097 3334 3423 3395 Chlodoveo
3450 3337 3704 3398 tradunt.

209 3448 391 3509 quam
442 3428 603 3488 omni
656 3434 911 3499 tempore
959 3430 1021 3480 tu
1070 3428 1125 3479 et
1174 3420 1259 3479 tui
1305 3413 1779 3476 scandalizemini

2057 3437 2149 3479 am
2181 3435 2317 3477 cum
2354 3420 2423 3477 de
2470 3419 2670 3493 prmlio
2702 3429 3015 3479 memorato
3045 3424 3317 3496 superius
3345 3424 3708 3487 Ghlodoveus

212 3505 471 3582 Francis.
518 3518 658 3575 Haec
697 3515 941 3574 audiens
967 3509 1381 3576 Gundobadus,
1428 3505 1748 3563 exercitum
1794 3507 1921 3574 post
2002 3511 2202 3569 Remis
2232 3524 2272 3548 ω
2331 3510 2534 3568 fuisset
2580 3526 2865 3581 reversus,
2918 3511 3067 3569 clam
3116 3530 3149 3570 θ
3191 3521 3386 3572 εδηειο
3432 3515 3711 3578 Remedio

210 3620 444 3687 tergum
466 3603 886 3666 (ἷίποῖθοίλίίάἱθ
914 3598 1318 3659 Γθῖθυίῖιηάυῑη
1349 3610 1370 3634 ⁸
1399 3594 1615 3667 dirigit,
1651 3592 1753 3666 ειυί
1782 3607 1922 3648 00ιῖ-
2007 3602 2357 3661 Rhemensis
2380 3602 2544 3660 urbis
2572 3602 2838 3677 episcopo
2869 3606 3016 3675 lCap.
3050 3604 3159 3675 3i),
3189 3606 3510 3666 attrahente
3535 3609 3709 3667 etiam

212 3709 525 3776 sequentes
563 3699 859 3755 thesauros
906 3700 960 3750 et
1004 3691 1334 3748 basternam
1374 3687 1921 3776 cunctaretenlent.
2008 3691 2409 3751 Chrotechilde
2446 3692 2661 3765 regina,
2699 3692 2969 3765 baptismi
3012 3694 3193 3765 gratia
3219 3710 3353 3754 cum
3384 3713 3490 3756 sex
3527 3700 3709 3759 milli-

213 3794 638 3857 Chrotechildis
680 3806 815 3851 vero
844 3803 979 3848 cum
1008 3782 1519 3858 appropinquasset
1549 3774 1853 3833 Villariaco
1886 3774 1923 3843 ί,
2008 3780 2116 3838 bus
2146 3780 2503 3839 Francorum
2531 3781 2594 3838 in
2640 3780 2854 3839 Pascha
2881 3794 2908 3819 η
2954 3781 3187 3841 Domini
3215 3794 3579 3847 consecratus
3604 3796 3709 3849 est.

208 3889 273 3946 in
306 3903 422 3961 qua
446 3883 807 3943 Cblodoveus
834 3876 1135 3941 residebat,
1165 3872 1226 3929 in
1253 3868 1545 3961 territorio
1557 3863 1920 3961 _Trecass_i_n‘o,
2008 3872 2149 3931 cum
2189 3890 2222 3930 ει
2268 3880 2462 3931 sancio
2522 3873 2799 3931 Remedio
2842 3874 2903 3931 in
2968 3874 3134 3932 Αιδίε
3189 3875 3492 3949 Evangelii
3549 3878 3716 3939 lectio

211 3978 411 4037 adhuc
438 3982 748 4047 antequam
790 3967 1066 4027 terminos
1115 3958 1472 4047 Burgundiai
1507 3953 1926 4047 Chrotechiidis
2008 3961 2335 4020 Chlodoveo
2390 3962 2854 4029 annuntiaretur,
2916 3961 3163 4033 qualiter
3207 3962 3492 4023 Dominus
3520 3972 3715 4025 noster

208 4065 557 4141 praeteriret,
592 4044 812 4134 rogans
842 4072 939 4115 eos
967 4071 1000 4112 a
1052 4051 1269 4126 quibus
1314 4046 1650 4115 ducebatur,
1688 4050 1752 4102 ut
1789 4061 1802 4100 (

2057 4064 2175 4106 asus
2206 4047 2467 4141 Cliristus
2518 4048 2589 4105 ad
2634 4048 2955 4119 passionem
2996 4056 3248 4118 venerat,
3291 4050 3445 4108 dixit
3474 4052 3716 4113 Chlodo-

209 4156 407 4215 decim
464 4154 663 4211 leuvas
711 4159 736 4194 ε
785 4149 846 4205 in
902 4152 1174 4217 utrasque
1228 4144 1415 4213 Partes
1463 4137 1535 4193 de
1583 4132 1925 4207 Burgundia
2008 4155 2195 4197 veus:
2235 4136 2293 4195 Si
2333 4153 2437 4209 ego
2470 4138 2685 4194 ibidem
2718 4154 2849 4194 cum
2884 4137 3120 4195 Francis
3152 4138 3298 4196 meis
3326 4140 3711 4213 fuissem,in-

209 4248 549 4325 praedarent
609 4248 664 4300 et
716 4237 1109 4325 incenderent.
1162 4231 1327 4325 Quod
1372 4243 1520 4325 cum
1566 4224 1929 4325 permittepte
2004 4228 2221 4302 juriam
2250 4234 2388 4291 561
2430 4228 2555 4300 ejus
2584 4228 2987 4285 vindicassem.
3036 4228 3165 4285 Jam
3196 4228 3368 4287 ﬁdem
3400 4230 3493 4288 his
3518 4234 3711 4294 verbis

215 4310 554 4395 Chlodoveo
608 4331 809 4388 fuisset
858 4324 1185 4399 impletum,
1262 4318 1412 4377 dixit
1462 4310 1924 4374 Chrotecliildis:

213 4422 453 4483 Gratias
478 4420 582 4478 tibi
611 4434 738 4491 ago,
772 4415 927 4473 Deus
944 4412 1328 4483 omnipotens,
1359 4406 1513 4481 quod
1539 4405 1773 4463 initium
1805 4402 1930 4459 vin-

210 4515 395 4573 dictae
431 4513 500 4570 de
532 4508 891 4583 genitoribus
920 4503 1011 4564 vel
1045 4500 1318 4560 fratribus
1347 4498 1491 4554 meis
1519 4495 1707 4583 video.

290 4601 421 4661 XX.
485 4580 651 4657 Tunc
701 4597 772 4654 ad
832 4606 1088 4667 praesens
1144 4586 1468 4647 Cblodoveo
1504 4584 1524 4614 "
1574 4580 1921 4657 perducitur,

213 4805 535 4860 Suissionas
571 4797 813 4851 nuntiat.
871 4794 1014 4853 Boh.,
1078 4800 1322 4843 narrans
1370 4785 1535 4851 fuisse
1583 4781 1802 4834 bonetas
1833 4777 1925 4841 (al.

212 4893 321 4939 m.,
344 4872 617 4937 honestas)
641 4885 701 4921 su
736 4868 992 4933 gestiones
1022 4864 1263 4939 nuntiat.

273 4928 493 5005 λ’Βυὴη
537 4928 659 4994 ϐείω.
719 4928 772 4992 et
829 4940 999 4999 Chrs.,
1060 4933 1401 5005 desponsam.
1448 4928 1543 5005 ilic

215 4996 367 5074 mosi
392 4996 593 5069 dicitur
626 5011 920 5064 secundum
967 4996 1415 5073 tcgemVSatt'cam
1452 5004 1502 5050 in
1548 4996 1775 5074 formula
1814 5008 1919 5074 χιὶο

209 5066 343 5144 {EH
368 5066 510 5152 apud
562 5066 892 5148 ttignonium,
940 5066 1063 5146 post
1102 5074 1340 5152 Marculli
1388 5072 1783 5152 i'ormulas,mp.
1813 5066 1922 5130 219.

208 5165 351 5215 Vide
372 5139 437 5213 ei
471 5164 591 5223 ejus
618 5139 773 5208 notas
805 5159 858 5203 in
880 5139 1069 5223 varias
1101 5140 1378 5223 formulas,
1410 5157 1478 5223 na
1499 5147 1619 5223 amp
1672 5139 1780 5189 364.

276 5212 307 5265 ί
341 5212 464 5284 (ian.
500 5212 553 5281 Et
576 5228 763 5280 Chesn.
801 5225 892 5285 al.,
930 5220 1235 5273 Gavattono.
1271 5215 1415 5274 Boh.,
1441 5212 1753 5267 Cavitonno.

279 5316 299 5336 τ
341 5278 601 5355 basterna
639 5278 889 5348 villiculi'
928 5303 1105 5357 genus
1168 5292 1286 5340 erat
1334 5291 1598 5338 matronis
1645 5278 1925 5345 proprium

210 5376 371 5443 quod
431 5378 633 5424 tectum
688 5372 821 5423 erat,
884 5370 944 5416 ut
993 5376 1060 5414 ex
1125 5360 1457 5443 Hierpnymo
1505 5360 1561 5405 in
1616 5364 1736 5415 cap.
1798 5359 1927 5443 [sxw

403 5420 629 5508 colligit?
653 5420 954 5496 Aliaserra,
989 5445 1113 5486 cum
1147 5427 1500 5508 umbraculis,
1528 5436 1642 5490 qua
1673 5433 1768 5473 nos
1797 5420 1923 5469 dor-

205 5501 453 5573 mitoria
480 5501 839 5579 interpretari
872 5519 1149 5579 possumus
1173 5502 1254 5579 vet
1288 5501 1587 5579 basternas.

273 5566 495 5642 i"Cia—1'.
528 5566 639 5655 ecl
673 5585 829 5644 Boh.,
873 5566 1293 5631 'scandatizeris.
1359 5572 1486 5623 Can.
1551 5573 1607 5621 et
1666 5567 1817 5621 Freh.
1876 5566 1931 5617 et

203 5666 303 5718 Ch.
343 5663 433 5721 aL,
462 5660 742 5711 vexentur.
1107 5719 1119 5721 _
1292 5719 1299 5721 Α
1382 5716 1392 5721 _
1494 5710 1510 5721 ,
1578 5710 1585 5717 ,

279 5709 304 5766 δ
344 5709 509 5792 6511.,
526 5709 1183 5797 vprzsentandam,_Bo_l_1._,
1218 5710 1599 5797 τειρηιαηςὶα..’.
1632 5709 1930 5797 retentant:

276 5810 299 5846 τ
339 5780 498 5859 6&3"
520 5780 820 5867 supersunt
883 5780 1032 5861 apud
1093 5780 1425 5875 Tricassipos
1470 5784 1605 5845 loca,
1660 5793 1782 5849 quin
1828 5780 1934 5831 huc

516 5915 774 6012 Ρλξτιειοι..
815 5902 1017 5967 LXXI.

1601 4926 1925 4977 Francorum

2010 4319 2336 4386 ostendens,
2379 4316 2763 4375 christianum
2800 4332 2861 4373 se
2892 4331 3091 4373 verum
3124 4332 3247 4374 esse
3274 4317 3540 4378 aﬂirmat.

2082 4410 2261 4468 XXII.
2296 4408 2669 4482 Godegiselus
2708 4410 2879 4465 l‘rater
2925 4406 3272 4466 Gundebadi
3313 4408 3580 4469 solatium
3610 4429 3713 4486 per

2011 4500 2224 4573 legatos
2276 4498 2599 4558 Cblodoveo
2646 4496 2914 4572 postulat,
2970 4512 3105 4555 cum
3157 4512 3294 4556 eum
3344 4502 3713 4574 comperisset

2011 4590 2389 4653 fortissimum
2422 4589 2483 4647 in
2506 4586 2753 4663 prteliis;
2788 4586 3148 4660 promittens,
3178 4601 3200 4628 ο
3230 4587 3278 4646 si
3304 4586 3534 4662 ejecerit
3553 4589 3712 4650 Gun-

2010 4769 2260 4819 revocari
2316 4767 2567 4830 possunt,
2623 4762 2803 4815 Vitters
2858 4761 3064 4812 scilicet
3104 4759 3249 4812 haud
3296 4761 3485 4823 procul
3516 4762 3584 4814 ab
3614 4766 3703 4817 Ar-

2009 4840 2157 4891 ciaco
2206 4842 2260 4891 et
2316 4838 2452 4889 ipsis
2511 4835 2695 4886 Trecis
2754 4837 2807 4884 et
2870 4830 3073 4888 Viam-1',
3128 4830 3284 4881 vicus
3326 4833 3484 4891 paulo
3526 4834 3709 4886 Trecis

2011 4912 2290 4969 remotior,
2332 4908 2501 4959 Barro
2535 4906 2600 4958 ad
2624 4904 2805 4955 Albam
2836 4912 3191 4963 propinquus.
3228 4904 3298 4949 lin
3330 4899 3464 4969 uilla
3501 4902 3711 4956 Iliaco?

2075 4993 2099 5028 α
2134 4982 2234 5033 Can
2261 5019 2274 5038 ,
2301 4979 2491 5031 leucas.
2524 4978 2658 5026 Ctar.
2682 4972 2851 5025 altera
2884 4983 3045 5023 manu
3074 4972 3318 5033 exponit,
3348 4968 3544 5035 tangas.

2071 5053 2092 5082 δ
2129 5053 2277 5106 Εάαίί,
2314 5051 2387 5101 ad
2407 5045 2751 5113 praesentiam
2778 5041 3076 5094 Chlodovei-

2066 5128 2078 5155 ⁸
2113 5125 2222 5181 Ed.,
2253 5125 2315 5174 ut
2346 5120 2669 5172 Christianus
2701 5117 3004 5179 eﬂiceretur.

2061 5196 2076 5240 t
2107 5196 2283 5256 Freh.,
2326 5191 2661 5243 nominatus.
2706 5188 2766 5237 In
2798 5186 2915 5237 cod.
2950 5186 3088 5237 Ciar.
3128 5186 3247 5239 haec
3278 5200 3385 5241 vox
3417 5188 3696 5244 omittitur.

2070 5268 2091 5298 ι
2126 5254 2275 5321 (ἷιιηη⁷
2314 5261 2536 5314 blandis.
2572 5259 2712 5310 Utar.
2738 5263 2790 5310 et
2820 5257 2965 5317 Boh.,
2993 5256 3296 5311 btandwiis.
3740 5254 3741 5257 “

2042 5335 2277 5388 “¹1“ἰ“θὴ.
2324 5339 2378 5387 et
2439 5334 2533 5383 Uti.
2591 5331 2682 5389 aL,
2729 5335 2946 5381 centum
3008 5334 3248 5393 quatuor
3295 5330 3473 5383 armis.
3528 5330 3699 5386 Locus

2010 5409 2301 5470 obscurus,
2334 5418 2494 5473 qurm
2526 5403 2617 5455 alii
2648 5414 2901 5455 auctores
2931 5406 3041 5473 non
3062 5406 3359 5464 exponunt.

2072 5490 2103 5511 ι·
2137 5480 2301 5543 (ἆξαι,
2338 5472 2538 5529 Remus.
2566 5474 2711 5534 Boh.,
2744 5475 2989 5525 Remus...
3021 5472 3307 5536 ingressus.

2078 5564 2099 5585 '
2136 5541 2295 5605 Hunc
2351 5550 2520 5603 secuti
2580 5552 2707 5600 sunt
2767 5546 3106 5602 Btncmarus.
3174 5541 3517 5606 Flodoardus,
3595 5551 3701 5603 etc.

2012 5626 2115 5677 Alii
2165 5629 2344 5675 tamen
2383 5633 2453 5673 ex
2518 5618 2689 5669 sancti
2752 5616 2886 5668 Aviti
2939 5614 3163 5677 epistola
3220 5610 3588 5670 Chlodoveum
3648 5621 3705 5673 in

2014 5696 2292 5749 Nativitate
2328 5690 2533 5743 Domini
2560 5688 2887 5751 baptizatum
2916 5685 3083 5737 fuisse
3112 5681 3319 5736 volunt.

2075 5777 2097 5801 °
2130 5765 2279 5829 Boh.,
2304 5762 2623 5829 promittam
2644 5774 2699 5813 se
2729 5759 2835 5813 si...
2866 5754 3163 5810 dissolvere.

3364 5863 3429 5927 19
