3966 6348
309 339 412 398 587
1375 329 1432 385 s.
1475 329 1833 389 naaaoan
1874 332 2207 392 ariseorl
2252 333 2725 395 TURONENSIS
3700 298 3828 402 .588

311 465 599 526 dobadum
624 474 757 519 cum
786 472 889 515 suo
918 454 1181 539 solatioa
1211 470 1405 525 regno,
1443 456 1723 515 tributum
1755 460 2291 532 partibusAmultis
2323 462 2664 520 muneribus
2692 461 2991 521 ecclesiam
3018 464 3198 522 sancti
3231 465 3489 540 Martini,
3521 476 3575 527 et
3618 472 3825 529 sancti

313 551 623 617 Chlodovei
672 546 1008 605 dissolveret
1065 547 1222 616 (Cap.
1262 544 1368 615 3‘2).
1414 544 1809 605 Gundobadus
1848 552 2017 621 igno—
2096 550 2303 609 Hilarii
2334 553 2558 621 ditavit,
2605 569 2853 626 quorum
2905 554 3083 613 fultus
3122 556 3344 615 auxilio
3382 559 3507 617 hzec
3547 562 3831 619 cernitur

308 662 442 707 rans
466 641 667 701 dolum
701 638 889 695 fratris
916 634 1258 707 Godegiseli,
1291 634 1359 691 ad
1400 651 1536 691 eum
1570 637 1729 693 misit
1759 638 1953 696 dicens
1997 658 2009 697 :
2094 642 2383 715 implesse.
2439 644 2703 718 Cumque
2758 644 3012 703 Parisius
3073 650 3449 721 perrexisset,
3491 651 3570 708 ibi
3604 652 3823 713 cathe-

306 737 451 796 Veni
482 742 548 792 ut
576 728 911 788 resistamus
932 724 1168 782 Francis
1198 724 1571 793 unanimiter,
1614 729 1856 800 utquod
1880 729 2011 786 alite
2091 732 2251 790 drain
2280 734 2442 808 regni
2479 736 2570 792 sui
2603 735 2900 792 constituit
2932 738 3081 807 (Cap.
3112 737 3218 809 38).
3402 810 3409 815 κ

305 834 503 901 gentes
549 836 732 895 passae
771 823 929 888 sunt,
981 832 1095 873 non
1150 815 1508 888 perferamus
1559 831 1678 872 ros.
1738 818 1811 874 At
1861 820 2004 877 ille:
2161 822 2367 880 XXVI.
2425 823 2821 881 Theudericus
2884 825 3149 900 ejusdem
3214 825 3393 896 ﬁlius,
3468 828 3826 888 civitatibus

304 914 545 981 Vadam,
592 909 803 981 inquit,
857 913 911 961 et
949 902 1235 977 praebeam
1267 904 1369 960 tibi
1413 903 1726 962 auxilium.
1761 905 2007 965 Chlodo-
2090 913 2268 985 captis
2312 913 2461 970 circa
2492 915 2799 983 maritima,
2841 913 3005 987 jussu
3047 916 3224 988 patris
3259 916 3413 974 ﬁlius
3452 918 3521 975 ad
3549 935 3684 977 eum
3718 936 3827 977 re-

304 1016 443 1061 veus
493 1012 625 1055 cum
674 993 907 1051 Francis
959 990 1234 1047 adversus
1292 991 1394 1047 hos
1429 990 1575 1048 duos
1624 1008 1784 1064 reges
1825 1004 2008 1056 castra
2091 1001 2337 1058 vertitur
2371 1004 2581 1072 (Ibid).
2626 1003 2812 1061 Filius
2855 1003 3127 1074 Sigibcrti
3165 1006 3335 1077 regis,
3368 1006 3603 1064 nomine
3633 1005 3824 1065 Chlo-

301 1081 1015 1156 Divronensicanipaniaa
1045 1081 1258 1137 direxit
1286 1080 1355 1137 ad
1380 1081 1665 1152 praelium.
1697 1083 2005 1159 Godegise-
2088 1089 2316 1147 dericus
2365 1090 2507 1161 [Al.,
2566 1090 2967 1165 Chlodoveus],
3019 1107 3193 1165 quem
3243 1109 3375 1151 cum
3431 1095 3690 1153 exercitu
3736 1094 3819 1151 in

302 1190 395 1245 lus
445 1182 771 1242 Chlodoveo
841 1177 1235 1251 conjungitur,
1286 1192 1353 1235 ac
1414 1185 1660 1252 uterque
1713 1183 2004 1240 exercitus
2085 1176 2209 1250 ejus
2247 1177 2449 1236 solatio
2489 1188 2684 1237 contra
2724 1180 2962 1239 Gottbos
2992 1181 3353 1240 Chlodoveus
3390 1184 3505 1253 (At.
3538 1183 3817 1241 Theodo-

303 1274 651 1339 Gundobadi
706 1269 993 1345 populum
1050 1268 1256 1326 atterit.
1310 1270 1382 1325 At
1426 1268 1528 1326 ille
1564 1270 1764 1328 dolum
1815 1274 2005 1332 fratris
2085 1266 2254 1338 ricus)
2289 1266 2584 1332 habuerat,
2632 1268 2900 1326 liciniise
2935 1268 3147 1339 verbis,
3194 1268 3338 1327 dum
3379 1286 3480 1343 per
3529 1271 3815 1331 Scaldem

303 1378 651 1441 cognoscens
678 1368 833 1431 terga
881 1357 1070 1425 vertit,
1126 1356 1391 1413 Rhodani
1438 1359 1621 1431 ripam
1666 1375 2006 1432 percurrens
2030 1392 2061 1405 κ
2086 1355 2333 1414 ﬂuvium
2363 1359 2679 1431 navigaret,
2708 1365 3001 1417 attractus.
3032 1359 3159 1432 Ipse
3191 1377 3328 1420 vero
3365 1370 3581 1435 patrem
3612 1379 3812 1422 suum

302 1453 663 1516 Avenionem
709 1448 913 1505 urbem
946 1444 1286 1516 ingreditur.
1330 1444 1725 1517 Godegiselus,
1774 1447 2005 1506 obtenta
2088 1446 2439 1520 Sigibertnm
2484 1450 2547 1507 in
2574 1449 2865 1507 Bochonia
2895 1451 2913 1487 ί
2963 1450 3250 1508 interfecit
3276 1451 3489 1521 dolose,
3521 1460 3574 1510 et
3608 1453 3731 1527 ipse
3767 1471 3811 1511 a

302 1546 580 1611 victoria,
660 1537 941 1611 promissa
1000 1533 1324 1591 Chlodoveo
1381 1549 1455 1591 ex
1520 1543 1680 1608 parte
1728 1537 2000 1612 impleas,
2088 1537 2521 1608 percusseribus
2549 1536 2858 1595 Chlodovei
2887 1539 3223 1597 interfectus
3261 1546 3364 1598 est.
3398 1539 3662 1615 Regnum
3704 1540 3810 1599 Si-

302 1640 706 1704 Viennamque
731 1624 1095 1697 triumphans
1110 1622 1147 1679 ".
1175 1622 1539 1681 Chlodoveus
1562 1641 1665 1683 rex
1687 1636 1812 1698 post
1842 1627 2003 1686 Gun-
2084 1625 2289 1695 giberti
2318 1626 2535 1701 absque
2567 1626 2689 1685 ullo
2713 1626 2917 1700 praelio
2945 1643 3076 1686 cum
3117 1628 3398 1686 thesauris
3424 1628 3805 1689 Chlodoveus

298 1726 588 1789 dobadum
616 1718 831 1792 dirigit,
851 1728 1101 1786 eumque
1128 1712 1196 1770 de
1214 1712 1441 1770 civitate
1467 1716 1693 1772 extrahi
1712 1719 2000 1791 prmcepit.

2085 1719 2412 1791 assumpsit.

372 1813 583 1876 XXIII.
627 1809 865 1867 Aridius
903 1802 1396 1878 prudentissimus
1448 1804 1538 1861 vir
1588 1819 1722 1862 cum
1762 1805 2064 1875 Gundo—B
2156 1805 2390 1864 XXVII.
2410 1805 2779 1867 Chararicum
2809 1825 3002 1883 regem
3025 1816 3317 1883 parentem
3343 1825 3518 1869 suum
3548 1810 3807 1870 Chlodo—

298 1908 445 1970 bado
505 1906 661 1962 intra
714 1904 895 1956 castra
956 1895 1180 1965 sedens,
1252 1894 1323 1951 ad
1385 1893 1811 1961 Gundobadum
1871 1899 1996 1958 ait:

299 2001 528 2074 Oportet
552 2002 606 2050 te
637 1992 820 2048 lenire
846 1988 1024 2060 hujus
1053 1987 1310 2044 hominis
1336 1988 1617 2045 feritatem
1650 1990 1852 2063 (Ibid).
1884 1990 2003 2063 Ego

264 2087 583 2148 simulans
630 2090 744 2138 ate
792 2079 1020 2151 fugere,
1069 2075 1141 2133 ad
1175 2091 1309 2133 eum
1364 2078 1638 2150 transibo,
1685 2086 1750 2137 ut
1794 2079 2001 2138 faciam

298 2177 451 2255 quod
500 2188 690 2247 neque
716 2177 788 2238 te,
820 2183 1008 2241 neque
1042 2167 1194 2224 hanc
1224 2175 1425 2224 noceat
1456 2167 1769 2240 regionem.
1803 2170 1998 2240 Quod-

296 2281 545 2340 cumque
563 2262 665 2321 tibi
685 2275 787 2334 per
808 2273 1003 2315 meum
1026 2256 1291 2330 injunget
1315 2257 1644 2328 consilium,
1670 2258 2001 2319 faciendum

271 2352 582 2429 xpromitte,
613 2350 793 2406 donec
823 2360 1053 2403 causam
1080 2352 1237 2401 tuam
1268 2343 1550 2402 Dominus
1579 2353 1892 2419 prosperet.

364 2442 572 2503 XXIV.
621 2438 861 2497 Aridius
889 2432 1214 2493 valedicens
1244 2433 1599 2493 Gundobado
1641 2436 1711 2493 ad
1751 2437 1998 2496 Chlodo—

294 2548 466 2594 veum
498 2528 768 2604 perrexit,
796 2526 1023 2583 dicens:
1062 2524 1235 2581 Illum
1258 2524 1543 2598 perfidum
1574 2523 1999 2585 Gundobadum

293 2624 654 2695 relinquens,
683 2626 801 2675 tuae
829 2615 1029 2687 gloriae
1058 2630 1149 2671 me
1170 2614 1345 2671 offero
1372 2625 1392 2650 ο
1414 2616 1629 2683 (Ibid).
1664 2616 1999 2688 Benigniter

289 2733 323 2775 a
352 2714 679 2774 Chlodoveo
708 2708 999 2782 recipitur.
1031 2705 1281 2775 Eratque
1324 2704 1622 2776 jucundus
1668 2706 1726 2763 in
1759 2708 1994 2782 fabulis,

290 2815 566 2868 strenuus
610 2804 669 2859 in
722 2791 1005 2868 consiliis,
1047 2798 1238 2870 justus
1267 2796 1327 2852 in
1356 2796 1596 2867 judicio,
1644 2805 1698 2854 et
1742 2798 1799 2855 in
1840 2814 1993 2856 com-

290 2900 467 2954 misso
507 2894 532 2929 ά
562 2891 765 2948 fidelis.
801 2887 960 2945 Dixit
1003 2885 1074 2942 ad
1110 2884 1502 2943 Chlodoveum
1534 2906 1545 2943 :
1587 2884 1709 2944 Tua
1737 2893 1825 2943 est
1875 2887 1997 2945 haec

289 2983 465 3058 regio,
498 2995 676 3054 quare
701 2986 832 3034 “eam
866 2983 1089 3032 vastare
1135 2973 1459 3045 permittis?
1492 2973 1643 3031 Jube
1682 2973 1993 3031 Gundoba-

287 3076 429 3133 dum
469 3070 572 3128 tibi
618 3068 831 3126 tributa
878 3062 1243 3132 solvendum,
1294 3069 1348 3120 et
1389 3063 1580 3134 ipsum
1614 3069 1669 3120 et
1700 3062 1993 3133 regionem

287 3160 633 3222 dominabis.
650 3155 815 3245 Quod
832 3154 879 3212 si
904 3153 1405 3245 nolueritlpertice
1425 3152 1575 3245 quod
1600 3152 1842 3245 coepisti.
1857 3152 1995 3211 Haec
2011 3186 2055 3245 Ο

288 3253 548 3324 injuncta
575 3265 609 3305 a
637 3244 962 3304 Chlodoveo
989 3247 1132 3305 562
1167 3240 1568 3300 Gundobadus
1594 3242 1831 3312 implere
1858 3257 1992 3314 pro-

286 3342 541 3407 mittens,
576 3336 943 3395 Chlodoveus
974 3332 1143 3389 rediit
1170 3331 1229 3387 in
1258 3330 1582 3399 Franciam,
1612 3330 1826 3386 relictis
1856 3346 1993 3387 cum

286 3429 624 3503 Godegiselo
677 3427 939 3501 quinque
1006 3421 1268 3480 millibus
1332 3421 1704 3479 Francorum.
1776 3421 1993 3479 Exiens

286 3520 681 3582 Gundobadus
719 3519 790 3574 de
819 3515 1131 3582 Avinione,
1166 3510 1477 3584 resumptis
1520 3512 1763 3579 viribus,
1804 3512 1990 3569 Gode-

285 3612 535 3687 giselum
579 3609 638 3663 in
670 3605 897 3662 Vienna
935 3602 1273 3670 circumdat,
1320 3616 1420 3672 per
1468 3599 1880 3672 aquaeductum
1928 3597 1990 3654 in

287 3703 580 3760 civitatem
622 3694 952 3768 ingrediens
997 3689 1402 3763 Godegiselum
1446 3690 1750 3747 interfecit.
1808 3690 1990 3747 Fran-

287 3810 384 3852 cos
407 3794 741 3863 aggregatos
774 3785 833 3841 in
869 3798 1047 3840 unam
1075 3789 1293 3838 turrem
1344 3782 1496 3837 ferro
1543 3780 1870 3850 trucidavit,
1902 3778 1988 3837 ni-

287 3883 485 3954 hilque
514 3886 707 3952 postea
738 3872 1065 3930 Chlodoveo
1095 3869 1331 3927 reddere
1361 3870 1669 3942 disponens
1699 3872 1847 3941 (Cap.
1884 3868 1986 3941 33).

357 3968 536 4029 XXV.
580 3964 762 4037 Igitur
789 3960 1053 4018 Alaricus
1101 3974 1204 4015 rex
1256 3958 1599 4017 Gotthorum
1637 3974 1769 4016 cum
1803 3958 1994 4015 amici-

286 4061 394 4119 tias
422 4054 821 4116 fraudulenter
858 4064 991 4107 cum
1028 4047 1353 4105 Chlodoveo
1385 4048 1605 4117 inisset,
1636 4048 1787 4119 quod
1820 4047 1993 4105 Chlo-

284 4150 503 4207 doveus
550 4146 910 4203 discurrente
960 4139 1201 4197 Paterno
1250 4138 1521 4210 legalario
1579 4153 1685 4196 suo
1729 4154 1990 4209 cernens,

283 4239 563 4296 adversus
601 4230 897 4291 Alaricum
925 4242 1085 4285 arma
1128 4236 1469 4296 commovet,
1505 4232 1560 4283 et
1599 4227 1656 4283 in
1692 4228 1994 4301 campania

286 4322 658 4398 Voglavensi,
690 4319 912 4377 decimo
957 4317 1029 4372 ab
1071 4316 1215 4374 urbe
1250 4315 1480 4373 Pictava
1519 4316 1813 4387 milliario,
1852 4318 1989 4375 Ala-

286 4423 473 4480 ricum
497 4415 805 4483 interfecit,
856 4420 910 4470 et
941 4411 1192 4484 plurima
1222 4426 1401 4468 manu
1434 4410 1775 4468 Gotthorum
1809 4411 1990 4469 truci-

284 4511 433 4576 data,
468 4520 708 4579 regnum
754 4503 879 4572 ejus
923 4516 956 4555 a
987 4514 1141 4556 mare
1186 4498 1508 4571 Tyrrheno,
1552 4498 1753 4571 Ligere
1782 4499 1981 4562 ﬂuvio.

286 4606 343 4656 et
369 4594 663 4653 montibus
694 4587 1004 4662 Pyrenaeis,
1030 4601 1218 4654 usque
1250 4584 1539 4642 Oceanum
1572 4599 1727 4641 mare
1753 4601 1785 4641 a
1815 4585 1986 4643 Chlo-

286 4690 468 4745 doveo
522 4687 864 4753 occupatum
934 4682 1017 4731 est
1076 4676 1266 4745 (Capp.
1330 4674 1417 4745 35,
1474 4673 1579 4739 37).
1620 4670 1627 4675 ’
1665 4673 1990 4733 Thesauros

294 4773 500 4834 Alarici
533 4790 565 4830 a
612 4769 818 4828 Tolosa
857 4764 1125 4823 auferens
1171 4779 1367 4822 secum
1411 4762 1666 4823 Parisius
1702 4766 1890 4839 duxit,
1936 4773 1992 4825 et

350 4940 368 4960 ·
402 4929 485 4979 Sic
533 4926 656 4975 Glar
685 4964 697 4985 ,
753 4922 806 4973 id
860 4925 957 4979 est,
994 4922 1046 4972 ni
1096 4918 1271 4979 fallor,
1317 4924 1493 4970 castra
1533 4933 1630 4981 per
1662 4934 1878 4984 campos
1903 4922 1990 4973 Di-

289 5002 580 5052 vionenses
623 4995 838 5050 direxit,
899 4998 1023 5049 etc,
1072 4992 1152 5041 vel
1207 4992 1260 5039 in
1310 5004 1593 5053 campanis
1644 4990 1984 5049 Divionensi;

286 5074 366 5123 sic
410 5081 528 5129 cap.
578 5068 641 5114 ‘15
703 5066 895 5114 tlittlilll'
941 5062 1218 5123 campanis
1269 5061 1642 5125 Vug.avensis.
1703 5063 1831 5115 Edtti
1884 5066 1988 5115 ha-

284 5144 429 5196 bent,
456 5142 632 5187 castra
656 5134 965 5184 Uivionense
996 5132 1359 5197 (Iamplniam
1396 5134 1617 5195 direxit,
1644 5138 1755 5185 etc.

348 5211 370 5239 δ
407 5209 576 5259 Freh..
622 5204 941 5265 triumphat.
997 5204 1125 5254 CM].
1188 5210 1239 5254 et
1284 5204 1441 5254 Caes.
1487 5205 1577 5261 al.,
1623 5204 1983 5257 Avenionem-

284 5286 383 5339 qua
434 5267 803 5331 triumphans,
844 5266 1220 5317 bhtndoveus...
1260 5266 1473 5329 dirigit,
1510 5267 1604 5331 qui
1648 5280 1771 5318 eum
1801 5278 1864 5317 (te
1902 5268 1985 5319 ci-

286 5346 449 5396 vitate
483 5339 759 5393 extrahere
782 5340 1008 5402 possent.

343 5425 361 5445 ε
396 5414 519 5464 Clar
551 5449 565 5472 ,
624 5410 742 5461 Boh.
798 5415 851 5461 et
909 5408 1081 5467 Freh.,
1135 5406 1333 5469 expeti,
1385 5422 1483 5472 pro
1540 5409 1774 5471 gloriam
1829 5413 1985 5462 tuam

280 5483 499 5549 expetit.
555 5483 883 5544 Frequenter
923 5481 1071 5530 enim
1127 5490 1284 5529 casus
1329 5483 1521 5549 sextus
1570 5491 1668 5542 pro
1702 5485 1894 5543 quarto
1931 5484 1983 5533 in

280 5547 385 5608 isto
434 5558 657 5606 auctore
704 5552 932 5603 habetur
980 5551 1033 5602 in
1084 5561 1237 5607 mss,
1303 5547 1447 5612 quod
1482 5550 1653 5602 semel
1696 5552 1984 5606 monuisse

280 5626 415 5678 satis
447 5628 533 5676 sit.

342 5696 363 5725 ⁴¹
398 5696 494 5748 Ch.
518 5694 609 5757 al.,
645 5691 1125 5747 commissionibus.

337 5770 541 5827 etlam,
592 5766 737 5817 levis.
816 5764 909 5815 Ch.
987 5766 1040 5817 et
1096 5761 1247 5815 Freh.
1314 5762 1403 5823 al.,
1459 5762 1682 5822 lenibus,
1753 5764 1977 5817 levibus.

2084 1911 2226 1953 veus
2249 1896 2552 1967 interfecit,
2571 1904 2625 1954 et
2645 1914 2885 1971 regnum
2908 1915 3077 1957 suum
3099 1899 3211 1957 sibi
3238 1900 3496 1958 subdidit
3513 1903 3661 1973 (Cap.
3678 1901 3799 1973 41).

2154 1984 2418 2043 XXVIII.
2460 1985 2925 2059 Ragnacharium
2978 2002 3194 2059 regem,
3235 1995 3408 2063 atque
3459 2003 3628 2046 suum
3680 2004 3803 2061 pa-

2085 2080 2327 2143 rentem,
2364 2072 2725 2131 Chlodoveus
2752 2074 2901 2131 dolis
2930 2074 3217 2133 interfecit
3240 2091 3419 2135 manu
3452 2076 3703 2148 propria,
3733 2084 3805 2134 et

2085 2160 2319 2219 fratrem
2372 2177 2547 2220 suum
2604 2162 2940 2222 Richarium
3007 2164 3273 2222 similiter
3328 2181 3505 2223 manu
3558 2165 3805 2239 propria

2085 2255 2228 2312 563
2261 2250 2552 2323 jugulavit
2580 2252 2727 2323 (Cap.
2776 2249 2889 2318 42).
2910 2276 2917 2283 ι
2942 2251 3207 2325 Regnum
3240 2252 3647 2326 Ragnacharii,
3683 2255 3803 2327 qui

2082 2340 2233 2412 apud
2264 2340 2636 2396 (Jamaracum
2673 2338 2865 2397 sedem
2894 2340 3161 2411 habebat,
3198 2356 3318 2399 suae
3349 2341 3554 2399 ditioni
3588 2342 3801 2414 subje-

2082 2432 2176 2488 cit.
2206 2431 2473 2504 Regnum
2506 2431 2818 2489 Chlodovei
2852 2433 3107 2491 maxime
3138 2448 3239 2506 per
3270 2440 3413 2491 totas
3449 2433 3667 2493 Gallias
3697 2434 3804 2492 di—

2084 2519 2310 2577 latatur.
2363 2519 2628 2578 Studiose
2664 2522 2944 2591 tractavit,
2980 2528 3043 2579 ut
3084 2520 3286 2580 nullus
3332 2522 3401 2579 de
3431 2523 3553 2580 suis
3582 2537 3804 2595 paren-

2084 2608 2237 2666 tibus
2265 2615 2606 2682 superesset,
2638 2609 2746 2666 nisi
2777 2610 2847 2667 de
2878 2625 2981 2667 suo
3010 2611 3250 2680 semine,
3284 2610 3385 2684 qui
3414 2618 3702 2683 regnaret.

2152 2697 2357 2755 XXIX.
2408 2697 2632 2755 Mortuo
2664 2698 3007 2769 Chlodoveo,
3051 2700 3309 2771 sepultus
3346 2706 3430 2758 est
3454 2701 3516 2757 in
3546 2700 3804 2761 ecclesia

2081 2788 2263 2845 sancti
2318 2789 2464 2845 l’etri
2507 2788 2766 2861 apostoli,
2818 2805 2991 2862 quam
3023 2806 3129 2848 suo
3165 2806 3335 2863 opere
3382 2798 3805 2852 construxerat

2080 2877 2230 2948 (Cap.
2264 2875 2369 2946 43).
2401 2876 2553 2935 Obiit
2584 2884 2703 2949 post
2733 2870 3015 2947 Voglcnse
3054 2888 3080 2923 ε
3121 2880 3338 2937 bellum
3368 2895 3523 2937 anno
3553 2881 3796 2953 quinto.

2078 2962 2343 3034 Regnum
2375 2964 2560 3020 tenuit
2586 2964 2757 3021 annis
2784 2964 3039 3037 triginta.
3064 2967 3113 3022 A
3144 2966 3387 3023 transitu
3417 2966 3595 3022 sancti
3627 2964 3799 3023 Mar-

2079 3050 2184 3107 tini
2214 3066 2397 3124 usque
2425 3050 2495 3108 ad
2527 3051 2833 3109 transitum
2865 3051 3176 3110 Chlodovei
3202 3053 3351 3110 fiunt
3381 3070 3518 3112 anni
3547 3063 3797 3114 centum

2076 3138 2399 3196 duodecim.
2471 3139 2894 3197 Chrotechildis
2948 3142 3150 3214 regina
3203 3142 3275 3198 ad
3346 3141 3551 3200 limina
3600 3146 3803 3203 sancti

2076 3229 2309 3287 Martini
2338 3229 2589 3287 Turonis
2614 3231 2970 3289 orationibus
2993 3240 3049 3289 et
3076 3232 3294 3305 vigiliis
3318 3232 3677 3305 pervacabat.

2146 3318 2324 3375 XXX.
2361 3317 2615 3387 Quatuor
2639 3319 2749 3376 ﬁlii
2779 3318 3113 3391 Chlodovei,
3146 3322 3202 3377 id
3232 3330 3318 3378 est
3362 3321 3799 3395 Thcudericus,

2076 3409 2505 3481 Chlodomeres,
2561 3409 2964 3468 Childebertus
3016 3417 3071 3467 et
3126 3409 3473 3481 Chlotarius,
3538 3428 3797 3484 regnum

2076 3501 2204 3570 ejus
2234 3513 2403 3570 aequo
2429 3497 2629 3555 ordine
2653 3499 2805 3557 inter
2830 3516 2890 3556 se
2916 3499 3238 3558 diviserunt
3269 3502 3410 3568 (Lib.
3436 3514 3517 3568 IIl,
3553 3519 3678 3573 cap.
3716 3504 3797 3574 t).

2078 3584 2331 3644 Sortitus
2374 3592 2458 3643 est
2506 3584 2701 3642 sedem
2752 3586 3151 3645 Theudericus
3179 3587 3389 3658 Mettis,
3437 3589 3798 3648 Chlodome-

2076 3690 2166 3731 res
2201 3673 2555 3741 Aurelianis,
2602 3673 3008 3749 Cbildebertus
3047 3675 3324 3745 Parisius,
3360 3685 3414 3733 et
3454 3676 3803 3739 Chlotarius

2078 3760 2428 3820 Suessionis.
2460 3760 2856 3819 Theudericus
2885 3762 3132 3820 habebat
3152 3763 3275 3836 jam
3301 3764 3512 3837 ﬁlium,
3536 3768 3795 3828 nomine

2076 3851 2564 3919 Theudebertum,
2597 3850 2799 3908 utilem
2828 3860 2883 3909 et
2911 3859 3235 3912 strenuum.

2146 3942 2355 4000 XXXI.
2388 3941 2717 4000 Amalricus
2760 3942 2919 4000 filius
2946 3943 3162 4000 Alarici
3193 3958 3449 4004 sororem
3486 3962 3695 4007 eorum
3727 3951 3800 4009 in
3892 3972 3895 3973 ν

2075 4033 2516 4090 matrimonium
2565 4029 2800 4103 accepit,
2843 4046 2944 4104 per
2977 4046 3154 4103 quam
3200 4031 3572 4093 Barcennona
3606 4040 3793 4108 [Leg.,

2075 4130 2371 4195 prOpter...
2414 4121 2772 4191 Barcinonze]
2816 4136 2849 4178 a
2887 4121 3211 4182 tlhilderico
3247 4122 3270 4153 ’⁵
3306 4131 3362 4183 et
3411 4125 3654 4185 Francis
3682 4144 3794 4187 oc-

2076 4215 2230 4272 cisus
2254 4221 2337 4271 est
2365 4214 2547 4285 (Ibid.,
2583 4230 2742 4285 capp.
2780 4212 2833 4281 2,
2868 4212 2938 4283 3).

2147 4301 2381 4360 XXXII.
2427 4302 2571 4359 Dani
2603 4308 2803 4359 evectu
2841 4301 3032 4358 navali
3083 4301 3298 4361 Gallias
3337 4306 3562 4377 petunt,
3608 4307 3675 4365 in
3705 4323 3800 4367 re-

2075 4410 2188 4467 gno
2222 4392 2565 4451 Theuderici
2594 4392 2851 4461 irruunt,
2880 4406 2913 4448 a
2952 4390 3398 4451 Theudebertoi
3433 4394 3556 4453 ﬁlio
3584 4395 3796 4457 Theu-

2073 4484 2251 4541 derici
2318 4488 2684 4556 superantur,
2756 4496 3109 4557 omnemque
3164 4484 3420 4558 praedam
3478 4492 3534 4543 et
3597 4488 3792 4547 vitam

2069 4575 2407 4632 amiserunt.

2142 4664 2407 4723 XXXIII.
2440 4663 2870 4738 Thoringorum
2917 4671 3029 4725 tres
3061 4666 3260 4725 fratres
3297 4665 3794 4739 regnabant,‘Ba-

2072 4760 2298 4819 dericus
2332 4760 2469 4830 [Al.,
2500 4757 2877 4835 Baldericus],
2928 4761 3334 4821 Ermenfridus
3364 4769 3420 4821 et
3444 4760 3797 4823 Bertharius

2074 4914 2230 4975 Boh.,
2267 4913 2424 4970 infra,
2452 4914 2736 4975 navigaret
2766 4914 2842 4965 ad
2865 4918 3123 4968 tractum.
3358 4952 3362 4956 ι

2136 4986 2154 5022 τ
2190 4986 2338 5044 Editi,
2391 4984 2701 5051 Burconia;
2756 4986 2846 5048 al.,
2899 4985 3239 5050 Burgundia,
3291 4986 3595 5052 Burgunia,
3629 4984 3788 5040 Bur-

2070 5056 2264 5107 chonia
2288 5055 2444 5108 sitva.
2928 5080 2931 5081 ν

2136 5139 2159 5174 s
2198 5128 2357 5185 Boh.,
2397 5127 2736 5190 t'oglavense;
2759 5127 2849 5187 al.,
2897 5128 3223 5192 Vogtadense.

2132 5199 2152 5227 "
2185 5198 2491 5261 Legendum
2542 5196 2891 5251 Chitdeberlo-
2967 5200 3200 5252 Barcino
3253 5198 3387 5251 urbs
3450 5201 3787 5266 episcopalis

2068 5271 2366 5332 provinciae
2435 5270 2875 5329 Tarraconensis,
2946 5271 3224 5324 hodiernae
3289 5270 3614 5324 Catalauniae
3679 5286 3783 5326 ca-

2067 5344 2164 5404 put
2213 5341 2338 5392 Vide
2372 5341 2623 5404 Gregorii
2645 5342 2845 5393 locum.

2138 5412 2266 5462 iSic
2312 5412 2472 5470 Clar.,
2524 5412 2661 5463 Bih.
2702 5418 2755 5463 et
2793 5414 2928 5473 Can.
2973 5415 3035 5465 At
3082 5410 3231 5463 Freh.
3286 5415 3336 5463 et
3369 5412 3524 5465 Ches.
3576 5415 3669 5467 hic
3694 5429 3792 5469 τις

2070 5486 2163 5545 put
2212 5481 2274 5531 32
2319 5484 2400 5534 sic
2452 5482 2734 5535 inchoant:
2770 5483 2934 5535 A’am’
2977 5500 3007 5534 α
3066 5481 3439 5538 Theudeberto.
3486 5489 3587 5535 etc.
3610 5484 3788 5540 Certe

2068 5555 2121 5603 in
2172 5559 2407 5617 rapitum
2458 5554 2656 5615 indice,
2720 5558 2882 5606 etiam
2928 5557 2981 5607 in
3036 5554 3176 5606 Ciar.
3214 5554 3478 5608 habetur:
3526 5553 3596 5605 De
3641 5556 3786 5609 Ata-

2066 5622 2151 5695 nis
2196 5626 2433 5688 qualiter
2478 5627 2539 5676 in
2593 5637 2774 5690 regno.
2827 5631 2928 5677 etc.
2983 5624 3119 5677 Nihil
3155 5638 3289 5677 vero
3332 5626 3400 5679 de
3449 5626 3624 5687 Danis,
3687 5632 3796 5695 qui

2066 5693 2207 5747 forte
2239 5695 2402 5748 iidem
2452 5699 2595 5756 sunt,
2662 5708 2786 5748 nam
2834 5696 2983 5749 solos
3039 5696 3217 5747 Danos
3267 5700 3533 5749 memorat
3569 5693 3789 5762 Grego-

2064 5765 2197 5819 rius.
2235 5765 2391 5830 Boh.,
2422 5780 2523 5832 pro
2544 5765 2689 5823 Dant
2708 5770 2911 5828 evecta,
2936 5768 3096 5823 habet
3114 5767 3416 5821 Alamanni
3429 5772 3634 5827 evecta.
3663 5774 3783 5824 etc.
