3966 6348
241 353 349 411 589

1322 350 1681 410 HISTORIA
1725 346 2180 410 FBANCOBUM
2222 346 2673 409 EPITOMATA.

3636 356 3743 417 590

240 479 392 549 (Cap.
432 476 521 543 4).
555 474 963 532 Ermenfridus
1010 474 1377 532 Bertharium
1426 474 1729 543 interfecit,
1786 474 2015 535 insti-A
2101 471 2417 530 XXXVIII.
2448 471 2600 529 Inita
2634 488 2770 546 pace
2807 472 2956 530 inter
2994 474 3432 536 Childebertum
3469 486 3525 537 et
3552 482 3743 543 Theu-

240 574 417 639 gante
464 582 647 623 uxore
694 564 1045 622 Ermenfridi
1097 565 1473 638 nequissima,
1507 566 1738 623 nomine
1770 566 1958 623 Amal-

186 660 191 661 “
246 655 442 725 berga,
496 662 551 711 et
578 654 920 712 Badericum
954 670 1299 727 germanum
1333 669 1506 712 suum
1541 670 1672 712 cum
1704 655 1903 712 solatio
1933 667 1955 693 ι

248 743 595 802 Theuderici
651 746 957 802 interfecit.
992 745 1121 818 Ipse
1172 762 1303 803 vero
1342 762 1373 801 a
1406 745 1805 805 Theudeberto
1837 746 1955 804 lilio

247 833 597 893 Tbeuderici
657 835 990 892 interfectus
1043 841 1145 891 est.
1205 834 1471 907 Regnum
1528 834 1955 907 Thoringorum

249 922 607 979 Francorum
637 922 841 979 ditioni
866 922 1165 979 subactum
1196 929 1298 979 est.

326 1011 588 1069 XXXIV.
627 1011 969 1069 Gundobadi
997 1011 1151 1069 ﬁlius
1186 1010 1565 1081 Sigimundus
1594 1012 1747 1086 apud
1778 1012 1960 1070 Gena-

250 1116 495 1159 vensem
528 1099 549 1127 δ
580 1099 805 1167 urbem,
837 1099 975 1156 villa
1005 1098 1341 1168 Quatruvio,
1387 1100 1554 1171 jussu
1582 1101 1758 1173 patris
1788 1100 1960 1159 subli-

251 1196 453 1246 matur
479 1194 626 1253 564
653 1188 715 1245 in
749 1203 1014 1259 regnum,
1044 1186 1264 1244 habens
1295 1203 1534 1245 uxorem
1571 1187 1750 1244 filiam
1777 1186 1961 1245 Theu-

251 1277 435 1335 derici
483 1277 631 1348 regis
668 1278 870 1346 Italiae,
903 1278 1059 1336 unde
1094 1278 1339 1335 habebat
1370 1277 1581 1347 lilium,
1614 1278 1958 1357 nomineSi-

247 1364 682 1437 giricumwap.
715 1367 785 1439 5).
840 1366 1053 1423 Eadem
1100 1374 1344 1436 mortua,
1394 1366 1569 1424 aliam
1605 1369 1776 1426 duxit
1807 1385 1961 1427 uxo-

249 1471 401 1511 rem.
436 1455 645 1514 Filium
678 1471 854 1513 suum
886 1455 1197 1529 Sigiricunt
1226 1473 1487 1516 novercas
1532 1458 1759 1515 insidiis
1782 1460 1958 1532 jussit

248 1543 524 1600 interﬁci.
569 1543 734 1601 Unde
790 1552 983 1617 postea
1037 1544 1240 1602 fortem
1305 1546 1704 1618 pcenitentiam
1759 1563 1955 1618 agens,

252 1631 674 1689 monasterium
719 1640 1047 1690 sanctorum
1098 1635 1539 1705 Agaunensium
1600 1632 1734 1690 miri
1773 1633 1961 1706 operis

251 1719 586 1778 construxit
614 1731 653 1790 ο,
706 1728 759 1778 et
821 1720 935 1778 alia
1012 1721 1177 1793 plura
1231 1721 1579 1779 monasteria
1629 1720 1958 1778 aediﬁcavit.

2037 562 2296 620 doricum
2327 578 2462 619 cum
2504 570 2880 631 sacramento,
2914 563 3062 620 datis
3104 564 3407 627 obsidibus
3435 574 3591 646 (Cap.
3630 575 3734 647 15).

2040 648 2149 707 Sed
2186 650 2432 708 celerius
2462 649 2772 723 rumpitur,
2824 649 3111 725 multique
3146 654 3253 711 lilii
3300 666 3631 719 senatorum
3665 665 3737 724 ob

2040 740 2145 796 hoc
2171 739 2189 774 ι
2218 739 2451 796 servitio
2482 740 2890 811 subjiciuntur.
2924 740 3112 813 Nepos
3141 743 3289 802 beati
3310 747 3572 821 Gregorii
3602 755 3739 813 Lin-

2040 826 2260 899 gonicus
2293 826 2454 885 urbis
2492 828 2761 901 episc0pi,
2794 828 3063 887 Treveris
3089 832 3317 891 cuidam
3349 836 3589 899 barbam
3614 859 3737 903 ser-

2039 913 2225 1009 viens,
2248 915 2493 1009 ingenio
2526 917 2734 975 Leonis
2782 918 3083 991 cujusdam
3121 937 3196 979 ex
3226 923 3374 983 cocis
3400 926 3585 999 ipsius
3625 936 3742 1009 epi-

2041 1005 2213 1077 scopi,
2248 1006 2522 1064 liberatur
2544 1015 2598 1063 et
2626 1008 2940 1069 reducitur.

2111 1094 2372 1152 XXXIX.
2413 1096 2830 1156 Chrotechildis
2883 1100 3080 1172 regina
3132 1120 3267 1164 cum
3315 1108 3455 1169 ﬁliis
3502 1113 3742 1177 Chlodo-

2042 1184 2236 1253 meris,
2266 1200 2411 1275 quos
2458 1185 2667 1256 alebat,
2724 1187 2978 1247 Parisius
3010 1193 3295 1267 resedens,
3327 1214 3539 1275 eosque
3568 1207 3740 1267 unico

2041 1289 2235 1331 amore
2278 1273 2541 1347 diligens,
2588 1275 2986 1337 Cbildebertus
3032 1282 3254 1343 invidia
3304 1288 3376 1345 de
3426 1273 3509 1350 eis
3538 1295 3745 1358 ductus

2040 1364 2399 1424 Chlotarium
2451 1367 2673 1438 suadet,
2722 1374 2784 1426 ut
2822 1368 3283 1433 interficerentur
3313 1379 3470 1451 (Cap.
3507 1382 3611 1455 18).
3652 1387 3743 1447 Ex

2040 1458 2254 1531 quibus
2279 1458 2412 1527 duo,
2475 1458 2881 1518 Theodoaldus
2933 1469 2988 1519 et
3033 1461 3419 1538 Guntharius,
3469 1471 3745 1536 Chlotarii

2042 1565 2221 1608 manu
2254 1551 2478 1623 propria
2508 1551 2962 1611 interﬁciuntur.
2997 1552 3383 1617 Cblodoaldus
3411 1561 3480 1618 ad
3511 1564 3747 1625 clerica-

2043 1646 2168 1697 tum
2218 1639 2503 1709 tondetur,
2537 1640 2891 1716 dignamque
2919 1642 3099 1701 vitam
3126 1661 3329 1717 gerens
3363 1653 3626 1727 transiit;
3672 1659 3745 1717 ad

2042 1729 2210 1801 cujus
2224 1728 2555 1801 sepulcrum
2568 1728 2852 1789 Dominus
2870 1731 3110 1790 virtutes
3124 1734 3399 1809 dignatur
3420 1745 3742 1808 ostendere.

254 1808 677 1867 Cbrotechildis
725 1810 955 1870 assidue
996 1811 1144 1869 ﬁlios
1195 1811 1540 1869 admonebat
1586 1817 1826 1868 mortem
1860 1826 1960 1901 pa-g
1980 1816 2439 1899 BTheudericus
2472 1818 2591 1876 ﬁlio
2624 1834 2729 1878 suo
2754 1808 3204 1882 Tbeudebertolt
3233 1823 3625 1901 Wisigardem
3653 1850 3750 1895 cu-

256 1901 365 1992 tris
425 1902 759 1992 matrisque,
815 1902 904 1992 vel
980 1916 1390 1992 germanorum
1466 1916 1706 1992 suorum
1763 1900 1965 1959 ulcisci
2044 1908 2271 1982 jusdam
2320 1909 2467 1983 regis
2512 1910 2694 1968 ﬁliam
2733 1912 3101 1986 desponsavit
3133 1918 3286 1989 (Cap.
3337 1900 3442 1992 20).
3477 1921 3751 1987 Tbeude-

256 1990 422 2059 (Cap.
453 1988 529 2057 6).
554 1988 737 2057 Quam
776 1990 850 2047 ob
876 2006 1108 2049 causam
1161 1989 1245 2046 illi
1271 1988 1640 2062 Burgundias
1665 1995 1961 2063 appetunt,

261 2077 678 2151 Sigimundum
702 2091 756 2141 et
782 2083 1157 2142 Godemarem
1187 2084 1213 2120 ἀ
1241 2080 1299 2138 in
1326 2082 1525 2154 praelio
1554 2084 1814 2141 vincunt.

332 2172 568 2231 XXXV.
618 2173 1019 2233 Cblodomeres
1073 2173 1504 2247 Sigimundum,
1548 2174 1688 2233 dum
1728 2174 1800 2231 ad
1840 2189 1964 2233 mo-

2050 1998 2250 2089 bertus
2270 1998 2606 2089 relinquens
2629 2001 3038 2074 Wisigardem,
3067 2004 3473 2071 Theotheriam
3493 2015 3515 2045 "
3536 2030 3750 2089 genere

2050 2086 2371 2146 Romanam
2409 2087 2579 2146 duxit
2610 2105 2859 2165 uxorem
2893 2094 3040 2165 (Cap.
3081 2096 3188 2157 2‘2).

2122 2176 2243 2270 XL.
2274 2176 2672 2237 Theudericus
2714 2182 2991 2253 vigesimo
3031 2186 3195 2245 tertio
3222 2191 3236 2227 ί
3266 2206 3419 2251 anno
3464 2196 3625 2270 regni
3658 2202 3750 2259 sui

256 2263 581 2321 nasterium
613 2273 943 2322 sanctorum
975 2265 1419 2337 Agaunensium
1461 2264 1702 2334 fugeret,
1735 2272 1967 2337 captum
2052 2265 2721 2359 moritur,-regnumque
2766 2268 2891 2341 ejus
2936 2270 3372 2337 Theudebertus
3416 2263 3749 2359 assumpsit,

258 2372 395 2415 cum
432 2371 614 2413 uxore
640 2364 695 2413 et
724 2355 943 2424 liberis,
991 2356 1336 2446 Aurelianis
1352 2355 1581 2413 adducit
1609 2358 1813 2427 (Ibid).
1851 2356 1919 2414 Gc

2118 2354 2152 2411 ii
2191 2370 2470 2447 magnum
2501 2373 2575 2447 se
2604 2364 2777 2447 atque
2808 2360 2868 2416 in
2908 2362 3066 2420 omni
3098 2362 3351 2426 bonitate
3396 2354 3755 2447 praecipuum

258 2445 513 2503 demaris
561 2452 717 2513 terga
773 2453 1001 2503 vertens
1049 2438 1233 2502 latuit.
1270 2444 1605 2503 Godemaris
1656 2444 1968 2517 resumptis
2054 2441 2303 2503 ostendit
2332 2444 2481 2514 (Cap.
2512 2442 2623 2513 23).
2661 2445 3005 2506 Theotheria
3034 2450 3224 2509 zelans
3270 2471 3302 2512 a
3354 2438 3755 2523 Theudeberto

257 2534 492 2593 viribus
519 2550 763 2607 regnum
811 2534 1167 2605 Burgundize
1198 2542 1366 2593 tenet.
1414 2534 1821 2594 Cblodomeres
1860 2537 1967 2593 ite-
2056 2530 2252 2621 ﬁliam
2285 2531 2631 2621 ευᾶωηάίοῖο
2676 2535 2981 2596 ίηίθΓΓθείί·
3053 2538 3510 2621 Τῧθυάθδθνῖῑιεν
3560 2554 3756 2613 relicui

260 2642 398 2684 rum
425 2625 708 2683 adversus
748 2623 1125 2684 Godemarem
1171 2626 1493 2684 exercitum
1534 2633 1745 2698 movet,
1791 2625 1919 2683 intei

2118 2619 2420 2715 neptheria,
2458 2620 2848 2695 Wisigardem
2903 2627 3074 2687 duxit
3121 2645 3385 2694 uxorem.
3437 2618 3631 2713 (Capp.
3663 2642 3752 2715 25,

259 2714 412 2773 fecto
444 2715 789 2787 Sigimundo
825 2731 957 2774 cum
988 2731 1173 2773 uxore
1202 2724 1255 2773 et
1285 2714 1502 2773 liberis.
2055 2708 2143 2777 26,
2174 2709 2280 2779 ‘27)-

338 2802 601 2862 XXXVI.
654 2804 1009 2887 Praedictum
1049 2811 1133 2861 est
1171 2802 1533 2861 Chlodomeri
1562 2801 1635 2858 ab
1667 2801 1837 2858 Avito
1868 2801 1970 2858 ab-
2058 2884 2067 2887 Α
2126 2796 2276 2855 XLI.
2311 2797 2712 2861 Cbildebertus
2739 2811 2794 2861 et
2845 2804 3302 2882 Theudebertus,
3353 2814 3567 2875 fcedere
3614 2819 3758 2881 inito

260 2891 416 2961 hate,
460 2890 613 2983 quod
667 2890 873 2948 fecerat
905 2884 1289 2983 Sig'imundoL
1304 2890 1427 2963 ipso
1470 2890 1678 2983 itinere
1712 2888 1968 2983 [Alﬁ-ip-
2054 2884 2315 2983 interﬂsra,
2347 2896 2545 2983 contra
2574 2890 2931 2983 Chlotarium
2967 2906 3199 2955 movent
3228 2902 3548 2963 exercitum
3599 2910 3753 2983 (Cap.

262 2997 401 3039 sum
428 2981 583 3053 item]
634 2997 944 3055 passurum
996 2981 1141 3049 (Ibid
1169 2982 1204 3051 ).
1253 2979 1517 3052 Cumque
1569 2978 1910 3036 Veseroncia
1947 2985 1968 3012 °
2054 2974 2161 3046 28).
2209 2974 2317 3033 Sed
2364 2978 2721 3039 orationibus
2765 2984 3182 3046 Chrotechildis
3227 2992 3298 3049 ad
3346 2993 3550 3055 limina
3577 2974 3759 3061 sancti

264 3071 639 3129 Francicam
684 3069 1200 3151 Burgundionibus
1247 3067 1464 3125 bellum
1504 3067 1764 3137 inissent,
1804 3066 1971 3124 Chlo-
2056 3062 2310 3135 Martini,
2340 3074 2395 3122 et
2424 3068 2624 3126 divino
2654 3076 2823 3137 nutu,
2861 3074 3144 3145 grandine
3196 3086 3250 3136 et
3286 3081 3652 3146 infestatione
3681 3097 3759 3149 to-

263 3158 530 3215 domeres
563 3158 743 3231 capite
770 3165 1090 3227 truncatur,
1121 3157 1392 3229 deceptus
1422 3155 1494 3211 ab
1521 3154 1765 3212 auxiliis
1784 3153 1971 3212 Tbeu-
1991 3155 2237 3263 Cnitrui
2283 3160 2338 3213 et
2390 3157 2637 3227 fulguris
2692 3162 2976 3231 veniente,
3033 3169 3276 3238 separati
3330 3180 3486 3231 sunt.
3553 3176 3756 3237 Pacem

263 3248 468 3316 derici,
502 3248 603 3319 qui
633 3247 814 3303 ﬁliam
847 3244 1176 3317 Sigimundi
1205 3244 1450 3301 habebat
1484 3257 1750 3302 uxorem.
1991 3241 2035 3263 υ
2055 3241 2321 3299 ineuntes
2345 3245 2416 3300 ad
2448 3248 2705 3316 prOprias
2728 3248 2892 3306 sedes
2924 3257 3061 3309 sunt
3091 3256 3323 3315 reversi.

336 3338 629 3396 XXXVII.
660 3336 867 3395 Franci
895 3352 1031 3394 vero
1071 3336 1129 3392 in
1157 3337 1281 3408 ipso
1310 3334 1509 3409 przelio
1540 3334 1848 3406 resumptis
1880 3333 1970 3391 vi—
2134 3339 2278 3397 566
2309 3334 2488 3396 XLII.
2540 3336 2671 3395 Post
2712 3340 2834 3398 haec
2882 3340 3282 3407 Cbildebertus
3330 3356 3385 3409 et
3432 3350 3758 3418 Chlotarius

264 3431 456 3501 ribus,
492 3427 1011 3501 Burgundionibus
1058 3425 1412 3484 Veserontiaz
1458 3426 1766 3499 superatis,
1820 3430 1874 3482 et
1900 3423 1973 3516 ad
2057 3428 2299 3503 Spanias
2337 3432 2631 3516 appetunt,
2679 3444 2887 3503 easque
2932 3440 3090 3504 parte
3136 3437 3393 3496 maxima
3426 3440 3758 3516 depOpulati

262 3521 719 3579 internecionem
751 3517 1060 3600 perductis,
1103 3517 1349 3589 patriam
1380 3533 1581 3575 eorum
1607 3516 1812 3574 ditioni
1843 3515 1973 3573 sub-
2055 3525 2191 3577 sunt
2219 3520 2372 3589 (Cap.
2402 3515 2515 3585 29).
2551 3517 2908 3577 Amalricum
2945 3537 3135 3595 regem
3168 3525 3499 3589 Barcenona
3532 3515 3757 3594 interli-

260 3607 476 3681 jiciunt
506 3608 717 3675 (ΠΜ.)
763 3603 1087 3662 Chlotarius
1135 3620 1380 3662 uxorem
1417 3602 1831 3672 Chlodomeris,
1868 3616 1971 3659 no-
2054 3607 2214 3666 ciunt
2258 3609 2408 3678 (Cap.
2448 3604 2555 3672 10).
2606 3605 3047 3679 Caesaraugusta
3077 3612 3279 3673 civitas
3312 3619 3670 3681 orationibus
3704 3630 3759 3682 et

266 3695 429 3752 mine
452 3690 865 3761 Guntiucbam,
894 3707 1139 3751 uxorem
1171 3692 1361 3760 duxit,
1389 3690 1653 3764 ﬁliosque
1680 3690 1807 3764 ejus
1836 3696 1968 3759 tres,
2049 3698 2289 3773 jejuniis
2316 3697 2595 3756 liberatur
2619 3690 2632 3726 ³
2661 3700 2815 3770 (Cap,
2841 3697 2947 3770 29),

267 3788 364 3845 bis
396 3784 753 3855 nominibus,
809 3783 1273 3855 Tbeudoaldum,
1311 3781 1811 3841 Guntbacbarium
1858 3782 1968 3847 [AL

264 3873 680 3945 Guntbarium]
717 3881 769 3931 et
823 3872 1248 3931 Chlodoaldum
1296 3870 1717 3929 Chrotechildis
1762 3865 1969 3926 alebat.

266 3962 671 4022 Cbildebertus
704 3961 899 4019 dolose
956 3963 1248 4018 Arvernos
1295 3966 1491 4018 contra
1545 3957 1971 4015 Theudericum

260 4053 499 4113 invasit.
553 4050 885 4109 Cblotarius
918 4056 973 4107 et
1021 4048 1420 4107 Cbildebertus
1467 4047 1837 4120 Burgundias
1866 4062 1968 4120 ap-

266 4150 471 4218 petunt
526 4162 538 4200 :
594 4140 692 4199 sed
746 4140 1142 4198 Theudericus
1194 4155 1329 4197 cum
1373 4139 1457 4197 eis
1496 4138 1729 4211 aggredi
1761 4138 1966 4197 noluit.

266 4231 669 4290 Cbildebertus
692 4237 747 4287 et
773 4226 1097 4286 Chlotarius
1132 4227 1326 4301 fugato
1352 4225 1668 4285 Godemare
1697 4225 1973 4298 Burgun-

264 4324 394 4380 dias
441 4326 744 4393 occupant.
797 4318 1195 4377 Theudericus
1224 4333 1357 4375 cum
1386 4315 1646 4375 exercitu
1680 4319 1973 4373 Arvernos

264 4419 451 4472 vastat
488 4414 639 4483 (Cap.
670 4410 724 4481 9,
756 4410 840 4481 ll,
876 4410 981 4478 12).
1024 4407 1398 4466 Mundericus
1434 4407 1538 4481 qui
1574 4422 1634 4464 se
1678 4410 1974 4478 parentem

264 4504 387 4576 regi
438 4501 741 4568 asserebat,
794 4514 1158 4573 regnumque
1207 4503 1352 4561 565
1396 4498 1450 4555 ei
1511 4496 1706 4554 deberi
1740 4494 1909 4564 dixit,
1942 4510 1976 4551 a

2125 3789 2333 3847 XLIII.
2372 3788 2501 3878 Post
2530 3788 2882 3847 Amalricum
2913 3789 3152 3851 Theudo
3175 3794 3203 3834 ιι
3220 3806 3421 3871 regnat
3442 3801 3503 3860 in
3528 3802 3761 3878 Spaniis

2059 3880 2212 3949 (Cap.
2248 3876 2509 3947 30).Quo
2540 3878 2833 3935 interfecto
2876 3878 3330 3955 Theudegiselus
3375 3876 3622 3963 regnum
3664 3910 3758 3952 as-

2058 3969 2254 4039 sumit,
2287 3967 2387 4042 qui
2427 3967 2564 4025 dum
2593 3967 2661 4023 ad
2712 3984 2933 4026 caenam
2981 3972 3147 4029 lzetus
3177 3975 3418 4048 sederet,
3456 3982 3759 4042 exstinctis

2057 4058 2254 4125 cereis,
2286 4072 2317 4111 a
2342 4056 2462 4113 suis
2488 4056 2786 4113 occiditur.
2822 4058 2926 4116 Cui
2968 4060 3137 4132 Agila
3182 4065 3437 4122 succedit
3463 4067 3524 4125 in
3557 4086 3753 4143 regno.
3836 4063 3840 4067 ⁴

2058 4144 2248 4203 Gotthi
2279 4158 2413 4200 vero
2431 4143 2550 4215 jam
2579 4144 2719 4199 olim
2751 4144 2965 4202 habent
2988 4147 3093 4204 hoc
3124 4149 3352 4223 vitium,
3382 4167 3517 4211 cum
3539 4171 3645 4214 rex
3674 4157 3759 4216 eis

2056 4247 2173 4289 non
2202 4231 2397 4303 placet,
2421 4230 2494 4286 ab
2520 4230 2659 4301 ipsis
2688 4230 3046 4290 interlicitur.

2126 4316 2326 4375 XLIV.
2384 4317 2453 4373 Et
2500 4317 2637 4389 quia
2685 4318 3087 4379 Theudericus
3138 4338 3242 4381 rex
3276 4324 3457 4384 Italiae
3505 4343 3757 4389 sororem

2056 4407 2367 4468 Chlodovei
2399 4407 2457 4464 in
2490 4408 2925 4467 matrimonium
2957 4411 3184 4484 habuit,
3217 4430 3289 4472 ex
3317 4431 3432 4490 qua
3456 4420 3759 4491 parvulam

2058 4501 2240 4559 ﬁliam
2277 4515 2414 4558 cum
2444 4515 2627 4558 uxore
2656 4500 2910 4577 reliquit,
2940 4519 3073 4561 cum
3102 4514 3282 4566 mater
3306 4508 3359 4567 ei
3386 4509 3538 4584 regis
3568 4509 3759 4572 ﬁlium

263 4592 633 4651 satellitibus
671 4589 1017 4647 Theoderici
1070 4586 1351 4646 occiditur
1425 4585 1627 4644 fraude
1704 4580 2393 4657 deceptustociandum
2446 4588 2786 4662 provideret,
2834 4607 2867 4659 a
2920 4607 3103 4664 servo,
3157 4597 3394 4655 nomine
3446 4580 3760 4674 'I‘ranquil-

261 4685 419 4757 (Cap.
456 4682 564 4754 14).
621 4680 735 4740 Res
769 4680 895 4755 ejus
926 4678 1064 4737 ﬁsco
1094 4678 1503 4753 subjiciuntur.

332 4888 351 4907 ·
386 4876 544 4936 Bob.,
581 4875 677 4927 (λιι.
711 4874 803 4937 al.,
827 4876 985 4928 Freh.
1015 4875 1088 4928 al.
1121 4878 1176 4927 et
1203 4874 1357 4933 Can.,
1388 4888 1551 4926 suum
1580 4873 1819 4925 consilio.

332 4949 357 4979 ι’
392 4950 522 5000 Can.
585 4952 637 4999 et
691 4949 788 4998 Ch.
853 4948 949 5011 al.,
1005 4946 1446 5009 Ardegavemem.
1502 4947 1650 4998 Item.
1715 4944 1808 4996 Cb.
1884 4944 1973 5011 al.,

268 5023 662 5086 Agaunensem.

333 5101 351 5121 ε
393 5092 503 5141 lmo
555 5093 666 5153 jam
726 5093 883 5142 antea
960 5092 1332 5142 constructum
1412 5088 1604 5147 fuerat,
1675 5086 1769 5139 sed
1846 5085 1981 5137 illud

271 5162 515 5219 adsunt,
604 5163 785 5225 ibique
875 5161 1226 5223 psallentium
1330 5161 1647 5213 continuum
1738 5158 1978 5209 inst.tuit.

272 5234 402 5285 Vide
440 5232 758 5295 Gregorium
788 5236 841 5284 et
869 5248 880 5279 l
905 5237 1041 5283 otas.

333 5304 358 5334 ⁴
392 5303 560 5371 Supra
584 5303 777 5354 dicitur
807 5299 1151 5362 Gotemarus;
1180 5303 1267 5353 hic
1292 5302 1343 5353 in
1380 5302 1537 5362 Boh.,
1571 5299 1920 5354 Godemarus.

335 5384 357 5410 ε
391 5372 551 5424 Cbes.
589 5378 643 5424 et
710 5372 845 5424 Freb
876 5411 890 5434 ,
948 5376 1221 5431 Vesontzaz,
1273 5378 1327 5424 et
1379 5386 1456 5424 διο
1514 5372 1675 5434 infra,
1717 5376 1873 5426 locus
1904 5373 1985 5424 est

271 5456 448 5513 prope
484 5444 741 5495 Viennam
768 5446 1135 5508 Allobrogum,
1168 5458 1237 5498 ex
1260 5444 1547 5508 Gregorio.

340 5516 360 5554 ί
400 5516 567 5567 Primo
621 5516 763 5580 apud
825 5518 1111 5577 Romanos,
1187 5518 1233 5568 si
1288 5516 1425 5567 ﬁdes
1476 5515 1845 5577 frangeretur,
1887 5512 1980 5565 ob-

276 5590 433 5644 sides
471 5588 645 5650 capite
706 5587 1123 5650 damnabantur,
1189 5600 1261 5639 ex
1317 5588 1430 5638 Tito
1494 5587 1676 5648 Livio;
1725 5587 1853 5637 satis
1887 5584 1988 5637 fuit

274 5664 467 5728 postea
491 5670 586 5710 eos
614 5660 667 5709 in
699 5660 1018 5711 servitutem
1042 5660 1311 5722 redigere.

342 5741 366 5777 ι
402 5728 543 5779 Clar.
610 5740 753 5781 cum.
811 5728 943 5782 Cati.
1022 5733 1076 5782 et
1133 5728 1308 5791 Freh.,
1389 5726 1749 5780 Theudericus
1809 5726 1987 5791 ﬁlium

274 5812 445 5858 suum
483 5795 903 5856 Theudebertum
935 5799 1029 5855 ubi
1070 5798 1459 5865 Wisigardem;
1502 5802 1557 5853 et
1594 5798 1754 5864 intra,
1789 5797 1989 5852 Roma-

2058 4684 2191 4743 lane
2219 4684 2253 4748 ι,
2285 4681 2562 4755 accipitur
2612 4683 2763 4755 (Cap.
2807 4682 2918 4756 3i).
2965 4685 3304 4760 Tranquilla
3339 4705 3473 4749 cum
3502 4692 3761 4752 exercitu

2056 4887 2189 4949 nam
2236 4873 2411 4949 duxit.
2444 4874 2611 4949 _l_nter
2658 4875 2792 4949 duas
2828 4880 3012 4949 tamen
3060 4876 3159 4927 has
3188 4891 3355 4930 voces
3404 4879 3610 4943 aliquid
3643 4888 3765 4939 erat
3852 4944 3857 4949 _

2063 4947 2324 5008 scriptum
2359 4946 2412 4995 in
2436 4943 2600 5006 Clin,
2631 4946 2777 5011 quod
2808 4948 3063 4997 detritum
3102 4953 3184 4999 est
3214 4961 3281 5000 ex
3307 4949 3596 5003 industria.

2124 5016 2146 5046 ιι
2182 5017 2336 5067 Cbes.
2362 5015 2433 5069 al.
2466 5020 2515 5068 et
2556 5016 2714 5077 Boh.,
2743 5016 3106 5070 Deatheriam.

2123 5088 2135 5117 ‘
2172 5088 2254 5138 Sic
2289 5087 2428 5137 Clar.
2465 5092 2517 5137 et
2548 5088 2684 5140 Bob.
2743 5101 2864 5140 cum
2911 5102 3185 5154 anonymo
3218 5094 3444 5145 auctore
3479 5092 3546 5145 de
3595 5094 3767 5149 Gestis

2064 5157 2249 5230 Fraus.
2303 5162 2359 5230 et
2411 5159 2594 5230 editis,
2664 5164 2865 5222 praeter
2919 5160 3141 5224 Cbesn.,
3201 5165 3295 5230 qui
3349 5176 3475 5218 cum
3525 5166 3765 5221 Aimoino

2064 5228 2227 5279 habet
2255 5227 2508 5290 vigesimo
2543 5233 2754 5290 quarto.

2135 5298 2384 5373 tBellum
2443 5300 2586 5373 quod
2640 5306 2843 5354 contra-
2877 5304 3217 5369 Wisigotthos
3281 5308 3517 5373 suscepit
3550 5307 3762 5362 Cbilde-

2064 5371 2273 5429 bertus,
2323 5370 2483 5421 simul
2543 5376 2598 5423 et
2649 5374 2815 5433 aiud,
2879 5377 3025 5441 quod
3100 5383 3220 5442 post
3282 5370 3461 5432 annos
3512 5380 3769 5433 undeclm

2069 5442 2332 5493 adversus
2353 5441 2571 5493 eosdem
2605 5442 2987 5498 Cbildebertus
3016 5441 3124 5500 una
3159 5453 3211 5500 et
3247 5449 3554 5501 Clotbarius
3588 5461 3771 5513 gesse-

2070 5516 2222 5585 runt,
2248 5513 2302 5563 in
2333 5526 2503 5565 unum
2535 5516 2824 5578 permiscet
2856 5520 3200 5581 epitomator.
3230 5520 3301 5570 De
3332 5518 3505 5582 priori
3548 5519 3769 5585 Grego-
3868 5524 3871 5525 ⁷

2069 5588 2183 5637 rius
2212 5584 2307 5637 lib.
2344 5597 2429 5645 tu,
2481 5597 2600 5647 cap.
2641 5586 2730 5645 10;
2771 5586 2839 5637 de
2889 5587 3059 5639 altero
3086 5589 3340 5650 ejusdem
3371 5589 3495 5641 libri
3521 5601 3646 5654 cap.
3670 5584 3771 5644 ’29.

2128 5656 2150 5686 ιι
2188 5656 2252 5705 In
2288 5655 2469 5725 indice
2523 5655 2685 5719 Clar.,
2734 5661 2788 5708 et
2824 5657 2959 5710 Boli.
3005 5659 3093 5710 blc
3127 5662 3181 5710 et
3210 5658 3263 5711 iu
3318 5660 3519 5725 indice,
3552 5662 3770 5725 habent,

2072 5724 2514 5788 Theuthacadus;
2548 5726 2764 5789 Chesn.,
2804 5725 3213 5779 Thsudahadus.

2130 5796 2149 5829 ι
2178 5797 2377 5852 Chesn.
2457 5801 2511 5850 et
2563 5796 2739 5860 Brem,
2801 5796 3257 5861 Tranquulianos.
3309 5800 3441 5857 Can.
3504 5808 3560 5860 et
3618 5804 3774 5871 Boh.,
