3966 6348
264 386 362 444 591

1337 376 1396 435 S.
1439 376 1797 437 GBEGOBII
1841 376 2170 437 EPISCOPI
2211 381 2689 446 TURONENSIS

259 526 292 566 ει
339 514 519 565 matre
559 503 766 579 puellm
811 501 1056 575 capitur,
1105 505 1161 558 et
1208 499 1390 573 capite
1443 506 1763 558 truncatur.
1796 502 2183 574 Acce-Apius
2237 503 2455 562 fortiter
2503 505 2790 566 dimicans
2815 526 2912 590 eos
2941 511 3000 569 in
3034 512 3229 584 fugam
3253 511 3422 570 vertit
3448 527 3770 590 eorumque
3835 532 3846 539 ’

257 606 353 674 pta
383 597 499 654 lilia
533 603 710 653 mater
736 593 1104 666 disciplinam
1137 592 1406 663 ingerens
1436 609 1630 651 secum
1665 593 1856 652 duxit.
1887 594 1974 652 Fi-

259 689 336 745 lia
385 695 623 744 matrem
674 700 895 742 veneno
944 684 1250 758 interfecit.
1297 683 1674 741 Theodatusa
1727 700 1971 756 regnum

261 777 603 835 Theuderici
637 774 901 836 ambivit,
952 781 1005 831 et
1053 773 1258 845 tiliam,
1301 790 1433 845 qua;
1485 773 1650 830 matri
1678 774 1975 830 exstiterat

260 864 564 938 parricida,
609 864 667 921 in
718 864 923 920 balneo
955 859 1336 920 vehementer
1359 879 1633 920 succenso
1669 863 1844 936 jussit
1888 864 1976 920 in-

261 951 438 1020 cludi,
470 958 536 1008 ut
565 950 646 1006 ibi
672 950 1127 1007 combureretur.
1174 949 1336 1006 Unde
1383 966 1555 1007 causa
1609 949 1972 1023 compositio—

266 1042 356 1098 nis
386 1041 812 1115 quinquaginta
840 1041 1025 1099 millia
1051 1041 1366 1099 solidorum
1403 1041 1787 1110 Childeberto,
1815 1042 1975 1100 Chlo-

266 1129 408 1187 tario
435 1135 489 1184 et
515 1128 919 1186 Theudeberto
973 1130 1299 1187 transmissi
1350 1136 1504 1195 sunt.
1549 1129 1709 1199 Quod
1743 1130 1974 1188 Childe-

262 1218 460 1276 bertus
509 1225 564 1273 et
613 1216 1050 1274 Theudebertus
1107 1219 1260 1275 inter
1310 1235 1370 1276 se
1419 1219 1764 1289 dividentes,
1821 1218 1972 1275 nihil

264 1306 477 1364 exinde
507 1305 797 1362 Chlotario
814 1305 1119 1362 dederunt.
1141 1305 1437 1365 'I‘heodato
1467 1307 1758 1378 defuncto,
1789 1306 1974 1365 Totila

267 1396 542 1454 successit
571 1395 631 1451 in
658 1410 920 1465 regnum,
946 1411 1120 1468 quem
1141 1395 1338 1452 Narsis
1365 1395 1642 1470 patricius
1667 1396 1973 1466 interfecit,

269 1503 634 1562 regnumque
667 1486 1009 1545 Gotthorum
1040 1487 1100 1544 in
1134 1487 1296 1544 Italia
1326 1488 1681 1546 destructum
1716 1494 1801 1546 est
1829 1488 1868 1545 ’³.

337 1578 512 1636 XLV.
549 1577 679 1635 Post
705 1577 1146 1636 Theudebertus
1183 1595 1315 1636 cum
1344 1582 1604 1638 exercitu
1633 1580 1853 1637 Italiam
1882 1579 1976 1637 in-

271 1671 551 1744 greditur,
605 1685 849 1742 eamque
897 1685 997 1742 per
1046 1670 1367 1728 maritimos
1401 1673 1674 1730 terminos
1712 1679 1976 1731 cunctam

269 1765 649 1840 depopulatur
679 1764 828 1833 (Cap.
874 1762 975 1834 3'2).
1006 1762 1205 1821 Narsis
1236 1765 1508 1838 patricius
1529 1766 1599 1824 in
1630 1769 1826 1842 fugam
1857 1783 1980 1824 ver-

2055 590 2342 648 exercitus
2368 594 2622 668 proterit.
2647 584 2902 654 TandEm
2929 597 3262 656 infirmatus
3277 613 3310 654 a
3325 599 3610 670 proﬂuvio
3631 584 3766 660 ven-

2058 677 2176 741 tris,
2202 685 2253 734 et
2276 681 2720 740 exercitussuus
2733 684 2933 742 eadem
2950 686 3285 745 infirmitate
3299 689 3527 746 attritus.
3555 694 3668 763 [AL
3689 693 3772 750 in-

2057 769 2252 844 teriit],
2282 770 2556 829 Belisario
2563 777 2683 844 jam
2703 773 3024 848 interfecto,
3053 794 3083 834 a
3105 777 3345 835 Narside
3367 790 3688 854 superatur,
3713 785 3771 841 et

2057 857 2418 916 interficitur.
2434 860 3305 933 IpsoqueannoTheudebaldus
3318 867 3480 938 obiit,
3499 885 3770 940 regnum-

2058 963 2172 1021 que
2197 949 2322 1022 ejus
2365 950 2697 1010 Ghlotarius
2737 956 2973 1029 accepit,
3026 957 3301 1030 copulans
3335 957 3768 1019 Waldetradam

2049 1038 2171 1098 sibi
2199 1055 2463 1098 uxorem.
3085 1041 3087 1043 ’

2128 1128 2223 1186 LI.
2266 1128 2346 1187 Eo
2375 1146 2528 1188 anno
2559 1131 2974 1192 rebellantibus
3024 1134 3375 1206 Saxonibus,
3414 1135 3762 1210 Chlotarius,

2053 1221 2337 1273 commoto
2364 1218 2643 1288 exercitu,
2693 1221 3012 1278 maximam
3041 1237 3242 1280 eorum
3275 1231 3494 1296 partem
3524 1225 3767 1298 delevit,

2055 1303 2432 1376 Thoriugiam
2488 1314 2738 1377 vastans,
2797 1310 2936 1382 quia
2982 1311 3065 1367 eis
3114 1311 3398 1369 auxiliare
3427 1320 3570 1378 568
3622 1330 3772 1387 prae-

2056 1401 2422 1465 sumpserant
2461 1398 2617 1468 (Cap.
2661 1396 2744 1465 10)
2776 1397 2816 1455 δ.
2853 1398 2968 1457 Nec
3005 1401 3186 1458 multo
3229 1408 3354 1472 post
3393 1410 3645 1476 tempore
3673 1404 3773 1462 de-

2057 1494 2175 1537 nuo
2199 1478 2530 1539 Saxonibus
2549 1481 2978 1552 rebellantibus,
3008 1484 3335 1544 Chlotarius
3366 1490 3544 1546 movit
3569 1491 3773 1550 adver—

2059 1584 2160 1626 sus
2213 1585 2308 1626 eos
2369 1571 2691 1628 exercitum
2749 1574 2904 1644 (Cap.
2969 1575 3072 1644 li).
3152 1573 3411 1634 Saxones
3463 1578 3772 1639 offerentes

2058 1666 2261 1717 cuncta
2317 1662 2622 1720 emendare
2653 1678 2784 1736 quae
2832 1663 2981 1722 male
3023 1673 3339 1738 gesserant,
3381 1675 3437 1725 et
3464 1668 3774 1731 dimidiam

2060 1758 2280 1826 partem
2317 1751 2388 1810 de
2417 1751 2688 1810 omnibus
2721 1753 2892 1812 rebus
2923 1770 3145 1827 eorum,
3197 1758 3452 1830 exceptis
3484 1761 3774 1821 uxoribus

272 1839 388 1916 sus.
419 1855 618 1913 Postea
649 1852 1020 1912 Buccellinus
1050 1855 1194 1921 dux,
1223 1857 1394 1930 jussu
1418 1839 1830 1932 Theudeberti,
1886 1857 1947 1917 Si

2145 1839 2364 1911 liberis,
2396 1840 2458 1897 in
2487 1841 2901 1913 compositione
2929 1843 3197 1902 offerunt.
3233 1840 3398 1914 Quod
3428 1847 3638 1908 Franci
3684 1867 3777 1910 ac-

270 1947 464 2005 ciliam
519 1949 779 2017 occupat,
833 1951 1124 2019 totamque
1185 1952 1330 2011 567
1379 1947 1602 2006 Italiam
1645 1950 1978 2022 dominans,

273 2050 479 2108 magna
511 2032 565 2090 ei
595 2032 836 2090 felicitas
864 2045 883 2069 α
915 2034 977 2091 in
1005 2035 1096 2092 his
1124 2035 1553 2095 conditionibus
1585 2037 1714 2100 fuit.

348 2125 553 2186 XLVI.
588 2124 870 2182 Petitione
916 2125 1232 2184 Desiderati
1261 2125 1657 2186 Verdunensis
1688 2129 1851 2188 urbis
1875 2129 1988 2202 epi-

275 2217 430 2290 sc0pi
456 2213 897 2272 Theudebcrtus
941 2214 1250 2273 clementer
1291 2222 1415 2274 octo
1447 2216 1872 2289 milliasolidos
1899 2218 1983 2276 ci-

273 2307 448 2364 vibus
475 2300 950 2360 Verdunensibus
982 2301 1053 2358 ad
1083 2303 1541 2375 recuperandum
1582 2303 1738 2363 dedit
1790 2306 1981 2378 (Capp.

277 2395 367 2465 34,
396 2395 507 2462 36).
549 2390 986 2449 Theudebertus
1038 2399 1283 2451 vexatus
1329 2411 1363 2451 a
1411 2394 1567 2452 febre
1618 2395 1862 2454 moritur
1894 2395 1984 2453 de

278 2483 428 2539 cimo
461 2487 664 2554 quarto
704 2477 866 2551 regni
899 2477 990 2534 sui
1019 2494 1194 2538 anno.

346 2568 579 2629 XLVII.
612 2566 1030 2626 Chrotechildis
1058 2570 1256 2641 regina
1281 2571 1454 2644 plena
1483 2573 1713 2631 dierum
1738 2577 1793 2629 et
1819 2571 1986 2631 bonis

278 2657 548 2733 operibus
601 2652 890 2718 moritur;
947 2661 1000 2708 et
1045 2653 1107 2710 in
1151 2656 1397 2715 sacrario
1437 2658 1464 2692 ἀ
1508 2657 1760 2714 basilica:
1803 2656 1984 2714 sancti

281 2747 434 2807 Petri
478 2743 754 2816 sepelitur
805 2743 948 2807 (Lib.
979 2753 1064 2813 1V,
1097 2760 1217 2814 cap.
1271 2745 1335 2816 1).
1367 2745 1691 2804 Chlotarius
1719 2747 1885 2819 jubet
1912 2749 1982 2806 ad

277 2851 478 2897 omnes
505 2833 774 2892 ecclesias
801 2833 1025 2890 tertiam
1077 2843 1293 2908 partem
1330 2837 1627 2896 fructuum
1676 2840 1812 2898 fisco
1863 2842 1982 2898 dis-

276 2927 498 2986 solvere
528 2943 541 2994 ;
573 2925 670 2981 sed
703 2923 998 2981 resistente
1025 2923 1313 2997 Injurioso
1337 2928 1602 2999 pontifice
1630 2930 1735 2986 hoc
1763 2932 1982 2990 malum

277 3014 592 3075 destruitur
625 3017 813 3085 (Capp.
848 3015 898 3081 ‘2,
937 3014 1003 3086 3).
1056 3014 1378 3074 Chlotarius
1406 3018 1474 3074 de
1504 3018 1769 3091 Iugunde
1816 3021 1978 3079 Gun-

275 3103 554 3172 tharium,
631 3100 1042 3170 Cliildericum,
1098 3102 1451 3172 Aribertum,
1521 3104 1976 3182 Guntramnum,

2065 1928 2252 2002 cipere
2281 1929 2678 2003 despicientes,
2715 1947 2811 1989 eos
2849 1932 3171 1991 interficere
3211 1945 3513 2010 conantur,
3547 1939 3778 2000 Chlota-

2067 2019 2152 2076 rio
2201 2019 2453 2077 dicentes
2508 2042 2521 2076 :
2572 2019 2698 2077 Non
2744 2021 3071 2092 paciﬁcabis
3099 2039 3230 2082 cum
3281 2025 3384 2095 eis,
3436 2029 3534 2086 sed
3577 2046 3773 2105 surge,

2065 2109 2398 2181 prmliemur
2443 2115 2498 2166 et
2550 2108 2898 2174 ulciscamur
2935 2110 2997 2168 in
3028 2110 3166 2169 illis.
3219 2112 3365 2172 Cum
3415 2114 3515 2174 ille
3570 2118 3778 2190 nollet,

2068 2197 2273 2257 Franci
2301 2198 2657 2256 Chlotarium
2688 2198 2944 2258 volentes
2967 2200 3248 2271 occidere,
3273 2203 3494 2263 invitus
3515 2208 3779 2280 perrexit

2068 2289 2137 2346 ad
2189 2288 2478 2363 prtelium,
2537 2288 2732 2364 ibique
2784 2297 2940 2348 tanta
2994 2297 3209 2365 strages
3248 2311 3281 2352 a
3336 2294 3674 2356 Saxonibus
3703 2298 3775 2356 de

2069 2381 2304 2440 Francis
2332 2382 2476 2439 facta
2505 2388 2610 2453 est,
2645 2366 2709 2440 iit
2739 2383 2955 2442 mirum
2987 2383 3207 2444 fuisset.

2139 2471 2262 2529 LII.
2296 2469 2694 2528 Childebertus
2725 2485 2862 2527 cum
2891 2469 3182 2531 Chramno
3202 2473 3444 2534 insidias
3471 2475 3777 2538 Clilotario

2067 2565 2226 2632 parat
2281 2559 2434 2630 (Cap.
2488 2558 2595 2627 16).
2656 2559 2959 2618 Aribertus
3005 2561 3016 2598 ί
3056 2567 3112 2618 et
3147 2560 3548 2624 Guntramnus
3601 2567 3778 2642 jussu

2065 2648 2244 2724 patris
2273 2665 2406 2706 cum
2455 2651 2711 2732 exercitu
2739 2657 2932 2708 contra
2961 2652 3321 2713 Chramnum
3351 2656 3630 2731 dirigunt,
3672 2656 3800 2718 sed.

2067 2743 2266 2801 divino
2323 2748 2471 2798 nutu
2520 2745 2920 2814 temperante’,
2978 2759 3107 2801 cum
3154 2747 3318 2819 gravi
3377 2751 3779 2810 coruscatioue

2067 2837 2267 2889 exorta
2313 2848 2345 2887 a
2379 2830 2578 2904 prmlio
2611 2838 2968 2904 separantur.
3016 2831 3340 2894 Chramuus
3384 2854 3519 2896 cum
3549 2840 3778 2899 Chiide-

2067 2922 2228 2977 berto
2256 2918 2538 2990 pertendit
2568 2920 2780 2987 (Ibid.).
2829 2917 3087 2978 Saxones
3129 2923 3373 2982 factione
3417 2924 3776 2987 Cliildeberti

2065 3010 2124 3066 iu
2185 3007 2424 3064 Francia
2462 3006 2780 3077 venientes,
2827 3022 3012 3079 usque
3068 3009 3354 3068 Diviciam
3400 3013 3424 3050 ιι
3473 3009 3818 3074 civitatem'

2065 3099 2288 3168 przedas
2315 3103 2572 3166 egerunt.
2606 3095 2932 3152 Chramnus
2978 3111 3111 3153 cum
3159 3095 3524 3157 Childeberto
3555 3117 3616 3158 se
3657 3103 3777 3160 for-

279 3191 652 3261 Sigibertum,
686 3197 739 3245 et
773 3187 1217 3246 Chlodesindam
1243 3192 1421 3249 tiliam
1464 3194 1684 3252 habuit.
1722 3196 1804 3253 De
1835 3179 2043 3270 Are-'6
2066 3182 2563 3254 titerconslrinsit-
2581 3179 3375 3270 Childebermsmlemensem
3391 3186 3772 3260 Campaniam

271 3281 467 3355 gunde
495 3294 516 3319 ε
547 3294 737 3338 sorore
784 3277 1066 3350 Iugundis
1112 3279 1524 3354 Chilpericum,
1573 3285 1720 3343 etde
1755 3285 1947 3344 Uusiu:

2125 3270 2443 3343 apopulatus
2474 3277 2557 3326 est
2583 3271 2737 3340 (Cap.
2776 3270 2882 3337 17).
2935 3269 3280 3342 Austrapius
3318 3272 3439 3328 dux
3473 3272 3534 3330 in
3561 3274 3773 3333 basili-

275 3379 476 3438 habuit
515 3375 890 3434 Chramnum.

342 3466 601 3527 XLVIII.
627 3466 913 3539 Augilane
949 3468 1010 3524 iu
1054 3465 1263 3538 Spania
1303 3473 1598 3540 regnante,
1649 3485 1781 3526 cum
1829 3478 1976 3530 esset

268 3548 508 3633 iniquus
563 3558 703 3626 suis,
755 3557 1045 3614 exercitus
1081 3557 1309 3630 imperii
1357 3557 1599 3629 Spanias
1630 3558 1971 3630 ingreditur.

267 3653 435 3726 Agila
459 3651 803 3709 interﬁcitur
835 3652 984 3721 (Cap.
1017 3651 1088 3721 8).

337 3741 540 3799 XLIX.
589 3738 1016 3811 Athanagildus
1082 3736 1335 3795 succedit
1400 3737 1461 3793 iu
1511 3743 1703 3811 regno,
1762 3740 1864 3814 qui
1903 3741 1975 3799 ab

267 3833 477 3906 Spania
508 3831 830 3889 exercitum
858 3827 1086 3900 imperii
1116 3826 1343 3899 expulit
1372 3827 1590 3896 (Ibid.).

334 3922 398 3978 L.
432 3917 878 3977 Theudebaldus
899 3916 1055 3973 [ilius
1083 3913 1476 3971 Theudeberti
1503 3913 1935 3975 \Valdetradam
1955 3919 1973 3955 ί

258 4009 432 4066 duxit
486 4021 732 4064 uxorem
786 4006 936 4076 (Cap.
993 4004 1065 4073 9).
1129 4001 1264 4058 Erat
1318 4001 1485 4059 valde
1542 4003 1782 4076 iniquus
1825 4006 1964 4076 suis,

257 4099 425 4171 cujus
458 4104 710 4169 tempore
738 4091 870 4150 uva)
919 4092 974 4170 in
1024 4106 1197 4148 cauco
1229 4099 1254 4134 ε
1295 4098 1444 4148 natm
1473 4099 1627 4150 sunt.
1662 4091 1839 4151 Stella
1891 4112 1965 4154 ex

255 4185 776 4247 adversoveuiens
801 4182 862 4238 in
910 4181 1111 4238 lunam
1149 4180 1405 4252 ingressa
1462 4188 1564 4239 est.
1617 4181 1964 4243 Buccelinus

253 4278 315 4334 in
347 4277 507 4334 Italia
532 4273 685 4348 apud
718 4269 1063 4328 Belisarium
1105 4277 1160 4327 et
1212 4269 1513 4327 Narsidem
1543 4272 1810 4344 patricios
1858 4291 1962 4333 sae-

259 4405 627 4471 Traquiitane.
718 4399 910 4460 Vales,
982 4397 1350 4471 Trauviltane,
1425 4398 1515 4460 qui
1581 4405 1769 4471 censet
1827 4413 1958 4452 eum

2060 3376 2185 3418 cam
2199 3359 2379 3416 sancti
2394 3358 2623 3415 Martini
2637 3359 2994 3416 Clitumnum
3007 3370 3271 3416 metuens
3285 3360 3433 3433 fugit
3462 3364 3616 3434 (Cap.
3661 3365 3769 3434 18).

2132 3450 2284 3508 LIII.
2321 3449 2717 3507 Childebertus
2766 3465 2870 3507 rex
2913 3450 3065 3522 apud
3116 3449 3365 3509 Parisios
3392 3451 3555 3522 obiit,
3600 3461 3659 3512 et
3708 3456 3772 3514 in

2060 3539 2295 3598 basilica
2350 3538 2530 3596 sancti
2581 3538 2890 3610 Vincentii,
2951 3554 3122 3611 quam
3165 3539 3286 3610 ipse
3338 3550 3770 3616 construxerat,

2060 3628 2318 3702 sepultus
2361 3635 2466 3699 est,
2523 3629 2690 3703 cujus
2721 3628 3019 3687 thesauros
3053 3635 3108 3686 et
3150 3645 3394 3702 regnum
3437 3631 3774 3693 Chlotarius

2057 3719 2368 3792 assumpsit
2393 3721 2547 3791 (Cap.
2575 3721 2691 3788 20).

2128 3805 2277 3865 LIV.
2316 3805 2753 3866 Waldetradam
2779 3811 2834 3863 et
2864 3805 3015 3863 ﬁlias
3042 3807 3167 3879 ejus
3195 3807 3338 3866 duas
3354 3809 3412 3866 in
3436 3810 3647 3869 exsilio
3676 3830 3773 3888 ρο-
3838 3846 3843 3851 -

2017 3923 2020 3925 ·
2055 3897 2173 3955 suit
2203 3899 2391 3967 (Ibid.)
2420 3899 2454 3954 ι.
2487 3897 2813 3956 Chramnus
2835 3897 2897 3954 in
2926 3897 3288 3956 Britanniam
3310 3900 3550 3974 fugitad
3579 3903 3773 3964 Cono-

2054 3989 2216 4047 brem
2269 4003 2310 4028 ω
2366 3988 2634 4046 comitem
2664 3988 3095 4046 Britannorum.
3139 3989 3559 4051 VVillacharius
3598 4010 3771 4055 socer

2051 4080 2175 4153 ejus
2200 4080 2272 4137 ad
2310 4078 2611 4137 ecclesiam
2641 4079 2822 4136 sancti
2853 4078 3084 4138 Martini
3111 4083 3388 4156 confugit.
3422 4083 3530 4142 Per
3562 4084 3765 4159 ipsum

2047 4171 2174 4227 hmo
2234 4169 2469 4227 basilica
2513 4172 2648 4242 (AL,
2691 4170 2952 4243 ecclesia]
3000 4171 3271 4230 incendio
3327 4183 3761 4236 concrematur.

2047 4262 2247 4320 Postea
2289 4278 2322 4319 a
2356 4262 2650 4320 Chlotario
2690 4263 2973 4336 condigne
3024 4271 3413 4336 recuperatur,
3465 4272 3520 4324 et
3545 4274 3767 4327 stanno

2104 4389 2125 4418 ‘
2155 4391 2217 4441 lu
2259 4389 2392 4443 Clar.
2444 4387 2514 4442 al.
2564 4401 2708 4441 man.
2765 4389 2958 4442 additae
3007 4393 3131 4440 sunt
3186 4389 3378 4442 litterae
3408 4395 3484 4450 at,
3547 4393 3608 4449 ut
3653 4392 3758 4445 ﬂat

254 4462 739 4538 esse'Ti-iquitlam
818 4472 1170 4532 praepositum
1232 4468 1427 4517 domus
1474 4470 1657 4530 regiae,
1727 4471 1792 4520 de
1851 4484 1957 4534 quo
2041 4462 2363 4538 sacratario.

253 4546 513 4598 Boethius
577 4546 670 4593 lih.
727 4541 855 4591 ide
914 4543 1083 4590 Conso
1108 4541 1305 4587 alioue.
1347 4539 1586 4599 Plerique
1643 4543 1788 4591 enim
1825 4547 1954 4592 tunc

2103 4546 2124 4571 ο
2154 4532 2246 4583 Ch.
2294 4534 2363 4584 al.
2417 4535 2466 4584 et
2512 4531 2659 4584 Freh.
2704 4531 2805 4593 aL,
2865 4530 3209 4594 Radegunde;
3269 4537 3323 4586 et
3371 4532 3533 4593 intra,
3574 4515 3754 4587 ’θυη-

251 4579 623 4669 ῐὲῐῖὶιίΐιέἷῐὶια
657 4581 1025 4673 producebant
1059 4608 1113 4656 iu
1149 4607 1292 4664 anis,
1335 4611 1389 4657 ut
1424 4579 1678 4667 Attilanis,
1713 4579 2175 4675 Melanis,Dsina.
2204 4606 2331 4667 Cap.
2373 4616 2524 4675 seq.,
2557 4606 2836 4667 Aquilone,
2863 4602 3145 4666 Hispania.

248 4694 352 4740 etc.
394 4685 594 4736 Tricca
635 4683 950 4745 praepositus
1013 4679 1246 4729 cubiculi
1307 4679 1506 4729 dicitur
1559 4681 1611 4730 iu
1670 4681 1954 4746 Excerptis

2102 4675 2120 4710 ί
2153 4677 2250 4726 Ed.
2300 4679 2354 4726 et
2401 4674 2557 4736 infra,
2599 4675 2984 4731 Vatderadam;
3021 4675 3095 4726 at.
3158 4671 3566 4737 Vutdatradum,
3610 4673 3745 4727 γυι-

251 4760 499 4809 Ηῑδῐυϊὶτε
551 4755 617 4805 ab
669 4753 909 4804 Henrico
972 4751 1179 4802 Valesio
1241 4750 1416 4808 editae,
1465 4751 1532 4800 ad
1580 4752 1785 4804 calcem
1830 4758 1954 4806 Am-
2036 4746 2362 4797 dodradam.

250 4830 411 4880 miaui
447 4825 760 4879 tiarcslliui.

308 4911 327 4930 ⁸
366 4900 498 4950 Clar.
553 4903 606 4948 et
641 4893 799 4952 Boh.,

248 4972 334 5022 Ch.
404 4970 493 5032 aL,
560 4963 888 5018 Theti/lathis.
947 4963 1017 5013 De
1074 4961 1157 5011 lus
1209 4962 1539 5013 vide-nouis
1591 4963 1643 5014 in
1697 4964 1949 5029 (ἕτερον,

248 5043 442 5106 quibus
498 5053 561 5092 ea
611 5041 780 5102 juuge
852 5047 971 5098 quae
1027 5035 1094 5084 de
1147 5033 1540 5106 Amalasuutliae
1595 5036 1741 5106 caede
1793 5036 1952 5090 habet

248 5103 538 5175 Procopius
571 5111 624 5158 iu
673 5107 904 5156 Historia
943 5116 1163 5167 arcana,
1220 5106 1307 5175 ubi
1345 5103 1539 5155 fatetur
1567 5119 1626 5156 se
1661 5105 1948 5159 Theocom

2098 4815 2322 4878 el-‘reh.,
2377 4815 2573 4867 Gauro.
2633 4818 2757 4867 Can.
2817 4819 2870 4868 et
2926 4816 3010 4867 Ch.
3071 4816 3161 4878 aL,
3213 4810 3501 4867 Sambuco.
3565 4817 3746 4883 Clar.,

867 4889 1232 4950 Theothadus;
1292 4894 1346 4942 et
1401 4891 1562 4950 infra,
1617 4891 1946 4950 Theulhado,
2033 4889 2096 4939 in
2141 4901 2330 4950 pauco.
2384 4890 2480 4938 Sed
2518 4889 2688 4950 prima
2728 4888 2906 4940 littera
2946 4887 3063 4939 fere
3099 4887 3293 4940 detrita
3329 4892 3448 4946 est;
3485 4889 3539 4940 et
3573 4888 3746 4949 intra.

2031 4973 2130 5023 pro
2160 4960 2311 5021 luna,
2351 4957 2485 5009 Boh.
2511 4958 2731 5008 limina.

2094 5030 2115 5058 δ
2151 5029 2311 5089 Boh.,
2349 5030 2453 5094 Qui
2474 5044 2661 5082 eorum
2686 5030 2903 5082 auxilia
2930 5021 3413 5094 praesumpserant.

2092 5102 2103 5131 ¹
2140 5102 2278 5152 Infra
2337 5102 2534 5152 dicitur
2577 5100 2944 5154 Chariberlus.
2996 5103 3129 5154 Clar.
3183 5099 3343 5153 habet
3385 5099 3738 5163 Airt’bertusg

245 5171 492 5246 Aegas-tre
541 5183 689 5230 metu
756 5189 870 5228 rem
929 5177 1002 5246 in_
1049 5174 1280 5246 Historia
1325 5175 1639 5226 Gi-ttnoium
1679 5179 1942 5231 dissimu-
2027 5172 2128 5235 al.,
2159 5171 2545 5246 Chairibeilus.

245 5244 409 5305 lasse.
477 5251 578 5300 Hic
639 5252 816 5298 autem
879 5244 1065 5295 scribit
1111 5244 1443 5295 Theodoram
1502 5251 1729 5297 veritam
1791 5261 1862 5300 ne
1895 5253 1940 5301 si

244 5320 648 5376 Amalasuutha.
701 5322 759 5369 ut
806 5319 923 5379 ipsa
991 5319 1362 5377 constituerat,
1422 5316 1742 5378 Byzantium
1801 5323 1941 5371 veni-

242 5399 342 5456 ret,
380 5394 716 5446 Justiniauus
749 5390 875 5450 imp.
913 5399 974 5438 se
1013 5388 1127 5450 ipsa
1174 5390 1421 5448 neglecta
1453 5387 1598 5437 illius
1623 5401 1806 5442 amore
1839 5403 1937 5443 ca-

2089 5246 2104 5290 i
2137 5247 2217 5296 Sic
2242 5245 2390 5296 editi.
2427 5245 2581 5308 Clar.,
2621 5247 2937 5309 temperate,
2970 5255 3071 5307 pro
3095 5246 3426 5309 tempestate,
3463 5243 3519 5295 ni
3545 5243 3737 5301 fallor.

2088 5318 2109 5347 ιι
2145 5317 2264 5366 Can.
2299 5319 2352 5368 et
2382 5314 2470 5366 Ch.
2510 5316 2600 5379 al.,
2638 5316 2946 5376 Duuciam;
2982 5316 3072 5375 aL,
3111 5315 3408 5368 Deviciam.

2079 5386 2090 5416 ¹
2125 5387 2246 5437 Can.
2301 5389 2354 5438 et
2405 5387 2540 5440 Boh.
2575 5388 2691 5438 haec
2741 5389 3070 5453 praecedenti
3112 5389 3347 5449 capuqu
3375 5389 3630 5450 jungunt.
3677 5395 3737 5443 et

238 5455 476 5529 peretur,
525 5465 675 5513 Petro
735 5461 912 5516 legato
969 5459 1323 5509 demandasse
1371 5462 1428 5506 ut
1463 5469 1582 5529 eam
1637 5471 1736 5529 per
1764 5460 1938 5514 Theo-
2022 5458 2502 5529 meliuquuidem.
2583 5458 2893 5523 Legendum
2949 5473 3114 5524 porro
3169 5455 3540 5523 Ultrogottam,
3599 5471 3735 5524 qua

237 5525 418 5588 datum
448 5534 675 5587 interfici
707 5532 945 5589 curaret,
980 5529 1122 5590 quod
1146 5531 1309 5590 paulo
1338 5530 1462 5588 post
1492 5525 1691 5578 factum
1721 5528 1838 5583 fuit.

297 5608 318 5636 "
358 5608 495 5669 Alia,
533 5606 629 5656 sed
656 5605 878 5666 antiqua
908 5612 1091 5654 manu,
1130 5597 1284 5654 Clar.,
1312 5597 1645 5669 translatum
1671 5607 1763 5650 est.

2014 5529 2195 5582 fuerat
2223 5527 2542 5582 Chtldeberti
2573 5542 2737 5584 uxor.
2765 5531 2890 5581 Viue
2913 5529 3143 5594 Gregor.

2077 5609 2108 5630 -
2142 5599 2238 5650 Ch.
2280 5599 2349 5651 al.
2417 5604 2472 5653 et
2522 5600 2694 5661 Freb.,
2755 5598 3115 5654 Gunobertum
3169 5613 3384 5666 regem;
3442 5601 3498 5651 et
3546 5598 3725 5662 intra,

293 5687 312 5707 ο
351 5677 438 5728 Ch.
483 5666 585 5735 ἐι..
624 5672 942 5736 infelicitas.
978 5669 1146 5729 Boh.,
1181 5678 1385 5730 magna
1426 5666 1746 5739 infelicitas.
1782 5671 1929 5726 Buc-
2011 5683 2110 5737 pro
2147 5668 2573 5732 Wiltiacharius,
2626 5673 2761 5726 Clar.
2816 5677 2870 5725 et
2909 5673 3064 5737 Boh.,
3113 5669 3533 5739 Quillacharius,
3567 5676 3734 5734 quod

228 5747 411 5800 celltni
471 5748 525 5798 in
594 5744 933 5809 Campaniam
990 5741 1253 5792 adventus
1307 5738 1553 5791 meminit
1606 5739 1833 5807 Gregor.
1865 5745 1927 5798 id.
2011 5755 2209 5796 nomen
2260 5743 2474 5795 incaute
2525 5743 2782 5797 dividitur
2827 5745 2884 5798 in
2938 5747 3062 5796 Can.
3115 5738 3255 5810 Quia
3296 5739 3608 5796 Lacharius.
3665 5745 3730 5798 Et

229 5819 317 5871 lib.
363 5832 378 5869 l
414 5817 610 5878 Dialog.
651 5827 771 5879 cap.
805 5815 854 5862 ‘2.

2010 5815 2152 5868 intra
2187 5813 2336 5868 Ches.
2361 5819 2416 5867 et
2439 5814 2614 5879 Freh.,
2643 5817 2864 5880 propter
2894 5817 3093 5880 ipsum.

3661 395 3767 453 592
3872 418 3874 420 τ
