3966 6348
215 350 314 408 593

1283 349 1641 410 HISTORIA
1684 351 2150 418 FRANCORUM
2176 325 2644 417 'EPITOMATA.

3612 351 3715 410 594

213 474 558 547 cooperitur.
590 473 922 534 Chramnus
948 490 982 531 a
1024 474 1312 532 Chlotario
1349 481 1511 548 patre
1557 492 1662 536 suo
1690 481 2072 552 captus,AUt
2101 480 2513 541 Marchitrudis
2542 480 2948 551 dimitteretur,
2999 481 3125 538 hmo
3155 477 3264 535 fuit
3317 439 3557 533 occasio.
3589 473 3716 533 Ma—

212 579 345 623 cum
376 578 560 622 uxore
593 569 649 621 et
680 562 879 620 liberis
916 562 978 620 in
1010 562 1310 622 Britannia
1343 563 1476 636 igne
1499 575 1917 638 concrematur,

211 654 468 714 Conober
505 669 694 712 comes
722 653 1134 712 Britannorum
1202 653 1536 715 interfectus
1563 669 1613 716 s'.

291 760 436 819 569
469 751 587 810 LV.
621 751 946 811 Chlotarius
976 769 1078 826 pro
1107 753 1231 812 suis
1276 755 1517 827 peccatis
1556 771 1688 831 qua)
1728 773 1921 829 gesse-

213 851 316 914 rat,
348 852 446 903 aut
487 841 845 914 negligenter
902 849 1113 914 egerat,
1167 846 1532 902 exorandum
1583 845 1653 903 ad
1719 847 1921 904 limina

212 932 358 990 beati
392 934 620 992 Martini
653 932 1005 989 Confessoris
1044 939 1306 1004 properat
1359 935 1488 1005 Cap.
1525 933 1637 1004 2t).
1693 934 1922 993 Exinde

211 1024 561 1098 Compendio
605 1023 744 1079 villa
792 1018 1054 1088 veniens,
1089 1021 1570 1094 quinquagesimo
1611 1023 1796 1095 primo
1845 1040 1924 1081 re-

209 1115 308 1187 gni
341 1114 432 1171 sui
461 1128 615 1171 anno
644 1117 888 1168 vexatus
916 1125 949 1166 a
990 1109 1146 1166 febre
1174 1110 1333 1168 obiit.
1371 1105 1731 1185 Chilpericus
1759 1130 1921 1173 occu-

209 1203 357 1277 palis
386 1203 669 1260 thesauris
719 1197 994 1256 Chlotarii
1042 1199 1099 1255 in
1147 1200 1287 1256 villa
1343 1199 1660 1263 Brennaco.
1726 1204 1920 1260 sedem

209 1290 554 1349 Cbildeberti
600 1289 854 1346 Parisius
882 1296 1120 1361 occupat
1151 1306 1164 1359 ;
1200 1288 1293 1344 sed
1325 1304 1461 1345 mox
1493 1289 1704 1346 exinde
1733 1291 1920 1362 repel-

205 1383 349 1440 litur
376 1383 532 1451 (Cap.
573 1378 686 1448 22).
739 1378 1129 1448 Chariberlus,
1179 1377 1599 1449 Guntramnus,
1640 1379 1924 1453 Chilperi-

208 1487 309 1529 cus
339 1477 394 1527 et
420 1467 745 1540 Sigibertus
779 1483 1020 1540 regnum
1053 1467 1230 1541 patris
1259 1466 1551 1523 dividunt.
1594 1466 1761 1524 Dedit
1799 1485 1922 1526 sors

210 1560 544 1619 Chariberto
577 1573 819 1628 regnum
871 1556 1244 1626 Childeberti,
1302 1555 1556 1613 Parisius
1599 1558 1793 1614 sedem
1825 1559 1920 1615 ha-

207 1648 367 1717 bens,
402 1647 768 1705 Guntramno
796 1661 932 1729 vero
977 1660 1223 1718 regnum
1269 1642 1684 1715 Chlodomeris,
1726 1644 1920 1702 sedem

206 1735 428 1796 habens
458 1734 789 1794 Aurelianis
829 1756 841 1803 ;
874 1733 1198 1807 Chilperico
1226 1747 1470 1804 regnum
1511 1732 1787 1791 Chlotarii
1817 1749 1921 1806 pa-

2003 581 2087 632 ter
2129 575 2274 648 ejus,
2317 579 2441 647 post
2490 577 2734 629 mortem
2775 568 3186 644 Magnacharii,
3228 567 3299 625 de
3337 565 3555 624 vilibus
3605 567 3714 623 ho-

2003 666 2264 724 minibus
2311 679 2496 723 unum
2553 679 2626 720 ex
2679 662 2916 720 nutritis
2969 658 3359 733 Magnacbarii
3421 663 3715 730 acceperat

2002 755 2296 824 maritum,
2328 769 2479 827 qum,
2514 750 2928 822 instigantibus
2973 747 3262 806 Guntione
3313 751 3368 802 et
3412 743 3668 803 VViotico
3695 746 3714 782 τ

2007 847 2159 916 ﬁliis,
2203 846 2274 902 ab
2315 845 2517 902 eodem
2558 850 2738 898 mater
2779 842 2946 913 jussu
2993 836 3344 897 Guntramni
3391 842 3707 908 separatur,

2006 945 2060 995 et
2086 938 2206 1009 ipse
2245 952 2386 1009 puer
2415 932 2713 992 occiditur.
2757 931 3022 988 Clamant
3050 936 3104 984 et
3135 926 3261 992 filii,
3300 923 3654 996 negligentes
3686 933 3712 968 8

2007 1035 2247 1084 matrem
2296 1022 2620 1081 herbariam
2671 1029 2724 1078 et
2777 1019 3154 1077 meretricem.
3203 1017 3343 1074 HERC
3390 1013 3607 1071 occasio
3640 1013 3710 1069 ii-

2007 1117 2145 1176 liam
2173 1115 2337 1188 ejecit
2367 1114 2436 1170 de
2464 1128 2658 1183 regno.
2688 1111 3058 1169 Charibertus
3089 1125 3191 1165 rex
3215 1107 3594 1178 Ingobergam
3623 1120 3712 1162 ac-

1997 1208 2154 1281 .cepit
2185 1220 2446 1265 uxorem.
2490 1202 2612 1271 Qua
2640 1202 2852 1271 relicta,
2894 1200 3258 1258 Merol‘ledem
3296 1197 3498 1255 lanarii
3530 1195 3711 1253 ﬁliam

2005 1298 2236 1372 accepit,
2285 1303 2340 1354 et
2382 1295 2556 1352 aliam
2619 1292 2862 1365 pastoris
2914 1291 3115 1348 ovium
3193 1289 3396 1357 tiliam,
3471 1286 3711 1344 nomine

2007 1383 2520 1451 Theudechildem,
2543 1381 2713 1438 duxit
2738 1396 3001 1451 uxorem,
3029 1395 3099 1438 ex
3133 1394 3242 1452 qua
3272 1375 3472 1435 habuit
3501 1374 3707 1442 tilium,

2005 1477 2104 1551 sed
2127 1476 2397 1548 protinus
2427 1472 2668 1530 moritur
2697 1474 2850 1544 (Cap.
2882 1469 2995 1536 26).

2076 1563 2252 1622 LVII.
2297 1563 2470 1620 Porro
2522 1559 2844 1631 Sigibertus
2893 1571 3028 1616 cum
3078 1554 3298 1613 videret
3344 1553 3546 1610 fratres
3575 1565 3710 1609 suos

2003 1667 2216 1712 uxores
2244 1649 2388 1706 viles
2427 1647 2701 1720 accipere,
2743 1644 3038 1717 Gogonein
3076 1634 3246 1700 causa
3297 1638 3599 1712 legationis
3637 1635 3708 1694 ad

2003 1741 2454 1813 Athanagildum
2485 1737 2506 1766 "
2557 1753 2749 1809 regem
2793 1736 3027 1806 direxit,
3079 1741 3278 1808 petens
3330 1738 3396 1790 ut
3440 1731 3494 1788 ei
3525 1729 3706 1785 filiam

209 1825 311 1882 tris
351 1825 497 1898 ejus,
551 1823 882 1881 cathedram
935 1823 1155 1881 habens
1197 1821 1588 1892 Suessiones;
1637 1821 2182 1906 SigiiiertoBsuam,
2235 1832 2491 1889 Brunam
2551 1828 2810 1896 nomine,
2883 1826 3150 1900 conjugio
3210 1823 3476 1893 traderet,
3532 1836 3708 1895 quam

207 1929 442 1988 quoque
483 1927 726 1982 regnum
769 1910 1134 1981 Theuderici,
1168 1910 1361 1968 sedem
1411 1910 1628 1968 habens
1659 1911 1847 1970 Mettis
1870 1913 1912 1971 δ.

207 2002 424 2060 Eodem
463 2007 714 2074 tempore
741 1999 931 2058 Chuni
957 1997 1173 2058 Gallias
1208 2005 1501 2072 appetunt,
1543 2007 1738 2058 contra
1768 2018 1915 2075 quos

207 2090 528 2163 Sigibertus
556 2090 736 2148 movit
767 2088 1108 2158 exercitum,
1143 2103 1356 2162 eosque
1384 2087 1519 2146 vicit
1560 2087 1697 2160 [Al.,
1734 2089 1914 2148 inter-

206 2180 358 2251 fecit]
389 2187 562 2251 atque
588 2179 811 2250 fugavit
861 2179 1016 2249 (Cap.
1051 2176 1161 2245 23).
1201 2177 1401 2235 Postea
1447 2193 1579 2236 cum
1616 2178 1688 2237 iis
1717 2197 1914 2253 pacem

204 2269 398 2328 inivit.
433 2267 796 2341 Chilpericus
834 2266 1090 2324 Rhemos
1118 2266 1364 2336 invadit,
1396 2273 1450 2324 et
1490 2266 1633 2325 alias
1661 2269 1918 2328 civitates

208 2375 342 2436 quae
368 2358 439 2416 ad
481 2357 836 2430 Sigibertum
875 2355 1239 2430 pertinebant
1276 2357 1533 2425 abstulit,
1576 2357 1730 2416 unde
1768 2359 1916 2416 inter

205 2451 363 2525 ipsos
393 2447 610 2506 bellum
656 2446 826 2505 civile
881 2445 1152 2504 surrexit.
1207 2444 1526 2517 Sigibertus
1575 2446 1914 2508 Suessiones

204 2547 482 2613 occupat;
515 2537 988 2596 Theudobertum
1021 2537 1207 2596 tilium
1247 2538 1553 2611 Chilperici
1586 2541 1907 2614 apprehen-

201 2644 336 2688 sum
365 2627 424 2686 in
451 2627 727 2686 exsilium
760 2625 1130 2685 transmittit:
1197 2626 1518 2699 Chilperico
1547 2629 1696 2687 victo
1732 2637 1906 2704 atque

191 2716 408 2790 fugato,
436 2715 696 2773 civitates
724 2715 783 2772 in
815 2731 980 2774 suam
1009 2715 1463 2773 dominationem
1492 2724 1733 2774 revocat.
1771 2718 1904 2777 Post

185 2819 418 2863 annum
461 2805 636 2878 [Boh.,
681 2805 883 2877 annos]
923 2803 1400 2862 Thcudobertum
1435 2804 1624 2863 tilium
1666 2804 1898 2880 Chilpe-

187 2894 294 2952 rici
326 2893 593 2964 reddidit,
625 2892 771 2951 datis
808 2892 870 2949 in
896 2893 1149 2952 invicem
1179 2893 1250 2951 de
1285 2909 1422 2968 pace
1451 2896 1826 2954 sacramentis
1859 2908 1898 2959 ο.

185 2983 593 3044 Guntramnus
613 2985 672 3041 in
693 2984 1033 3058 Burgundia
1062 3000 1330 3056 regnans,
1367 2985 1424 3042 in
1453 2984 1643 3043 locum
1671 2987 1904 3059 Agrico-

183 3076 336 3136 lanis
366 3076 590 3151 patricii
617 3074 848 3134 Celsum
887 3074 1156 3144 instituit,
1184 3073 1376 3133 virum
1407 3073 1468 3130 in
1500 3074 1691 3132 verbis
1734 3092 1902 3149 para-

183 3174 336 3235 tum,
366 3172 421 3223 et
447 3165 508 3222 in
535 3162 846 3236 cupiditate
872 3162 1371 3237 promptissimum
1401 3163 1551 3233 (Cap.
1583 3163 1669 3233 24)
1709 3164 1753 3222 ει,

1997 1922 2421 1995 Athanagildus
2449 1936 2582 1978 cum
2613 1917 2810 1976 multis
2841 1916 3123 1975 thesauris
3155 1914 3440 1986 Sigiberto
3463 1912 3534 1970 ad
3575 1926 3704 1968 ma-

1996 2013 2339 2073 trimonium
2393 2008 2709 2067 transmisit
2751 2011 2906 2080 (Cap.
2950 2007 3060 2079 27).
3093 2004 3180 2063 Ad
3219 2019 3426 2062 nomen
3455 2001 3583 2073 ejus
3609 2015 3705 2057 or-

1997 2106 2258 2161 nandum
2285 2105 2340 2158 et
2359 2098 2689 2171 augendum
2709 2094 3282 2154 estdeterminatumi
3315 2099 3380 2150 ut
3406 2094 3704 2148 vocaretur

1996 2187 2422 2256 Brunechildis,
2451 2201 2626 2258 quam
2651 2200 2784 2242 cum
2817 2183 2998 2241 multa
3025 2182 3223 2240 laetitia
3247 2186 3417 2254 atque
3430 2175 3699 2252 jucundi-

1998 2281 2109 2335 tate
2139 2274 2458 2348 Sigibertus
2490 2271 2703 2345 accepit
2739 2286 3002 2329 uxorem.

2068 2363 2270 2423 LVIII.
2308 2364 2458 2421 Ante
2489 2362 2610 2419 hinc
2643 2361 2702 2418 in
2750 2360 2994 2418 infantia
3042 2356 3309 2431 Sigiberti
3343 2370 3546 2414 omnes
3577 2356 3699 2411 Au-

1995 2453 2204 2522 strasii,
2233 2467 2365 2510 cum
2403 2449 2682 2522 eligerent
2711 2448 3112 2508 Clirodinumi
3157 2447 3433 2520 majorem
3471 2443 3700 2513 domus,

1997 2559 2064 2601 eo
2084 2542 2237 2616 quod
2279 2546 2427 2598 esset
2471 2539 2533 2596 in
2559 2537 2782 2596 cunctis
2820 2544 3113 2607 strenuus,
3156 2544 3211 2593 et
3250 2535 3459 2593 timens
3488 2533 3696 2603 Deum,

1995 2637 2268 2710 patientia
2291 2634 2570 2694 imbutus.
2599 2647 2707 2688 nec
2731 2631 3049 2704 quidquam
3071 2629 3249 2697 aliud,
3267 2627 3380 2685 nisi
3411 2625 3560 2699 quod
3580 2624 3697 2681 Deo

1991 2736 2045 2788 et
2077 2727 2413 2786 hominibus
2462 2724 2732 2798 placeret,
2763 2722 2824 2779 in
2857 2737 2923 2779 eo
2954 2721 3316 2779 inveniretur
3341 2738 3358 2788 ;
3398 2715 3498 2774 ille
3540 2715 3699 2772 hunc

1987 2822 2264 2879 honorem
2299 2829 2596 2889 respuens,
2629 2812 2887 2870 dicebat:
2943 2812 3148 2869 Pacem
3194 2823 3298 2882 ego
3327 2808 3390 2864 in
3428 2806 3642 2864 'Auster
3665 2804 3695 2842 ιι

1985 2910 2171 2968 facere
2203 2923 2320 2966 non
2367 2904 2548 2972 valeo,
2573 2907 2711 2965 571
2767 2902 3022 2961 maxime
3067 2913 3196 2958 cum
3235 2911 3438 2956 omnes
3476 2893 3693 2967 prima-

1986 3004 2068 3056 tes
2090 3014 2220 3057 cum
2258 2995 2455 3054 liberis
2484 2995 2543 3050 in
2575 2999 2687 3050 toto
2711 2996 2921 3052 Auster
2941 2989 3085 3048 mihi
3109 2983 3526 3058 consanguinei
3551 2983 3683 3050 sint;

1984 3103 2100 3146 non
2128 3100 2364 3159 possum
2381 3099 2458 3140 ex
2486 3081 2569 3139 eis
2586 3084 2770 3140 facere
2791 3080 3178 3154 disciplinam,
3208 3093 3314 3136 nec
3332 3087 3686 3150 quemquam

1915 3213 1960 3273 ο
1983 3178 2325 3236 interficere.
2346 3174 2460 3248 Ipsi
2481 3188 2615 3230 vero
2630 3189 2733 3246 per
2759 3189 2853 3231 me
2872 3171 3193 3240 insurgent,
3225 3171 3472 3240 utagant
3491 3179 3688 3237 super-

259 3263 411 3322 LVI-
447 3261 852 3321 Guntmmnus
880 3259 990 3318 mit
1038 3275 1138 3318 rex
1187 3260 1396 3331 bonus.
1452 3260 1660 3319 timens
1712 3253 2446 3327 Deumustiiiose.Eorum
2465 3269 2586 3321 acta
2607 3279 2722 3321 non
2747 3259 3300 3336 permittatDeus,ut
3324 3273 3414 3314 me
3432 3257 3492 3313 in
3514 3253 3682 3312 infer-

183 3357 338 3427 (Cap.
372 3352 485 3421 25).
521 3351 754 3425 Accepit
778 3350 1032 3425 primum
1059 3350 1467 3423 concubinam,
1503 3352 1739 3410 nomine
1779 3351 1887 3410 Ve-

179 3443 525 3512 nerandam,
567 3441 638 3500 de
673 3457 786 3514 qua
816 3439 1023 3498 habuit
1057 3439 1266 3505 tilium,
1294 3439 1527 3498 nomine
1576 3441 1885 3500 Gundeba-

172 3532 344 3590 dum.
387 3531 522 3589 Post
565 3530 779 3604 accepit
820 3528 1269 3587 Marchitrudem
1324 3527 1504 3586 ﬁliam
1543 3529 1885 3604 Magnacha-

170 3621 246 3679 rii
279 3633 324 3690 ε,
356 3636 490 3696 quae
518 3626 819 3694 postquam
847 3618 916 3676 de
945 3617 1309 3677 Guntramno
1341 3617 1643 3677 habuisset
1671 3619 1885 3690 tilium,

173 3720 326 3776 570
368 3726 594 3770 veneno
645 3709 1072 3769 Gundebadum
1128 3707 1323 3766 dolose
1385 3707 1688 3778 interfecit.
1758 3708 1890 3782 Ipsa

171 3802 402 3879 judicio
431 3801 534 3860 Dei
562 3799 752 3858 tilium
794 3815 970 3873 quem
1008 3799 1249 3858 habebat
1289 3799 1558 3874 perdidit,
1593 3808 1646 3859 et
1689 3800 1888 3859 odium

179 3893 340 3965 regis
368 3908 469 3967 per
505 3890 764 3964 saginam
796 3889 1063 3949 incurrit.
1098 3891 1314 3948 Eadem
1351 3890 1610 3961 dimissa,
1643 3895 1886 3951 Austre—

169 3981 431 4040 childem
472 3980 732 4053 ejusdem
770 3980 1062 4051 ancillam,
1113 3985 1489 4052 cognomento
1525 3978 1883 4054 Bobilanem,

170 4071 583 4130 Guntramnus
610 4069 826 4141 accepit
854 4083 1120 4139 uxorem,
1149 4067 1220 4124 de
1261 4083 1374 4141 qua
1417 4067 1564 4126 duos
1598 4068 1748 4126 ﬁlios
1780 4069 1887 4127 ha-

168 4157 326 4229 buit,
363 4155 455 4216 his
503 4155 866 4228 nominibus,
916 4153 1275 4214 Chlotarium
1324 4154 1880 4231 etChlodomerem.

237 4399 258 4419 -
293 4387 381 4437 Sic
424 4385 575 4446 Editi,
635 4385 831 4449 prater
868 4382 1042 4444 Ches.,
1087 4382 1179 4446 qui
1234 4392 1359 4434 cum
1416 4380 1554 4435 Bob.
1586 4381 1772 4439 ‘habet
1806 4385 1885 4437 in-

173 4457 455 4522 terﬁcitur
473 4473 486 4516 ;
513 4455 669 4516 Clar.,
708 4455 1015 4518 interfecto.
1557 4499 1563 4508 ,

238 4529 263 4559 ⁸³
301 4529 625 4590 Gregorius,
649 4525 843 4576 Remis.

233 4611 255 4631 ε
293 4582 446 4651 Cari.“
477 4601 532 4651 et
584 4582 755 4659 C'hes.,
807 4596 1027 4648 invicem
1065 4607 1190 4660 pace
1249 4602 1293 4645 et
1348 4594 1604 4647 obsidibus
1655 4610 1771 4647 cum
1812 4582 1952 4648 saoD

169 4670 475 4724 ammentis.

239 4746 265 4774 ‘
304 4743 432 4793 Can.
453 4743 508 4791 et
541 4739 630 4788 Ch.
667 4738 760 4797 aL,
782 4739 987 4789 civitate
1022 4738 1498 4804 prudentissimum.

233 4831 258 4856 ο
292 4814 448 4869 Clar.,
477 4809 836 4872 Hagnicharii.
867 4810 1024 4871 Boh.,
1061 4807 1404 4871 Magnichari.

246 4887 266 4923 ι
311 4884 467 4938 Clar.,
531 4880 807 4933 Cinccione
855 4891 897 4930 et
949 4880 1182 4932 Wiolico.
1227 4880 1370 4938 Can.,
1418 4881 1688 4931 Cumtione
1733 4887 1775 4930 et
1815 4881 1896 4930 Vi-

173 4959 377 5013 eolico;
417 4953 508 5010 aL,
555 4953 922 5004 Conventione.
966 4952 1054 5002 Ch.
1110 4951 1203 5012 aL,
1261 4950 1488 5003 Uncione
1542 4961 1584 5002 et
1655 4951 1893 5005 Vivolico.

174 5027 346 5084 Boh.,
374 5024 657 5085 Quintiano
691 5031 735 5073 et
770 5022 1015 5073 Vinotico.
1507 5073 1510 5078 _

247 5111 276 5146 ε
312 5096 448 5150 Clar.
503 5097 557 5146 et
629 5097 771 5157 Can.,
838 5095 1116 5144 clamantes
1178 5094 1278 5159 ﬁlii
1333 5093 1660 5156 negligenter.
1717 5093 1897 5154 Freh.,

177 5168 536 5223 clamantibus
597 5166 725 5230 ﬁliis
785 5167 1116 5228 negligenter.
1186 5166 1452 5217 Herbaria
1516 5166 1728 5225 dicitur,
1781 5178 1898 5230 quas

175 5257 256 5296 ex
281 5240 470 5294 herbis
495 5250 597 5290 seu
625 5235 934 5301 potionibus
965 5237 1233 5289 maleﬁcia
1262 5236 1493 5288 coniicit.

249 5316 276 5346 ³³
316 5313 455 5363 Clar.
500 5313 553 5362 et
603 5309 714 5368 alii,
759 5314 956 5371 praeter
1003 5307 1173 5370 Ches.,
1236 5307 1587 5371 Anagildum;
1638 5310 1691 5360 et
1719 5307 1797 5359 sic
1827 5307 1899 5359 in-

175 5387 298 5439 fra.
325 5387 387 5434 At
417 5394 533 5446 cap.
571 5381 632 5430 63
665 5379 863 5443 legitur
884 5379 1249 5441 Athanagildo.

246 5457 262 5486 ‘
303 5453 430 5507 Cod.
488 5451 622 5503 Clar.
687 5461 739 5502 et
789 5451 948 5512 Boh.,
987 5452 1296 5509 ornandum,
1349 5458 1419 5500 est
1461 5459 1666 5500 auctum
1717 5458 1772 5501 ut
1821 5464 1902 5500 vo-

179 5535 422 5582 caretur.
460 5523 618 5585 Boh.,
652 5523 1033 5574 Brunechildes.

247 5603 265 5648 i
315 5599 387 5650 De
422 5597 683 5648 Cbrodino
718 5596 842 5646 vile
881 5595 1110 5657 Gregor.
1145 5591 1235 5644 lib.
1263 5605 1340 5657 vr,
1372 5605 1491 5657 cap.
1517 5594 1600 5645 20.

252 5673 281 5703 ι
321 5671 449 5721 Cum
498 5667 580 5718 hac
630 5679 793 5719 voces
842 5669 1039 5724 Auster,
1103 5668 1330 5726 Neuster,
1397 5669 1524 5726 etc.,
1590 5666 1906 5730 frequenter

180 5747 246 5798 in
329 5739 657 5804 Fredegarlo
740 5740 974 5804 ejusque
1051 5737 1516 5789 continuatoribus
1596 5740 1905 5801 occurrant,

182 5817 504 5872 observare
557 5811 813 5866 convenit
863 5808 1188 5865 Francorum
1253 5806 1539 5872 imperium
1597 5810 1697 5862 sub
1752 5809 1909 5862 Chio-

1976 3357 2037 3415 ni
2060 3357 2307 3414 claustra
2330 3352 2572 3412 tradant.
2594 3351 2800 3424 Eligite
2819 3349 3002 3408 alium
3025 3362 3199 3422 quem
3214 3345 3394 3404 vultis
3408 3361 3482 3401 ex
3495 3343 3678 3401 vobis.

2044 3445 2194 3503 LIX.
2227 3445 2300 3504 At
2346 3443 2433 3500 illi
2477 3458 2609 3500 cum
2658 3457 2771 3499 non
2821 3437 3170 3509 invenirent,
3203 3443 3363 3502 tunc,
3401 3428 3678 3493 Chrodini

1971 3534 2233 3604 consilio,
2265 3532 2553 3592 nutritum
2580 3546 2775 3601 suum,
2824 3533 3208 3587 memoratum
3237 3521 3526 3597 superius,
3560 3519 3678 3580 Go-

1968 3644 2178 3704 gonem
2217 3629 2496 3701 majorem
2534 3625 2741 3683 domus
2780 3623 3022 3696 eligunt.
3063 3621 3130 3679 In
3165 3619 3412 3679 crastino
3451 3616 3679 3691 primus

1968 3720 2040 3778 ad
2070 3720 2195 3792 ejus
2227 3717 2589 3776 mansionem
2642 3713 2896 3789 perrexit
2929 3711 3258 3771 Chrodinus
3304 3709 3377 3767 ad
3414 3707 3680 3766 ministe-

1970 3811 2144 3881 rium,
2183 3809 2398 3869 bracilc
2428 3810 2441 3848 ι
2471 3807 2692 3881 Gogoni
2729 3807 2791 3864 in
2829 3805 2977 3864 collo
3012 3811 3230 3862 tenens.
3273 3800 3437 3876 Quod
3466 3797 3678 3872 reliqui

1969 3906 2286 3967 cernentes,
2320 3900 2577 3974 ejusdem
2612 3903 2932 3972 sequuntur
2954 3893 3307 3968 exemplum.
3328 3892 3674 3964 Prosperum

1969 3992 2077 4050 hoc
2099 3990 2318 4061 Gogoni
2348 3991 2416 4048 ad
2445 3987 2894 4061 gubernandum
2916 3985 3045 4054 fuit,
3071 3983 3447 4056 quoadusque
3465 3975 3672 4036 Bruni-

1967 4077 2217 4135 childem
2246 4077 2316 4134 de
2338 4075 2549 4147 Spania
2567 4075 2830 4131 adduxit.
2861 4072 3042 4140 Quem
3073 4065 3472 4126 Brunichildis
3499 4062 3675 4122 conti-

1968 4183 2084 4227 nuo
2115 4168 2265 4239 apud
2313 4165 2665 4239 Sigibertum
2705 4162 2837 4220 fecit
2871 4161 3158 4229 odiosum,
3198 4157 3528 4229 ipsumque,
3569 4167 3673 4210 suo

1969 4384 2128 4438 dovei
2177 4383 2302 4437 ﬂllis
2360 4386 2415 4435 et
2455 4383 2750 4448 nepotibus
2779 4381 2833 4432 in
2868 4379 3113 4432 diversas
3147 4379 3331 4443 partes
3373 4389 3472 4429 seu
3505 4388 3677 4440 regna

1971 4457 2170 4521 saepius
2217 4454 2450 4506 divisum
2494 4456 2683 4510 fuisse.
2752 4452 3027 4505 Celebrior
3067 4452 3284 4513 divisio,
3336 4462 3454 4514 quin
3499 4461 3674 4512 usque

1971 4530 2037 4580 ad
2101 4529 2284 4589 primae
2331 4528 2516 4592 stirpis
2566 4527 2730 4578 ﬁnem
2783 4528 3176 4590 perseveravit,
3231 4524 3333 4574 tria
3392 4522 3447 4572 in
3504 4533 3675 4584 regna

1973 4601 2249 4653 Franciam
2319 4599 2688 4664 partiebaiur:
2758 4598 2812 4648 in
2871 4596 3242 4661 Burgundiam
3312 4594 3536 4652 scilicet,
3598 4592 3678 4644 sic

1973 4672 2170 4723 dictam
2225 4670 2371 4734 quod
2428 4683 2545 4722 eam
2581 4669 2879 4722 Galliarum
2919 4674 3126 4731 partem
3161 4680 3278 4732 quae
3328 4664 3677 4729 Burgundio-

1972 4743 2135 4794 nibus
2164 4745 2420 4806 paruerat
2455 4741 2554 4801 sub
2605 4755 2664 4794 se
2697 4743 2962 4803 integram
2997 4739 3478 4802 complecteretur;
3515 4736 3675 4787 Fran-

1975 4815 2113 4865 ciam
2187 4813 2528 4874 orientalem,
2605 4818 2656 4864 et
2717 4813 2992 4864 Franciam
3069 4808 3480 4869 occidentalem,
3545 4818 3682 4869 quas

1977 4885 2229 4935 idiomate
2271 4885 2600 4936 Theutonico
2641 4885 2812 4935 Ooster
2839 4883 2975 4933 τῆοὴ
3002 4885 3052 4931 et
3083 4883 3267 4931 Wester
3307 4879 3459 4934 riich,
3497 4879 3546 4927 id
3595 4880 3680 4928 est

1977 4955 2246 5007 orientale
2301 4956 2530 5018 regnum
2575 4957 2629 5005 et
2662 4955 2995 5005 occidentale
3043 4962 3271 5012 regnum
3316 4945 3680 5011 appellabant.

1978 5025 2208 5077 Francia
2255 5025 2542 5077 orientalis
2593 5029 2781 5090 postea
2829 5027 3010 5074 Auster
3058 5034 3156 5073 seu
3203 5018 3436 5078 Austria,
3490 5029 3554 5071 ac
3584 5018 3678 5071 de-

1977 5109 2128 5149 mum
2175 5097 2477 5155 Austrasia;
2533 5095 2885 5148 occidentalis
2930 5106 3065 5145 vero
3104 5093 3307 5152 Wester,
3341 5094 3452 5142 tum
3490 5090 3682 5143 nescio

1984 5181 2088 5233 qua
2138 5171 2448 5227 occasiolie,
2495 5169 2779 5223 Neu-vester,
2845 5166 2900 5217 id
2951 5170 3030 5216 est
3089 5167 3230 5216 Νουα
3272 5163 3483 5220 Vextric,
3535 5161 3682 5226 Nep-

1987 5240 2186 5296 trt'cum,
2235 5239 2464 5302 Neptria,
2519 5238 2774 5296 Neustria,
2837 5249 2901 5289 ac
2975 5237 3190 5289 tandem
3248 5236 3541 5289 Neustrasia
3605 5235 3683 5286 di-

1987 5316 2074 5363 cta
2118 5310 2237 5360 fuit.
2289 5311 2448 5360 Porro
2480 5308 2608 5360 licet
2645 5310 2848 5372 aliquot
2889 5308 3126 5360 Francia:
3155 5306 3319 5359 urbes
3349 5311 3402 5357 et
3435 5307 3687 5366 regiones

1990 5385 2308 5434 constanter
2338 5382 2392 5432 in
2424 5381 2713 5442 Austrasia,
2738 5381 2940 5446 aliquot
2978 5379 3094 5432 aliae
3123 5381 3176 5429 in
3200 5378 3441 5430 Neustria
3469 5387 3689 5438 semper

1991 5452 2212 5514 fuerint,
2245 5453 2719 5504 nonnullaetamen
2753 5451 2973 5504 fuerunt
3001 5465 3122 5516 quae
3155 5449 3320 5500 variis
3355 5446 3692 5509 temporibus

1993 5526 2060 5575 ad
2093 5525 2242 5576 varia
2292 5537 2460 5587 regna
2494 5526 2826 5588 pertinuere,
2851 5524 2992 5587 quod
3025 5522 3258 5572 maxime
3289 5516 3690 5588 observandum

1989 5599 2071 5648 est
2125 5597 2178 5646 in
2211 5595 2462 5660 legendis
2500 5587 2732 5648 istorum
2781 5599 3088 5658 temporum
3123 5587 3506 5641 monumentis.

2053 5665 2217 5718 ‘Can.
2278 5659 2368 5728 aL,
2421 5668 2650 5720 Bracibe.
2715 5668 2975 5727 Aimoin.,
3032 5663 3124 5714 lib.
3180 5672 3262 5722 in,
3318 5671 3438 5724 cap.
3482 5663 3531 5719 4,
3576 5659 3692 5711 bra-

1989 5740 2165 5789 chium
2222 5740 2327 5801 ejus
2372 5739 2496 5788 coita
2541 5753 2887 5804 super-ponens
2934 5750 3043 5798 suo,
3091 5733 3298 5797 signum
3356 5731 3542 5793 futuras
3594 5732 3690 5782 do-

1989 5810 2298 5862 minationis
2332 5810 2483 5863 dedit.
