3966 6348
231 396 337 457 595

1306 399 1364 458 S.
1406 399 1762 461 GREGORII
1804 400 2136 462 EPISCOPI
2176 400 2650 463 TURONENSIS

3617 403 3714 462 596

233 521 545 597 instigante
599 521 860 593 consilio,
911 521 1230 597 Sigibertus
1320 525 1606 585 interfecit
1654 542 1703 586 ³.
1757 509 2218 591 TantaAliberis
2246 528 2575 587 Danubium
2602 530 2976 586 transmeant.
3019 525 3168 585 Cum
3203 542 3234 585 a
3262 525 3483 587 Chunis
3522 529 3713 587 Danu-

234 616 387 674 mala
414 623 467 674 et
489 614 800 674 effusiones
827 616 1184 689 sanguinum
1206 633 1238 674 a
1271 616 1667 675 Brunichildis
1694 619 1935 677 consilio

233 704 297 763 in
315 705 552 763 Francia
575 705 718 763 facta
733 712 886 775 sunt,
913 705 1285 780 utprophetia
1313 704 1551 781 Sibyllae
1576 706 1930 779 impleretur,

234 793 430 853 dicens
459 813 472 852 :
506 792 916 853 VenietBruna
942 794 1048 852 l’de
1066 795 1321 869 partibus
1335 793 1583 868 Spaniae,
1616 804 1747 854 ante
1767 798 1936 869 cujus

233 891 600 956 conspectum
626 885 823 942 multze
850 893 1048 957 gentes
1060 885 1351 958 peribunt.
1370 885 1657 944 Haecvero
1674 887 1935 963 equitum

237 973 321 1043 [Id
350 978 447 1043 est,
480 979 779 1046 equorum]
819 972 1072 1031 calcibus
1100 974 1485 1046 disrumpitur
1513 984 1553 1030 ο.

306 1064 427 1122 LX.
483 1063 841 1136 Chilpericus
883 1064 1385 1123 Gachilosoindam
1413 1066 1438 1101 ἀ
1481 1079 1735 1123 sororem
1787 1063 1935 1123 Bru-

233 1151 509 1211 nichildis
564 1152 769 1211 habuit
814 1169 1079 1225 uxorem,
1128 1154 1461 1229 relinquens
1498 1153 1935 1225 Fredegundem

233 1248 288 1301 et
334 1242 497 1312 alias,
549 1258 696 1318 quas
755 1243 997 1301 habebat
1056 1259 1272 1302 uxores
1324 1245 1477 1315 (Cap.
1551 1242 1663 1311 28).
1739 1241 1938 1299 Postea

234 1332 645 1389 transcendens
691 1338 1114 1389 sacramentum
1165 1332 1318 1407 quod
1351 1331 1692 1390 Gotthorum
1738 1328 1937 1401 legatis

229 1415 481 1487 dederat,
517 1433 590 1475 ne
615 1433 878 1491 unquam
907 1417 1409 1491 Gachilosoindam
1447 1417 1517 1474 de
1555 1414 1809 1475 culmine
1845 1432 1934 1473 re-

229 1506 332 1580 gni
369 1505 724 1580 degradaret,
761 1508 1062 1581 ipsamque
1100 1507 1410 1581 suggillare
1447 1507 1596 1564 fecit.
1653 1506 1784 1564 Post
1831 1520 1933 1563 cu-

223 1596 324 1666 jus
353 1593 659 1653 transitum
709 1595 1148 1669 Fredegundem
1192 1596 1384 1655 denuo
1414 1595 1629 1668 accepit
1666 1610 1932 1653 uxorem.

229 1682 585 1756 Reputantes
612 1684 663 1741 ei
704 1684 908 1743 fratres
934 1684 1061 1758 ejus
1083 1684 1239 1759 quod
1270 1699 1374 1743 suo
1403 1683 1637 1756 ingenio
1667 1684 1936 1743 Gachilo-

228 1773 429 1831 soinda
485 1774 659 1831 fuerit
716 1773 1077 1848 interempta,
1123 1790 1259 1832 eum
1306 1773 1378 1831 de
1436 1787 1615 1843 regno
1674 1772 1931 1846 ejiciunt.

2022 619 2186 677 bium
2217 626 2575 678 transeuntes
2626 618 2871 676 fuissent
2910 618 3204 691 comperti,
3254 618 3338 675 eis
3373 618 3587 677 bellum
3623 634 3712 677 co-

2022 709 2142 767 nati
2168 718 2301 768 sunt
2330 711 2344 747 ί
2375 711 2607 781 inferre,
2659 707 2991 777 interrogati
3027 724 3059 765 a
3092 707 3333 779 Chunis,
3374 724 3554 784 quare
3582 724 3718 781 gens

2021 814 2221 857 eorum
2249 798 2523 856 terminos
2553 797 2792 856 introire
2823 803 3207 869 praesumeret.
3243 798 3317 853 At
3345 795 3430 851 illi
3460 795 3716 854 mulieri-

2020 888 2130 947 bus
2158 887 2282 946 suis
2328 888 2677 961 praecipiunt
2719 900 2942 944 comam
2980 885 3180 957 capitis
3227 878 3299 941 ad
3352 884 3618 942 maxillas
3664 892 3716 943 et

2020 985 2278 1037 mentum
2316 977 2513 1049 ligare,
2545 993 2659 1052 quo
2693 977 2883 1050 potius
2916 975 3174 1033 virorum
3215 975 3478 1033 habitum
3535 975 3712 1033 simu-

2020 1069 2202 1127 lantes
2234 1067 2545 1142 plurimam
2576 1066 3016 1127 multitudinem
3043 1065 3300 1124 hostium
3331 1064 3712 1136 ostenderent,

2019 1171 2085 1215 eo
2146 1157 2300 1230 quod
2335 1162 2498 1215 erant
2548 1155 2865 1213 mulierum
2920 1169 3099 1211 comae
3149 1152 3297 1209 circa
3346 1150 3614 1210 maxillas
3663 1158 3718 1209 et

2022 1252 2283 1303 mentum
2319 1244 2389 1301 ad
2416 1245 2598 1301 instar
2627 1243 2820 1300 barbati
2867 1241 3031 1299 valde
3079 1242 3285 1314 longae.
3320 1241 3524 1299 Fertur
3549 1240 3718 1298 desu-

2018 1350 2121 1407 per
2146 1340 2407 1406 utraeque
2438 1333 2740 1406 phalangae
2771 1347 2886 1389 vox
2918 1331 3139 1389 dixisse
3169 1350 3181 1388 :
3216 1329 3293 1387 Hi
3318 1337 3457 1386 sunt
3496 1329 3715 1402 Lango-

2020 1420 2204 1488 bardi,
2247 1420 2402 1493 quod
2464 1419 2537 1475 ab
2594 1418 2687 1476 his
2760 1416 3026 1490 gentibus
3090 1418 3269 1475 fertur
3321 1422 3465 1479 573
3523 1431 3719 1473 eorum

2017 1508 2191 1565 deum
2220 1507 2395 1565 fuisse
2444 1505 2722 1575 locutum,
2752 1519 2929 1578 quem
2961 1503 3195 1561 fanatici
3238 1506 3544 1563 nominant
3574 1502 3721 1561 Wo-

2017 1600 2235 1658 danum
2257 1598 2290 1655 l.
2321 1596 2485 1654 Tunc
2513 1592 2873 1667 Langobardi
2903 1609 3036 1652 cum
3067 1593 3409 1651 clamassent
3444 1608 3457 1643 :
3492 1591 3602 1660 Qui
3627 1590 3723 1648 in-

2017 1690 2276 1748 stituerat
2315 1702 2549 1757 nomen,
2591 1685 2925 1744 concederet
2951 1684 3252 1742 victoriam
3284 1706 3298 1753 ;
3334 1684 3395 1740 in
3426 1684 3532 1740 hoc
3575 1695 3718 1754 prae-

2016 1777 2094 1836 lio
2144 1776 2378 1836 Chunos
2428 1781 2722 1850 superant,
2783 1780 3000 1847 partem
3040 1768 3357 1832 Pannoniae
3413 1772 3717 1830 invadunt.
3756 1816 3759 1817 ν

228 1861 487 1921 Habebat
525 1862 884 1937 Chilpericus
920 1863 992 1920 de
1026 1864 1217 1937 priore
1252 1863 1447 1936 regina
1484 1862 1792 1920 Audovera
1822 1868 1993 1948 tresB
2016 1868 2131 1927 Nec
2157 1866 2341 1926 multo
2370 1872 2495 1941 post
2530 1873 2782 1939 tempore
2822 1864 3017 1922 Narsis
3046 1864 3341 1936 patricius,
3373 1863 3547 1922 minis
3582 1863 3719 1921 Jus-

225 1952 397 2024 ﬂlios,
427 1952 917 2020 Theudobertum,
947 1951 1286 2011 Meroveum
1324 1957 1379 2007 et
1405 1950 1818 2009 Cblodoveum.

299 2042 448 2103 LXI.
481 2043 668 2103 Chuni
703 2044 841 2114 (AL,
862 2042 1044 2116 Huni]
1074 2041 1364 2101 inGallias
1395 2040 1592 2099 venire
1624 2046 1926 2111 conantur,

224 2131 501 2190 adversus
552 2146 699 2206 quos
724 2129 1045 2204 Sigibertus
1078 2136 1223 2195 5'72
1249 2145 1385 2190 cum
1436 2145 1646 2202 magno
1674 2129 1930 2202 aggredi-

225 2229 322 2282 tur
358 2222 611 2283 exercitu
636 2225 791 2295 (Cap.
819 2221 928 2279 29l.
961 2220 1159 2278 Chuni
1192 2219 1428 2290 magicis
1468 2219 1687 2278 artibus
1718 2218 1932 2276 instru-

225 2311 323 2382 cti,
346 2309 549 2370 multis
578 2308 899 2384 phantasiis
920 2306 1187 2375 ostensis,
1210 2305 1491 2364 exercitui
1520 2305 1789 2379 Sigiberti
1821 2320 1935 2362 me-

227 2410 351 2463 tum
373 2402 712 2462 concutiunt
743 2422 756 2471 ;
796 2407 951 2474 terga
996 2405 1252 2457 vertunt.
1289 2397 1609 2470 Sigibertus
1632 2413 1665 2455 a
1709 2396 1935 2455 Chunis

226 2491 635 2560 circumdatur,
676 2489 774 2547 sed
805 2504 910 2547 sua
945 2487 1251 2561 prudentia
1278 2486 1429 2545 dona
1458 2484 1704 2544 offerens
1733 2483 1936 2543 libera-

233 2587 344 2650 tur.
374 2597 481 2639 nec
505 2581 558 2638 ei
581 2580 904 2655 quidquam
932 2579 1061 2637 haec
1089 2577 1341 2637 conditio
1374 2576 1506 2643 fecit
1533 2574 1931 2648 opprobrium.

232 2672 435 2731 Pacem
465 2671 873 2744 sempiternam
914 2682 1049 2727 cum
1081 2666 1303 2726 Chunis
1353 2664 1625 2727 firmavit,
1664 2670 1721 2721 et
1744 2679 1777 2720 a
1810 2678 1939 2737 rege

231 2760 575 2822 Chunorum
605 2759 909 2832 condignis
942 2756 1281 2816 muneribus
1308 2756 1646 2814 honoratur.

304 2851 484 2911 LXII.
514 2849 835 2924 Sigibertus
863 2847 1128 2924 praecepit
1161 2843 1441 2905 Arvernis
1471 2841 1698 2901 civibus
1737 2841 1942 2899 Arela~

231 2943 349 2998 tem
376 2953 655 3012 occupare
681 2938 833 3010 (Cap.
864 2936 970 3007 30).
1021 2934 1271 2994 Jubente
1300 2930 1663 2990 Guntramno
1706 2945 1741 2987 a
1776 2928 1940 2988 Celso

229 3026 467 3102 patricio
498 3024 748 3085 Arverni
776 3024 1001 3083 Arelate
1030 3021 1295 3081 trucidati
1325 3026 1481 3079 sunt.

306 3114 512 3175 LXIII.
542 3113 928 3188 Athanagildo
946 3127 1080 3187 rege
1100 3111 1161 3168 in
1186 3109 1397 3184 Spania
1417 3109 1706 3178 defuncto,
1742 3108 1942 3165 Leuva

2016 1956 2122 2016 tini
2151 1956 2514 2029 imperatoris
2570 1953 2814 2027 ejusque
2852 1954 3131 2025 Augustae
3180 1952 3410 2027 Sophiae
3458 1950 3721 2025 perterri-

2014 2049 2127 2107 tus.
2157 2058 2222 2101 eo
2250 2042 2401 2115 quod
2452 2044 2716 2114 Augusta
2756 2042 2806 2099 ei
2841 2046 3177 2113 apparatum
3206 2056 3281 2097 ex
3312 2056 3457 2099 auro
3506 2040 3717 2098 factum

2015 2135 2319 2204 muliebre,
2350 2150 2416 2192 eo
2461 2135 2616 2213 quod
2650 2132 2953 2191 eunuchus
2983 2138 3123 2204 erat,
3173 2147 3305 2191 cum
3351 2147 3467 2206 quo
3512 2132 3715 2202 ﬁlaret,

2014 2225 2246 2293 direxit,
2285 2231 2340 2281 ct
2366 2224 2707 2297 pensilarios
2730 2225 2756 2262 ιι
2808 2228 3024 2295 regeret
3052 2236 3170 2280 non
3200 2223 3460 2295 populos.
3510 2223 3586 2279 At
3618 2222 3717 2279 ille

2014 2313 2371 2388 respondet:
2401 2313 2598 2371 Filum
2626 2312 2819 2382 ﬁlabo,
2847 2312 2915 2368 de
2947 2325 3062 2385 quo
3086 2309 3355 2368 Justinus
3383 2310 3715 2383 imperator,

2015 2419 2123 2463 nec
2157 2405 2421 2476 Augusta
2469 2402 2540 2461 ad
2588 2408 2757 2476 caput
2806 2403 3006 2459 venire
3070 2415 3187 2457 non
3244 2406 3496 2473 possent.
3554 2399 3718 2462 Tunc

2019 2491 2425 2562 Langobardos
2444 2507 2477 2548 a
2502 2488 2817 2547 Pannoniis
2846 2487 3123 2556 invitans,
3146 2502 3278 2545 cum
3304 2487 3565 2545 Alboeno
3592 2503 3724 2560 rege

2018 2583 2243 2642 Italiam
2274 2579 2616 2640 introduxit.
2646 2579 2941 2637 Alboenus
2968 2576 3417 2637 Chlodesitidam
3449 2577 3726 2635 Chlotarii

2015 2674 2166 2748 regis
2190 2673 2373 2731 ﬁliam
2397 2672 2598 2729 habuit
2620 2686 2892 2740 uxorem;
2921 2685 3035 2744 qua
3053 2668 3345 2731 defuncta.
3366 2668 3540 2725 aliam
3555 2668 3724 2726 duxit

2019 2766 2346 2838 conjugem,
2364 2763 2534 2837 cujus
2561 2769 2779 2836 patrem
2802 2760 3162 2819 interfecerat
3184 2763 3317 2833 (Cap
3345 2760 3449 2827 33;
3481 2763 3583 2825 aL,
3612 2759 3723 2831 41).

2096 2850 2302 2911 LXVI.
2331 2853 2460 2926 Ipse
2491 2867 2627 2910 vero
2670 2851 2929 2925 ejusdem
2960 2849 3228 2909 mulieris
3267 2849 3466 2907 fraude
3500 2863 3727 2907 veneno

2022 2940 2192 3016 periit
2220 2941 2374 3011 (Cap.
2404 2938 2515 3007 35;
2565 2942 2665 3008 aL,
2694 2940 2804 3010 41).
2850 2939 3094 3013 Ipsaque
3137 2944 3329 3011 postea
3370 2952 3505 2994 cum
3530 2935 3730 3010 aliquo

2026 3028 2428 3100 Langobardo,
2460 3028 2613 3103 apud
2637 3044 2809 3103 quem
2841 3028 3180 3087 Ravennam
3209 3027 3493 3101 fugaciter
3509 3026 3731 3085 decivi-

2024 3122 2138 3175 tate
2160 3115 2407 3184 Verona,
2439 3116 2542 3175 ubi
2574 3117 2770 3175 virum
2815 3116 3125 3187 occiderat,
3154 3115 3538 3190 aggrediebat,
3570 3114 3731 3188 pari-

233 3201 682 3304 CEm_I:el{Vild9
716 3200 1159 3304 ῖΐθίνεξξθὲοτυω
1178 3198 1662 3304 θῇερωιξηῐβςαρο
1691 3192 1758 3251 3ἳ
1790 3194 1937 3304 ἷοαιιν
1960 3243 2004 3304 C
2025 3210 2110 3263 ter
2144 3203 2205 3260 in
2239 3202 2443 3261 itinere
2472 3202 2853 3276 apprehensil
2884 3210 2938 3261 et
2961 3203 3243 3262 interfecti
3275 3210 3431 3261 sunt.

237 3292 347 3364 38).
377 3291 621 3352 Moritur
634 3288 1026 3355 Leuva.Tum
1040 3286 1366 3346 Leuvildus
1392 3286 1454 3343 in
1482 3284 1774 3355 integrum
1804 3280 1939 3353 Spa-

237 3382 354 3442 nize
406 3396 653 3456 regnum
711 3385 888 3450 tenet,
939 3377 1162 3436 habens
1204 3374 1601 3436 Gadsuindam
1628 3386 1651 3412 ο
1697 3378 1939 3430 matrem

232 3470 641 3531 Brunechildis
677 3483 943 3530 uxorem.

310 3559 514 3619 LXIV.
562 3558 780 3617 Eodem
826 3563 1099 3630 tempore,
1146 3553 1417 3613 defuncto
1455 3551 1945 3624 Constantinopoli

235 3651 571 3712 Iustiniano
646 3650 1006 3722 imperatore,
1062 3645 1328 3705 Justinus
1399 3642 1641 3702 ambivit
1694 3644 1714 3680 ι
1758 3642 1942 3715 impe-

243 3742 420 3811 rium,
463 3738 554 3797 vir
599 3737 845 3810 iniquus
877 3742 933 3794 et
959 3734 1206 3809 cupidus
1248 3737 1396 3807 (Cap.
1430 3733 1541 3807 33;
1573 3737 1675 3803 al.,
1712 3732 1821 3805 39).
1854 3731 1943 3790 Ad

243 3846 421 3905 quem
451 3828 775 3903 Sigibertus
799 3827 1036 3901 legatos,
1058 3824 1575 3885 Warmacharium
1606 3824 1744 3898 [Al.,
1772 3823 1946 3884 War-

242 3921 537 3993 marium],
563 3918 850 3977 Francum
870 3917 1266 3977 etFirminum
1294 3916 1561 3976 comitem
1576 3914 1810 3987 direxit,
1840 3914 1945 3988 qui

243 4027 381 4089 pace
410 4025 545 4071 cum
583 4009 923 4083 imperatore
953 4009 1183 4067 ﬁrmata
1223 4017 1268 4066 ε.
1313 4006 1437 4077 Qua
1482 4006 1650 4076 facta,
1693 4005 1947 4064 secundo

246 4115 400 4161 anno
429 4104 567 4159 sunt
595 4097 833 4156 reversi.

321 4185 494 4248 LXV.
549 4185 1060 4260 Langobardorum
1102 4200 1262 4259 gens,
1303 4183 1646 4259 priusquam
1690 4182 1799 4242 hoc
1839 4197 1947 4241 no-

2095 3291 2325 3352 LXVII.
2354 3291 2717 3366 Langobardi
2742 3308 2953 3366 regem,
2969 3293 3207 3351 nomine
3223 3292 3347 3365 Clip
3379 3293 3490 3360 [ΑΙ.
3519 3290 3728 3364 Calip],

2022 3400 2195 3458 super
2232 3398 2293 3441 se
2329 3381 2552 3455 eligunt
2586 3385 2739 3455 (Cap.
2765 3383 2832 3441 36
2862 3402 2879 3453 ;
2921 3386 3019 3453 al.,
3052 3382 3163 3452 42).
3208 3382 3733 3456 Prorumpentibus

2025 3472 2419 3548 Langobardis
2447 3472 2508 3531 in
2538 3473 2772 3545 Gallias,
2809 3475 3048 3533 Amatus
3076 3474 3349 3548 patricius
3374 3474 3445 3532 ab
3466 3473 3607 3547 ipsis
3632 3472 3731 3530 in-

2025 3563 2349 3632 terﬁcitur;
2390 3568 2446 3620 et
2487 3578 2519 3619 a
2557 3564 2639 3636 [Id
2676 3569 2775 3636 est,
2824 3563 2913 3638 ex]
2962 3563 3483 3636 Burgundionibus
3528 3561 3737 3620 multa:

2025 3654 2242 3714 ibidem
2276 3660 2490 3724 strages
2529 3651 2691 3710 facta;
2721 3658 2876 3713 sunt.
2904 3652 3038 3711 Post
3059 3653 3335 3739 Amatam
3373 3651 3740 3711 Mummolus

2025 3743 2390 3818 patriciatum
2441 3742 2769 3815 assumpsit.

2098 3827 2357 3889 LXVIII.
2389 3828 2757 3889 Irruentibus
2770 3830 2983 3890 iterum
3001 3829 3464 3904 Langobardisin
3492 3828 3741 3899 Gallias,

2025 3936 2162 3982 cum
2189 3917 2406 3993 quibus
2449 3915 2806 3978 Mummolus
2844 3919 3064 3979 fortiter
3090 3918 3409 3989 dimicavit,
3445 3924 3499 3976 et
3544 3932 3742 3990 usque

2027 4012 2099 4072 ad
2131 4006 2590 4069 internecionem
2628 4009 2930 4083 oppressit,
2960 4010 3128 4083 pauci
3156 4026 3231 4068 ex
3261 4009 3478 4068 eisdem
3504 4007 3743 4067 Italiam

2029 4103 2376 4177 repedantur
2423 4101 2637 4171 (Ibid.).
2689 4099 2968 4169 Saxones,
3000 4114 3145 4172 quos
3185 4098 3623 4157 Theudebertus
3669 4095 3747 4151 in

2027 4191 2255 4250 Italiam
2287 4193 2539 4261 miserat,
2570 4185 2859 4247 inGallias
2885 4194 3291 4262 prorumpunt,
3322 4188 3475 4262 apud
3508 4186 3751 4260 Stuplo-

248 4294 385 4338 men
423 4284 758 4347 assumeret,
793 4278 1054 4336 exientes
1095 4277 1169 4335 de
1196 4274 1577 4335 Schatanavia
1603 4275 1644 4345 ",
1674 4290 1809 4347 quaa
1863 4279 1947 4333 est
2032 4299 2168 4343 nem
2214 4296 2257 4322 m
2307 4292 2490 4341 castra
2533 4288 2833 4355 ponentes,
2889 4280 3089 4338 multis
3133 4288 3350 4354 strages
3396 4294 3498 4353 per
3543 4280 3751 4342 vicina

247 4369 401 4430 inter
427 4367 758 4428 Danubium
784 4374 838 4427 et
867 4382 1025 4426 mare
1054 4366 1368 4437 Oceanum,
1411 4381 1547 4424 cum
1581 4363 1868 4423 uxoribus
1897 4370 1953 4422 et
2033 4371 2158 4430 loca
2182 4372 2254 4430 ab
2280 4371 2421 4446 ipsis
2450 4375 2852 4445 perpetrantur
2880 4387 2897 4439 ;
2929 4369 3030 4442 qui
3056 4386 3089 4427 a
3120 4368 3436 4428 Mummolo
3463 4385 3757 4444 superam-

315 4572 333 4593 ⁸
367 4562 515 4613 idem
571 4560 759 4613 scribit
806 4560 1111 4616 Atmninus,
1162 4559 1251 4610 lib.
1306 4574 1386 4620 III,
1433 4570 1557 4623 cap.
1599 4560 1649 4619 4,
1693 4561 1836 4625 quod
1866 4555 2162 4625 ta-“tiem
2219 4556 2393 4625 terras
2435 4550 2806 4625 ambientibus
2862 4550 3227 4625 circumtusa.‘
3255 4550 3398 4601 Dicta
3440 4555 3523 4625 est
3575 4553 3753 4605 etiam

252 4611 607 4686 menfifalsum
644 4632 852 4681 videtur
882 4644 949 4681 ex
976 4611 1332 4692 Gregoritlib.
1367 4611 1584 4693 vncap.
1620 4611 1662 4681 ι’.
1712 4611 1727 4625 “
1814 4611 1835 4613 Ὗ
1965 4611 2225 4682 DBiltia,
2295 4623 2384 4673 ubi
2433 4623 2598 4674 llOdle
2655 4624 2781 4673 sunt
2855 4634 3024 4685 regna
3078 4622 3278 4673 Sueciae
3337 4627 3389 4673 et
3440 4623 3751 4687 Norvegim.

318 4704 340 4733 δ
373 4702 670 4757 Sigibertus
724 4703 778 4750 in
829 4701 1089 4752 Chronico
1136 4701 1282 4763 legit.
1336 4702 1501 4750 Veniet
1560 4704 1767 4764 Bruma,
1821 4705 1945 4764 etc.,
2037 4697 2157 4747 Vide
2191 4695 2461 4746 Ortelium.

256 4788 377 4840 quaa
415 4779 639 4825 tortasse
690 4770 849 4823 lcetio
899 4772 1105 4824 rae’eris
1139 4772 1595 4835 estpraefeienda,
1652 4774 1777 4823 licet
1820 4781 1946 4823 iiut-
2096 4768 2277 4822 'Can.,
2353 4773 2625 4817 conantur.
2693 4764 2831 4831 Clar.
2901 4767 2954 4817 et
3021 4764 3199 4826 Freb.,
3266 4764 3521 4814 conarint.
3579 4765 3752 4824 Boh.,

254 4847 365 4899 lum
402 4844 712 4908 Fredegarii
769 4843 1013 4896 codicem
1064 4845 1433 4894 invenerimus
1476 4845 1567 4906 qui
1594 4856 1709 4894 eam
1735 4842 1944 4895 habeat.
2032 4847 2302 4896 conatum,
2338 4850 2435 4899 pro
2470 4844 2802 4886 conarentur.

317 4928 336 4949 ε
368 4918 436 4969 De
491 4905 653 4980 hujus
695 4915 958 4977 supplicio
1008 4914 1127 4965 vide
1182 4915 1428 4965 Clironici
1485 4905 1601 4977 cap.
1652 4916 1729 4973 Iit,
1788 4915 1941 4972 intra,
2095 4912 2262 4960 toan.
2329 4909 2417 4966 al.,
2501 4908 2801 4980 iWispdzmo.
2876 4907 2924 4956 ls
2974 4910 3083 4980 est_
3131 4905 3488 4980 Romanorum
3532 4906 3759 4980 hercu-

256 4992 311 5041 et
365 4976 719 5052 appendicem
770 4976 837 5035 ai
889 4987 1033 5038 Marii
1082 4986 1397 5037 Chrtintcon.
1454 4976 1644 5037 Locum
1674 4986 1727 5036 iu
1760 4992 1947 5038 nostra
2032 4982 2167 5052 rius,
2202 4985 2339 5031 teste
2394 4979 2550 5029 Paulo
2608 4978 2859 5035 Diacono,
2912 4977 3001 5039 qui
3037 4976 3188 5052 plura
3218 4976 3409 5052 dehis
3444 4980 3497 5028 et
3532 4977 3750 5052 Lango-

255 5046 555 5124 nppendice
581 5057 720 5108 intra
756 5059 1025 5121 integrum
1047 5056 1310 5109 dabimus.
2030 5051 2325 5124 barilorum
2369 5052 2582 5112 origine
2624 5056 2676 5124 et
2716 5060 3026 5124 progressu
3060 5046 3241 5124 habet
3270 5047 3360 5098 lib.
3390 5063 3425 5107 ι,
3461 5060 3581 5111 cap.
3628 5049 3659 5098 8
3694 5052 3763 5099 et

318 5119 342 5160 τί
374 5131 482 5192 Ed,
563 5119 1003 5191 Gachitisindam;
1089 5130 1179 5192 al.,
1275 5128 1584 5191 Calsontam,
1658 5140 1757 5180 seu
1845 5129 1952 5181 ναι-
2031 5123 2402 5188 sequentibus,
2439 5133 2598 5184 quem
2622 5121 2667 5170 si
2716 5119 2862 5171 lubet
2887 5120 3125 5170 consule.

318 5212 451 5231 ...πη
2098 5195 2118 5224 ιι
2156 5194 2205 5231 Iri
2263 5197 2341 5231 pet
2377 5193 2712 5231 pﬁpminnin:
2785 5191 2871 5231 nni
2925 5197 2979 5231 iii
3032 5189 3294 5231 mulieres
3349 5191 3490 5231 noni

252 5212 530 5324 “22%”be
583 5263 719 5314 sicut
766 5267 817 5315 et
867 5265 1023 5327 intra,
1081 5276 1197 5330 cap.
1259 5264 1340 5325 83,
1392 5263 1785 5327 Geresvindam;
1839 5263 1922 5314 alii

2098 5195 2118 5224 ¹ι
2156 5194 2208 5245 Id
2263 5197 2343 5244 est
2377 5193 2732 5248 edentiiiatos,
2785 5191 2875 5250 qui
2925 5197 2982 5241 ut
3032 5189 3294 5241 mulieres
3349 5191 3530 5241 neuio
3572 5202 3761 5241 occu—

2097 5268 2317 5315 irentiir.
2386 5263 2613 5314 Ptnsum
2683 5263 2880 5327 quippe
2947 5268 3028 5312 est
3089 5261 3398 5325 manipulus
3466 5262 3608 5311 lanae
3656 5266 3764 5314 aut

259 5337 621 5388 Gaisui'ndam.
2036 5336 2314 5395 cannabis,
2352 5335 2444 5398 qui
2485 5347 2553 5385 ex
2597 5336 2717 5385 colo
2755 5347 2858 5395 pen
2884 5337 2951 5384 et
2997 5336 3050 5383 et
3093 5333 3219 5384 fuso
3253 5332 3497 5383 trahitur.
3538 5334 3607 5383 Ex
3644 5334 3764 5385 hac

319 5408 339 5445 ι
371 5406 475 5461 AL.
530 5405 725 5457 habuit.
795 5406 853 5459 Et
904 5408 1062 5470 intra,
1118 5407 1485 5467 Warmari'um,
1548 5417 1662 5464 seu,
1714 5408 1955 5459 Warma-
2037 5407 2162 5457 item
2218 5418 2353 5456 voce
2402 5404 2600 5455 dicitur
2661 5404 2859 5469 aliquis
2921 5416 3147 5464 pensum
3199 5416 3355 5454 suum
3417 5404 3763 5463 absolvisse,

256 5480 515 5531 charium.
2037 5479 2131 5541 qui
2195 5490 2307 5527 rem
2354 5474 2456 5526 Sibi
2508 5477 2849 5525 commissam
2913 5474 3166 5525 confecit.
3222 5478 3289 5525 lle
3348 5474 3450 5525 huc
3508 5476 3772 5527 Narseiis

320 5562 345 5597 ε
390 5550 539 5613 Editi,
568 5564 744 5617 pacem
776 5550 1061 5613 ﬁrmarent.
2037 5548 2280 5599 facinore
2328 5548 2447 5596 vide
2497 5545 2716 5617 Paulum
2775 5546 2968 5597 Diacon
2999 5544 3148 5617 ,rllb.
3194 5560 3233 5595 II
3280 5546 3345 5617 de
3390 5544 3573 5595 Gestis
3610 5546 3767 5617 Lan-

320 5621 343 5651 "
377 5620 521 5683 Gem,
621 5622 948 5674 Schandavia
976 5637 987 5681 ;
1099 5620 1187 5681 aL,
1290 5620 1653 5683 Schatanagia.
1766 5618 1954 5669 Paulus
2036 5620 2164 5679 gob.
2197 5631 2318 5679 cap.
2362 5619 2420 5672 5;
2449 5617 2593 5680 quod
2626 5616 2932 5669 fabulosum
2959 5616 3253 5675 arbitratur
3278 5616 3536 5674 Va.estus,
3564 5616 3659 5667 lib.
3696 5629 3773 5668 lx

2036 5690 2230 5741 Rerum
2266 5689 2474 5744 Franc.,
2513 5695 2653 5739 tomo
2693 5689 2751 5745 ll.
2789 5689 2944 5750 p.36.

2096 5759 2111 5789 ¹
2151 5762 2335 5812 CheSti.
2369 5766 2422 5809 et
2446 5759 2583 5810 Frvh
2616 5761 2849 5824 .pariter
2885 5760 3257 5810 interiitsNam
3282 5760 3357 5810 ibi
3400 5760 3767 5823 apprehensi.

2099 5841 2130 5861 "
2164 5833 2278 5889 Alii,
2315 5832 2674 5897 Stipholoncm.
2701 5832 2860 5896 Boh.,
2891 5831 3208 5896 Slaptonem.
3253 5831 3376 5885 Vide
3410 5832 3657 5897 Gregor.

259 5691 495 5752 Diacon.,
563 5691 655 5743 lib.
738 5710 757 5745 ι
818 5691 885 5743 de
962 5692 1142 5744 Gestis
1218 5690 1472 5755 Laiigob.,
1544 5690 1954 5742 acanilinaviam

259 5762 512 5826 appellat,
557 5775 673 5828 cap.
712 5765 761 5825 2,
822 5763 914 5815 ubi
963 5767 1158 5815 dicitur
1224 5762 1397 5813 insula
1436 5776 1541 5814 non
1594 5765 1781 5813 tamin
1817 5761 1950 5811 mari

253 5834 428 5897 posita
481 5844 643 5897 quam
702 5835 926 5887 marinis
978 5835 1228 5887 ﬂuctibus
1285 5833 1353 5888 ob
1412 5835 1716 5899 mai-gilium
1767 5834 1948 5897 plani-
