3966 6348
157 338 267 396 597

1235 332 1596 394 HISTORIA
1637 331 2099 394 FBANCORUM
2139 336 2593 397 EPITOMATA.
2670 320 2677 326 ’

3562 325 3668 386 598

158 466 277 530 tur,
308 461 449 518 etin
485 458 710 517 Italiam
750 456 1029 529 fugaciter
1062 463 1453 530 revertuntur,
1493 460 1722 518 amissis
1750 458 2269 522 om-ABedientes
2295 462 2365 519 ad
2406 469 2587 521 castra
2632 463 2941 534 Austrasii,
2987 461 3266 520 adversus
3312 455 3667 529 Sigibertum

157 546 337 606 nibus
374 561 505 622 qum
538 545 935 618 praedaveraut
979 545 1131 616 (Cap.
1181 543 1282 615 37;
1331 549 1431 616 aL,
1468 545 1575 617 43).
1622 545 1880 605 Saxones

154 636 376 695 iterum
404 652 535 694 cum
563 635 847 693 uxoribus
875 634 1156 693 etliberis
1184 635 1241 693 in
1276 636 1491 695 Gallias
1518 644 1665 701 574
1702 638 1877 695 desti-

156 733 321 793 nant,
370 733 432 781 ut
480 741 512 781 a
568 723 853 795 Sigiberto
904 738 1034 795 rege
1084 725 1313 796 recepti,
1367 726 1429 782 in
1480 725 1670 784 locum
1724 727 1878 783 unde

154 817 435 875 exierunt
479 815 748 873 redirent.
783 813 1096 871 Venientes
1141 816 1199 871 in
1244 816 1594 875 territorium
1624 818 1879 875 Avenni-

153 922 317 971 cum.
350 904 703 962 Mummolus
730 904 995 978 protinus
1024 904 1253 961 obviam
1285 906 1526 963 veniens
1570 907 1671 973 eis,
1716 906 1875 965 Rho-

156 994 379 1051 danum
438 993 681 1050 transire
742 1007 857 1048 non
916 993 1299 1065 permittebat.
1363 994 1580 1061 Postea,
1632 995 1876 1068 acceptis

159 1084 533 1149 muneribus,
597 1085 838 1139 transire
892 1099 987 1139 eos
1044 1084 1321 1156 permisit.
1374 1086 1462 1143 Ad
1522 1084 1873 1157 Sigibertum

162 1173 307 1247 [Al.,
331 1188 362 1228 a
395 1171 696 1245 Sigiberto]
732 1179 1032 1242 pergentes
1061 1171 1116 1227 in
1154 1171 1274 1228 loco
1300 1173 1454 1228 unde
1480 1173 1640 1243 prius
1664 1174 1875 1245 egressi

156 1264 410 1328 fuerant,
448 1269 581 1319 sunt
611 1260 866 1318 stabilili.
911 1260 1129 1327 Postea,
1163 1261 1433 1318 defuncto
1465 1260 1611 1333 Clip,
1653 1262 1876 1331 Lango-

158 1351 475 1411 bardorum
506 1351 681 1407 duces
713 1350 947 1418 Chamo,
996 1348 1187 1405 Zaban
1237 1356 1289 1405 et
1339 1349 1615 1407 Bodanus
1663 1350 1877 1408 Gallias

160 1443 499 1514 irruperunt
541 1442 692 1515 [Cap.
730 1439 832 1508 39;
867 1443 967 1509 aL,
997 1440 1108 1513 45].
1160 1440 1385 1509 Quibus
1425 1440 1654 1512 obviam
1684 1442 1874 1501 Mum-

160 1532 356 1590 molus
390 1548 518 1589 cum
569 1530 826 1589 exercitu
870 1529 1049 1599 venit,
1102 1536 1155 1585 et
1207 1530 1311 1587 hos
1359 1537 1470 1587 tres
1520 1531 1693 1589 duces
1740 1548 1874 1590 cum

160 1636 368 1679 eorum
400 1620 660 1677 exercitu
702 1633 883 1690 usque
928 1617 999 1673 ad
1040 1617 1488 1676 internecionem
1528 1619 1756 1677 delevit.
1806 1620 1874 1677 In

156 1713 275 1769 alio
304 1728 458 1770 anno
489 1709 843 1768 Mummolus
874 1724 1005 1766 cum
1047 1710 1306 1767 exercitu
1338 1709 1611 1769 Turonus
1643 1727 1707 1768 ac
1745 1710 1871 1767 Pic-

1961 565 2252 609 rumorem
2286 551 2499 624 levant,
2529 553 2781 612 dicentes
2808 577 2819 610 :
2870 551 3027 611 Sicut
3058 544 3367 623 promisisti
3396 544 3468 601 da
3497 541 3667 602 nobis

1960 642 2061 701 ubi
2097 642 2272 700 rebus
2300 643 2572 715 ditemur,
2625 652 2723 703 aut
2756 644 3110 717 przeliemur,
3164 636 3420 711 alioquin
3458 635 3531 693 ad
3560 649 3659 707 pa-

1961 732 2127 789 triam
2178 748 2293 789 non
2343 736 2703 795 revertimur.
2754 732 2859 790 Ille
2910 733 3113 789 volens
3159 731 3193 797 ί,
3247 725 3586 800 compulsus
3632 738 3661 779 a

1959 821 2102 889 suis,
2142 837 2315 894 super
2344 822 2774 881 Gnntramnum
2810 822 2912 891 ire,
2963 818 3245 878 Austrasii
3279 816 3445 873 valde
3473 812 3659 870 consi-

1959 912 2099 969 liose
2124 914 2137 950 ⁵
2163 914 2360 971 dicunt
2390 916 2456 971 ad
2488 930 2620 971 eum
2647 938 2657 972 .
2716 912 3100 971 iacramentis
3126 924 3320 983 pacem
3349 922 3481 964 cum
3511 904 3665 963 Gun-

1958 1011 2184 1062 tramno
2226 1006 2486 1073 ﬁrmasti,
2512 1021 2626 1078 quo
2668 1012 2827 1077 parto
2862 1017 3171 1076 possumus
3210 1015 3382 1070 super
3412 1012 3545 1054 eum
3576 995 3656 1053 ir-

1958 1094 2161 1150 ruere?
2196 1092 2557 1149 Unanimiler
2578 1093 2965 1150 exclamantes
2990 1108 3048 1149 se
3076 1106 3247 1163 super
3273 1086 3658 1159 Chilpericum

1960 1180 2109 1237 velle
2160 1180 2262 1247 ire,
2298 1180 2561 1252 protinus
2608 1188 2905 1236 moventes
2952 1181 3184 1236 irruunt
3218 1192 3391 1247 super
3430 1173 3664 1245 Chilpe-

1959 1268 2165 1325 ricum.
2196 1269 2325 1325 Jam
2353 1269 2479 1340 ejus
2508 1268 2797 1325 exercitus
2829 1268 2899 1324 ad
2929 1266 3154 1339 propria
3186 1266 3465 1323 [eslinans
3497 1265 3667 1332 longe

1957 1355 2170 1411 aberat.
2211 1356 2354 1411 Cum
2388 1356 2514 1411 haec
2540 1354 2899 1425 cognovisset
2928 1352 3306 1425 Chilpericus,
3345 1359 3497 1421 terga
3534 1366 3661 1405 ver-

1960 1451 2085 1501 tens
2112 1443 2385 1500 Thornua
2414 1445 2439 1482 ¹ι
2468 1443 2731 1515 pervenit
2774 1447 2921 1515 (Cap.
2942 1443 3007 1501 45
3038 1461 3051 1509 ;
3079 1445 3178 1512 al.,
3207 1442 3308 1509 51).
3346 1439 3667 1511 Sigibertus

1957 1543 2082 1608 post
2099 1542 2318 1598 tergum
2337 1533 2461 1605 ejus
2480 1534 2731 1591 Parisius
2750 1533 2925 1601 venit,
2948 1532 3144 1607 ibique
3162 1531 3590 1588 sanctissimum
3601 1543 3664 1583 ac

1959 1624 2351 1683 beatissimum
2384 1624 2739 1682 Germanum
2762 1622 3115 1680 Parisiorum
3144 1621 3305 1679 urbis
3333 1620 3665 1693 episcopum

1957 1731 2089 1773 cum
2111 1714 2431 1787 Sigibertus
2451 1715 2706 1783 vidisset,
2728 1715 2853 1771 haec
2867 1714 2939 1770 ab
2951 1716 3150 1771 eodem
3168 1712 3340 1769 verba
3354 1711 3666 1785 prophetia:

161 1800 334 1870 lavis,
382 1800 622 1873 jubente
671 1797 1183 1885 Guntramnopde
1237 1804 1509 1870 potestate
1566 1793 1843 1871 Chilperic

2012 1806 2215 1863 1divit:
2264 1806 2320 1863 Si
2363 1821 2705 1876 germanum
2744 1814 2909 1862 tuum
2950 1805 3029 1861 ita
3060 1820 3400 1877 persequere
3431 1802 3665 1873 cogitas,

158 1890 425 1959 abstulit,
471 1895 526 1946 et
570 1889 641 1947 ad
690 1892 909 1960 partem
954 1882 1223 1957 Sigiberti
1269 1886 1516 1943 restituit
1564 1889 1714 1958 (Cap.
1762 1885 1869 1955 40;

163 1983 267 2049 al.,
300 1978 412 2049 46).
454 1977 625 2035 Mulli
668 1975 883 2033 ibidem
929 1979 998 2035 de
1037 1974 1293 2032 exercitu
1321 1974 1629 2047 Chilperici
1657 1980 1712 2033 et
1737 1974 1877 2047 ipsis

164 2066 605 2126 Pictavensibus
643 2078 665 2103 '
709 2076 841 2125 sunt
882 2066 1070 2141 gladio
1111 2063 1395 2122 trucidati.
1455 2064 1772 2121 Taloardus
1822 2070 1876 2121 et

160 2154 383 2212 Nuccio
414 2158 437 2187 δ
463 2154 637 2210 duces
667 2151 1177 2226 Langobardorum
1210 2168 1309 2226 per
1353 2150 1553 2209 ostiola
1598 2150 1657 2207 in
1708 2146 1875 2208 Sido-

162 2259 346 2302 nense
384 2252 406 2278 °
443 2240 789 2299 territorium
835 2256 968 2298 cum
1013 2238 1455 2297 exercitu'sunt
1493 2238 1756 2310 ingressi,
1800 2236 1870 2295 ad

161 2332 584 2393 monasterium
606 2339 926 2390 sanctorum
945 2329 1383 2404 Agaunensium
1407 2330 1647 2387 nimiam
1669 2330 1873 2386 facien-

164 2430 251 2483 tes
281 2431 547 2495 stragem.
577 2423 771 2481 Baccis
802 2423 941 2480 villa
971 2423 1015 2492 τι,
1052 2437 1157 2479 nec
1190 2419 1387 2494 procul
1419 2420 1491 2477 ab
1520 2420 1643 2492 ipso
1681 2436 1875 2477 mona-

165 2514 365 2583 sterio,
396 2513 574 2571 duces
600 2520 871 2571 eteorum
896 2512 1185 2570 exercitus
1204 2527 1237 2568 a
1259 2510 1514 2570 Wiolico
1538 2519 1592 2567 et
1612 2510 1874 2569 Theudo-

161 2606 328 2663 fredo
349 2602 596 2662 ducibus
618 2602 964 2661 Guntramni
981 2608 1115 2661 sunt
1132 2599 1434 2658 interfecti.
1450 2600 1873 2674 Quadragintao

164 2699 393 2751 tantum
424 2708 497 2749 ex
526 2692 643 2748 illis
675 2692 950 2764 fugaciter
978 2692 1038 2748 in
1068 2690 1290 2748 Italiam
1320 2695 1598 2746 remeant.

237 2779 444 2838 LXIX.
500 2778 861 2838 Chlodoveus
916 2778 1073 2837 ﬁlius
1127 2776 1432 2849 Chilperici
1488 2776 1870 2849 Burdegalem

160 2869 447 2944 pervadit.
498 2872 549 2927 A
597 2869 820 2942 Sigulfo
862 2870 1007 2929 duce
1052 2875 1374 2943 superatus,
1430 2869 1706 2942 fugaciter
1744 2869 1763 2903 τ
1803 2868 1873 2925 ad

162 2968 385 3035 patrem
418 2960 566 3017 redit
592 2963 745 3032 (Cap.
787 2962 882 3032 i2;
924 2964 1023 3030 aL,
1056 2962 1164 3029 48).

238 3049 413 3107 LXX.
457 3047 816 3123 Chilpericus
865 3052 1124 3111 Pictavos
1171 3048 1225 3107 et
1274 3049 1535 3108 Turonos
1583 3050 1652 3107 de
1696 3065 1873 3123 regno

166 3136 440 3211 Sigiberti
470 3137 756 3212 pervasit;
798 3145 853 3197 et
903 3137 1197 3211 Sigulfum
1240 3140 1447 3197 ducem
1498 3139 1633 3211 fuga
1681 3139 1870 3209 vertit,

1958 1901 2022 1954 ut
2046 1909 2180 1951 eum
2210 1894 2529 1951 interficere
2551 1893 2839 1966 disponas,
2863 1900 2917 1950 et
2941 1908 3184 1964 regnum
3210 1908 3387 1949 suum
3419 1892 3665 1960 auferre,

1958 1985 2236 2058 scriptum
2253 1980 2383 2042 ‘est:
2418 1989 2643 2041 Foveam
2676 2002 2839 2055 quam
2866 1970 3037 2052 fratri
3065 1989 3154 2039 tuo
3180 1985 3427 2055 parabis,
3458 1986 3518 2037 in
3548 1999 3665 2037 eam

1960 2077 2176 2131 cadebis
2225 2078 2396 2147 (Prov.
2448 2086 2621 2141 XXVI,
2672 2074 2775 2143 ‘27).
2830 2072 3010 2146 Cujus
3056 2072 3416 2145 castigationi
3461 2072 3665 2129 nolens

1958 2182 2237 2237 annuere,
2268 2165 2549 2239 cogitabat
2576 2172 2765 2238 optata
2796 2166 3067 2238 perficere
3100 2168 3251 2237 (Cap.
3279 2164 3348 2221 46
3375 2182 3389 2234 ;
3418 2167 3519 2231 al.,
3549 2163 3662 2233 52).

1954 2257 2216 2331 Cumque
2266 2257 2583 2316 Victoriaco
2626 2258 2973 2326 accessisset,
3022 2272 3224 2314 omnes
3269 2255 3669 2313 Neustrasiaa1

1954 2346 2025 2404 ad
2064 2362 2198 2405 eum
2249 2347 2549 2405 venientes
2595 2362 2655 2404 se
2704 2362 2825 2403 suae
2864 2346 3069 2404 ditioni
3108 2346 3495 2419 subjecerunt.
3544 2348 3666 2403 An-

1958 2434 2188 2493 soaldus
2242 2441 2469 2492 tantum
2525 2450 2659 2493 cum
2718 2432 3042 2507 Chilperico
3099 2433 3393 2491 remansit.
3458 2433 3664 2493 Frede-

1959 2525 2173 2599 gundis
2216 2525 2443 2583 duobus
2491 2526 2689 2598 pueris
2729 2526 2859 2583 dolo
2900 2526 3272 2594 transmissis,
3316 2524 3665 2598 Sigibertum

1958 2612 2334 2683 interﬁciunt,
2367 2618 2422 2670 et
2449 2612 2557 2685 ipsi
2583 2613 2865 2670 interfecti
2892 2620 3049 2671 sunt.
3078 2612 3413 2685 Resumptis
3442 2612 3667 2671 viribus

1963 2702 2322 2777 Chilpericus
2350 2718 2640 2774 suumque
2668 2718 2908 2772 regnum
2940 2701 3170 2775 recepit.

2035 2795 2266 2853 LXXII.
2328 2794 2733 2853 Brunecbildis
2784 2810 2916 2852 cum
2978 2793 3099 2851 ﬁlio
3150 2807 3254 2851 suo
3304 2792 3668 2853 Childeberto

1959 2883 2214 2941 Parisius
2244 2885 2351 2941 sub
2381 2884 2639 2941 custodia
2681 2883 3017 2953 tenebatur;
3068 2883 3163 2941 sed
3210 2881 3457 2940 factione
3502 2882 3667 2941 Gun-

1957 2973 2150 3031 doaldi
2181 2974 2345 3031 ducis
2374 2980 2519 3037 576
2567 2971 2969 3030 Childebertus
3007 2971 3067 3028 in
3106 2987 3239 3044 pera
3277 2972 3417 3045 [Al.,
3455 2974 3666 3045 sporta]

1960 3061 2195 3135 positus,
2250 3076 2351 3134 per
2382 3062 2688 3118 fenestram
2727 3075 2761 3116 a
2799 3074 2975 3132 puero
3004 3066 3265 3131 acceptus
3303 3066 3406 3128 est,
3451 3070 3505 3117 et
3545 3059 3668 3133 ipse

1956 3165 2101 3223 puer
2112 3149 2379 3221 singulus
2394 3165 2527 3207 eum
2548 3148 2736 3205 Mollis
2756 3145 3041 3216 exhibuit,
3064 3147 3308 3220 ibiquea
3324 3148 3666 3206 Gundoaldo
3748 3142 3759 3149 ’

163 3242 465 3299 suumque
521 3227 837 3285 exercitum
898 3226 1203 3299 prostravit
1261 3226 1456 3298 (Ibid).
1521 3224 1843 3297 Chilpericu

2012 3242 2050 3296 δι
2074 3240 2387 3296 Austrasiis
2410 3240 2468 3295 in
2490 3255 2665 3312 regno
2684 3237 2859 3311 patris
2883 3237 3231 3297 sublimatur
3263 3240 3403 3305 (Lib.
3428 3249 3486 3307 v,
3516 3257 3560 3295 c.
3591 3239 3663 3308 1).

162 3316 429 3373 οἱνίίὶιῐθε
457 3330 552 3372 833
584 3330 728 3385 quas
759 3321 1087 3387 Ρθτνᾶδθΐδῖ
1118 3312 1401 3387 δίὲίδθΐίο
1432 3312 1696 3372 Γθάἀίάίῖ·
1748 3314 1879 3403 Ρρει
1959 3329 2365 3388 Brunecbildis
2393 3329 2561 3403 jussu
2590 3328 2897 3402 Chilperici
2930 3329 3137 3386 exsilio
3173 3327 3457 3386 Bothomo
3489 3342 3530 3366 ω
3568 3344 3664 3387 re-

162 3422 395 3466 ὃΠΠΠΙΙι
424 3405 782 3478 Chilpericus
810 3421 945 3464 Cum
978 3404 1160 3463 [ΙΠΠίο
1193 3404 1739 3491 θΧθΓείίυητθὲηυω
1785 3402 1876 3461 Si‘
1960 3418 2231 3477 truditur.
2279 3417 2345 3475 In
2388 3402 2454 3477 eo
2494 3434 2647 3476 anno
2695 3434 2792 3491 per
2837 3418 3051 3475 caelum
3097 3418 3285 3491 fulgor
3325 3419 3665 3478 discurrisse

162 3494 375 3569 ἕίδθτῑί
402 3494 759 3569 ingreditur;
799 3494 896 3553 59d
935 3493 1456 3553 intercurrentibus
1489 3493 1691 3567 legalis
1723 3494 1875 3567 βδεῖ·
1960 3512 2121 3569 visus
2158 3516 2259 3569 est.
2315 3509 2633 3583 Sigibertus
2676 3510 2739 3567 in
2788 3509 3025 3567 ecclesia
3067 3509 3248 3567 sancti
3284 3509 3539 3568 Medardi
3584 3526 3665 3569 se-

161 3588 313 3647 ficati
345 3595 503 3646 sunt.
1957 3600 2154 3673 pultus
2209 3605 2312 3671 est,
2371 3606 2537 3657 relate
2586 3598 3117 3673 quadragenarius,
3178 3598 3399 3657 decimo
3460 3604 3663 3674 quarto

236 3675 442 3735 LXXI.
482 3676 684 3735 Postea
708 3690 826 3735 una
846 3675 1098 3735 inientes
1122 3674 1455 3748 consilium,
1486 3676 1656 3736 ambo
1685 3694 1843 3737 move

2012 3689 2120 3763 agni
2148 3690 2238 3748 sui
2270 3705 2426 3747 anno
2452 3692 2604 3762 (Cap.
2641 3687 2744 3759 46;
2780 3692 2879 3760 al.,
2913 3689 3025 3759 5'2).

161 3773 301 3828 ι’ῐιῐιῐ
352 3768 695 3839 θΧθΓοίῑιιω,
743 3767 1002 3825 νοιθηῑθε
1051 3767 1479 3826 θυοῐνᾶῐηῐιιιω
1528 3768 1870 3841 interﬁcere,
2028 3779 2287 3838 LXXIII.
2331 3781 2379 3838 A
2412 3780 2653 3838 transitu
2682 3780 3069 3839 Theudeberti
3097 3780 3341 3839 senioris
3367 3796 3552 3857 usque
3588 3783 3660 3841 ad

161 3874 530 3933 regnumque
579 3861 704 3932 ejus
747 3873 1044 3918 assumere
1086 3862 1240 3931 (Cap.
1276 3860 1383 3930 44;
1424 3862 1526 3931 aL,
1557 3860 1669 3931 50).
1718 3862 1871 3935 Sigi-
1954 3870 2178 3929 exitum
2228 3869 2518 3941 Sigiberti,
2568 3870 2707 3928 anni
2754 3882 2911 3928 xxxx
2964 3870 3151 3938 (Ibid.)
3199 3883 3269 3940 n;
3317 3886 3346 3928 a
3377 3870 3661 3944 principio

160 3948 362 4008 bertus
390 3953 535 4011 575
565 3962 700 4005 cum
730 3947 987 4006 exemit“
1014 3946 1249 4005 ArCiaca
1274 3957 1300 3993 ⁸
1330 3949 1615 4019 PesedeDS,
1651 3951 1873 4024 Chilpe-
1955 3975 2139 4033 usque
2171 3960 2240 4017 ad
2273 3959 2588 4030 diluvium,
2617 3960 2755 4018 anni
2777 3961 2895 4018 duo
2920 3958 3105 4016 millia
3126 3971 3350 4031 CCXLII;
3381 3976 3413 4017 a
3435 3959 3659 4021 diluvio

160 4036 321 4094 ricus
346 4035 675 4125 Duodecim
714 4036 942 4125 Pontes.
991 4037 1253 4096 Audiens
1288 4038 1413 4097 haec
1449 4040 1869 4113 Guntramnus,
1956 4068 2142 4125 usque
2190 4051 2260 4109 ad
2307 4051 2618 4117 Abraham,
2669 4050 2809 4108 anni
2858 4061 3201 4121 DCCCCXLII;
3246 4049 3318 4106 ab
3363 4050 3657 4109 Abraham

162 4123 489 4183 exercitum
542 4123 815 4182 velociter
863 4131 1095 4195 movet,
1164 4126 1524 4202 veniensque
1579 4129 1714 4188 villa
1760 4130 1869 4188 Ve-

163 4214 320 4273 riaco
366 4228 407 4284 ι,
460 4213 981 4273 intercurrentibus
1036 4215 1269 4287 legatis,
1334 4215 1395 4272 hi
1446 4222 1561 4275 tres
1608 4219 1868 4291 germani

163 4302 507 4375 Sigibertus,
540 4303 941 4363 Guntramnus
966 4309 1020 4360 et
1045 4302 1401 4376 Chilpericus
1428 4304 1865 4379 Trecasjunxe-

163 4401 326 4460 runt,
377 4400 429 4450 et
470 4394 528 4450 in
577 4392 815 4452 ecclesia
856 4392 1033 4450 sancti
1085 4391 1232 4465 Lupi
1281 4402 1635 4453 sacramenta
1672 4406 1868 4455 contra

162 4481 622 4553 Guntramnum,
674 4489 737 4541 ut
767 4498 960 4556 pacem
989 4491 1301 4555 servarent,
1347 4484 1649 4544 dederunt.
1702 4486 1862 4545 Gun-

163 4574 709 4649 tramuusidemque
728 4589 859 4633 cum
889 4574 971 4632 eis
987 4589 1185 4647 pacem
1206 4576 1576 4636 sacramentis
1592 4576 1862 4636 ﬁrmavit.

216 4797 235 4817 ⁶
273 4786 403 4847 Alii,
430 4794 476 4837 et
500 4785 605 4851 ipsi
636 4785 975 4838 Pictavenses.

224 4858 247 4888 ι’
280 4858 434 4916 Editi,
467 4858 679 4907 Nuntio.
715 4858 884 4921 Ches,
917 4856 1255 4912 Thaloardus.

223 4938 241 4959 τ
279 4930 335 4981 1d
381 4933 464 4981 est
524 4928 863 4982 Sednnense.
914 4930 1183 4983 Sedunnm
1228 4931 1361 4983 urbs
1407 4936 1489 4986 est
1540 4933 1864 4997 episcopalis

163 5000 379 5052 illarum
433 5002 669 5064 partium
733 5013 833 5053 suo
897 5002 1169 5068 episcopo,
1223 5002 1425 5057 Rhaetis
1479 5004 1865 5069 confmderato,

161 5071 428 5133 subjecta.
453 5074 620 5135 vulgo
642 5070 779 5125 Sion
812 5072 973 5125 dicta.
1714 5106 1721 5109 -

223 5143 245 5172 ⁴
281 5142 453 5195 Locus
478 5142 643 5205 vulgo
674 5145 780 5193 Ben:
805 5144 1003 5204 dictus,
1024 5145 1166 5197 haud
1191 5145 1384 5211 procul
1410 5145 1476 5197 ab
1502 5148 1733 5199 Agauno
1756 5160 1867 5200 mo-

158 5213 403 5266 nasterio
433 5215 662 5274 positus.
688 5214 842 5267 Hanc
864 5215 1070 5268 (ladem
1103 5217 1272 5269 refert
1322 5218 1515 5268 Marius
1540 5218 1607 5269 ad
1632 5230 1720 5270 an.
1749 5220 1862 5271 574.

220 5288 243 5309 '
283 5283 447 5335 Freh.
477 5287 531 5334 et
552 5284 675 5336 Can.
702 5286 768 5337 al.
803 5287 1084 5351 mendose,
1112 5289 1464 5353 quadraginta
1484 5286 1676 5342 millia.

224 5356 244 5393 ι
279 5355 410 5415 Alii,
439 5365 706 5420 superatus
730 5366 776 5407 et
804 5358 1029 5421 fugatus.

223 5439 251 5473 ε
287 5427 446 5478 Vicus
497 5432 581 5477 est
626 5440 867 5493 qumque
924 5431 1093 5482 lencls
1142 5431 1209 5483 ab
1254 5431 1390 5484 urbe
1445 5432 1625 5485 Trecis
1670 5442 1865 5486 versus

158 5500 397 5551 Boream
448 5499 674 5561 distans,
725 5500 877 5551 Albae
918 5501 1079 5554 ﬂuvio
1131 5503 1434 5565 impositus,
1490 5504 1617 5555 inde
1668 5504 1859 5567 dictus,

154 5570 610 5623 Areis-sur-Aube.
675 5572 965 5625 Duodecim
1028 5573 1225 5627 Pontes
1279 5574 1594 5640 oppidulum
1657 5574 1782 5625 olim
1831 5588 1864 5627 α

152 5641 408 5707 pomium
470 5654 698 5694 numero
759 5643 838 5694 sic
883 5644 1101 5703 dictum,
1167 5659 1313 5698 nunc
1366 5650 1551 5699 Pontes
1607 5646 1864 5710 Sequanae

158 5712 636 5777 (Pam-sursum)
690 5714 1008 5779 simpliciter
1071 5719 1393 5783 appellatur.
1458 5717 1531 5770 De
1584 5716 1689 5771 hoc
1743 5716 1864 5771 loco

152 5786 288 5839 vide
312 5783 488 5839 Vates.
521 5785 576 5838 in
602 5784 793 5840 Notitia
811 5785 1124 5841 Galliarum.

1954 4154 2141 4220 usque
2168 4145 2239 4202 ad
2271 4160 2562 4215 egressum
2592 4143 2843 4201 ﬁliorum
2874 4142 3051 4200 Israel
3083 4158 3157 4200 ex
3202 4142 3471 4215 Egypto,
3514 4142 3658 4202 anni

1951 4245 2249 4301 CCCCLXII;
2300 4231 2371 4289 ab
2412 4247 2644 4304 egressu
2688 4230 2941 4287 ﬁliorum
2975 4229 3151 4288 Israel
3188 4245 3262 4287 ex
3291 4229 3537 4303 [Egypto
3582 4233 3654 4291 ad

1948 4321 2389 4383 aedificationem
2433 4321 2630 4395 templi
2679 4319 3021 4389 Salomonis,
3065 4320 3207 4377 anni
3247 4331 3561 4379 CCCCLXXX
3590 4336 3651 4391 0;

1949 4414 2020 4472 ab
2048 4411 2425 4471 aediﬁcatione
2459 4428 2595 4471 vero
2626 4411 2823 4486 templi
2853 4428 3039 4485 usque
3069 4412 3138 4468 ad
3168 4408 3606 4470 dissolutionem
3630 4421 3650 4451 ν

1948 4504 2093 4579 ejus,
2116 4511 2170 4561 et
2192 4502 2749 4576 transmigrationem
2784 4500 3138 4576 Babylonias,
3168 4502 3307 4560 anni
3336 4513 3568 4561 CCCLXX
3596 4517 3648 4563 ει.

1946 4612 1979 4656 a
2026 4595 2525 4671 transmigratione
2574 4594 2904 4668 Babyloniae
2959 4610 3143 4669 usque
3196 4595 3270 4653 ad
3326 4594 3651 4669 passionem

2007 4795 2029 4826 ιι
2066 4796 2152 4845 An
2189 4794 2545 4856 Villariacum,
2586 4794 2652 4846 de
2676 4806 2783 4857 quo
2804 4805 2969 4859 supra
2993 4804 3112 4856 cap.
3144 4793 3220 4843 l9.

2011 4867 2023 4898 ί
2054 4865 2213 4917 Freh.
2246 4870 2299 4917 et
2330 4866 2543 4926 Chesn.,
2578 4864 2671 4917 Ille
2698 4865 2894 4915 notem.

2007 4941 2022 4987 i
2054 4938 2243 4995 Canis.,
2272 4937 2530 4987 insidiose.

2012 5009 2033 5039 ι
2067 5008 2265 5069 Gauls,
2328 5011 2571 5058 Turonos.
2658 5005 2761 5057 Sed
2826 5004 3119 5068 legendum
3182 5006 3263 5058 est
3340 5007 3640 5070 Tomacum,

1949 5092 2055 5145 quo
2081 5092 2139 5130 se
2175 5079 2509 5143 Chilpericus
2542 5080 2762 5139 recepit,
2792 5088 2859 5127 ex
2887 5076 3173 5139 Gregorio.

2010 5151 2033 5185 ³-
2052 5150 2236 5201 Chesn.
2271 5155 2323 5201 et
2352 5148 2523 5211 Freh,
2547 5147 2846 5199 Neustrasii.

2008 5217 2287 5272 ll'Chesn.'
2320 5223 2370 5271 et
2435 5219 2613 5278 Freh.,
2688 5220 3049 5271 Rothomerem.
3098 5220 3298 5280 Canis”
3358 5223 3640 5286 Rotomagi,

1946 5295 1999 5345 et
2038 5291 2126 5343 Ch.
2183 5290 2271 5349 aL,
2331 5293 2620 5342 Ratomum.
2678 5291 2859 5344 Lectio
2908 5291 3041 5344 Clar.
3092 5296 3145 5345 et
3178 5293 3314 5346 Boh.
3347 5305 3519 5357 quam
3551 5306 3637 5347 se-

1944 5365 2177 5428 quimur.
2224 5362 2443 5426 optima,
2496 5366 2712 5415 veteres
2758 5363 2958 5428 quippe
3017 5365 3297 5416 Ilodomum
3351 5368 3439 5417 aut
3481 5365 3640 5415 Roto-

1944 5448 2105 5493 mum,
2134 5436 2309 5485 Rom
2338 5433 2609 5486 dicebant.

2006 5516 2029 5537 ·
2063 5508 2188 5556 Can.
2219 5506 2309 5565 aL,
2344 5517 2468 5558 XIX.

2001 5585 2021 5606 °
2055 5576 2239 5628 Nullus
2260 5575 2348 5627 hic
2378 5580 2458 5627 est
2489 5586 2750 5628 numerus
2770 5574 2827 5627 In
2858 5575 3028 5628 Canis.
3518 5618 3523 5622 .

2009 5647 2185 5698 pBoh.
2253 5650 2307 5699 et
2351 5646 2496 5705 Can.,
2546 5648 2939 5709 desolationem;
3014 5644 3191 5707 Freb.,
3241 5643 3642 5701 dissolutionem.

2009 5717 2277 5780 «theam,
2352 5729 2602 5779 ccccxx;
2671 5720 2868 5782 ωηιξη
2932 5730 3083 5771 cccc.
3160 5714 3304 5770 Clar.
3355 5722 3406 5770 et
3459 5717 3643 5786 Freh.,

1946 5801 2166 5849 cccuL,
2202 5789 2256 5841 id
2278 5792 2377 5852 est,
2411 5802 2595 5841 cccxc.
