3982 6346
272 331 377 391 599
1355 338 1411 394 S.
1457 334 1809 395 GBEGORII
1855 336 2184 396 EI’ISCOPI
2227 332 2700 394 TURONENSIS
3664 302 3778 394 600

276 455 530 529 Domini,
556 457 695 515 anni
716 468 977 516 DCXLVIII
1005 469 1029 497 ι
1054 478 1066 525 ;
1094 473 1129 516 a
1153 459 1416 533 passione
1441 460 1671 519 Domini
1693 476 1876 535 usque
1907 462 1977 518 ad
1994 459 2446 535 AChilpericum
2480 457 2749 528 tractarit,
2787 457 2939 533 quod
2967 457 3206 516 veritate
3232 456 3582 515 subsistebat
3610 459 3779 529 (Cap.

277 548 585 606 transitum
623 548 805 606 sancti
855 546 1107 619 Martini,
1155 553 1295 608 anni
1336 565 1604 622 ccccxn;
1656 570 1689 611 a
1739 552 1982 611 transitu
2069 553 2173 615 19).
2222 553 2523 610 Merovens
2560 552 2766 607 iterum
2814 546 2998 605 laicus
3040 548 3304 616 efficitur,
3345 548 3414 605 de
3462 548 3782 607 Thoronus

275 636 458 696 sancti
496 636 729 696 Martini
770 654 957 713 usque
1000 640 1071 697 ad
1121 642 1424 701 transitum
1470 642 1779 701 Chlodovei
1812 644 1979 719 regis,
2068 643 2167 714 [Id.
2199 648 2295 706 est,
2326 640 2596 709 Turonis]
2649 638 2879 710 fugiens
2923 652 3023 711 per
3062 637 3425 695 Autisiodero
3466 636 3785 694 Divionem

276 727 418 786 anni
438 738 598 799 CXII;
630 742 663 785 a
687 729 929 787 transitu
951 728 1260 788 Chlodovei
1282 734 1435 805 regis
1459 749 1644 808 usque
1673 733 1744 791 ad
1772 734 1981 791 transi-
2065 730 2244 802 venit,
2297 731 2357 787 in
2400 731 2786 787 Bhemensem
2818 726 3178 800 campaniam
3218 727 3577 800 peraccessit,
3629 731 3789 791 578

276 822 407 874 tum
439 814 849 889 Theudeberti,
880 819 1021 876 anni
1053 832 1273 881 XXXVII
1301 822 1354 893 1’;
1385 838 1417 879 a
1446 823 1693 880 transitu
1722 822 1982 881 Theude-
2064 838 2098 879 a
2126 821 2667 881 Taravannensibus
2697 822 3127 878 circumventus
3168 825 3271 888 est,
3317 826 3371 875 et
3412 819 3470 875 in
3521 817 3787 891 quadam

276 902 427 961 berti
460 920 644 978 usque
679 907 749 963 ad
776 907 1001 965 exitum
1047 907 1337 981 Sigiberti,
1394 911 1533 969 anni
1586 924 1737 971 xx1x
1760 931 1778 983 ;
1831 912 1983 986 quod
2066 911 2205 969 villa
2239 910 2602 969 concluditur
2632 927 2665 968 a
2697 910 2935 969 Gaileno
2977 910 3111 983 (AL,
3155 907 3433 980 Gauleno)
3488 906 3785 963 familiare

278 1002 416 1053 sunt
444 992 619 1052 simul
643 996 785 1053 anni
816 996 1080 1071 quinque
1110 999 1295 1057 millia
1322 1013 1641 1060 DCCLXXIV.
2068 1018 2173 1061 suo
2205 1004 2360 1075 (Cap.
2395 1002 2501 1070 14).
2541 1003 2787 1075 Ipsoque
2819 1006 3072 1071 rogante,
3115 998 3417 1057 Meroveus
3460 997 3643 1056 cultro
3692 996 3786 1052 in-

351 1084 607 1144 LXXIV.
642 1086 1000 1161 Chilpericus
1024 1088 1214 1147 filium
1247 1107 1424 1149 suum
1449 1091 1783 1151 Meroveum
1810 1092 1986 1151 Picta-
2068 1094 2338 1151 terfectus
2366 1098 2469 1148 est.
2503 1090 2781 1149 Gailenus
2824 1089 3094 1148 manibus
3131 1094 3186 1144 et
3215 1087 3479 1161 pedibus,
3532 1086 3787 1145 naribus

282 1179 372 1237 vis
397 1194 531 1238 cum
563 1181 821 1239 exercitu
857 1182 1091 1251 direxit,
1127 1190 1182 1241 et
1213 1185 1427 1244 exinde
1456 1195 1749 1245 revertens
1780 1188 1992 1247 Rotho-
2070 1192 2126 1242 et
2155 1183 2397 1241 auribus
2427 1188 2745 1250 truncatus,
2781 1182 3022 1252 turpiter
3050 1178 3228 1236 vitam
3254 1176 3463 1235 ﬁnivit.

278 1283 444 1328 mum
469 1268 724 1339 accessit,
760 1277 814 1327 et
848 1268 1286 1331 Brunichildem
1313 1274 1373 1331 in
1405 1277 1743 1349 conjugium
1779 1279 1993 1351 accepit
2143 1277 2396 1335 LXXIX.
2440 1276 2653 1333 Eodem
2681 1281 2933 1348 tempore
2956 1272 3224 1331 Justinus
3244 1272 3550 1343 imperator
3572 1284 3785 1326 amens

279 1356 422 1424 (Lib.
455 1366 517 1425 v,
557 1372 679 1427 cap.
706 1355 783 1425 2).
845 1356 1115 1417 Protinus
1162 1359 1517 1433 Chilpericus
1563 1363 1754 1438 ipsum
1805 1366 1875 1423 de
1925 1382 1991 1423 ea
2070 1372 2303 1427 effectus
2331 1375 2413 1425 est
2448 1370 2598 1439 (Cap.
2632 1368 2739 1439 20).
2801 1365 3013 1441 Sophia
3052 1366 3179 1437 ejus
3213 1364 3472 1435 Augusta
3501 1378 3634 1419 cum
3671 1361 3783 1417 Ti-

281 1444 583 1518 separavit.
660 1445 1082 1520 Campanenses
1154 1447 1465 1508 Sexsionas
1517 1464 1539 1489 ο
1590 1458 1984 1527 pervaserunt.
2070 1460 2229 1519 berio
2252 1457 2471 1517 Ctesare
2500 1458 2729 1529 regebat
2755 1456 3083 1529 imperium.
3120 1454 3386 1512 Tiberius
3419 1451 3786 1524 largissimus

279 1534 640 1609 Cbilpericus
664 1552 799 1595 cum
826 1540 1083 1597 exercitu
1110 1548 1306 1599 contra
1334 1558 1430 1601 eos
1460 1543 1727 1614 invaluit,
1763 1545 1991 1605 Sexsio.
2070 1553 2132 1611 in
2161 1550 2542 1623 eleemosynis
2580 1549 2709 1607 fuit.
2773 1546 2882 1607 Sed
2927 1563 3061 1605 cum
3106 1562 3140 1603 a
3192 1545 3403 1619 Sophia
3440 1549 3786 1616 argueretur

281 1642 387 1684 nas
408 1627 619 1699 recepit
648 1631 803 1700 (Cap.
833 1628 908 1697 3).
934 1629 1147 1688 Filium
1181 1647 1355 1690 suum
1385 1633 1715 1693 Meroveum
1748 1652 1898 1695 onus
1927 1637 1988 1695 in
2072 1648 2141 1700 ut
2187 1642 2526 1698 thesaurum
2570 1654 2685 1697 non
2718 1643 2980 1705 vastaret,
3028 1636 3091 1693 in
3133 1634 3321 1693 medio
3358 1632 3559 1691 Palatii
3606 1648 3787 1690 cruce

280 1723 428 1783 577
474 1717 769 1776 clericatui
826 1725 1122 1778 tonsurare
1173 1722 1324 1793 fecit,
1383 1732 1439 1781 et
1492 1727 1788 1800 presbyter
1831 1728 1991 1786 ordi-
2072 1730 2135 1788 in
2167 1729 2351 1803 Lapide
2381 1734 2620 1801 reperta,
2660 1726 2824 1798 jubet
2861 1725 3130 1783 Tiberius
3176 1726 3367 1795 ipsum
3414 1720 3663 1795 lapidem
3707 1719 3789 1776 le-

280 1815 454 1867 uatur
482 1811 637 1883 (Cap.
674 1811 757 1880 14)
784 1811 829 1869 ἀ.
873 1811 1259 1872 Roccolenum
1293 1815 1524 1887 ducem,
1558 1817 2225 1884 Guntramnuvaare.
2271 1816 2550 1876 Desubter
2596 1816 2614 1851 τ
2658 1815 2720 1873 in
2757 1815 2871 1873 alio
2912 1814 3099 1888 lapide
3134 1814 3267 1871 duae
3301 1827 3497 1870 cruces
3539 1815 3789 1883 reperta:

284 1899 543 1975 itemque
589 1902 799 1960 ducem
848 1906 1315 1978 persequendum
1367 1906 1624 1965 Toronos
1676 1908 1993 1967 transmisit
2075 1914 2229 1981 sunt,
2285 1907 2586 1978 levatoque
2630 1911 2686 1962 et
2728 1905 2853 1978 ipso
2900 1903 3138 1961 inventa
3182 1908 3315 1960 sunt
3354 1900 3550 1959 subter
3586 1898 3783 1974 ipsum

286 1994 441 2066 (Cap.
501 1993 574 2063 i).
632 1993 987 2053 Boccolenus
1030 1994 1104 2052 ab
1154 1996 1491 2056 inﬁrmitate
1546 2005 1793 2058 vexatus
1846 1999 1993 2059 nihil
2074 1998 2237 2058 mille
2264 1995 2587 2056 centenaria
2619 2004 2645 2041 ε
2684 1996 2832 2065 auri,
2882 1994 3034 2069 quod
3081 1992 3313 2067 largiter
3355 1991 3552 2049 divino
3589 2006 3791 2047 amore

283 2080 499 2140 ibidem
534 2081 860 2155 Ιπωνὶιὶιιὶῐ.
2077 2089 2345 2149 Tiberius
2376 2084 2725 2159 pauperibus
2755 2086 3031 2155 erogavit.

358 2170 587 2231 LXXV.
630 2172 711 2230 Eo
744 2179 997 2246 tempore
1030 2180 1261 2233 sanctus
1288 2173 1612 2234 Germanus
1642 2175 1997 2235 Parisiorum
2152 2177 2376 2236 LXXX.
2450 2176 2730 2234 Defuncto
2779 2175 3019 2233 Narside
3051 2218 3066 2245 ,
3126 2174 3401 2247 prodente
3453 2172 3649 2244 aliquo
3707 2186 3795 2229 se-

288 2260 592 2334 episcopus
623 2261 1053 2335 transmigravit
1081 2264 1154 2321 ad
1182 2264 1498 2323 Dominum
1529 2268 1680 2338 (Cap.
1720 2266 1793 2323 8.
1836 2266 1996 2325 Chil-
2080 2286 2219 2329 nece
2249 2270 2292 2337 δ,
2345 2265 2438 2324 cui
2470 2264 2666 2322 Narsis
2701 2264 3037 2334 crediderat,
3082 2264 3416 2321 thesaurum
3457 2262 3583 2334 ejus
3629 2260 3804 2317 Tibe-

290 2349 725 2423 pericusfilium
752 2367 930 2411 suum
956 2353 1348 2415 L‘hlodoveum
1371 2356 1636 2416 Toronus
1660 2360 1743 2429 [Id
1761 2364 1859 2429 est,
1889 2358 1999 2417 Tu-
2084 2358 2205 2417 rius
2234 2354 2636 2413 absconditum
2669 2353 2776 2411 sub
2817 2360 2963 2410 terra
3011 2352 3253 2423 invenit,
3304 2351 3547 2409 nimiam
3591 2348 3797 2407 multi-

294 2446 484 2509 ronos]
538 2442 891 2512 transmisit,
950 2443 1051 2519 qui
1107 2452 1161 2503 et
1218 2445 1369 2504 ultra
1426 2446 1690 2521 Ligerem
1745 2448 2004 2506 civitates
2085 2448 2347 2508 tudinem
2401 2445 2723 2519 ponderum
2774 2444 2902 2501 auri
2955 2450 3009 2500 et
3060 2442 3301 2513 argenti,
3349 2457 3449 2498 seu
3487 2447 3542 2497 et
3580 2438 3804 2512 lapides

295 2528 645 2588 Childeberti
693 2532 1029 2604 pervaderet
1079 2536 1226 2607 (Cap.
1273 2534 1375 2605 13).
1431 2535 1786 2595 Mummolus
1836 2537 2008 2611 patri-
2088 2535 2365 2610 pretiosos
2404 2532 2598 2605 (Ibid).
2650 2531 2811 2602 Quod
2844 2530 3113 2604 idemque
3140 2528 3373 2599 largiter
3417 2527 3687 2585 Tiberius
3743 2526 3803 2580 in

294 2617 421 2677 cius
469 2619 817 2678 Guntramni
862 2632 1061 2680 contra
1108 2624 1502 2683 Chlodoveum
1551 2633 1607 2683 et
1643 2626 2007 2684 Desiderium
2090 2614 3806 2695 alimoniisdistribuitpauperum.SamsonfiliusChilperici

297 2707 505 2768 ducem
563 2709 873 2785 Chilperici
925 2713 1146 2773 bellum
1204 2715 1395 2787 gessit,
1442 2732 1653 2792 eosque
1695 2719 2006 2793 superavit.
2094 2720 2356 2788 moritur,
2385 2730 2557 2790 quem
2583 2708 3551 2786 Chilpericusnimiumluxit(Cap.
3584 2705 3691 2777 23).
3723 2705 3806 2762 Eo

299 2795 459 2859 Caesa
480 2815 513 2856 a
546 2802 629 2869 [Id
671 2806 770 2867 est,
804 2808 897 2871 ex]
930 2801 1236 2862 Mummoli
1272 2805 1531 2866 exercitu
1577 2807 1838 2881 quinque
1883 2808 2011 2867 mil-
2093 2828 2248 2871 anno
2278 2809 2438 2868 stella
2465 2809 2525 2867 in
2558 2805 2745 2864 medio
2775 2805 2931 2862 luna:
2962 2802 3192 2874 fulgens
3224 2800 3346 2857 visa
3376 2806 3460 2855 est
3501 2800 3647 2870 (Cap.
3694 2797 3801 2863 :24).

300 2886 397 2959 Ῑίθ,
427 2905 461 2947 8
487 2889 784 2948 DBSldel‘iO
816 2906 952 2951 vero
986 2894 1193 2967 viginti
1224 2894 1425 2954 millia.
2094 2901 2537 2961 Gunthramnus
2566 2894 2733 2962 Boso,
2779 2890 2992 2949 relictis
3025 2888 3254 2947 filiabus
3282 2887 3421 2951 suis
3460 2886 3520 2943 in
3564 2884 3807 2942 ecclesia

375 2978 631 3039 LXXVI.
670 2979 827 3040 Inter
857 2982 1079 3042 Suevos
1105 2990 1161 3041 et
1198 2983 1457 3044 Saxones
1496 2985 1717 3045 bellum
1758 2988 2011 3046 surrexit
2095 2991 2276 3053 sancti
2306 2987 2533 3051 Hilarii,
2564 2987 2636 3043 ad
2667 2982 3095 3041 Childebertum
3124 2980 3349 3038 transiit
3385 2982 3535 3053 (Cap.
3563 2977 3673 3048 25).

304 3071 460 3143 (Cap.
500 3072 608 3140 15).
660 3072 805 3131 Caesi
846 3081 982 3132 sunt
1015 3090 1049 3133 a
1094 3072 1424 3136 Saxonibus
1464 3078 1669 3153 viginti
1710 3078 1912 3149 millia,
1958 3084 2015 3136 et
2121 3098 2127 3104 '
2167 3087 2337 3143 Anno
2391 3094 2620 3154 quoque
2678 3076 2842 3135 tertio
2891 3073 3243 3133 Childeberti
3298 3072 3467 3144 regis,
3532 3070 3635 3144 qui
3686 3077 3809 3127 erat

306 3171 412 3219 88X
461 3159 647 3219 millia
692 3169 915 3221 tantum
964 3178 1039 3221 ex
1086 3164 1169 3223 Bis
1214 3174 1633 3225 remanserunt.
1691 3167 2404 3249 SueVOI‘umCChilperici
2442 3179 2495 3229 et
2535 3166 2924 3229 Gunthramni
2962 3167 3240 3239 septimus
3270 3164 3528 3223 decimus
3555 3164 3589 3230 ί,
3641 3162 3809 3221 Gun-

308 3264 541 3324 quoque
586 3266 690 3309 59X
723 3261 746 3290 °
791 3252 976 3310 mima
1021 3254 1429 3328 quadringenti
1478 3256 1764 3329 οσῑοὲξίῐιῐᾶ
1800 3265 1855 3315 ει
1892 3263 2016 3317 Octo
2098 3273 2406 3331 thramnus
2436 3266 2580 3323 Boso
2610 3263 2758 3320 ﬁlias
2786 3278 2919 3320 suas
2943 3278 2975 3318 a
3015 3259 3256 3317 Pectavo
3291 3258 3522 3315 auferre
3560 3253 3806 3323 vellens,

306 3340 575 3414 prostrati
618 3347 774 3399 sunt.
824 3340 1058 3417 Reliqui
1103 3358 1239 3402 vero
1282 3343 1579 3404 victoriam
1619 3346 2013 3405 obtinuerunt.
2100 3358 2451 3420 Dracolenus
2474 3370 2645 3429 super
2670 3368 2802 3411 eum
2830 3350 3000 3409 irruit
3032 3352 3183 3421 (Cap.
3213 3348 3326 3416 26).
3358 3347 3537 3405 Multa
3564 3360 3811 3402 munera

315 3435 576 3497 Saxones
605 3438 986 3509 “voverunt:
1032 3447 1095 3497 υί
1124 3455 1229 3498 nec
1258 3441 1461 3515 Pilum»
1516 3458 1621 3500 nec
1652 3442 1889 3500 barbam
1927 3440 2015 3498 ίη-
2101 3469 2134 3511 a
2158 3451 2562 3511 Gunthramno
2590 3442 2901 3503 Dracoleno
2927 3441 3279 3510 offeruntur;
3310 3438 3407 3496 sed
3432 3435 3808 3503 Dracolenus,

314 3529 588 3598 ciderent,
623 3531 963 3604 priusquam
988 3531 1137 3590 hanc
1164 3533 1444 3609 injuriam
1467 3534 1901 3604 ulciscerentur,
1922 3532 2019 3591 sed
2102 3551 2167 3603 ut
2197 3547 2317 3601 erat
2359 3539 2563 3609 elatus,
2612 3536 2792 3595 dicit:
2844 3531 3219 3599 Funiculum.
3268 3530 3421 3587 unde
3458 3528 3603 3586 aliOS
3631 3526 3811 3598 ligare

318 3619 558 3679 mentita
584 3626 670 3678 est
695 3635 897 3679 eorum
925 3620 1242 3682 iracundia.

2242 3651 2281 3706 ),
2334 3639 2599 3707 paratum
2645 3630 2849 3697 habeo,
2902 3626 3005 3686 ubi
3055 3631 3110 3683 et
3158 3622 3601 3682 Gunthramnus
3639 3616 3814 3676 hodie

392 3711 680 3801 LXXVII.
715 3712 1009 3772 Britannis
1036 3713 1358 3789 Magliavus
1382 3721 1439 3775 et
1463 3717 1719 3776 Bodecus
1748 3717 1847 3776 illo
1877 3722 2021 3775 tem-
2107 3730 2338 3801 ligatur,
2397 3726 2657 3797 cumque
2710 3722 2912 3780 fuisset
2964 3716 3229 3792 ρι-ωιίηη]
3284 3720 3579 3788 coeptum,
3647 3711 3816 3770 Gun-

324 3814 457 3877 PO“3
487 3799 725 3859 εοωίίθε
751 3809 932 3873 erant:
982 3805 1293 3865 amiCiliam
1330 3822 1465 3865 cum
1513 3808 1881 3867 sacramentis
1929 3806 2026 3863 Ῐῐι·
2110 3799 2437 3885 ῐιῖιᾞηωυε,
2471 3814 2734 3872 invocato
2758 3810 2993 3870 nomine
3021 3805 3271 3876 Domini,
3305 3812 3360 3864 et
3392 3804 3603 3863 virtute
3636 3803 3821 3860 sancti

329 3887 512 3947 vicem
560 3887 806 3948 inientes
850 3894 1004 3972 (Cap.
1045 3893 1147 3963 16).
1187 3895 1411 3954 Mortuo
1451 3895 1662 3954 Bodico
1708 3895 1901 3968 Maglia

2250 3906 2368 3977 Lini,
2424 3903 2611 3962 levato
2657 3910 2843 3972 conto,
2901 3898 3278 3958 Dracolenum
3330 3903 3536 3954 mactat
3588 3895 3649 3953 in
3703 3894 3822 3951 fau-

325 3978 517 4040 filium
546 3980 689 4054 ejus,
731 3982 966 4041 nomine
996 3983 1443 4057 Theudericum,
1481 3986 1551 4044 de
1581 4002 1758 4059 regno
1783 4002 1896 4060 exp

2254 4014 2297 4066 s,
2345 4009 2805 4069 suspensumque
2846 3992 2917 4050 de
2946 4006 3114 4066 equo,
3167 3994 3459 4048 mortuum
3501 3987 3563 4045 in
3614 3993 3826 4043 terram

327 4069 441 4131 sed
489 4074 719 4132 tandem
766 4076 1075 4149 resumptis
1112 4076 1335 4136 Viribus
1376 4077 1769 4137 Thelldel‘icus
1803 4076 2033 4150 Maglia'
2115 4086 2391 4164 projecit;
2428 4084 2670 4143 feliciter
2700 4089 2895 4157 postea
2948 4080 3099 4155 quod
3137 4079 3308 4152 coepit
3358 4076 3638 4152 explevit.
3697 4074 3827 4133 Post

328 4179 470 4226 vum
517 4181 649 4225 cum
704 4165 826 4225 ﬁlio
867 4168 1040 4227 Jacob
1080 4168 1387 4241 interfecit.
1438 4185 1805 4243 regnumque
1858 4167 2034 4242 patris
2120 4181 2244 4238 haec
2296 4170 2553 4246 'Pectavi,
2607 4173 2907 4250 Bagassini
2952 4173 2987 4243 δ,
3041 4170 3374 4239 Cenomani,
3426 4175 3481 4227 et
3525 4167 3830 4240 Andegavi

326 4256 555 4331 recepit.
588 4256 922 4317 Warocbus
954 4258 1223 4333 Magliavi
1266 4260 1419 4318 filius
1456 4260 1514 4319 in
1559 4260 1736 4336 patris
1782 4262 1898 4318 loco

2302 4266 2433 4325 aliis
2478 4264 2680 4324 multis
2732 4265 2792 4322 in
2850 4262 3209 4321 Britanniam
3266 4265 3460 4317 contra
3508 4257 3827 4316 Warocum

329 4361 453 4404 mes
501 4344 749 4405 efficitur
792 4349 941 4421 (Cap.
980 4348 1076 4418 l7).
1121 4349 1523 4409 Guntramnus
1580 4364 1684 4407 rex
1733 4348 1879 4407 duos
1922 4346 2037 4405 Μει-
2117 4358 2437 4419 exercitum
2477 4361 2621 4419 579
2657 4362 2890 4413 movent
2916 4371 2930 4422 ;
2982 4368 3154 4426 super
3201 4366 3345 4423 quos
3385 4348 3674 4406 Warocus
3727 4363 3826 4420 per

330 4436 627 4511 gDaCh'tlI‘ii
668 4437 818 4495 filios
856 4437 1046 4509 gladio
1094 4439 1398 4507 interemit,
1445 4438 1754 4511 instigante
1804 4441 2038 4498 Austre-
2118 4458 2341 4510 noctem
2377 4462 2573 4512 ruens,
2617 4445 2861 4502 nimiam
2909 4449 3157 4514 stragem
3196 4440 3265 4498 de
3314 4437 3650 4498 Saxonibus
3697 4435 3824 4495 Bai-

332 4525 527 4617 childe
580 4524 798 4617 regina,
843 4526 1138 4617 facultates
1184 4541 1382 4585 eorum
1432 4527 1567 4585 fisco
1615 4527 1852 4600 redegit.
1904 4524 2363 4617 FiliiDgassinis
2395 4536 2522 4593 fecit
2556 4537 2701 4606 (Cap,
2736 4533 2838 4601 27).

336 4615 681 4675 Guntraan
715 4615 829 4674 duo
856 4616 1131 4676 continuo
1158 4618 1365 4675 mortui
1394 4625 1546 4676 sunt.

2256 4643 2363 4686 nno
2399 4634 2601 4701 quarto
2630 4623 2994 4687 Childeberti,
3034 4620 3132 4692 qui
3168 4619 3276 4678 fuit
3301 4618 3559 4677 decimus
3592 4625 3828 4677 octavus

410 4710 724 4770 LXXVIII.
773 4709 1174 4771 Guntramnus
1203 4713 1852 4773 Childebertumfilium
1884 4714 2040 4785 Sigi-
2123 4716 2469 4779 Guntramni
2524 4722 2578 4772 et
2630 4712 2978 4786 Chilperici,
3043 4710 3314 4769 Salonius
3369 4716 3422 4766 et
3487 4707 3831 4778 Sagittarius

334 4801 481 4861 Dem
508 4801 797 4875 θάοριίινὶῐ
824 4800 883 4859 ill
912 4801 1101 4860 filium
1147 4804 1301 4873 (Cap.
1356 4803 1454 4871 10)-
1498 4801 1856 4875 Chilpericus
1896 4802 2045 4861 PI‘EB-
2127 4807 2373 4882 episc0pi
2410 4804 2725 4863 Cabilonno
2767 4802 2825 4859 in
2870 4800 3091 4874 synodo
3136 4798 3206 4855 ab
3257 4798 3582 4870 episcopatu
3638 4796 3833 4866 degra-

336 4899 617 4951 textatum
635 4890 1082 4950 Rothomensem
1103 4892 1514 4965 episcopumin
1539 4891 1816 4949 exsilium
1846 4892 2040 4963 trudit,
2124 4898 2335 4955 dantur
2361 4896 2507 4966 (Cap.
2547 4890 2650 4961 28).
2703 4888 3064 4962 Chilpericus
3109 4885 3518 4957 descriptiones
3564 4886 3831 4953 gravissi-

339 4989 609 5057 reputans
650 4981 704 5040 ei
748 4982 903 5057 quod
944 4982 1188 5040 consilio
1224 4979 1635 5040 Brunecbildis
1672 4995 1816 5038 usus
1848 4987 2044 5038 contra
2125 5002 2249 5047 mas
2274 4986 2336 5044 in
2364 4982 2525 5044 omni
2557 4980 2767 5055 populo
2799 4980 2962 5053 regni
3000 4979 3094 5038 sui
3135 4978 3262 5037 fieri
3301 4977 3477 5051 jussit
3514 4979 3675 5047 (Cap.
3718 4976 3824 5045 29).

401 5241 421 5263 ·
450 5229 667 5285 Caeam,
690 5239 933 5279 ncnvu.
2190 5224 2212 5253 δ
2243 5222 2333 5273 Slc
2370 5220 2525 5277 elar.,
2568 5216 2660 5268 ubi
2698 5229 2765 5269 ex
2816 5215 3035 5285 nomine
3090 5224 3259 5285 senex,
3292 5215 3687 5285 sexlnsucasns
3717 5208 3819 5259 om.

401 5281 878 5357 ‘CheSn..xxm.
2122 5296 2261 5347 citur
2308 5306 2496 5348 senocc,
2554 5302 2655 5351 pro
2723 5300 2875 5344 sene.
2945 5284 3078 5336 Bch.
3150 5284 3349 5357 ceruice.
3386 5281 3521 5332 Edltf
3570 5282 3825 5333 mendose

400 5382 417 5405 '
450 5370 508 5423 Ll
533 5375 638 5431 est,
660 5353 976 5421 Salonianus.

2120 5366 2291 5417 halwn
2336 5364 2582 5429 prudente
2605 5360 2837 5431 alloquio
2858 5361 3072 5409 Seneca.
3108 5354 3191 5405 vel
3223 5353 3444 5431 δ’εηίςᾶ

400 5445 421 5473 ⁴
454 5426 669 5500 Chesn.,
736 5442 1020 5494 Meroveum
1097 5441 1158 5491 in
1234 5439 1475 5491 clericum
1548 5441 1750 5489 tondere
1812 5440 1931 5501 fecit

1916 5446 1931 5486 ι
1993 5445 2038 5487 et
2182 5437 2194 5467 ⁸
2232 5426 2419 5484 Ωὴεῖιι.
2449 5442 2497 5483 et
2524 5432 2696 5488 Freh.,
2722 5429 3192 5501 decimusse‘arlus,
3216 5438 3301 5477 me
3343 5426 3488 5501 ἀρφ.

256 5556 265 5571 ,
336 5494 687 5581 presbyterum
716 5515 975 5565 ordinari.
1812 5494 1820 5501 ’
2185 5507 2353 5557 Ηῖδη.
2410 5510 2462 5555 et
2530 5502 2709 5557 Frrh..
2769 5499 3120 5581 Bagam‘nitz,
3196 5501 3247 5547 σί
3310 5496 3453 5576 ipfra
3505 5494 3822 5581 Bgigassini,

397 5610 418 5635 ε
452 5565 651 5637 ($11.51).
681 5592 729 5635 -t
765 5586 805 5635 F
837 5585 947 5642 (ιιι,
972 5584 1218 5647 quinque.

2249 5584 2279 5628 at
2329 5577 2503 5629 Clar.;
2556 5575 2646 5623 sed
2688 5572 2975 5627 legendum
3016 5570 3059 5619 Β
3094 5568 3369 5647 jocasshii.
3433 5578 3497 5615 ex
3538 5565 3821 5628 Grrgnrio,

405 5658 424 5694 ί
463 5658 862 5723 bdtti,detuper.
934 5637 944 5642 '
983 5637 997 5647 ⁸
1115 5637 1129 5645 ’
2129 5662 2288 5703 quem
2346 5647 2481 5696 vide.
2537 5645 2705 5723 ladem
2735 5645 2842 5723 uelli
2875 5657 2903 5701 I,
2962 5641 3201 5723 Item-arti.
3279 5639 3433 5723 Char,
3474 5637 3822 5723 “Teromanrti.

343 5740 450 5851 καί
467 5709 607 5782 Cen.
661 5731 714 5781 et
753 5709 860 5780 ‘Cb.
926 5727 1028 5792 al.,
1090 5726 1393 5777 centenarii.
1460 5725 1631 5784 Ches,
1693 5730 1893 5775 centum
1966 5732 2043 5773 ta-
2130 5720 2282 5843 lieni},
2342 5716 2698 5797 Bagassinita,
2726 5714 3023 5767 Rotmanm‘.
3076 5712 3236 5773 intra,
3298 5711 3407 5768 (111.,
3470 5709 3819 5771 Baicam‘nis;

389 5813 505 5851 na.
2130 5804 2198 5843 a.
2277 5801 2528 5851 agaazms.

389 5802 505 5853 nia.

2130 5801 2198 5843 at.
2234 5801 2527 5853 Bagaazms.
