3982 6346
35 360 128 418 ξω

1109 355 1468 414 HISTORIA
1517 357 1976 416 FILXNCOBUM
2016 356 2468 415 ΕΡΙΤΟΜΛΤΑ.

3427 341 3536 399 602

36 481 266 540 Marcus
304 477 757 548 referendarius,
791 476 893 550 qui
922 477 1072 535 hanc
1101 477 1542 552 descriptionem
1580 480 2074 553 facie-Accperat,
2104 480 2172 538 de
2213 479 2324 537 alia
2355 493 2539 537 uxore
2576 475 2721 534 duos
2766 471 2916 529 ﬁlios
2967 469 3187 527 habens
3228 469 3388 553 (Cap.

37 572 148 641 bat,
199 586 407 628 secum
444 583 645 626 omnes
697 566 1006 641 polepticos
1041 567 1251 639 ferens,
1287 569 1564 628 kalendas
1596 571 1749 628 Mar-

41 663 145 720 tias
174 677 209 718 a
245 659 628 735 Limodicinis
649 658 982 716 interfectus
1000 667 1084 714 est
1105 673 1147 727 ει,
1176 667 1230 717 et
1257 676 1458 718 omnes
1488 663 1752 734 poleptici

41 750 336 808 incendiis
363 758 500 808 sunt
528 748 893 808 concremati.
937 749 1083 806 Dum
1117 751 1237 807 haac
1264 759 1590 823 agerentur,
1618 753 1755 810 Jus-

41 840 207 893 tinus
257 838 572 909 imperator
609 834 830 892 decimo
874 842 1073 893 octavo
1114 852 1268 894 anno
1309 839 1470 907 regni
1503 839 1592 896 sui
1623 856 1755 898 cum

40 924 323 991 amentia,
358 941 530 996 quam
565 924 901 993 incurrerat,
932 924 1109 980 vitam
1139 924 1326 981 ﬁnivit
1352 928 1501 998 (Cap.
1538 927 1647 995 31).

110 1013 382 1071 LXXXI.
433 1013 700 1070 Tiberius
742 1012 988 1085 arripuit
1036 1012 1345 1086 imperium
1392 1017 1598 1086 (Ibid.).
1646 1016 1754 1075 So-

40 1105 176 1178 phia
194 1107 484 1173 Augusta,
523 1102 829 1159 immemor
871 1101 1271 1174 promissionis
1305 1121 1443 1173 suae,
1477 1105 1758 1162 adversus

41 1192 356 1251 Tiberium
384 1192 627 1249 insidias
654 1191 1034 1261 moliebatur;
1064 1193 1464 1251 Justinianum
1495 1203 1758 1267 nepotem

37 1282 258 1341 Justini
288 1283 354 1339 in
383 1283 698 1356 imperium
729 1281 912 1340 voluit
943 1282 1279 1340 sublimare.
1303 1284 1464 1354 Quod
1494 1285 1761 1343 Tiberius

38 1387 311 1439 cernens,
331 1373 751 1445 apprehensam
783 1371 1074 1446 SOphiam,
1110 1375 1487 1447 exjspoliatam
1526 1377 1758 1434 thesau-

37 1463 138 1530 ris,
171 1465 506 1535 segregans
527 1463 598 1520 ab
647 1480 713 1521 ea
752 1463 966 1536 pueris,
1000 1464 1060 1518 in
1106 1463 1425 1522 custodiam
1461 1467 1634 1540 jussit
1664 1483 1755 1523 re-

39 1554 220 1611 trudi.
277 1553 682 1612 Justinianum
732 1554 1095 1628 objurgatum
1156 1562 1311 1613 tanto
1364 1556 1422 1612 in
1465 1565 1755 1628 posterum

39 1657 242 1700 amore
291 1641 521 1712 dilexit,
555 1650 619 1700 ut
652 1643 772 1700 ﬁlio
810 1643 934 1714 ejus
969 1643 1148 1700 tiliam
1181 1659 1344 1714 suam
1381 1645 1754 1718 promitteret,

38 1732 358 1806 ﬁliumque
387 1748 566 1790 suum
613 1733 752 1791 filias
801 1749 921 1792 suae
973 1736 1346 1806 expeteret”;
1383 1737 1482 1794 sed
1532 1753 1646 1795 non
1675 1745 1759 1796 est

41 1822 243 1879 sortita
274 1822 543 1879 effectum
573 1839 682 1880 res.
713 1823 1012 1880 Exercitus
1038 1823 1163 1896 ejus
1196 1823 1397 1882 Persas
1425 1825 1756 1896 debellavit,

40 1910 346 1982 victorque
389 1926 683 1982 regressus
729 1919 881 1968 tanta
935 1911 1084 1968 mole
1133 1899 1383 1983 praedam
1428 1913 1652 1984 detulit,
1696 1923 1759 1972 ut

41 1997 386 2054 crederetur
421 1997 722 2070 cupiditati
747 1999 1020 2056 humana:
1043 2014 1208 2072 posse
1233 1999 1514 2059 sutIicere.
1531 2000 1753 2075 Viginti

40 2085 343 2160 elephanti
373 2088 585 2145 exinde
609 2088 842 2146 adducti
874 2096 1028 2146 sunt.

114 2175 415 2234 LXXXII.
448 2177 660 2235 Eodem
702 2183 957 2251 tempore
986 2193 1142 2236 anno
1171 2179 1376 2254 quinto
1409 2180 1759 2241 Childeberti

42 2268 218 2339 regis,
241 2275 415 2324 tantae
435 2267 562 2325 lues
589 2284 690 2341 per
719 2267 1048 2325 universam
1094 2269 1387 2339 regionem
1417 2273 1573 2330 facta:
1598 2283 1756 2344 sunt,

45 2364 100 2413 ut
146 2356 411 2413 nimium
459 2356 678 2415 mirum
723 2356 923 2413 fuisset
966 2359 1116 2429 (Cap.
1161 2356 1271 2426 34).
1321 2357 1600 2416 Universa
1649 2347 1760 2418 ﬁu-

47 2447 208 2504 mina
255 2446 555 2515 terminos,
622 2461 767 2520 quos
808 2461 1112 2521 nunquam
1161 2457 1548 2516 excesserant,
1612 2467 1761 2522 prte-

45 2543 369 2611 terierunt;
422 2542 494 2616 de
541 2542 843 2616 pecoribus
887 2542 1202 2612 excidium,
1252 2543 1761 2616 grande'zediliciis

47 2632 445 2704 naufragium.
498 2632 606 2690 Sed
644 2632 1004 2689 cessantibus
1054 2631 1269 2705 pluviis
1314 2632 1547 2690 arbores
1572 2634 1762 2693 denuo

46 2720 400 2776 ﬂoruerunt.
436 2718 571 2776 Erat
621 2719 837 2776 mensis
889 2718 1239 2792 September.
1276 2719 1490 2792 Fulgor
1520 2737 1618 2794 per
1643 2737 1762 2779 cce-

47 2812 176 2868 lum
226 2811 555 2868 cucurrisse
605 2810 763 2866 visus
807 2816 908 2867 est.
959 2807 1149 2867 Sonus
1193 2811 1360 2886 quasi
1392 2811 1762 2872 deruentium

47 2900 330 2956 arborum
362 2900 423 2956 in
461 2907 634 2956 totam
677 2906 882 2954 terram
915 2897 1148 2955 auditus
1179 2907 1280 2955 est.
1313 2897 1458 2957 Urbs
1481 2900 1766 2976 Burdega-

50 2988 239 3046 lensis
287 2995 432 3053 580
482 2993 813 3046 tememotu
861 3004 1139 3045 concussa
1182 2997 1286 3046 est.
1345 2989 1422 3046 De
1470 2991 1764 3065 Pyrenaeis

51 3081 358 3139 montibus
395 3081 666 3138 immensi
697 3080 911 3152 lapides
954 3089 1089 3140 sunt
1131 3081 1335 3140 evulsi.
1359 3082 1457 3156 qui
1487 3101 1686 3156 pecora
1711 3096 1765 3146 et

53 3168 332 3225 homines
361 3174 812 3241 prostraverunt.
859 3167 1032 3226 Vicus
1076 3169 1537 3242 Burdegaleusis,
1567 3175 1734 3230 incen

55 3259 153 3315 dio
187 3257 476 3315 divinitus
503 3265 724 3328 exorto,
759 3256 970 3316 multos
1004 3259 1230 3316 exussit
1285 3259 1477 3319 subito
1509 3277 1735 3336 compre

1838 549 1923 626 Ex
1956 549 2169 642 quibus
2212 583 2368 625 unus
2410 560 2898 633 Elierinengildus
2936 556 3192 624 nomine,
3226 552 3409 612 ﬁliam
3441 549 3534 612 Si-

1838 661 2064 734 giberti,
2103 661 2335 718 nomine
2363 656 2762 731 Setlegundem
2794 663 2837 722 ε,
2865 649 3078 722 accepit
3113 661 3372 706 uxorem.

1918 751 2229 810 LXXXIII.
2259 751 2399 822 Qum
2428 766 2560 807 cum
2604 746 2828 819 magnis
2859 742 3144 798 thesauris
3173 746 3226 794 et
3251 736 3536 809 apparati-

1841 842 1948 899 bus
1985 843 2046 899 in
2096 840 2369 915 Spaninm
2415 845 2496 897 est
2546 839 2778 905 directa,
2828 840 2884 889 et
2929 831 3000 887 ab
3040 829 3169 886 avia
3216 825 3538 884 Goaesinda

1839 932 2163 1005 benigniter
2195 940 2434 1004 recepta,
2461 945 2592 1004 quae
2641 933 2828 1001 postea
2863 940 2896 980 a
2935 918 3255 980 Goaesinda
3288 916 3537 976 aﬁicitnr

1841 1024 2049 1092 (Ibid).
2106 1022 2216 1080 Sed
2266 1037 2398 1079 cum
2458 1019 2792 1083 nullatenus
2855 1013 3004 1071 avize
3059 1011 3263 1084 iniquo
3297 1006 3538 1066 consilio

1841 1113 2240 1180 consensisset,
2281 1112 2340 1168 in
2383 1128 2501 1168 una
2543 1108 2840 1165 civitatum
2869 1109 2890 1138 δ
2935 1119 3071 1161 cum
3103 1103 3228 1158 viro
3267 1098 3538 1156 habitan-

1845 1203 1984 1260 dum
2033 1202 2419 1260 constituitur.
2465 1197 2732 1255 Protinus
2776 1193 3046 1251 maritum
3086 1189 3426 1263 praedicans,
3466 1185 3538 1243 ad

1843 1289 2054 1347 Christi
2089 1290 2308 1346 cultum
2345 1285 2645 1352 convertit,
2677 1282 3107 1354 baptizatusque
3145 1278 3380 1333 eﬁ‘ectus
3409 1274 3423 1312 ί
3455 1277 3546 1330 est

1841 1379 2209 1436 Christianus.
2243 1379 2425 1444 Quem
2458 1382 2614 1447 pater
2645 1369 2962 1430 Leubildus
2987 1368 3315 1440 insequens,
3347 1369 3402 1418 et
3429 1359 3543 1417 vel-

1843 1467 1967 1525 lens
1987 1467 2260 1534 occidere,
2287 1465 2513 1522 tandem
2539 1462 2664 1534 ejus
2683 1461 3040 1517 insecutione
3071 1452 3226 1510 ﬁlius
3255 1457 3337 1507 est
3368 1447 3544 1505 inter-

1841 1555 2041 1624 fectus,
2074 1572 2171 1627 per
2188 1569 2360 1627 quem
2388 1552 2516 1609 data
2541 1558 2624 1608 est
2648 1549 2886 1607 occasio.
2907 1545 3052 1602 'Post
3077 1547 3321 1600 mortem
3350 1539 3545 1598 Mirio-

1843 1642 1933 1700 nis
1963 1643 2109 1714 regis
2139 1640 2417 1709 Galliciaa,
2444 1639 2562 1696 ﬁlio
2592 1637 2716 1709 ejus
2740 1633 2948 1692 Eurico
2972 1641 3027 1690 et
3052 1647 3280 1702 genero,
3304 1628 3542 1688 nomine

1843 1731 2180 1803 Audegane,
2211 1729 2279 1786 de
2308 1743 2484 1800 regno
2513 1723 2886 1789 certantibus,
2913 1737 2945 1779 a
2977 1718 3258 1778 Leubildo
3285 1716 3463 1776 Suevi
3489 1721 3546 1775 et

1780 1835 2041 1909 Bomnes
2069 1818 2361 1877 Gallicimj
2395 1813 3026 1909 potestatiAGo-tthorum
3055 1807 3468 1909 subjiciuntur.

1921 1916 2058 1973 581
2100 1907 2406 1966 LXXXIV.
2438 1906 2620 1979 Igitur
2655 1900 3013 1974 Chilperieus
3043 1904 3156 1956 tres
3188 1897 3340 1956 ﬁlios
3383 1911 3541 1967 suos,

1835 2002 1956 2076 jam
2002 1999 2250 2069 adultos,
2302 1998 2374 2055 ab
2436 1995 2772 2054 inﬁrmitate
2829 1988 3173 2065 dysenteriae
3219 2002 3339 2045 uno
3387 2000 3544 2044 anno

1843 2092 2112 2165 perdidit,
2165 2106 2311 2163 quos
2353 2089 2423 2146 de
2472 2084 2848 2157 Fredegunde
2883 2083 2911 2121 ι
2949 2080 3193 2139 habebat
3233 2081 3384 2151 (Cap.
3426 2078 3538 2146 35).

1843 2183 2144 2241 Restiterat
2165 2182 2354 2238 adhuc
2381 2179 2744 2236 Cbloloveus
2771 2174 2931 2232 ﬁlius
2959 2173 3108 2244 ejus,
3129 2185 3302 2243 quem
3325 2174 3537 2242 postea,

1852 2268 2166 2343 instigante
2211 2263 2606 2336 Fredegunde,
2653 2263 2914 2319 vinctum
2957 2258 3018 2315 in
3074 2252 3396 2314 custodiam
3445 2271 3539 2312 re-

1845 2361 2030 2430 trusit,
2068 2359 2264 2433 ibique
2309 2356 2551 2414 factione
2582 2350 2980 2425 Fredegunda:
3021 2347 3207 2406 cultro
3232 2357 3542 2420 percussus

1842 2450 1987 2509 Obiit
2015 2453 2170 2520 (Cap.
2202 2447 2312 2515 40).

1918 2537 2194 2597 LXXXV.
2259 2536 2390 2594 Post
2432 2534 2565 2591 haec
2624 2529 2980 2590 Mummolus
3031 2525 3306 2600 patricius
3364 2540 3541 2599 regno

1845 2626 2194 2688 Guntramni
2239 2626 2373 2697 fuga
2427 2621 2705 2679 dilabitur
2749 2635 2761 2670 ε
2812 2615 3256 2675 Avennioneml
3295 2621 3547 2672 castrum

1845 2735 1967 2777 suae
2000 2715 2323 2775 defensioni
2353 2713 2593 2786 expetiit
2621 2712 2758 2780 (Lib.
2792 2720 2874 2778 VI,
2913 2726 3031 2780 cap.
3067 2707 3139 2777 1).
3168 2705 3364 2777 Legati
3397 2703 3549 2762 Chil-

1845 2806 2044 2881 perici,
2091 2804 2192 2878 qui
2247 2802 2317 2860 ad
2365 2800 2667 2859 Tiberium
2713 2798 3119 2871 imperatorem
3169 2797 3543 2855 accesserant.

1845 2894 1916 2951 ab
1943 2894 2139 2950 eodem
2172 2891 2273 2948 illo
2307 2897 2557 2964 tempore
2587 2893 2957 2947 revertuntur
2979 2885 3123 2958 [Al.,
3153 2886 3541 2947 removentur]

1847 2985 2122 3043 continuo
2151 2985 2300 3053 (Cap.
2334 2981 2411 3051 ‘2).

1919 3072 2224 3132 LXXXVI.
2274 3070 2693 3138 Childebertus,
2747 3065 2945 3124 relicta
2998 3061 3347 3124 Guntramni
3389 3077 3546 3135 pace,

1848 3185 1907 3225 se
1941 3184 2074 3224 cum
2104 3163 2443 3237 Chilperico,
2484 3169 2546 3218 ut
2572 3173 2816 3227 regnum
2840 3157 2966 3231 ejus
2997 3154 3209 3229 pariter
3235 3153 3546 3221 auferrent,

1848 3255 2173 3329 conjunxit,
2216 3252 2552 3323 promittens
2599 3247 2976 3320 Chilpericns,
3032 3243 3174 3302 dum
3229 3242 3355 3300 sine
3413 3240 3548 3298 ﬁliis

59 3347 354 3417 liendens,
387 3348 593 3406 domus
648 3355 702 3405 et
763 3365 911 3407 areas
961 3361 982 3387 ε
1026 3365 1163 3407 cum
1198 3353 1447 3410 annonis
1496 3332 1764 3414 incendio
1849 3359 1968 3407 erat
2017 3357 2074 3406 ut
2103 3344 2534 3404 Childebertum
2565 3340 2726 3414 regni
2758 3338 2848 3398 sui
2877 3337 3229 3408 relinqueret
3259 3332 3549 3392 haeredem

54 3448 529 3510 concrementur,
583 3440 745 3500 nulla
781 3440 1154 3501 incitamenta
1196 3443 1410 3501 habens
1451 3445 1629 3517 ignis;
1665 3451 1764 3507 sed
1851 3444 2004 3511 (δίψα
2075 3438 2117 3505 1,
2178 3436 2252 3503 3)-
2321 3434 2428 3492 Sed
2489 3449 2644 3491 more
2705 3429 2872 3488 δοίίίῡ
2943 3426 3193 3517 mendax
3225 3423 3548 3517 _3P93_WI_L

58 3529 310 3589 forsitan
342 3530 530 3604 jussio
567 3530 763 3589 divina
802 3531 930 3589 fuit.
975 3531 1290 3590 Aureliana
1327 3512 1528 3593 civitas
1555 3512 1766 3598 abhoc
1850 3530 2049 3601 LUPUS
2098 3526 2221 3583 dux
2269 3521 2680 3595 CampancnSiS
2733 3517 2806 3576 ab
2854 3516 3097 3575 ΠΓδίοηθ
3138 3523 3192 3575 θῐ
3221 3512 3551 3572 Βοῖίθῗτθάο

54 3618 341 3679 incendio
372 3625 588 3676 vastata
615 3628 700 3679 est
728 3623 879 3694 (Cap.
924 3621 1033 3690 35).
1070 3622 1238 3696 Apud
1288 3624 1601 3683 terminum
1633 3628 1771 3685 Car-

54 3716 350 3768 notenum
396 3707 468 3765 de
517 3709 748 3768 etfracto
788 3725 933 3784 pane
989 3712 1226 3780 sanguis
1280 3712 1468 3769 ﬁnxit.
1507 3713 1616 3771 Sed
1649 3717 1771 3773 haec

51 3799 328 3873 prodigia
357 3799 701 3872 gravissima
744 3801 867 3860 lues
904 3808 989 3860 est
1039 3803 1362 3873 subsecuta,
1397 3811 1451 3862 et
1483 3805 1769 3864 discordia

51 3907 289 3965 regum.
307 3891 523 3950 Iterum
540 3893 758 3952 bellum
775 3894 946 3952 civile
962 3895 1314 3968 parantibus,
1330 3896 1506 3969 dysen
1520 3896 1766 3954 tericus‘1

51 3979 306 4037 morbus
347 3986 490 4037 totas
518 3979 733 4039 Gallias
767 3986 1206 4056 praeoccupavit.
1260 3982 1366 4040 His
1413 3983 1622 4042 diebus
1648 3987 1768 4043 Au-

50 4067 389 4126 strechildis
419 4066 766 4126 Guntramni
798 4069 1071 4143 principis
1108 4072 1304 4142 regina
1329 4072 1402 4128 ab
1427 4073 1535 4130 hoc
1565 4076 1766 4133 morbo

51 4163 406 4231 consumpta
432 4163 536 4227 est,
570 4159 820 4217 medicos
846 4159 914 4216 ad
957 4159 1386 4218 Guntramnum
1414 4178 1689 4221 accusans
1719 4177 1761 4235 ο,

46 4248 230 4320 jussu
275 4247 625 4304 Guntramni
677 4248 885 4305 medici
921 4247 1164 4306 diversis
1201 4249 1389 4321 poenis
1423 4250 1606 4308 aﬁ'ecti
1653 4253 1768 4310 mi—

53 4347 233 4414 grant
259 4356 293 4397 a
317 4340 529 4400 saeculo
567 4343 719 4414 (Cap.
762 4340 871 4400 36".
907 4341 985 4401 Eo
1010 4358 1164 4400 anno
1199 4357 1403 4416 magna
1434 4343 1494 4401 in
1539 4345 1770 4417 Spaniis

58 4432 528 4490 Christianorum
561 4432 878 4505 persecutio
927 4434 1037 4490 fuit
1078 4432 1386 4506 instigante
1427 4434 1769 4506 Goaesinda,

57 4536 244 4596 quam
279 4530 408 4595 post
437 4521 889 4595 Athanagildum
919 4538 1112 4594 regem
1141 4539 1243 4580 rex
1277 4521 1596 4582 Leubildus
1627 4525 1646 4560 τ
1673 4541 1771 4583 ac-

121 4687 144 4706 ι
189 4673 410 4724 Nouem
468 4677 634 4726 evasit
680 4688 747 4727 ex
780 4675 964 4735 Greg..
1016 4675 1105 4738 qui
1149 4677 1215 4726 de
1242 4688 1306 4726 eo
1354 4677 1417 4726 ad
1442 4689 1534 4727 an.
1579 4677 1686 4733 580,
1725 4669 1776 4728 ei

60 4752 188 4811 ejus
217 4752 441 4795 mortem
475 4745 640 4797 refert
673 4751 735 4797 ad
761 4761 848 4797 an.
881 4749 909 4795 9
935 4745 1281 4805 Chillteberti,
1311 4747 1399 4798 lib.
1428 4762 1501 4804 γι,
1531 4760 1575 4800 c.
1602 4749 1680 4798 28.

127 4819 152 4847 "
187 4815 317 4868 Can.
363 4823 414 4866 et
457 4817 678 4875 Cliesn”
738 4819 958 4882 ejusque
1016 4817 1195 4882 ﬁlium
1248 4833 1352 4869 tua
1401 4819 1543 4883 ﬁtiz.
1592 4819 1774 4880 Freb.,

63 4891 298 4953 ejusque
321 4887 434 4946 ﬁlio
469 4902 564 4938 suo
613 4890 787 4952 ﬁliam
820 4903 998 4941 sitam.
1038 4890 1342 4948 Legendum
1390 4901 1442 4940 ut
1473 4892 1615 4954 apud
1647 4890 1778 4941 Gre-

61 4973 214 5024 gor..
238 4963 460 5023 ejusqu
481 4960 674 5022 ﬁliam,
705 4975 799 5012 suo
830 4961 942 5025 ﬁtto
966 4963 1255 5022 expeteret.

131 5042 150 5061 τ
188 5030 343 5089 Can.,
386 5030 602 5083 horrea.
652 5033 848 5084 Cbesu.
889 5039 940 5084 et
1009 5031 1245 5092 Freher.,
1302 5035 1420 5083 orto
1463 5031 1782 5095 ﬂammatus

66 5104 338 5156 multos...
392 5108 440 5154 et
494 5116 652 5154 areas
705 5118 830 5156 cum
877 5105 1110 5155 annonis
1135 5104 1450 5155 incendium
1485 5117 1783 5156 concrema-

65 5178 173 5228 m‘t.
216 5175 360 5234 Boh.,
385 5175 569 5226 domos
592 5179 643 5228 et
672 5175 837 5235 arvis,
867 5177 1121 5228 inccndio
1150 5179 1588 5227 concrementur.

130 5247 154 5277 ⁴
193 5245 336 5296 Clar.
362 5251 415 5296 et
445 5247 597 5302 (Jan,
627 5246 1000 5304 besenterz’cus,
1032 5253 1084 5297 et
1113 5260 1191 5298 διο
1219 5247 1373 5297 intra.

130 5347 150 5366 ο
182 5317 386 5368 Chesn.
448 5317 668 5368 medicis
717 5320 789 5368 ad
850 5315 1260 5370 Guntramnum
1307 5318 1588 5368 accusatis.
1631 5321 1730 5367 (m-
1770 5356 1778 5370 ,

65 5380 342 5432 medici...
395 5380 652 5430 accusati.
699 5379 826 5430 Can.
879 5387 932 5430 et
983 5380 1144 5432 Freli.
1212 5382 1426 5430 laudant
1477 5382 1630 5427 aliam
1708 5385 1778 5422 t--

62 5450 317 5496 ctionem
385 5446 490 5496 ubi.
559 5443 795 5494 medicus
840 5439 1175 5495 Guntramni
1225 5440 1557 5494 Christianos
1611 5443 1664 5489 ’ίιθ
1695 5443 1784 5487 [ως--

67 5517 360 5615 cacumina,
389 5505 562 5567 jussu,
599 5518 703 5558 etc.
761 5506 892 5556 Edtti
924 5518 1116 5557 Omnes
1149 5512 1286 5555 intra
1311 5509 1509 5556 habent
1545 5503 1783 5566 migra/tt

68 5583 98 5615 a
178 5579 378 5615 casum
1468 5612 1472 5615 .

68 5572 144 5619 ad
178 5572 378 5619 catum
1468 5612 1472 5615 .

135 5642 154 5679 ι
195 5640 282 5688 Sic
318 5649 538 5695 semper
574 5636 716 5690 Clar.
761 5640 874 5699 Alit,
941 5637 1240 5694 Leuvitdus.
1293 5636 1589 5700 Leupi‘tdus.
1630 5635 1786 5700 Idem

67 5712 157 5758 est
211 5701 304 5764 qui
349 5700 488 5768 a-ias
510 5698 876 5768 "Leuvieldus,
909 5716 1041 5768 seu__
1065 5698 1427 5768 Lenvigilttus,
1464 5698 1783 5768 appellatur.

65 5771 155 5835 sic
179 5762 256 5826 εἰ
287 5763 444 5835 “ejus
503 5762 650 5835 ﬁlius
695 5769 826 5835 aliis
866 5769 951 5817 est
997 5762 1428 5822 Ermenchitdus,
1482 5766 1537 5813 ut
1585 5762 1784 5825 saepius

65 5831 238 5890 intra,
275 5826 742 5890 Hermenegitttus,
778 5831 884 5881 etc.

1851 3619 1924 3676 ab
1972 3617 2228 3675 exercitu
2283 3612 2674 3672 internecione
2724 3607 3134 3683 persequitur;
3189 3607 3286 3664 sed
3326 3605 3553 3664 Brune-

1851 3708 2042 3767 childe
2079 3704 2459 3763 intercedente
2499 3701 2799 3769 liberatur,
2837 3695 3293 3771 praesidiumque
3345 3695 3472 3772 ejus
3518 3709 3553 3752 a

1853 3813 2022 3871 supra
2056 3797 2280 3868 SCl‘ipt'S
2305 3792 2581 3850 tralatum
2609 3796 2694 3847 est
2722 3791 2871 3862 (Cap.
2903 3786 2958 3856 4)
2991 3798 3049 3844 ω.

1925 3885 2263 3944 LXXXVII.
2307 3883 2441 3942 Fuit
2494 3879 2594 3938 illo
2629 3885 2883 3952 tempore
2923 3875 3219 3934 reclausus
3246 3872 3554 3948 Hospicius

1852 3979 2003 4054 apud
2034 3979 2336 4036 Nicensem
2355 3975 2580 4042 urbem,
2611 3970 2712 4045 qui
2737 3970 3085 4029 constrictus
3109 3968 3324 4026 catenis
3351 3968 3424 4025 ad
3451 3983 3558 4041 pu-

1827 4087 1984 4129 Irum
2009 4084 2216 4141 corpus
2236 4065 2455 4132 ferreis,
2501 4064 2746 4135 desuper
2781 4061 2986 4130 cilicio,
3010 4059 3157 4116 nihil
3189 4057 3347 4115 aliud
3379 4074 3556 4130 quam

1853 4175 2066 4235 purum
2095 4171 2301 4229 panem
2329 4163 2383 4210 et
2410 4167 2622 4225 paucos
2661 4150 2917 4222 dactylos
2939 4146 3288 4235 comedebat,
3320 4146 3382 4202 in
3407 4146 3558 4213 Qua-

1853 4233 2173 4318 dragesima
2196 4241 2411 4299 radices
2428 4238 2740 4296 herbarum
2759 4239 2913 4307 (Cap.
2936 4235 3010 4302 6).
3027 4234 3136 4303 Qui
3159 4233 3300 4290 dum
3323 4247 3558 4289 corner.

1854 4318 2072 4397 saretnz'
2106 4336 2157 4392 En
2193 4347 2445 4405 corpore,
2479 4329 2679 4388 multm
2717 4329 2982 4394 virtutes,
3014 4332 3322 4398 praestante
3364 4323 3556 4381 Domi-

1854 4445 1951 4497 no,
1984 4445 2079 4492 (261'
2115 4422 2380 4482 eumdem
2413 4427 2657 4479 ostensa:
2685 4424 2822 4477 sunt
2849 4419 3004 4489 (Cap.
3047 4414 3156 4483 t2).
3195 4411 3555 4487 Chilpericus

1857 4517 2217 4577 Desiderium
2255 4514 2462 4573 ducem
2483 4512 2553 4570 ad
2574 4507 3008 4585 pervadendum
3043 4506 3481 4579 Petrocoregum
3502 4509 3558 4563 et

1920 4690 1944 4725 ε
1980 4680 2062 4728 Sic
2112 4688 2242 4726 mss.
2303 4677 2361 4723 et
2411 4671 2556 4730 editi,
2605 4670 2752 4721 unde
2798 4671 3024 4733 apparet
3082 4666 3182 4719 has
3241 4677 3415 4733 voces
3454 4663 3559 4733 sed

1861 4741 2127 4803 [agundis
2183 4753 2252 4792 ex
2301 4736 2465 4799 Greg.
2525 4728 2591 4785 ab
2644 4728 2998 4796 epitonia'tore
3057 4743 3157 4792 pro
3212 4728 3560 4781 unicafuisse

1859 4806 2184 4864 assumptas.

1923 4874 2172 4924 tlCliesn.
2232 4875 2286 4926 et
2352 4868 2537 4930 Freh.,

1859 4960 1975 4998 una
1997 4946 2236 4997 civitate.

1924 5019 1935 5047 ί
1970 5018 2052 5068 Sic
2083 5017 2213 5067 Can.
2241 5015 2333 5066 Alii
2359 5023 2511 5072 vero,
2545 5009 2751 5062 cultum
2771 5003 3100 5067 baptizatus,
3132 5001 3369 5072 effectus.

1925 5089 2048 5139 JCh
2083 5101 2168 5138 sn.
2220 5089 2271 5138 et
2326 5069 2744 5140 Can.,rSuavi¢e
2787 5080 2856 5128 et.
2930 5073 3109 5134 Freh.,
3171 5069 3405 5124 Gattitt'i.
3466 5071 3562 5124 No-

1865 5162 1977 5211 stra
2040 5159 2216 5218 lectio,
2280 5155 2511 5206 Clarom.
2582 5149 2814 5210 melior.,
2872 5145 3079 5218 indicat
3122 5144 3328 5218 quippe
3354 5145 3562 5218 Suevos

1867 5234 1920 5280 et
1998 5214 2276 5280 Galliciam
2348 5235 2561 5275 omnem
2623 5230 2784 5283 «piam
2857 5214 3213 5280 occupabant,
3301 5216 3558 5278 deinceps

1869 5299 2174 5362 Lenv:giltto
2200 5297 2619 5362 obtemperasse.

1930 5373 1952 5403 ι
1989 5358 2243 5422 observat
2293 5365 2552 5422 Valesius,
2607 5361 2762 5430 librq_
2797 5373 2855 5430 x,_
2897 5360 3286 5430 Fredegarium
3329 5358 3562 5430 .bicmer-

1869 5417 2206 5495 fassi—qni
2232 5430 2451 5480 scripsit
2483 5417 2592 5477 tres
2619 5439 2682 5495 ex
2722 5417 3394 5495 FredegundchhllrsriF‘
3424 5417 3565 5495 IIIIS?

1867 5484 1975 5560 jam
2030 5484 2250 5546 'attiiltos
2280 5504 2406 5560 _nno
2453 5502 2612 5560 anno
2648 5484 2958 5554 dysenteria
2989 5484 3563 5560 οῐῄὶεεΔρᾈρρρ--ςιῐξξφ

1872 5542 2212 5610 ἓδᾘὶῐηῂῐηδίῒό
2264 5555 2651 5605 deesset-unt:
2688 5542 2851 5602 'u'nus
2897 5547 3105 5602 exactis
3151 5542 3322 5610 tribus
3355 5542 3556 5610 lustris,

1870 5602 2207 5673 aii'é'FV'éi-o'
2270 5602 2454 5668 idfatis;
2504 5616 2682 5666 statim
2754 5615 2879 5676 post
2947 5613 3225 5680 acceptum
3280 5602 3563 5666 baptisma,

1870 5697 1934 5735 ex
1962 5684 2265 5732 Fmtnnato.
2727 5688 2730 5690 ‘

1933 5754 1944 5784 ι
1979 5755 2060 5804 Sic
2087 5752 2229 5802 Clar.
2258 5754 2307 5801 et
2345 5749 2464 5800 Bob.
2494 5747 2646 5809 Editi,
2671 5746 2954 5802 mendose,
2981 5736 3357 5809 Avencionem.

1929 5834 1960 5855 ιι·
1991 5822 2132 5876 Clar.
2148 5828 2201 5876 et
2221 5821 2371 5884 Can.,
2389 5830 2608 5883 usupra
2633 5815 2851 5882 scripti:
2881 5814 3084 5869 tutatus
3104 5813 3198 5871 est,
3222 5808 3290 5864 al.
3308 5809 3567 5864 scatatus.

2603 4867 2666 4918 in
2717 4877 2889 4916 unam
2943 4863 3244 4915 civitatem.
3288 4862 3435 4921 Can.,
3498 4860 3559 4912 in
