  <div class='ocr_page' id='page_1' title='image "/cluster/home/n/w/nwhite01/storage/ocr_20150623/71/hvd.32044054758743/309.png"; bbox 0 0 3982 6346; ppageno 0'>
   <div class='ocr_carea' id='block_1_1' title="bbox 421 380 3923 459">
    <p class='ocr_par' dir='ltr' id='par_1_1' title="bbox 421 380 3923 459">
     <span class='ocr_line' id='line_1_1' title="bbox 421 380 3923 459; baseline -0.006 -2"><span class='ocrx_word' id='word_1_1' title='bbox 421 398 527 459; x_wconf 84' lang='grc'>603</span> <span class='ocrx_word' id='word_1_2' title='bbox 919 394 979 454; x_wconf 90' lang='lat' dir='ltr'>S.</span> <span class='ocrx_word' id='word_1_3' title='bbox 1021 394 1379 454; x_wconf 82' lang='lat' dir='ltr'>GBEGORII</span> <span class='ocrx_word' id='word_1_4' title='bbox 1418 395 1751 455; x_wconf 88' lang='lat' dir='ltr'>EPISCOPI</span> <span class='ocrx_word' id='word_1_5' title='bbox 1791 390 2267 455; x_wconf 77' lang='lat' dir='ltr'>TUBONENSIS</span> <span class='ocrx_word' id='word_1_6' title='bbox 2306 388 2603 449; x_wconf 80' lang='lat' dir='ltr'>HISTOR.</span> <span class='ocrx_word' id='word_1_7' title='bbox 2644 387 2912 446; x_wconf 79' lang='lat' dir='ltr'>FBANC.</span> <span class='ocrx_word' id='word_1_8' title='bbox 2954 382 3409 444; x_wconf 82' lang='lat' dir='ltr'>EPITOMATA.</span> <span class='ocrx_word' id='word_1_9' title='bbox 3807 380 3923 438; x_wconf 67' lang='grc'>604</span> 
     </span>
    </p>
   </div>
   <div class='ocr_carea' id='block_1_2' title="bbox 420 502 3927 596">
    <p class='ocr_par' dir='ltr' id='par_1_2' title="bbox 420 502 3927 596">
     <span class='ocr_line' id='line_1_2' title="bbox 420 502 3927 596; baseline -0.007 -15"><span class='ocrx_word' id='word_1_10' title='bbox 420 522 731 596; x_wconf 82' lang='lat' dir='ltr'>Agerinum</span> <span class='ocrx_word' id='word_1_11' title='bbox 757 532 891 577; x_wconf 92' lang='lat' dir='ltr'>cum</span> <span class='ocrx_word' id='word_1_12' title='bbox 913 518 1171 577; x_wconf 88' lang='lat' dir='ltr'>exercitu</span> <span class='ocrx_word' id='word_1_13' title='bbox 1194 518 1412 592; x_wconf 85' lang='lat' dir='ltr'>dirigit;</span> <span class='ocrx_word' id='word_1_14' title='bbox 1427 520 1551 594; x_wconf 90' lang='lat' dir='ltr'>qui,</span> <span class='ocrx_word' id='word_1_15' title='bbox 1576 519 1769 590; x_wconf 84' lang='lat' dir='ltr'>fugato</span> <span class='ocrx_word' id='word_1_16' title='bbox 1790 516 2122 592; x_wconf 83' lang='lat' dir='ltr'>Bagnoaldo</span> <span class='ocrx_word' id='word_1_17' title='bbox 2139 519 2190 578; x_wconf 88' lang='lat' dir='ltr'><strong>A</strong></span> <span class='ocrx_word' id='word_1_18' title='bbox 2208 512 2451 587; x_wconf 89' lang='lat' dir='ltr'>peratori</span> <span class='ocrx_word' id='word_1_19' title='bbox 2480 511 2695 570; x_wconf 82' lang='lat' dir='ltr'>direxit</span> <span class='ocrx_word' id='word_1_20' title='bbox 2725 512 2878 582; x_wconf 90' lang='lat' dir='ltr'>(Cap.</span> <span class='ocrx_word' id='word_1_21' title='bbox 2924 506 3034 580; x_wconf 97' lang='lat'>26).</span> <span class='ocrx_word' id='word_1_22' title='bbox 3067 508 3213 565; x_wconf 91' lang='lat' dir='ltr'>Cum</span> <span class='ocrx_word' id='word_1_23' title='bbox 3242 503 3457 562; x_wconf 81' lang='lat' dir='ltr'>exinde</span> <span class='ocrx_word' id='word_1_24' title='bbox 3484 502 3687 596; x_wconf 82' lang='lat' dir='ltr'>fuisset</span> <span class='ocrx_word' id='word_1_25' title='bbox 3714 514 3927 596; x_wconf 65' lang='lat' dir='ltr'>rever.</span> 
     </span>
    </p>
   </div>
   <div class='ocr_carea' id='block_1_3' title="bbox 422 593 3921 685">
    <p class='ocr_par' dir='ltr' id='par_1_3' title="bbox 422 593 3921 685">
     <span class='ocr_line' id='line_1_3' title="bbox 422 593 3921 685; baseline -0.006 -16"><span class='ocrx_word' id='word_1_26' title='bbox 422 593 586 679; x_wconf 81' lang='lat' dir='ltr'>duce,</span> <span class='ocrx_word' id='word_1_27' title='bbox 616 610 718 667; x_wconf 90' lang='lat' dir='ltr'>has</span> <span class='ocrx_word' id='word_1_28' title='bbox 747 610 1006 668; x_wconf 82' lang='lat' dir='ltr'>civitates</span> <span class='ocrx_word' id='word_1_29' title='bbox 1042 610 1310 681; x_wconf 60' lang='lat' dir='ltr'>pervasit,</span> <span class='ocrx_word' id='word_1_30' title='bbox 1346 593 1584 685; x_wconf 87' lang='lat' dir='ltr'>ejusque</span> <span class='ocrx_word' id='word_1_31' title='bbox 1617 626 1861 667; x_wconf 83' lang='lat' dir='ltr'>uxorem</span> <span class='ocrx_word' id='word_1_32' title='bbox 1895 609 2120 667; x_wconf 91' lang='lat' dir='ltr'>cunctis</span> <span class='ocrx_word' id='word_1_33' title='bbox 2205 616 2371 673; x_wconf 84' lang='lat' dir='ltr'>sus,a</span> <span class='ocrx_word' id='word_1_34' title='bbox 2405 602 2721 661; x_wconf 86' lang='lat' dir='ltr'>Mummolo</span> <span class='ocrx_word' id='word_1_35' title='bbox 2749 600 2988 673; x_wconf 87' lang='lat' dir='ltr'>patricio</span> <span class='ocrx_word' id='word_1_36' title='bbox 3014 599 3121 657; x_wconf 89' lang='lat' dir='ltr'>fuit</span> <span class='ocrx_word' id='word_1_37' title='bbox 3155 604 3454 671; x_wconf 90' lang='lat' dir='ltr'>susceptus</span> <span class='ocrx_word' id='word_1_38' title='bbox 3486 594 3734 651; x_wconf 78' lang='lat' dir='ltr'>factione</span> <span class='ocrx_word' id='word_1_39' title='bbox 3767 593 3921 665; x_wconf 77' lang='lat' dir='ltr'>Sya-</span> 
     </span>
    </p>
   </div>
   <div class='ocr_carea' id='block_1_4' title="bbox 414 685 3925 774">
    <p class='ocr_par' dir='ltr' id='par_1_4' title="bbox 414 685 3925 774">
     <span class='ocr_line' id='line_1_4' title="bbox 414 685 3925 774; baseline -0.006 -15"><span class='ocrx_word' id='word_1_40' title='bbox 414 700 588 759; x_wconf 90' lang='lat' dir='ltr'>rebus</span> <span class='ocrx_word' id='word_1_41' title='bbox 616 700 981 774; x_wconf 88' lang='lat' dir='ltr'>exspoliavit.</span> <span class='ocrx_word' id='word_1_42' title='bbox 1012 700 1353 758; x_wconf 58' lang='lat' dir='ltr'>BaudastistIl</span> <span class='ocrx_word' id='word_1_43' title='bbox 1386 701 1506 758; x_wconf 89' lang='lat' dir='ltr'>dux</span> <span class='ocrx_word' id='word_1_44' title='bbox 1533 700 1589 757; x_wconf 90' lang='lat' dir='ltr'>in</span> <span class='ocrx_word' id='word_1_45' title='bbox 1614 699 1928 759; x_wconf 83' lang='lat' dir='ltr'>VVasconia</span> <span class='ocrx_word' id='word_1_46' title='bbox 1955 699 2116 771; x_wconf 88' lang='lat' dir='ltr'>obiit,</span> <span class='ocrx_word' id='word_1_47' title='bbox 2204 694 2312 766; x_wconf 87' lang='lat' dir='ltr'>grii</span> <span class='ocrx_word' id='word_1_48' title='bbox 2352 701 2406 750; x_wconf 92' lang='lat' dir='ltr'>et</span> <span class='ocrx_word' id='word_1_49' title='bbox 2436 694 2621 750; x_wconf 85' lang='lat' dir='ltr'>Flavii</span> <span class='ocrx_word' id='word_1_50' title='bbox 2656 693 3054 765; x_wconf 91' lang='lat' dir='ltr'>episcoporum</span> <span class='ocrx_word' id='word_1_51' title='bbox 3085 700 3130 759; x_wconf 74' lang='grc' dir='ltr'>ε,</span> <span class='ocrx_word' id='word_1_52' title='bbox 3164 696 3226 747; x_wconf 91' lang='lat' dir='ltr'>ut</span> <span class='ocrx_word' id='word_1_53' title='bbox 3251 688 3679 745; x_wconf 90' lang='lat' dir='ltr'>Guntramnum</span> <span class='ocrx_word' id='word_1_54' title='bbox 3704 685 3925 756; x_wconf 79' lang='lat' dir='ltr'>degra-</span> 
     </span>
    </p>
   </div>
   <div class='ocr_carea' id='block_1_5' title="bbox 420 790 2010 864">
    <p class='ocr_par' dir='ltr' id='par_1_5' title="bbox 420 790 2010 864">
     <span class='ocr_line' id='line_1_5' title="bbox 420 790 2010 864; baseline -0.001 -18"><span class='ocrx_word' id='word_1_55' title='bbox 420 790 859 864; x_wconf 87' lang='lat' dir='ltr'>maximam&#39;que</span> <span class='ocrx_word' id='word_1_56' title='bbox 889 798 1105 861; x_wconf 88' lang='lat' dir='ltr'>partem</span> <span class='ocrx_word' id='word_1_57' title='bbox 1130 798 1415 847; x_wconf 75' lang='lat' dir='ltr'>exercrtus</span> <span class='ocrx_word' id='word_1_58' title='bbox 1446 791 1534 847; x_wconf 82' lang='lat' dir='ltr'>sui</span> <span class='ocrx_word' id='word_1_59' title='bbox 1579 790 1773 847; x_wconf 88' lang='lat' dir='ltr'>amisit</span> <span class='ocrx_word' id='word_1_60' title='bbox 1800 792 2010 857; x_wconf 79' lang='lat' dir='ltr'>(Ibid.).</span> 
     </span>
    </p>
   </div>
   <div class='ocr_carea' id='block_1_6' title="bbox 490 878 2121 954">
    <p class='ocr_par' dir='ltr' id='par_1_6' title="bbox 490 878 2121 954">
     <span class='ocr_line' id='line_1_6' title="bbox 490 878 2121 954; baseline -0.002 -16"><span class='ocrx_word' id='word_1_61' title='bbox 490 882 662 938; x_wconf 83' lang='lat' dir='ltr'>Anno</span> <span class='ocrx_word' id='word_1_62' title='bbox 708 882 884 951; x_wconf 79' lang='lat' dir='ltr'>igitur</span> <span class='ocrx_word' id='word_1_63' title='bbox 936 878 1177 951; x_wconf 88' lang='lat' dir='ltr'>septimo</span> <span class='ocrx_word' id='word_1_64' title='bbox 1230 879 1579 937; x_wconf 88' lang='lat' dir='ltr'>Cbildeberti</span> <span class='ocrx_word' id='word_1_65' title='bbox 1625 880 1795 952; x_wconf 80' lang='lat' dir='ltr'>regis,</span> <span class='ocrx_word' id='word_1_66' title='bbox 1850 881 1951 954; x_wconf 89' lang='lat' dir='ltr'>qui</span> <span class='ocrx_word' id='word_1_67' title='bbox 2001 884 2121 936; x_wconf 85' lang='lat' dir='ltr'>erat</span> 
     </span>
    </p>
   </div>
   <div class='ocr_carea' id='block_1_7' title="bbox 420 966 2121 1041">
    <p class='ocr_par' dir='ltr' id='par_1_7' title="bbox 420 966 2121 1041">
     <span class='ocr_line' id='line_1_7' title="bbox 420 966 2121 1041; baseline -0.002 -16"><span class='ocrx_word' id='word_1_68' title='bbox 420 966 729 1041; x_wconf 91' lang='lat' dir='ltr'>Cbilperici</span> <span class='ocrx_word' id='word_1_69' title='bbox 770 974 845 1023; x_wconf 71' lang='lat' dir='ltr'>et‘</span> <span class='ocrx_word' id='word_1_70' title='bbox 874 966 1220 1024; x_wconf 89' lang='lat' dir='ltr'>Guntramni</span> <span class='ocrx_word' id='word_1_71' title='bbox 1258 968 1575 1037; x_wconf 71' lang='lat' dir='ltr'>vigesnmus</span> <span class='ocrx_word' id='word_1_72' title='bbox 1622 983 1843 1039; x_wconf 86' lang='lat' dir='ltr'>primus</span> <span class='ocrx_word' id='word_1_73' title='bbox 1879 968 1919 1036; x_wconf 77' lang='lat'>&quot;,</span> <span class='ocrx_word' id='word_1_74' title='bbox 1957 966 2121 1023; x_wconf 85' lang='lat' dir='ltr'>stella</span> 
     </span>
    </p>
   </div>
   <div class='ocr_carea' id='block_1_8' title="bbox 419 1056 2115 1129">
    <p class='ocr_par' dir='ltr' id='par_1_8' title="bbox 419 1056 2115 1129">
     <span class='ocr_line' id='line_1_8' title="bbox 419 1056 2115 1129; baseline -0.002 -15"><span class='ocrx_word' id='word_1_75' title='bbox 419 1065 667 1115; x_wconf 86' lang='lat' dir='ltr'>cometes</span> <span class='ocrx_word' id='word_1_76' title='bbox 718 1058 982 1129; x_wconf 81' lang='lat' dir='ltr'>apparuit</span> <span class='ocrx_word' id='word_1_77' title='bbox 1035 1056 1093 1112; x_wconf 93' lang='lat' dir='ltr'>in</span> <span class='ocrx_word' id='word_1_78' title='bbox 1139 1056 1231 1113; x_wconf 93' lang='lat' dir='ltr'>die</span> <span class='ocrx_word' id='word_1_79' title='bbox 1273 1065 1485 1114; x_wconf 73' lang='lat' dir='ltr'>sanctae</span> <span class='ocrx_word' id='word_1_80' title='bbox 1529 1056 1760 1114; x_wconf 71' lang='lat' dir='ltr'>Paschze</span> <span class='ocrx_word' id='word_1_81' title='bbox 1809 1059 1959 1127; x_wconf 87' lang='lat' dir='ltr'>(Cap.</span> <span class='ocrx_word' id='word_1_82' title='bbox 2018 1056 2115 1126; x_wconf 74' lang='lat'>14).</span> 
     </span>
    </p>
   </div>
   <div class='ocr_carea' id='block_1_9' title="bbox 417 1145 2116 1218">
    <p class='ocr_par' dir='ltr' id='par_1_9' title="bbox 417 1145 2116 1218">
     <span class='ocr_line' id='line_1_9' title="bbox 417 1145 2116 1218; baseline -0.002 -15"><span class='ocrx_word' id='word_1_83' title='bbox 417 1146 586 1218; x_wconf 87' lang='lat' dir='ltr'>Apud</span> <span class='ocrx_word' id='word_1_84' title='bbox 619 1145 931 1203; x_wconf 90' lang='lat' dir='ltr'>Sexsionas</span> <span class='ocrx_word' id='word_1_85' title='bbox 957 1146 1250 1205; x_wconf 90' lang='lat' dir='ltr'>civitatem</span> <span class='ocrx_word' id='word_1_86' title='bbox 1289 1146 1501 1203; x_wconf 76' lang='lat' dir='ltr'>ctelum</span> <span class='ocrx_word' id='word_1_87' title='bbox 1541 1146 1739 1205; x_wconf 84' lang='lat' dir='ltr'>ardere</span> <span class='ocrx_word' id='word_1_88' title='bbox 1787 1146 1980 1203; x_wconf 88' lang='lat' dir='ltr'>visum</span> <span class='ocrx_word' id='word_1_89' title='bbox 2013 1151 2116 1201; x_wconf 87' lang='lat' dir='ltr'>est.</span> 
     </span>
    </p>
   </div>
   <div class='ocr_carea' id='block_1_10' title="bbox 419 1232 2119 1308">
    <p class='ocr_par' dir='ltr' id='par_1_10' title="bbox 419 1232 2119 1308">
     <span class='ocr_line' id='line_1_10' title="bbox 419 1232 2119 1308; baseline 0 -17"><span class='ocrx_word' id='word_1_90' title='bbox 419 1232 488 1291; x_wconf 88' lang='lat' dir='ltr'>In</span> <span class='ocrx_word' id='word_1_91' title='bbox 538 1233 821 1292; x_wconf 90' lang='lat' dir='ltr'>Parisiaco</span> <span class='ocrx_word' id='word_1_92' title='bbox 850 1250 986 1291; x_wconf 89' lang='lat' dir='ltr'>vero</span> <span class='ocrx_word' id='word_1_93' title='bbox 1019 1238 1256 1307; x_wconf 84' lang='lat' dir='ltr'>sanguis</span> <span class='ocrx_word' id='word_1_94' title='bbox 1291 1236 1481 1293; x_wconf 91' lang='lat' dir='ltr'>denuo</span> <span class='ocrx_word' id='word_1_95' title='bbox 1511 1235 1708 1308; x_wconf 89' lang='lat' dir='ltr'>ﬂuxit,</span> <span class='ocrx_word' id='word_1_96' title='bbox 1744 1242 1797 1293; x_wconf 94' lang='lat' dir='ltr'>et</span> <span class='ocrx_word' id='word_1_97' title='bbox 1827 1252 1998 1308; x_wconf 87' lang='lat' dir='ltr'>super</span> <span class='ocrx_word' id='word_1_98' title='bbox 2027 1252 2119 1292; x_wconf 84' lang='lat' dir='ltr'>ve-</span> 
     </span>
    </p>
   </div>
   <div class='ocr_carea' id='block_1_11' title="bbox 383 1327 2119 1393">
    <p class='ocr_par' dir='ltr' id='par_1_11' title="bbox 383 1327 2119 1393">
     <span class='ocr_line' id='line_1_11' title="bbox 383 1327 2119 1393; baseline 0.001 -8"><span class='ocrx_word' id='word_1_99' title='bbox 383 1352 387 1356; x_wconf 59' lang='grc' dir='ltr'>ι</span> <span class='ocrx_word' id='word_1_100' title='bbox 418 1327 689 1385; x_wconf 89' lang='lat' dir='ltr'>stimenta</span> <span class='ocrx_word' id='word_1_101' title='bbox 728 1327 1046 1386; x_wconf 91' lang='lat' dir='ltr'>multorum</span> <span class='ocrx_word' id='word_1_102' title='bbox 1076 1330 1383 1389; x_wconf 83' lang='lat' dir='ltr'>hominum</span> <span class='ocrx_word' id='word_1_103' title='bbox 1440 1335 1584 1393; x_wconf 86' lang='lat'>582</span> <span class='ocrx_word' id='word_1_104' title='bbox 1632 1329 1852 1387; x_wconf 86' lang='lat' dir='ltr'>cecidit.</span> <span class='ocrx_word' id='word_1_105' title='bbox 1888 1327 2119 1386; x_wconf 87' lang='lat' dir='ltr'>Valitu-</span> 
     </span>
    </p>
   </div>
   <div class='ocr_carea' id='block_1_12' title="bbox 422 1415 2119 1491">
    <p class='ocr_par' dir='ltr' id='par_1_12' title="bbox 422 1415 2119 1491">
     <span class='ocr_line' id='line_1_12' title="bbox 422 1415 2119 1491; baseline 0.001 -18"><span class='ocrx_word' id='word_1_106' title='bbox 422 1415 589 1474; x_wconf 89' lang='lat' dir='ltr'>dines</span> <span class='ocrx_word' id='word_1_107' title='bbox 617 1416 813 1485; x_wconf 67' lang='lat' dir='ltr'>varice,</span> <span class='ocrx_word' id='word_1_108' title='bbox 846 1424 902 1474; x_wconf 92' lang='lat' dir='ltr'>et</span> <span class='ocrx_word' id='word_1_109' title='bbox 930 1418 1249 1475; x_wconf 86' lang='lat' dir='ltr'>mortalitas</span> <span class='ocrx_word' id='word_1_110' title='bbox 1294 1435 1504 1491; x_wconf 88' lang='lat' dir='ltr'>magna</span> <span class='ocrx_word' id='word_1_111' title='bbox 1551 1434 1617 1477; x_wconf 91' lang='lat' dir='ltr'>eo</span> <span class='ocrx_word' id='word_1_112' title='bbox 1645 1434 1796 1476; x_wconf 88' lang='lat' dir='ltr'>anno</span> <span class='ocrx_word' id='word_1_113' title='bbox 1822 1417 1883 1475; x_wconf 89' lang='lat' dir='ltr'>in</span> <span class='ocrx_word' id='word_1_114' title='bbox 1909 1416 2119 1490; x_wconf 92' lang='lat' dir='ltr'>populo</span> 
     </span>
    </p>
   </div>
   <div class='ocr_carea' id='block_1_13' title="bbox 419 1505 2121 1580">
    <p class='ocr_par' dir='ltr' id='par_1_13' title="bbox 419 1505 2121 1580">
     <span class='ocr_line' id='line_1_13' title="bbox 419 1505 2121 1580; baseline -0.002 -15"><span class='ocrx_word' id='word_1_115' title='bbox 419 1506 531 1565; x_wconf 85' lang='lat' dir='ltr'>fuit</span> <span class='ocrx_word' id='word_1_116' title='bbox 581 1508 732 1578; x_wconf 87' lang='lat' dir='ltr'>(Cap.</span> <span class='ocrx_word' id='word_1_117' title='bbox 792 1506 896 1572; x_wconf 87' lang='grc'>18).</span> <span class='ocrx_word' id='word_1_118' title='bbox 954 1505 1138 1578; x_wconf 84' lang='lat' dir='ltr'>Igitur</span> <span class='ocrx_word' id='word_1_119' title='bbox 1196 1507 1365 1579; x_wconf 79' lang='lat' dir='ltr'>legati</span> <span class='ocrx_word' id='word_1_120' title='bbox 1410 1507 1736 1580; x_wconf 88' lang='lat' dir='ltr'>Cbilperici,</span> <span class='ocrx_word' id='word_1_121' title='bbox 1793 1506 2121 1564; x_wconf 89' lang='lat' dir='ltr'>Ansoaldus</span> 
     </span>
    </p>
   </div>
   <div class='ocr_carea' id='block_1_14' title="bbox 418 1595 2119 1670">
    <p class='ocr_par' dir='ltr' id='par_1_14' title="bbox 418 1595 2119 1670">
     <span class='ocr_line' id='line_1_14' title="bbox 418 1595 2119 1670; baseline -0.002 -16"><span class='ocrx_word' id='word_1_122' title='bbox 418 1601 476 1654; x_wconf 90' lang='lat' dir='ltr'>et</span> <span class='ocrx_word' id='word_1_123' title='bbox 528 1595 946 1669; x_wconf 88' lang='lat' dir='ltr'>Domegiselus,</span> <span class='ocrx_word' id='word_1_124' title='bbox 1020 1596 1119 1668; x_wconf 90' lang='lat' dir='ltr'>qui</span> <span class='ocrx_word' id='word_1_125' title='bbox 1172 1598 1244 1655; x_wconf 90' lang='lat' dir='ltr'>ad</span> <span class='ocrx_word' id='word_1_126' title='bbox 1296 1596 1758 1670; x_wconf 90' lang='lat' dir='ltr'>conspiciendam</span> <span class='ocrx_word' id='word_1_127' title='bbox 1811 1597 2003 1654; x_wconf 87' lang='lat' dir='ltr'>dotem</span> <span class='ocrx_word' id='word_1_128' title='bbox 2059 1596 2119 1652; x_wconf 89' lang='lat' dir='ltr'>in</span> 
     </span>
    </p>
   </div>
   <div class='ocr_carea' id='block_1_15' title="bbox 426 1685 2117 1759">
    <p class='ocr_par' dir='ltr' id='par_1_15' title="bbox 426 1685 2117 1759">
     <span class='ocr_line' id='line_1_15' title="bbox 426 1685 2117 1759; baseline -0.001 -14"><span class='ocrx_word' id='word_1_129' title='bbox 426 1685 700 1759; x_wconf 87' lang='lat' dir='ltr'>Spaniam</span> <span class='ocrx_word' id='word_1_130' title='bbox 761 1686 992 1745; x_wconf 85' lang='lat' dir='ltr'>fuerant</span> <span class='ocrx_word' id='word_1_131' title='bbox 1044 1686 1225 1756; x_wconf 88' lang='lat' dir='ltr'>missi,</span> <span class='ocrx_word' id='word_1_132' title='bbox 1280 1694 1416 1745; x_wconf 88' lang='lat' dir='ltr'>sunt</span> <span class='ocrx_word' id='word_1_133' title='bbox 1469 1688 1711 1758; x_wconf 87' lang='lat' dir='ltr'>regressi</span> <span class='ocrx_word' id='word_1_134' title='bbox 1757 1686 1849 1743; x_wconf 91' lang='lat' dir='ltr'>his</span> <span class='ocrx_word' id='word_1_135' title='bbox 1894 1686 2117 1745; x_wconf 92' lang='lat' dir='ltr'>diebus.</span> 
     </span>
    </p>
   </div>
   <div class='ocr_carea' id='block_1_16' title="bbox 422 1776 2121 1836">
    <p class='ocr_par' dir='ltr' id='par_1_16' title="bbox 422 1776 2121 1836">
     <span class='ocr_line' id='line_1_16' title="bbox 422 1776 2121 1836; baseline 0.001 -4"><span class='ocrx_word' id='word_1_136' title='bbox 422 1776 740 1835; x_wconf 89' lang='lat' dir='ltr'>Leubildus</span> <span class='ocrx_word' id='word_1_137' title='bbox 766 1793 869 1834; x_wconf 85' lang='lat' dir='ltr'>rex</span> <span class='ocrx_word' id='word_1_138' title='bbox 900 1784 1097 1836; x_wconf 90' lang='lat' dir='ltr'>contra</span> <span class='ocrx_word' id='word_1_139' title='bbox 1128 1776 1607 1835; x_wconf 89' lang='lat' dir='ltr'>Ermenchildum</span> <span class='ocrx_word' id='word_1_140' title='bbox 1641 1776 1829 1834; x_wconf 86' lang='lat' dir='ltr'>tilium</span> <span class='ocrx_word' id='word_1_141' title='bbox 1858 1791 2033 1834; x_wconf 92' lang='lat' dir='ltr'>suum</span> <span class='ocrx_word' id='word_1_142' title='bbox 2060 1776 2121 1833; x_wconf 89' lang='lat' dir='ltr'>in</span> 
     </span>
    </p>
   </div>
   <div class='ocr_carea' id='block_1_17' title="bbox 2203 774 3919 851">
    <p class='ocr_par' dir='ltr' id='par_1_17' title="bbox 2203 774 3919 851">
     <span class='ocr_line' id='line_1_17' title="bbox 2203 774 3919 851; baseline -0.005 -14"><span class='ocrx_word' id='word_1_143' title='bbox 2203 782 2405 839; x_wconf 84' lang='lat' dir='ltr'>darent</span> <span class='ocrx_word' id='word_1_144' title='bbox 2430 798 2461 837; x_wconf 91' lang='lat' dir='ltr'>a</span> <span class='ocrx_word' id='word_1_145' title='bbox 2489 797 2684 851; x_wconf 86' lang='lat' dir='ltr'>regno,</span> <span class='ocrx_word' id='word_1_146' title='bbox 2711 788 2766 837; x_wconf 91' lang='lat' dir='ltr'>et</span> <span class='ocrx_word' id='word_1_147' title='bbox 2792 780 3173 837; x_wconf 91' lang='lat' dir='ltr'>sublimarent</span> <span class='ocrx_word' id='word_1_148' title='bbox 3194 774 3603 836; x_wconf 76' lang='lat' dir='ltr'>Guntloaldum</span> <span class='ocrx_word' id='word_1_149' title='bbox 3634 774 3776 844; x_wconf 75' lang='lat' dir='ltr'>(Lib.</span> <span class='ocrx_word' id='word_1_150' title='bbox 3807 783 3919 841; x_wconf 75' lang='lat' dir='ltr'><strong>VII,</strong></span> 
     </span>
    </p>
   </div>
   <div class='ocr_carea' id='block_1_18' title="bbox 2204 863 3919 942">
    <p class='ocr_par' dir='ltr' id='par_1_18' title="bbox 2204 863 3919 942">
     <span class='ocr_line' id='line_1_18' title="bbox 2204 863 3919 942; baseline -0.005 -15"><span class='ocrx_word' id='word_1_151' title='bbox 2204 889 2323 942; x_wconf 85' lang='lat' dir='ltr'>cap.</span> <span class='ocrx_word' id='word_1_152' title='bbox 2382 869 2483 941; x_wconf 87' lang='lat'>36).</span> <span class='ocrx_word' id='word_1_153' title='bbox 2536 870 2619 927; x_wconf 91' lang='lat' dir='ltr'>Ob</span> <span class='ocrx_word' id='word_1_154' title='bbox 2672 871 2819 928; x_wconf 88' lang='lat' dir='ltr'>hanc</span> <span class='ocrx_word' id='word_1_155' title='bbox 2870 884 3101 927; x_wconf 89' lang='lat' dir='ltr'>causam</span> <span class='ocrx_word' id='word_1_156' title='bbox 3154 865 3509 924; x_wconf 85' lang='lat' dir='ltr'>Mummolus</span> <span class='ocrx_word' id='word_1_157' title='bbox 3568 863 3919 921; x_wconf 82' lang='lat' dir='ltr'>interfectus</span> 
     </span>
    </p>
   </div>
   <div class='ocr_carea' id='block_1_19' title="bbox 2201 954 3922 1019">
    <p class='ocr_par' dir='ltr' id='par_1_19' title="bbox 2201 954 3922 1019">
     <span class='ocr_line' id='line_1_19' title="bbox 2201 954 3922 1019; baseline -0.006 -2"><span class='ocrx_word' id='word_1_158' title='bbox 2201 969 2302 1017; x_wconf 84' lang='lat' dir='ltr'>est.</span> <span class='ocrx_word' id='word_1_159' title='bbox 2342 960 2724 1019; x_wconf 87' lang='lat' dir='ltr'>Gundoaldus</span> <span class='ocrx_word' id='word_1_160' title='bbox 2762 976 2794 1017; x_wconf 91' lang='lat' dir='ltr'>a</span> <span class='ocrx_word' id='word_1_161' title='bbox 2836 959 3059 1017; x_wconf 89' lang='lat' dir='ltr'>Bosone</span> <span class='ocrx_word' id='word_1_162' title='bbox 3092 958 3237 1014; x_wconf 85' lang='lat' dir='ltr'>duce</span> <span class='ocrx_word' id='word_1_163' title='bbox 3270 956 3514 1014; x_wconf 91' lang='lat' dir='ltr'>factione</span> <span class='ocrx_word' id='word_1_164' title='bbox 3532 954 3922 1012; x_wconf 85' lang='lat' dir='ltr'>Conbenuen-</span> 
     </span>
    </p>
   </div>
   <div class='ocr_carea' id='block_1_20' title="bbox 2201 1047 3919 1126">
    <p class='ocr_par' dir='ltr' id='par_1_20' title="bbox 2201 1047 3919 1126">
     <span class='ocr_line' id='line_1_20' title="bbox 2201 1047 3919 1126; baseline -0.005 -16"><span class='ocrx_word' id='word_1_165' title='bbox 2201 1054 2281 1111; x_wconf 91' lang='lat' dir='ltr'>sis</span> <span class='ocrx_word' id='word_1_166' title='bbox 2317 1056 2477 1113; x_wconf 87' lang='lat' dir='ltr'>urbis</span> <span class='ocrx_word' id='word_1_167' title='bbox 2514 1057 2585 1113; x_wconf 88' lang='lat' dir='ltr'>de</span> <span class='ocrx_word' id='word_1_168' title='bbox 2609 1056 2911 1112; x_wconf 82' lang='lat' dir='ltr'>cacumine</span> <span class='ocrx_word' id='word_1_169' title='bbox 2942 1052 3101 1126; x_wconf 89' lang='lat' dir='ltr'>rupis</span> <span class='ocrx_word' id='word_1_170' title='bbox 3137 1050 3511 1124; x_wconf 77' lang='lat' dir='ltr'>impingitur;</span> <span class='ocrx_word' id='word_1_171' title='bbox 3552 1048 3751 1121; x_wconf 81' lang='lat' dir='ltr'>ibique</span> <span class='ocrx_word' id='word_1_172' title='bbox 3787 1047 3919 1103; x_wconf 88' lang='lat' dir='ltr'>dis-</span> 
     </span>
    </p>
   </div>
   <div class='ocr_carea' id='block_1_21' title="bbox 2203 1136 3923 1217">
    <p class='ocr_par' dir='ltr' id='par_1_21' title="bbox 2203 1136 3923 1217">
     <span class='ocr_line' id='line_1_21' title="bbox 2203 1136 3923 1217; baseline -0.004 -17"><span class='ocrx_word' id='word_1_173' title='bbox 2203 1152 2407 1217; x_wconf 90' lang='lat' dir='ltr'>ruptus</span> <span class='ocrx_word' id='word_1_174' title='bbox 2456 1146 2701 1203; x_wconf 87' lang='lat' dir='ltr'>moritur</span> <span class='ocrx_word' id='word_1_175' title='bbox 2741 1147 2897 1215; x_wconf 92' lang='lat' dir='ltr'>(Cap.</span> <span class='ocrx_word' id='word_1_176' title='bbox 2942 1145 3049 1213; x_wconf 84' lang='lat'>38).</span> <span class='ocrx_word' id='word_1_177' title='bbox 3098 1141 3368 1208; x_wconf 88' lang='lat' dir='ltr'>Cariatto,</span> <span class='ocrx_word' id='word_1_178' title='bbox 3424 1136 3721 1213; x_wconf 63' lang='lat' dir='ltr'>spatarius~</span> <span class='ocrx_word' id='word_1_179' title='bbox 3753 1137 3923 1196; x_wconf 87' lang='lat' dir='ltr'>Gun-</span> 
     </span>
    </p>
   </div>
   <div class='ocr_carea' id='block_1_22' title="bbox 2203 1222 3963 1310">
    <p class='ocr_par' dir='ltr' id='par_1_22' title="bbox 2203 1222 3963 1310">
     <span class='ocr_line' id='line_1_22' title="bbox 2203 1222 3963 1310; baseline -0.004 -20"><span class='ocrx_word' id='word_1_180' title='bbox 2203 1236 2435 1305; x_wconf 89' lang='lat' dir='ltr'>tramni,</span> <span class='ocrx_word' id='word_1_181' title='bbox 2468 1236 2570 1310; x_wconf 92' lang='lat' dir='ltr'>qui</span> <span class='ocrx_word' id='word_1_182' title='bbox 2624 1238 2770 1293; x_wconf 90' lang='lat' dir='ltr'>hanc</span> <span class='ocrx_word' id='word_1_183' title='bbox 2818 1250 2937 1291; x_wconf 88' lang='lat' dir='ltr'>rem</span> <span class='ocrx_word' id='word_1_184' title='bbox 2972 1233 3242 1305; x_wconf 89' lang='lat' dir='ltr'>prodidit,</span> <span class='ocrx_word' id='word_1_185' title='bbox 3286 1232 3466 1304; x_wconf 83' lang='lat' dir='ltr'>hujus</span> <span class='ocrx_word' id='word_1_186' title='bbox 3506 1229 3920 1286; x_wconf 84' lang='lat' dir='ltr'>vicissitudine</span> <span class='ocrx_word' id='word_1_187' title='bbox 3960 1222 3963 1223; x_wconf 51' lang='grc'><strong><em>⁷</em></strong></span> 
     </span>
    </p>
   </div>
   <div class='ocr_carea' id='block_1_23' title="bbox 2202 1323 3914 1400">
    <p class='ocr_par' dir='ltr' id='par_1_23' title="bbox 2202 1323 3914 1400">
     <span class='ocr_line' id='line_1_23' title="bbox 2202 1323 3914 1400; baseline -0.004 -16"><span class='ocrx_word' id='word_1_188' title='bbox 2202 1327 2563 1400; x_wconf 86' lang='lat' dir='ltr'>repensionis</span> <span class='ocrx_word' id='word_1_189' title='bbox 2594 1326 2986 1399; x_wconf 86' lang='lat' dir='ltr'>episcopatum</span> <span class='ocrx_word' id='word_1_190' title='bbox 3015 1324 3458 1382; x_wconf 86' lang='lat' dir='ltr'>Gennavensem</span> <span class='ocrx_word' id='word_1_191' title='bbox 3500 1325 3521 1354; x_wconf 72' lang='grc' dir='ltr'>δ</span> <span class='ocrx_word' id='word_1_192' title='bbox 3570 1323 3914 1395; x_wconf 87' lang='lat' dir='ltr'>assumpsit.</span> 
     </span>
    </p>
   </div>
   <div class='ocr_carea' id='block_1_24' title="bbox 2282 1409 3917 1485">
    <p class='ocr_par' dir='ltr' id='par_1_24' title="bbox 2282 1409 3917 1485">
     <span class='ocr_line' id='line_1_24' title="bbox 2282 1409 3917 1485; baseline -0.007 -7"><span class='ocrx_word' id='word_1_193' title='bbox 2282 1421 2425 1478; x_wconf 85' lang='lat'>583</span> <span class='ocrx_word' id='word_1_194' title='bbox 2464 1415 2577 1473; x_wconf 88' lang='lat' dir='ltr'>XC.</span> <span class='ocrx_word' id='word_1_195' title='bbox 2608 1413 2710 1470; x_wconf 93' lang='lat' dir='ltr'>lllo</span> <span class='ocrx_word' id='word_1_196' title='bbox 2738 1422 2990 1485; x_wconf 90' lang='lat' dir='ltr'>tempore</span> <span class='ocrx_word' id='word_1_197' title='bbox 3016 1410 3377 1484; x_wconf 92' lang='lat' dir='ltr'>Chilpericus</span> <span class='ocrx_word' id='word_1_198' title='bbox 3407 1409 3680 1477; x_wconf 87' lang='lat' dir='ltr'>Parisius,</span> <span class='ocrx_word' id='word_1_199' title='bbox 3709 1418 3917 1467; x_wconf 89' lang='lat' dir='ltr'>contra</span> 
     </span>
    </p>
   </div>
   <div class='ocr_carea' id='block_1_25' title="bbox 2205 1498 3918 1576">
    <p class='ocr_par' dir='ltr' id='par_1_25' title="bbox 2205 1498 3918 1576">
     <span class='ocr_line' id='line_1_25' title="bbox 2205 1498 3918 1576; baseline -0.004 -16"><span class='ocrx_word' id='word_1_200' title='bbox 2205 1512 2433 1576; x_wconf 86' lang='lat' dir='ltr'>pactum</span> <span class='ocrx_word' id='word_1_201' title='bbox 2451 1503 2600 1576; x_wconf 92' lang='lat' dir='ltr'>quod</span> <span class='ocrx_word' id='word_1_202' title='bbox 2620 1519 2749 1560; x_wconf 90' lang='lat' dir='ltr'>cum</span> <span class='ocrx_word' id='word_1_203' title='bbox 2770 1500 3004 1559; x_wconf 88' lang='lat' dir='ltr'>Francis</span> <span class='ocrx_word' id='word_1_204' title='bbox 3024 1500 3254 1568; x_wconf 85' lang='lat' dir='ltr'>inierat,</span> <span class='ocrx_word' id='word_1_205' title='bbox 3276 1499 3618 1571; x_wconf 88' lang='lat' dir='ltr'>ingreditur,</span> <span class='ocrx_word' id='word_1_206' title='bbox 3642 1498 3718 1555; x_wconf 88' lang='lat' dir='ltr'>ob</span> <span class='ocrx_word' id='word_1_207' title='bbox 3732 1514 3918 1571; x_wconf 89' lang='lat' dir='ltr'>quam</span> 
     </span>
    </p>
   </div>
   <div class='ocr_carea' id='block_1_26' title="bbox 2205 1590 3917 1667">
    <p class='ocr_par' dir='ltr' id='par_1_26' title="bbox 2205 1590 3917 1667">
     <span class='ocr_line' id='line_1_26' title="bbox 2205 1590 3917 1667; baseline -0.004 -15"><span class='ocrx_word' id='word_1_208' title='bbox 2205 1610 2325 1652; x_wconf 89' lang='lat' dir='ltr'>rem</span> <span class='ocrx_word' id='word_1_209' title='bbox 2358 1595 2678 1667; x_wconf 91' lang='lat' dir='ltr'>portionem</span> <span class='ocrx_word' id='word_1_210' title='bbox 2704 1607 2869 1650; x_wconf 90' lang='lat' dir='ltr'>suam</span> <span class='ocrx_word' id='word_1_211' title='bbox 2896 1591 3112 1649; x_wconf 83' lang='lat' dir='ltr'>exinde</span> <span class='ocrx_word' id='word_1_212' title='bbox 3130 1591 3285 1664; x_wconf 70' lang='lat' dir='ltr'>juste</span> <span class='ocrx_word' id='word_1_213' title='bbox 3299 1590 3494 1647; x_wconf 91' lang='lat' dir='ltr'>amisit</span> <span class='ocrx_word' id='word_1_214' title='bbox 3515 1592 3655 1657; x_wconf 87' lang='lat' dir='ltr'>(Lib.</span> <span class='ocrx_word' id='word_1_215' title='bbox 3680 1601 3762 1651; x_wconf 83' lang='lat' dir='ltr'>v1.</span> <span class='ocrx_word' id='word_1_216' title='bbox 3788 1607 3917 1661; x_wconf 87' lang='lat' dir='ltr'>cap.</span> 
     </span>
    </p>
   </div>
   <div class='ocr_carea' id='block_1_27' title="bbox 2205 1680 3919 1759">
    <p class='ocr_par' dir='ltr' id='par_1_27' title="bbox 2205 1680 3919 1759">
     <span class='ocr_line' id='line_1_27' title="bbox 2205 1680 3919 1759; baseline -0.003 -18"><span class='ocrx_word' id='word_1_217' title='bbox 2205 1684 2315 1757; x_wconf 78' lang='lat'>27).</span> <span class='ocrx_word' id='word_1_218' title='bbox 2339 1687 2739 1744; x_wconf 84' lang='lat' dir='ltr'>Guntramnus</span> <span class='ocrx_word' id='word_1_219' title='bbox 2760 1686 2772 1723; x_wconf 85' lang='grc' dir='ltr'><strong>ί</strong></span> <span class='ocrx_word' id='word_1_220' title='bbox 2792 1690 3012 1759; x_wconf 87' lang='lat' dir='ltr'>partem</span> <span class='ocrx_word' id='word_1_221' title='bbox 3038 1682 3391 1741; x_wconf 83' lang='lat' dir='ltr'>Childeberti</span> <span class='ocrx_word' id='word_1_222' title='bbox 3413 1682 3483 1739; x_wconf 90' lang='lat' dir='ltr'>de</span> <span class='ocrx_word' id='word_1_223' title='bbox 3503 1680 3761 1737; x_wconf 83' lang='lat' dir='ltr'>Massilia</span> <span class='ocrx_word' id='word_1_224' title='bbox 3782 1680 3919 1737; x_wconf 87' lang='lat' dir='ltr'>red-</span> 
     </span>
    </p>
   </div>
   <div class='ocr_carea' id='block_1_28' title="bbox 2206 1770 3919 1847">
    <p class='ocr_par' dir='ltr' id='par_1_28' title="bbox 2206 1770 3919 1847">
     <span class='ocr_line' id='line_1_28' title="bbox 2206 1770 3919 1847; baseline -0.002 -15"><span class='ocrx_word' id='word_1_225' title='bbox 2206 1775 2348 1833; x_wconf 85' lang='lat' dir='ltr'>didit</span> <span class='ocrx_word' id='word_1_226' title='bbox 2383 1779 2536 1847; x_wconf 87' lang='lat' dir='ltr'>(Cap.</span> <span class='ocrx_word' id='word_1_227' title='bbox 2562 1776 2673 1843; x_wconf 89' lang='lat'>33).</span> <span class='ocrx_word' id='word_1_228' title='bbox 2698 1773 3083 1832; x_wconf 88' lang='lat' dir='ltr'>Mummolum</span> <span class='ocrx_word' id='word_1_229' title='bbox 3108 1773 3354 1830; x_wconf 85' lang='lat' dir='ltr'>factione</span> <span class='ocrx_word' id='word_1_230' title='bbox 3378 1770 3799 1842; x_wconf 67' lang='lat' dir='ltr'>Fredegundte,</span> <span class='ocrx_word' id='word_1_231' title='bbox 3822 1770 3919 1828; x_wconf 87' lang='lat' dir='ltr'>cui</span> 
     </span>
    </p>
   </div>
   <div class='ocr_carea' id='block_1_29' title="bbox 421 1860 3916 1939">
    <p class='ocr_par' dir='ltr' id='par_1_29' title="bbox 421 1860 3916 1939">
     <span class='ocr_line' id='line_1_29' title="bbox 421 1860 3916 1939; baseline -0.001 -18"><span class='ocrx_word' id='word_1_232' title='bbox 421 1864 682 1922; x_wconf 86' lang='lat' dir='ltr'>exercitu</span> <span class='ocrx_word' id='word_1_233' title='bbox 743 1865 1082 1923; x_wconf 86' lang='lat' dir='ltr'>resedebat:</span> <span class='ocrx_word' id='word_1_234' title='bbox 1136 1869 1272 1922; x_wconf 91' lang='lat' dir='ltr'>tunc</span> <span class='ocrx_word' id='word_1_235' title='bbox 1328 1864 1517 1922; x_wconf 90' lang='lat' dir='ltr'>ﬁlium</span> <span class='ocrx_word' id='word_1_236' title='bbox 1580 1879 1753 1921; x_wconf 92' lang='lat' dir='ltr'>suum</span> <span class='ocrx_word' id='word_1_237' title='bbox 1815 1860 3916 1939; x_wconf 84' lang='lat' dir='ltr'>interfecit,Breputabanttiliumsuumperincantationeminterfecisse,</span> 
     </span>
    </p>
   </div>
   <div class='ocr_carea' id='block_1_30' title="bbox 422 1948 3916 2029">
    <p class='ocr_par' dir='ltr' id='par_1_30' title="bbox 422 1948 3916 2029">
     <span class='ocr_line' id='line_1_30' title="bbox 422 1948 3916 2029; baseline -0.001 -20"><span class='ocrx_word' id='word_1_238' title='bbox 422 1950 667 2025; x_wconf 88' lang='lat' dir='ltr'>ejusque</span> <span class='ocrx_word' id='word_1_239' title='bbox 695 1953 1003 2011; x_wconf 87' lang='lat' dir='ltr'>mulierem</span> <span class='ocrx_word' id='word_1_240' title='bbox 1032 1970 1065 2011; x_wconf 91' lang='lat' dir='ltr'>a</span> <span class='ocrx_word' id='word_1_241' title='bbox 1092 1953 1308 2011; x_wconf 63' lang='lat' dir='ltr'>Graecis</span> <span class='ocrx_word' id='word_1_242' title='bbox 1352 1953 1597 2010; x_wconf 88' lang='lat' dir='ltr'>liberare</span> <span class='ocrx_word' id='word_1_243' title='bbox 1641 1968 1755 2008; x_wconf 93' lang='lat' dir='ltr'>non</span> <span class='ocrx_word' id='word_1_244' title='bbox 1788 1951 1990 2024; x_wconf 87' lang='lat' dir='ltr'>potuit,</span> <span class='ocrx_word' id='word_1_245' title='bbox 2024 1948 2122 2007; x_wconf 92' lang='lat' dir='ltr'>sed</span> <span class='ocrx_word' id='word_1_246' title='bbox 2200 1956 2373 2029; x_wconf 89' lang='lat' dir='ltr'>jussit</span> <span class='ocrx_word' id='word_1_247' title='bbox 2405 1971 2507 2012; x_wconf 89' lang='lat' dir='ltr'>rex</span> <span class='ocrx_word' id='word_1_248' title='bbox 2547 1954 2878 2027; x_wconf 83' lang='lat' dir='ltr'>suggillare,</span> <span class='ocrx_word' id='word_1_249' title='bbox 2932 1954 3249 2025; x_wconf 66' lang='lat' dir='ltr'>multaeque</span> <span class='ocrx_word' id='word_1_250' title='bbox 3306 1950 3581 2009; x_wconf 86' lang='lat' dir='ltr'>mulieres</span> <span class='ocrx_word' id='word_1_251' title='bbox 3631 1966 3734 2023; x_wconf 91' lang='lat' dir='ltr'>pro</span> <span class='ocrx_word' id='word_1_252' title='bbox 3790 1951 3916 2023; x_wconf 91' lang='lat' dir='ltr'>ipso</span> 
     </span>
    </p>
   </div>
   <div class='ocr_carea' id='block_1_31' title="bbox 427 2039 1831 2117">
    <p class='ocr_par' dir='ltr' id='par_1_31' title="bbox 427 2039 1831 2117">
     <span class='ocr_line' id='line_1_31' title="bbox 427 2039 1831 2117; baseline -0.001 -20"><span class='ocrx_word' id='word_1_253' title='bbox 427 2053 618 2112; x_wconf 91' lang='lat' dir='ltr'>usque</span> <span class='ocrx_word' id='word_1_254' title='bbox 642 2042 702 2097; x_wconf 91' lang='lat' dir='ltr'>in</span> <span class='ocrx_word' id='word_1_255' title='bbox 732 2048 975 2097; x_wconf 88' lang='lat' dir='ltr'>mortem</span> <span class='ocrx_word' id='word_1_256' title='bbox 1004 2039 1143 2098; x_wconf 87' lang='lat' dir='ltr'>illuc</span> <span class='ocrx_word' id='word_1_257' title='bbox 1174 2042 1491 2117; x_wconf 75' lang='lat' dir='ltr'>permansit</span> <span class='ocrx_word' id='word_1_258' title='bbox 1533 2045 1682 2112; x_wconf 85' lang='lat' dir='ltr'>(Cap.</span> <span class='ocrx_word' id='word_1_259' title='bbox 1725 2041 1831 2109; x_wconf 77' lang='lat' dir='ltr'>i3).</span> 
     </span>
    </p>
   </div>
   <div class='ocr_carea' id='block_1_32' title="bbox 498 2122 2127 2197">
    <p class='ocr_par' dir='ltr' id='par_1_32' title="bbox 498 2122 2127 2197">
     <span class='ocr_line' id='line_1_32' title="bbox 498 2122 2127 2197; baseline -0.001 -11"><span class='ocrx_word' id='word_1_260' title='bbox 498 2128 869 2187; x_wconf 74' lang='lat' dir='ltr'>LXXXVIII.</span> <span class='ocrx_word' id='word_1_261' title='bbox 908 2130 989 2187; x_wconf 92' lang='lat' dir='ltr'>Eo</span> <span class='ocrx_word' id='word_1_262' title='bbox 1027 2122 1180 2188; x_wconf 87' lang='lat' dir='ltr'>anno</span> <span class='ocrx_word' id='word_1_263' title='bbox 1216 2131 1481 2189; x_wconf 82' lang='lat' dir='ltr'>Rodiuus</span> <span class='ocrx_word' id='word_1_264' title='bbox 1523 2142 1544 2168; x_wconf 79' lang='grc' dir='ltr'><strong><em>ο</em></strong></span> <span class='ocrx_word' id='word_1_265' title='bbox 1585 2132 1707 2187; x_wconf 88' lang='lat' dir='ltr'>dux</span> <span class='ocrx_word' id='word_1_266' title='bbox 1746 2129 2008 2197; x_wconf 89' lang='lat' dir='ltr'>moritur,</span> <span class='ocrx_word' id='word_1_267' title='bbox 2036 2129 2127 2186; x_wconf 90' lang='lat' dir='ltr'>vir</span> 
     </span>
    </p>
   </div>
   <div class='ocr_carea' id='block_1_33' title="bbox 421 2219 2126 2295">
    <p class='ocr_par' dir='ltr' id='par_1_33' title="bbox 421 2219 2126 2295">
     <span class='ocr_line' id='line_1_33' title="bbox 421 2219 2126 2295; baseline -0.002 -14"><span class='ocrx_word' id='word_1_268' title='bbox 421 2220 939 2294; x_wconf 82' lang='lat' dir='ltr'>eleemosynarius,</span> <span class='ocrx_word' id='word_1_269' title='bbox 986 2228 1041 2278; x_wconf 92' lang='lat' dir='ltr'>et</span> <span class='ocrx_word' id='word_1_270' title='bbox 1094 2222 1344 2280; x_wconf 90' lang='lat' dir='ltr'>bonitate</span> <span class='ocrx_word' id='word_1_271' title='bbox 1390 2222 1787 2295; x_wconf 90' lang='lat' dir='ltr'>plenissimus,</span> <span class='ocrx_word' id='word_1_272' title='bbox 1829 2222 2024 2294; x_wconf 90' lang='lat' dir='ltr'>justus</span> <span class='ocrx_word' id='word_1_273' title='bbox 2063 2219 2126 2277; x_wconf 89' lang='lat' dir='ltr'>iu</span> 
     </span>
    </p>
   </div>
   <div class='ocr_carea' id='block_1_34' title="bbox 423 2309 2128 2386">
    <p class='ocr_par' dir='ltr' id='par_1_34' title="bbox 423 2309 2128 2386">
     <span class='ocr_line' id='line_1_34' title="bbox 423 2309 2128 2386; baseline 0.001 -18"><span class='ocrx_word' id='word_1_274' title='bbox 423 2309 673 2378; x_wconf 89' lang='lat' dir='ltr'>cunctis,</span> <span class='ocrx_word' id='word_1_275' title='bbox 702 2309 1002 2383; x_wconf 87' lang='lat' dir='ltr'>piissimus</span> <span class='ocrx_word' id='word_1_276' title='bbox 1039 2311 1100 2368; x_wconf 92' lang='lat' dir='ltr'>in</span> <span class='ocrx_word' id='word_1_277' title='bbox 1150 2311 1501 2386; x_wconf 89' lang='lat' dir='ltr'>pauperibus</span> <span class='ocrx_word' id='word_1_278' title='bbox 1534 2332 1545 2369; x_wconf 93' lang='lat'><strong>:</strong></span> <span class='ocrx_word' id='word_1_279' title='bbox 1581 2313 1681 2385; x_wconf 88' lang='lat' dir='ltr'>qui</span> <span class='ocrx_word' id='word_1_280' title='bbox 1710 2311 1849 2369; x_wconf 92' lang='lat' dir='ltr'>dum</span> <span class='ocrx_word' id='word_1_281' title='bbox 1879 2312 2128 2385; x_wconf 89' lang='lat' dir='ltr'>quadam</span> 
     </span>
    </p>
   </div>
   <div class='ocr_carea' id='block_1_35' title="bbox 423 2398 2124 2473">
    <p class='ocr_par' dir='ltr' id='par_1_35' title="bbox 423 2398 2124 2473">
     <span class='ocr_line' id='line_1_35' title="bbox 423 2398 2124 2473; baseline 0.001 -18"><span class='ocrx_word' id='word_1_282' title='bbox 423 2398 569 2467; x_wconf 84' lang='lat' dir='ltr'>vice,</span> <span class='ocrx_word' id='word_1_283' title='bbox 613 2404 678 2456; x_wconf 89' lang='lat' dir='ltr'>ut</span> <span class='ocrx_word' id='word_1_284' title='bbox 713 2406 1105 2469; x_wconf 89' lang='lat' dir='ltr'>consueverat,</span> <span class='ocrx_word' id='word_1_285' title='bbox 1143 2409 1438 2458; x_wconf 89' lang='lat' dir='ltr'>mortuum</span> <span class='ocrx_word' id='word_1_286' title='bbox 1469 2400 1713 2473; x_wconf 90' lang='lat' dir='ltr'>sepelire</span> <span class='ocrx_word' id='word_1_287' title='bbox 1748 2401 2124 2473; x_wconf 68' lang='lat' dir='ltr'>praecepisset,</span> 
     </span>
    </p>
   </div>
   <div class='ocr_carea' id='block_1_36' title="bbox 426 2488 2126 2563">
    <p class='ocr_par' dir='ltr' id='par_1_36' title="bbox 426 2488 2126 2563">
     <span class='ocr_line' id='line_1_36' title="bbox 426 2488 2126 2563; baseline 0.001 -16"><span class='ocrx_word' id='word_1_288' title='bbox 426 2494 484 2547; x_wconf 91' lang='lat' dir='ltr'>et</span> <span class='ocrx_word' id='word_1_289' title='bbox 515 2488 586 2545; x_wconf 89' lang='lat' dir='ltr'>ad</span> <span class='ocrx_word' id='word_1_290' title='bbox 616 2489 907 2562; x_wconf 89' lang='lat' dir='ltr'>quoddam</span> <span class='ocrx_word' id='word_1_291' title='bbox 940 2498 1385 2549; x_wconf 89' lang='lat' dir='ltr'>monumentum</span> <span class='ocrx_word' id='word_1_292' title='bbox 1412 2506 1545 2549; x_wconf 93' lang='lat' dir='ltr'>cum</span> <span class='ocrx_word' id='word_1_293' title='bbox 1575 2491 1775 2549; x_wconf 88' lang='lat' dir='ltr'>cultris</span> <span class='ocrx_word' id='word_1_294' title='bbox 1816 2491 1979 2563; x_wconf 89' lang='lat' dir='ltr'>pueri</span> <span class='ocrx_word' id='word_1_295' title='bbox 2012 2492 2126 2548; x_wconf 92' lang='lat' dir='ltr'>fos-</span> 
     </span>
    </p>
   </div>
   <div class='ocr_carea' id='block_1_37' title="bbox 428 2578 2131 2653">
    <p class='ocr_par' dir='ltr' id='par_1_37' title="bbox 428 2578 2131 2653">
     <span class='ocr_line' id='line_1_37' title="bbox 428 2578 2131 2653; baseline 0.002 -19"><span class='ocrx_word' id='word_1_296' title='bbox 428 2592 550 2635; x_wconf 89' lang='lat' dir='ltr'>sam</span> <span class='ocrx_word' id='word_1_297' title='bbox 578 2578 849 2649; x_wconf 89' lang='lat' dir='ltr'>facereut,</span> <span class='ocrx_word' id='word_1_298' title='bbox 884 2579 1070 2639; x_wconf 90' lang='lat' dir='ltr'>levato</span> <span class='ocrx_word' id='word_1_299' title='bbox 1100 2579 1287 2653; x_wconf 90' lang='lat' dir='ltr'>lapide</span> <span class='ocrx_word' id='word_1_300' title='bbox 1325 2581 1551 2638; x_wconf 84' lang='lat' dir='ltr'>invenit</span> <span class='ocrx_word' id='word_1_301' title='bbox 1579 2580 1742 2637; x_wconf 75' lang='lat' dir='ltr'>mirze</span> <span class='ocrx_word' id='word_1_302' title='bbox 1775 2580 2131 2651; x_wconf 85' lang='lat' dir='ltr'>magnitudi-</span> 
     </span>
    </p>
   </div>
   <div class='ocr_carea' id='block_1_38' title="bbox 426 2665 2127 2741">
    <p class='ocr_par' dir='ltr' id='par_1_38' title="bbox 426 2665 2127 2741">
     <span class='ocr_line' id='line_1_38' title="bbox 426 2665 2127 2741; baseline 0.004 -19"><span class='ocrx_word' id='word_1_303' title='bbox 426 2665 520 2723; x_wconf 89' lang='lat' dir='ltr'>nis</span> <span class='ocrx_word' id='word_1_304' title='bbox 545 2666 902 2737; x_wconf 88' lang='lat' dir='ltr'>thesaurum,</span> <span class='ocrx_word' id='word_1_305' title='bbox 935 2676 989 2725; x_wconf 90' lang='lat' dir='ltr'>et</span> <span class='ocrx_word' id='word_1_306' title='bbox 1016 2668 1329 2727; x_wconf 91' lang='lat' dir='ltr'>solidorum</span> <span class='ocrx_word' id='word_1_307' title='bbox 1367 2669 1809 2729; x_wconf 90' lang='lat' dir='ltr'>multitudinem</span> <span class='ocrx_word' id='word_1_308' title='bbox 1840 2672 1993 2741; x_wconf 85' lang='lat' dir='ltr'>(Cap.</span> <span class='ocrx_word' id='word_1_309' title='bbox 2021 2670 2127 2737; x_wconf 85' lang='lat'>20).</span> 
     </span>
    </p>
   </div>
   <div class='ocr_carea' id='block_1_39' title="bbox 429 2752 2133 2830">
    <p class='ocr_par' dir='ltr' id='par_1_39' title="bbox 429 2752 2133 2830">
     <span class='ocr_line' id='line_1_39' title="bbox 429 2752 2133 2830; baseline 0.004 -20"><span class='ocrx_word' id='word_1_310' title='bbox 429 2752 605 2811; x_wconf 88' lang='lat' dir='ltr'>Hunc</span> <span class='ocrx_word' id='word_1_311' title='bbox 658 2754 771 2812; x_wconf 90' lang='lat' dir='ltr'>sibi</span> <span class='ocrx_word' id='word_1_312' title='bbox 815 2756 1113 2829; x_wconf 89' lang='lat' dir='ltr'>proprium</span> <span class='ocrx_word' id='word_1_313' title='bbox 1162 2774 1361 2816; x_wconf 91' lang='lat' dir='ltr'>verum</span> <span class='ocrx_word' id='word_1_314' title='bbox 1419 2758 1641 2816; x_wconf 89' lang='lat' dir='ltr'>censuit</span> <span class='ocrx_word' id='word_1_315' title='bbox 1688 2759 1733 2826; x_wconf 75' lang='grc' dir='ltr'>ά,</span> <span class='ocrx_word' id='word_1_316' title='bbox 1783 2773 1958 2830; x_wconf 92' lang='lat' dir='ltr'>quem</span> <span class='ocrx_word' id='word_1_317' title='bbox 2008 2758 2133 2817; x_wconf 89' lang='lat' dir='ltr'>sine</span> 
     </span>
    </p>
   </div>
   <div class='ocr_carea' id='block_1_40' title="bbox 428 2844 2135 2923">
    <p class='ocr_par' dir='ltr' id='par_1_40' title="bbox 428 2844 2135 2923">
     <span class='ocr_line' id='line_1_40' title="bbox 428 2844 2135 2923; baseline 0.001 -19"><span class='ocrx_word' id='word_1_318' title='bbox 428 2844 865 2905; x_wconf 89' lang='lat' dir='ltr'>intermissione</span> <span class='ocrx_word' id='word_1_319' title='bbox 899 2847 1146 2906; x_wconf 85' lang='lat' dir='ltr'>fideliter</span> <span class='ocrx_word' id='word_1_320' title='bbox 1175 2849 1527 2923; x_wconf 81' lang='lat' dir='ltr'>pauperibus</span> <span class='ocrx_word' id='word_1_321' title='bbox 1555 2848 1827 2920; x_wconf 82' lang='lat' dir='ltr'>erogavit.</span> <span class='ocrx_word' id='word_1_322' title='bbox 1859 2848 2135 2921; x_wconf 64' lang='lat' dir='ltr'>quuani-</span> 
     </span>
    </p>
   </div>
   <div class='ocr_carea' id='block_1_41' title="bbox 430 2935 2134 3014">
    <p class='ocr_par' dir='ltr' id='par_1_41' title="bbox 430 2935 2134 3014">
     <span class='ocr_line' id='line_1_41' title="bbox 430 2935 2134 3014; baseline 0.002 -20"><span class='ocrx_word' id='word_1_323' title='bbox 430 2935 602 2994; x_wconf 89' lang='lat' dir='ltr'>miter</span> <span class='ocrx_word' id='word_1_324' title='bbox 648 2953 715 2996; x_wconf 91' lang='lat' dir='ltr'>ea</span> <span class='ocrx_word' id='word_1_325' title='bbox 760 2938 876 2996; x_wconf 87' lang='lat' dir='ltr'>ﬁde</span> <span class='ocrx_word' id='word_1_326' title='bbox 931 2939 1178 2998; x_wconf 90' lang='lat' dir='ltr'>reddidit</span> <span class='ocrx_word' id='word_1_327' title='bbox 1229 2941 1386 2999; x_wconf 91' lang='lat' dir='ltr'>hunc</span> <span class='ocrx_word' id='word_1_328' title='bbox 1415 2942 1466 2999; x_wconf 89' lang='lat' dir='ltr'>ei</span> <span class='ocrx_word' id='word_1_329' title='bbox 1507 2941 1867 3010; x_wconf 87' lang='lat' dir='ltr'>thesaurum,</span> <span class='ocrx_word' id='word_1_330' title='bbox 1928 2956 1961 2997; x_wconf 92' lang='lat' dir='ltr'>a</span> <span class='ocrx_word' id='word_1_331' title='bbox 2021 2955 2134 3014; x_wconf 93' lang='lat' dir='ltr'>quo</span> 
     </span>
    </p>
   </div>
   <div class='ocr_carea' id='block_1_42' title="bbox 434 3027 2135 3105">
    <p class='ocr_par' dir='ltr' id='par_1_42' title="bbox 434 3027 2135 3105">
     <span class='ocr_line' id='line_1_42' title="bbox 434 3027 2135 3105; baseline 0.003 -23"><span class='ocrx_word' id='word_1_332' title='bbox 434 3033 742 3099; x_wconf 81' lang='lat' dir='ltr'>acceperat.</span> <span class='ocrx_word' id='word_1_333' title='bbox 798 3027 976 3087; x_wconf 89' lang='lat' dir='ltr'>Multa</span> <span class='ocrx_word' id='word_1_334' title='bbox 1024 3030 1188 3102; x_wconf 85' lang='lat' dir='ltr'>signa</span> <span class='ocrx_word' id='word_1_335' title='bbox 1233 3037 1287 3089; x_wconf 90' lang='lat' dir='ltr'>et</span> <span class='ocrx_word' id='word_1_336' title='bbox 1329 3030 1587 3105; x_wconf 85' lang='lat' dir='ltr'>prodigia</span> <span class='ocrx_word' id='word_1_337' title='bbox 1615 3045 1681 3087; x_wconf 93' lang='lat' dir='ltr'>eo</span> <span class='ocrx_word' id='word_1_338' title='bbox 1710 3045 1865 3089; x_wconf 91' lang='lat' dir='ltr'>anno</span> <span class='ocrx_word' id='word_1_339' title='bbox 1900 3027 1961 3085; x_wconf 92' lang='lat' dir='ltr'>in</span> <span class='ocrx_word' id='word_1_340' title='bbox 1992 3029 2135 3087; x_wconf 66' lang='lat' dir='ltr'>caelo</span> 
     </span>
    </p>
   </div>
   <div class='ocr_carea' id='block_1_43' title="bbox 432 3113 2131 3191">
    <p class='ocr_par' dir='ltr' id='par_1_43' title="bbox 432 3113 2131 3191">
     <span class='ocr_line' id='line_1_43' title="bbox 432 3113 2131 3191; baseline 0.002 -20"><span class='ocrx_word' id='word_1_341' title='bbox 432 3120 572 3172; x_wconf 89' lang='lat' dir='ltr'>sunt</span> <span class='ocrx_word' id='word_1_342' title='bbox 596 3113 720 3172; x_wconf 86' lang='lat' dir='ltr'>visa</span> <span class='ocrx_word' id='word_1_343' title='bbox 744 3118 898 3188; x_wconf 91' lang='lat' dir='ltr'>(Cap.</span> <span class='ocrx_word' id='word_1_344' title='bbox 932 3116 1041 3190; x_wconf 87' lang='lat' dir='ltr'>2i).</span> <span class='ocrx_word' id='word_1_345' title='bbox 1084 3118 1405 3191; x_wconf 89' lang='lat' dir='ltr'>Chilperico</span> <span class='ocrx_word' id='word_1_346' title='bbox 1437 3118 1595 3175; x_wconf 87' lang='lat' dir='ltr'>ﬁlius</span> <span class='ocrx_word' id='word_1_347' title='bbox 1624 3117 1815 3177; x_wconf 89' lang='lat' dir='ltr'>denuo</span> <span class='ocrx_word' id='word_1_348' title='bbox 1858 3117 2131 3188; x_wconf 88' lang='lat' dir='ltr'>nascitur,</span> 
     </span>
    </p>
   </div>
   <div class='ocr_carea' id='block_1_44' title="bbox 427 3203 1713 3280">
    <p class='ocr_par' dir='ltr' id='par_1_44' title="bbox 427 3203 1713 3280">
     <span class='ocr_line' id='line_1_44' title="bbox 427 3203 1713 3280; baseline 0.002 -18"><span class='ocrx_word' id='word_1_349' title='bbox 427 3203 591 3276; x_wconf 89' lang='lat' dir='ltr'>jubet</span> <span class='ocrx_word' id='word_1_350' title='bbox 620 3220 820 3264; x_wconf 87' lang='lat' dir='ltr'>omnes</span> <span class='ocrx_word' id='word_1_351' title='bbox 848 3215 1162 3266; x_wconf 88' lang='lat' dir='ltr'>carceratos</span> <span class='ocrx_word' id='word_1_352' title='bbox 1188 3208 1384 3266; x_wconf 88' lang='lat' dir='ltr'>laxare</span> <span class='ocrx_word' id='word_1_353' title='bbox 1419 3210 1573 3280; x_wconf 88' lang='lat' dir='ltr'>(Cap.</span> <span class='ocrx_word' id='word_1_354' title='bbox 1602 3206 1713 3279; x_wconf 86' lang='lat'>23).</span> 
     </span>
    </p>
   </div>
   <div class='ocr_carea' id='block_1_45' title="bbox 506 3291 2136 3372">
    <p class='ocr_par' dir='ltr' id='par_1_45' title="bbox 506 3291 2136 3372">
     <span class='ocr_line' id='line_1_45' title="bbox 506 3291 2136 3372; baseline -0.001 -22"><span class='ocrx_word' id='word_1_355' title='bbox 506 3291 815 3352; x_wconf 82' lang='lat' dir='ltr'>LXXXIX.</span> <span class='ocrx_word' id='word_1_356' title='bbox 844 3293 1239 3367; x_wconf 88' lang='lat' dir='ltr'>Gundoaldus,</span> <span class='ocrx_word' id='word_1_357' title='bbox 1278 3297 1380 3372; x_wconf 92' lang='lat' dir='ltr'>qui</span> <span class='ocrx_word' id='word_1_358' title='bbox 1408 3313 1467 3357; x_wconf 91' lang='lat' dir='ltr'>se</span> <span class='ocrx_word' id='word_1_359' title='bbox 1494 3298 1687 3356; x_wconf 90' lang='lat' dir='ltr'>ﬁlium</span> <span class='ocrx_word' id='word_1_360' title='bbox 1714 3294 1991 3355; x_wconf 89' lang='lat' dir='ltr'>Chlotarii</span> <span class='ocrx_word' id='word_1_361' title='bbox 2012 3308 2136 3350; x_wconf 91' lang='lat' dir='ltr'>esse</span> 
     </span>
    </p>
   </div>
   <div class='ocr_carea' id='block_1_46' title="bbox 435 3382 2139 3461">
    <p class='ocr_par' dir='ltr' id='par_1_46' title="bbox 435 3382 2139 3461">
     <span class='ocr_line' id='line_1_46' title="bbox 435 3382 2139 3461; baseline -0.001 -21"><span class='ocrx_word' id='word_1_362' title='bbox 435 3382 679 3454; x_wconf 90' lang='lat' dir='ltr'>dicebat,</span> <span class='ocrx_word' id='word_1_363' title='bbox 727 3384 799 3441; x_wconf 93' lang='lat' dir='ltr'>de</span> <span class='ocrx_word' id='word_1_364' title='bbox 843 3383 1337 3461; x_wconf 85' lang='lat' dir='ltr'>Constantinopoli</span> <span class='ocrx_word' id='word_1_365' title='bbox 1381 3387 1705 3456; x_wconf 89' lang='lat' dir='ltr'>revertitur,</span> <span class='ocrx_word' id='word_1_366' title='bbox 1754 3392 1810 3443; x_wconf 86' lang='lat' dir='ltr'>et</span> <span class='ocrx_word' id='word_1_367' title='bbox 1847 3382 2139 3442; x_wconf 88' lang='lat' dir='ltr'>Chlotario</span> 
     </span>
    </p>
   </div>
   <div class='ocr_carea' id='block_1_47' title="bbox 435 3470 2136 3548">
    <p class='ocr_par' dir='ltr' id='par_1_47' title="bbox 435 3470 2136 3548">
     <span class='ocr_line' id='line_1_47' title="bbox 435 3470 2136 3548; baseline -0.001 -17"><span class='ocrx_word' id='word_1_368' title='bbox 435 3488 469 3531; x_wconf 91' lang='lat' dir='ltr'>a</span> <span class='ocrx_word' id='word_1_369' title='bbox 499 3470 864 3533; x_wconf 89' lang='lat' dir='ltr'>Childeberto</span> <span class='ocrx_word' id='word_1_370' title='bbox 906 3484 1111 3548; x_wconf 90' lang='lat' dir='ltr'>patruo</span> <span class='ocrx_word' id='word_1_371' title='bbox 1148 3478 1398 3537; x_wconf 90' lang='lat' dir='ltr'>directus</span> <span class='ocrx_word' id='word_1_372' title='bbox 1432 3484 1517 3536; x_wconf 91' lang='lat' dir='ltr'>est</span> <span class='ocrx_word' id='word_1_373' title='bbox 1559 3488 1583 3515; x_wconf 72' lang='grc' dir='ltr'>α</span> <span class='ocrx_word' id='word_1_374' title='bbox 1624 3480 1777 3548; x_wconf 89' lang='lat' dir='ltr'>(Cap.</span> <span class='ocrx_word' id='word_1_375' title='bbox 1809 3475 1918 3545; x_wconf 71' lang='lat'>24).</span> <span class='ocrx_word' id='word_1_376' title='bbox 1953 3473 2136 3543; x_wconf 91' lang='lat' dir='ltr'>Quem</span> 
     </span>
    </p>
   </div>
   <div class='ocr_carea' id='block_1_48' title="bbox 434 3560 2133 3641">
    <p class='ocr_par' dir='ltr' id='par_1_48' title="bbox 434 3560 2133 3641">
     <span class='ocr_line' id='line_1_48' title="bbox 434 3560 2133 3641; baseline 0 -20"><span class='ocrx_word' id='word_1_377' title='bbox 434 3560 762 3623; x_wconf 89' lang='lat' dir='ltr'>Chlotarius</span> <span class='ocrx_word' id='word_1_378' title='bbox 822 3566 1050 3635; x_wconf 85' lang='lat' dir='ltr'>videns,</span> <span class='ocrx_word' id='word_1_379' title='bbox 1121 3584 1344 3627; x_wconf 90' lang='lat' dir='ltr'>comam</span> <span class='ocrx_word' id='word_1_380' title='bbox 1401 3568 1601 3641; x_wconf 87' lang='lat' dir='ltr'>capitis</span> <span class='ocrx_word' id='word_1_381' title='bbox 1658 3566 1895 3633; x_wconf 89' lang='lat' dir='ltr'>tondere</span> <span class='ocrx_word' id='word_1_382' title='bbox 1945 3564 2133 3638; x_wconf 87' lang='lat' dir='ltr'>jussit.</span> 
     </span>
    </p>
   </div>
   <div class='ocr_carea' id='block_1_49' title="bbox 439 3650 2142 3732">
    <p class='ocr_par' dir='ltr' id='par_1_49' title="bbox 439 3650 2142 3732">
     <span class='ocr_line' id='line_1_49' title="bbox 439 3650 2142 3732; baseline 0.003 -23"><span class='ocrx_word' id='word_1_383' title='bbox 439 3650 623 3721; x_wconf 85' lang='lat' dir='ltr'>Quem</span> <span class='ocrx_word' id='word_1_384' title='bbox 655 3653 975 3728; x_wconf 87' lang='lat' dir='ltr'>Sigibertus</span> <span class='ocrx_word' id='word_1_385' title='bbox 999 3661 1340 3718; x_wconf 86' lang='lat' dir='ltr'>arcessitum</span> <span class='ocrx_word' id='word_1_386' title='bbox 1365 3660 1525 3718; x_wconf 88' lang='lat' dir='ltr'>misit</span> <span class='ocrx_word' id='word_1_387' title='bbox 1562 3661 1623 3717; x_wconf 89' lang='lat' dir='ltr'>in</span> <span class='ocrx_word' id='word_1_388' title='bbox 1656 3658 2142 3732; x_wconf 82' lang='lat' dir='ltr'>Agrippinensem</span> 
     </span>
    </p>
   </div>
   <div class='ocr_carea' id='block_1_50' title="bbox 439 3741 2144 3821">
    <p class='ocr_par' dir='ltr' id='par_1_50' title="bbox 439 3741 2144 3821">
     <span class='ocr_line' id='line_1_50' title="bbox 439 3741 2144 3821; baseline 0.005 -24"><span class='ocrx_word' id='word_1_389' title='bbox 439 3741 751 3814; x_wconf 88' lang='lat' dir='ltr'>civitatem,</span> <span class='ocrx_word' id='word_1_390' title='bbox 778 3761 912 3820; x_wconf 65' lang='lat' dir='ltr'>quae</span> <span class='ocrx_word' id='word_1_391' title='bbox 944 3763 1101 3806; x_wconf 88' lang='lat' dir='ltr'>nunc</span> <span class='ocrx_word' id='word_1_392' title='bbox 1145 3747 1384 3808; x_wconf 90' lang='lat' dir='ltr'>Colonia</span> <span class='ocrx_word' id='word_1_393' title='bbox 1430 3749 1660 3808; x_wconf 91' lang='lat' dir='ltr'>dicitur.</span> <span class='ocrx_word' id='word_1_394' title='bbox 1696 3748 1923 3807; x_wconf 84' lang='lat' dir='ltr'>Exinde</span> <span class='ocrx_word' id='word_1_395' title='bbox 1951 3748 2144 3821; x_wconf 90' lang='lat' dir='ltr'>lapsus</span> 
     </span>
    </p>
   </div>
   <div class='ocr_carea' id='block_1_51' title="bbox 439 3826 2142 3908">
    <p class='ocr_par' dir='ltr' id='par_1_51' title="bbox 439 3826 2142 3908">
     <span class='ocr_line' id='line_1_51' title="bbox 439 3826 2142 3908; baseline 0.006 -23"><span class='ocrx_word' id='word_1_396' title='bbox 439 3826 510 3885; x_wconf 88' lang='lat' dir='ltr'>ad</span> <span class='ocrx_word' id='word_1_397' title='bbox 556 3828 856 3892; x_wconf 87' lang='lat' dir='ltr'>Narsidem</span> <span class='ocrx_word' id='word_1_398' title='bbox 895 3834 1093 3908; x_wconf 86' lang='lat' dir='ltr'>dirigit</span> <span class='ocrx_word' id='word_1_399' title='bbox 1135 3836 1173 3903; x_wconf 71' lang='grc' dir='ltr'>ί,</span> <span class='ocrx_word' id='word_1_400' title='bbox 1222 3842 1277 3894; x_wconf 90' lang='lat' dir='ltr'>et</span> <span class='ocrx_word' id='word_1_401' title='bbox 1325 3836 1524 3896; x_wconf 88' lang='lat' dir='ltr'>Narsis</span> <span class='ocrx_word' id='word_1_402' title='bbox 1550 3852 1685 3896; x_wconf 93' lang='lat' dir='ltr'>eum</span> <span class='ocrx_word' id='word_1_403' title='bbox 1730 3835 2007 3896; x_wconf 86' lang='lat' dir='ltr'>Mauricio</span> <span class='ocrx_word' id='word_1_404' title='bbox 2028 3837 2142 3895; x_wconf 89' lang='lat' dir='ltr'>im-</span> 
     </span>
    </p>
   </div>
   <div class='ocr_carea' id='block_1_52' title="bbox 2208 2040 3843 2115">
    <p class='ocr_par' dir='ltr' id='par_1_52' title="bbox 2208 2040 3843 2115">
     <span class='ocr_line' id='line_1_52' title="bbox 2208 2040 3843 2115; baseline -0.004 -15"><span class='ocrx_word' id='word_1_405' title='bbox 2208 2044 2508 2101; x_wconf 84' lang='lat' dir='ltr'>mendacio</span> <span class='ocrx_word' id='word_1_406' title='bbox 2547 2062 2578 2101; x_wconf 93' lang='lat' dir='ltr'>a</span> <span class='ocrx_word' id='word_1_407' title='bbox 2611 2044 2985 2115; x_wconf 77' lang='lat' dir='ltr'>Fnetlcgunde</span> <span class='ocrx_word' id='word_1_408' title='bbox 3017 2053 3155 2101; x_wconf 88' lang='lat' dir='ltr'>sunt</span> <span class='ocrx_word' id='word_1_409' title='bbox 3190 2043 3503 2100; x_wconf 66' lang='lat' dir='ltr'>interiectae</span> <span class='ocrx_word' id='word_1_410' title='bbox 3539 2044 3693 2111; x_wconf 85' lang='lat' dir='ltr'>(Cap.</span> <span class='ocrx_word' id='word_1_411' title='bbox 3726 2040 3843 2107; x_wconf 74' lang='lat'>35).</span> 
     </span>
    </p>
   </div>
   <div class='ocr_carea' id='block_1_53' title="bbox 2279 2127 3915 2206">
    <p class='ocr_par' dir='ltr' id='par_1_53' title="bbox 2279 2127 3915 2206">
     <span class='ocr_line' id='line_1_53' title="bbox 2279 2127 3915 2206; baseline -0.005 -15"><span class='ocrx_word' id='word_1_412' title='bbox 2279 2132 2423 2191; x_wconf 89' lang='lat' dir='ltr'>XCI.</span> <span class='ocrx_word' id='word_1_413' title='bbox 2472 2132 2839 2206; x_wconf 89' lang='lat' dir='ltr'>Chilpericus</span> <span class='ocrx_word' id='word_1_414' title='bbox 2885 2132 3096 2190; x_wconf 90' lang='lat' dir='ltr'>timens</span> <span class='ocrx_word' id='word_1_415' title='bbox 3138 2132 3567 2192; x_wconf 89' lang='lat' dir='ltr'>Guntramnum</span> <span class='ocrx_word' id='word_1_416' title='bbox 3595 2136 3651 2186; x_wconf 86' lang='lat' dir='ltr'>et</span> <span class='ocrx_word' id='word_1_417' title='bbox 3681 2127 3915 2185; x_wconf 84' lang='lat' dir='ltr'>Cbilde-</span> 
     </span>
    </p>
   </div>
   <div class='ocr_carea' id='block_1_54' title="bbox 2208 2218 3921 2289">
    <p class='ocr_par' dir='ltr' id='par_1_54' title="bbox 2208 2218 3921 2289">
     <span class='ocr_line' id='line_1_54' title="bbox 2208 2218 3921 2289; baseline -0.005 -8"><span class='ocrx_word' id='word_1_418' title='bbox 2208 2224 2437 2282; x_wconf 90' lang='lat' dir='ltr'>bertum</span> <span class='ocrx_word' id='word_1_419' title='bbox 2480 2224 2538 2281; x_wconf 92' lang='lat' dir='ltr'>in</span> <span class='ocrx_word' id='word_1_420' title='bbox 2590 2224 3061 2281; x_wconf 89' lang='lat' dir='ltr'>Camaracensem</span> <span class='ocrx_word' id='word_1_421' title='bbox 3110 2239 3244 2282; x_wconf 91' lang='lat' dir='ltr'>cum</span> <span class='ocrx_word' id='word_1_422' title='bbox 3302 2220 3591 2280; x_wconf 87' lang='lat' dir='ltr'>thesauris</span> <span class='ocrx_word' id='word_1_423' title='bbox 3635 2218 3921 2289; x_wconf 88' lang='lat' dir='ltr'>omnique</span> 
     </span>
    </p>
   </div>
   <div class='ocr_carea' id='block_1_55' title="bbox 2208 2307 3920 2386">
    <p class='ocr_par' dir='ltr' id='par_1_55' title="bbox 2208 2307 3920 2386">
     <span class='ocr_line' id='line_1_55' title="bbox 2208 2307 3920 2386; baseline -0.005 -16"><span class='ocrx_word' id='word_1_424' title='bbox 2208 2312 2479 2386; x_wconf 68' lang='lat' dir='ltr'>praesidio</span> <span class='ocrx_word' id='word_1_425' title='bbox 2518 2320 2602 2370; x_wconf 90' lang='lat' dir='ltr'>est</span> <span class='ocrx_word' id='word_1_426' title='bbox 2630 2328 2934 2384; x_wconf 85' lang='lat' dir='ltr'>aggressus</span> <span class='ocrx_word' id='word_1_427' title='bbox 2961 2316 3118 2385; x_wconf 89' lang='lat' dir='ltr'>(Cap.</span> <span class='ocrx_word' id='word_1_428' title='bbox 3159 2312 3269 2377; x_wconf 82' lang='grc'>41).</span> <span class='ocrx_word' id='word_1_429' title='bbox 3293 2310 3399 2369; x_wconf 91' lang='lat' dir='ltr'>Per</span> <span class='ocrx_word' id='word_1_430' title='bbox 3426 2311 3619 2383; x_wconf 91' lang='lat' dir='ltr'>ipsum</span> <span class='ocrx_word' id='word_1_431' title='bbox 3647 2307 3920 2365; x_wconf 86' lang='lat' dir='ltr'>timorem</span> 
     </span>
    </p>
   </div>
   <div class='ocr_carea' id='block_1_56' title="bbox 2210 2388 3699 2476">
    <p class='ocr_par' dir='ltr' id='par_1_56' title="bbox 2210 2388 3699 2476">
     <span class='ocr_line' id='line_1_56' title="bbox 2210 2388 3699 2476; baseline -0.004 -14"><span class='ocrx_word' id='word_1_432' title='bbox 2210 2418 2363 2476; x_wconf 73' lang='lat' dir='ltr'>saepe</span> <span class='ocrx_word' id='word_1_433' title='bbox 2392 2388 2724 2462; x_wconf 79' lang='lat' dir='ltr'>exercitum</span> <span class='ocrx_word' id='word_1_434' title='bbox 2751 2404 3035 2473; x_wconf 83' lang='lat' dir='ltr'>movebat,</span> <span class='ocrx_word' id='word_1_435' title='bbox 3067 2408 3121 2461; x_wconf 87' lang='lat' dir='ltr'>et</span> <span class='ocrx_word' id='word_1_436' title='bbox 3152 2400 3412 2460; x_wconf 89' lang='lat' dir='ltr'>resedere</span> <span class='ocrx_word' id='word_1_437' title='bbox 3438 2398 3699 2458; x_wconf 85' lang='lat' dir='ltr'>faciebat.</span> 
     </span>
    </p>
   </div>
   <div class='ocr_carea' id='block_1_57' title="bbox 2282 2490 3918 2566">
    <p class='ocr_par' dir='ltr' id='par_1_57' title="bbox 2282 2490 3918 2566">
     <span class='ocr_line' id='line_1_57' title="bbox 2282 2490 3918 2566; baseline -0.006 -11"><span class='ocrx_word' id='word_1_438' title='bbox 2282 2494 2455 2555; x_wconf 88' lang='lat' dir='ltr'>XCII.</span> <span class='ocrx_word' id='word_1_439' title='bbox 2489 2494 2892 2555; x_wconf 90' lang='lat' dir='ltr'>Cbildebertus</span> <span class='ocrx_word' id='word_1_440' title='bbox 2924 2497 2987 2554; x_wconf 89' lang='lat' dir='ltr'>in</span> <span class='ocrx_word' id='word_1_441' title='bbox 3018 2496 3242 2555; x_wconf 88' lang='lat' dir='ltr'>Italiam</span> <span class='ocrx_word' id='word_1_442' title='bbox 3277 2495 3438 2564; x_wconf 89' lang='lat' dir='ltr'>abiit,</span> <span class='ocrx_word' id='word_1_443' title='bbox 3465 2500 3520 2552; x_wconf 90' lang='lat' dir='ltr'>et</span> <span class='ocrx_word' id='word_1_444' title='bbox 3552 2490 3918 2566; x_wconf 89' lang='lat' dir='ltr'>Langobardi</span> 
     </span>
    </p>
   </div>
   <div class='ocr_carea' id='block_1_58' title="bbox 2214 2581 3920 2658">
    <p class='ocr_par' dir='ltr' id='par_1_58' title="bbox 2214 2581 3920 2658">
     <span class='ocr_line' id='line_1_58' title="bbox 2214 2581 3920 2658; baseline -0.004 -14"><span class='ocrx_word' id='word_1_445' title='bbox 2214 2602 2273 2644; x_wconf 93' lang='lat' dir='ltr'>se</span> <span class='ocrx_word' id='word_1_446' title='bbox 2298 2602 2417 2645; x_wconf 74' lang='lat' dir='ltr'>sum</span> <span class='ocrx_word' id='word_1_447' title='bbox 2442 2585 2649 2644; x_wconf 92' lang='lat' dir='ltr'>ditioni</span> <span class='ocrx_word' id='word_1_448' title='bbox 2670 2587 3081 2644; x_wconf 89' lang='lat' dir='ltr'>commendant</span> <span class='ocrx_word' id='word_1_449' title='bbox 3109 2588 3261 2658; x_wconf 88' lang='lat' dir='ltr'>(Cap.</span> <span class='ocrx_word' id='word_1_450' title='bbox 3286 2586 3394 2650; x_wconf 75' lang='lat'>42).</span> <span class='ocrx_word' id='word_1_451' title='bbox 3417 2583 3678 2642; x_wconf 90' lang='lat' dir='ltr'>Gloriose</span> <span class='ocrx_word' id='word_1_452' title='bbox 3702 2581 3920 2640; x_wconf 89' lang='lat' dir='ltr'>exinde</span> 
     </span>
    </p>
   </div>
   <div class='ocr_carea' id='block_1_59' title="bbox 2216 2671 3919 2747">
    <p class='ocr_par' dir='ltr' id='par_1_59' title="bbox 2216 2671 3919 2747">
     <span class='ocr_line' id='line_1_59' title="bbox 2216 2671 3919 2747; baseline -0.005 -12"><span class='ocrx_word' id='word_1_453' title='bbox 2216 2678 2623 2736; x_wconf 89' lang='lat' dir='ltr'>Childebertus</span> <span class='ocrx_word' id='word_1_454' title='bbox 2683 2684 2831 2741; x_wconf 84' lang='lat'>584</span> <span class='ocrx_word' id='word_1_455' title='bbox 2898 2677 3224 2735; x_wconf 85' lang='lat' dir='ltr'>revertitur.</span> <span class='ocrx_word' id='word_1_456' title='bbox 3290 2676 3597 2747; x_wconf 87' lang='lat' dir='ltr'>Acceperat</span> <span class='ocrx_word' id='word_1_457' title='bbox 3661 2671 3834 2744; x_wconf 90' lang='lat' dir='ltr'>prius</span> <span class='ocrx_word' id='word_1_458' title='bbox 3890 2685 3919 2726; x_wconf 87' lang='lat' dir='ltr'>a</span> 
     </span>
    </p>
   </div>
   <div class='ocr_carea' id='block_1_60' title="bbox 2216 2760 3923 2842">
    <p class='ocr_par' dir='ltr' id='par_1_60' title="bbox 2216 2760 3923 2842">
     <span class='ocr_line' id='line_1_60' title="bbox 2216 2760 3923 2842; baseline -0.006 -18"><span class='ocrx_word' id='word_1_459' title='bbox 2216 2766 2493 2824; x_wconf 84' lang='lat' dir='ltr'>Mauricio</span> <span class='ocrx_word' id='word_1_460' title='bbox 2548 2767 2891 2839; x_wconf 91' lang='lat' dir='ltr'>imperatore</span> <span class='ocrx_word' id='word_1_461' title='bbox 2936 2765 3363 2842; x_wconf 89' lang='lat' dir='ltr'>quinquaginta</span> <span class='ocrx_word' id='word_1_462' title='bbox 3412 2762 3597 2820; x_wconf 90' lang='lat' dir='ltr'>millia</span> <span class='ocrx_word' id='word_1_463' title='bbox 3646 2760 3801 2829; x_wconf 89' lang='lat' dir='ltr'>auri,</span> <span class='ocrx_word' id='word_1_464' title='bbox 3866 2766 3923 2816; x_wconf 89' lang='lat' dir='ltr'>ut</span> 
     </span>
    </p>
   </div>
   <div class='ocr_carea' id='block_1_61' title="bbox 2217 2846 3925 2927">
    <p class='ocr_par' dir='ltr' id='par_1_61' title="bbox 2217 2846 3925 2927">
     <span class='ocr_line' id='line_1_61' title="bbox 2217 2846 3925 2927; baseline -0.006 -15"><span class='ocrx_word' id='word_1_465' title='bbox 2217 2854 2625 2927; x_wconf 89' lang='lat' dir='ltr'>Langobardos</span> <span class='ocrx_word' id='word_1_466' title='bbox 2651 2854 2720 2912; x_wconf 88' lang='lat' dir='ltr'>de</span> <span class='ocrx_word' id='word_1_467' title='bbox 2743 2855 2908 2912; x_wconf 89' lang='lat' dir='ltr'>Italia</span> <span class='ocrx_word' id='word_1_468' title='bbox 2937 2858 3316 2926; x_wconf 80' lang='lat' dir='ltr'>expugnaret.</span> <span class='ocrx_word' id='word_1_469' title='bbox 3344 2848 3454 2909; x_wconf 88' lang='lat' dir='ltr'>Sed</span> <span class='ocrx_word' id='word_1_470' title='bbox 3477 2864 3591 2907; x_wconf 91' lang='lat' dir='ltr'>non</span> <span class='ocrx_word' id='word_1_471' title='bbox 3618 2848 3827 2905; x_wconf 19' lang='lat' dir='ltr'>solum.</span> <span class='ocrx_word' id='word_1_472' title='bbox 3843 2846 3925 2903; x_wconf 86' lang='lat' dir='ltr'>eis</span> 
     </span>
    </p>
   </div>
   <div class='ocr_carea' id='block_1_62' title="bbox 2215 2937 3920 3015">
    <p class='ocr_par' dir='ltr' id='par_1_62' title="bbox 2215 2937 3920 3015">
     <span class='ocr_line' id='line_1_62' title="bbox 2215 2937 3920 3015; baseline -0.006 -13"><span class='ocrx_word' id='word_1_473' title='bbox 2215 2960 2331 3002; x_wconf 91' lang='lat' dir='ltr'>non</span> <span class='ocrx_word' id='word_1_474' title='bbox 2389 2946 2609 3015; x_wconf 90' lang='lat' dir='ltr'>nocuit,</span> <span class='ocrx_word' id='word_1_475' title='bbox 2652 2945 2749 3003; x_wconf 89' lang='lat' dir='ltr'>sed</span> <span class='ocrx_word' id='word_1_476' title='bbox 2800 2946 2973 3003; x_wconf 89' lang='lat' dir='ltr'>etiam</span> <span class='ocrx_word' id='word_1_477' title='bbox 3016 2943 3301 3002; x_wconf 89' lang='lat' dir='ltr'>amicitias</span> <span class='ocrx_word' id='word_1_478' title='bbox 3352 2956 3489 2999; x_wconf 91' lang='lat' dir='ltr'>cum</span> <span class='ocrx_word' id='word_1_479' title='bbox 3537 2940 3679 3013; x_wconf 89' lang='lat' dir='ltr'>ipsis</span> <span class='ocrx_word' id='word_1_480' title='bbox 3724 2937 3920 2995; x_wconf 86' lang='lat' dir='ltr'>inivit.</span> 
     </span>
    </p>
   </div>
   <div class='ocr_carea' id='block_1_63' title="bbox 2218 3026 3925 3107">
    <p class='ocr_par' dir='ltr' id='par_1_63' title="bbox 2218 3026 3925 3107">
     <span class='ocr_line' id='line_1_63' title="bbox 2218 3026 3925 3107; baseline -0.005 -17"><span class='ocrx_word' id='word_1_481' title='bbox 2218 3033 2541 3092; x_wconf 91' lang='lat' dir='ltr'>Leubildus</span> <span class='ocrx_word' id='word_1_482' title='bbox 2570 3049 2696 3100; x_wconf 78' lang='lat' dir='ltr'>rex,</span> <span class='ocrx_word' id='word_1_483' title='bbox 2728 3040 2792 3091; x_wconf 89' lang='lat' dir='ltr'>ut</span> <span class='ocrx_word' id='word_1_484' title='bbox 2816 3050 2988 3107; x_wconf 88' lang='lat' dir='ltr'>supra</span> <span class='ocrx_word' id='word_1_485' title='bbox 3038 3032 3277 3090; x_wconf 82' lang='lat' dir='ltr'>fecimus</span> <span class='ocrx_word' id='word_1_486' title='bbox 3315 3028 3692 3098; x_wconf 89' lang='lat' dir='ltr'>mentionem,</span> <span class='ocrx_word' id='word_1_487' title='bbox 3726 3026 3925 3084; x_wconf 88' lang='lat' dir='ltr'>ﬁlium</span> 
     </span>
    </p>
   </div>
   <div class='ocr_carea' id='block_1_64' title="bbox 2218 3121 3237 3180">
    <p class='ocr_par' dir='ltr' id='par_1_64' title="bbox 2218 3121 3237 3180">
     <span class='ocr_line' id='line_1_64' title="bbox 2218 3121 3237 3180; baseline -0.002 -1"><span class='ocrx_word' id='word_1_488' title='bbox 2218 3137 2390 3179; x_wconf 91' lang='lat' dir='ltr'>suum</span> <span class='ocrx_word' id='word_1_489' title='bbox 2420 3121 2902 3180; x_wconf 90' lang='lat' dir='ltr'>Ermenchildum</span> <span class='ocrx_word' id='word_1_490' title='bbox 2929 3122 3237 3179; x_wconf 90' lang='lat' dir='ltr'>interfecit.</span> 
     </span>
    </p>
   </div>
   <div class='ocr_carea' id='block_1_65' title="bbox 2289 3205 3923 3285">
    <p class='ocr_par' dir='ltr' id='par_1_65' title="bbox 2289 3205 3923 3285">
     <span class='ocr_line' id='line_1_65' title="bbox 2289 3205 3923 3285; baseline -0.004 -18"><span class='ocrx_word' id='word_1_491' title='bbox 2289 3209 2489 3268; x_wconf 92' lang='lat' dir='ltr'>XCIII.</span> <span class='ocrx_word' id='word_1_492' title='bbox 2540 3211 2924 3285; x_wconf 90' lang='lat' dir='ltr'>Chilpericus,</span> <span class='ocrx_word' id='word_1_493' title='bbox 2971 3216 3027 3268; x_wconf 88' lang='lat' dir='ltr'>et</span> <span class='ocrx_word' id='word_1_494' title='bbox 3077 3206 3470 3283; x_wconf 87' lang='lat' dir='ltr'>Fredegundis</span> <span class='ocrx_word' id='word_1_495' title='bbox 3510 3205 3690 3262; x_wconf 84' lang='lat' dir='ltr'>tiliam</span> <span class='ocrx_word' id='word_1_496' title='bbox 3719 3219 3923 3263; x_wconf 86' lang='lat' dir='ltr'>eorum</span> 
     </span>
    </p>
   </div>
   <div class='ocr_carea' id='block_1_66' title="bbox 2221 3292 3923 3373">
    <p class='ocr_par' dir='ltr' id='par_1_66' title="bbox 2221 3292 3923 3373">
     <span class='ocr_line' id='line_1_66' title="bbox 2221 3292 3923 3373; baseline -0.004 -18"><span class='ocrx_word' id='word_1_497' title='bbox 2221 3314 2353 3356; x_wconf 91' lang='lat' dir='ltr'>cum</span> <span class='ocrx_word' id='word_1_498' title='bbox 2384 3299 2609 3372; x_wconf 90' lang='lat' dir='ltr'>magnis</span> <span class='ocrx_word' id='word_1_499' title='bbox 2644 3300 2779 3373; x_wconf 84' lang='lat' dir='ltr'>[Al.,</span> <span class='ocrx_word' id='word_1_500' title='bbox 2814 3299 3031 3367; x_wconf 91' lang='lat' dir='ltr'>multis]</span> <span class='ocrx_word' id='word_1_501' title='bbox 3058 3297 3341 3356; x_wconf 83' lang='lat' dir='ltr'>thesauris</span> <span class='ocrx_word' id='word_1_502' title='bbox 3368 3302 3423 3353; x_wconf 90' lang='lat' dir='ltr'>et</span> <span class='ocrx_word' id='word_1_503' title='bbox 3448 3292 3831 3353; x_wconf 86' lang='lat' dir='ltr'>multitudine</span> <span class='ocrx_word' id='word_1_504' title='bbox 3848 3293 3923 3349; x_wconf 86' lang='lat' dir='ltr'>fa-</span> 
     </span>
    </p>
   </div>
   <div class='ocr_carea' id='block_1_67' title="bbox 2222 3386 3921 3463">
    <p class='ocr_par' dir='ltr' id='par_1_67' title="bbox 2222 3386 3921 3463">
     <span class='ocr_line' id='line_1_67' title="bbox 2222 3386 3921 3463; baseline -0.004 -16"><span class='ocrx_word' id='word_1_505' title='bbox 2222 3389 2401 3447; x_wconf 67' lang='lat' dir='ltr'>miliae</span> <span class='ocrx_word' id='word_1_506' title='bbox 2430 3390 2491 3447; x_wconf 95' lang='lat' dir='ltr'>in</span> <span class='ocrx_word' id='word_1_507' title='bbox 2520 3391 2647 3463; x_wconf 92' lang='lat' dir='ltr'>ejus</span> <span class='ocrx_word' id='word_1_508' title='bbox 2675 3390 3067 3447; x_wconf 89' lang='lat' dir='ltr'>ministerium</span> <span class='ocrx_word' id='word_1_509' title='bbox 3088 3388 3303 3447; x_wconf 86' lang='lat' dir='ltr'>direxit</span> <span class='ocrx_word' id='word_1_510' title='bbox 3332 3388 3393 3445; x_wconf 90' lang='lat' dir='ltr'>in</span> <span class='ocrx_word' id='word_1_511' title='bbox 3420 3386 3718 3460; x_wconf 86' lang='lat' dir='ltr'>Spaniam,</span> <span class='ocrx_word' id='word_1_512' title='bbox 3755 3398 3921 3457; x_wconf 87' lang='lat' dir='ltr'>quam</span> 
     </span>
    </p>
   </div>
   <div class='ocr_carea' id='block_1_68' title="bbox 2224 3475 3924 3554">
    <p class='ocr_par' dir='ltr' id='par_1_68' title="bbox 2224 3475 3924 3554">
     <span class='ocr_line' id='line_1_68' title="bbox 2224 3475 3924 3554; baseline -0.004 -18"><span class='ocrx_word' id='word_1_513' title='bbox 2224 3479 2385 3538; x_wconf 87' lang='lat' dir='ltr'>ﬁlius</span> <span class='ocrx_word' id='word_1_514' title='bbox 2420 3479 2692 3538; x_wconf 91' lang='lat' dir='ltr'>Leubildi</span> <span class='ocrx_word' id='word_1_515' title='bbox 2744 3480 2949 3554; x_wconf 89' lang='lat' dir='ltr'>accipit</span> <span class='ocrx_word' id='word_1_516' title='bbox 2995 3495 3239 3538; x_wconf 91' lang='lat' dir='ltr'>uxorem</span> <span class='ocrx_word' id='word_1_517' title='bbox 3281 3481 3431 3551; x_wconf 91' lang='lat' dir='ltr'>(Cap.</span> <span class='ocrx_word' id='word_1_518' title='bbox 3488 3476 3595 3549; x_wconf 80' lang='grc'>46).</span> <span class='ocrx_word' id='word_1_519' title='bbox 3648 3475 3770 3533; x_wconf 87' lang='lat' dir='ltr'>Nec</span> <span class='ocrx_word' id='word_1_520' title='bbox 3808 3480 3924 3550; x_wconf 86' lang='lat' dir='ltr'>post</span> 
     </span>
    </p>
   </div>
   <div class='ocr_carea' id='block_1_69' title="bbox 2225 3564 3924 3644">
    <p class='ocr_par' dir='ltr' id='par_1_69' title="bbox 2225 3564 3924 3644">
     <span class='ocr_line' id='line_1_69' title="bbox 2225 3564 3924 3644; baseline -0.002 -19"><span class='ocrx_word' id='word_1_521' title='bbox 2225 3584 2384 3627; x_wconf 89' lang='lat' dir='ltr'>mora</span> <span class='ocrx_word' id='word_1_522' title='bbox 2432 3576 2695 3627; x_wconf 86' lang='lat' dir='ltr'>exstante</span> <span class='ocrx_word' id='word_1_523' title='bbox 2751 3570 3110 3644; x_wconf 91' lang='lat' dir='ltr'>Chilpericus</span> <span class='ocrx_word' id='word_1_524' title='bbox 3167 3568 3237 3625; x_wconf 90' lang='lat' dir='ltr'>ad</span> <span class='ocrx_word' id='word_1_525' title='bbox 3294 3566 3487 3626; x_wconf 90' lang='lat' dir='ltr'>Calam</span> <span class='ocrx_word' id='word_1_526' title='bbox 3534 3564 3766 3635; x_wconf 87' lang='lat' dir='ltr'>villam,</span> <span class='ocrx_word' id='word_1_527' title='bbox 3830 3579 3924 3622; x_wconf 87' lang='lat' dir='ltr'>nec</span> 
     </span>
    </p>
   </div>
   <div class='ocr_carea' id='block_1_70' title="bbox 2225 3648 3923 3729">
    <p class='ocr_par' dir='ltr' id='par_1_70' title="bbox 2225 3648 3923 3729">
     <span class='ocr_line' id='line_1_70' title="bbox 2225 3648 3923 3729; baseline -0.004 -14"><span class='ocrx_word' id='word_1_528' title='bbox 2225 3654 2423 3729; x_wconf 88' lang='lat' dir='ltr'>procul</span> <span class='ocrx_word' id='word_1_529' title='bbox 2463 3671 2497 3711; x_wconf 92' lang='lat' dir='ltr'>a</span> <span class='ocrx_word' id='word_1_530' title='bbox 2534 3655 2813 3726; x_wconf 88' lang='lat' dir='ltr'>Parisius,</span> <span class='ocrx_word' id='word_1_531' title='bbox 2860 3657 2933 3715; x_wconf 90' lang='lat' dir='ltr'>ab</span> <span class='ocrx_word' id='word_1_532' title='bbox 2964 3656 3222 3725; x_wconf 89' lang='lat' dir='ltr'>homine,</span> <span class='ocrx_word' id='word_1_533' title='bbox 3246 3654 3483 3713; x_wconf 90' lang='lat' dir='ltr'>nomine</span> <span class='ocrx_word' id='word_1_534' title='bbox 3521 3652 3797 3723; x_wconf 85' lang='lat' dir='ltr'>Falcone,</span> <span class='ocrx_word' id='word_1_535' title='bbox 3829 3648 3923 3725; x_wconf 89' lang='lat' dir='ltr'>qui</span> 
     </span>
    </p>
   </div>
   <div class='ocr_carea' id='block_1_71' title="bbox 2226 3736 3925 3813">
    <p class='ocr_par' dir='ltr' id='par_1_71' title="bbox 2226 3736 3925 3813">
     <span class='ocr_line' id='line_1_71' title="bbox 2226 3736 3925 3813; baseline -0.006 -11"><span class='ocrx_word' id='word_1_536' title='bbox 2226 3745 2442 3802; x_wconf 89' lang='lat' dir='ltr'>missus</span> <span class='ocrx_word' id='word_1_537' title='bbox 2494 3759 2527 3801; x_wconf 91' lang='lat' dir='ltr'>a</span> <span class='ocrx_word' id='word_1_538' title='bbox 2568 3743 2956 3803; x_wconf 89' lang='lat' dir='ltr'>Brunechilde</span> <span class='ocrx_word' id='word_1_539' title='bbox 3006 3744 3210 3813; x_wconf 87' lang='lat' dir='ltr'>fuerat,</span> <span class='ocrx_word' id='word_1_540' title='bbox 3258 3748 3343 3801; x_wconf 88' lang='lat' dir='ltr'>est</span> <span class='ocrx_word' id='word_1_541' title='bbox 3390 3741 3731 3799; x_wconf 88' lang='lat' dir='ltr'>interfectus</span> <span class='ocrx_word' id='word_1_542' title='bbox 3775 3741 3815 3795; x_wconf 68' lang='grc' dir='ltr'>ἱ.</span> <span class='ocrx_word' id='word_1_543' title='bbox 3865 3736 3925 3794; x_wconf 85' lang='lat' dir='ltr'>Et</span> 
     </span>
    </p>
   </div>
   <div class='ocr_carea' id='block_1_72' title="bbox 2228 3828 3925 3908">
    <p class='ocr_par' dir='ltr' id='par_1_72' title="bbox 2228 3828 3925 3908">
     <span class='ocr_line' id='line_1_72' title="bbox 2228 3828 3925 3908; baseline -0.007 -14"><span class='ocrx_word' id='word_1_544' title='bbox 2228 3836 2309 3895; x_wconf 92' lang='lat' dir='ltr'>sic</span> <span class='ocrx_word' id='word_1_545' title='bbox 2340 3833 2804 3893; x_wconf 84' lang='lat' dir='ltr'>crudelissimam</span> <span class='ocrx_word' id='word_1_546' title='bbox 2825 3834 3002 3892; x_wconf 88' lang='lat' dir='ltr'>vitam</span> <span class='ocrx_word' id='word_1_547' title='bbox 3024 3833 3201 3908; x_wconf 88' lang='lat' dir='ltr'>digna</span> <span class='ocrx_word' id='word_1_548' title='bbox 3216 3838 3397 3892; x_wconf 90' lang='lat' dir='ltr'>morte</span> <span class='ocrx_word' id='word_1_549' title='bbox 3425 3830 3619 3890; x_wconf 86' lang='lat' dir='ltr'>ﬁnivit</span> <span class='ocrx_word' id='word_1_550' title='bbox 3642 3832 3804 3903; x_wconf 86' lang='lat' dir='ltr'>(Cap.</span> <span class='ocrx_word' id='word_1_551' title='bbox 3825 3828 3925 3895; x_wconf 64' lang='lat'>46).</span> 
     </span>
    </p>
   </div>
   <div class='ocr_carea' id='block_1_73' title="bbox 1552 4090 2829 4142">
    <p class='ocr_par' dir='ltr' id='par_1_73' title="bbox 1552 4090 2829 4142">
     <span class='ocr_line' id='line_1_73' title="bbox 1552 4090 2829 4142; baseline -0.006 0"><span class='ocrx_word' id='word_1_552' title='bbox 1552 4097 1834 4142; x_wconf 79' lang='lat' dir='ltr'>BXPLICIT</span> <span class='ocrx_word' id='word_1_553' title='bbox 1879 4095 2063 4142; x_wconf 76' lang='lat' dir='ltr'>LIBER</span> <span class='ocrx_word' id='word_1_554' title='bbox 2103 4092 2442 4139; x_wconf 68' lang='lat' dir='ltr'>EXCERPTE</span> <span class='ocrx_word' id='word_1_555' title='bbox 2481 4090 2829 4136; x_wconf 69' lang='lat' dir='ltr'>CHRONICE.</span> 
     </span>
    </p>
   </div>
   <div class='ocr_carea' id='block_1_74' title="bbox 508 4382 2146 4456">
    <p class='ocr_par' dir='ltr' id='par_1_74' title="bbox 508 4382 2146 4456">
     <span class='ocr_line' id='line_1_74' title="bbox 508 4382 2146 4456; baseline -0.001 -18"><span class='ocrx_word' id='word_1_556' title='bbox 508 4382 743 4456; x_wconf 58' lang='lat' dir='ltr'>fChesn.</span> <span class='ocrx_word' id='word_1_557' title='bbox 797 4386 1119 4443; x_wconf 80' lang='lat' dir='ltr'>Blaudastis.</span> <span class='ocrx_word' id='word_1_558' title='bbox 1180 4391 1236 4443; x_wconf 81' lang='lat' dir='ltr'>Et</span> <span class='ocrx_word' id='word_1_559' title='bbox 1271 4393 1447 4444; x_wconf 88' lang='lat' dir='ltr'>tamen</span> <span class='ocrx_word' id='word_1_560' title='bbox 1494 4390 1785 4453; x_wconf 77' lang='lat' dir='ltr'>Gregorius</span> <span class='ocrx_word' id='word_1_561' title='bbox 1837 4390 1995 4456; x_wconf 88' lang='lat' dir='ltr'>plura</span> <span class='ocrx_word' id='word_1_562' title='bbox 2018 4400 2146 4439; x_wconf 86' lang='lat' dir='ltr'>nar-</span> 
     </span>
    </p>
   </div>
   <div class='ocr_carea' id='block_1_75' title="bbox 447 4455 2146 4524">
    <p class='ocr_par' dir='ltr' id='par_1_75' title="bbox 447 4455 2146 4524">
     <span class='ocr_line' id='line_1_75' title="bbox 447 4455 2146 4524; baseline 0.004 -21"><span class='ocrx_word' id='word_1_563' title='bbox 447 4455 529 4503; x_wconf 86' lang='lat' dir='ltr'>rat</span> <span class='ocrx_word' id='word_1_564' title='bbox 556 4455 623 4505; x_wconf 87' lang='lat' dir='ltr'>de</span> <span class='ocrx_word' id='word_1_565' title='bbox 657 4458 847 4510; x_wconf 69' lang='lat' dir='ltr'>eodem</span> <span class='ocrx_word' id='word_1_566' title='bbox 896 4462 1137 4514; x_wconf 68' lang='lat' dir='ltr'>n&#39;adaste</span> <span class='ocrx_word' id='word_1_567' title='bbox 1172 4463 1333 4521; x_wconf 66' lang='lat' dir='ltr'>infra,</span> <span class='ocrx_word' id='word_1_568' title='bbox 1369 4476 1491 4513; x_wconf 88' lang='lat' dir='ltr'>nam</span> <span class='ocrx_word' id='word_1_569' title='bbox 1536 4466 1585 4513; x_wconf 91' lang='lat' dir='ltr'>et</span> <span class='ocrx_word' id='word_1_570' title='bbox 1624 4455 1854 4513; x_wconf 58' lang='lat' dir='ltr'>biennid</span> <span class='ocrx_word' id='word_1_571' title='bbox 1896 4464 2015 4524; x_wconf 85' lang='lat' dir='ltr'>post</span> <span class='ocrx_word' id='word_1_572' title='bbox 2052 4459 2146 4510; x_wconf 77' lang='lat' dir='ltr'>Bi-</span> 
     </span>
    </p>
   </div>
   <div class='ocr_carea' id='block_1_76' title="bbox 447 4525 2142 4594">
    <p class='ocr_par' dir='ltr' id='par_1_76' title="bbox 447 4525 2142 4594">
     <span class='ocr_line' id='line_1_76' title="bbox 447 4525 2142 4594; baseline 0.004 -21"><span class='ocrx_word' id='word_1_573' title='bbox 447 4525 687 4577; x_wconf 74' lang='lat' dir='ltr'>turicum</span> <span class='ocrx_word' id='word_1_574' title='bbox 730 4529 970 4591; x_wconf 77' lang='lat' dir='ltr'>vallavit,</span> <span class='ocrx_word' id='word_1_575' title='bbox 1002 4537 1053 4583; x_wconf 91' lang='lat' dir='ltr'>et</span> <span class='ocrx_word' id='word_1_576' title='bbox 1105 4538 1289 4594; x_wconf 72' lang='lat' dir='ltr'>postea</span> <span class='ocrx_word' id='word_1_577' title='bbox 1320 4532 1663 4584; x_wconf 86' lang='lat' dir='ltr'>Gundovaldo</span> <span class='ocrx_word' id='word_1_578' title='bbox 1700 4535 2017 4594; x_wconf 73' lang='lat' dir='ltr'>coniunctus</span> <span class='ocrx_word' id='word_1_579' title='bbox 2046 4536 2142 4583; x_wconf 89' lang='lat' dir='ltr'>est.</span> 
     </span>
    </p>
   </div>
   <div class='ocr_carea' id='block_1_77' title="bbox 512 4594 2143 4664">
    <p class='ocr_par' dir='ltr' id='par_1_77' title="bbox 512 4594 2143 4664">
     <span class='ocr_line' id='line_1_77' title="bbox 512 4594 2143 4664; baseline 0.004 -21"><span class='ocrx_word' id='word_1_580' title='bbox 512 4594 649 4646; x_wconf 77' lang='lat' dir='ltr'>bSic</span> <span class='ocrx_word' id='word_1_581' title='bbox 705 4598 836 4648; x_wconf 87' lang='lat' dir='ltr'>Clar.</span> <span class='ocrx_word' id='word_1_582' title='bbox 907 4603 1037 4651; x_wconf 83' lang='lat' dir='ltr'>Editi</span> <span class='ocrx_word' id='word_1_583' title='bbox 1105 4615 1254 4663; x_wconf 83' lang='lat' dir='ltr'>vero,</span> <span class='ocrx_word' id='word_1_584' title='bbox 1325 4604 1628 4664; x_wconf 80' lang='lat' dir='ltr'>vigesimus.</span> <span class='ocrx_word' id='word_1_585' title='bbox 1697 4602 1838 4652; x_wconf 83' lang='lat' dir='ltr'>intra</span> <span class='ocrx_word' id='word_1_586' title='bbox 1894 4601 1980 4652; x_wconf 90' lang='lat' dir='ltr'>Ch.</span> <span class='ocrx_word' id='word_1_587' title='bbox 2054 4600 2143 4664; x_wconf 67' lang='grc' dir='ltr'>ιι,</span> 
     </span>
    </p>
   </div>
   <div class='ocr_carea' id='block_1_78' title="bbox 444 4664 860 4720">
    <p class='ocr_par' dir='ltr' id='par_1_78' title="bbox 444 4664 860 4720">
     <span class='ocr_line' id='line_1_78' title="bbox 444 4664 860 4720; baseline 0.014 -6"><span class='ocrx_word' id='word_1_588' title='bbox 444 4664 598 4715; x_wconf 78' lang='lat' dir='ltr'>stella</span> <span class='ocrx_word' id='word_1_589' title='bbox 629 4672 860 4720; x_wconf 83' lang='lat' dir='ltr'>comata.</span> 
     </span>
    </p>
   </div>
   <div class='ocr_carea' id='block_1_79' title="bbox 514 4738 2141 4808">
    <p class='ocr_par' dir='ltr' id='par_1_79' title="bbox 514 4738 2141 4808">
     <span class='ocr_line' id='line_1_79' title="bbox 514 4738 2141 4808; baseline 0.003 -22"><span class='ocrx_word' id='word_1_590' title='bbox 514 4746 531 4765; x_wconf 75' lang='grc' dir='ltr'><strong>ε</strong></span> <span class='ocrx_word' id='word_1_591' title='bbox 568 4738 755 4788; x_wconf 82' lang='lat' dir='ltr'>Chesn.</span> <span class='ocrx_word' id='word_1_592' title='bbox 822 4741 913 4797; x_wconf 79' lang='lat' dir='ltr'>aL.</span> <span class='ocrx_word' id='word_1_593' title='bbox 949 4739 1304 4805; x_wconf 68' lang='lat' dir='ltr'>.Chrodinus,</span> <span class='ocrx_word' id='word_1_594' title='bbox 1365 4745 1432 4797; x_wconf 91' lang='lat' dir='ltr'>de</span> <span class='ocrx_word' id='word_1_595' title='bbox 1498 4756 1603 4808; x_wconf 89' lang='lat' dir='ltr'>quo</span> <span class='ocrx_word' id='word_1_596' title='bbox 1661 4756 1823 4807; x_wconf 84' lang='lat' dir='ltr'>supra</span> <span class='ocrx_word' id='word_1_597' title='bbox 1891 4754 2007 4806; x_wconf 84' lang='lat' dir='ltr'>cap.</span> <span class='ocrx_word' id='word_1_598' title='bbox 2065 4742 2141 4792; x_wconf 90' lang='lat'>59.</span> 
     </span>
    </p>
   </div>
   <div class='ocr_carea' id='block_1_80' title="bbox 452 4807 1219 4867">
    <p class='ocr_par' dir='ltr' id='par_1_80' title="bbox 452 4807 1219 4867">
     <span class='ocr_line' id='line_1_80' title="bbox 452 4807 1219 4867; baseline 0.009 -9"><span class='ocrx_word' id='word_1_599' title='bbox 452 4807 597 4865; x_wconf 75' lang='grc' dir='ltr'>Βυιι..</span> <span class='ocrx_word' id='word_1_600' title='bbox 630 4809 862 4863; x_wconf 72' lang='lat' dir='ltr'>bonitate</span> <span class='ocrx_word' id='word_1_601' title='bbox 891 4814 1219 4867; x_wconf 75' lang='lat' dir='ltr'>lenissimus.</span> 
     </span>
    </p>
   </div>
   <div class='ocr_carea' id='block_1_81' title="bbox 510 4879 2145 4953">
    <p class='ocr_par' dir='ltr' id='par_1_81' title="bbox 510 4879 2145 4953">
     <span class='ocr_line' id='line_1_81' title="bbox 510 4879 2145 4953; baseline 0.004 -23"><span class='ocrx_word' id='word_1_602' title='bbox 510 4879 531 4909; x_wconf 74' lang='grc' dir='ltr'><em>δ</em></span> <span class='ocrx_word' id='word_1_603' title='bbox 569 4882 649 4932; x_wconf 88' lang='lat' dir='ltr'>Sic</span> <span class='ocrx_word' id='word_1_604' title='bbox 700 4885 847 4934; x_wconf 66' lang='lat' dir='ltr'>Bch.&#39;</span> <span class='ocrx_word' id='word_1_605' title='bbox 879 4891 929 4936; x_wconf 91' lang='lat' dir='ltr'>et</span> <span class='ocrx_word' id='word_1_606' title='bbox 983 4887 1116 4936; x_wconf 71' lang='lat' dir='ltr'>Clar.</span> <span class='ocrx_word' id='word_1_607' title='bbox 1182 4888 1323 4947; x_wconf 88' lang='lat' dir='ltr'>Can.,</span> <span class='ocrx_word' id='word_1_608' title='bbox 1384 4888 1516 4953; x_wconf 82' lang='lat' dir='ltr'>jure</span> <span class='ocrx_word' id='word_1_609' title='bbox 1572 4886 1788 4937; x_wconf 74' lang='lat' dir='ltr'>censuit.</span> <span class='ocrx_word' id='word_1_610' title='bbox 1845 4885 2015 4945; x_wconf 83' lang='lat' dir='ltr'>Freh.,</span> <span class='ocrx_word' id='word_1_611' title='bbox 2058 4887 2145 4937; x_wconf 76' lang='lat' dir='ltr'>vir</span> 
     </span>
    </p>
   </div>
   <div class='ocr_carea' id='block_1_82' title="bbox 447 4954 1186 5015">
    <p class='ocr_par' dir='ltr' id='par_1_82' title="bbox 447 4954 1186 5015">
     <span class='ocr_line' id='line_1_82' title="bbox 447 4954 1186 5015; baseline 0.005 -13"><span class='ocrx_word' id='word_1_612' title='bbox 447 4954 672 5006; x_wconf 76' lang='lat' dir='ltr'>censuit.</span> <span class='ocrx_word' id='word_1_613' title='bbox 705 4954 912 5015; x_wconf 89' lang='lat' dir='ltr'>Chesn.,</span> <span class='ocrx_word' id='word_1_614' title='bbox 944 4956 1186 5009; x_wconf 74' lang='lat' dir='ltr'>cens-ivit.</span> 
     </span>
    </p>
   </div>
   <div class='ocr_carea' id='block_1_83' title="bbox 510 5026 2138 5090">
    <p class='ocr_par' dir='ltr' id='par_1_83' title="bbox 510 5026 2138 5090">
     <span class='ocr_line' id='line_1_83' title="bbox 510 5026 2138 5090; baseline 0.002 -13"><span class='ocrx_word' id='word_1_615' title='bbox 510 5033 531 5059; x_wconf 72' lang='grc'>⁸</span> <span class='ocrx_word' id='word_1_616' title='bbox 565 5026 917 5090; x_wconf 76' lang='lat' dir='ltr'>Fredegarius</span> <span class='ocrx_word' id='word_1_617' title='bbox 976 5029 1317 5079; x_wconf 50' lang='lat' dir='ltr'>existimasse</span> <span class='ocrx_word' id='word_1_618' title='bbox 1374 5028 1587 5078; x_wconf 80' lang='lat' dir='ltr'>videtur</span> <span class='ocrx_word' id='word_1_619' title='bbox 1649 5026 2042 5079; x_wconf 88' lang='lat' dir='ltr'>Childebertum</span> <span class='ocrx_word' id='word_1_620' title='bbox 2100 5027 2138 5082; x_wconf 80' lang='grc' dir='ltr'>Ι,</span> 
     </span>
    </p>
   </div>
   <div class='ocr_carea' id='block_1_84' title="bbox 450 5096 2141 5159">
    <p class='ocr_par' dir='ltr' id='par_1_84' title="bbox 450 5096 2141 5159">
     <span class='ocr_line' id='line_1_84' title="bbox 450 5096 2141 5159; baseline 0.001 -14"><span class='ocrx_word' id='word_1_621' title='bbox 450 5096 561 5157; x_wconf 89' lang='lat' dir='ltr'>qui,</span> <span class='ocrx_word' id='word_1_622' title='bbox 619 5109 684 5147; x_wconf 84' lang='lat' dir='ltr'>ex</span> <span class='ocrx_word' id='word_1_623' title='bbox 734 5098 1007 5159; x_wconf 66' lang='lat' dir='ltr'>Gregorio,</span> <span class='ocrx_word' id='word_1_624' title='bbox 1057 5098 1464 5150; x_wconf 79' lang='lat' dir='ltr'>Gundovaldum</span> <span class='ocrx_word' id='word_1_625' title='bbox 1514 5098 1786 5149; x_wconf 82' lang='lat' dir='ltr'>Chlotario</span> <span class='ocrx_word' id='word_1_626' title='bbox 1833 5099 2141 5155; x_wconf 85' lang='lat' dir='ltr'>transmisit,</span> 
     </span>
    </p>
   </div>
   <div class='ocr_carea' id='block_1_85' title="bbox 452 5167 2145 5235">
    <p class='ocr_par' dir='ltr' id='par_1_85' title="bbox 452 5167 2145 5235">
     <span class='ocr_line' id='line_1_85' title="bbox 452 5167 2145 5235; baseline 0.002 -18"><span class='ocrx_word' id='word_1_627' title='bbox 452 5167 622 5228; x_wconf 85' lang='lat' dir='ltr'>ipsius</span> <span class='ocrx_word' id='word_1_628' title='bbox 651 5167 895 5219; x_wconf 78' lang='lat' dir='ltr'>Chlutarti</span> <span class='ocrx_word' id='word_1_629' title='bbox 934 5170 1101 5219; x_wconf 82' lang='lat' dir='ltr'>fuisse</span> <span class='ocrx_word' id='word_1_630' title='bbox 1134 5175 1401 5234; x_wconf 85' lang='lat' dir='ltr'>patruum,</span> <span class='ocrx_word' id='word_1_631' title='bbox 1432 5172 1574 5235; x_wconf 85' lang='lat' dir='ltr'>quod</span> <span class='ocrx_word' id='word_1_632' title='bbox 1612 5170 1805 5219; x_wconf 85' lang='lat' dir='ltr'>falsum</span> <span class='ocrx_word' id='word_1_633' title='bbox 1842 5173 1958 5220; x_wconf 90' lang='lat' dir='ltr'>est:</span> <span class='ocrx_word' id='word_1_634' title='bbox 1989 5173 2145 5220; x_wconf 91' lang='lat' dir='ltr'>erant</span> 
     </span>
    </p>
   </div>
   <div class='ocr_carea' id='block_1_86' title="bbox 448 5238 2145 5303">
    <p class='ocr_par' dir='ltr' id='par_1_86' title="bbox 448 5238 2145 5303">
     <span class='ocr_line' id='line_1_86' title="bbox 448 5238 2145 5303; baseline 0.001 -14"><span class='ocrx_word' id='word_1_635' title='bbox 448 5239 590 5289; x_wconf 88' lang='lat' dir='ltr'>enim</span> <span class='ocrx_word' id='word_1_636' title='bbox 635 5238 848 5296; x_wconf 65' lang='lat' dir='ltr'>fratres.</span> <span class='ocrx_word' id='word_1_637' title='bbox 905 5246 997 5291; x_wconf 79' lang='lat' dir='ltr'>Aut</span> <span class='ocrx_word' id='word_1_638' title='bbox 1034 5246 1179 5292; x_wconf 86' lang='lat' dir='ltr'>certe</span> <span class='ocrx_word' id='word_1_639' title='bbox 1233 5241 1463 5292; x_wconf 73' lang='lat' dir='ltr'>Ctiilceb.</span> <span class='ocrx_word' id='word_1_640' title='bbox 1522 5240 1850 5292; x_wconf 74' lang='lat' dir='ltr'>Gundovaldi</span> <span class='ocrx_word' id='word_1_641' title='bbox 1898 5244 2145 5303; x_wconf 80' lang='lat' dir='ltr'>patruum</span> 
     </span>
    </p>
   </div>
   <div class='ocr_carea' id='block_1_87' title="bbox 449 5309 2142 5374">
    <p class='ocr_par' dir='ltr' id='par_1_87' title="bbox 449 5309 2142 5374">
     <span class='ocr_line' id='line_1_87' title="bbox 449 5309 2142 5374; baseline 0.002 -15"><span class='ocrx_word' id='word_1_642' title='bbox 449 5309 704 5372; x_wconf 82' lang='lat' dir='ltr'>appellat,</span> <span class='ocrx_word' id='word_1_643' title='bbox 750 5314 802 5362; x_wconf 89' lang='lat' dir='ltr'>et</span> <span class='ocrx_word' id='word_1_644' title='bbox 855 5316 979 5362; x_wconf 92' lang='lat' dir='ltr'>tunc</span> <span class='ocrx_word' id='word_1_645' title='bbox 1027 5316 1145 5374; x_wconf 87' lang='lat' dir='ltr'>ejus</span> <span class='ocrx_word' id='word_1_646' title='bbox 1193 5313 1359 5363; x_wconf 80' lang='lat' dir='ltr'>verba</span> <span class='ocrx_word' id='word_1_647' title='bbox 1414 5316 1492 5363; x_wconf 76' lang='lat' dir='ltr'>sic</span> <span class='ocrx_word' id='word_1_648' title='bbox 1544 5314 1863 5371; x_wconf 72' lang='lat' dir='ltr'>exponenda</span> <span class='ocrx_word' id='word_1_649' title='bbox 1919 5316 2142 5363; x_wconf 86' lang='lat' dir='ltr'>essent:</span> 
     </span>
    </p>
   </div>
   <div class='ocr_carea' id='block_1_88' title="bbox 450 5379 2143 5446">
    <p class='ocr_par' dir='ltr' id='par_1_88' title="bbox 450 5379 2143 5446">
     <span class='ocr_line' id='line_1_88' title="bbox 450 5379 2143 5446; baseline 0 -16"><span class='ocrx_word' id='word_1_650' title='bbox 450 5381 484 5430; x_wconf 71' lang='grc' dir='ltr'><strong>Δ</strong></span> <span class='ocrx_word' id='word_1_651' title='bbox 523 5379 857 5433; x_wconf 89' lang='lat' dir='ltr'>Childeberto</span> <span class='ocrx_word' id='word_1_652' title='bbox 888 5384 1127 5434; x_wconf 78' lang='lat' dir='ltr'>directus</span> <span class='ocrx_word' id='word_1_653' title='bbox 1161 5386 1242 5434; x_wconf 85' lang='lat' dir='ltr'>est</span> <span class='ocrx_word' id='word_1_654' title='bbox 1279 5382 1347 5432; x_wconf 88' lang='lat' dir='ltr'>ad</span> <span class='ocrx_word' id='word_1_655' title='bbox 1370 5388 1577 5446; x_wconf 86' lang='lat' dir='ltr'>patrem</span> <span class='ocrx_word' id='word_1_656' title='bbox 1606 5395 1764 5432; x_wconf 88' lang='lat' dir='ltr'>suum</span> <span class='ocrx_word' id='word_1_657' title='bbox 1794 5381 2143 5444; x_wconf 87' lang='lat' dir='ltr'>Chlotarium,</span> 
     </span>
    </p>
   </div>
   <div class='ocr_carea' id='block_1_89' title="bbox 452 5453 2145 5514">
    <p class='ocr_par' dir='ltr' id='par_1_89' title="bbox 452 5453 2145 5514">
     <span class='ocr_line' id='line_1_89' title="bbox 452 5453 2145 5514; baseline 0 -13"><span class='ocrx_word' id='word_1_658' title='bbox 452 5453 593 5514; x_wconf 91' lang='lat' dir='ltr'>quod</span> <span class='ocrx_word' id='word_1_659' title='bbox 652 5464 683 5502; x_wconf 91' lang='lat' dir='ltr'>a</span> <span class='ocrx_word' id='word_1_660' title='bbox 724 5455 945 5503; x_wconf 79' lang='lat' dir='ltr'>veritate</span> <span class='ocrx_word' id='word_1_661' title='bbox 981 5455 1215 5505; x_wconf 80' lang='lat' dir='ltr'>alienum</span> <span class='ocrx_word' id='word_1_662' title='bbox 1272 5465 1378 5502; x_wconf 88' lang='lat' dir='ltr'>non</span> <span class='ocrx_word' id='word_1_663' title='bbox 1430 5458 1526 5503; x_wconf 89' lang='lat' dir='ltr'>est.</span> <span class='ocrx_word' id='word_1_664' title='bbox 1579 5453 1704 5503; x_wconf 82' lang='lat' dir='ltr'>Nam</span> <span class='ocrx_word' id='word_1_665' title='bbox 1761 5453 2145 5503; x_wconf 78' lang='lat' dir='ltr'>Gunuovaldus</span> 
     </span>
    </p>
   </div>
   <div class='ocr_carea' id='block_1_90' title="bbox 450 5521 2142 5584">
    <p class='ocr_par' dir='ltr' id='par_1_90' title="bbox 450 5521 2142 5584">
     <span class='ocr_line' id='line_1_90' title="bbox 450 5521 2142 5584; baseline 0.001 -13"><span class='ocrx_word' id='word_1_666' title='bbox 450 5522 681 5581; x_wconf 87' lang='lat' dir='ltr'>primum</span> <span class='ocrx_word' id='word_1_667' title='bbox 730 5523 1069 5574; x_wconf 83' lang='lat' dir='ltr'>Cbildeberto</span> <span class='ocrx_word' id='word_1_668' title='bbox 1116 5524 1130 5572; x_wconf 93' lang='lat' dir='ltr'>l</span> <span class='ocrx_word' id='word_1_669' title='bbox 1185 5526 1534 5584; x_wconf 54' lang='lat' dir='ltr'>praesentatus-</span> <span class='ocrx_word' id='word_1_670' title='bbox 1586 5527 1682 5579; x_wconf 89' lang='lat' dir='ltr'>est,</span> <span class='ocrx_word' id='word_1_671' title='bbox 1731 5534 1855 5573; x_wconf 89' lang='lat' dir='ltr'>cum</span> <span class='ocrx_word' id='word_1_672' title='bbox 1895 5522 1959 5572; x_wconf 87' lang='lat' dir='ltr'>ad</span> <span class='ocrx_word' id='word_1_673' title='bbox 1986 5521 2142 5573; x_wconf 82' lang='lat' dir='ltr'>Chlo-</span> 
     </span>
    </p>
   </div>
   <div class='ocr_carea' id='block_1_91' title="bbox 452 5591 2017 5655">
    <p class='ocr_par' dir='ltr' id='par_1_91' title="bbox 452 5591 2017 5655">
     <span class='ocr_line' id='line_1_91' title="bbox 452 5591 2017 5655; baseline 0.001 -15"><span class='ocrx_word' id='word_1_674' title='bbox 452 5594 645 5644; x_wconf 86' lang='lat' dir='ltr'>tarium</span> <span class='ocrx_word' id='word_1_675' title='bbox 675 5594 914 5646; x_wconf 89' lang='lat' dir='ltr'>directus</span> <span class='ocrx_word' id='word_1_676' title='bbox 943 5596 1058 5645; x_wconf 85' lang='lat' dir='ltr'>fuit.</span> <span class='ocrx_word' id='word_1_677' title='bbox 1096 5591 1294 5643; x_wconf 76' lang='lat' dir='ltr'>Confer</span> <span class='ocrx_word' id='word_1_678' title='bbox 1326 5606 1441 5655; x_wconf 86' lang='lat' dir='ltr'>cap.</span> <span class='ocrx_word' id='word_1_679' title='bbox 1479 5593 1538 5643; x_wconf 77' lang='grc'>24</span> <span class='ocrx_word' id='word_1_680' title='bbox 1568 5592 1658 5643; x_wconf 90' lang='lat' dir='ltr'>lib.</span> <span class='ocrx_word' id='word_1_681' title='bbox 1688 5605 1735 5641; x_wconf 81' lang='lat' dir='ltr'>Vl</span> <span class='ocrx_word' id='word_1_682' title='bbox 1759 5593 2017 5652; x_wconf 72' lang='lat' dir='ltr'>Gregorii.</span> 
     </span>
    </p>
   </div>
   <div class='ocr_carea' id='block_1_92' title="bbox 519 5663 2144 5728">
    <p class='ocr_par' dir='ltr' id='par_1_92' title="bbox 519 5663 2144 5728">
     <span class='ocr_line' id='line_1_92' title="bbox 519 5663 2144 5728; baseline 0.001 -15"><span class='ocrx_word' id='word_1_683' title='bbox 519 5663 696 5714; x_wconf 73' lang='lat' dir='ltr'>fCan.</span> <span class='ocrx_word' id='word_1_684' title='bbox 765 5672 817 5718; x_wconf 84' lang='lat' dir='ltr'>et</span> <span class='ocrx_word' id='word_1_685' title='bbox 873 5664 989 5728; x_wconf 60' lang='grc' dir='ltr'>Ωιι,</span> <span class='ocrx_word' id='word_1_686' title='bbox 1041 5664 1317 5727; x_wconf 73' lang='lat' dir='ltr'>dirigitur.</span> <span class='ocrx_word' id='word_1_687' title='bbox 1386 5665 1573 5716; x_wconf 85' lang='lat' dir='ltr'>Nostra</span> <span class='ocrx_word' id='word_1_688' title='bbox 1616 5664 1774 5716; x_wconf 83' lang='lat' dir='ltr'>lectio</span> <span class='ocrx_word' id='word_1_689' title='bbox 1828 5666 2041 5721; x_wconf 85' lang='lat' dir='ltr'>metior,</span> <span class='ocrx_word' id='word_1_690' title='bbox 2092 5663 2144 5714; x_wconf 93' lang='lat' dir='ltr'>id</span> 
     </span>
    </p>
   </div>
   <div class='ocr_carea' id='block_1_93' title="bbox 456 5737 729 5786">
    <p class='ocr_par' dir='ltr' id='par_1_93' title="bbox 456 5737 729 5786">
     <span class='ocr_line' id='line_1_93' title="bbox 456 5737 729 5786; baseline 0.004 -1"><span class='ocrx_word' id='word_1_691' title='bbox 456 5737 535 5785; x_wconf 89' lang='lat' dir='ltr'>est</span> <span class='ocrx_word' id='word_1_692' title='bbox 572 5738 729 5786; x_wconf 81' lang='lat' dir='ltr'>vadlt.</span> 
     </span>
    </p>
   </div>
   <div class='ocr_carea' id='block_1_94' title="bbox 516 5805 2138 5872">
    <p class='ocr_par' dir='ltr' id='par_1_94' title="bbox 516 5805 2138 5872">
     <span class='ocr_line' id='line_1_94' title="bbox 516 5805 2138 5872; baseline 0.001 -14"><span class='ocrx_word' id='word_1_693' title='bbox 516 5816 540 5851; x_wconf 76' lang='grc' dir='ltr'>ι</span> <span class='ocrx_word' id='word_1_694' title='bbox 572 5807 829 5871; x_wconf 77' lang='lat' dir='ltr'>Syagrius</span> <span class='ocrx_word' id='word_1_695' title='bbox 885 5810 1001 5861; x_wconf 87' lang='lat' dir='ltr'>erat</span> <span class='ocrx_word' id='word_1_696' title='bbox 1056 5806 1581 5872; x_wconf 81' lang='lat' dir='ltr'>Augustoduuensis,</span> <span class='ocrx_word' id='word_1_697' title='bbox 1654 5810 1705 5862; x_wconf 84' lang='lat' dir='ltr'>et</span> <span class='ocrx_word' id='word_1_698' title='bbox 1768 5806 1976 5860; x_wconf 77' lang='lat' dir='ltr'>Flavius</span> <span class='ocrx_word' id='word_1_699' title='bbox 2041 5805 2138 5859; x_wconf 83' lang='lat' dir='ltr'>Ca-</span> 
     </span>
    </p>
   </div>
   <div class='ocr_carea' id='block_1_95' title="bbox 2229 4385 3917 4451">
    <p class='ocr_par' dir='ltr' id='par_1_95' title="bbox 2229 4385 3917 4451">
     <span class='ocr_line' id='line_1_95' title="bbox 2229 4385 3917 4451; baseline -0.004 -12"><span class='ocrx_word' id='word_1_700' title='bbox 2229 4388 2556 4441; x_wconf 86' lang='lat' dir='ltr'>billonensis</span> <span class='ocrx_word' id='word_1_701' title='bbox 2604 4388 2861 4451; x_wconf 81' lang='lat' dir='ltr'>episcOpi,</span> <span class='ocrx_word' id='word_1_702' title='bbox 2919 4399 3058 4451; x_wconf 87' lang='lat' dir='ltr'>quos</span> <span class='ocrx_word' id='word_1_703' title='bbox 3110 4385 3301 4439; x_wconf 84' lang='lat' dir='ltr'>fideles</span> <span class='ocrx_word' id='word_1_704' title='bbox 3336 4396 3553 4443; x_wconf 80' lang='lat' dir='ltr'>semper</span> <span class='ocrx_word' id='word_1_705' title='bbox 3588 4386 3917 4438; x_wconf 79' lang='lat' dir='ltr'>Gnntramno</span> 
     </span>
    </p>
   </div>
   <div class='ocr_carea' id='block_1_96' title="bbox 2230 4455 3917 4520">
    <p class='ocr_par' dir='ltr' id='par_1_96' title="bbox 2230 4455 3917 4520">
     <span class='ocr_line' id='line_1_96' title="bbox 2230 4455 3917 4520; baseline -0.005 -9"><span class='ocrx_word' id='word_1_706' title='bbox 2230 4462 2502 4511; x_wconf 83' lang='lat' dir='ltr'>exstitisse</span> <span class='ocrx_word' id='word_1_707' title='bbox 2564 4461 2833 4509; x_wconf 79' lang='lat' dir='ltr'>existimat</span> <span class='ocrx_word' id='word_1_708' title='bbox 2888 4459 3141 4515; x_wconf 82' lang='lat' dir='ltr'>Valesius,</span> <span class='ocrx_word' id='word_1_709' title='bbox 3201 4455 3639 4520; x_wconf 86' lang='lat' dir='ltr'>prolitionisque</span> <span class='ocrx_word' id='word_1_710' title='bbox 3701 4468 3917 4506; x_wconf 64' lang='lat' dir='ltr'>accusa-</span> 
     </span>
    </p>
   </div>
   <div class='ocr_carea' id='block_1_97' title="bbox 2161 4512 3922 4591">
    <p class='ocr_par' dir='ltr' id='par_1_97' title="bbox 2161 4512 3922 4591">
     <span class='ocr_line' id='line_1_97' title="bbox 2161 4512 3922 4591; baseline -0.003 -13"><span class='ocrx_word' id='word_1_711' title='bbox 2161 4512 2310 4579; x_wconf 86' lang='lat' dir='ltr'>Dtos</span> <span class='ocrx_word' id='word_1_712' title='bbox 2372 4544 2403 4580; x_wconf 87' lang='lat' dir='ltr'>a</span> <span class='ocrx_word' id='word_1_713' title='bbox 2468 4529 2748 4581; x_wconf 84' lang='lat' dir='ltr'>Mummolo</span> <span class='ocrx_word' id='word_1_714' title='bbox 2822 4512 3312 4591; x_wconf 24' lang='lat' dir='ltr'>invidiosepq&#39;uod</span> <span class='ocrx_word' id='word_1_715' title='bbox 3373 4512 3561 4578; x_wconf 80' lang='lat' dir='ltr'>eorum</span> <span class='ocrx_word' id='word_1_716' title='bbox 3632 4528 3922 4589; x_wconf 76' lang='lat' dir='ltr'>potentiam</span> 
     </span>
    </p>
   </div>
   <div class='ocr_carea' id='block_1_98' title="bbox 2229 4600 2587 4659">
    <p class='ocr_par' dir='ltr' id='par_1_98' title="bbox 2229 4600 2587 4659">
     <span class='ocr_line' id='line_1_98' title="bbox 2229 4600 2587 4659; baseline 0 -10"><span class='ocrx_word' id='word_1_717' title='bbox 2229 4614 2371 4659; x_wconf 70' lang='lat' dir='ltr'>regre</span> <span class='ocrx_word' id='word_1_718' title='bbox 2407 4600 2505 4650; x_wconf 66' lang='lat' dir='ltr'>fert</span> <span class='ocrx_word' id='word_1_719' title='bbox 2520 4605 2587 4651; x_wconf 86' lang='lat' dir='ltr'>et.</span> 
     </span>
    </p>
   </div>
   <div class='ocr_carea' id='block_1_99' title="bbox 2291 4667 3918 4733">
    <p class='ocr_par' dir='ltr' id='par_1_99' title="bbox 2291 4667 3918 4733">
     <span class='ocr_line' id='line_1_99' title="bbox 2291 4667 3918 4733; baseline -0.001 -12"><span class='ocrx_word' id='word_1_720' title='bbox 2291 4672 2311 4700; x_wconf 69' lang='grc' dir='ltr'>δ</span> <span class='ocrx_word' id='word_1_721' title='bbox 2346 4672 2437 4721; x_wconf 91' lang='lat' dir='ltr'>Ch.</span> <span class='ocrx_word' id='word_1_722' title='bbox 2490 4672 2582 4731; x_wconf 89' lang='lat' dir='ltr'>a|.,</span> <span class='ocrx_word' id='word_1_723' title='bbox 2635 4667 2906 4721; x_wconf 69' lang='lat' dir='ltr'>Carfatus.</span> <span class='ocrx_word' id='word_1_724' title='bbox 2966 4669 3291 4733; x_wconf 88' lang='lat' dir='ltr'>Subscripsit</span> <span class='ocrx_word' id='word_1_725' title='bbox 3326 4668 3488 4719; x_wconf 91' lang='lat' dir='ltr'>Conc.</span> <span class='ocrx_word' id='word_1_726' title='bbox 3551 4668 3830 4721; x_wconf 78' lang='lat' dir='ltr'>Valentino</span> <span class='ocrx_word' id='word_1_727' title='bbox 3872 4678 3918 4719; x_wconf 88' lang='grc' dir='ltr'>ιι.</span> 
     </span>
    </p>
   </div>
   <div class='ocr_carea' id='block_1_100' title="bbox 2226 4741 3650 4804">
    <p class='ocr_par' dir='ltr' id='par_1_100' title="bbox 2226 4741 3650 4804">
     <span class='ocr_line' id='line_1_100' title="bbox 2226 4741 3650 4804; baseline -0.003 -11"><span class='ocrx_word' id='word_1_728' title='bbox 2226 4754 2311 4793; x_wconf 83' lang='lat' dir='ltr'>an.</span> <span class='ocrx_word' id='word_1_729' title='bbox 2338 4744 2447 4799; x_wconf 72' lang='grc'>584,</span> <span class='ocrx_word' id='word_1_730' title='bbox 2484 4747 2536 4793; x_wconf 79' lang='lat' dir='ltr'>et</span> <span class='ocrx_word' id='word_1_731' title='bbox 2567 4742 2937 4793; x_wconf 75' lang='lat' dir='ltr'>Matisconeusi</span> <span class='ocrx_word' id='word_1_732' title='bbox 2974 4742 3095 4794; x_wconf 89' lang='lat' dir='ltr'>item</span> <span class='ocrx_word' id='word_1_733' title='bbox 3124 4754 3181 4796; x_wconf 89' lang='grc' dir='ltr'>ιι.</span> <span class='ocrx_word' id='word_1_734' title='bbox 3212 4752 3354 4790; x_wconf 88' lang='lat' dir='ltr'>anno</span> <span class='ocrx_word' id='word_1_735' title='bbox 3384 4741 3650 4804; x_wconf 86' lang='lat' dir='ltr'>sequenti.</span> 
     </span>
    </p>
   </div>
   <div class='ocr_carea' id='block_1_101' title="bbox 2277 4806 3919 4874">
    <p class='ocr_par' dir='ltr' id='par_1_101' title="bbox 2277 4806 3919 4874">
     <span class='ocr_line' id='line_1_101' title="bbox 2277 4806 3919 4874; baseline -0.005 -11"><span class='ocrx_word' id='word_1_736' title='bbox 2277 4814 2404 4865; x_wconf 71' lang='lat' dir='ltr'>‘Sic</span> <span class='ocrx_word' id='word_1_737' title='bbox 2448 4812 2597 4864; x_wconf 89' lang='lat' dir='ltr'>Clar.</span> <span class='ocrx_word' id='word_1_738' title='bbox 2652 4813 2797 4871; x_wconf 81' lang='lat' dir='ltr'>Editi,</span> <span class='ocrx_word' id='word_1_739' title='bbox 2858 4811 3016 4874; x_wconf 78' lang='lat' dir='ltr'>male,</span> <span class='ocrx_word' id='word_1_740' title='bbox 3078 4809 3436 4864; x_wconf 79' lang='lat' dir='ltr'>Guntramno.</span> <span class='ocrx_word' id='word_1_741' title='bbox 3503 4810 3627 4862; x_wconf 81' lang='lat' dir='ltr'>Vide</span> <span class='ocrx_word' id='word_1_742' title='bbox 3684 4806 3919 4872; x_wconf 78' lang='lat' dir='ltr'>Gregorii</span> 
     </span>
    </p>
   </div>
   <div class='ocr_carea' id='block_1_102' title="bbox 2230 4883 3679 4936">
    <p class='ocr_par' dir='ltr' id='par_1_102' title="bbox 2230 4883 3679 4936">
     <span class='ocr_line' id='line_1_102' title="bbox 2230 4883 3679 4936; baseline -0.004 -1"><span class='ocrx_word' id='word_1_743' title='bbox 2230 4883 2429 4936; x_wconf 78' lang='lat' dir='ltr'>lacum.</span> <span class='ocrx_word' id='word_1_744' title='bbox 3664 4912 3679 4929; x_wconf 84' lang='lat'>.</span> 
     </span>
    </p>
   </div>
   <div class='ocr_carea' id='block_1_103' title="bbox 2291 4951 3919 5019">
    <p class='ocr_par' dir='ltr' id='par_1_103' title="bbox 2291 4951 3919 5019">
     <span class='ocr_line' id='line_1_103' title="bbox 2291 4951 3919 5019; baseline -0.001 -18"><span class='ocrx_word' id='word_1_745' title='bbox 2291 4955 2627 5016; x_wconf 74' lang='lat' dir='ltr'>iChinerici</span> <span class='ocrx_word' id='word_1_746' title='bbox 2682 4967 2873 5007; x_wconf 90' lang='lat' dir='ltr'>necem</span> <span class='ocrx_word' id='word_1_747' title='bbox 2921 4955 3257 5019; x_wconf 84' lang='lat' dir='ltr'>Fredegundi</span> <span class='ocrx_word' id='word_1_748' title='bbox 3311 4953 3497 5005; x_wconf 88' lang='lat' dir='ltr'>tribuit</span> <span class='ocrx_word' id='word_1_749' title='bbox 3546 4954 3741 5004; x_wconf 83' lang='lat' dir='ltr'>auctor</span> <span class='ocrx_word' id='word_1_750' title='bbox 3802 4951 3919 5001; x_wconf 80' lang='lat' dir='ltr'>Ges-</span> 
     </span>
    </p>
   </div>
   <div class='ocr_carea' id='block_1_104' title="bbox 2232 5022 3920 5089">
    <p class='ocr_par' dir='ltr' id='par_1_104' title="bbox 2232 5022 3920 5089">
     <span class='ocr_line' id='line_1_104' title="bbox 2232 5022 3920 5089; baseline -0.005 -13"><span class='ocrx_word' id='word_1_751' title='bbox 2232 5028 2410 5077; x_wconf 86' lang='lat' dir='ltr'>torum</span> <span class='ocrx_word' id='word_1_752' title='bbox 2472 5025 2818 5083; x_wconf 72' lang='lat' dir='ltr'>Francovum,</span> <span class='ocrx_word' id='word_1_753' title='bbox 2898 5030 2949 5077; x_wconf 90' lang='lat' dir='ltr'>et</span> <span class='ocrx_word' id='word_1_754' title='bbox 3000 5031 3120 5089; x_wconf 87' lang='lat' dir='ltr'>post</span> <span class='ocrx_word' id='word_1_755' title='bbox 3188 5037 3313 5077; x_wconf 89' lang='lat' dir='ltr'>eum</span> <span class='ocrx_word' id='word_1_756' title='bbox 3372 5024 3671 5086; x_wconf 75' lang='lat' dir='ltr'>Aimoinus,</span> <span class='ocrx_word' id='word_1_757' title='bbox 3749 5022 3920 5072; x_wconf 67' lang='lat' dir='ltr'>veritas</span> 
     </span>
    </p>
   </div>
   <div class='ocr_carea' id='block_1_105' title="bbox 2230 5093 3918 5165">
    <p class='ocr_par' dir='ltr' id='par_1_105' title="bbox 2230 5093 3918 5165">
     <span class='ocr_line' id='line_1_105' title="bbox 2230 5093 3918 5165; baseline -0.005 -16"><span class='ocrx_word' id='word_1_758' title='bbox 2230 5098 2439 5149; x_wconf 81' lang='lat' dir='ltr'>scilicet</span> <span class='ocrx_word' id='word_1_759' title='bbox 2484 5110 2553 5149; x_wconf 91' lang='lat' dir='ltr'>ne</span> <span class='ocrx_word' id='word_1_760' title='bbox 2591 5100 2713 5162; x_wconf 87' lang='lat' dir='ltr'>ejus</span> <span class='ocrx_word' id='word_1_761' title='bbox 2747 5100 2991 5160; x_wconf 90' lang='lat' dir='ltr'>impuros</span> <span class='ocrx_word' id='word_1_762' title='bbox 3026 5109 3256 5153; x_wconf 84' lang='lat' dir='ltr'>amores,</span> <span class='ocrx_word' id='word_1_763' title='bbox 3293 5108 3439 5165; x_wconf 67' lang='lat' dir='ltr'>quos</span> <span class='ocrx_word' id='word_1_764' title='bbox 3467 5106 3587 5144; x_wconf 86' lang='lat' dir='ltr'>cum</span> <span class='ocrx_word' id='word_1_765' title='bbox 3636 5093 3918 5165; x_wconf 77' lang='lat' dir='ltr'>Lauderico</span> 
     </span>
    </p>
   </div>
   <div class='ocr_carea' id='block_1_106' title="bbox 2230 5161 3915 5231">
    <p class='ocr_par' dir='ltr' id='par_1_106' title="bbox 2230 5161 3915 5231">
     <span class='ocr_line' id='line_1_106' title="bbox 2230 5161 3915 5231; baseline -0.002 -16"><span class='ocrx_word' id='word_1_766' title='bbox 2230 5168 2474 5227; x_wconf 76' lang='lat' dir='ltr'>habebat,</span> <span class='ocrx_word' id='word_1_767' title='bbox 2525 5161 2642 5230; x_wconf 87' lang='lat' dir='ltr'>ipse</span> <span class='ocrx_word' id='word_1_768' title='bbox 2703 5180 2798 5219; x_wconf 83' lang='lat' dir='ltr'>rex</span> <span class='ocrx_word' id='word_1_769' title='bbox 2855 5168 3087 5231; x_wconf 85' lang='lat' dir='ltr'>puniret.</span> <span class='ocrx_word' id='word_1_770' title='bbox 3157 5161 3516 5229; x_wconf 77' lang='lat' dir='ltr'>Sunnigisilus</span> <span class='ocrx_word' id='word_1_771' title='bbox 3571 5169 3779 5222; x_wconf 83' lang='lat' dir='ltr'>tamen,</span> <span class='ocrx_word' id='word_1_772' title='bbox 3834 5161 3915 5226; x_wconf 86' lang='lat' dir='ltr'>qui</span> 
     </span>
    </p>
   </div>
   <div class='ocr_carea' id='block_1_107' title="bbox 2230 5237 3916 5302">
    <p class='ocr_par' dir='ltr' id='par_1_107' title="bbox 2230 5237 3916 5302">
     <span class='ocr_line' id='line_1_107' title="bbox 2230 5237 3916 5302; baseline -0.006 -12"><span class='ocrx_word' id='word_1_773' title='bbox 2230 5251 2298 5291; x_wconf 85' lang='lat' dir='ltr'>ex</span> <span class='ocrx_word' id='word_1_774' title='bbox 2356 5239 2485 5289; x_wconf 83' lang='lat' dir='ltr'>Hist.</span> <span class='ocrx_word' id='word_1_775' title='bbox 2535 5240 2689 5301; x_wconf 85' lang='lat' dir='ltr'>Greg.</span> <span class='ocrx_word' id='word_1_776' title='bbox 2744 5238 2836 5289; x_wconf 83' lang='lat' dir='ltr'>lib.</span> <span class='ocrx_word' id='word_1_777' title='bbox 2885 5252 2939 5300; x_wconf 72' lang='grc' dir='ltr'>ι,</span> <span class='ocrx_word' id='word_1_778' title='bbox 2991 5250 3106 5302; x_wconf 88' lang='lat' dir='ltr'>cap.</span> <span class='ocrx_word' id='word_1_779' title='bbox 3171 5238 3245 5296; x_wconf 85' lang='lat' dir='ltr'>l9,</span> <span class='ocrx_word' id='word_1_780' title='bbox 3302 5237 3487 5287; x_wconf 79' lang='lat' dir='ltr'>fassus</span> <span class='ocrx_word' id='word_1_781' title='bbox 3528 5247 3615 5286; x_wconf 73' lang='grc' dir='ltr'>εει</span> <span class='ocrx_word' id='word_1_782' title='bbox 3666 5248 3732 5287; x_wconf 82' lang='lat' dir='ltr'>se</span> <span class='ocrx_word' id='word_1_783' title='bbox 3776 5244 3916 5285; x_wconf 85' lang='lat' dir='ltr'>reum</span> 
     </span>
    </p>
   </div>
   <div class='ocr_carea' id='block_1_108' title="bbox 2232 5306 3914 5371">
    <p class='ocr_par' dir='ltr' id='par_1_108' title="bbox 2232 5306 3914 5371">
     <span class='ocr_line' id='line_1_108' title="bbox 2232 5306 3914 5371; baseline -0.005 -11"><span class='ocrx_word' id='word_1_784' title='bbox 2232 5322 2353 5360; x_wconf 86' lang='lat' dir='ltr'>esse</span> <span class='ocrx_word' id='word_1_785' title='bbox 2405 5309 2693 5369; x_wconf 88' lang='lat' dir='ltr'>Chilperici</span> <span class='ocrx_word' id='word_1_786' title='bbox 2745 5310 2952 5371; x_wconf 82' lang='lat' dir='ltr'>mortis,</span> <span class='ocrx_word' id='word_1_787' title='bbox 2993 5311 3197 5359; x_wconf 90' lang='lat' dir='ltr'>crimen</span> <span class='ocrx_word' id='word_1_788' title='bbox 3243 5309 3295 5359; x_wconf 87' lang='lat' dir='ltr'>in</span> <span class='ocrx_word' id='word_1_789' title='bbox 3347 5306 3765 5368; x_wconf 82' lang='lat' dir='ltr'>Fredegundem</span> <span class='ocrx_word' id='word_1_790' title='bbox 3821 5315 3914 5353; x_wconf 73' lang='lat' dir='ltr'>non</span> 
     </span>
    </p>
   </div>
   <div class='ocr_carea' id='block_1_109' title="bbox 2232 5374 3912 5444">
    <p class='ocr_par' dir='ltr' id='par_1_109' title="bbox 2232 5374 3912 5444">
     <span class='ocr_line' id='line_1_109' title="bbox 2232 5374 3912 5444; baseline -0.005 -14"><span class='ocrx_word' id='word_1_791' title='bbox 2232 5383 2440 5444; x_wconf 75' lang='lat' dir='ltr'>reiecit.</span> <span class='ocrx_word' id='word_1_792' title='bbox 2496 5380 2904 5443; x_wconf 78' lang='lat' dir='ltr'>Fredeguudem</span> <span class='ocrx_word' id='word_1_793' title='bbox 2956 5382 3075 5442; x_wconf 63' lang='lat' dir='ltr'>ejus</span> <span class='ocrx_word' id='word_1_794' title='bbox 3127 5380 3205 5429; x_wconf 90' lang='lat' dir='ltr'>rei</span> <span class='ocrx_word' id='word_1_795' title='bbox 3249 5390 3511 5429; x_wconf 85' lang='lat' dir='ltr'>accusare</span> <span class='ocrx_word' id='word_1_796' title='bbox 3540 5377 3761 5428; x_wconf 76' lang='lat' dir='ltr'>videtur</span> <span class='ocrx_word' id='word_1_797' title='bbox 3784 5374 3912 5444; x_wconf 47' lang='lat' dir='ltr'>Chii;</span> 
     </span>
    </p>
   </div>
   <div class='ocr_carea' id='block_1_110' title="bbox 2228 5442 3916 5516">
    <p class='ocr_par' dir='ltr' id='par_1_110' title="bbox 2228 5442 3916 5516">
     <span class='ocr_line' id='line_1_110' title="bbox 2228 5442 3916 5516; baseline -0.005 -15"><span class='ocrx_word' id='word_1_798' title='bbox 2228 5442 2504 5509; x_wconf 24' lang='lat' dir='ltr'>de’bertus,</span> <span class='ocrx_word' id='word_1_799' title='bbox 2571 5442 2694 5503; x_wconf 89' lang='lat' dir='ltr'>cum</span> <span class='ocrx_word' id='word_1_800' title='bbox 2768 5454 2941 5516; x_wconf 86' lang='lat' dir='ltr'>ipsam</span> <span class='ocrx_word' id='word_1_801' title='bbox 2992 5464 3023 5500; x_wconf 88' lang='lat' dir='ltr'>a</span> <span class='ocrx_word' id='word_1_802' title='bbox 3093 5449 3419 5501; x_wconf 84' lang='lat' dir='ltr'>Guntramno</span> <span class='ocrx_word' id='word_1_803' title='bbox 3473 5452 3735 5511; x_wconf 87' lang='lat' dir='ltr'>repetens</span> <span class='ocrx_word' id='word_1_804' title='bbox 3787 5442 3916 5505; x_wconf 83' lang='lat' dir='ltr'>apud</span> 
     </span>
    </p>
   </div>
   <div class='ocr_carea' id='block_1_111' title="bbox 2230 5522 3921 5586">
    <p class='ocr_par' dir='ltr' id='par_1_111' title="bbox 2230 5522 3921 5586">
     <span class='ocr_line' id='line_1_111' title="bbox 2230 5522 3921 5586; baseline -0.005 -13"><span class='ocrx_word' id='word_1_805' title='bbox 2230 5523 2409 5586; x_wconf 83' lang='lat' dir='ltr'>Greg.,</span> <span class='ocrx_word' id='word_1_806' title='bbox 2452 5522 2542 5574; x_wconf 84' lang='lat' dir='ltr'>lib.</span> <span class='ocrx_word' id='word_1_807' title='bbox 2580 5536 2675 5579; x_wconf 83' lang='lat' dir='ltr'>vn.</span> <span class='ocrx_word' id='word_1_808' title='bbox 2729 5536 2845 5585; x_wconf 83' lang='lat' dir='ltr'>cap.</span> <span class='ocrx_word' id='word_1_809' title='bbox 2894 5523 2941 5579; x_wconf 89' lang='lat'>7,</span> <span class='ocrx_word' id='word_1_810' title='bbox 2974 5534 3093 5573; x_wconf 87' lang='lat' dir='ltr'>eam</span> <span class='ocrx_word' id='word_1_811' title='bbox 3138 5533 3297 5571; x_wconf 91' lang='lat' dir='ltr'>suum</span> <span class='ocrx_word' id='word_1_812' title='bbox 3332 5524 3536 5583; x_wconf 84' lang='lat' dir='ltr'>patrem</span> <span class='ocrx_word' id='word_1_813' title='bbox 3586 5530 3650 5570; x_wconf 86' lang='lat' dir='ltr'>ac</span> <span class='ocrx_word' id='word_1_814' title='bbox 3679 5523 3921 5586; x_wconf 80' lang='lat' dir='ltr'>patruum</span> 
     </span>
    </p>
   </div>
   <div class='ocr_carea' id='block_1_112' title="bbox 2234 5585 3921 5651">
    <p class='ocr_par' dir='ltr' id='par_1_112' title="bbox 2234 5585 3921 5651">
     <span class='ocr_line' id='line_1_112' title="bbox 2234 5585 3921 5651; baseline -0.007 -8"><span class='ocrx_word' id='word_1_815' title='bbox 2234 5585 2576 5646; x_wconf 83' lang='lat' dir='ltr'>interfecisse</span> <span class='ocrx_word' id='word_1_816' title='bbox 2639 5594 2866 5645; x_wconf 46' lang='lat' dir='ltr'>dicebat.</span> <span class='ocrx_word' id='word_1_817' title='bbox 2936 5592 3046 5642; x_wconf 81' lang='lat' dir='ltr'>Hoc</span> <span class='ocrx_word' id='word_1_818' title='bbox 3115 5603 3323 5643; x_wconf 71' lang='lat' dir='ltr'>crimen</span> <span class='ocrx_word' id='word_1_819' title='bbox 3385 5594 3499 5651; x_wconf 88' lang='lat' dir='ltr'>ipsa</span> <span class='ocrx_word' id='word_1_820' title='bbox 3557 5585 3921 5651; x_wconf 76' lang='lat' dir='ltr'>Fredeguntis</span> 
     </span>
    </p>
   </div>
   <div class='ocr_carea' id='block_1_113' title="bbox 2228 5660 3917 5729">
    <p class='ocr_par' dir='ltr' id='par_1_113' title="bbox 2228 5660 3917 5729">
     <span class='ocr_line' id='line_1_113' title="bbox 2228 5660 3917 5729; baseline -0.002 -15"><span class='ocrx_word' id='word_1_821' title='bbox 2228 5666 2417 5728; x_wconf 72' lang='lat' dir='ltr'>rejeeit</span> <span class='ocrx_word' id='word_1_822' title='bbox 2460 5666 2515 5717; x_wconf 87' lang='lat' dir='ltr'>in</span> <span class='ocrx_word' id='word_1_823' title='bbox 2566 5666 2873 5718; x_wconf 84' lang='lat' dir='ltr'>Eberulfum</span> <span class='ocrx_word' id='word_1_824' title='bbox 2904 5663 3196 5729; x_wconf 87' lang='lat' dir='ltr'>Chiiperici</span> <span class='ocrx_word' id='word_1_825' title='bbox 3241 5661 3655 5723; x_wconf 86' lang='lat' dir='ltr'>cubicularium,</span> <span class='ocrx_word' id='word_1_826' title='bbox 3692 5660 3786 5711; x_wconf 86' lang='lat' dir='ltr'>lib.</span> <span class='ocrx_word' id='word_1_827' title='bbox 3829 5666 3917 5711; x_wconf 78' lang='lat' dir='ltr'>vn.</span> 
     </span>
    </p>
   </div>
   <div class='ocr_carea' id='block_1_114' title="bbox 2227 5736 3815 5803">
    <p class='ocr_par' dir='ltr' id='par_1_114' title="bbox 2227 5736 3815 5803">
     <span class='ocr_line' id='line_1_114' title="bbox 2227 5736 3815 5803; baseline -0.003 -16"><span class='ocrx_word' id='word_1_828' title='bbox 2227 5746 2344 5799; x_wconf 83' lang='lat' dir='ltr'>cap.</span> <span class='ocrx_word' id='word_1_829' title='bbox 2377 5736 2454 5786; x_wconf 79' lang='lat'>21.</span> <span class='ocrx_word' id='word_1_830' title='bbox 3796 5774 3815 5803; x_wconf 58' lang='grc' dir='ltr'><strong><em>ο</em></strong></span> 
     </span>
    </p>
   </div>
  </div>
