3982 6346
494 356 590 414 611
1654 352 1667 371 ⁴
1758 349 2211 409 FREDEGABII

2352 348 2750 410 HOLASTICI
3918 362 3951 418 5
3965 362 3982 419 ιε

568 480 681 534 ΑΝ.
714 484 1097 532 DLXXXIV.-—-
1124 474 1295 529 Anno
1325 472 1392 529 24
1422 472 1585 545 regni
1614 473 1708 531 sui
1735 485 1759 513 ι
1785 473 1985 533 divino
2013 476 2459 545 amoreAquem
2508 474 2568 530 in
2618 474 2807 533 Rioilo
2842 476 2855 512 ί
2897 476 3037 534 villa
3086 477 3359 552 baptizari
3408 480 3591 555 jubet,
3642 490 3698 541 et
3749 500 3907 543 eum
3957 483 3982 543 d

494 564 795 625 ecclesiam
822 563 971 621 beati
1002 560 1280 633 Marcelli,
1309 561 1409 619 ubi
1441 562 1562 634 ipse
1591 564 1873 635 pretiosus
1902 564 2207 637 requiescit
2291 574 2486 622 sancto
2548 564 2774 624 lavacro
2835 568 3131 641 excipiens
3204 570 3265 627 in
3324 587 3572 644 regnum
3642 576 3843 649 patris
3925 578 3982 635 ﬁt

492 656 554 713 in
607 670 861 727 corpore,
923 652 1259 711 suburbano
1318 650 1753 730 Cabillonensi,
1813 654 1909 711 sed
1972 655 2207 728 quidem
2294 657 2490 731 mavit.

497 752 693 803 tamen
742 743 1212 817 Sequanum‘est
1254 742 1629 811 territorium,
1682 745 1923 802 mirifice
1964 753 2015 802 et
2065 751 2207 809 596

499 833 736 892 solerter
760 832 1034 890 aediﬁcari
1060 832 1253 904 jussit,
1298 830 1493 901 ibique
1521 830 1821 888 monachis
1852 834 2207 905 congregatis

499 924 911 983 monasterium
955 929 975 959 ιι
1020 921 1296 992 condidit,
1348 922 1650 993 ipsamque
1696 921 1993 979 ecclesiam
2036 922 2209 979 rebus

494 1012 765 1087 plurimis
794 1012 1016 1069 ditavit.
1058 1010 1359 1084 Synodum
1398 1009 1778 1083 quadraginta
1811 1012 2209 1083 episcoporum

496 1103 992 1176 ﬁeripraecepit,et
1017 1102 1089 1159 ad
1111 1103 1294 1159 instar
1322 1100 1701 1157 institutionis
1723 1102 2054 1158 monasterii
2078 1117 2210 1158 san-

495 1201 720 1254 ctorum
748 1194 1214 1268 Agaunensium,
1254 1192 1407 1265 quod
1450 1190 1804 1263 temporibus
1847 1190 2205 1264 Sigismundi

495 1292 649 1364 regis
687 1291 760 1348 ab
789 1291 960 1348 Avito
990 1297 1043 1347 et
1075 1288 1295 1347 vecteris
1323 1286 1624 1361 episcopis,
1666 1286 1789 1358 ipso
1822 1286 2077 1359 principe
2105 1286 2205 1358 ju-

498 1383 690 1451 bente,
732 1380 913 1438 fuerat
947 1378 1353 1437 conﬁrmatum
1384 1388 1422 1444 °,
1471 1373 1652 1445 hujus
1700 1375 1907 1445 synodi
1960 1375 2202 1447 conjun-

499 1472 687 1531 ctione
715 1470 1049 1529 monasterii
1098 1468 1277 1526 sancti
1316 1463 2069 1525 MarcelliGuntchramnus
2116 1468 2205 1524 in-
2364 1461 2476 1517 AN.
2522 1473 2831 1521 DLXXXVII.
2885 1497 2949 1505 —
2999 1468 3169 1522 Anno
3217 1465 3285 1523 ‘27
3316 1467 3573 1539 ejusdem
3622 1467 3792 1527 regni
3860 1467 3982 1526 Leu

503 1560 859 1619 stitutionem
890 1558 1261 1616 formandum
1302 1557 1327 1591 ἀ
1357 1554 1597 1613 curavit.
1974 1548 1979 1553 ’
2295 1550 2509 1610 disclus
2540 1553 2565 1591 ι
2597 1570 2629 1610 a
2659 1553 3094 1613 Guntchramno
3141 1556 3411 1628 patricius
3448 1558 3705 1630 partibus
3753 1558 3982 1616 Proviii

569 1649 649 1708 II.
693 1650 812 1707 Hoc
847 1664 1001 1707 anno
1042 1646 1421 1707 Gundoaldus
1447 1656 1465 1675 '
1500 1663 1633 1705 cum
1666 1647 1866 1704 solatio
1907 1645 2206 1705 Mummoli
2295 1640 2400 1697 CiiB
2427 1640 2743 1698 ordinatur.
2789 1641 2975 1700 Filius
3006 1642 3357 1703 Ctiildcberti
3386 1645 3539 1718 regis
3565 1644 3982 1703 Theodobertti

500 1744 556 1798 et
602 1736 882 1796 Desiderii
930 1753 1128 1796 mense
1184 1737 1497 1796 Novembri
1552 1748 1772 1815 partem
1820 1738 1983 1811 regni
2031 1738 2210 1795 Gunt-
2296 1738 2464 1787 natus
2494 1730 2672 1788 fuisse
2699 1731 3024 1790 nuntiatur.

499 1827 766 1887 chramni
816 1827 1185 1901 praesumpsit
1222 1827 1517 1901 invadere,
1556 1814 1610 1888 et
1647 1830 1905 1889 civitates
1934 1833 2203 1885 evertere.
2228 1842 2274 1902 Β
2366 1817 2463 1876 VI.
2505 1819 2584 1877 ΕΟ
2609 1835 2763 1878 anno
2816 1820 2997 1879 nimia
3044 1814 3348 1881 inundatio
3398 1825 3710 1882 ﬂuminum
3759 1823 3831 1880 in
3865 1823 3982 1883 Bui

496 1925 644 1983 597
699 1917 1170 1977 Guntchramnus
1226 1917 1714 1993 Leudegiselum‘
1774 1920 2043 1979 comitem
2098 1924 2210 1974 sta-
2292 1912 2507 1987 gundia
2537 1914 2667 1983 fuit,
2695 1922 2759 1972 ut
2788 1931 2988 1974 eorum
3017 1916 3291 1973 terminos
3330 1916 3578 1975 nimium
3627 1917 3982 1975 transcende

500 2008 652 2077 buli,
697 2013 753 2064 et
794 2005 1123 2077 zEgilanem
1170 2007 1479 2079 patricium
1527 2026 1662 2069 cum
1712 2010 1969 2069 exercitu
2016 2016 2210 2067 contra
2292 2012 2439 2062 rent.
2481 2004 2726 2078 Ipsoque
2761 2022 2916 2064 anno
2959 2006 3238 2080 Syagrius
3283 2021 3473 2065 comes
3516 2006 3982 2079 Constantinopc

500 2098 658 2172 ipsos
686 2097 920 2154 direxit.
955 2096 1331 2156 Gundoaldus
1358 2105 1515 2173 terga
1532 2111 1785 2171 vertens,
1828 2099 2157 2158 Conbancm
2185 2107 2211 2143 ε
2292 2094 2397 2152 lim
2441 2095 2606 2170 jussu
2648 2095 3070 2154 Guntchramni
3120 2097 3179 2154 in
3222 2098 3503 2171 legatione
3546 2099 3754 2171 pergit,
3802 2098 3982 2171 ibiqu

500 2188 789 2246 civitatein
824 2188 1069 2246 latebras
1099 2188 1275 2258 dedit,
1314 2198 1368 2248 et
1401 2190 1536 2249 inde
1567 2192 1639 2251 de
1678 2208 1819 2266 rupe
1856 2208 1890 2249 a
1919 2191 2138 2249 Bosone
2167 2190 2188 2218 "
2294 2182 2494 2240 fravde
2521 2186 2531 2223 '
2558 2185 2829 2256 patricius
2866 2187 3186 2244 ordinatur.
3238 2187 3432 2259 Coepta
3473 2186 3707 2262 quidem
3748 2194 3863 2253 est,
3924 2202 3982 2244 se

503 2279 650 2339 duce
678 2278 1068 2352 praecipitatus
1099 2278 1336 2338 interiit.
2295 2274 2365 2329 ad
2413 2276 2819 2347 perfectionem
2872 2278 2993 2335 haec
3045 2278 3203 2335 fraus
3270 2293 3383 2334 non
3444 2276 3785 2351 peraccessit
3866 2283 3982 2340 59l

2361 751 2475 805 AN.
2504 760 2767 806 DLxxxv.
2808 781 2869 792 σ-
2905 751 3000 808 IV.
3044 754 3214 810 Anno
3255 754 3324 811 25
3364 756 3527 825 regni
3574 757 3982 816 Guntcbraml

2292 836 2642 902 Mummolus
2674 837 2927 895 Scnuvia
2952 840 3585 912 ’jussuGuntchramni
3613 845 3982 902 interﬁcitur

2294 943 2534 984 uxorein
2567 928 2694 999 ejus
2745 927 3041 986 Sidoniam
3082 946 3200 988 una
3230 947 3361 989 cum
3402 934 3674 991 omnibus
3709 935 3982 991 thesauri

2293 1014 2418 1085 ejus
2449 1014 2763 1071 Domnolus
2787 1016 3134 1075 domesticus
3172 1026 3227 1075 et
3268 1017 3719 1079 Wandalmarus
3741 1035 3982 1079 camera

2298 1104 2422 1160 rius
2448 1102 2883 1161 Gunlchramiio
2906 1112 3272 1177 praesentant.

2359 1196 2469 1251 AN.
2504 1206 2791 1254 DLXXXVI.
2828 1227 2893 1237 —
2939 1195 3006 1252 V.
3058 1199 3230 1255 Anno
3268 1198 3337 1255 26
3382 1200 3546 1271 regni
3573 1201 3663 1258 sui
3701 1201 3982 1259 exercitu

2287 1279 2709 1338 Guntcliramni
2744 1280 2984 1355 Spanias
3011 1284 3354 1356 ingreditur,
3395 1288 3494 1345 sed
3524 1287 3982 1347 lociinﬁrmital

2287 1378 2576 1444 gravatus,
2608 1373 2871 1444 protinus
2897 1374 2968 1430 ad
3006 1375 3233 1447 propria
3270 1376 3593 1435 revertitur.

581 2365 688 2424 III.
743 2366 1005 2440 Cumque
1051 2368 1491 2431 Guntchramno
1539 2374 1823 2447 perlatum
1880 2374 2100 2441 fuisset,
2144 2387 2211 2430 eo

506 2454 660 2532 quod
691 2456 864 2512 frater
887 2471 1026 2514 suus
1064 2456 1424 2531 Chilpericus
1467 2470 1615 2520 esset
1654 2463 2007 2532 interfectus,
2050 2461 2207 2518 festi-

503 2562 652 2604 nans
693 2546 950 2619 perrexit
1007 2546 1281 2619 Parisius,
1348 2549 1547 2624 ibique
1596 2552 2030 2624 Fredegundem
2078 2567 2211 2608 cum

504 2632 627 2693 tilio
680 2632 990 2708 Chilperici
1034 2636 1365 2693 Uhlothario
1415 2639 1486 2695 ad
1545 2655 1606 2696 se
1655 2640 1854 2698 venire
1898 2639 2208 2713 praecepit;

564 2789 972 2851 -Fredegarius
1024 2788 1294 2840 calculum
1349 2789 1593 2853 Gregorii
1654 2790 1850 2843 Turon.
1905 2805 2015 2845 uno
2069 2805 2212 2845 anno

2296 2363 2376 2420 Eo
2419 2379 2571 2422 anno
2610 2367 2839 2439 signum
2891 2368 3154 2440 apparuit
3202 2368 3263 2424 in
3302 2368 3492 2425 cmlo:
3541 2368 3745 2440 globus
3794 2369 3982 2442 ignea

2295 2453 2563 2511 decidens
2594 2455 2651 2510 in
2690 2464 2897 2513 terram
2919 2471 3051 2513 cum
3092 2456 3363 2515 scintillis
3384 2464 3437 2512 et
3476 2457 3671 2529 rugitu
3702 2473 3719 2525 ;
3760 2455 3982 2529 ipsoqu

2294 2558 2446 2599 anno
2502 2543 2781 2601 Levildus
2818 2560 2859 2583 ω
2917 2562 3020 2603 rex
3076 2545 3307 2619 Spanize
3342 2545 3605 2619 moritur,
3656 2553 3709 2603 et
3755 2560 3982 2617 regunt

2295 2631 2550 2691 obtinuit
2582 2630 2929 2707 Richaridus
2957 2634 3117 2691 iilius
3155 2634 3300 2706 ejus.

2297 2786 2425 2835 mini
2487 2785 2748 2837 Hierosol.
2806 2788 3177 2840 transmittere
3234 2788 3415 2838 voluit.
3469 2788 3568 2839 Sed
3601 2799 3725 2838 cum
3782 2790 3982 2841 minim

502 2862 798 2929 praevertit,
831 2861 979 2923 quod
1033 2861 1326 2913 observare
1365 2863 1513 2923 juvat
1544 2861 1611 2912 ad
1662 2864 2032 2915 conciliandos
2077 2864 2217 2914 duos
2300 2858 2580 2919 Ροῐιιῖδευῑ,
2636 2856 2771 2908 τάθη]
2821 2871 2983 2919 ευιιῖθ
3018 2872 3215 2919 COI‘PUS
3263 2860 3404 2909 bea'i
3453 2858 3683 2910 Μᾶτϐειιί
3728 2864 3982 2925 martyri.

502 2937 626 2989 illos
675 2942 946 2984 auctores.
1003 2930 1127 2989 Quae
1188 2936 1369 2983 autem
1413 2938 1714 2992 sequuntur
1776 2934 1844 2983 ad
1893 2948 2095 2985 annum
2127 2936 2218 2984 592
2302 2930 2443 2991 quod
2506 2930 2557 2977 in
2613 2930 2827 2978 civitate
2883 2931 3166 2981 Cavaltono
3235 2932 3505 2995 sepultum
3565 2937 3664 2983 est.
3720 2932 3813 2980 ubi
3857 2936 3982 2984 sedi

506 3007 846 3061 conterenda
880 3008 1154 3054 suntcum
1185 3002 1431 3066 ejusdem
1462 3002 1701 3065 Gregorii
1726 3004 1985 3055 Historia.
2305 3000 2459 3057 regni
2520 2998 2666 3048 illius
2719 3003 2852 3059 erat,
2902 3002 3027 3063 poi
3071 3001 3216 3064 fecit,
3257 3012 3306 3050 et
3345 3003 3426 3051 est
3484 2999 3550 3049 ibi
3581 3003 3837 3063 usquein
3876 3017 3982 3066 pra

574 3077 596 3107 δ
631 3076 938 3137 Gregorius,
990 3074 1054 3123 ad
1113 3085 1201 3122 an.
1259 3073 1368 3130 579,
1423 3072 1514 3122 lib.
1568 3085 1621 3125 ν.
1676 3087 1789 3136 cap,
1837 3075 1914 3133 28,
1975 3076 2218 3127 meminit
2303 3074 2512 3119 sintem
2568 3070 2727 3119 diem.
2794 3070 2896 3121 Nec
2949 3078 3030 3122 est
3074 3085 3304 3135 usquam
3348 3072 3518 3123 ullum
3572 3083 3709 3133 opus
3767 3085 3843 3125 ex
3886 3089 3982 3128 aui

510 3146 749 3201 basilicae
802 3145 975 3197 sancti
1037 3143 1292 3204 Marcelli,
1346 3142 1432 3193 cui
1473 3143 1637 3193 abbas
1690 3151 1937 3208 prastat,
1988 3158 2052 3197 ex
2100 3160 2216 3208 cap.
2244 3140 2555 3208 _eifectum
2589 3142 2729 3200 quod
2757 3145 2804 3190 ei
2834 3148 3009 3193 valeat
3032 3144 3356 3205 comparari.

511 3198 575 3270 5:;
625 3217 715 3268 lib.
768 3229 786 3267 ι
836 3216 903 3266 de
936 3215 1079 3266 Glor.
1134 3198 1443 3275 Mai-trram.
1482 3213 1661 3265 Exstat
1693 3198 1869 3267 'etam
1921 3198 2067 3267 nunc
2103 3198 2281 3267 mo-C
2366 3218 2384 3239 '
2422 3210 2545 3270 Vat.
2588 3198 2974 3271 Gunawaldus.
3030 3198 3241 3277 dequo
3284 3214 3403 3264 tuse
3454 3214 3597 3277 apud
3650 3213 3982 3276 Gregorium

509 3288 808 3343 nasterium
855 3286 1015 3343 istud,
1055 3286 1150 3337 sed
1201 3284 1410 3336 abbatis
1460 3285 1615 3336 titulo
1675 3287 1961 3346 minutum,
1998 3301 2062 3337 ex
2116 3301 2223 3351 quo
2310 3283 2649 3344 potissimum
2680 3283 2769 3335 lib.
2800 3298 2893 3341 VII,
2918 3296 3038 3348 cap.
3062 3286 3141 3343 26,
3168 3290 3269 3336 etc.

512 3360 765 3413 Cluniaco
853 3358 1157 3421 subjectum
1240 3356 1349 3406 fuit.
1429 3355 1593 3407 Situm
1647 3361 1731 3409 est
1795 3359 1938 3409 ultra
1994 3359 2221 3420 Ararim,
2374 3352 2537 3411 f.l'tlii,
2658 3354 3007 3414 Leudiseium,
3124 3354 3545 3418 Leudich'ildum,

513 3431 661 3484 unde
712 3430 767 3479 in
815 3429 1185 3492 Sequanorum
1234 3428 1508 3477 territorio
1543 3428 1805 3488 positum
1859 3429 1947 3479 hic
2009 3429 2222 3478 dicitur.
2311 3422 2708 3492 Leudigildum.

518 3501 608 3554 Cb.
677 3504 728 3551 et
790 3491 946 3551 Frch.
998 3512 1107 3550 una
1159 3499 1392 3549 lectione
1432 3497 1632 3547 habent
1679 3501 1770 3550 sed
1824 3504 2010 3551 tamen
2056 3499 2225 3551 estin
2372 3503 2395 3539 κ
2434 3496 2488 3543 ld
2517 3498 2613 3551 est,
2640 3491 2967 3548 Convennas.
2998 3496 3123 3547 Vide
3145 3496 3493 3560 Gregorium.

519 3573 811 3635 Segonum,
839 3583 937 3632 pro
974 3567 1311 3631 Sequanam.
2370 3564 2545 3635 hAlii,
2600 3564 2666 3615 ab
2707 3565 2891 3625 Osone,
2942 3568 3079 3619 torte
3135 3581 3230 3630 pro
3286 3567 3484 3627 Orione,
3544 3580 3710 3633 aquo
3771 3568 3982 3621 Gundo

581 3634 607 3671 ε
632 3641 769 3697 Hoc,
824 3643 884 3690 ut
941 3651 1217 3698 conjicere
1271 3642 1414 3704 licet,
1464 3642 1666 3694 factum
1718 3643 1802 3690 est
1864 3640 1917 3690 in
1973 3642 2224 3692 solemni-
2309 3634 2519 3697 baldus,
2559 3641 2765 3699 pulsus,
2812 3644 2865 3690 et
2917 3651 2949 3690 a
3004 3639 3210 3691 Bosone
3246 3644 3557 3704 peremptus
3601 3640 3720 3699 fuit,
3750 3651 3819 3691 ex
3846 3640 3982 3703 Gre;

521 3715 630 3765 tate
675 3712 990 3761 Sanctorum
1043 3710 1332 3771 Martyrum
1386 3712 1488 3762 hoc
1544 3713 1662 3775 ipso
1717 3722 1877 3768 anno,
1928 3723 2033 3772 quo
2093 3725 2223 3762 san-
2312 3706 2401 3757 lib.
2427 3720 2525 3763 vri,
2559 3720 2675 3771 cap.
2710 3710 2791 3761 38.

526 3785 645 3835 ctus
718 3779 898 3830 Avitus
975 3777 1160 3829 habuit
1228 3780 1519 3839 homiliam.
1595 3794 1715 3845 quae
1787 3781 2115 3839 inscribitur,
2166 3782 2229 3832 In
2364 3778 2494 3827 ‘tlh.
2553 3783 2606 3828 et
2678 3779 2853 3841 Freh.,
2936 3780 3171 3845 Riogilo;
3246 3782 3340 3842 al,
3394 3781 3565 3843 Ηίοιο,
3646 3780 3811 3845 vulgo
3869 3781 3982 3835 Rm

523 3850 747 3903 basilica
767 3850 1512 3910 sanctorumAgaunensium
1559 3851 1622 3902 in
1654 3851 2005 3902 innovatione
2034 3864 2221 3903 mona-
2311 3848 2679 3900 Guntramnus
2747 3850 2852 3903 hoc
2925 3852 3145 3917 quidem
3201 3866 3340 3905 anno
3420 3853 3660 3904 Parisios
3715 3856 3870 3904 venit
3929 3867 3982 3919 p1

526 3921 684 3974 διενυῆ
726 3921 893 3982 ipsius
945 3925 1025 3969 vet
1072 3922 1326 3984 passione
1365 3927 1699 3986 martyrum.
1721 3922 1846 3986 Ejus
1872 3923 2233 3987 fragmentum
2316 3920 2578 3983 baptismo
2625 3922 2891 3982 Chlotarii,
2954 3925 3052 3976 sed
3091 3930 3265 3976 tamen
3309 3926 3529 3976 nonnisi
3586 3924 3855 3976 sexennio
3907 3939 3982 3989 po

527 3992 697 4045 habes
724 4004 755 4043 a
778 3991 1063 4042 Sirmondo
1093 3990 1316 4044 editum.
2316 3992 2616 4054 baptizatus
2653 3994 2770 4045 fuit.

591 4064 612 4095 ⁴
647 4064 736 4113 Ed.
805 4062 1011 4122 aliquot
1075 4074 1197 4112 cum
1252 4064 1416 4121 Colb.,
1480 4065 1936 4117 monasterium...
1998 4064 2230 4117 institu-
2375 4064 2389 4110 i
2426 4063 2542 4123 Alii,
2576 4064 2833 4117 Senoniae.
2876 4063 3037 4124 intra.
3061 4065 3146 4116 Ch.
3179 4065 3268 4125 al.,
3298 4064 3607 4117 Sinodiam.

531 4136 678 4189 tione
727 4131 1102 4197 formandum.
1176 4132 1303 4193 Vat,
1355 4135 1714 4199 ﬁrmandum.
1778 4136 1840 4185 Id
1892 4134 2130 4187 Valesius
2184 4139 2237 4187 et
2379 4134 2402 4164 ι
2436 4135 2518 4186 Sic
2564 4136 2699 4186 Clar.
2744 4138 2791 4187 ls
2826 4139 2941 4201 ipse
2966 4145 3063 4198 est,
3090 4139 3145 4187 ui
3175 4136 3347 4193 fallor,
3375 4140 3443 4187 de
3478 4149 3587 4202 quo
3623 4149 3786 4200 supra
3808 4149 3943 4202 cap.

531 4206 713 4260 ciezeri
762 4205 1091 4255 arbitrantur
1143 4206 1199 4255 in
1247 4218 1457 4270 synotio
1506 4208 1879 4259 Matisconensi
1915 4208 2233 4266 ii,an.585,
2322 4204 2523 4256 Etenim
2589 4207 2644 4257 in
2715 4207 2864 4259 Colb.
2924 4214 2975 4258 et
3049 4206 3145 4258 Ch.
3223 4208 3292 4257 al.
3378 4207 3575 4258 dicitur
3647 4205 3982 4271 Lcudigisilu

534 4278 733 4330 factum
776 4276 962 4335 fuisse,
1003 4275 1114 4337 ubi,
1154 4278 1237 4327 uti
1292 4290 1363 4328 ex
1422 4278 1909 4341 subsizriptiouibus
1944 4280 2237 4342 colligitur,
2319 4279 2377 4327 ut
2459 4278 2761 4340 appellatur
2827 4291 2859 4328 a
2921 4278 3199 4339 Gregorio‘
3256 4276 3346 4327 lib.
3410 4292 3507 4328 vni
3570 4290 3687 4343 cap.
3744 4281 3824 4330 30.
3897 4284 3982 4332 Ali

534 4350 594 4399 43
647 4348 892 4411 episcopi
948 4346 1173 4398 adfuere
1232 4361 1355 4399 cum
1412 4349 1585 4400 tribus
1637 4349 1758 4400 aliis
1810 4351 1899 4412 qui
1945 4352 2105 4401 sedes
2128 4363 2238 4401 non
2325 4347 2954 4408 Leudiselus,Leudisius,
2990 4348 3329 4413 Leugisistui,
3370 4345 3660 4404 Laudistus.

534 4417 822 4475 habebant,
882 4420 936 4467 et
994 4417 1055 4467 20
1104 4417 1408 4470 absentium
1465 4421 1657 4472 missis.
1717 4421 1833 4470 Hoc
1878 4425 2055 4470 tamen
2102 4421 2239 4471 forte
2383 4418 2681 4481 1Syagrius
2742 4422 2807 4472 ad
2879 4434 3071 4485 pacem
3141 4419 3567 4483 componendam
3646 4418 3739 4468 ΟΡ.
3795 4420 3982 4471 missu

504 4492 733 4542 .melius
784 4488 852 4539 ad
905 4488 1178 4550 synodum
1247 4490 1575 4541 Valentinani
1636 4505 1673 4542 ii
1733 4493 1978 4541 revocari
2039 4495 2236 4555 posset,
2322 4491 2531 4553 patricii
2571 4492 2886 4551 dignitatem
2942 4492 3008 4555 ab
3062 4494 3389 4552 imperatore
3424 4490 3679 4550 suscepit,
3737 4492 3889 4552 quod
3946 4490 3982 4541 b

3670 3353 3982 3410 Leudisiun

1480 4065 1936 4117 monasterium...
1998 4064 2230 4117 institu-

535 4572 697 4623 quam
737 4558 862 4608 licet
897 4570 1039 4609 anno
1100 4560 1191 4608 585
1242 4563 1653 4623 consignaverit
1714 4562 1968 4621 Cointiiis,
2021 4554 2122 4613 hoc
2171 4556 2304 4615 ta-D
2326 4562 2485 4623 fraus
2543 4563 2859 4625 appellatur.
2908 4554 3019 4613 Non
3064 4566 3209 4611 enim
3267 4563 3318 4611 ei
3363 4561 3552 4611 licebat
3598 4562 3650 4610 id
3710 4568 3982 4622 acceptar-

536 4642 666 4682 men
704 4630 822 4691 ipso
860 4640 1002 4678 anno
1054 4631 1147 4679 581
1189 4644 1378 4683 me-se
1415 4634 1545 4683 Maio
1604 4633 1840 4684 habitam
1898 4632 2061 4682 fuisse
2113 4646 2238 4685 cen-

538 4705 623 4753 set
672 4701 1005 4750 Sirmo'idus.
1081 4700 1138 4749 Et
1197 4703 1416 4766 quidtm
1464 4704 1515 4751 in
1580 4717 1642 4752 ea
1701 4703 2077 4754 conﬁrmatum
2146 4703 2245 4754 fuit

540 4770 797 4835 quidquid
861 4782 955 4820 rex
1014 4774 1068 4820 et
1117 4774 1317 4830 caateri,
1375 4771 1610 4823 basilica:
1650 4774 1829 4824 sancti
1879 4772 2134 4833 Marcelli,
2166 4775 2245 4825 υσι

540 4844 710 4894 sancti
763 4840 1174 4906 Symphoriani,
1229 4848 1319 4893 aut
1368 4846 1649 4906 quibusvis
1710 4854 1836 4895 aliis
1891 4847 2025 4896 locis
2077 4849 2247 4898 saetis

544 4914 906 4969 contulerant,
988 4921 1076 4962 aut
1152 4917 1208 4964 in
1286 4919 1560 4975 posterum
1644 4916 1895 4967 conferre
1958 4918 2244 4969 voluerint.

544 4983 809 5059 _Lalandus
848 4984 919 5059 _in_
973 4983 1350 5059 supplemento
1405 4986 1756 5059 conciliorum
1814 4987 1999 5038 Galliae
2060 4991 2246 5040 οοιιιοὶ-

542 5056 675 5108 lium
725 5054 866 5105 istud
907 5054 1112 5116 in'ipsa
1159 5059 1209 5107 S.
1252 5058 1504 5108 Marcellii
1557 5057 1779 5109 basilica
1804 5060 2044 5112 habztiim
2080 5061 2248 5111 fuisse

544 5138 633 5177 an.
684 5125 776 5175 594
822 5128 1118 5187 contendit,
1166 5129 1327 5192 eique
1388 5142 1492 5178 non
1545 5131 1733 5194 plures
1800 5144 1961 5194 quam
1999 5142 2249 5184 ιιιισιεοιω

546 5197 835 5259 episcoiios
883 5197 1241 5251 interfuisse:
1310 5203 1456 5252 unde
1512 5214 1759 5252 errorem
1818 5214 1873 5252 lu
1938 5203 2249 5266 Fredegarii

544 5270 751 5320 textum
792 5268 1073 5330 irrepstsse
1120 5276 1284 5331 putat,
1334 5283 1424 5333 qui
1470 5284 1539 5321 xi.
1566 5286 1663 5331 pro
1702 5284 1763 5323 χι
1815 5272 2024 5323 habeat.
2058 5278 2253 5324 Auctor

548 5344 633 5390 est
669 5339 861 5390 l’aulus
910 5339 1175 5391 Diaconos
1234 5343 1470 5392 historiae
1519 5344 1748 5406 Langob.
1797 5344 1888 5393 lib.
1914 5358 1992 5400 ni,
2020 5358 2136 5407 cap.
2170 5345 2248 5403 35,

547 5408 860 5463 thesaurum
919 5423 949 5461 a
996 5424 1127 5473 rege
1179 5411 1516 5463 Guntianino
1574 5427 1712 5464 miro
1766 5415 1926 5465 modo
1979 5417 2251 5467 detectum

546 5481 741 5546 fuisse,
788 5482 851 5533 in
888 5495 1010 5547 quo,
1056 5485 1228 5547 inquit
1276 5484 1387 5542 ille,
1446 5482 1845 5536 inaslimabiles
1893 5485 2132 5538 thesauri
2159 5489 2252 5552 qut

547 5554 747 5606 ibidem
802 5556 1095 5617 antiquitus
1140 5555 1302 5617 903i“
1338 5553 1570 5617 fuerant,
1613 5564 1738 5609 sunt
1778 5559 1996 5620 reperti.
2040 5558 2109 5611 De
2146 5572 2254 5624 quo

549 5637 681 5678 auro
731 5625 855 5688 ipse
920 5637 1021 5676 rex
1097 5626 1446 5689 postmodum
1508 5626 1773 5679 eiborium
1818 5628 2051 5681 solidum
2106 5634 2259 5684 mirae

2329 4647 2424 4695 per
2460 4633 2605 4697 quod
2653 4646 2774 4685 sese
2813 4634 3158 4697 imperatoris
3205 4631 3392 4681 ditionl
3441 4632 3673 4682 subdere
3706 4631 3982 4681 videbam.

2328 4706 2588 4756 Caeterum
2636 4703 2737 4755 hoc
2782 4705 2849 4756 de
2899 4711 3017 4755 solo
3060 4702 3268 4767 patricii
3312 4713 3410 4751 seu
3445 4703 3740 4751 co.,siliar‘ii
3783 4703 3982 4764 imperi

2330 4778 2452 4825 torti
2497 4777 2649 4826 titulo
2694 4778 3081 4840 interpretatur
3116 4771 3395 4824 Valesius:
3454 4771 3550 4823 sed
3581 4785 3703 4822 cum
3739 4772 3982 4829 Fredeg:

2329 4849 2444 4897 rius
2499 4848 2780 4910 Syagrium
2839 4849 3124 4910 patricium
3181 4844 3505 4903 ordinatum,
3572 4855 3732 4907 atque
3798 4855 3982 4907 C(Bpla

2332 4931 2432 4971 nec
2491 4923 2665 4968 tamen
2745 4927 3170 4970 consummatam
3233 4915 3402 4965 fuisse
3464 4913 3714 4964 fraudem
3760 4916 3931 4974 dicat,

2333 4989 2469 5040 forte
2504 4989 2922 5052 intelligendum
2982 4996 3063 5040 ist
3106 4990 3174 5038 de
3220 4986 3507 5049 patriciam
3560 4986 3851 5035 Provinciae
3887 4987 3982 5038 Mai

2332 5060 2586 5112 Siliensis.
2641 5074 2799 5123 quam
2856 5065 3133 5124 regionem
3178 5058 3404 5106 imperio
3459 5057 3748 5107 πτειὶῑιιετθ
3819 5064 3982 5107 tenta:

2332 5142 2411 5181 set
2465 5132 2766 5194 Mauricius,
2818 5137 2907 5184 aut
2944 5141 3094 5183 certe
3141 5130 3375 5191 aliquam
3424 5126 3643 5176 dominii
3702 5128 3961 5177 umbram

2333 5216 2397 5254 ea
2446 5208 2699 5255 retinere.
2736 5205 2790 5255 ld
2817 5206 2975 5254 etiam
3019 5202 3155 5253 forte
3185 5214 3216 5249 a
3243 5200 3491 5248 Mauricio
3524 5202 3787 5248 tentatum
3830 5198 3982 5251 fuera

2336 5273 2475 5336 quod
2536 5277 2715 5338 reipsa
2780 5275 3088 5337 Burgundio
3132 5284 3224 5322 uin
3278 5279 3440 5331 reges
3497 5275 3791 5331 antequam
3841 5270 3982 5322 Frau

2338 5354 2529 5395 eorum
2564 5358 2790 5408 regnum
2820 5351 3200 5409 occupassent,
3235 5343 3472 5389 solerent
3514 5340 3580 5388 ab
3614 5342 3982 5402 imperatoribi

2337 5420 2547 5478 patricii
2590 5431 2786 5469 nomen
2860 5420 3187 5480 imprtrare:
3237 5417 3381 5475 quod
3438 5414 3629 5460 saitem
3682 5423 3784 5474 per
3832 5412 3982 5475 lcgal

2340 5488 2645 5538 continuari
2703 5492 2861 5540 etiam
2908 5502 2938 5539 a
2993 5487 3217 5538 Francis
3251 5480 3497 5532 eamdem
3564 5483 3856 5543 regionem
3923 5484 3982 5534 oti

2344 5558 2601 5610 nentibus
2631 5572 2784 5623 peroi
2804 5564 2992 5611 tasset.

2401 5640 2434 5660 η
2471 5630 2588 5689 Alii,
2655 5630 2957 5691 Leuiitdus,
3024 5627 3407 5691 Leuvichildus,
3477 5625 3798 5691 Leupoldus.
3859 5626 3951 5677 Sic

549 5696 940 5761 magnitudinis
983 5698 1039 5749 et
1081 5698 1267 5761 magni
1326 5696 1587 5761 ponderis
1624 5698 1771 5763 fecit,
1796 5701 2092 5767 multisque
2124 5702 2260 5757 illud
2341 5705 2464 5768 ejus
2497 5702 2641 5756 illius
2669 5703 2987 5762 Richardus,
3012 5698 3663 5763 Richarius,mchaﬁcus.

554 5768 962 5829 pretiosissimis
1005 5771 1235 5843 gemmis
1279 5768 1619 5831 decoratum,
1666 5771 1737 5824 ad
1783 5772 2094 5836 sepulcrum
2151 5774 2257 5830 Do-
