3982 6346
72 352 163 409 613

1575 333 2034 400 CHRONICUM.

3451 349 3557 410 614

134 473 241 529 ΑΝ.
286 478 628 528 anxxvm.
678 463 948 525 -Anno
994 463 1066 524 ‘28
1110 463 1275 540 regni
1322 461 1521 523 domni
1569 460 2064 535 Gunt-Aloquor.
2095 461 2215 520 vita
2242 459 2487 522 illorum
2504 460 2572 522 ad
2590 460 2778 523 instar
2801 474 3009 525 canum
3036 464 3156 537 est;
3194 466 3242 527 si
3264 470 3553 543 conversi,

68 558 318 617 chramni
343 559 495 615 alius
542 557 703 615 filius
748 555 1118 624 Cliildeberti,
1182 554 1417 613 nomine
1454 552 1765 609 Theudori-

67 667 184 720 cus,
217 658 384 707 natus
416 650 737 707 nuntiatur.

136 740 259 798 VII.
299 740 771 799 Guntcbramnus
831 754 890 795 se
945 751 1081 795 cum
1132 734 1515 803 Childeberto,
1567 746 1762 809 pacem

69 832 296 887 ﬁrmans
326 829 604 896 Andelao,
640 826 969 899 conjunxit.
992 825 1147 883 Inibi
1180 832 1384 893 mater,
1415 830 1470 880 et
1498 838 1676 891 soror,
1712 826 1765 877 et

18 974 19 983 χ
65 925 272 996 conjux
308 921 657 980 Ctiildeberti
687 920 835 992 regis
872 920 1198 992 pariterque
1233 919 1507 983 fuerunt;
1564 914 1764 984 ibique

69 1014 294 1087 speciali
325 1012 731 1071 convenientia
758 1012 910 1068 inter
940 1011 1223 1067 domuum
1253 1007 1762 1067 Guntchramnum

67 1110 115 1156 et
152 1100 583 1157 Childebertum
628 1099 737 1156 fuit
789 1104 1164 1165 conventum,
1205 1102 1269 1153 ut
1306 1108 1551 1167 regnum
1580 1092 1762 1149 Gunt-

66 1188 326 1246 cbramni
391 1196 519 1263 post
572 1188 698 1262 ejus
772 1186 1090 1243 discessum
1143 1184 1545 1243 Childebertus
1614 1196 1766 1239 assu-

68 1286 266 1337 meret.

136 1367 289 1425 VIII.
318 1368 565 1440 Ipsoque
596 1373 846 1440 tempore
880 1364 1280 1437 Rauchingus,
1313 1363 1543 1421 et‘Boso
1584 1363 1765 1421 Gunt-

66 1456 395 1526 chramnus,
450 1454 637 1526 Ursio,
687 1461 742 1511 et
786 1452 1140 1511 Bertet‘ridus
1189 1452 1491 1524 optimates
1540 1450 1762 1507 Childc—

68 1542 210 1600 berti
265 1541 433 1614 regis,
482 1559 547 1601 eo
609 1542 762 1615 quod
817 1556 953 1598 eum
1008 1538 1373 1597 tractaverint
1420 1539 1761 1609 interficere,

66 1632 185 1705 ipso
228 1647 361 1703 rege
405 1630 710 1688 ordinante
756 1629 1040 1687 interfecti
1080 1635 1235 1686 sunt.
1284 1627 1394 1685 Sed
1446 1634 1501 1684 et
1542 1626 1765 1686 Leude-

66 1724 250 1781 fridus
268 1723 728 1780 Alamannorum
755 1722 879 1779 dux
913 1721 973 1778 in
999 1721 1278 1779 oifensam
1312 1718 1581 1777 antedicti
1614 1719 1766 1792 regis

1849 547 2184 618 Christiani,
2247 550 2395 607 sicut
2440 559 2494 608 et
2533 568 2637 624 ego
2671 569 2825 622 sum,
2883 553 3234 628 efﬁciuntur,
3293 564 3429 616 tunc
3466 558 3551 617 eis

1848 636 2220 707 respondebo.
2262 639 2452 710 Legati
2487 655 2619 697 vero
2647 641 2844 698 animo
2886 642 3089 699 libenti
3117 645 3385 717 baptismi
3418 664 3548 719 gra-

1850 723 1985 778 tium
2031 724 2340 797 accipiunt.
2400 726 2597 785 Postea
2636 730 2771 786 dicit
2805 731 2873 786 ad
2908 746 3004 787 eos
3035 733 3257 791 Czesara
3293 758 3305 791 :
3348 735 3409 793 Si
3460 738 3551 793 vir

1851 826 2012 866 meus
2060 813 2310 869 voluerit
2338 812 2703 874 Christianus
2739 817 2885 889 fieri,
2931 827 2986 875 et
3014 819 3280 892 baptismi
3307 824 3551 895 gratiam

1849 900 2124 973 accipere,
2176 902 2422 959 libenter
2471 903 2541 959 ad
2602 920 2735 961 eum
2792 912 3063 963 revertar.
3120 908 3266 965 Nam
3322 912 3553 984 penitus

1847 988 2014 1045 aliter
2061 989 2130 1045 ad
2184 989 2376 1061 ipsum
2414 1005 2529 1046 non
2576 991 2879 1062 repedabo.
2915 992 3115 1065 Legati
3141 994 3197 1051 id
3224 995 3553 1069 imperatori

1846 1077 2151 1135 Persarum
2183 1078 2539 1149 nuntiantes,
2570 1079 2762 1136 statim
2793 1079 2891 1137 ille
2924 1080 3269 1153 legationem
3294 1087 3362 1142 ad
3384 1086 3547 1146 Mau-

1848 1166 2059 1224 ricium
2089 1166 2494 1239 imperatorem
2537 1167 2713 1236 misit,
2744 1175 2808 1225 ut
2836 1179 3078 1239 sanctus
3125 1173 3420 1233 Johannes
3450 1193 3550 1235 ve-
3618 1190 3619 1195 ‘

1851 1256 2004 1313 niret
2056 1255 2445 1325 Antiochiam,
2497 1256 2618 1328 ipso
2658 1256 2913 1314 tradente
2974 1257 3326 1330 baptismum
3380 1264 3553 1323 vellet

1848 1346 2122 1419 accipere.
2163 1346 2326 1404 Tunc
2370 1346 2686 1405 Mauricius
2730 1347 3039 1420 imperator
3082 1351 3551 1416 inﬁnitissimum

1848 1441 2185 1506 apparatum
2214 1434 2539 1491 Antiochiae
2562 1434 2689 1490 iieri
2714 1435 2890 1507 jussit
2921 1436 3039 1494 :ibi
3072 1438 3379 1513 imperator
3414 1445 3550 1503 Per-

1848 1535 2043 1577 sarum
2074 1535 2205 1577 cum
2234 1521 2534 1594 sexaginta
2578 1521 2842 1580 millibus
2877 1523 3181 1583 Persarum
3230 1529 3550 1603 baptizatus

1848 1615 1952 1677 est,
2007 1616 2061 1666 et
2106 1626 2207 1683 per
2245 1610 2390 1668 duas
2428 1610 2817 1669 hebdomadas
2863 1630 2895 1670 a
2933 1613 3199 1673 Jobanne
3230 1624 3284 1675 et
3309 1620 3553 1695 reliquis

1848 1696 2128 1770 episcopis
2156 1698 2343 1756 Persas
2398 1699 2469 1757 ad
2516 1698 2937 1771 plenitudinem
2979 1719 3149 1776 supra
3190 1706 3387 1779 scripti
3432 1726 3546 1769 nu-

64 1812 287 1881 incidit,
338 1813 510 1870 etiam
556 1818 610 1870 et
658 1810 929 1869 latebram
974 1811 1148 1869 dedit.
1186 1794 1497 1869 Ordinatus
1534 1816 1619 1867 est
1643 1812 1827 1874 locoB
1850 1792 1991 1851 me'i
2027 1794 2401 1866 baplizanmr-
2435 1794 2839 1868 Imperatorem
2877 1796 3049 1855 illum
3077 1800 3387 1873 Gregorius
3425 1808 3549 1864 ΑΠ-

66 1902 246 1974 ipsius
276 1900 589 1960 Uncilenus
619 1901 762 1959 dux.
798 1901 881 1959 Eo
912 1916 1067 1959 anno
1096 1901 1444 1959 Richaridus
1472 1916 1575 1957 rex
1622 1900 1760 1959 Got-
1849 1885 2078 1944 ίίοεῧίω
2132 1887 2157 1921 ⁸
2207 1886 2510 1959 episcopus
2564 1888 2813 1960 suscepit
2863 1888 2934 1945 de
2977 1888 3223 1950 lavacro.
3258 1894 3550 1955 Auaulfus

66 1991 296 2046 (borum
332 1989 537 2047 divino
574 1989 923 2061 amplectens
975 1987 1363 2046 Christianam
1422 1988 1762 2061 religionem
1845 1976 2154 2050 imperator
2211 1983 2354 2039 600
2404 1992 2438 2032 θ
2492 1976 2768 2034 Μῖλυτίείο
2830 1977 3175 2050 imperatore
3221 1988 3419 2054 Peleus
3482 1990 3550 2043 ιιι

65 2095 274 2147 amore,
315 2079 478 2152 prius
503 2079 625 2152 ipse
652 2092 673 2117 ε·
704 2078 1040 2152 baptizatur.
1082 2077 1212 2135 Post
1240 2078 1361 2135 haec
1390 2094 1592 2136 omnes
1621 2077 1761 2136 Got-
1844 2067 1955 2125 Sibi
1986 2066 2280 2141 episcopos
2326 2080 2459 2123 cum
2490 2064 2640 2122 CleI‘O
2693 2064 3015 2124 sufﬁeiente
3044 2090 3065 2115 ο
3089 2069 3266 2138 daret,
3306 2086 3451 2142 quos
3482 2072 3547 2131 in

66 2171 209 2236 mos,
243 2169 494 2241 quitum
535 2168 810 2225 Arianam
855 2174 1066 2225 sectam
1106 2166 1397 2237 tenebam,
1442 2166 1708 2224 Toletum
1740 2167 1761 2196 δ
1846 2157 2040 2215 Persia
2083 2155 2381 2224 stabiliret,
2430 2164 2495 2211 ut
2536 2154 2794 2212 universi
2828 2156 3077 2214 Persidaa
3117 2158 3384 2230 baptismi
3415 2177 3545 2234 gra-

18 2304 19 2311 η
54 2259 311 2316 adunare
339 2258 628 2332 praecepit,
657 2266 711 2316 et
738 2273 942 2316 omnes
991 2257 1167 2315 libros
1216 2258 1463 2315 Arianos
1490 2257 1762 2330 praecepit
1845 2247 1984 2303 tiam
2014 2245 2372 2303 adhiberent.
2406 2244 2569 2332 Ωιιοά
2592 2243 2906 2302 Mam‘iCiUS
2939 2246 3143 2302 libenti
3183 2248 3377 2313 animo
3400 2265 3546 2321 prae-

54 2354 113 2402 ut
142 2345 255 2403 sibi
299 2353 719 2419 pmsententur
764 2368 779 2404 ς
830 2360 974 2419 quos
1006 2347 1065 2403 in
1102 2362 1221 2403 una
1248 2346 1417 2403 domo
1448 2346 1753 2403 collocatos
1844 2335 2006 2403 Stilit,
2038 2349 2385 2407 summaque
2415 2331 2702 2390 celeritate
2727 2338 2930 2391 omnes
2956 2332 3208 2393 Persida:
3236 2337 3307 2394 ad
3329 2336 3545 2401 Christi

54 2434 321 2492 incendio
347 2450 707 2493 concremare
734 2434 928 2509 jussit,
969 2442 1023 2493 et
1044 2435 1114 2492 ad
1152 2434 1539 2493 Christianam
1570 2434 1755 2508 legem

56 2523 338 2595 baptizare
367 2538 568 2580 omnes
597 2523 836 2581 Gotthos
858 2523 1009 2581 fecit.

126 2611 227 2669 IX.
282 2611 363 2670 Eo
420 2628 574 2670 anno
627 2627 779 2669 uxor
831 2610 1068 2669 Anaulfi
1120 2621 1140 2647 °
1193 2610 1555 2681 imperatoris
1612 2617 1756 2674 599

60 2700 382 2768 Persarum,
418 2702 652 2758 nomine
683 2699 922 2767 Caesara,
976 2699 1167 2756 virum
1194 2697 1576 2771 relinquens,
1622 2715 1756 2757 cum

59 2798 303 2863 quatuor
328 2791 541 2863 pueris,
577 2790 925 2862 totidemque
949 2790 1157 2863 puellis
1185 2790 1255 2846 ad
1290 2790 1519 2847 beatum
1547 2790 1759 2848 Johan-

64 2895 190 2936 nem
218 2879 545 2953 episcopum
588 2878 1147 2951 Constantinopolim
1178 2878 1439 2945 veniens,
1490 2894 1549 2935 se
1578 2895 1758 2936 unam
1810 2922 1813 2927 .

64 2983 182 3023 esse
212 2967 281 3024 de
324 2967 535 3040 populo
575 2967 743 3035 dixit,
783 2975 835 3023 et
872 2965 1144 3038 baptismi
1190 2966 1428 3039 gratiam
1469 2967 1541 3023 ab
1593 2974 1759 3023 ante-

64 3055 208 3112 dicto
262 3054 425 3112 beato
471 3055 735 3137 Johpnne
767 3055 1023 3128 expetiit.
1054 3053 1315 3125 Cumque
1343 3055 1414 3111 ab
1444 3055 1564 3128 ipso
1602 3055 1759 3112 Pon-

63 3146 211 3202 tifice
251 3147 451 3203 fuisset
481 3146 779 3219 baptizata,
811 3149 1073 3219 Augusta
1101 3144 1367 3204 Mauricii
1398 3146 1759 3219 imperatoris

63 3250 183 3291 eam
211 3234 282 3289 de
308 3243 502 3292 sancto
527 3236 778 3308 suscepit
802 3235 1030 3292 lavacro
1060 3253 1077 3305 ;
1112 3250 1287 3309 quam
1328 3252 1461 3294 cum
1500 3237 1586 3293 vir
1614 3252 1758 3294 suus

63 3324 369 3395 imperator
398 3323 698 3381 Persarum
728 3340 829 3397 per
865 3324 1179 3396 legationes
1222 3325 1433 3396 saepius
1462 3331 1756 3399 repeteret,

62 3420 113 3469 et
142 3412 460 3470 Mauricius
482 3414 789 3487 imperator
820 3428 1065 3471 uxorem
1108 3414 1293 3487 ipsius
1328 3431 1453 3473 esse
1491 3418 1756 3487 nesciret,

60 3506 198 3558 tunc
222 3504 486 3575 Augusta
520 3502 723 3560 videns
753 3518 879 3560 eam
929 3502 1397 3575 pulcherrimam,
1431 3504 1761 3575 suspicatur

59 3608 133 3648 ne
164 3593 289 3663 ipsa
304 3599 453 3650 esset
477 3608 648 3666 quam
680 3592 851 3665 legati
881 3592 1234 3667 quaerebant,
1281 3593 1596 3665 (licensque
1637 3593 1757 3651 eis:

61 3679 276 3738 Mulier
312 3681 579 3753 quaedam
625 3682 695 3739 de
750 3680 938 3739 Persis
994 3682 1107 3738 huc
1158 3680 1336 3751 venit,
1387 3679 1656 3755 dixitque
1704 3696 1764 3738 se

64 3788 243 3830 unam
275 3788 400 3829 esse
426 3773 496 3830 de
533 3773 780 3846 populo;
831 3772 1022 3829 videte
1065 3786 1210 3840 eam,
1251 3771 1487 3829 forsitan
1526 3771 1651 3844 ipsa
1681 3777 1765 3829 est

64 3878 241 3935 quam
268 3862 546 3934 quaeritis.
571 3862 752 3931 Quam
780 3861 947 3935 legali
968 3861 1243 3931 videntes,
1267 3861 1431 3933 proni
1464 3862 1523 3917 in
1554 3869 1763 3919 terram

64 3954 469 4021 adoraverunt,
509 3952 762 4009 dicentes
805 3950 990 4023 ipsam
1028 3965 1152 4008 esse
1197 3954 1397 4007 eorum
1450 3951 1766 4021 dominam,

64 4058 239 4113 quam
266 4040 620 4114 quaerebant.
659 4039 806 4097 Dicit
838 4039 908 4096 ad
937 4054 1063 4096 eam
1088 4040 1389 4109 Augusta:
1425 4038 1619 4096 Redde
1654 4039 1771 4096 illis

18 4130 21 4135 ’
62 4147 433 4205 responsum.
476 4130 639 4188 Tunc
676 4130 777 4187 illa
803 4129 1095 4203 respondit
1124 4153 1137 4188 :
1172 4128 1292 4201 Ego
1322 4145 1455 4187 cum
1495 4130 1621 4188 istis
1654 4146 1770 4189 non

120 4306 139 4327 ·
172 4293 365 4347 Boher.
400 4295 453 4345 et
485 4291 594 4353 alii,
630 4291 783 4353 prius
813 4288 1060 4341 secretius
1083 4288 1415 4351 baptizatur.

122 4366 143 4393 δ
182 4365 253 4416 De
315 4365 397 4414 his
478 4363 602 4413 vide
652 4361 949 4413 concilium
1018 4359 1329 4411 Toletanum
1398 4372 1479 4419 in,
1561 4361 1762 4411 Concil.

70 4435 227 4486 Labb.
278 4440 423 4485 tomo
474 4433 531 4493 V,
575 4434 642 4483 ad
691 4444 775 4481 an.
822 4431 929 4488 589,
968 4433 1054 4481 cui
1104 4443 1200 4480 rex
1246 4434 1361 4491 ipse
1409 4430 1668 4491 interfuit,
1706 4444 1769 4483 ac

62 4506 189 4557 ﬂdei
234 4504 582 4568 professioni,
637 4515 796 4567 quam
848 4514 914 4552 eo
962 4504 1081 4564 ipso
1132 4504 1327 4562 agente
1371 4500 1543 4552 Gotthi
1575 4514 1766 4553 susce-

62 4580 285 4640 perant,
314 4586 440 4626 cum
471 4585 647 4624 uxore
675 4587 771 4622 sua
808 4572 1144 4633 subscripsit.

122 4659 139 4679 ε
174 4648 296 4705 Alii,
353 4644 590 4706 Aunu/ﬁ,
658 4643 896 4706 Arnulﬁ,
955 4641 1224 4702 Monau/ﬁ.
1291 4641 1438 4693 Hanc
1486 4640 1769 4693 historiam

18 4721 127 4770 'ad
180 4719 417 4768 Heractii
482 4724 725 4777 tempora
778 4719 997 4765 reviicat
1059 4713 1242 4764 Paulus
1300 4715 1532 4772 Diaeon.,
1580 4714 1668 4764 lib.
1713 4726 1770 4765 Iv

66 4791 131 4839 de
181 4788 361 4838 Gestis
413 4786 644 4849 Langob.
695 4798 811 4848 cap.
856 4785 932 4834 5‘2.
974 4785 1249 4835 Johannes
1292 4784 1481 4835 Biclar.
1530 4786 1583 4834 in
1612 4785 1768 4834 chro-

68 4862 190 4910 nico
237 4859 479 4907 meminit
540 4858 881 4918 imperatoris
944 4856 1246 4911 Persarum,
1297 4856 1407 4917 qui,
1480 4868 1610 4915 pace
1647 4867 1770 4905 cum

62 4926 333 4979 Mauricio
396 4930 624 4985 tirmata,
688 4926 881 4976 Christi
916 4925 1077 4977 ﬁdem
1117 4927 1392 4987 suscepit:
1430 4938 1550 4990 quae
1589 4927 1769 4977 omnia

61 5001 129 5051 de
190 5001 426 5049 Chosroe
474 4999 691 5062 initiore
751 4998 1172 5058 interpretantur
1246 4998 1348 5046 viri
1416 4998 1634 5055 eruditi,
1679 4998 1771 5060 qui

62 5084 167 5135 Ope
224 5068 461 5119 Mauricii
512 5068 640 5132 imp.
701 5068 980 5117 Baramnm
1034 5073 1321 5129 tyrannum
1354 5067 1639 5127 oppressit.
1689 5080 1772 5117 re-

58 5153 349 5203 gnumque
381 5144 608 5200 recept.
662 5151 727 5187 ex
767 5151 873 5201 quo
936 5138 1128 5202 pulsus
1180 5136 1373 5187 fuerat.
1416 5137 1567 5188 Hunc
1617 5138 1769 5187 Curi-

64 5221 307 5263 stiannm
366 5209 536 5261 fuisse
588 5208 958 5272 Fredegarius,
1003 5210 1339 5264 Biclauensis,
1373 5210 1478 5258 ἰιιιυ
1515 5215 1566 5259 et
1600 5209 1772 5260 Theo-

62 5282 356 5347 pbylactus
443 5280 688 5331 arbitrati
759 5286 902 5341 sunt,
960 5280 1106 5343 quod
1163 5283 1347 5343 Syram
1414 5279 1769 5331 Cmistianam

62 5367 296 5405 uxorem
351 5352 585 5413 duxerit,
630 5353 918 5416 palamque
968 5350 1250 5414 professus
1303 5350 1464 5401 fuerit
1513 5364 1573 5403 se
1601 5352 1768 5403 sancti

62 5426 240 5488 δτι-811
290 5424 549 5485 martyris
602 5434 704 5485 ope
762 5424 815 5472 in
874 5434 1044 5485 regno
1107 5424 1411 5472 restitutum
1460 5422 1654 5480 fuisse,
1682 5436 1772 5473 cu-

59 5500 147 5560 jus
195 5493 457 5546 ecclesiae
513 5499 775 5558 praeclara
823 5493 961 5544 dona
1013 5492 1218 5544 obtulit.
1279 5492 1404 5543 Vide
1468 5494 1769 5555 Evagrium,

58 5568 148 5618 lib.
211 5577 278 5615 vr
330 5564 460 5615 Hist.
520 5577 637 5627 cap.
676 5564 730 5614 19
775 5564 929 5615 r120.
982 5564 1162 5627 ipsum
1195 5569 1375 5614 tamen
1407 5563 1771 5616 Cbrisdanum

62 5638 236 5689 fuisse
296 5638 502 5698 negant
564 5636 667 5685 viri
736 5638 948 5687 eruditi.
1020 5642 1072 5685 ut
1132 5635 1351 5697 quidem
1416 5635 1771 5685 Domitianum

61 5710 332 5763 Melitenae
388 5707 555 5771 episc.
612 5707 794 5759 laudat
847 5708 1138 5771 Gregorius
1172 5708 1392 5771 Magnus
1424 5707 1515 5758 lib.
1565 5718 1623 5767 II,
1660 5707 1766 5759 ind.

57 5782 105 5839 ~2,
163 5793 257 5846 ep.
306 5779 384 5839 63,
459 5778 604 5844 quod
660 5779 728 5831 ad
795 5778 920 5845 imp.
987 5780 1267 5832 Persarum
1334 5780 1767 5838 conversionem,

1842 2424 2065 2482 cultum
2092 2422 2479 2495 baptizantur.

1912 2514 2025 2569 AN.
2058 2523 2355 2569 DLXXXIX.
2383 2542 2447 2551 -—-
2477 2509 2545 2566 X.
2579 2511 2752 2568 Anno
2780 2510 2847 2568 29
2869 2510 3288 2572 Guntcbramni
3319 2519 3540 2579 exerci-

1845 2608 1935 2660 tus
1973 2602 2033 2658 in
2070 2600 2343 2673 Spaniam
2367 2600 2384 2635 τ
2410 2599 2667 2672 ejusdem
2682 2600 2855 2672 jussu
2883 2602 3193 2675 dirigitur;
3222 2607 3321 2664 sed
3355 2608 3541 2680 negli-

1840 2691 2054 2765 glentia
2082 2690 2342 2755 Bosonis,
2379 2690 2479 2761 qui
2526 2695 2696 2762 caput
2732 2689 3021 2749 exercitus
3052 2693 3182 2765 fuit,
3230 2696 3483 2769 graviter
3511 2714 3546 2757 a

1840 2779 2066 2838 Gotthis
2096 2778 2386 2835 exercitus
2410 2777 2511 2835 ille
2542 2778 2879 2837 trucidatur.
3087 2848 3092 2854 _

1911 2870 2024 2926 AN.
2052 2880 2191 2925 DXC.
2221 2898 2285 2907 -
2316 2866 2413 2923 ΧΙ.
2460 2866 2631 2923 Anno
2661 2868 2729 2925 30
2768 2868 2929 2940 regni
2978 2874 3352 2947 suprascripti
3378 2872 3542 2949 prin-

1840 2958 2003 3031 cipis,
2040 2958 2231 3045 tunica
2263 2958 2495 3015 Domini
2523 2959 2704 3023 nostri
2742 2960 2879 3018 Jesu
2912 2961 3147 3034 Christi,
3188 2982 3322 3040 quae
3353 2971 3541 3031 eidem

1841 3047 1901 3104 in
1934 3047 2198 3120 passione
2229 3048 2454 3104 sublata
2474 3058 2578 3119 est,
2607 3058 2661 3105 et
2688 3065 2721 3106 a
2761 3050 3048 3109 militibus
3069 3055 3171 3121 qui
3199 3072 3333 3114 eum
3353 3070 3545 3121 custo-

1840 3139 2095 3209 diebant,
2142 3146 2225 3195 est
2272 3139 2489 3209 sortita,
2531 3139 2601 3195 de
2651 3155 2767 3213 qua
2810 3139 2997 3197 David
3039 3144 3317 3217 propheta
3361 3150 3540 3211 dicit:

1843 3233 1916 3285 Et
1941 3245 2103 3300 super
2129 3232 2445 3284 vestimenta
2471 3245 2587 3283 mea
2612 3236 2910 3299 posuerunt
2947 3238 3142 3288 sortem
3187 3238 3364 3306 (Joan.
3409 3252 3541 3308 XIX,

1846 3321 1951 3387 24,-
1979 3323 2068 3377 Ps.
2104 3330 2234 3383 XXI,
2282 3320 2381 3390 19),
2434 3317 2672 3375 inventa
2719 3326 2803 3376 est
2841 3321 3113 3391 prodente
3163 3324 3398 3386 Simone
3424 3331 3545 3391 tilio

1845 3408 2039 3478 Jacob,
2085 3408 2187 3482 qui
2237 3423 2336 3480 per
2367 3407 2514 3465 duas
2552 3407 2936 3467 hebdomadas
2963 3411 3162 3470 multis
3191 3416 3545 3479 cruciatibus

1848 3500 2103 3561 affectus.
2137 3500 2365 3557 tandem
2398 3499 2700 3572 profitetur
2726 3499 2911 3572 ipsam
2943 3502 3197 3562 tunicam
3223 3508 3285 3564 in
3312 3508 3544 3570 civitate

1849 3591 2020 3648 Zafad
2053 3600 2079 3636 ε
2104 3592 2297 3664 procul
2329 3608 2362 3647 a
2401 3590 2801 3663 Hierosolyma
2839 3591 2901 3649 in
2932 3609 3061 3651 arca
3093 3611 3414 3657 marmorea
3442 3615 3546 3673 po-

1849 3683 2017 3740 sitam
2065 3698 2206 3740 esse.
2261 3682 2444 3751 Quam
2499 3680 2811 3755 Gregorius
2843 3684 3240 3747 Antiochenus
3288 3698 3342 3748 et
3389 3692 3546 3753 Tho-

1850 3786 1973 3828 mas
1998 3776 2019 3805 δ
2046 3771 2601 3845 Hierosolymorum,
2630 3777 2683 3828 et
2723 3770 3018 3832 Johannes
3060 3776 3548 3855 Constantinopo-

1852 3859 2067 3917 litanus
2086 3860 2333 3932 episcopi
2363 3875 2497 3917 cum
2513 3860 2643 3917 aliis
2661 3861 2860 3920 multis
2879 3863 3178 3939 episcopis,
3215 3868 3553 3933 triduanum

1851 3948 2123 4005 facientes
2156 3947 2470 4021 jejunium,
2504 3949 2719 4007 exinde
2748 3952 3035 4025 condigne
3066 3970 3199 4015 cum
3238 3975 3366 4017 arca
3398 3978 3553 4021 mar-

1853 4051 2066 4105 morea,
2100 4035 2215 4093 levi
2263 4037 2481 4105 effecta,
2518 4037 2686 4108 quasi
2725 4053 2799 4095 ex
2858 4039 3018 4111 ligno
3070 4042 3290 4117 fuisset,
3345 4050 3581 4110 ordine.

1850 4124 2097 4199 pedestri
2142 4123 2601 4196 Hierosolymam
2645 4141 2782 4183 cum
2840 4127 3145 4189 devotione
3189 4139 3553 4197 sanctissima

1850 4294 1977 4366 licet
2021 4292 2236 4366 frustra,
2318 4292 2664 4366 laboraverit.
2739 4294 3018 4366 Iohannes
3088 4312 3221 4353 vero
3277 4304 3555 4366 Jejunator

1854 4364 2041 4414 dictus.
2101 4359 2199 4413 ΟΡ.
2260 4363 2448 4435 epise,
2493 4366 2589 4435 _de
2652 4376 2759 4428 quo
2834 4365 2922 4417 hic
2989 4364 3246 4432 Fredeg.,
3300 4359 3559 4435 Eutychio

1853 4435 2135 4489 successit,
2178 4446 2264 4484 an.
2323 4433 2429 4483 582.
2493 4433 2748 4486 Famosus
2814 4437 2912 4488 fuit
2965 4439 3033 4490 ob
3096 4433 3428 4495 universalis
3454 4459 3555 4499 seu

1851 4503 2162 4556 wcwnenici
2192 4505 2424 4578 titulum,
2472 4517 2633 4568 quem
2666 4506 2767 4558 sibi
2810 4510 3098 4564 resistente
3150 4514 3408 4578 Gregorio
3438 4517 3553 4572 Ma-

1784 4594 1833 4653 D
1854 4589 2067 4653 gno‘ar.
2084 4576 2292 4653 ogabat.

1915 4647 1935 4675 ἀ
1970 4648 2237 4722 Successit
2305 4649 2501 4722 sancto
2559 4646 2836 4722 Anastasio
2915 4650 2972 4702 in
3033 4653 3292 4707 exsilium
3374 4657 3556 4722 pulso,

1855 4731 1940 4794 an.
2006 4719 2112 4794 571.
2183 4718 2338 4794 Eum‘
2381 4716 2599 4794 laudant
2651 4718 2937 4794 _E_vag_rius,
3007 4722 3114 4794 Alib.
3182 4740 3258 4785 vr,
3323 4716 3556 4794 passim}

1853 4790 2223 4847 Theonhanes,
2293 4791 2376 4858 et,
2427 4789 2575 4840 Joui.
2650 4788 2925 4852 MoSchus,
3005 4791 3143 4844 Prati
3209 4788 3381 4858 spirit.
3438 4788 3555 4858 cap.

1858 4861 1961 4909 MO.
2001 4861 2134 4911 Obiit
2184 4872 2268 4909 an.
2329 4857 2458 4919 592;
2514 4870 2621 4922 quo
2682 4859 2955 4923 defuncto,
2999 4865 3305 4918 Anastasius
3369 4857 3559 4921 sedem

1856 4943 2008 4981 suam
2036 4929 2251 4991 reCepit.

1918 5008 1940 5034 θ
1981 4999 2187 5057 Boher.,
2244 5011 2367 5051 cum
2423 4999 2632 5052 clericis
2700 5000 2751 5051 ei
2813 5001 3048 5053 dareL...

1853 5070 1991 5119 Sida.

1922 5140 1938 5176 ί
1976 5141 2026 5190 ld
2071 5143 2170 5199 est,
2218 5140 2611 5203 soptimaniam,
2648 5146 2706 5193 ut
2746 5144 3026 5197 evidenter
3074 5149 3216 5209 patet
3249 5162 3318 5202 ex
3368 5150 3460 5203 lib.
3493 5164 3556 5205 ix

1856 5223 1971 5271 cap.
2003 5214 2053 5261 31
2088 5212 2333 5261 Histertaa
2368 5214 2629 5272 Gregorii.

1922 5294 1945 5328 ε
1980 5283 2045 5333 Ea
2097 5288 2195 5338 Cri,
2250 5285 2309 5331 ut
2384 5286 2546 5345 vu'go
2614 5290 2821 5347 putant,
2891 5292 3071 5352 Joppe,
3154 5292 3287 5344 urbs
3342 5295 3398 5345 in
3468 5295 3558 5347 Pa-

1854 5353 2063 5405 lae~tina
2112 5352 2362 5429 celebris,
2441 5356 2586 5429 olim_
2638 5359 2770 5409 sede
2829 5360 3124 5426 episcopali
3179 5369 3386 5427 ornata,
3439 5378 3561 5429 quas

1853 5430 2165 5502 Etiamnunc
2227 5425 2404 5502 vulgo
2470 5422 2612 5502 _.lafa
2664 5422 2983 5502 appellatur,
3017 5422 3197 5487 'ltalis
3255 5422 3415 5502 Ja/fo,
3457 5422 3564 5490 'vel

1852 5496 2017 5559 Za/ro.
2078 5498 2149 5549 De
2222 5498 2404 5547 tunica
2468 5495 2569 5547 hac
2624 5498 2749 5552 vide
2800 5501 2894 5553 lib.
2960 5516 2978 5555 ι
3037 5505 3106 5557 de
3180 5495 3356 5560 Gloria
3400 5495 3558 5560 Mart.

1837 5582 1972 5629 cap.
2008 5570 2053 5618 8.
2586 5600 2591 5607 .

1920 5637 1942 5667 ¹³
1979 5637 2304 5711 Fredegario
2358 5638 2569 5691 Thomas
2623 5651 2822 5691 nomen
2874 5642 3190 5707 obrepsisse
3244 5652 3397 5711 putat
3462 5650 3560 5703 Pa-

1854 5709 2199 5784 pebrochius,
2248 5722 2369 5784 pro
2431 5712 2614 5784 Amos,
2672 5724 2832 5784 quem
2901 5726 2970 5764 ex
3032 5709 3259 5768 Graecis
3293 5720 3560 5784 catalogis

1854 5784 1982 5834 tunc
2055 5781 2517 5845 Jerosolymitanae
2584 5782 2832 5835 Ecclesia
2896 5784 3183 5848 praefuisse
3262 5781 3555 5845 existimat.

3122 5004 3378 5059 universa
3425 5008 3556 5060 Per-
