  <div class='ocr_page' id='page_1' title='image "/cluster/home/n/w/nwhite01/storage/ocr_20150623/71/hvd.32044054758743/315.png"; bbox 0 0 3982 6346; ppageno 0'>
   <div class='ocr_carea' id='block_1_1' title="bbox 506 405 610 464">
    <p class='ocr_par' dir='ltr' id='par_1_1' title="bbox 506 405 610 464">
     <span class='ocr_line' id='line_1_1' title="bbox 506 405 610 464; baseline -0.019 0"><span class='ocrx_word' id='word_1_1' title='bbox 506 405 610 464; x_wconf 80' lang='lat'>615</span> 
     </span>
    </p>
   </div>
   <div class='ocr_carea' id='block_1_2' title="bbox 1759 379 3979 464">
    <p class='ocr_par' dir='ltr' id='par_1_2' title="bbox 1759 379 3979 464">
     <span class='ocr_line' id='line_1_2' title="bbox 1759 379 3979 464; baseline 0.001 -25"><span class='ocrx_word' id='word_1_2' title='bbox 1759 380 2211 464; x_wconf 40' lang='lat' dir='ltr'>IIRICDEGARII</span> <span class='ocrx_word' id='word_1_3' title='bbox 2255 379 2738 440; x_wconf 59' lang='lat' dir='ltr'>SCIIOIASTICI</span> <span class='ocrx_word' id='word_1_4' title='bbox 3601 433 3616 446; x_wconf 89' lang='lat'>.</span> <span class='ocrx_word' id='word_1_5' title='bbox 3944 384 3979 441; x_wconf 81' lang='lat'><strong>6</strong></span> 
     </span>
    </p>
   </div>
   <div class='ocr_carea' id='block_1_3' title="bbox 506 502 3980 603">
    <p class='ocr_par' dir='ltr' id='par_1_3' title="bbox 506 502 3980 603">
     <span class='ocr_line' id='line_1_3' title="bbox 506 502 3980 603; baseline -0.006 -19"><span class='ocrx_word' id='word_1_6' title='bbox 506 523 926 603; x_wconf 82' lang='lat' dir='ltr'>perduxerunt,</span> <span class='ocrx_word' id='word_1_7' title='bbox 958 529 1203 589; x_wconf 83' lang='lat' dir='ltr'>eamque</span> <span class='ocrx_word' id='word_1_8' title='bbox 1229 513 1290 571; x_wconf 92' lang='lat' dir='ltr'>in</span> <span class='ocrx_word' id='word_1_9' title='bbox 1321 511 1440 569; x_wconf 88' lang='lat' dir='ltr'>loco</span> <span class='ocrx_word' id='word_1_10' title='bbox 1467 508 1569 567; x_wconf 91' lang='lat' dir='ltr'>ubi</span> <span class='ocrx_word' id='word_1_11' title='bbox 1609 521 1751 565; x_wconf 80' lang='lat' dir='ltr'>crux</span> <span class='ocrx_word' id='word_1_12' title='bbox 1794 504 2028 563; x_wconf 88' lang='lat' dir='ltr'>Domini</span> <span class='ocrx_word' id='word_1_13' title='bbox 2066 502 2538 603; x_wconf 70' lang='lat' dir='ltr'>ado-Atnicavit,</span> <span class='ocrx_word' id='word_1_14' title='bbox 2569 511 2621 561; x_wconf 91' lang='lat' dir='ltr'>et</span> <span class='ocrx_word' id='word_1_15' title='bbox 2647 503 2724 560; x_wconf 88' lang='lat' dir='ltr'>ita</span> <span class='ocrx_word' id='word_1_16' title='bbox 2766 503 2978 562; x_wconf 87' lang='lat' dir='ltr'>Warni</span> <span class='ocrx_word' id='word_1_17' title='bbox 3025 503 3292 563; x_wconf 79' lang='lat' dir='ltr'>trucidati</span> <span class='ocrx_word' id='word_1_18' title='bbox 3325 505 3464 564; x_wconf 89' lang='lat' dir='ltr'>victi</span> <span class='ocrx_word' id='word_1_19' title='bbox 3495 512 3652 576; x_wconf 90' lang='lat' dir='ltr'>sunt,</span> <span class='ocrx_word' id='word_1_20' title='bbox 3696 511 3776 565; x_wconf 88' lang='lat' dir='ltr'>ut</span> <span class='ocrx_word' id='word_1_21' title='bbox 3818 521 3980 580; x_wconf 87' lang='lat' dir='ltr'>parn</span> 
     </span>
    </p>
   </div>
   <div class='ocr_carea' id='block_1_4' title="bbox 500 593 2208 678">
    <p class='ocr_par' dir='ltr' id='par_1_4' title="bbox 500 593 2208 678">
     <span class='ocr_line' id='line_1_4' title="bbox 500 593 2208 678; baseline -0.013 -5"><span class='ocrx_word' id='word_1_22' title='bbox 500 593 664 675; x_wconf 71' lang='lat' dir='ltr'>ratur</span> <span class='ocrx_word' id='word_1_23' title='bbox 719 625 857 669; x_wconf 90' lang='lat' dir='ltr'>cum</span> <span class='ocrx_word' id='word_1_24' title='bbox 895 605 1190 678; x_wconf 89' lang='lat' dir='ltr'>triumpho</span> <span class='ocrx_word' id='word_1_25' title='bbox 1255 603 1597 675; x_wconf 90' lang='lat' dir='ltr'>posuerunt.</span> <span class='ocrx_word' id='word_1_26' title='bbox 1667 595 1750 653; x_wconf 92' lang='lat' dir='ltr'>Eo</span> <span class='ocrx_word' id='word_1_27' title='bbox 1795 608 1818 633; x_wconf 70' lang='grc' dir='ltr'>α</span> <span class='ocrx_word' id='word_1_28' title='bbox 1867 609 2022 651; x_wconf 89' lang='lat' dir='ltr'>anno</span> <span class='ocrx_word' id='word_1_29' title='bbox 2070 593 2208 650; x_wconf 91' lang='lat' dir='ltr'>luna</span> 
     </span>
    </p>
   </div>
   <div class='ocr_carea' id='block_1_5' title="bbox 497 683 2208 763">
    <p class='ocr_par' dir='ltr' id='par_1_5' title="bbox 497 683 2208 763">
     <span class='ocr_line' id='line_1_5' title="bbox 497 683 2208 763; baseline -0.013 0"><span class='ocrx_word' id='word_1_30' title='bbox 497 704 800 763; x_wconf 89' lang='lat' dir='ltr'>obscurata</span> <span class='ocrx_word' id='word_1_31' title='bbox 843 706 945 758; x_wconf 91' lang='lat' dir='ltr'>est.</span> <span class='ocrx_word' id='word_1_32' title='bbox 994 697 1074 754; x_wconf 85' lang='lat' dir='ltr'>Eo</span> <span class='ocrx_word' id='word_1_33' title='bbox 1119 708 1273 753; x_wconf 89' lang='lat' dir='ltr'>anno</span> <span class='ocrx_word' id='word_1_34' title='bbox 1329 690 1479 748; x_wconf 89' lang='lat' dir='ltr'>inter</span> <span class='ocrx_word' id='word_1_35' title='bbox 1511 687 1756 744; x_wconf 85' lang='lat' dir='ltr'>Francos</span> <span class='ocrx_word' id='word_1_36' title='bbox 1801 691 1858 742; x_wconf 91' lang='lat' dir='ltr'>et</span> <span class='ocrx_word' id='word_1_37' title='bbox 1903 683 2208 741; x_wconf 81' lang='lat' dir='ltr'>Britannos</span> 
     </span>
    </p>
   </div>
   <div class='ocr_carea' id='block_1_6' title="bbox 502 781 1884 870">
    <p class='ocr_par' dir='ltr' id='par_1_6' title="bbox 502 781 1884 870">
     <span class='ocr_line' id='line_1_6' title="bbox 502 781 1884 870; baseline -0.017 -15"><span class='ocrx_word' id='word_1_38' title='bbox 502 811 675 870; x_wconf 86' lang='lat' dir='ltr'><strong>super</strong></span> <span class='ocrx_word' id='word_1_39' title='bbox 698 793 951 853; x_wconf 87' lang='lat' dir='ltr'>ﬂuvium</span> <span class='ocrx_word' id='word_1_40' title='bbox 972 784 1277 846; x_wconf 90' lang='lat' dir='ltr'>Vicinonia</span> <span class='ocrx_word' id='word_1_41' title='bbox 1307 781 1529 840; x_wconf 92' lang='lat' dir='ltr'>bellum</span> <span class='ocrx_word' id='word_1_42' title='bbox 1545 786 1647 856; x_wconf 70' lang='lat' dir='ltr'>est</span> <span class='ocrx_word' id='word_1_43' title='bbox 1672 783 1884 835; x_wconf 90' lang='lat' dir='ltr'>ortum.</span> 
     </span>
    </p>
   </div>
   <div class='ocr_carea' id='block_1_7' title="bbox 571 901 2204 991">
    <p class='ocr_par' dir='ltr' id='par_1_7' title="bbox 571 901 2204 991">
     <span class='ocr_line' id='line_1_7' title="bbox 571 901 2204 991; baseline -0.014 -12"><span class='ocrx_word' id='word_1_44' title='bbox 571 919 702 979; x_wconf 88' lang='lat' dir='ltr'>XII.</span> <span class='ocrx_word' id='word_1_45' title='bbox 736 915 1097 991; x_wconf 89' lang='lat' dir='ltr'>Beppelenus</span> <span class='ocrx_word' id='word_1_46' title='bbox 1146 911 1269 968; x_wconf 75' lang='lat' dir='ltr'>dux</span> <span class='ocrx_word' id='word_1_47' title='bbox 1311 908 1663 991; x_wconf 76' lang='lat' dir='ltr'>Francorum</span> <span class='ocrx_word' id='word_1_48' title='bbox 1711 901 1952 991; x_wconf 74' lang='lat' dir='ltr'>factione</span> <span class='ocrx_word' id='word_1_49' title='bbox 1985 901 2204 991; x_wconf 65' lang='lat' dir='ltr'>Hebru-</span> 
     </span>
    </p>
   </div>
   <div class='ocr_carea' id='block_1_8' title="bbox 502 988 2205 1077">
    <p class='ocr_par' dir='ltr' id='par_1_8' title="bbox 502 988 2205 1077">
     <span class='ocr_line' id='line_1_8' title="bbox 502 988 2205 1077; baseline -0.014 -10"><span class='ocrx_word' id='word_1_50' title='bbox 502 1008 706 1074; x_wconf 80' lang='lat' dir='ltr'>charii,</span> <span class='ocrx_word' id='word_1_51' title='bbox 741 988 1000 1077; x_wconf 75' lang='lat' dir='ltr'>itemque</span> <span class='ocrx_word' id='word_1_52' title='bbox 1029 997 1214 1068; x_wconf 87' lang='lat' dir='ltr'>ducis,</span> <span class='ocrx_word' id='word_1_53' title='bbox 1256 1012 1288 1053; x_wconf 90' lang='lat' dir='ltr'>a</span> <span class='ocrx_word' id='word_1_54' title='bbox 1318 991 1614 1051; x_wconf 79' lang='lat' dir='ltr'>Britannis</span> <span class='ocrx_word' id='word_1_55' title='bbox 1639 988 2005 1047; x_wconf 79' lang='lat' dir='ltr'>interﬁcitur.</span> <span class='ocrx_word' id='word_1_56' title='bbox 2041 988 2205 1077; x_wconf 13' lang='lat' dir='ltr'>VUnde</span> 
     </span>
    </p>
   </div>
   <div class='ocr_carea' id='block_1_9' title="bbox 498 1076 2202 1172">
    <p class='ocr_par' dir='ltr' id='par_1_9' title="bbox 498 1076 2202 1172">
     <span class='ocr_line' id='line_1_9' title="bbox 498 1076 2202 1172; baseline -0.013 -16"><span class='ocrx_word' id='word_1_57' title='bbox 498 1104 625 1172; x_wconf 92' lang='lat' dir='ltr'>post</span> <span class='ocrx_word' id='word_1_58' title='bbox 667 1076 1093 1152; x_wconf 88' lang='lat' dir='ltr'>Hebracharius</span> <span class='ocrx_word' id='word_1_59' title='bbox 1125 1085 1195 1143; x_wconf 90' lang='lat' dir='ltr'>ad</span> <span class='ocrx_word' id='word_1_60' title='bbox 1251 1097 1540 1142; x_wconf 85' lang='lat' dir='ltr'>summam</span> <span class='ocrx_word' id='word_1_61' title='bbox 1586 1085 1976 1153; x_wconf 74' lang='lat' dir='ltr'>paupertatem</span> <span class='ocrx_word' id='word_1_62' title='bbox 2018 1076 2086 1133; x_wconf 83' lang='lat' dir='ltr'>de</span> <span class='ocrx_word' id='word_1_63' title='bbox 2113 1092 2202 1133; x_wconf 90' lang='lat' dir='ltr'>re-</span> 
     </span>
    </p>
   </div>
   <div class='ocr_carea' id='block_1_10' title="bbox 501 1174 1395 1256">
    <p class='ocr_par' dir='ltr' id='par_1_10' title="bbox 501 1174 1395 1256">
     <span class='ocr_line' id='line_1_10' title="bbox 501 1174 1395 1256; baseline -0.018 -11"><span class='ocrx_word' id='word_1_64' title='bbox 501 1187 610 1245; x_wconf 88' lang='lat' dir='ltr'>bus</span> <span class='ocrx_word' id='word_1_65' title='bbox 642 1185 768 1244; x_wconf 89' lang='lat' dir='ltr'>suis</span> <span class='ocrx_word' id='word_1_66' title='bbox 803 1181 1083 1256; x_wconf 85' lang='lat' dir='ltr'>spoliatus</span> <span class='ocrx_word' id='word_1_67' title='bbox 1109 1174 1395 1250; x_wconf 84' lang='lat' dir='ltr'>pervenit.</span> 
     </span>
    </p>
   </div>
   <div class='ocr_carea' id='block_1_11' title="bbox 575 1291 2201 1365">
    <p class='ocr_par' dir='ltr' id='par_1_11' title="bbox 575 1291 2201 1365">
     <span class='ocr_line' id='line_1_11' title="bbox 575 1291 2201 1365; baseline -0.011 1"><span class='ocrx_word' id='word_1_68' title='bbox 575 1309 687 1365; x_wconf 88' lang='lat' dir='ltr'>AN.</span> <span class='ocrx_word' id='word_1_69' title='bbox 719 1318 882 1365; x_wconf 82' lang='lat' dir='ltr'>DXCI.</span> <span class='ocrx_word' id='word_1_70' title='bbox 913 1334 978 1344; x_wconf 90' lang='lat'><strong>—</strong></span> <span class='ocrx_word' id='word_1_71' title='bbox 1024 1297 1184 1358; x_wconf 87' lang='lat' dir='ltr'>XIII.</span> <span class='ocrx_word' id='word_1_72' title='bbox 1231 1298 1403 1354; x_wconf 87' lang='lat' dir='ltr'>Anno</span> <span class='ocrx_word' id='word_1_73' title='bbox 1458 1293 1519 1349; x_wconf 83' lang='lat'>31</span> <span class='ocrx_word' id='word_1_74' title='bbox 1577 1291 1736 1361; x_wconf 92' lang='lat' dir='ltr'>regni</span> <span class='ocrx_word' id='word_1_75' title='bbox 1781 1292 2201 1349; x_wconf 86' lang='lat' dir='ltr'>Guntchramni</span> 
     </span>
    </p>
   </div>
   <div class='ocr_carea' id='block_1_12' title="bbox 507 1377 2203 1456">
    <p class='ocr_par' dir='ltr' id='par_1_12' title="bbox 507 1377 2203 1456">
     <span class='ocr_line' id='line_1_12' title="bbox 507 1377 2203 1456; baseline -0.014 0"><span class='ocrx_word' id='word_1_76' title='bbox 507 1392 947 1456; x_wconf 83' lang='lat' dir='ltr'>Theudefredus</span> <span class='ocrx_word' id='word_1_77' title='bbox 972 1388 1096 1446; x_wconf 77' lang='lat' dir='ltr'>dux</span> <span class='ocrx_word' id='word_1_78' title='bbox 1121 1384 1280 1443; x_wconf 88' lang='lat' dir='ltr'>Ultra</span> <span class='ocrx_word' id='word_1_79' title='bbox 1305 1381 1558 1438; x_wconf 88' lang='lat' dir='ltr'>Juranus</span> <span class='ocrx_word' id='word_1_80' title='bbox 1584 1386 1604 1414; x_wconf 74' lang='grc' dir='ltr'><strong>ι’</strong></span> <span class='ocrx_word' id='word_1_81' title='bbox 1636 1377 1900 1447; x_wconf 91' lang='lat' dir='ltr'>moritur,</span> <span class='ocrx_word' id='word_1_82' title='bbox 1948 1378 2041 1434; x_wconf 87' lang='lat' dir='ltr'>cui</span> <span class='ocrx_word' id='word_1_83' title='bbox 2071 1393 2203 1434; x_wconf 85' lang='lat' dir='ltr'>suc-</span> 
     </span>
    </p>
   </div>
   <div class='ocr_carea' id='block_1_13' title="bbox 505 1466 2202 1546">
    <p class='ocr_par' dir='ltr' id='par_1_13' title="bbox 505 1466 2202 1546">
     <span class='ocr_line' id='line_1_13' title="bbox 505 1466 2202 1546; baseline -0.015 1"><span class='ocrx_word' id='word_1_84' title='bbox 505 1486 674 1546; x_wconf 89' lang='lat' dir='ltr'>cessit</span> <span class='ocrx_word' id='word_1_85' title='bbox 698 1481 1153 1542; x_wconf 76' lang='lat' dir='ltr'>VVandalmarus</span> <span class='ocrx_word' id='word_1_86' title='bbox 1184 1474 1244 1530; x_wconf 90' lang='lat' dir='ltr'>in</span> <span class='ocrx_word' id='word_1_87' title='bbox 1275 1473 1490 1529; x_wconf 88' lang='lat' dir='ltr'>honore</span> <span class='ocrx_word' id='word_1_88' title='bbox 1529 1468 1792 1525; x_wconf 86' lang='lat' dir='ltr'>ducatus.</span> <span class='ocrx_word' id='word_1_89' title='bbox 1828 1466 2073 1539; x_wconf 85' lang='lat' dir='ltr'>Ipsoque</span> <span class='ocrx_word' id='word_1_90' title='bbox 2097 1483 2202 1523; x_wconf 90' lang='lat' dir='ltr'>an-</span> 
     </span>
    </p>
   </div>
   <div class='ocr_carea' id='block_1_14' title="bbox 500 1556 2207 1645">
    <p class='ocr_par' dir='ltr' id='par_1_14' title="bbox 500 1556 2207 1645">
     <span class='ocr_line' id='line_1_14' title="bbox 500 1556 2207 1645; baseline -0.013 -10"><span class='ocrx_word' id='word_1_91' title='bbox 500 1592 576 1635; x_wconf 92' lang='lat' dir='ltr'>no</span> <span class='ocrx_word' id='word_1_92' title='bbox 611 1582 749 1640; x_wconf 88' lang='lat'>601</span> <span class='ocrx_word' id='word_1_93' title='bbox 810 1573 932 1645; x_wconf 85' lang='lat' dir='ltr'>Ago</span> <span class='ocrx_word' id='word_1_94' title='bbox 988 1569 1113 1626; x_wconf 77' lang='lat' dir='ltr'>dux</span> <span class='ocrx_word' id='word_1_95' title='bbox 1155 1566 1218 1622; x_wconf 91' lang='lat' dir='ltr'>in</span> <span class='ocrx_word' id='word_1_96' title='bbox 1273 1560 1436 1620; x_wconf 86' lang='lat' dir='ltr'>Italia</span> <span class='ocrx_word' id='word_1_97' title='bbox 1491 1575 1664 1632; x_wconf 88' lang='lat' dir='ltr'>super</span> <span class='ocrx_word' id='word_1_98' title='bbox 1716 1556 2120 1629; x_wconf 84' lang='lat' dir='ltr'>Langobardos</span> <span class='ocrx_word' id='word_1_99' title='bbox 2145 1556 2207 1613; x_wconf 90' lang='lat' dir='ltr'>in</span> 
     </span>
    </p>
   </div>
   <div class='ocr_carea' id='block_1_15' title="bbox 505 1664 1088 1740">
    <p class='ocr_par' dir='ltr' id='par_1_15' title="bbox 505 1664 1088 1740">
     <span class='ocr_line' id='line_1_15' title="bbox 505 1664 1088 1740; baseline -0.021 -13"><span class='ocrx_word' id='word_1_100' title='bbox 505 1682 682 1740; x_wconf 89' lang='lat' dir='ltr'>regno</span> <span class='ocrx_word' id='word_1_101' title='bbox 721 1664 1088 1724; x_wconf 90' lang='lat' dir='ltr'>sublimatur.</span> 
     </span>
    </p>
   </div>
   <div class='ocr_carea' id='block_1_16' title="bbox 571 1772 2208 1850">
    <p class='ocr_par' dir='ltr' id='par_1_16' title="bbox 571 1772 2208 1850">
     <span class='ocr_line' id='line_1_16' title="bbox 571 1772 2208 1850; baseline -0.013 -2"><span class='ocrx_word' id='word_1_102' title='bbox 571 1789 686 1847; x_wconf 85' lang='lat' dir='ltr'>AN.</span> <span class='ocrx_word' id='word_1_103' title='bbox 719 1798 901 1847; x_wconf 85' lang='lat' dir='ltr'>Dxcn.</span> <span class='ocrx_word' id='word_1_104' title='bbox 934 1814 1003 1826; x_wconf 92' lang='grc'><strong><em>--</em></strong></span> <span class='ocrx_word' id='word_1_105' title='bbox 1034 1783 1206 1840; x_wconf 88' lang='lat' dir='ltr'>Anno</span> <span class='ocrx_word' id='word_1_106' title='bbox 1239 1780 1304 1836; x_wconf 76' lang='lat'>32</span> <span class='ocrx_word' id='word_1_107' title='bbox 1349 1775 1512 1850; x_wconf 87' lang='lat' dir='ltr'>regni</span> <span class='ocrx_word' id='word_1_108' title='bbox 1563 1772 2009 1841; x_wconf 89' lang='lat' dir='ltr'>Guntchramni,</span> <span class='ocrx_word' id='word_1_109' title='bbox 2059 1772 2138 1829; x_wconf 86' lang='lat' dir='ltr'>ita</span> <span class='ocrx_word' id='word_1_110' title='bbox 2174 1786 2208 1827; x_wconf 92' lang='lat' dir='ltr'>a</span> 
     </span>
    </p>
   </div>
   <div class='ocr_carea' id='block_1_17' title="bbox 502 1863 2268 1952">
    <p class='ocr_par' dir='ltr' id='par_1_17' title="bbox 502 1863 2268 1952">
     <span class='ocr_line' id='line_1_17' title="bbox 502 1863 2268 1952; baseline -0.012 -13"><span class='ocrx_word' id='word_1_111' title='bbox 502 1894 673 1939; x_wconf 87' lang='lat' dir='ltr'>mane</span> <span class='ocrx_word' id='word_1_112' title='bbox 702 1892 890 1952; x_wconf 89' lang='lat' dir='ltr'>usque</span> <span class='ocrx_word' id='word_1_113' title='bbox 915 1875 987 1932; x_wconf 89' lang='lat' dir='ltr'>ad</span> <span class='ocrx_word' id='word_1_114' title='bbox 1023 1871 1275 1930; x_wconf 90' lang='lat' dir='ltr'>mediam</span> <span class='ocrx_word' id='word_1_115' title='bbox 1321 1869 1478 1925; x_wconf 90' lang='lat' dir='ltr'>diem</span> <span class='ocrx_word' id='word_1_116' title='bbox 1520 1865 1607 1924; x_wconf 91' lang='lat' dir='ltr'>sol</span> <span class='ocrx_word' id='word_1_117' title='bbox 1657 1863 1980 1922; x_wconf 89' lang='lat' dir='ltr'>minoratus</span> <span class='ocrx_word' id='word_1_118' title='bbox 2009 1869 2110 1932; x_wconf 89' lang='lat' dir='ltr'>est,</span> <span class='ocrx_word' id='word_1_119' title='bbox 2145 1867 2268 1928; x_wconf 88' lang='lat' dir='ltr'>utB</span> 
     </span>
    </p>
   </div>
   <div class='ocr_carea' id='block_1_18' title="bbox 501 1961 1559 2042">
    <p class='ocr_par' dir='ltr' id='par_1_18' title="bbox 501 1961 1559 2042">
     <span class='ocr_line' id='line_1_18' title="bbox 501 1961 1559 2042; baseline -0.015 -12"><span class='ocrx_word' id='word_1_120' title='bbox 501 1969 667 2029; x_wconf 87' lang='lat' dir='ltr'>tertia</span> <span class='ocrx_word' id='word_1_121' title='bbox 691 1982 824 2042; x_wconf 88' lang='lat' dir='ltr'>pars</span> <span class='ocrx_word' id='word_1_122' title='bbox 851 1981 927 2024; x_wconf 80' lang='lat' dir='ltr'>ex</span> <span class='ocrx_word' id='word_1_123' title='bbox 955 1964 1078 2038; x_wconf 92' lang='lat' dir='ltr'>ipso</span> <span class='ocrx_word' id='word_1_124' title='bbox 1107 1961 1214 2021; x_wconf 80' lang='lat' dir='ltr'>vix</span> <span class='ocrx_word' id='word_1_125' title='bbox 1243 1964 1559 2034; x_wconf 89' lang='lat' dir='ltr'>appareret.</span> 
     </span>
    </p>
   </div>
   <div class='ocr_carea' id='block_1_19' title="bbox 572 2067 2199 2145">
    <p class='ocr_par' dir='ltr' id='par_1_19' title="bbox 572 2067 2199 2145">
     <span class='ocr_line' id='line_1_19' title="bbox 572 2067 2199 2145; baseline -0.012 0"><span class='ocrx_word' id='word_1_126' title='bbox 572 2087 686 2145; x_wconf 78' lang='lat' dir='ltr'>AN.</span> <span class='ocrx_word' id='word_1_127' title='bbox 718 2094 923 2142; x_wconf 85' lang='lat' dir='ltr'>DXCIII.</span> <span class='ocrx_word' id='word_1_128' title='bbox 970 2111 1032 2122; x_wconf 97' lang='lat'><strong><em>—</em></strong></span> <span class='ocrx_word' id='word_1_129' title='bbox 1075 2076 1226 2136; x_wconf 88' lang='lat' dir='ltr'>XIV.</span> <span class='ocrx_word' id='word_1_130' title='bbox 1262 2077 1433 2133; x_wconf 91' lang='lat' dir='ltr'>Anno</span> <span class='ocrx_word' id='word_1_131' title='bbox 1463 2071 1530 2131; x_wconf 89' lang='lat'>33</span> <span class='ocrx_word' id='word_1_132' title='bbox 1560 2070 1722 2143; x_wconf 81' lang='lat' dir='ltr'>regni</span> <span class='ocrx_word' id='word_1_133' title='bbox 1753 2067 2199 2128; x_wconf 88' lang='lat' dir='ltr'>Guntchramni.</span> 
     </span>
    </p>
   </div>
   <div class='ocr_carea' id='block_1_20' title="bbox 510 2158 2203 2243">
    <p class='ocr_par' dir='ltr' id='par_1_20' title="bbox 510 2158 2203 2243">
     <span class='ocr_line' id='line_1_20' title="bbox 510 2158 2203 2243; baseline -0.013 -7"><span class='ocrx_word' id='word_1_134' title='bbox 510 2177 596 2236; x_wconf 91' lang='lat' dir='ltr'>Eo</span> <span class='ocrx_word' id='word_1_135' title='bbox 625 2191 798 2243; x_wconf 91' lang='lat' dir='ltr'>anno,</span> <span class='ocrx_word' id='word_1_136' title='bbox 830 2185 871 2229; x_wconf 87' lang='lat' dir='ltr'>v</span> <span class='ocrx_word' id='word_1_137' title='bbox 904 2167 1188 2228; x_wconf 84' lang='lat' dir='ltr'>Kalendas</span> <span class='ocrx_word' id='word_1_138' title='bbox 1216 2165 1453 2237; x_wconf 78' lang='lat' dir='ltr'>Aprilis.</span> <span class='ocrx_word' id='word_1_139' title='bbox 1485 2163 1606 2236; x_wconf 91' lang='lat' dir='ltr'>ipse</span> <span class='ocrx_word' id='word_1_140' title='bbox 1635 2175 1737 2218; x_wconf 85' lang='lat' dir='ltr'>rex</span> <span class='ocrx_word' id='word_1_141' title='bbox 1773 2158 2016 2216; x_wconf 90' lang='lat' dir='ltr'>moritur</span> <span class='ocrx_word' id='word_1_142' title='bbox 2045 2168 2085 2226; x_wconf 86' lang='lat'>°,</span> <span class='ocrx_word' id='word_1_143' title='bbox 2112 2172 2203 2215; x_wconf 90' lang='lat' dir='ltr'>se-</span> 
     </span>
    </p>
   </div>
   <div class='ocr_carea' id='block_1_21' title="bbox 505 2245 2203 2340">
    <p class='ocr_par' dir='ltr' id='par_1_21' title="bbox 505 2245 2203 2340">
     <span class='ocr_line' id='line_1_21' title="bbox 505 2245 2203 2340; baseline -0.011 -16"><span class='ocrx_word' id='word_1_144' title='bbox 505 2264 710 2340; x_wconf 89' lang='lat' dir='ltr'>pultus</span> <span class='ocrx_word' id='word_1_145' title='bbox 738 2269 823 2321; x_wconf 90' lang='lat' dir='ltr'>est</span> <span class='ocrx_word' id='word_1_146' title='bbox 847 2261 912 2318; x_wconf 92' lang='lat' dir='ltr'>in</span> <span class='ocrx_word' id='word_1_147' title='bbox 940 2256 1177 2316; x_wconf 88' lang='lat' dir='ltr'>ecclesia</span> <span class='ocrx_word' id='word_1_148' title='bbox 1223 2252 1404 2313; x_wconf 84' lang='lat' dir='ltr'>sancti</span> <span class='ocrx_word' id='word_1_149' title='bbox 1447 2249 1720 2319; x_wconf 86' lang='lat' dir='ltr'>Marcelli,</span> <span class='ocrx_word' id='word_1_150' title='bbox 1766 2247 1828 2304; x_wconf 91' lang='lat' dir='ltr'>in</span> <span class='ocrx_word' id='word_1_151' title='bbox 1856 2245 2203 2340; x_wconf 76' lang='lat' dir='ltr'>monasterio</span> 
     </span>
    </p>
   </div>
   <div class='ocr_carea' id='block_1_22' title="bbox 499 2339 2202 2432">
    <p class='ocr_par' dir='ltr' id='par_1_22' title="bbox 499 2339 2202 2432">
     <span class='ocr_line' id='line_1_22' title="bbox 499 2339 2202 2432; baseline -0.012 -16"><span class='ocrx_word' id='word_1_152' title='bbox 499 2339 658 2432; x_wconf 70' lang='lat' dir='ltr'>Quod</span> <span class='ocrx_word' id='word_1_153' title='bbox 678 2357 801 2427; x_wconf 92' lang='lat' dir='ltr'>ipse</span> <span class='ocrx_word' id='word_1_154' title='bbox 832 2355 1248 2411; x_wconf 81' lang='lat' dir='ltr'>construxerat.</span> <span class='ocrx_word' id='word_1_155' title='bbox 1279 2346 1547 2417; x_wconf 76' lang='lat' dir='ltr'>Regnum</span> <span class='ocrx_word' id='word_1_156' title='bbox 1577 2341 1837 2432; x_wconf 76' lang='lat' dir='ltr'>ejusdem</span> <span class='ocrx_word' id='word_1_157' title='bbox 1865 2339 2202 2432; x_wconf 87' lang='lat' dir='ltr'>Childeber-</span> 
     </span>
    </p>
   </div>
   <div class='ocr_carea' id='block_1_23' title="bbox 497 2429 2202 2517">
    <p class='ocr_par' dir='ltr' id='par_1_23' title="bbox 497 2429 2202 2517">
     <span class='ocr_line' id='line_1_23' title="bbox 497 2429 2202 2517; baseline -0.012 -11"><span class='ocrx_word' id='word_1_158' title='bbox 497 2429 594 2506; x_wconf 80' lang='lat' dir='ltr'>tus</span> <span class='ocrx_word' id='word_1_159' title='bbox 633 2442 968 2517; x_wconf 88' lang='lat' dir='ltr'>assumpsit.</span> <span class='ocrx_word' id='word_1_160' title='bbox 1010 2438 1226 2498; x_wconf 89' lang='lat' dir='ltr'>Eodem</span> <span class='ocrx_word' id='word_1_161' title='bbox 1254 2451 1408 2495; x_wconf 91' lang='lat' dir='ltr'>anno</span> <span class='ocrx_word' id='word_1_162' title='bbox 1449 2431 1718 2502; x_wconf 86' lang='lat' dir='ltr'>Quintrio</span> <span class='ocrx_word' id='word_1_163' title='bbox 1745 2432 1772 2467; x_wconf 75' lang='grc' dir='ltr'><strong>(ι</strong></span> <span class='ocrx_word' id='word_1_164' title='bbox 1797 2429 1920 2488; x_wconf 79' lang='lat' dir='ltr'>dux</span> <span class='ocrx_word' id='word_1_165' title='bbox 1961 2431 2202 2501; x_wconf 80' lang='lat' dir='ltr'>Campa-</span> 
     </span>
    </p>
   </div>
   <div class='ocr_carea' id='block_1_24' title="bbox 495 2517 2204 2595">
    <p class='ocr_par' dir='ltr' id='par_1_24' title="bbox 495 2517 2204 2595">
     <span class='ocr_line' id='line_1_24' title="bbox 495 2517 2204 2595; baseline -0.012 0"><span class='ocrx_word' id='word_1_166' title='bbox 495 2535 701 2595; x_wconf 90' lang='lat' dir='ltr'>nensis</span> <span class='ocrx_word' id='word_1_167' title='bbox 753 2548 887 2592; x_wconf 90' lang='lat' dir='ltr'>cum</span> <span class='ocrx_word' id='word_1_168' title='bbox 923 2528 1180 2588; x_wconf 78' lang='lat' dir='ltr'>exercitu</span> <span class='ocrx_word' id='word_1_169' title='bbox 1233 2526 1294 2582; x_wconf 94' lang='lat' dir='ltr'>in</span> <span class='ocrx_word' id='word_1_170' title='bbox 1337 2537 1584 2595; x_wconf 81' lang='lat' dir='ltr'>regnum</span> <span class='ocrx_word' id='word_1_171' title='bbox 1639 2518 1957 2577; x_wconf 77' lang='lat' dir='ltr'>Ghlotharii</span> <span class='ocrx_word' id='word_1_172' title='bbox 2008 2517 2204 2588; x_wconf 85' lang='lat' dir='ltr'>ingre-</span> 
     </span>
    </p>
   </div>
   <div class='ocr_carea' id='block_1_25' title="bbox 495 2607 2207 2686">
    <p class='ocr_par' dir='ltr' id='par_1_25' title="bbox 495 2607 2207 2686">
     <span class='ocr_line' id='line_1_25' title="bbox 495 2607 2207 2686; baseline -0.012 -1"><span class='ocrx_word' id='word_1_173' title='bbox 495 2625 673 2686; x_wconf 90' lang='lat' dir='ltr'>ditur.</span> <span class='ocrx_word' id='word_1_174' title='bbox 702 2619 1071 2682; x_wconf 82' lang='lat' dir='ltr'>Chlotharius</span> <span class='ocrx_word' id='word_1_175' title='bbox 1097 2633 1234 2674; x_wconf 90' lang='lat' dir='ltr'>cum</span> <span class='ocrx_word' id='word_1_176' title='bbox 1261 2615 1382 2672; x_wconf 91' lang='lat' dir='ltr'>suis</span> <span class='ocrx_word' id='word_1_177' title='bbox 1405 2612 1634 2670; x_wconf 84' lang='lat' dir='ltr'>obviam</span> <span class='ocrx_word' id='word_1_178' title='bbox 1656 2624 1898 2681; x_wconf 82' lang='lat' dir='ltr'>pergens</span> <span class='ocrx_word' id='word_1_179' title='bbox 1928 2607 2207 2667; x_wconf 85' lang='lat' dir='ltr'>hostiliter</span> 
     </span>
    </p>
   </div>
   <div class='ocr_carea' id='block_1_26' title="bbox 498 2697 2206 2787">
    <p class='ocr_par' dir='ltr' id='par_1_26' title="bbox 498 2697 2206 2787">
     <span class='ocr_line' id='line_1_26' title="bbox 498 2697 2206 2787; baseline -0.012 -11"><span class='ocrx_word' id='word_1_180' title='bbox 498 2715 904 2787; x_wconf 90' lang='lat' dir='ltr'>Quintrionem</span> <span class='ocrx_word' id='word_1_181' title='bbox 937 2709 1000 2767; x_wconf 91' lang='lat' dir='ltr'>in</span> <span class='ocrx_word' id='word_1_182' title='bbox 1031 2709 1230 2780; x_wconf 86' lang='lat' dir='ltr'>fugam</span> <span class='ocrx_word' id='word_1_183' title='bbox 1258 2703 1449 2773; x_wconf 84' lang='lat' dir='ltr'>vertit,</span> <span class='ocrx_word' id='word_1_184' title='bbox 1483 2701 1583 2759; x_wconf 90' lang='lat' dir='ltr'>sed</span> <span class='ocrx_word' id='word_1_185' title='bbox 1605 2700 1882 2774; x_wconf 89' lang='lat' dir='ltr'>utrinque</span> <span class='ocrx_word' id='word_1_186' title='bbox 1918 2697 2206 2756; x_wconf 84' lang='lat' dir='ltr'>exercitus</span> 
     </span>
    </p>
   </div>
   <div class='ocr_carea' id='block_1_27' title="bbox 499 2798 1234 2864">
    <p class='ocr_par' dir='ltr' id='par_1_27' title="bbox 499 2798 1234 2864">
     <span class='ocr_line' id='line_1_27' title="bbox 499 2798 1234 2864; baseline -0.018 1"><span class='ocrx_word' id='word_1_187' title='bbox 499 2805 756 2864; x_wconf 91' lang='lat' dir='ltr'>nimium</span> <span class='ocrx_word' id='word_1_188' title='bbox 787 2798 1104 2859; x_wconf 89' lang='lat' dir='ltr'>trucidatus</span> <span class='ocrx_word' id='word_1_189' title='bbox 1130 2802 1234 2854; x_wconf 90' lang='lat' dir='ltr'>est.</span> 
     </span>
    </p>
   </div>
   <div class='ocr_carea' id='block_1_28' title="bbox 568 2908 2200 2986">
    <p class='ocr_par' dir='ltr' id='par_1_28' title="bbox 568 2908 2200 2986">
     <span class='ocr_line' id='line_1_28' title="bbox 568 2908 2200 2986; baseline -0.015 1"><span class='ocrx_word' id='word_1_190' title='bbox 568 2929 682 2986; x_wconf 88' lang='lat' dir='ltr'>AN.</span> <span class='ocrx_word' id='word_1_191' title='bbox 717 2933 918 2983; x_wconf 77' lang='lat' dir='ltr'>DXCIV.</span> <span class='ocrx_word' id='word_1_192' title='bbox 973 2951 1039 2962; x_wconf 90' lang='lat'><strong><em>—</em></strong></span> <span class='ocrx_word' id='word_1_193' title='bbox 1083 2915 1208 2976; x_wconf 86' lang='lat' dir='ltr'>XV.</span> <span class='ocrx_word' id='word_1_194' title='bbox 1241 2918 1414 2974; x_wconf 88' lang='lat' dir='ltr'>Anno</span> <span class='ocrx_word' id='word_1_195' title='bbox 1438 2913 1473 2971; x_wconf 76' lang='lat'><strong>2</strong></span> <span class='ocrx_word' id='word_1_196' title='bbox 1502 2926 1635 2970; x_wconf 90' lang='lat' dir='ltr'>cum</span> <span class='ocrx_word' id='word_1_197' title='bbox 1666 2908 2068 2968; x_wconf 85' lang='lat' dir='ltr'>Childebertus</span> <span class='ocrx_word' id='word_1_198' title='bbox 2109 2922 2200 2964; x_wconf 90' lang='lat' dir='ltr'>re-</span> 
     </span>
    </p>
   </div>
   <div class='ocr_carea' id='block_1_29' title="bbox 496 3001 2203 3093">
    <p class='ocr_par' dir='ltr' id='par_1_29' title="bbox 496 3001 2203 3093">
     <span class='ocr_line' id='line_1_29' title="bbox 496 3001 2203 3093; baseline -0.012 -18"><span class='ocrx_word' id='word_1_199' title='bbox 496 3032 681 3093; x_wconf 87' lang='lat' dir='ltr'>gnum</span> <span class='ocrx_word' id='word_1_200' title='bbox 706 3013 1011 3086; x_wconf 81' lang='lat' dir='ltr'>accepisset</span> <span class='ocrx_word' id='word_1_201' title='bbox 1035 3005 1412 3081; x_wconf 67' lang='lat' dir='ltr'>Burgundia),</span> <span class='ocrx_word' id='word_1_202' title='bbox 1447 3003 1739 3062; x_wconf 79' lang='lat' dir='ltr'>exercitus</span> <span class='ocrx_word' id='word_1_203' title='bbox 1764 3001 2117 3093; x_wconf 81' lang='lat' dir='ltr'>Francorum</span> <span class='ocrx_word' id='word_1_204' title='bbox 2148 3004 2203 3055; x_wconf 91' lang='lat' dir='ltr'>et</span> 
     </span>
    </p>
   </div>
   <div class='ocr_carea' id='block_1_30' title="bbox 497 3087 2202 3169">
    <p class='ocr_par' dir='ltr' id='par_1_30' title="bbox 497 3087 2202 3169">
     <span class='ocr_line' id='line_1_30' title="bbox 497 3087 2202 3169; baseline -0.012 -4"><span class='ocrx_word' id='word_1_205' title='bbox 497 3087 908 3165; x_wconf 73' lang='lat' dir='ltr'>Britannorum</span> <span class='ocrx_word' id='word_1_206' title='bbox 943 3097 1196 3157; x_wconf 85' lang='lat' dir='ltr'>invicem</span> <span class='ocrx_word' id='word_1_207' title='bbox 1249 3093 1598 3169; x_wconf 69' lang='lat' dir='ltr'>praeliantes,</span> <span class='ocrx_word' id='word_1_208' title='bbox 1652 3099 1895 3164; x_wconf 85' lang='lat' dir='ltr'>uterque</span> <span class='ocrx_word' id='word_1_209' title='bbox 1951 3087 2202 3145; x_wconf 91' lang='lat' dir='ltr'>nimium</span> 
     </span>
    </p>
   </div>
   <div class='ocr_carea' id='block_1_31' title="bbox 497 3192 1104 3272">
    <p class='ocr_par' dir='ltr' id='par_1_31' title="bbox 497 3192 1104 3272">
     <span class='ocr_line' id='line_1_31' title="bbox 497 3192 1104 3272; baseline -0.012 -18"><span class='ocrx_word' id='word_1_210' title='bbox 497 3196 691 3272; x_wconf 88' lang='lat' dir='ltr'>gladio</span> <span class='ocrx_word' id='word_1_211' title='bbox 721 3192 1104 3252; x_wconf 85' lang='lat' dir='ltr'>trucidantur.</span> 
     </span>
    </p>
   </div>
   <div class='ocr_carea' id='block_1_32' title="bbox 568 3299 2203 3376">
    <p class='ocr_par' dir='ltr' id='par_1_32' title="bbox 568 3299 2203 3376">
     <span class='ocr_line' id='line_1_32' title="bbox 568 3299 2203 3376; baseline -0.012 -1"><span class='ocrx_word' id='word_1_212' title='bbox 568 3319 682 3376; x_wconf 86' lang='lat' dir='ltr'>AN.</span> <span class='ocrx_word' id='word_1_213' title='bbox 712 3325 893 3374; x_wconf 80' lang='lat' dir='ltr'>DXCV.</span> <span class='ocrx_word' id='word_1_214' title='bbox 925 3342 992 3354; x_wconf 89' lang='lat'>--</span> <span class='ocrx_word' id='word_1_215' title='bbox 1038 3313 1210 3369; x_wconf 87' lang='lat' dir='ltr'>Anno</span> <span class='ocrx_word' id='word_1_216' title='bbox 1262 3309 1294 3366; x_wconf 89' lang='lat'>3</span> <span class='ocrx_word' id='word_1_217' title='bbox 1344 3304 1709 3365; x_wconf 78' lang='lat' dir='ltr'>Childeberto</span> <span class='ocrx_word' id='word_1_218' title='bbox 1754 3303 1815 3360; x_wconf 92' lang='lat' dir='ltr'>in</span> <span class='ocrx_word' id='word_1_219' title='bbox 1863 3299 2203 3373; x_wconf 89' lang='lat' dir='ltr'>Burgundia</span> 
     </span>
    </p>
   </div>
   <div class='ocr_carea' id='block_1_33' title="bbox 499 3391 2204 3482">
    <p class='ocr_par' dir='ltr' id='par_1_33' title="bbox 499 3391 2204 3482">
     <span class='ocr_line' id='line_1_33' title="bbox 499 3391 2204 3482; baseline -0.013 -11"><span class='ocrx_word' id='word_1_220' title='bbox 499 3416 797 3482; x_wconf 83' lang='lat' dir='ltr'>regnante,</span> <span class='ocrx_word' id='word_1_221' title='bbox 827 3405 1010 3464; x_wconf 88' lang='lat' dir='ltr'>multa</span> <span class='ocrx_word' id='word_1_222' title='bbox 1037 3403 1204 3475; x_wconf 88' lang='lat' dir='ltr'>signa</span> <span class='ocrx_word' id='word_1_223' title='bbox 1228 3399 1291 3458; x_wconf 90' lang='lat' dir='ltr'>in</span> <span class='ocrx_word' id='word_1_224' title='bbox 1330 3399 1476 3457; x_wconf 63' lang='lat' dir='ltr'>caelo</span> <span class='ocrx_word' id='word_1_225' title='bbox 1501 3405 1727 3456; x_wconf 90' lang='lat' dir='ltr'>ostensa</span> <span class='ocrx_word' id='word_1_226' title='bbox 1753 3400 1908 3464; x_wconf 87' lang='lat' dir='ltr'>sunt,</span> <span class='ocrx_word' id='word_1_227' title='bbox 1940 3391 2204 3482; x_wconf 86' lang='lat' dir='ltr'>apparuit</span> 
     </span>
    </p>
   </div>
   <div class='ocr_carea' id='block_1_34' title="bbox 2292 593 2892 652">
    <p class='ocr_par' dir='ltr' id='par_1_34' title="bbox 2292 593 2892 652">
     <span class='ocr_line' id='line_1_34' title="bbox 2292 593 2892 652; baseline 0.002 -2"><span class='ocrx_word' id='word_1_228' title='bbox 2292 608 2364 650; x_wconf 81' lang='lat' dir='ltr'>ex</span> <span class='ocrx_word' id='word_1_229' title='bbox 2393 593 2476 652; x_wconf 80' lang='lat' dir='ltr'>eis</span> <span class='ocrx_word' id='word_1_230' title='bbox 2505 595 2892 652; x_wconf 87' lang='lat' dir='ltr'>remansisset.</span> 
     </span>
    </p>
   </div>
   <div class='ocr_carea' id='block_1_35' title="bbox 2359 719 3974 795">
    <p class='ocr_par' dir='ltr' id='par_1_35' title="bbox 2359 719 3974 795">
     <span class='ocr_line' id='line_1_35' title="bbox 2359 719 3974 795; baseline 0.002 -21"><span class='ocrx_word' id='word_1_231' title='bbox 2359 719 2470 775; x_wconf 93' lang='lat' dir='ltr'>AN.</span> <span class='ocrx_word' id='word_1_232' title='bbox 2513 732 2711 777; x_wconf 79' lang='lat' dir='ltr'>DXCVI.</span> <span class='ocrx_word' id='word_1_233' title='bbox 2745 751 2815 762; x_wconf 90' lang='lat'>—-</span> <span class='ocrx_word' id='word_1_234' title='bbox 2843 719 3189 778; x_wconf 87' lang='lat' dir='ltr'>XVI.Anno</span> <span class='ocrx_word' id='word_1_235' title='bbox 3210 721 3239 776; x_wconf 22' lang='lat' dir='ltr'>t’t</span> <span class='ocrx_word' id='word_1_236' title='bbox 3271 725 3574 795; x_wconf 83' lang='lat' dir='ltr'>postquam</span> <span class='ocrx_word' id='word_1_237' title='bbox 3594 720 3974 778; x_wconf 83' lang='lat' dir='ltr'>Childeberl</span> 
     </span>
    </p>
   </div>
   <div class='ocr_carea' id='block_1_36' title="bbox 2283 809 3980 882">
    <p class='ocr_par' dir='ltr' id='par_1_36' title="bbox 2283 809 3980 882">
     <span class='ocr_line' id='line_1_36' title="bbox 2283 809 3980 882; baseline 0.003 -18"><span class='ocrx_word' id='word_1_238' title='bbox 2283 821 2531 879; x_wconf 79' lang='lat' dir='ltr'>regnum</span> <span class='ocrx_word' id='word_1_239' title='bbox 2571 818 2862 882; x_wconf 75' lang='lat' dir='ltr'>acceperat</span> <span class='ocrx_word' id='word_1_240' title='bbox 2892 809 3345 880; x_wconf 84' lang='lat' dir='ltr'>Guntchramui,</span> <span class='ocrx_word' id='word_1_241' title='bbox 3378 811 3692 868; x_wconf 83' lang='lat' dir='ltr'>defunctus</span> <span class='ocrx_word' id='word_1_242' title='bbox 3725 819 3831 868; x_wconf 81' lang='lat' dir='ltr'>est.</span> <span class='ocrx_word' id='word_1_243' title='bbox 3869 813 3914 881; x_wconf 71' lang='grc' dir='ltr'>τ,</span> <span class='ocrx_word' id='word_1_244' title='bbox 3953 831 3980 869; x_wconf 89' lang='lat' dir='ltr'>r</span> 
     </span>
    </p>
   </div>
   <div class='ocr_carea' id='block_1_37' title="bbox 2285 899 3979 972">
    <p class='ocr_par' dir='ltr' id='par_1_37' title="bbox 2285 899 3979 972">
     <span class='ocr_line' id='line_1_37' title="bbox 2285 899 3979 972; baseline 0.002 -18"><span class='ocrx_word' id='word_1_245' title='bbox 2285 915 2585 972; x_wconf 86' lang='lat' dir='ltr'>gnttmque</span> <span class='ocrx_word' id='word_1_246' title='bbox 2615 900 2738 972; x_wconf 82' lang='lat' dir='ltr'>ejus</span> <span class='ocrx_word' id='word_1_247' title='bbox 2776 900 2880 956; x_wconf 87' lang='lat' dir='ltr'>lilii</span> <span class='ocrx_word' id='word_1_248' title='bbox 2910 900 3001 956; x_wconf 91' lang='lat' dir='ltr'>sui</span> <span class='ocrx_word' id='word_1_249' title='bbox 3037 899 3476 958; x_wconf 86' lang='lat' dir='ltr'>Theudebertus</span> <span class='ocrx_word' id='word_1_250' title='bbox 3513 908 3568 957; x_wconf 84' lang='lat' dir='ltr'>et</span> <span class='ocrx_word' id='word_1_251' title='bbox 3600 901 3979 958; x_wconf 81' lang='lat' dir='ltr'>Theuderic</span> 
     </span>
    </p>
   </div>
   <div class='ocr_carea' id='block_1_38' title="bbox 2285 988 3979 1062">
    <p class='ocr_par' dir='ltr' id='par_1_38' title="bbox 2285 988 3979 1062">
     <span class='ocr_line' id='line_1_38' title="bbox 2285 988 3979 1062; baseline 0.002 -18"><span class='ocrx_word' id='word_1_252' title='bbox 2285 988 2592 1062; x_wconf 86' lang='lat' dir='ltr'>accipiunt.</span> <span class='ocrx_word' id='word_1_253' title='bbox 2643 989 3081 1048; x_wconf 82' lang='lat' dir='ltr'>&#39;I‘hentlebertus</span> <span class='ocrx_word' id='word_1_254' title='bbox 3141 992 3378 1048; x_wconf 88' lang='lat' dir='ltr'>sortitus</span> <span class='ocrx_word' id='word_1_255' title='bbox 3420 999 3501 1049; x_wconf 87' lang='lat' dir='ltr'>est</span> <span class='ocrx_word' id='word_1_256' title='bbox 3531 993 3778 1060; x_wconf 87' lang='lat' dir='ltr'>Auster,</span> <span class='ocrx_word' id='word_1_257' title='bbox 3831 992 3979 1048; x_wconf 82' lang='lat' dir='ltr'>sede</span> 
     </span>
    </p>
   </div>
   <div class='ocr_carea' id='block_1_39' title="bbox 2295 1077 3979 1154">
    <p class='ocr_par' dir='ltr' id='par_1_39' title="bbox 2295 1077 3979 1154">
     <span class='ocr_line' id='line_1_39' title="bbox 2295 1077 3979 1154; baseline 0.002 -21"><span class='ocrx_word' id='word_1_258' title='bbox 2295 1077 2512 1134; x_wconf 84' lang='lat' dir='ltr'>habens</span> <span class='ocrx_word' id='word_1_259' title='bbox 2565 1078 2921 1140; x_wconf 82' lang='lat' dir='ltr'>Mettensem,</span> <span class='ocrx_word' id='word_1_260' title='bbox 2983 1083 3126 1141; x_wconf 86' lang='lat'><strong>602</strong></span> <span class='ocrx_word' id='word_1_261' title='bbox 3181 1078 3577 1137; x_wconf 69' lang='lat' dir='ltr'>Theudoricus</span> <span class='ocrx_word' id='word_1_262' title='bbox 3633 1081 3890 1154; x_wconf 76' lang='lat' dir='ltr'>accepit</span> <span class='ocrx_word' id='word_1_263' title='bbox 3951 1099 3979 1137; x_wconf 89' lang='lat' dir='ltr'>r</span> 
     </span>
    </p>
   </div>
   <div class='ocr_carea' id='block_1_40' title="bbox 2288 1166 3979 1240">
    <p class='ocr_par' dir='ltr' id='par_1_40' title="bbox 2288 1166 3979 1240">
     <span class='ocr_line' id='line_1_40' title="bbox 2288 1166 3979 1240; baseline 0.003 -19"><span class='ocrx_word' id='word_1_264' title='bbox 2288 1181 2470 1236; x_wconf 90' lang='lat' dir='ltr'>gnum</span> <span class='ocrx_word' id='word_1_265' title='bbox 2496 1166 2918 1225; x_wconf 84' lang='lat' dir='ltr'>Guntrhramni</span> <span class='ocrx_word' id='word_1_266' title='bbox 2945 1167 3004 1224; x_wconf 90' lang='lat' dir='ltr'>in</span> <span class='ocrx_word' id='word_1_267' title='bbox 3037 1166 3398 1240; x_wconf 81' lang='lat' dir='ltr'>Burgundio,</span> <span class='ocrx_word' id='word_1_268' title='bbox 3422 1169 3615 1226; x_wconf 88' lang='lat' dir='ltr'>sedem</span> <span class='ocrx_word' id='word_1_269' title='bbox 3635 1169 3892 1226; x_wconf 83' lang='lat' dir='ltr'>habens</span> <span class='ocrx_word' id='word_1_270' title='bbox 3915 1173 3979 1226; x_wconf 75' lang='grc' dir='ltr'><strong>Α</strong></span> 
     </span>
    </p>
   </div>
   <div class='ocr_carea' id='block_1_41' title="bbox 2291 1253 2547 1311">
    <p class='ocr_par' dir='ltr' id='par_1_41' title="bbox 2291 1253 2547 1311">
     <span class='ocr_line' id='line_1_41' title="bbox 2291 1253 2547 1311; baseline 0.008 -2"><span class='ocrx_word' id='word_1_271' title='bbox 2291 1253 2547 1311; x_wconf 86' lang='lat' dir='ltr'>relianis.</span> 
     </span>
    </p>
   </div>
   <div class='ocr_carea' id='block_1_42' title="bbox 2357 1375 3980 1449">
    <p class='ocr_par' dir='ltr' id='par_1_42' title="bbox 2357 1375 3980 1449">
     <span class='ocr_line' id='line_1_42' title="bbox 2357 1375 3980 1449; baseline 0.001 -16"><span class='ocrx_word' id='word_1_272' title='bbox 2357 1375 2542 1435; x_wconf 84' lang='lat' dir='ltr'>XVII.</span> <span class='ocrx_word' id='word_1_273' title='bbox 2577 1376 2658 1435; x_wconf 92' lang='lat' dir='ltr'>Eo</span> <span class='ocrx_word' id='word_1_274' title='bbox 2696 1393 2850 1435; x_wconf 91' lang='lat' dir='ltr'>anno</span> <span class='ocrx_word' id='word_1_275' title='bbox 2897 1376 3290 1449; x_wconf 86' lang='lat' dir='ltr'>Fredegundis</span> <span class='ocrx_word' id='word_1_276' title='bbox 3337 1393 3469 1435; x_wconf 91' lang='lat' dir='ltr'>cum</span> <span class='ocrx_word' id='word_1_277' title='bbox 3514 1376 3636 1436; x_wconf 84' lang='lat' dir='ltr'>filio</span> <span class='ocrx_word' id='word_1_278' title='bbox 3668 1377 3980 1436; x_wconf 87' lang='lat' dir='ltr'>Chlothar</span> 
     </span>
    </p>
   </div>
   <div class='ocr_carea' id='block_1_43' title="bbox 2287 1468 3976 1543">
    <p class='ocr_par' dir='ltr' id='par_1_43' title="bbox 2287 1468 3976 1543">
     <span class='ocr_line' id='line_1_43' title="bbox 2287 1468 3976 1543; baseline 0.004 -19"><span class='ocrx_word' id='word_1_279' title='bbox 2287 1483 2418 1537; x_wconf 87' lang='lat' dir='ltr'>rege</span> <span class='ocrx_word' id='word_1_280' title='bbox 2453 1468 2707 1526; x_wconf 85' lang='lat' dir='ltr'>Parisius</span> <span class='ocrx_word' id='word_1_281' title='bbox 2737 1469 2829 1526; x_wconf 90' lang='lat' dir='ltr'>vel</span> <span class='ocrx_word' id='word_1_282' title='bbox 2861 1469 3116 1543; x_wconf 86' lang='lat' dir='ltr'>reliquas</span> <span class='ocrx_word' id='word_1_283' title='bbox 3153 1469 3414 1528; x_wconf 85' lang='lat' dir='ltr'>civitates</span> <span class='ocrx_word' id='word_1_284' title='bbox 3447 1470 3560 1528; x_wconf 90' lang='lat' dir='ltr'>ritu</span> <span class='ocrx_word' id='word_1_285' title='bbox 3589 1472 3868 1530; x_wconf 87' lang='lat' dir='ltr'>barbaro</span> <span class='ocrx_word' id='word_1_286' title='bbox 3893 1484 3976 1530; x_wconf 74' lang='lat'>80</span> 
     </span>
    </p>
   </div>
   <div class='ocr_carea' id='block_1_44' title="bbox 2291 1555 3979 1632">
    <p class='ocr_par' dir='ltr' id='par_1_44' title="bbox 2291 1555 3979 1632">
     <span class='ocr_line' id='line_1_44' title="bbox 2291 1555 3979 1632; baseline 0.003 -20"><span class='ocrx_word' id='word_1_287' title='bbox 2291 1555 2544 1626; x_wconf 87' lang='lat' dir='ltr'>cupavit,</span> <span class='ocrx_word' id='word_1_288' title='bbox 2575 1562 2629 1612; x_wconf 90' lang='lat' dir='ltr'>et</span> <span class='ocrx_word' id='word_1_289' title='bbox 2658 1561 2857 1612; x_wconf 89' lang='lat' dir='ltr'>contra</span> <span class='ocrx_word' id='word_1_290' title='bbox 2889 1555 3037 1614; x_wconf 88' lang='lat' dir='ltr'>ﬁlios</span> <span class='ocrx_word' id='word_1_291' title='bbox 3063 1556 3412 1615; x_wconf 85' lang='lat' dir='ltr'>Childcberti</span> <span class='ocrx_word' id='word_1_292' title='bbox 3445 1559 3598 1632; x_wconf 90' lang='lat' dir='ltr'>regis</span> <span class='ocrx_word' id='word_1_293' title='bbox 3620 1558 3979 1619; x_wconf 81' lang='lat' dir='ltr'>Tbeudebe</span> 
     </span>
    </p>
   </div>
   <div class='ocr_carea' id='block_1_45' title="bbox 2291 1643 3976 1706">
    <p class='ocr_par' dir='ltr' id='par_1_45' title="bbox 2291 1643 3976 1706">
     <span class='ocr_line' id='line_1_45' title="bbox 2291 1643 3976 1706; baseline 0.004 -8"><span class='ocrx_word' id='word_1_294' title='bbox 2291 1649 2412 1700; x_wconf 92' lang='lat' dir='ltr'>tum</span> <span class='ocrx_word' id='word_1_295' title='bbox 2453 1650 2506 1699; x_wconf 84' lang='lat' dir='ltr'>et</span> <span class='ocrx_word' id='word_1_296' title='bbox 2535 1643 2968 1702; x_wconf 89' lang='lat' dir='ltr'>Theudericum</span> <span class='ocrx_word' id='word_1_297' title='bbox 3000 1645 3519 1705; x_wconf 78' lang='lat' dir='ltr'>movitexercitum</span> <span class='ocrx_word' id='word_1_298' title='bbox 3549 1648 3676 1706; x_wconf 92' lang='lat' dir='ltr'>loco</span> <span class='ocrx_word' id='word_1_299' title='bbox 3707 1649 3976 1706; x_wconf 84' lang='lat' dir='ltr'>nomina</span> 
     </span>
    </p>
   </div>
   <div class='ocr_carea' id='block_1_46' title="bbox 2291 1731 3980 1811">
    <p class='ocr_par' dir='ltr' id='par_1_46' title="bbox 2291 1731 3980 1811">
     <span class='ocr_line' id='line_1_46' title="bbox 2291 1731 3980 1811; baseline 0.004 -23"><span class='ocrx_word' id='word_1_300' title='bbox 2291 1731 2526 1790; x_wconf 88' lang='lat' dir='ltr'>Latofao</span> <span class='ocrx_word' id='word_1_301' title='bbox 2586 1739 2626 1789; x_wconf 64' lang='grc' dir='ltr'><strong>ι.</strong></span> <span class='ocrx_word' id='word_1_302' title='bbox 2701 1733 2896 1803; x_wconf 66' lang='lat' dir='ltr'>Castra</span> <span class='ocrx_word' id='word_1_303' title='bbox 2953 1743 3200 1810; x_wconf 89' lang='lat' dir='ltr'>uterque</span> <span class='ocrx_word' id='word_1_304' title='bbox 3261 1751 3337 1793; x_wconf 85' lang='lat' dir='ltr'>ex</span> <span class='ocrx_word' id='word_1_305' title='bbox 3393 1737 3634 1794; x_wconf 88' lang='lat' dir='ltr'>adverso</span> <span class='ocrx_word' id='word_1_306' title='bbox 3702 1745 3980 1811; x_wconf 86' lang='lat' dir='ltr'>ponente</span> 
     </span>
    </p>
   </div>
   <div class='ocr_carea' id='block_1_47' title="bbox 2289 1822 3980 1899">
    <p class='ocr_par' dir='ltr' id='par_1_47' title="bbox 2289 1822 3980 1899">
     <span class='ocr_line' id='line_1_47' title="bbox 2289 1822 3980 1899; baseline 0.006 -20"><span class='ocrx_word' id='word_1_307' title='bbox 2289 1822 2654 1881; x_wconf 80' lang='lat' dir='ltr'>Chlotharius</span> <span class='ocrx_word' id='word_1_308' title='bbox 2681 1839 2814 1881; x_wconf 92' lang='lat' dir='ltr'>cum</span> <span class='ocrx_word' id='word_1_309' title='bbox 2847 1822 2972 1882; x_wconf 89' lang='lat' dir='ltr'>suis</span> <span class='ocrx_word' id='word_1_310' title='bbox 3012 1841 3184 1899; x_wconf 91' lang='lat' dir='ltr'>super</span> <span class='ocrx_word' id='word_1_311' title='bbox 3218 1825 3692 1887; x_wconf 86' lang='lat' dir='ltr'>Thcudebertum</span> <span class='ocrx_word' id='word_1_312' title='bbox 3725 1837 3789 1888; x_wconf 86' lang='lat' dir='ltr'>et</span> <span class='ocrx_word' id='word_1_313' title='bbox 3818 1830 3980 1889; x_wconf 91' lang='lat' dir='ltr'>Thet</span> 
     </span>
    </p>
   </div>
   <div class='ocr_carea' id='block_1_48' title="bbox 2285 1910 3979 1990">
    <p class='ocr_par' dir='ltr' id='par_1_48' title="bbox 2285 1910 3979 1990">
     <span class='ocr_line' id='line_1_48' title="bbox 2285 1910 3979 1990; baseline 0.005 -23"><span class='ocrx_word' id='word_1_314' title='bbox 2285 1910 2546 1970; x_wconf 86' lang='lat' dir='ltr'>dericum</span> <span class='ocrx_word' id='word_1_315' title='bbox 2576 1911 2826 1984; x_wconf 89' lang='lat' dir='ltr'>irruens,</span> <span class='ocrx_word' id='word_1_316' title='bbox 2855 1929 3059 1972; x_wconf 88' lang='lat' dir='ltr'>eorum</span> <span class='ocrx_word' id='word_1_317' title='bbox 3091 1915 3415 1975; x_wconf 76' lang='lat' dir='ltr'>exercitum</span> <span class='ocrx_word' id='word_1_318' title='bbox 3445 1919 3706 1990; x_wconf 83' lang='lat' dir='ltr'>graviter</span> <span class='ocrx_word' id='word_1_319' title='bbox 3753 1920 3979 1979; x_wconf 74' lang='lat' dir='ltr'>trucidz</span> 
     </span>
    </p>
   </div>
   <div class='ocr_carea' id='block_1_49' title="bbox 2286 2002 2389 2060">
    <p class='ocr_par' dir='ltr' id='par_1_49' title="bbox 2286 2002 2389 2060">
     <span class='ocr_line' id='line_1_49' title="bbox 2286 2002 2389 2060; baseline 0 0"><span class='ocrx_word' id='word_1_320' title='bbox 2286 2002 2389 2060; x_wconf 88' lang='lat' dir='ltr'>vit.</span> 
     </span>
    </p>
   </div>
   <div class='ocr_carea' id='block_1_50' title="bbox 2357 2125 3980 2204">
    <p class='ocr_par' dir='ltr' id='par_1_50' title="bbox 2357 2125 3980 2204">
     <span class='ocr_line' id='line_1_50' title="bbox 2357 2125 3980 2204; baseline 0.003 -22"><span class='ocrx_word' id='word_1_321' title='bbox 2357 2125 2470 2182; x_wconf 89' lang='lat' dir='ltr'>AN.</span> <span class='ocrx_word' id='word_1_322' title='bbox 2504 2135 2727 2182; x_wconf 78' lang='lat' dir='ltr'>DXCVII.</span> <span class='ocrx_word' id='word_1_323' title='bbox 2757 2155 2823 2167; x_wconf 95' lang='lat'><strong>—</strong></span> <span class='ocrx_word' id='word_1_324' title='bbox 2846 2125 3017 2184; x_wconf 90' lang='lat' dir='ltr'>Anno</span> <span class='ocrx_word' id='word_1_325' title='bbox 3040 2125 3074 2184; x_wconf 79' lang='lat'><strong>2</strong></span> <span class='ocrx_word' id='word_1_326' title='bbox 3093 2127 3256 2200; x_wconf 88' lang='lat' dir='ltr'>regni</span> <span class='ocrx_word' id='word_1_327' title='bbox 3283 2125 3628 2187; x_wconf 87' lang='lat' dir='ltr'>Theuderici</span> <span class='ocrx_word' id='word_1_328' title='bbox 3654 2127 3980 2204; x_wconf 86' lang='lat' dir='ltr'>Fredegun</span> 
     </span>
    </p>
   </div>
   <div class='ocr_carea' id='block_1_51' title="bbox 2287 2212 2714 2273">
    <p class='ocr_par' dir='ltr' id='par_1_51' title="bbox 2287 2212 2714 2273">
     <span class='ocr_line' id='line_1_51' title="bbox 2287 2212 2714 2273; baseline 0.002 -1"><span class='ocrx_word' id='word_1_329' title='bbox 2287 2212 2376 2272; x_wconf 91' lang='lat' dir='ltr'>dis</span> <span class='ocrx_word' id='word_1_330' title='bbox 2405 2214 2649 2272; x_wconf 91' lang='lat' dir='ltr'>moritur</span> <span class='ocrx_word' id='word_1_331' title='bbox 2682 2215 2714 2273; x_wconf 76' lang='grc' dir='ltr'>ί.</span> 
     </span>
    </p>
   </div>
   <div class='ocr_carea' id='block_1_52' title="bbox 2357 2343 3976 2421">
    <p class='ocr_par' dir='ltr' id='par_1_52' title="bbox 2357 2343 3976 2421">
     <span class='ocr_line' id='line_1_52' title="bbox 2357 2343 3976 2421; baseline 0.004 -21"><span class='ocrx_word' id='word_1_332' title='bbox 2357 2344 2471 2401; x_wconf 86' lang='lat' dir='ltr'>AN.</span> <span class='ocrx_word' id='word_1_333' title='bbox 2508 2355 2756 2404; x_wconf 85' lang='lat' dir='ltr'>Dxcvut.</span> <span class='ocrx_word' id='word_1_334' title='bbox 2793 2375 2861 2388; x_wconf 95' lang='lat'><strong>—</strong></span> <span class='ocrx_word' id='word_1_335' title='bbox 2889 2343 3099 2404; x_wconf 87' lang='lat' dir='ltr'>XVIII.</span> <span class='ocrx_word' id='word_1_336' title='bbox 3133 2347 3306 2404; x_wconf 86' lang='lat' dir='ltr'>Anno</span> <span class='ocrx_word' id='word_1_337' title='bbox 3332 2347 3363 2404; x_wconf 92' lang='lat'>3</span> <span class='ocrx_word' id='word_1_338' title='bbox 3384 2347 3544 2421; x_wconf 84' lang='lat' dir='ltr'>regni</span> <span class='ocrx_word' id='word_1_339' title='bbox 3574 2347 3976 2407; x_wconf 83' lang='lat' dir='ltr'>Theudebert</span> 
     </span>
    </p>
   </div>
   <div class='ocr_carea' id='block_1_53' title="bbox 2286 2431 3948 2510">
    <p class='ocr_par' dir='ltr' id='par_1_53' title="bbox 2286 2431 3948 2510">
     <span class='ocr_line' id='line_1_53' title="bbox 2286 2431 3948 2510; baseline 0.004 -19"><span class='ocrx_word' id='word_1_340' title='bbox 2286 2431 2588 2492; x_wconf 69' lang='lat' dir='ltr'>Wintriol</span> <span class='ocrx_word' id='word_1_341' title='bbox 2621 2435 2768 2507; x_wconf 86' lang='lat' dir='ltr'>dux,</span> <span class='ocrx_word' id='word_1_342' title='bbox 2793 2434 3104 2510; x_wconf 87' lang='lat' dir='ltr'>instigante</span> <span class='ocrx_word' id='word_1_343' title='bbox 3119 2437 3516 2508; x_wconf 87' lang='lat' dir='ltr'>Brunichilde,</span> <span class='ocrx_word' id='word_1_344' title='bbox 3547 2438 3948 2498; x_wconf 78' lang='lat' dir='ltr'>interficitur.</span> 
     </span>
    </p>
   </div>
   <div class='ocr_carea' id='block_1_54' title="bbox 2331 2537 3979 2624">
    <p class='ocr_par' dir='ltr' id='par_1_54' title="bbox 2331 2537 3979 2624">
     <span class='ocr_line' id='line_1_54' title="bbox 2331 2537 3979 2624; baseline 0.004 -18"><span class='ocrx_word' id='word_1_345' title='bbox 2331 2537 2469 2606; x_wconf 72' lang='grc' dir='ltr'>ἈΝ.</span> <span class='ocrx_word' id='word_1_346' title='bbox 2503 2561 2707 2608; x_wconf 81' lang='lat' dir='ltr'>DXCIX.</span> <span class='ocrx_word' id='word_1_347' title='bbox 2750 2581 2815 2592; x_wconf 88' lang='lat'><strong>-</strong></span> <span class='ocrx_word' id='word_1_348' title='bbox 2846 2551 3017 2607; x_wconf 87' lang='lat' dir='ltr'>Anno</span> <span class='ocrx_word' id='word_1_349' title='bbox 3046 2552 3077 2607; x_wconf 73' lang='grc'>4</span> <span class='ocrx_word' id='word_1_350' title='bbox 3113 2551 3271 2624; x_wconf 87' lang='lat' dir='ltr'>regni</span> <span class='ocrx_word' id='word_1_351' title='bbox 3303 2551 3669 2623; x_wconf 80' lang='lat' dir='ltr'>Theudorici,</span> <span class='ocrx_word' id='word_1_352' title='bbox 3699 2554 3979 2622; x_wconf 81' lang='lat' dir='ltr'>Quolent</span> 
     </span>
    </p>
   </div>
   <div class='ocr_carea' id='block_1_55' title="bbox 2289 2634 3980 2715">
    <p class='ocr_par' dir='ltr' id='par_1_55' title="bbox 2289 2634 3980 2715">
     <span class='ocr_line' id='line_1_55' title="bbox 2289 2634 3980 2715; baseline 0.004 -19"><span class='ocrx_word' id='word_1_353' title='bbox 2289 2641 2429 2713; x_wconf 82' lang='lat' dir='ltr'>[Al.,</span> <span class='ocrx_word' id='word_1_354' title='bbox 2461 2640 2753 2715; x_wconf 78' lang='lat' dir='ltr'>Colchus],</span> <span class='ocrx_word' id='word_1_355' title='bbox 2802 2657 3009 2714; x_wconf 90' lang='lat' dir='ltr'>genere</span> <span class='ocrx_word' id='word_1_356' title='bbox 3039 2641 3313 2710; x_wconf 84' lang='lat' dir='ltr'>Francus,</span> <span class='ocrx_word' id='word_1_357' title='bbox 3349 2634 3621 2714; x_wconf 80' lang='lat' dir='ltr'>patricius</span> <span class='ocrx_word' id='word_1_358' title='bbox 3669 2646 3980 2702; x_wconf 81' lang='lat' dir='ltr'>ordinatut</span> 
     </span>
    </p>
   </div>
   <div class='ocr_carea' id='block_1_56' title="bbox 2288 2731 3980 2810">
    <p class='ocr_par' dir='ltr' id='par_1_56' title="bbox 2288 2731 3980 2810">
     <span class='ocr_line' id='line_1_56' title="bbox 2288 2731 3980 2810; baseline 0.002 -22"><span class='ocrx_word' id='word_1_359' title='bbox 2288 2731 2369 2788; x_wconf 87' lang='lat' dir='ltr'>Eo</span> <span class='ocrx_word' id='word_1_360' title='bbox 2399 2748 2551 2789; x_wconf 89' lang='lat' dir='ltr'>anno</span> <span class='ocrx_word' id='word_1_361' title='bbox 2600 2732 2788 2789; x_wconf 86' lang='lat' dir='ltr'>clades</span> <span class='ocrx_word' id='word_1_362' title='bbox 2819 2732 3176 2803; x_wconf 88' lang='lat' dir='ltr'>glantlolaria</span> <span class='ocrx_word' id='word_1_363' title='bbox 3207 2735 3233 2772; x_wconf 78' lang='grc' dir='ltr'>ιι</span> <span class='ocrx_word' id='word_1_364' title='bbox 3287 2733 3598 2792; x_wconf 83' lang='lat' dir='ltr'>Massiliam</span> <span class='ocrx_word' id='word_1_365' title='bbox 3638 2742 3698 2790; x_wconf 91' lang='lat' dir='ltr'>et</span> <span class='ocrx_word' id='word_1_366' title='bbox 3747 2737 3980 2810; x_wconf 80' lang='lat' dir='ltr'>reliqua</span> 
     </span>
    </p>
   </div>
   <div class='ocr_carea' id='block_1_57' title="bbox 2289 2821 3979 2901">
    <p class='ocr_par' dir='ltr' id='par_1_57' title="bbox 2289 2821 3979 2901">
     <span class='ocr_line' id='line_1_57' title="bbox 2289 2821 3979 2901; baseline 0.002 -23"><span class='ocrx_word' id='word_1_367' title='bbox 2289 2821 2609 2879; x_wconf 69' lang='lat' dir='ltr'>Pl‘OVIIICIID</span> <span class='ocrx_word' id='word_1_368' title='bbox 2660 2823 2919 2880; x_wconf 80' lang='lat' dir='ltr'>civitates</span> <span class='ocrx_word' id='word_1_369' title='bbox 2961 2823 3211 2896; x_wconf 84' lang='lat' dir='ltr'>graviter</span> <span class='ocrx_word' id='word_1_370' title='bbox 3240 2823 3500 2882; x_wconf 77' lang='lat' dir='ltr'>vastavit.</span> <span class='ocrx_word' id='word_1_371' title='bbox 3552 2823 3632 2880; x_wconf 89' lang='lat' dir='ltr'>Eo</span> <span class='ocrx_word' id='word_1_372' title='bbox 3663 2840 3841 2883; x_wconf 87' lang='lat' dir='ltr'>anno</span> <span class='ocrx_word' id='word_1_373' title='bbox 3873 2842 3979 2901; x_wconf 70' lang='lat' dir='ltr'>aq:</span> 
     </span>
    </p>
   </div>
   <div class='ocr_carea' id='block_1_58' title="bbox 2290 2902 3979 2985">
    <p class='ocr_par' dir='ltr' id='par_1_58' title="bbox 2290 2902 3979 2985">
     <span class='ocr_line' id='line_1_58' title="bbox 2290 2902 3979 2985; baseline 0.003 -17"><span class='ocrx_word' id='word_1_374' title='bbox 2290 2902 2638 2970; x_wconf 77' lang='lat' dir='ltr'>calidissima</span> <span class='ocrx_word' id='word_1_375' title='bbox 2690 2912 2746 2970; x_wconf 93' lang='lat' dir='ltr'>in</span> <span class='ocrx_word' id='word_1_376' title='bbox 2795 2913 2920 2970; x_wconf 88' lang='lat' dir='ltr'>lacu</span> <span class='ocrx_word' id='word_1_377' title='bbox 2974 2912 3254 2981; x_wconf 85' lang='lat' dir='ltr'>Duncnsi,</span> <span class='ocrx_word' id='word_1_378' title='bbox 3312 2929 3483 2985; x_wconf 84' lang='lat' dir='ltr'>quem</span> <span class='ocrx_word' id='word_1_379' title='bbox 3528 2912 3979 2973; x_wconf 77' lang='lat' dir='ltr'>Arula&#39;ﬂutne</span> 
     </span>
    </p>
   </div>
   <div class='ocr_carea' id='block_1_59' title="bbox 2290 3001 3980 3075">
    <p class='ocr_par' dir='ltr' id='par_1_59' title="bbox 2290 3001 3980 3075">
     <span class='ocr_line' id='line_1_59' title="bbox 2290 3001 3980 3075; baseline 0.003 -18"><span class='ocrx_word' id='word_1_380' title='bbox 2290 3001 2504 3071; x_wconf 73' lang='lat' dir='ltr'>influit,</span> <span class='ocrx_word' id='word_1_381' title='bbox 2534 3003 2615 3059; x_wconf 89' lang='lat' dir='ltr'>sic</span> <span class='ocrx_word' id='word_1_382' title='bbox 2648 3001 2835 3059; x_wconf 77' lang='lat' dir='ltr'>valide</span> <span class='ocrx_word' id='word_1_383' title='bbox 2861 3001 3144 3068; x_wconf 88' lang='lat' dir='ltr'>ebullivit,</span> <span class='ocrx_word' id='word_1_384' title='bbox 3185 3010 3249 3058; x_wconf 92' lang='lat' dir='ltr'>ut</span> <span class='ocrx_word' id='word_1_385' title='bbox 3283 3001 3723 3059; x_wconf 81' lang='lat' dir='ltr'>multitudinem</span> <span class='ocrx_word' id='word_1_386' title='bbox 3759 3005 3980 3075; x_wconf 80' lang='lat' dir='ltr'>pisciut</span> 
     </span>
    </p>
   </div>
   <div class='ocr_carea' id='block_1_60' title="bbox 2290 3089 3980 3162">
    <p class='ocr_par' dir='ltr' id='par_1_60' title="bbox 2290 3089 3980 3162">
     <span class='ocr_line' id='line_1_60' title="bbox 2290 3089 3980 3162; baseline 0.003 -17"><span class='ocrx_word' id='word_1_387' title='bbox 2290 3089 2556 3146; x_wconf 74' lang='lat' dir='ltr'>coxisset.</span> <span class='ocrx_word' id='word_1_388' title='bbox 2618 3089 2699 3148; x_wconf 88' lang='lat' dir='ltr'>Eo</span> <span class='ocrx_word' id='word_1_389' title='bbox 2749 3105 2904 3148; x_wconf 92' lang='lat' dir='ltr'>anno</span> <span class='ocrx_word' id='word_1_390' title='bbox 2958 3089 3439 3149; x_wconf 55' lang='lat' dir='ltr'>\Varnarhariua</span> <span class='ocrx_word' id='word_1_391' title='bbox 3470 3102 3511 3126; x_wconf 75' lang='grc' dir='ltr'>ιιι</span> <span class='ocrx_word' id='word_1_392' title='bbox 3567 3091 3763 3162; x_wconf 88' lang='lat' dir='ltr'>major</span> <span class='ocrx_word' id='word_1_393' title='bbox 3802 3093 3980 3150; x_wconf 81' lang='lat' dir='ltr'>domt</span> 
     </span>
    </p>
   </div>
   <div class='ocr_carea' id='block_1_61' title="bbox 2290 3177 3978 3251">
    <p class='ocr_par' dir='ltr' id='par_1_61' title="bbox 2290 3177 3978 3251">
     <span class='ocr_line' id='line_1_61' title="bbox 2290 3177 3978 3251; baseline 0.004 -17"><span class='ocrx_word' id='word_1_394' title='bbox 2290 3177 2637 3235; x_wconf 87' lang='lat' dir='ltr'>Theutlerici</span> <span class='ocrx_word' id='word_1_395' title='bbox 2682 3178 2902 3246; x_wconf 85' lang='lat' dir='ltr'>transit,</span> <span class='ocrx_word' id='word_1_396' title='bbox 2947 3178 3047 3251; x_wconf 90' lang='lat' dir='ltr'>qui</span> <span class='ocrx_word' id='word_1_397' title='bbox 3091 3193 3323 3236; x_wconf 89' lang='lat' dir='ltr'>omnem</span> <span class='ocrx_word' id='word_1_398' title='bbox 3373 3177 3710 3237; x_wconf 86' lang='lat' dir='ltr'>facultatem</span> <span class='ocrx_word' id='word_1_399' title='bbox 3743 3187 3978 3239; x_wconf 84' lang='lat' dir='ltr'>suami</span> 
     </span>
    </p>
   </div>
   <div class='ocr_carea' id='block_1_62' title="bbox 2225 3238 3282 3344">
    <p class='ocr_par' dir='ltr' id='par_1_62' title="bbox 2225 3238 3282 3344">
     <span class='ocr_line' id='line_1_62' title="bbox 2225 3238 3282 3344; baseline 0.001 -18"><span class='ocrx_word' id='word_1_400' title='bbox 2225 3238 2270 3298; x_wconf 64' lang='grc' dir='ltr'>θ</span> <span class='ocrx_word' id='word_1_401' title='bbox 2289 3267 2585 3326; x_wconf 89' lang='lat' dir='ltr'>alimoniis</span> <span class='ocrx_word' id='word_1_402' title='bbox 2613 3238 2932 3344; x_wconf 82' lang='lat' dir='ltr'>pauperum</span> <span class='ocrx_word' id='word_1_403' title='bbox 2963 3238 3282 3327; x_wconf 68' lang='lat' dir='ltr'>distribuit.</span> 
     </span>
    </p>
   </div>
   <div class='ocr_carea' id='block_1_63' title="bbox 2361 3385 3974 3464">
    <p class='ocr_par' dir='ltr' id='par_1_63' title="bbox 2361 3385 3974 3464">
     <span class='ocr_line' id='line_1_63' title="bbox 2361 3385 3974 3464; baseline 0.003 -20"><span class='ocrx_word' id='word_1_404' title='bbox 2361 3387 2515 3446; x_wconf 87' lang='lat' dir='ltr'>XIX.</span> <span class='ocrx_word' id='word_1_405' title='bbox 2555 3387 2635 3445; x_wconf 88' lang='lat' dir='ltr'>Eo</span> <span class='ocrx_word' id='word_1_406' title='bbox 2664 3403 2817 3446; x_wconf 91' lang='lat' dir='ltr'>anno</span> <span class='ocrx_word' id='word_1_407' title='bbox 2864 3385 3260 3445; x_wconf 82' lang='lat' dir='ltr'>Brunichildis</span> <span class='ocrx_word' id='word_1_408' title='bbox 3312 3387 3386 3444; x_wconf 92' lang='lat' dir='ltr'>ab</span> <span class='ocrx_word' id='word_1_409' title='bbox 3439 3388 3768 3445; x_wconf 87' lang='lat' dir='ltr'>Austrasiis</span> <span class='ocrx_word' id='word_1_410' title='bbox 3838 3394 3974 3464; x_wconf 80' lang='lat' dir='ltr'>ejecl</span> 
     </span>
    </p>
   </div>
   <div class='ocr_carea' id='block_1_64' title="bbox 486 3476 3972 3560">
    <p class='ocr_par' dir='ltr' id='par_1_64' title="bbox 486 3476 3972 3560">
     <span class='ocr_line' id='line_1_64' title="bbox 486 3476 3972 3560; baseline -0.006 0"><span class='ocrx_word' id='word_1_411' title='bbox 486 3476 661 3560; x_wconf 78' lang='lat' dir='ltr'>stella</span> <span class='ocrx_word' id='word_1_412' title='bbox 689 3476 958 3557; x_wconf 87' lang='lat' dir='ltr'>cometes.</span> <span class='ocrx_word' id='word_1_413' title='bbox 1002 3492 1084 3550; x_wconf 91' lang='lat' dir='ltr'>Eo</span> <span class='ocrx_word' id='word_1_414' title='bbox 1129 3504 1284 3548; x_wconf 89' lang='lat' dir='ltr'>anno</span> <span class='ocrx_word' id='word_1_415' title='bbox 1338 3486 1630 3550; x_wconf 79' lang='lat' dir='ltr'>exercitus</span> <span class='ocrx_word' id='word_1_416' title='bbox 1671 3481 2020 3541; x_wconf 74' lang='lat' dir='ltr'>Childeberti</span> <span class='ocrx_word' id='word_1_417' title='bbox 2068 3495 2203 3538; x_wconf 91' lang='lat' dir='ltr'>cum</span> <span class='ocrx_word' id='word_1_418' title='bbox 2290 3485 2391 3547; x_wconf 87' lang='lat' dir='ltr'>est,</span> <span class='ocrx_word' id='word_1_419' title='bbox 2427 3487 2479 3535; x_wconf 82' lang='lat' dir='ltr'>et</span> <span class='ocrx_word' id='word_1_420' title='bbox 2524 3477 2582 3534; x_wconf 94' lang='lat' dir='ltr'>in</span> <span class='ocrx_word' id='word_1_421' title='bbox 2618 3477 2946 3535; x_wconf 89' lang='lat' dir='ltr'>Arciacensi</span> <span class='ocrx_word' id='word_1_422' title='bbox 2991 3477 3291 3550; x_wconf 87' lang='lat' dir='ltr'>campania</span> <span class='ocrx_word' id='word_1_423' title='bbox 3324 3489 3352 3515; x_wconf 77' lang='grc' dir='ltr'>ιι</span> <span class='ocrx_word' id='word_1_424' title='bbox 3387 3493 3420 3534; x_wconf 88' lang='lat' dir='ltr'>a</span> <span class='ocrx_word' id='word_1_425' title='bbox 3462 3476 3720 3549; x_wconf 89' lang='lat' dir='ltr'>quodam</span> <span class='ocrx_word' id='word_1_426' title='bbox 3763 3480 3972 3540; x_wconf 86' lang='lat' dir='ltr'>homin</span> 
     </span>
    </p>
   </div>
   <div class='ocr_carea' id='block_1_65' title="bbox 495 3568 3970 3658">
    <p class='ocr_par' dir='ltr' id='par_1_65' title="bbox 495 3568 3970 3658">
     <span class='ocr_line' id='line_1_65' title="bbox 495 3568 3970 3658; baseline -0.008 -9"><span class='ocrx_word' id='word_1_427' title='bbox 495 3586 810 3654; x_wconf 78' lang='lat' dir='ltr'>Warni3°,</span> <span class='ocrx_word' id='word_1_428' title='bbox 843 3581 946 3658; x_wconf 91' lang='lat' dir='ltr'>qui</span> <span class='ocrx_word' id='word_1_429' title='bbox 997 3578 1275 3638; x_wconf 86' lang='lat' dir='ltr'>rebellare</span> <span class='ocrx_word' id='word_1_430' title='bbox 1315 3573 1506 3635; x_wconf 89' lang='lat' dir='ltr'>conati</span> <span class='ocrx_word' id='word_1_431' title='bbox 1555 3575 1804 3642; x_wconf 87' lang='lat' dir='ltr'>fuerant,</span> <span class='ocrx_word' id='word_1_432' title='bbox 1857 3569 2077 3627; x_wconf 88' lang='lat' dir='ltr'>fortiter</span> <span class='ocrx_word' id='word_1_433' title='bbox 2110 3568 2201 3626; x_wconf 92' lang='lat' dir='ltr'>di-</span> <span class='ocrx_word' id='word_1_434' title='bbox 2290 3589 2539 3646; x_wconf 79' lang='lat' dir='ltr'>paupere</span> <span class='ocrx_word' id='word_1_435' title='bbox 2585 3571 2814 3645; x_wconf 88' lang='lat' dir='ltr'>singula</span> <span class='ocrx_word' id='word_1_436' title='bbox 2863 3571 3161 3645; x_wconf 85' lang='lat' dir='ltr'>reperitur.</span> <span class='ocrx_word' id='word_1_437' title='bbox 3227 3569 3556 3630; x_wconf 89' lang='lat' dir='ltr'>Secundum</span> <span class='ocrx_word' id='word_1_438' title='bbox 3606 3569 3740 3643; x_wconf 87' lang='lat' dir='ltr'>ejus</span> <span class='ocrx_word' id='word_1_439' title='bbox 3771 3575 3970 3643; x_wconf 66' lang='lat' dir='ltr'>petitir</span> 
     </span>
    </p>
   </div>
   <div class='ocr_carea' id='block_1_66' title="bbox 499 3775 2176 3847">
    <p class='ocr_par' dir='ltr' id='par_1_66' title="bbox 499 3775 2176 3845">
     <span class='ocr_line' id='line_1_66' title="bbox 499 3775 2176 3845; baseline -0.01 -2"><span class='ocrx_word' id='word_1_440' title='bbox 499 3790 604 3843; x_wconf 83' lang='lat' dir='ltr'>Sed</span> <span class='ocrx_word' id='word_1_441' title='bbox 652 3791 706 3841; x_wconf 91' lang='lat' dir='ltr'>et</span> <span class='ocrx_word' id='word_1_442' title='bbox 756 3787 844 3838; x_wconf 87' lang='lat' dir='ltr'>hic</span> <span class='ocrx_word' id='word_1_443' title='bbox 878 3786 1057 3844; x_wconf 77' lang='lat' dir='ltr'>Amos,</span> <span class='ocrx_word' id='word_1_444' title='bbox 1112 3794 1230 3842; x_wconf 85' lang='lat' dir='ltr'>seu,</span> <span class='ocrx_word' id='word_1_445' title='bbox 1259 3783 1320 3832; x_wconf 91' lang='lat' dir='ltr'>ut</span> <span class='ocrx_word' id='word_1_446' title='bbox 1360 3792 1392 3831; x_wconf 88' lang='lat' dir='ltr'>a</span> <span class='ocrx_word' id='word_1_447' title='bbox 1429 3779 1727 3845; x_wconf 79' lang='lat' dir='ltr'>Nicephoro</span> <span class='ocrx_word' id='word_1_448' title='bbox 1759 3775 1976 3828; x_wconf 81' lang='lat' dir='ltr'>Callisto</span> <span class='ocrx_word' id='word_1_449' title='bbox 2011 3775 2176 3839; x_wconf 72' lang='lat' dir='ltr'>appet</span> 
     </span>
    </p>
   </div>
   <div class='ocr_carea' id='block_1_67' title="bbox 2318 3775 3966 3847">
    <p class='ocr_par' dir='ltr' id='par_1_67' title="bbox 2322 3779 3966 3847">
     <span class='ocr_line' id='line_1_67' title="bbox 2322 3779 3966 3847; baseline 0 -9"><span class='ocrx_word' id='word_1_450' title='bbox 2322 3797 2498 3845; x_wconf 86' lang='lat' dir='ltr'>amns,</span> <span class='ocrx_word' id='word_1_451' title='bbox 2553 3796 2768 3837; x_wconf 88' lang='lat' dir='ltr'>veneno</span> <span class='ocrx_word' id='word_1_452' title='bbox 2820 3785 3124 3836; x_wconf 84' lang='lat' dir='ltr'>exstinctus</span> <span class='ocrx_word' id='word_1_453' title='bbox 3173 3783 3276 3844; x_wconf 86' lang='lat' dir='ltr'>est,</span> <span class='ocrx_word' id='word_1_454' title='bbox 3337 3779 3480 3847; x_wconf 89' lang='lat' dir='ltr'>quod</span> <span class='ocrx_word' id='word_1_455' title='bbox 3530 3780 3701 3833; x_wconf 80' lang='lat' dir='ltr'>silent</span> <span class='ocrx_word' id='word_1_456' title='bbox 3765 3787 3966 3838; x_wconf 68' lang='lat' dir='ltr'>vetere</span> 
     </span>
    </p>
   </div>
   <div class='ocr_carea' id='block_1_68' title="bbox 500 3847 2548 3924">
    <p class='ocr_par' dir='ltr' id='par_1_68' title="bbox 500 3847 2548 3924">
     <span class='ocr_line' id='line_1_68' title="bbox 500 3847 2548 3924; baseline -0.007 -10"><span class='ocrx_word' id='word_1_457' title='bbox 500 3861 662 3924; x_wconf 84' lang='lat' dir='ltr'>latur,</span> <span class='ocrx_word' id='word_1_458' title='bbox 711 3857 969 3917; x_wconf 74' lang='lat' dir='ltr'>Neamus,</span> <span class='ocrx_word' id='word_1_459' title='bbox 1021 3857 1072 3905; x_wconf 90' lang='lat' dir='ltr'>in</span> <span class='ocrx_word' id='word_1_460' title='bbox 1129 3847 2198 3924; x_wconf 29' lang='lat' dir='ltr'>altquot‘catalogis_desideratur:_Tho-</span> <span class='ocrx_word' id='word_1_461' title='bbox 2283 3867 2548 3908; x_wconf 75' lang='lat' dir='ltr'>auctores.</span> 
     </span>
    </p>
   </div>
   <div class='ocr_carea' id='block_1_69' title="bbox 493 3919 2195 3985">
    <p class='ocr_par' dir='ltr' id='par_1_69' title="bbox 493 3919 2195 3985">
     <span class='ocr_line' id='line_1_69' title="bbox 493 3919 2195 3985; baseline -0.008 0"><span class='ocrx_word' id='word_1_462' title='bbox 493 3945 616 3985; x_wconf 88' lang='lat' dir='ltr'>mas</span> <span class='ocrx_word' id='word_1_463' title='bbox 646 3919 862 3982; x_wconf 74' lang='lat' dir='ltr'>dieitur</span> <span class='ocrx_word' id='word_1_464' title='bbox 922 3928 988 3978; x_wconf 88' lang='lat' dir='ltr'>ab</span> <span class='ocrx_word' id='word_1_465' title='bbox 1041 3926 1300 3984; x_wconf 80' lang='lat' dir='ltr'>Aimoino,</span> <span class='ocrx_word' id='word_1_466' title='bbox 1353 3921 1444 3974; x_wconf 80' lang='lat' dir='ltr'>lib.</span> <span class='ocrx_word' id='word_1_467' title='bbox 1517 3934 1578 3974; x_wconf 86' lang='grc' dir='ltr'>ιιι</span> <span class='ocrx_word' id='word_1_468' title='bbox 1638 3920 1770 3972; x_wconf 75' lang='grc' dir='ltr'><strong>Ηιει.</strong></span> <span class='ocrx_word' id='word_1_469' title='bbox 1826 3931 1942 3982; x_wconf 85' lang='lat' dir='ltr'>cap.</span> <span class='ocrx_word' id='word_1_470' title='bbox 1996 3919 2073 3970; x_wconf 85' lang='lat'>78.</span> <span class='ocrx_word' id='word_1_471' title='bbox 2124 3919 2195 3971; x_wconf 88' lang='lat' dir='ltr'>De</span> 
     </span>
    </p>
   </div>
   <div class='ocr_carea' id='block_1_70' title="bbox 497 3997 1990 4068">
    <p class='ocr_par' dir='ltr' id='par_1_70' title="bbox 497 3997 1990 4068">
     <span class='ocr_line' id='line_1_70' title="bbox 497 3997 1990 4068; baseline 0.002 -24"><span class='ocrx_word' id='word_1_472' title='bbox 497 4003 754 4068; x_wconf 71' lang='lat' dir='ltr'>Gregorio</span> <span class='ocrx_word' id='word_1_473' title='bbox 787 4004 841 4054; x_wconf 85' lang='lat' dir='ltr'>et</span> <span class='ocrx_word' id='word_1_474' title='bbox 868 3998 1308 4068; x_wconf 74' lang='lat' dir='ltr'>Johanneactum</span> <span class='ocrx_word' id='word_1_475' title='bbox 1332 3997 1413 4046; x_wconf 88' lang='lat' dir='ltr'>est</span> <span class='ocrx_word' id='word_1_476' title='bbox 1433 4006 1612 4068; x_wconf 82' lang='lat' dir='ltr'>supra.</span> <span class='ocrx_word' id='word_1_477' title='bbox 1671 4065 1679 4068; x_wconf 23' lang='grc' dir='ltr'><strong>Α</strong></span> <span class='ocrx_word' id='word_1_478' title='bbox 1733 4063 1744 4068; x_wconf 84' lang='lat'>_</span> <span class='ocrx_word' id='word_1_479' title='bbox 1825 4060 1857 4068; x_wconf 45' lang='grc' dir='ltr'>Α</span> <span class='ocrx_word' id='word_1_480' title='bbox 1897 4061 1930 4068; x_wconf 86' lang='lat'>__</span> <span class='ocrx_word' id='word_1_481' title='bbox 1985 4051 1990 4055; x_wconf 93' lang='lat'><em>_</em></span> 
     </span>
    </p>
   </div>
   <div class='ocr_carea' id='block_1_71' title="bbox 557 4060 2195 4133">
    <p class='ocr_par' dir='ltr' id='par_1_71' title="bbox 557 4060 2195 4133">
     <span class='ocr_line' id='line_1_71' title="bbox 557 4060 2195 4133; baseline -0.007 -7"><span class='ocrx_word' id='word_1_482' title='bbox 557 4060 732 4126; x_wconf 73' lang='lat' dir='ltr'>&#39;Ilaec</span> <span class='ocrx_word' id='word_1_483' title='bbox 777 4083 953 4133; x_wconf 85' lang='lat' dir='ltr'>usque</span> <span class='ocrx_word' id='word_1_484' title='bbox 999 4068 1066 4120; x_wconf 86' lang='lat' dir='ltr'>ad</span> <span class='ocrx_word' id='word_1_485' title='bbox 1114 4066 1278 4118; x_wconf 73' lang='lat' dir='ltr'>finem</span> <span class='ocrx_word' id='word_1_486' title='bbox 1325 4076 1440 4128; x_wconf 92' lang='lat' dir='ltr'>cap.</span> <span class='ocrx_word' id='word_1_487' title='bbox 1489 4065 1684 4116; x_wconf 85' lang='lat' dir='ltr'>desunt</span> <span class='ocrx_word' id='word_1_488' title='bbox 1732 4063 1785 4112; x_wconf 84' lang='lat' dir='ltr'>in</span> <span class='ocrx_word' id='word_1_489' title='bbox 1820 4060 1966 4112; x_wconf 87' lang='lat' dir='ltr'>Colh.</span> <span class='ocrx_word' id='word_1_490' title='bbox 2001 4064 2054 4114; x_wconf 89' lang='lat' dir='ltr'>et</span> <span class='ocrx_word' id='word_1_491' title='bbox 2089 4061 2195 4124; x_wconf 90' lang='lat' dir='ltr'>ple-</span> 
     </span>
    </p>
   </div>
   <div class='ocr_carea' id='block_1_72' title="bbox 495 4147 2196 4278">
    <p class='ocr_par' dir='ltr' id='par_1_72' title="bbox 495 4147 2196 4278">
     <span class='ocr_line' id='line_1_72' title="bbox 495 4147 2144 4214; baseline -0.024 -15"><span class='ocrx_word' id='word_1_492' title='bbox 495 4148 683 4209; x_wconf 78' lang='lat' dir='ltr'>risque</span> <span class='ocrx_word' id='word_1_493' title='bbox 714 4147 893 4195; x_wconf 83' lang='lat' dir='ltr'>editis.</span> <span class='ocrx_word' id='word_1_494' title='bbox 2057 4205 2067 4214; x_wconf 41' lang='lat'><em>.</em></span> <span class='ocrx_word' id='word_1_495' title='bbox 2141 4175 2144 4180; x_wconf 27' lang='grc' dir='ltr'>ι</span> 
     </span>
     <span class='ocr_line' id='line_1_73' title="bbox 557 4206 2196 4278; baseline -0.007 -10"><span class='ocrx_word' id='word_1_496' title='bbox 557 4219 580 4248; x_wconf 71' lang='grc' dir='ltr'>δ</span> <span class='ocrx_word' id='word_1_497' title='bbox 615 4217 950 4278; x_wconf 79' lang='lat' dir='ltr'>Ultrajurana</span> <span class='ocrx_word' id='word_1_498' title='bbox 1009 4208 1162 4271; x_wconf 78' lang='lat' dir='ltr'>regio</span> <span class='ocrx_word' id='word_1_499' title='bbox 1220 4207 1300 4259; x_wconf 91' lang='lat' dir='ltr'>sic</span> <span class='ocrx_word' id='word_1_500' title='bbox 1366 4206 1506 4258; x_wconf 86' lang='lat' dir='ltr'>dicta</span> <span class='ocrx_word' id='word_1_501' title='bbox 1550 4219 1582 4258; x_wconf 92' lang='lat' dir='ltr'>a</span> <span class='ocrx_word' id='word_1_502' title='bbox 1636 4206 1768 4278; x_wconf 66' lang='lat' dir='ltr'>Iura</span> <span class='ocrx_word' id='word_1_503' title='bbox 1799 4207 2196 4278; x_wconf 10' lang='lat' dir='ltr'>imo_nte,utnter</span> 
     </span>
    </p>
   </div>
   <div class='ocr_carea' id='block_1_73' title="bbox 496 4275 2189 4344">
    <p class='ocr_par' dir='ltr' id='par_1_73' title="bbox 496 4275 2189 4344">
     <span class='ocr_line' id='line_1_74' title="bbox 496 4275 2189 4344; baseline -0.01 -3"><span class='ocrx_word' id='word_1_504' title='bbox 496 4275 770 4341; x_wconf 80' lang='lat' dir='ltr'>Helvetios</span> <span class='ocrx_word' id='word_1_505' title='bbox 821 4287 876 4335; x_wconf 89' lang='lat' dir='ltr'>et</span> <span class='ocrx_word' id='word_1_506' title='bbox 910 4283 1205 4344; x_wconf 84' lang='lat' dir='ltr'>Sequanos,</span> <span class='ocrx_word' id='word_1_507' title='bbox 1274 4278 1366 4343; x_wconf 91' lang='lat' dir='ltr'>qui</span> <span class='ocrx_word' id='word_1_508' title='bbox 1422 4279 1588 4340; x_wconf 84' lang='lat' dir='ltr'>vulgo</span> <span class='ocrx_word' id='word_1_509' title='bbox 1635 4277 1811 4326; x_wconf 83' lang='lat' dir='ltr'>Sancti</span> <span class='ocrx_word' id='word_1_510' title='bbox 1863 4275 2068 4326; x_wconf 77' lang='lat' dir='ltr'>Claudii</span> <span class='ocrx_word' id='word_1_511' title='bbox 2097 4287 2189 4337; x_wconf 86' lang='lat' dir='ltr'>ap-</span> 
     </span>
    </p>
   </div>
   <div class='ocr_carea' id='block_1_74' title="bbox 494 4346 2188 4423">
    <p class='ocr_par' dir='ltr' id='par_1_74' title="bbox 494 4346 2188 4423">
     <span class='ocr_line' id='line_1_75' title="bbox 494 4346 2188 4423; baseline -0.009 -12"><span class='ocrx_word' id='word_1_512' title='bbox 494 4360 750 4423; x_wconf 76' lang='lat' dir='ltr'>pellatur,</span> <span class='ocrx_word' id='word_1_513' title='bbox 817 4368 849 4404; x_wconf 88' lang='lat' dir='ltr'>a</span> <span class='ocrx_word' id='word_1_514' title='bbox 909 4351 1111 4404; x_wconf 86' lang='lat' dir='ltr'>celebri</span> <span class='ocrx_word' id='word_1_515' title='bbox 1175 4351 1502 4423; x_wconf 62' lang='lat' dir='ltr'>monasterio</span> <span class='ocrx_word' id='word_1_516' title='bbox 1561 4349 1768 4423; x_wconf 80' lang='lat' dir='ltr'>ordinis</span> <span class='ocrx_word' id='word_1_517' title='bbox 1841 4346 2188 4423; x_wconf 73' lang='lat' dir='ltr'>Benedictini.</span> 
     </span>
    </p>
   </div>
   <div class='ocr_carea' id='block_1_75' title="bbox 497 4417 2190 4489">
    <p class='ocr_par' dir='ltr' id='par_1_75' title="bbox 497 4417 2190 4489">
     <span class='ocr_line' id='line_1_76' title="bbox 497 4417 2190 4489; baseline -0.01 -7"><span class='ocrx_word' id='word_1_518' title='bbox 497 4417 701 4483; x_wconf 72' lang='lat' dir='ltr'>Bic’ttur</span> <span class='ocrx_word' id='word_1_519' title='bbox 738 4417 741 4418; x_wconf 44' lang='grc'><strong><em>⁷</em></strong></span> <span class='ocrx_word' id='word_1_520' title='bbox 778 4436 994 4489; x_wconf 90' lang='lat' dir='ltr'>quoque</span> <span class='ocrx_word' id='word_1_521' title='bbox 1076 4423 1382 4482; x_wconf 81' lang='lat' dir='ltr'>Burgundta</span> <span class='ocrx_word' id='word_1_522' title='bbox 1455 4420 1834 4489; x_wconf 78' lang='lat' dir='ltr'>Transjurana,</span> <span class='ocrx_word' id='word_1_523' title='bbox 1907 4430 2026 4481; x_wconf 81' lang='lat' dir='ltr'>quae</span> <span class='ocrx_word' id='word_1_524' title='bbox 2091 4417 2190 4467; x_wconf 86' lang='lat' dir='ltr'>ali-</span> 
     </span>
    </p>
   </div>
   <div class='ocr_carea' id='block_1_76' title="bbox 496 4487 2191 4567">
    <p class='ocr_par' dir='ltr' id='par_1_76' title="bbox 496 4487 2191 4567">
     <span class='ocr_line' id='line_1_77' title="bbox 496 4487 2191 4567; baseline -0.008 -16"><span class='ocrx_word' id='word_1_525' title='bbox 496 4503 628 4567; x_wconf 86' lang='lat' dir='ltr'>quot</span> <span class='ocrx_word' id='word_1_526' title='bbox 709 4487 870 4558; x_wconf 81' lang='lat' dir='ltr'>reges</span> <span class='ocrx_word' id='word_1_527' title='bbox 910 4487 1131 4544; x_wconf 25' lang='lat' dir='ltr'>’habuit</span> <span class='ocrx_word' id='word_1_528' title='bbox 1197 4489 1297 4540; x_wconf 73' lang='lat' dir='ltr'>sub</span> <span class='ocrx_word' id='word_1_529' title='bbox 1374 4489 1541 4540; x_wconf 78' lang='lat' dir='ltr'>ﬁnem</span> <span class='ocrx_word' id='word_1_530' title='bbox 1609 4487 1797 4539; x_wconf 79' lang='lat' dir='ltr'>saeculi</span> <span class='ocrx_word' id='word_1_531' title='bbox 1863 4499 1919 4537; x_wconf 86' lang='lat' dir='ltr'>Ix</span> <span class='ocrx_word' id='word_1_532' title='bbox 1979 4491 2028 4538; x_wconf 90' lang='lat' dir='ltr'>et</span> <span class='ocrx_word' id='word_1_533' title='bbox 2097 4499 2191 4538; x_wconf 87' lang='lat' dir='ltr'>se-</span> 
     </span>
    </p>
   </div>
   <div class='ocr_carea' id='block_1_77' title="bbox 534 4569 701 4622">
    <p class='ocr_par' dir='ltr' id='par_1_77' title="bbox 534 4569 701 4622">
     <span class='ocr_line' id='line_1_78' title="bbox 534 4569 701 4622; baseline -0.042 0"><span class='ocrx_word' id='word_1_534' title='bbox 534 4569 701 4622; x_wconf 71' lang='lat' dir='ltr'>uenti.</span> 
     </span>
    </p>
   </div>
   <div class='ocr_carea' id='block_1_78' title="bbox 497 4584 2188 4690">
    <p class='ocr_par' dir='ltr' id='par_1_78' title="bbox 497 4584 2188 4690">
     <span class='ocr_line' id='line_1_79' title="bbox 497 4584 2188 4690; baseline -0.004 -2"><span class='ocrx_word' id='word_1_535' title='bbox 497 4584 891 4690; x_wconf 49' lang='lat' dir='ltr'>quccattliitendit</span> <span class='ocrx_word' id='word_1_536' title='bbox 956 4630 1209 4690; x_wconf 82' lang='lat' dir='ltr'>Valesius,</span> <span class='ocrx_word' id='word_1_537' title='bbox 1287 4628 1380 4680; x_wconf 89' lang='lat' dir='ltr'>ltb.</span> <span class='ocrx_word' id='word_1_538' title='bbox 1438 4640 1515 4680; x_wconf 82' lang='lat' dir='ltr'>xv</span> <span class='ocrx_word' id='word_1_539' title='bbox 1569 4631 1684 4683; x_wconf 68' lang='lat' dir='ltr'>iter.</span> <span class='ocrx_word' id='word_1_540' title='bbox 1737 4629 1994 4687; x_wconf 84' lang='lat' dir='ltr'>Francic.,</span> <span class='ocrx_word' id='word_1_541' title='bbox 2057 4631 2188 4681; x_wconf 84' lang='lat' dir='ltr'>Gun-</span> 
     </span>
    </p>
   </div>
   <div class='ocr_carea' id='block_1_79' title="bbox 491 4701 2185 4766">
    <p class='ocr_par' dir='ltr' id='par_1_79' title="bbox 491 4701 2185 4766">
     <span class='ocr_line' id='line_1_80' title="bbox 491 4701 2185 4766; baseline -0.008 0"><span class='ocrx_word' id='word_1_542' title='bbox 491 4715 763 4766; x_wconf 87' lang='lat' dir='ltr'>tramnutn</span> <span class='ocrx_word' id='word_1_543' title='bbox 805 4718 836 4756; x_wconf 90' lang='lat' dir='ltr'>e</span> <span class='ocrx_word' id='word_1_544' title='bbox 886 4704 1024 4756; x_wconf 76' lang='lat' dir='ltr'>vivus</span> <span class='ocrx_word' id='word_1_545' title='bbox 1075 4702 1383 4754; x_wconf 81' lang='lat' dir='ltr'>excessisse</span> <span class='ocrx_word' id='word_1_546' title='bbox 1431 4714 1516 4751; x_wconf 89' lang='lat' dir='ltr'>an.</span> <span class='ocrx_word' id='word_1_547' title='bbox 1573 4702 1697 4761; x_wconf 70' lang='lat'>562,</span> <span class='ocrx_word' id='word_1_548' title='bbox 1751 4707 1896 4751; x_wconf 86' lang='lat' dir='ltr'>unde</span> <span class='ocrx_word' id='word_1_549' title='bbox 1932 4701 2019 4751; x_wconf 92' lang='lat' dir='ltr'>ubi</span> <span class='ocrx_word' id='word_1_550' title='bbox 2046 4701 2185 4753; x_wconf 82' lang='lat' dir='ltr'>infra</span> 
     </span>
    </p>
   </div>
   <div class='ocr_carea' id='block_1_80' title="bbox 493 4771 2186 4846">
    <p class='ocr_par' dir='ltr' id='par_1_80' title="bbox 493 4771 2186 4846">
     <span class='ocr_line' id='line_1_81' title="bbox 493 4771 2186 4846; baseline -0.006 -11"><span class='ocrx_word' id='word_1_551' title='bbox 493 4783 699 4846; x_wconf 90' lang='lat' dir='ltr'>legitur</span> <span class='ocrx_word' id='word_1_552' title='bbox 758 4788 902 4828; x_wconf 82' lang='lat' dir='ltr'>anno</span> <span class='ocrx_word' id='word_1_553' title='bbox 967 4773 1386 4846; x_wconf 9' lang='lat' dir='ltr'>2rChitdebert‘i,</span> <span class='ocrx_word' id='word_1_554' title='bbox 1456 4771 1745 4846; x_wconf 53' lang='lat' dir='ltr'>legendum</span> <span class='ocrx_word' id='word_1_555' title='bbox 1820 4783 1944 4822; x_wconf 91' lang='lat' dir='ltr'>esse</span> <span class='ocrx_word' id='word_1_556' title='bbox 2001 4779 2186 4825; x_wconf 56' lang='lat' dir='ltr'>censet</span> 
     </span>
    </p>
   </div>
   <div class='ocr_carea' id='block_1_81' title="bbox 494 4842 2181 4913">
    <p class='ocr_par' dir='ltr' id='par_1_81' title="bbox 494 4842 2181 4913">
     <span class='ocr_line' id='line_1_82' title="bbox 494 4842 2181 4913; baseline -0.01 -5"><span class='ocrx_word' id='word_1_557' title='bbox 494 4842 642 4908; x_wconf 58' lang='lat' dir='ltr'>anno</span> <span class='ocrx_word' id='word_1_558' title='bbox 677 4852 721 4913; x_wconf 83' lang='lat' dir='ltr'>l,</span> <span class='ocrx_word' id='word_1_559' title='bbox 773 4856 828 4901; x_wconf 89' lang='lat' dir='ltr'>et</span> <span class='ocrx_word' id='word_1_560' title='bbox 867 4858 947 4899; x_wconf 83' lang='lat' dir='ltr'>sic</span> <span class='ocrx_word' id='word_1_561' title='bbox 1003 4845 1277 4907; x_wconf 88' lang='lat' dir='ltr'>deinceps.</span> <span class='ocrx_word' id='word_1_562' title='bbox 1335 4842 1645 4893; x_wconf 83' lang='lat' dir='ltr'>Guutramni</span> <span class='ocrx_word' id='word_1_563' title='bbox 1697 4855 1890 4913; x_wconf 88' lang='lat' dir='ltr'>nomen</span> <span class='ocrx_word' id='word_1_564' title='bbox 1929 4846 2181 4913; x_wconf 69' lang='lat' dir='ltr'>Martyro-</span> 
     </span>
    </p>
   </div>
   <div class='ocr_carea' id='block_1_82' title="bbox 491 4912 2184 4992">
    <p class='ocr_par' dir='ltr' id='par_1_82' title="bbox 491 4912 2184 4992">
     <span class='ocr_line' id='line_1_83' title="bbox 491 4912 2184 4992; baseline -0.008 -13"><span class='ocrx_word' id='word_1_565' title='bbox 491 4928 638 4992; x_wconf 88' lang='lat' dir='ltr'>logia</span> <span class='ocrx_word' id='word_1_566' title='bbox 690 4927 877 4974; x_wconf 85' lang='lat' dir='ltr'>vetera</span> <span class='ocrx_word' id='word_1_567' title='bbox 940 4923 994 4969; x_wconf 91' lang='lat' dir='ltr'>et</span> <span class='ocrx_word' id='word_1_568' title='bbox 1051 4920 1287 4966; x_wconf 85' lang='lat' dir='ltr'>recentia</span> <span class='ocrx_word' id='word_1_569' title='bbox 1338 4915 1533 4992; x_wconf 63' lang='lat' dir='ltr'>habent</span> <span class='ocrx_word' id='word_1_570' title='bbox 1583 4927 1615 4964; x_wconf 89' lang='lat' dir='ltr'>v</span> <span class='ocrx_word' id='word_1_571' title='bbox 1677 4912 1794 4992; x_wconf 36' lang='grc' dir='ltr'>ΚΛ..</span> <span class='ocrx_word' id='word_1_572' title='bbox 1844 4912 2184 4992; x_wconf 52' lang='lat' dir='ltr'>Apr-iliaque</span> 
     </span>
    </p>
   </div>
   <div class='ocr_carea' id='block_1_83' title="bbox 493 4984 2188 5054">
    <p class='ocr_par' dir='ltr' id='par_1_83' title="bbox 493 4984 2188 5054">
     <span class='ocr_line' id='line_1_84' title="bbox 493 4984 2188 5054; baseline -0.006 -4"><span class='ocrx_word' id='word_1_573' title='bbox 493 4984 583 5050; x_wconf 73' lang='lat' dir='ltr'>die</span> <span class='ocrx_word' id='word_1_574' title='bbox 637 4996 832 5048; x_wconf 80' lang='lat' dir='ltr'>festum</span> <span class='ocrx_word' id='word_1_575' title='bbox 880 4993 1000 5054; x_wconf 86' lang='lat' dir='ltr'>ejus</span> <span class='ocrx_word' id='word_1_576' title='bbox 1044 4996 1379 5038; x_wconf 73' lang='lat' dir='ltr'>memoratur</span> <span class='ocrx_word' id='word_1_577' title='bbox 1430 4988 1483 5036; x_wconf 90' lang='lat' dir='ltr'>in</span> <span class='ocrx_word' id='word_1_578' title='bbox 1527 4989 1721 5038; x_wconf 88' lang='lat' dir='ltr'>vetusti</span> <span class='ocrx_word' id='word_1_579' title='bbox 1755 4987 1888 5036; x_wconf 90' lang='lat' dir='ltr'>simo</span> <span class='ocrx_word' id='word_1_580' title='bbox 1921 4984 2188 5039; x_wconf 82' lang='lat' dir='ltr'>Kalenda-</span> 
     </span>
    </p>
   </div>
   <div class='ocr_carea' id='block_1_84' title="bbox 495 5055 1680 5122">
    <p class='ocr_par' dir='ltr' id='par_1_84' title="bbox 495 5055 1680 5122">
     <span class='ocr_line' id='line_1_85' title="bbox 495 5055 1680 5122; baseline -0.017 0"><span class='ocrx_word' id='word_1_581' title='bbox 495 5070 576 5122; x_wconf 86' lang='lat' dir='ltr'>rio</span> <span class='ocrx_word' id='word_1_582' title='bbox 607 5065 938 5118; x_wconf 78' lang='lat' dir='ltr'>Murbacenst</span> <span class='ocrx_word' id='word_1_583' title='bbox 961 5059 1026 5110; x_wconf 88' lang='lat' dir='ltr'>ab</span> <span class='ocrx_word' id='word_1_584' title='bbox 1055 5070 1212 5109; x_wconf 75' lang='lat' dir='ltr'>anuis</span> <span class='ocrx_word' id='word_1_585' title='bbox 1243 5055 1334 5106; x_wconf 60' lang='lat'>$.00</span> <span class='ocrx_word' id='word_1_586' title='bbox 1359 5059 1680 5121; x_wconf 67' lang='lat' dir='ltr'>conscriptu.</span> 
     </span>
    </p>
   </div>
   <div class='ocr_carea' id='block_1_85' title="bbox 551 5127 2187 5196">
    <p class='ocr_par' dir='ltr' id='par_1_85' title="bbox 551 5127 2187 5196">
     <span class='ocr_line' id='line_1_86' title="bbox 551 5127 2187 5196; baseline -0.004 -8"><span class='ocrx_word' id='word_1_587' title='bbox 551 5137 574 5168; x_wconf 82' lang='grc'><em>⁴</em></span> <span class='ocrx_word' id='word_1_588' title='bbox 609 5138 774 5192; x_wconf 85' lang='lat' dir='ltr'>Intra,</span> <span class='ocrx_word' id='word_1_589' title='bbox 820 5144 937 5196; x_wconf 84' lang='lat' dir='ltr'>cap.</span> <span class='ocrx_word' id='word_1_590' title='bbox 995 5131 1066 5189; x_wconf 89' lang='lat' dir='ltr'>t8,</span> <span class='ocrx_word' id='word_1_591' title='bbox 1106 5135 1162 5180; x_wconf 91' lang='lat' dir='ltr'>in</span> <span class='ocrx_word' id='word_1_592' title='bbox 1218 5128 1356 5179; x_wconf 84' lang='lat' dir='ltr'>Clar.</span> <span class='ocrx_word' id='word_1_593' title='bbox 1397 5130 1598 5180; x_wconf 88' lang='lat' dir='ltr'>dicitur</span> <span class='ocrx_word' id='word_1_594' title='bbox 1650 5127 1901 5186; x_wconf 73' lang='lat' dir='ltr'>Winlrz&#39;o,</span> <span class='ocrx_word' id='word_1_595' title='bbox 1957 5128 2024 5180; x_wconf 91' lang='lat' dir='ltr'>de</span> <span class='ocrx_word' id='word_1_596' title='bbox 2080 5141 2187 5195; x_wconf 85' lang='lat' dir='ltr'>quo</span> 
     </span>
    </p>
   </div>
   <div class='ocr_carea' id='block_1_86' title="bbox 493 5200 2188 5263">
    <p class='ocr_par' dir='ltr' id='par_1_86' title="bbox 493 5200 2188 5263">
     <span class='ocr_line' id='line_1_87' title="bbox 493 5200 2188 5263; baseline -0.006 1"><span class='ocrx_word' id='word_1_597' title='bbox 493 5210 617 5263; x_wconf 87' lang='lat' dir='ltr'>vide</span> <span class='ocrx_word' id='word_1_598' title='bbox 665 5213 821 5259; x_wconf 87' lang='lat' dir='ltr'>notas</span> <span class='ocrx_word' id='word_1_599' title='bbox 867 5217 923 5254; x_wconf 90' lang='lat' dir='ltr'>tn</span> <span class='ocrx_word' id='word_1_600' title='bbox 961 5203 1052 5253; x_wconf 83' lang='lat' dir='ltr'>lib.</span> <span class='ocrx_word' id='word_1_601' title='bbox 1105 5213 1206 5252; x_wconf 82' lang='lat' dir='ltr'>vui</span> <span class='ocrx_word' id='word_1_602' title='bbox 1240 5202 1367 5251; x_wconf 79' lang='lat' dir='ltr'>Htst.</span> <span class='ocrx_word' id='word_1_603' title='bbox 1403 5202 1644 5262; x_wconf 79' lang='lat' dir='ltr'>Gregorii</span> <span class='ocrx_word' id='word_1_604' title='bbox 1698 5214 1814 5262; x_wconf 84' lang='lat' dir='ltr'>cap.</span> <span class='ocrx_word' id='word_1_605' title='bbox 1866 5200 1935 5250; x_wconf 77' lang='lat'>18.</span> <span class='ocrx_word' id='word_1_606' title='bbox 1983 5207 2051 5251; x_wconf 84' lang='lat' dir='ltr'>De</span> <span class='ocrx_word' id='word_1_607' title='bbox 2085 5205 2188 5253; x_wconf 84' lang='lat' dir='ltr'>hoc</span> 
     </span>
    </p>
   </div>
   <div class='ocr_carea' id='block_1_87' title="bbox 489 5272 2180 5334">
    <p class='ocr_par' dir='ltr' id='par_1_87' title="bbox 489 5272 2180 5334">
     <span class='ocr_line' id='line_1_88' title="bbox 489 5272 2180 5334; baseline -0.007 0"><span class='ocrx_word' id='word_1_608' title='bbox 489 5281 636 5334; x_wconf 90' lang='lat' dir='ltr'>bello</span> <span class='ocrx_word' id='word_1_609' title='bbox 708 5277 900 5329; x_wconf 80' lang='lat' dir='ltr'>Paulus</span> <span class='ocrx_word' id='word_1_610' title='bbox 983 5275 1120 5324; x_wconf 83' lang='lat' dir='ltr'>Diae.</span> <span class='ocrx_word' id='word_1_611' title='bbox 1183 5273 1270 5323; x_wconf 89' lang='lat' dir='ltr'>ltb.</span> <span class='ocrx_word' id='word_1_612' title='bbox 1327 5285 1384 5323; x_wconf 86' lang='lat' dir='ltr'>tv</span> <span class='ocrx_word' id='word_1_613' title='bbox 1461 5272 1589 5322; x_wconf 76' lang='lat' dir='ltr'>Hist.</span> <span class='ocrx_word' id='word_1_614' title='bbox 1657 5272 1883 5333; x_wconf 84' lang='lat' dir='ltr'>Langob.</span> <span class='ocrx_word' id='word_1_615' title='bbox 1967 5285 2084 5330; x_wconf 85' lang='lat' dir='ltr'>cap.</span> <span class='ocrx_word' id='word_1_616' title='bbox 2135 5275 2180 5322; x_wconf 73' lang='lat'>4.</span> 
     </span>
    </p>
   </div>
   <div class='ocr_carea' id='block_1_88' title="bbox 495 5343 2182 5412">
    <p class='ocr_par' dir='ltr' id='par_1_88' title="bbox 495 5343 2182 5412">
     <span class='ocr_line' id='line_1_89' title="bbox 495 5343 2182 5412; baseline -0.007 -6"><span class='ocrx_word' id='word_1_617' title='bbox 495 5354 864 5412; x_wconf 83' lang='lat' dir='ltr'>Qutntrtonem</span> <span class='ocrx_word' id='word_1_618' title='bbox 930 5359 961 5398; x_wconf 87' lang='lat' dir='ltr'>a</span> <span class='ocrx_word' id='word_1_619' title='bbox 1021 5346 1317 5395; x_wconf 75' lang='lat' dir='ltr'>Wlllllluhe</span> <span class='ocrx_word' id='word_1_620' title='bbox 1377 5349 1528 5406; x_wconf 85' lang='lat' dir='ltr'>patre</span> <span class='ocrx_word' id='word_1_621' title='bbox 1601 5352 1797 5394; x_wconf 71' lang='lat' dir='ltr'>sanctae</span> <span class='ocrx_word' id='word_1_622' title='bbox 1845 5343 2182 5395; x_wconf 85' lang='lat' dir='ltr'>Glodesindis</span> 
     </span>
    </p>
   </div>
   <div class='ocr_carea' id='block_1_89' title="bbox 490 5414 1931 5486">
    <p class='ocr_par' dir='ltr' id='par_1_89' title="bbox 490 5414 1931 5486">
     <span class='ocr_line' id='line_1_90' title="bbox 490 5414 1931 5486; baseline -0.01 -8"><span class='ocrx_word' id='word_1_623' title='bbox 490 5422 768 5486; x_wconf 70' lang='lat' dir='ltr'>distinguit</span> <span class='ocrx_word' id='word_1_624' title='bbox 795 5418 1038 5470; x_wconf 66' lang='lat' dir='ltr'>Cointus</span> <span class='ocrx_word' id='word_1_625' title='bbox 1071 5415 1137 5466; x_wconf 81' lang='lat' dir='ltr'>ad</span> <span class='ocrx_word' id='word_1_626' title='bbox 1171 5427 1259 5466; x_wconf 86' lang='lat' dir='ltr'>an.</span> <span class='ocrx_word' id='word_1_627' title='bbox 1294 5415 1406 5486; x_wconf 77' lang='lat'>749.</span> <span class='ocrx_word' id='word_1_628' title='bbox 1437 5441 1444 5460; x_wconf 61' lang='grc' dir='ltr'>ι</span> <span class='ocrx_word' id='word_1_629' title='bbox 1471 5427 1576 5465; x_wconf 86' lang='lat' dir='ltr'>um.</span> <span class='ocrx_word' id='word_1_630' title='bbox 1608 5414 1668 5464; x_wconf 81' lang='grc'>25</span> <span class='ocrx_word' id='word_1_631' title='bbox 1699 5421 1752 5466; x_wconf 88' lang='lat' dir='ltr'>et</span> <span class='ocrx_word' id='word_1_632' title='bbox 1781 5427 1931 5479; x_wconf 56' lang='lat' dir='ltr'>seqq.</span> 
     </span>
    </p>
   </div>
   <div class='ocr_carea' id='block_1_90' title="bbox 456 5481 3882 5554">
    <p class='ocr_par' dir='ltr' id='par_1_90' title="bbox 456 5481 3882 5554">
     <span class='ocr_line' id='line_1_91' title="bbox 456 5481 3882 5554; baseline -0.005 -4"><span class='ocrx_word' id='word_1_633' title='bbox 456 5545 460 5550; x_wconf 81' lang='lat'>.</span> <span class='ocrx_word' id='word_1_634' title='bbox 549 5481 713 5547; x_wconf 74' lang='grc' dir='ltr'>Ἠιῖε</span> <span class='ocrx_word' id='word_1_635' title='bbox 759 5499 1102 5554; x_wconf 80' lang='lat' dir='ltr'>suspicamur</span> <span class='ocrx_word' id='word_1_636' title='bbox 1148 5498 1274 5538; x_wconf 84' lang='lat' dir='ltr'>esse</span> <span class='ocrx_word' id='word_1_637' title='bbox 1324 5485 1583 5548; x_wconf 67' lang='lat' dir='ltr'>er‘lnns,</span> <span class='ocrx_word' id='word_1_638' title='bbox 1635 5498 1867 5549; x_wconf 89' lang='lat' dir='ltr'>quorum</span> <span class='ocrx_word' id='word_1_639' title='bbox 1893 5493 2040 5547; x_wconf 77' lang='lat' dir='ltr'>leges</span> <span class='ocrx_word' id='word_1_640' title='bbox 2079 5486 2180 5538; x_wconf 89' lang='lat' dir='ltr'>sub</span> <span class='ocrx_word' id='word_1_641' title='bbox 2262 5485 2450 5537; x_wconf 80' lang='lat' dir='ltr'>Castro</span> <span class='ocrx_word' id='word_1_642' title='bbox 2521 5484 2886 5535; x_wconf 72' lang='lat' dir='ltr'>Helvetiorum</span> <span class='ocrx_word' id='word_1_643' title='bbox 2974 5481 3314 5546; x_wconf 65' lang='lat' dir='ltr'>(Neu/altrim</span> <span class='ocrx_word' id='word_1_644' title='bbox 3388 5493 3455 5532; x_wconf 79' lang='lat' dir='ltr'>en</span> <span class='ocrx_word' id='word_1_645' title='bbox 3527 5481 3729 5554; x_wconf 55' lang='lat' dir='ltr'>Suissc)</span> <span class='ocrx_word' id='word_1_646' title='bbox 3803 5484 3882 5554; x_wconf 67' lang='lat' dir='ltr'>lto</span> 
     </span>
    </p>
   </div>
   <div class='ocr_carea' id='block_1_91' title="bbox 481 5551 3877 5624">
    <p class='ocr_par' dir='ltr' id='par_1_91' title="bbox 481 5551 3877 5624">
     <span class='ocr_line' id='line_1_92' title="bbox 481 5551 3877 5624; baseline -0.004 -4"><span class='ocrx_word' id='word_1_647' title='bbox 481 5569 588 5620; x_wconf 87' lang='lat' dir='ltr'>hoc</span> <span class='ocrx_word' id='word_1_648' title='bbox 631 5564 786 5618; x_wconf 83' lang='lat' dir='ltr'>titulo</span> <span class='ocrx_word' id='word_1_649' title='bbox 826 5551 1107 5616; x_wconf 68' lang='lat' dir='ltr'>habentur,</span> <span class='ocrx_word' id='word_1_650' title='bbox 1167 5555 1316 5621; x_wconf 75' lang='lat' dir='ltr'>Leges</span> <span class='ocrx_word' id='word_1_651' title='bbox 1359 5555 1678 5624; x_wconf 71' lang='lat' dir='ltr'>Angliar‘um</span> <span class='ocrx_word' id='word_1_652' title='bbox 1726 5560 1775 5607; x_wconf 80' lang='lat' dir='ltr'>et</span> <span class='ocrx_word' id='word_1_653' title='bbox 1822 5555 2176 5620; x_wconf 71' lang='lat' dir='ltr'>Wt‘rt’uorum,</span> <span class='ocrx_word' id='word_1_654' title='bbox 2259 5556 2551 5620; x_wconf 86' lang='lat' dir='ltr'>burgensis</span> <span class='ocrx_word' id='word_1_655' title='bbox 2602 5557 2815 5621; x_wconf 73' lang='lat' dir='ltr'>dzcitur,</span> <span class='ocrx_word' id='word_1_656' title='bbox 2877 5554 2969 5618; x_wconf 89' lang='lat' dir='ltr'>qui</span> <span class='ocrx_word' id='word_1_657' title='bbox 3019 5556 3169 5606; x_wconf 87' lang='lat' dir='ltr'>lacus</span> <span class='ocrx_word' id='word_1_658' title='bbox 3211 5554 3372 5606; x_wconf 78' lang='lat' dir='ltr'>atmul</span> <span class='ocrx_word' id='word_1_659' title='bbox 3432 5565 3556 5606; x_wconf 88' lang='lat' dir='ltr'>cum</span> <span class='ocrx_word' id='word_1_660' title='bbox 3606 5551 3741 5605; x_wconf 74' lang='lat' dir='ltr'>Orba</span> <span class='ocrx_word' id='word_1_661' title='bbox 3797 5553 3877 5607; x_wconf 76' lang='lat' dir='ltr'>nu</span> 
     </span>
    </p>
   </div>
   <div class='ocr_carea' id='block_1_92' title="bbox 483 5624 3190 5694">
    <p class='ocr_par' dir='ltr' id='par_1_92' title="bbox 483 5624 3190 5694">
     <span class='ocr_line' id='line_1_93' title="bbox 483 5624 3190 5694; baseline -0.006 -2"><span class='ocrx_word' id='word_1_662' title='bbox 483 5638 581 5692; x_wconf 81' lang='lat' dir='ltr'>hoc</span> <span class='ocrx_word' id='word_1_663' title='bbox 633 5640 708 5690; x_wconf 77' lang='lat' dir='ltr'>est</span> <span class='ocrx_word' id='word_1_664' title='bbox 780 5632 1198 5694; x_wconf 73' lang='lat' dir='ltr'>Thuringorum.</span> <span class='ocrx_word' id='word_1_665' title='bbox 1269 5628 1488 5680; x_wconf 86' lang='lat' dir='ltr'>Warnos</span> <span class='ocrx_word' id='word_1_666' title='bbox 1544 5638 1805 5680; x_wconf 87' lang='lat' dir='ltr'>memorat</span> <span class='ocrx_word' id='word_1_667' title='bbox 1873 5632 2172 5693; x_wconf 74' lang='lat' dir='ltr'>ProcOptus,</span> <span class='ocrx_word' id='word_1_668' title='bbox 2259 5641 2384 5682; x_wconf 88' lang='lat' dir='ltr'>sese</span> <span class='ocrx_word' id='word_1_669' title='bbox 2415 5632 2475 5679; x_wconf 87' lang='lat' dir='ltr'>in</span> <span class='ocrx_word' id='word_1_670' title='bbox 2494 5627 2707 5679; x_wconf 75' lang='lat' dir='ltr'>Arolam</span> <span class='ocrx_word' id='word_1_671' title='bbox 2735 5624 2882 5690; x_wconf 80' lang='lat' dir='ltr'>tt&#39;Ar)</span> <span class='ocrx_word' id='word_1_672' title='bbox 2913 5630 3190 5678; x_wconf 80' lang='lat' dir='ltr'>exonerat.</span> 
     </span>
    </p>
   </div>
   <div class='ocr_carea' id='block_1_93' title="bbox 483 5698 2175 5777">
    <p class='ocr_par' dir='ltr' id='par_1_93' title="bbox 483 5698 2175 5777">
     <span class='ocr_line' id='line_1_94' title="bbox 483 5698 2175 5777; baseline -0.005 -14"><span class='ocrx_word' id='word_1_673' title='bbox 483 5721 716 5777; x_wconf 82' lang='lat' dir='ltr'>quorum</span> <span class='ocrx_word' id='word_1_674' title='bbox 765 5718 862 5760; x_wconf 89' lang='lat' dir='ltr'>rex</span> <span class='ocrx_word' id='word_1_675' title='bbox 909 5704 1138 5777; x_wconf 79' lang='lat' dir='ltr'>it_adiger</span> <span class='ocrx_word' id='word_1_676' title='bbox 1188 5698 1485 5777; x_wconf 77' lang='lat' dir='ltr'>Chlodovei</span> <span class='ocrx_word' id='word_1_677' title='bbox 1511 5700 1691 5777; x_wconf 49' lang='lat' dir='ltr'>stagni</span> <span class='ocrx_word' id='word_1_678' title='bbox 1734 5700 1899 5752; x_wconf 80' lang='lat' dir='ltr'>tiliam</span> <span class='ocrx_word' id='word_1_679' title='bbox 1946 5702 2175 5754; x_wconf 84' lang='lat' dir='ltr'>duxerat</span> 
     </span>
    </p>
   </div>
   <div class='ocr_carea' id='block_1_94' title="bbox 479 5772 1709 5835">
    <p class='ocr_par' dir='ltr' id='par_1_94' title="bbox 479 5772 1709 5835">
     <span class='ocr_line' id='line_1_95' title="bbox 479 5772 1709 5835; baseline -0.008 -1"><span class='ocrx_word' id='word_1_680' title='bbox 479 5772 729 5835; x_wconf 74' lang='lat' dir='ltr'>uxorem.</span> <span class='ocrx_word' id='word_1_681' title='bbox 763 5777 894 5830; x_wconf 81' lang='lat' dir='ltr'>Vide</span> <span class='ocrx_word' id='word_1_682' title='bbox 925 5774 1212 5833; x_wconf 84' lang='lat' dir='ltr'>Go&#39;tntlum,</span> <span class='ocrx_word' id='word_1_683' title='bbox 1237 5773 1305 5824; x_wconf 87' lang='lat' dir='ltr'>ad</span> <span class='ocrx_word' id='word_1_684' title='bbox 1345 5784 1430 5825; x_wconf 87' lang='lat' dir='ltr'>an.</span> <span class='ocrx_word' id='word_1_685' title='bbox 1465 5772 1579 5832; x_wconf 76' lang='grc'>564.</span> <span class='ocrx_word' id='word_1_686' title='bbox 1604 5777 1709 5826; x_wconf 87' lang='lat' dir='ltr'>etc.</span> 
     </span>
    </p>
   </div>
   <div class='ocr_carea' id='block_1_95' title="bbox 549 5835 3805 5912">
    <p class='ocr_par' dir='ltr' id='par_1_95' title="bbox 549 5835 3805 5912">
     <span class='ocr_line' id='line_1_96' title="bbox 549 5835 3805 5912; baseline -0.003 -12"><span class='ocrx_word' id='word_1_687' title='bbox 549 5852 568 5890; x_wconf 73' lang='grc' dir='ltr'><strong>ε</strong></span> <span class='ocrx_word' id='word_1_688' title='bbox 602 5851 734 5904; x_wconf 78' lang='lat' dir='ltr'>Cum</span> <span class='ocrx_word' id='word_1_689' title='bbox 786 5859 982 5911; x_wconf 81' lang='lat' dir='ltr'>uxore,</span> <span class='ocrx_word' id='word_1_690' title='bbox 1025 5847 1070 5898; x_wconf 88' lang='lat' dir='ltr'>si</span> <span class='ocrx_word' id='word_1_691' title='bbox 1115 5844 1269 5898; x_wconf 80' lang='lat' dir='ltr'>Pau&#39;o</span> <span class='ocrx_word' id='word_1_692' title='bbox 1323 5844 1486 5908; x_wconf 92' lang='lat' dir='ltr'>Diac.,</span> <span class='ocrx_word' id='word_1_693' title='bbox 1540 5844 1632 5897; x_wconf 90' lang='lat' dir='ltr'>lib.</span> <span class='ocrx_word' id='word_1_694' title='bbox 1666 5856 1741 5906; x_wconf 87' lang='lat' dir='ltr'>tv,</span> <span class='ocrx_word' id='word_1_695' title='bbox 1783 5855 1899 5912; x_wconf 85' lang='lat' dir='ltr'>cap.</span> <span class='ocrx_word' id='word_1_696' title='bbox 1955 5844 2027 5905; x_wconf 79' lang='lat'>12,</span> <span class='ocrx_word' id='word_1_697' title='bbox 2059 5857 2172 5900; x_wconf 55' lang='lat' dir='ltr'>creo</span> <span class='ocrx_word' id='word_1_698' title='bbox 2253 5843 2322 5899; x_wconf 87' lang='lat' dir='ltr'>de</span> <span class='ocrx_word' id='word_1_699' title='bbox 2386 5854 2493 5906; x_wconf 89' lang='lat' dir='ltr'>quo</span> <span class='ocrx_word' id='word_1_700' title='bbox 2541 5841 2596 5894; x_wconf 90' lang='lat' dir='ltr'>in</span> <span class='ocrx_word' id='word_1_701' title='bbox 2668 5839 2924 5904; x_wconf 84' lang='lat' dir='ltr'>Epitome.</span> <span class='ocrx_word' id='word_1_702' title='bbox 2989 5838 3144 5893; x_wconf 89' lang='lat' dir='ltr'>Hanc</span> <span class='ocrx_word' id='word_1_703' title='bbox 3213 5841 3578 5892; x_wconf 78' lang='lat' dir='ltr'>narrationem</span> <span class='ocrx_word' id='word_1_704' title='bbox 3655 5835 3805 5891; x_wconf 77' lang='lat' dir='ltr'>fabul</span> 
     </span>
    </p>
   </div>
   <div class='ocr_carea' id='block_1_96' title="bbox 2345 3921 3964 3991">
    <p class='ocr_par' dir='ltr' id='par_1_96' title="bbox 2345 3921 3964 3991">
     <span class='ocr_line' id='line_1_97' title="bbox 2345 3921 3964 3991; baseline 0.004 -17"><span class='ocrx_word' id='word_1_705' title='bbox 2345 3939 2370 3974; x_wconf 74' lang='grc' dir='ltr'>ε</span> <span class='ocrx_word' id='word_1_706' title='bbox 2409 3928 2467 3978; x_wconf 76' lang='lat' dir='ltr'>Id</span> <span class='ocrx_word' id='word_1_707' title='bbox 2511 3930 2609 3989; x_wconf 91' lang='lat' dir='ltr'>est,</span> <span class='ocrx_word' id='word_1_708' title='bbox 2667 3939 2764 3990; x_wconf 88' lang='lat' dir='ltr'>per</span> <span class='ocrx_word' id='word_1_709' title='bbox 2820 3927 3194 3991; x_wconf 88' lang='lat' dir='ltr'>irruptionem,</span> <span class='ocrx_word' id='word_1_710' title='bbox 3242 3923 3444 3976; x_wconf 84' lang='lat' dir='ltr'>bellum</span> <span class='ocrx_word' id='word_1_711' title='bbox 3496 3921 3784 3976; x_wconf 83' lang='lat' dir='ltr'>inferendo</span> <span class='ocrx_word' id='word_1_712' title='bbox 3841 3932 3964 3981; x_wconf 76' lang='lat' dir='ltr'>ante</span> 
     </span>
    </p>
   </div>
   <div class='ocr_carea' id='block_1_97' title="bbox 2279 3993 3728 4065">
    <p class='ocr_par' dir='ltr' id='par_1_97' title="bbox 2279 3993 3728 4065">
     <span class='ocr_line' id='line_1_98' title="bbox 2279 3993 3728 4065; baseline -0.005 -15"><span class='ocrx_word' id='word_1_713' title='bbox 2279 4012 2438 4065; x_wconf 90' lang='lat' dir='ltr'>quam</span> <span class='ocrx_word' id='word_1_714' title='bbox 2472 3999 2663 4050; x_wconf 88' lang='lat' dir='ltr'>fuisset</span> <span class='ocrx_word' id='word_1_715' title='bbox 2698 3998 2972 4056; x_wconf 83' lang='lat' dir='ltr'>indictum,</span> <span class='ocrx_word' id='word_1_716' title='bbox 2996 4000 3055 4048; x_wconf 92' lang='lat' dir='ltr'>ut</span> <span class='ocrx_word' id='word_1_717' title='bbox 3079 3995 3254 4047; x_wconf 83' lang='lat' dir='ltr'>facere</span> <span class='ocrx_word' id='word_1_718' title='bbox 3284 3995 3462 4047; x_wconf 70' lang='lat' dir='ltr'>soltnt</span> <span class='ocrx_word' id='word_1_719' title='bbox 3494 3993 3728 4044; x_wconf 87' lang='lat' dir='ltr'>barbari.</span> 
     </span>
    </p>
   </div>
   <div class='ocr_carea' id='block_1_98' title="bbox 2349 4065 3962 4121">
    <p class='ocr_par' dir='ltr' id='par_1_98' title="bbox 2349 4065 3962 4121">
     <span class='ocr_line' id='line_1_99' title="bbox 2349 4065 3962 4121; baseline 0 -1"><span class='ocrx_word' id='word_1_720' title='bbox 2349 4069 2369 4099; x_wconf 86' lang='grc'>¹·</span> <span class='ocrx_word' id='word_1_721' title='bbox 2409 4070 2558 4121; x_wconf 83' lang='lat' dir='ltr'>Hunc</span> <span class='ocrx_word' id='word_1_722' title='bbox 2614 4069 2792 4120; x_wconf 89' lang='lat' dir='ltr'>locum</span> <span class='ocrx_word' id='word_1_723' title='bbox 2861 4069 2914 4117; x_wconf 88' lang='lat' dir='ltr'>in</span> <span class='ocrx_word' id='word_1_724' title='bbox 2985 4067 3281 4119; x_wconf 87' lang='lat' dir='ltr'>Senonensi</span> <span class='ocrx_word' id='word_1_725' title='bbox 3363 4065 3582 4117; x_wconf 78' lang='lat' dir='ltr'>dioecesi</span> <span class='ocrx_word' id='word_1_726' title='bbox 3633 4066 3803 4117; x_wconf 88' lang='lat' dir='ltr'>situm</span> <span class='ocrx_word' id='word_1_727' title='bbox 3876 4082 3962 4121; x_wconf 82' lang='lat' dir='ltr'>ess</span> 
     </span>
    </p>
   </div>
   <div class='ocr_carea' id='block_1_99' title="bbox 2289 4141 2867 4205">
    <p class='ocr_par' dir='ltr' id='par_1_99' title="bbox 2289 4141 2867 4205">
     <span class='ocr_line' id='line_1_100' title="bbox 2289 4141 2867 4205; baseline -0.009 -14"><span class='ocrx_word' id='word_1_728' title='bbox 2289 4142 2509 4205; x_wconf 86' lang='lat' dir='ltr'>quidam</span> <span class='ocrx_word' id='word_1_729' title='bbox 2538 4141 2867 4190; x_wconf 81' lang='lat' dir='ltr'>existimant.</span> 
     </span>
    </p>
   </div>
   <div class='ocr_carea' id='block_1_100' title="bbox 2338 4205 3957 4272">
    <p class='ocr_par' dir='ltr' id='par_1_100' title="bbox 2338 4205 3957 4272">
     <span class='ocr_line' id='line_1_101' title="bbox 2338 4205 3957 4272; baseline 0.001 -11"><span class='ocrx_word' id='word_1_730' title='bbox 2338 4210 2596 4271; x_wconf 76' lang='lat' dir='ltr'>iSepulta</span> <span class='ocrx_word' id='word_1_731' title='bbox 2645 4215 2726 4260; x_wconf 89' lang='lat' dir='ltr'>est</span> <span class='ocrx_word' id='word_1_732' title='bbox 2799 4213 2953 4272; x_wconf 89' lang='lat' dir='ltr'>juxta</span> <span class='ocrx_word' id='word_1_733' title='bbox 3001 4209 3177 4259; x_wconf 88' lang='lat' dir='ltr'>virum</span> <span class='ocrx_word' id='word_1_734' title='bbox 3214 4219 3374 4260; x_wconf 88' lang='lat' dir='ltr'>suum</span> <span class='ocrx_word' id='word_1_735' title='bbox 3420 4206 3476 4258; x_wconf 88' lang='lat' dir='ltr'>in</span> <span class='ocrx_word' id='word_1_736' title='bbox 3526 4205 3752 4257; x_wconf 79' lang='lat' dir='ltr'>basilica</span> <span class='ocrx_word' id='word_1_737' title='bbox 3813 4221 3957 4263; x_wconf 81' lang='lat' dir='ltr'>sane</span> 
     </span>
    </p>
   </div>
   <div class='ocr_carea' id='block_1_101' title="bbox 2277 4277 3958 4341">
    <p class='ocr_par' dir='ltr' id='par_1_101' title="bbox 2277 4277 3958 4341">
     <span class='ocr_line' id='line_1_102' title="bbox 2277 4277 3958 4341; baseline 0.002 -10"><span class='ocrx_word' id='word_1_738' title='bbox 2277 4282 2534 4332; x_wconf 84' lang='lat' dir='ltr'>Vincentii</span> <span class='ocrx_word' id='word_1_739' title='bbox 2593 4293 2692 4332; x_wconf 89' lang='lat' dir='ltr'>seu</span> <span class='ocrx_word' id='word_1_740' title='bbox 2752 4281 2926 4331; x_wconf 88' lang='lat' dir='ltr'>sancti</span> <span class='ocrx_word' id='word_1_741' title='bbox 2981 4279 3229 4331; x_wconf 85' lang='lat' dir='ltr'>Germani</span> <span class='ocrx_word' id='word_1_742' title='bbox 3274 4291 3306 4330; x_wconf 91' lang='lat' dir='ltr'>a</span> <span class='ocrx_word' id='word_1_743' title='bbox 3358 4278 3541 4337; x_wconf 86' lang='lat' dir='ltr'>Pratis,</span> <span class='ocrx_word' id='word_1_744' title='bbox 3597 4277 3689 4329; x_wconf 89' lang='lat' dir='ltr'>ubi</span> <span class='ocrx_word' id='word_1_745' title='bbox 3735 4282 3958 4341; x_wconf 84' lang='lat' dir='ltr'>sepulct</span> 
     </span>
    </p>
   </div>
   <div class='ocr_carea' id='block_1_102' title="bbox 2275 4348 3956 4417">
    <p class='ocr_par' dir='ltr' id='par_1_102' title="bbox 2275 4348 3956 4417">
     <span class='ocr_line' id='line_1_103' title="bbox 2275 4348 3956 4417; baseline 0 -15"><span class='ocrx_word' id='word_1_746' title='bbox 2275 4356 2396 4415; x_wconf 77' lang='lat' dir='ltr'>ejus</span> <span class='ocrx_word' id='word_1_747' title='bbox 2443 4352 2578 4414; x_wconf 87' lang='lat' dir='ltr'>lapis</span> <span class='ocrx_word' id='word_1_748' title='bbox 2637 4352 2946 4402; x_wconf 87' lang='lat' dir='ltr'>etiamnunc</span> <span class='ocrx_word' id='word_1_749' title='bbox 2992 4350 3202 4406; x_wconf 89' lang='lat' dir='ltr'>visitur.</span> <span class='ocrx_word' id='word_1_750' title='bbox 3249 4361 3356 4412; x_wconf 90' lang='lat' dir='ltr'>quo</span> <span class='ocrx_word' id='word_1_751' title='bbox 3407 4348 3632 4399; x_wconf 79' lang='lat' dir='ltr'>fortasse</span> <span class='ocrx_word' id='word_1_752' title='bbox 3701 4351 3956 4417; x_wconf 73' lang='lat' dir='ltr'>antiquis</span> 
     </span>
    </p>
   </div>
   <div class='ocr_carea' id='block_1_103' title="bbox 2274 4423 3953 4490">
    <p class='ocr_par' dir='ltr' id='par_1_103' title="bbox 2274 4423 3953 4490">
     <span class='ocr_line' id='line_1_104' title="bbox 2274 4423 3953 4490; baseline -0.001 -19"><span class='ocrx_word' id='word_1_753' title='bbox 2274 4434 2464 4484; x_wconf 88' lang='lat' dir='ltr'>regum</span> <span class='ocrx_word' id='word_1_754' title='bbox 2515 4425 2825 4472; x_wconf 88' lang='lat' dir='ltr'>nostrorum</span> <span class='ocrx_word' id='word_1_755' title='bbox 2894 4423 3188 4482; x_wconf 65' lang='lat' dir='ltr'>sepulturae</span> <span class='ocrx_word' id='word_1_756' title='bbox 3247 4425 3674 4475; x_wconf 83' lang='lat' dir='ltr'>monumentum.</span> <span class='ocrx_word' id='word_1_757' title='bbox 3741 4432 3816 4470; x_wconf 83' lang='lat' dir='ltr'>ex</span> 
     </span>
    </p>
   </div>
   <div class='ocr_carea' id='block_1_104' title="bbox 2273 4489 3954 4554">
    <p class='ocr_par' dir='ltr' id='par_1_104' title="bbox 2273 4489 3954 4554">
     <span class='ocr_line' id='line_1_105' title="bbox 2273 4489 3954 4554; baseline 0.001 -12"><span class='ocrx_word' id='word_1_758' title='bbox 2273 4492 2559 4543; x_wconf 76' lang='lat' dir='ltr'>Christiani</span> <span class='ocrx_word' id='word_1_759' title='bbox 2632 4491 2760 4543; x_wconf 86' lang='lat' dir='ltr'>facti</span> <span class='ocrx_word' id='word_1_760' title='bbox 2825 4496 2968 4552; x_wconf 90' lang='lat' dir='ltr'>sunt,</span> <span class='ocrx_word' id='word_1_761' title='bbox 3039 4503 3305 4554; x_wconf 80' lang='lat' dir='ltr'>nusquam</span> <span class='ocrx_word' id='word_1_762' title='bbox 3368 4493 3560 4541; x_wconf 88' lang='lat' dir='ltr'>exstat.</span> <span class='ocrx_word' id='word_1_763' title='bbox 3614 4489 3739 4552; x_wconf 79' lang='lat' dir='ltr'>Ejus</span> <span class='ocrx_word' id='word_1_764' title='bbox 3779 4491 3954 4552; x_wconf 58' lang='lat' dir='ltr'>huic</span> 
     </span>
    </p>
   </div>
   <div class='ocr_carea' id='block_1_105' title="bbox 2273 4559 3952 4631">
    <p class='ocr_par' dir='ltr' id='par_1_105' title="bbox 2273 4559 3952 4631">
     <span class='ocr_line' id='line_1_106' title="bbox 2273 4559 3952 4631; baseline 0 -17"><span class='ocrx_word' id='word_1_765' title='bbox 2273 4565 2413 4614; x_wconf 77' lang='lat' dir='ltr'>canit</span> <span class='ocrx_word' id='word_1_766' title='bbox 2459 4562 2778 4613; x_wconf 87' lang='lat' dir='ltr'>Fortunatus</span> <span class='ocrx_word' id='word_1_767' title='bbox 2830 4560 2920 4612; x_wconf 84' lang='lat' dir='ltr'>lth.</span> <span class='ocrx_word' id='word_1_768' title='bbox 2976 4573 3038 4613; x_wconf 81' lang='lat' dir='ltr'>rx</span> <span class='ocrx_word' id='word_1_769' title='bbox 3088 4573 3253 4613; x_wconf 82' lang='lat' dir='ltr'>carm.</span> <span class='ocrx_word' id='word_1_770' title='bbox 3308 4563 3324 4610; x_wconf 91' lang='lat' dir='ltr'>l</span> <span class='ocrx_word' id='word_1_771' title='bbox 3376 4563 3431 4612; x_wconf 90' lang='lat' dir='ltr'>et</span> <span class='ocrx_word' id='word_1_772' title='bbox 3473 4572 3646 4624; x_wconf 88' lang='lat' dir='ltr'>seqq.,</span> <span class='ocrx_word' id='word_1_773' title='bbox 3673 4574 3843 4624; x_wconf 84' lang='lat' dir='ltr'>quam</span> <span class='ocrx_word' id='word_1_774' title='bbox 3885 4559 3952 4631; x_wconf 52' lang='lat' dir='ltr'>ei</span> 
     </span>
    </p>
   </div>
   <div class='ocr_carea' id='block_1_106' title="bbox 2274 4633 3949 4686">
    <p class='ocr_par' dir='ltr' id='par_1_106' title="bbox 2274 4633 3949 4686">
     <span class='ocr_line' id='line_1_107' title="bbox 2274 4633 3949 4686; baseline -0.005 0"><span class='ocrx_word' id='word_1_775' title='bbox 2274 4643 2371 4686; x_wconf 68' lang='lat' dir='ltr'>teri</span> <span class='ocrx_word' id='word_1_776' title='bbox 2405 4639 2655 4684; x_wconf 88' lang='lat' dir='ltr'>auctores</span> <span class='ocrx_word' id='word_1_777' title='bbox 2685 4635 3061 4683; x_wconf 88' lang='lat' dir='ltr'>exsecrantur.</span> <span class='ocrx_word' id='word_1_778' title='bbox 3076 4675 3089 4681; x_wconf 90' lang='lat'>-</span> <span class='ocrx_word' id='word_1_779' title='bbox 3947 4633 3949 4686; x_wconf 72' lang='grc' dir='ltr'><strong>ξ</strong></span> 
     </span>
    </p>
   </div>
   <div class='ocr_carea' id='block_1_107' title="bbox 2328 4679 3950 4846">
    <p class='ocr_par' dir='ltr' id='par_1_107' title="bbox 2328 4679 3950 4846">
     <span class='ocr_line' id='line_1_108' title="bbox 2328 4679 3950 4846; baseline 0.004 -96"><span class='ocrx_word' id='word_1_780' title='bbox 2328 4679 2652 4756; x_wconf 51' lang='lat' dir='ltr'>inibis}?</span> <span class='ocrx_word' id='word_1_781' title='bbox 2689 4679 3126 4766; x_wconf 56' lang='grc' dir='ltr'>’ἔῐῐιὶξὲῗὲιζι</span> <span class='ocrx_word' id='word_1_782' title='bbox 3180 4701 3380 4764; x_wconf 85' lang='lat' dir='ltr'>caeteri,</span> <span class='ocrx_word' id='word_1_783' title='bbox 3445 4701 3723 4766; x_wconf 73' lang='lat' dir='ltr'>autumo,</span> <span class='ocrx_word' id='word_1_784' title='bbox 3779 4709 3844 4756; x_wconf 89' lang='lat' dir='ltr'>ut</span> 
     </span>
     <span class='ocr_line' id='line_1_109' title="bbox 2335 4790 2380 4828; baseline -0.044 0"><span class='ocrx_word' id='word_1_785' title='bbox 2335 4790 2380 4828; x_wconf 89' lang='lat' dir='ltr'>a.</span> 
     </span>
    </p>
   </div>
   <div class='ocr_carea' id='block_1_108' title="bbox 2267 4790 2380 4841">
    <p class='ocr_par' dir='ltr' id='par_1_108' title="bbox 2267 4790 2380 4841">
     <span class='ocr_line' id='line_1_110' title="bbox 2267 4790 2380 4841; baseline 0.018 -16"><span class='ocrx_word' id='word_1_786' title='bbox 2267 4790 2380 4841; x_wconf 87' lang='lat' dir='ltr'>pra.</span> 
     </span>
    </p>
   </div>
   <div class='ocr_carea' id='block_1_109' title="bbox 2329 4843 3568 4908">
    <p class='ocr_par' dir='ltr' id='par_1_109' title="bbox 2329 4843 3568 4908">
     <span class='ocr_line' id='line_1_111' title="bbox 2329 4843 3568 4908; baseline -0.002 -11"><span class='ocrx_word' id='word_1_787' title='bbox 2329 4849 2351 4878; x_wconf 73' lang='grc' dir='ltr'>ι</span> <span class='ocrx_word' id='word_1_788' title='bbox 2388 4847 2559 4908; x_wconf 87' lang='lat' dir='ltr'>Colb.,</span> <span class='ocrx_word' id='word_1_789' title='bbox 2632 4843 3040 4901; x_wconf 53' lang='lat' dir='ltr'>(irandorart&#39;a;</span> <span class='ocrx_word' id='word_1_790' title='bbox 3119 4844 3325 4908; x_wconf 87' lang='lat' dir='ltr'>aliquot</span> <span class='ocrx_word' id='word_1_791' title='bbox 3416 4843 3568 4907; x_wconf 86' lang='lat' dir='ltr'>editi,</span> 
     </span>
    </p>
   </div>
   <div class='ocr_carea' id='block_1_110' title="bbox 2270 4915 3182 4981">
    <p class='ocr_par' dir='ltr' id='par_1_110' title="bbox 2270 4915 3182 4981">
     <span class='ocr_line' id='line_1_112' title="bbox 2270 4915 3182 4981; baseline -0.004 -12"><span class='ocrx_word' id='word_1_792' title='bbox 2270 4918 2428 4971; x_wconf 84' lang='lat' dir='ltr'>Ches.</span> <span class='ocrx_word' id='word_1_793' title='bbox 2455 4921 2522 4969; x_wconf 90' lang='lat' dir='ltr'>al.</span> <span class='ocrx_word' id='word_1_794' title='bbox 2547 4917 2778 4981; x_wconf 82' lang='lat' dir='ltr'>glandis,</span> <span class='ocrx_word' id='word_1_795' title='bbox 2815 4927 2892 4968; x_wconf 75' lang='lat' dir='ltr'>vet</span> <span class='ocrx_word' id='word_1_796' title='bbox 2918 4915 3182 4978; x_wconf 71' lang='lat' dir='ltr'>inguinis.</span> 
     </span>
    </p>
   </div>
   <div class='ocr_carea' id='block_1_111' title="bbox 2334 4985 3932 5048">
    <p class='ocr_par' dir='ltr' id='par_1_111' title="bbox 2334 4985 3932 5048">
     <span class='ocr_line' id='line_1_113' title="bbox 2334 4985 3932 5048; baseline 0.001 -10"><span class='ocrx_word' id='word_1_797' title='bbox 2334 4989 2572 5040; x_wconf 67' lang='grc' dir='ltr'><strong>ιιιιιςει..</strong></span> <span class='ocrx_word' id='word_1_798' title='bbox 2633 4996 2682 5037; x_wconf 88' lang='lat' dir='ltr'>et</span> <span class='ocrx_word' id='word_1_799' title='bbox 2733 4988 2903 5045; x_wconf 82' lang='lat' dir='ltr'>Freb.,</span> <span class='ocrx_word' id='word_1_800' title='bbox 2940 4988 3118 5045; x_wconf 82' lang='lat' dir='ltr'>Arata,</span> <span class='ocrx_word' id='word_1_801' title='bbox 3174 4985 3336 5047; x_wconf 82' lang='lat' dir='ltr'>vulgo</span> <span class='ocrx_word' id='word_1_802' title='bbox 3380 4985 3590 5048; x_wconf 76' lang='lat' dir='ltr'>l’At‘gre,</span> <span class='ocrx_word' id='word_1_803' title='bbox 3635 4987 3796 5048; x_wconf 77' lang='lat' dir='ltr'>paulo</span> <span class='ocrx_word' id='word_1_804' title='bbox 3831 4987 3932 5048; x_wconf 80' lang='lat' dir='ltr'>inn&#39;</span> 
     </span>
    </p>
   </div>
   <div class='ocr_carea' id='block_1_112' title="bbox 2271 5056 3881 5122">
    <p class='ocr_par' dir='ltr' id='par_1_112' title="bbox 2271 5056 3881 5122">
     <span class='ocr_line' id='line_1_114' title="bbox 2271 5056 3881 5122; baseline -0.001 -11"><span class='ocrx_word' id='word_1_805' title='bbox 2271 5061 2482 5112; x_wconf 80' lang='lat' dir='ltr'>Donum</span> <span class='ocrx_word' id='word_1_806' title='bbox 2531 5057 2990 5122; x_wconf 70' lang='lat' dir='ltr'>(OhasIeau-uun)</span> <span class='ocrx_word' id='word_1_807' title='bbox 3029 5062 3142 5110; x_wconf 88' lang='lat' dir='ltr'>lere</span> <span class='ocrx_word' id='word_1_808' title='bbox 3193 5056 3352 5108; x_wconf 88' lang='lat' dir='ltr'>simul</span> <span class='ocrx_word' id='word_1_809' title='bbox 3390 5070 3512 5109; x_wconf 85' lang='lat' dir='ltr'>cum</span> <span class='ocrx_word' id='word_1_810' title='bbox 3569 5058 3688 5108; x_wconf 82' lang='lat' dir='ltr'>lacu</span> <span class='ocrx_word' id='word_1_811' title='bbox 3727 5059 3881 5110; x_wconf 88' lang='lat' dir='ltr'>Dune</span> 
     </span>
    </p>
   </div>
   <div class='ocr_carea' id='block_1_113' title="bbox 2270 5127 3894 5193">
    <p class='ocr_par' dir='ltr' id='par_1_113' title="bbox 2270 5127 3894 5193">
     <span class='ocr_line' id='line_1_115' title="bbox 2270 5127 3894 5193; baseline -0.001 -10"><span class='ocrx_word' id='word_1_812' title='bbox 2270 5137 2323 5183; x_wconf 88' lang='lat' dir='ltr'>in</span> <span class='ocrx_word' id='word_1_813' title='bbox 2379 5131 2572 5182; x_wconf 83' lang='lat' dir='ltr'>Ledum</span> <span class='ocrx_word' id='word_1_814' title='bbox 2648 5131 2714 5192; x_wconf 73' lang='lat' dir='ltr'>(te</span> <span class='ocrx_word' id='word_1_815' title='bbox 2759 5129 2897 5192; x_wconf 73' lang='lat' dir='ltr'>Loir)</span> <span class='ocrx_word' id='word_1_816' title='bbox 2955 5128 3144 5179; x_wconf 71' lang='lat' dir='ltr'>inﬂuit.</span> <span class='ocrx_word' id='word_1_817' title='bbox 3199 5129 3349 5180; x_wconf 84' lang='lat' dir='ltr'>Hunc</span> <span class='ocrx_word' id='word_1_818' title='bbox 3413 5135 3591 5180; x_wconf 80' lang='lat' dir='ltr'>tamen</span> <span class='ocrx_word' id='word_1_819' title='bbox 3652 5127 3894 5193; x_wconf 77' lang='lat' dir='ltr'>Fredega</span> 
     </span>
    </p>
   </div>
   <div class='ocr_carea' id='block_1_114' title="bbox 2269 5198 3779 5264">
    <p class='ocr_par' dir='ltr' id='par_1_114' title="bbox 2269 5198 3779 5264">
     <span class='ocr_line' id='line_1_116' title="bbox 2269 5198 3779 5264; baseline -0.003 -10"><span class='ocrx_word' id='word_1_820' title='bbox 2269 5204 2445 5254; x_wconf 86' lang='lat' dir='ltr'>locum</span> <span class='ocrx_word' id='word_1_821' title='bbox 2490 5206 2557 5252; x_wconf 91' lang='lat' dir='ltr'>de</span> <span class='ocrx_word' id='word_1_822' title='bbox 2612 5200 2761 5253; x_wconf 89' lang='lat' dir='ltr'>Duno</span> <span class='ocrx_word' id='word_1_823' title='bbox 2827 5201 3126 5252; x_wconf 74' lang='lat' dir='ltr'>Carnutum</span> <span class='ocrx_word' id='word_1_824' title='bbox 3181 5198 3409 5262; x_wconf 80' lang='lat' dir='ltr'>intelligi</span> <span class='ocrx_word' id='word_1_825' title='bbox 3459 5210 3570 5249; x_wconf 90' lang='lat' dir='ltr'>non</span> <span class='ocrx_word' id='word_1_826' title='bbox 3619 5211 3779 5264; x_wconf 84' lang='lat' dir='ltr'>posse</span> 
     </span>
    </p>
   </div>
   <div class='ocr_carea' id='block_1_115' title="bbox 2267 5270 3812 5331">
    <p class='ocr_par' dir='ltr' id='par_1_115' title="bbox 2267 5270 3812 5331">
     <span class='ocr_line' id='line_1_117' title="bbox 2267 5270 3812 5331; baseline -0.003 -7"><span class='ocrx_word' id='word_1_827' title='bbox 2267 5273 2438 5326; x_wconf 84' lang='lat' dir='ltr'>tendit</span> <span class='ocrx_word' id='word_1_828' title='bbox 2502 5271 2736 5324; x_wconf 76' lang='lat' dir='ltr'>Valesius</span> <span class='ocrx_word' id='word_1_829' title='bbox 2815 5284 2937 5322; x_wconf 87' lang='lat' dir='ltr'>cum</span> <span class='ocrx_word' id='word_1_830' title='bbox 3021 5270 3230 5322; x_wconf 85' lang='lat' dir='ltr'>Labbeo</span> <span class='ocrx_word' id='word_1_831' title='bbox 3307 5273 3361 5321; x_wconf 88' lang='lat' dir='ltr'>et</span> <span class='ocrx_word' id='word_1_832' title='bbox 3436 5273 3648 5320; x_wconf 72' lang='lat' dir='ltr'>caeteris</span> <span class='ocrx_word' id='word_1_833' title='bbox 3716 5272 3812 5331; x_wconf 87' lang='lat' dir='ltr'>qui</span> 
     </span>
    </p>
   </div>
   <div class='ocr_carea' id='block_1_116' title="bbox 2267 5341 3872 5407">
    <p class='ocr_par' dir='ltr' id='par_1_116' title="bbox 2267 5341 3872 5407">
     <span class='ocr_line' id='line_1_118' title="bbox 2267 5341 3872 5407; baseline -0.003 -11"><span class='ocrx_word' id='word_1_834' title='bbox 2267 5344 2538 5407; x_wconf 83' lang='lat' dir='ltr'>designari</span> <span class='ocrx_word' id='word_1_835' title='bbox 2567 5347 2752 5407; x_wconf 89' lang='lat' dir='ltr'>putant</span> <span class='ocrx_word' id='word_1_836' title='bbox 2783 5342 2964 5394; x_wconf 82' lang='lat' dir='ltr'>lacum</span> <span class='ocrx_word' id='word_1_837' title='bbox 3000 5354 3092 5406; x_wconf 87' lang='lat' dir='ltr'>qut</span> <span class='ocrx_word' id='word_1_838' title='bbox 3113 5344 3288 5393; x_wconf 84' lang='lat' dir='ltr'>exstat</span> <span class='ocrx_word' id='word_1_839' title='bbox 3322 5353 3492 5405; x_wconf 89' lang='lat' dir='ltr'>prope</span> <span class='ocrx_word' id='word_1_840' title='bbox 3526 5351 3759 5391; x_wconf 53' lang='lat' dir='ltr'>castrum</span> <span class='ocrx_word' id='word_1_841' title='bbox 3797 5341 3872 5391; x_wconf 81' lang='lat' dir='ltr'>Eb</span> 
     </span>
    </p>
   </div>
   <div class='ocr_carea' id='block_1_117' title="bbox 2265 5412 3900 5480">
    <p class='ocr_par' dir='ltr' id='par_1_117' title="bbox 2265 5412 3900 5480">
     <span class='ocr_line' id='line_1_119' title="bbox 2265 5412 3900 5480; baseline -0.002 -14"><span class='ocrx_word' id='word_1_842' title='bbox 2265 5417 2512 5466; x_wconf 52' lang='lat' dir='ltr'>dimensa</span> <span class='ocrx_word' id='word_1_843' title='bbox 2537 5414 2832 5478; x_wconf 60' lang='lat' dir='ltr'>(loci-dun),</span> <span class='ocrx_word' id='word_1_844' title='bbox 2863 5412 3108 5480; x_wconf 52' lang='grc' dir='ltr'>θμιιοὼυ</span> <span class='ocrx_word' id='word_1_845' title='bbox 3141 5412 3560 5468; x_wconf 80' lang='lat' dir='ltr'>Ebrodunt-nsis.</span> <span class='ocrx_word' id='word_1_846' title='bbox 3587 5423 3685 5461; x_wconf 86' lang='lat' dir='ltr'>seu</span> <span class='ocrx_word' id='word_1_847' title='bbox 3715 5424 3747 5462; x_wconf 76' lang='grc' dir='ltr'>ι</span> <span class='ocrx_word' id='word_1_848' title='bbox 3787 5412 3900 5463; x_wconf 63' lang='lat' dir='ltr'>Nov</span> 
     </span>
    </p>
   </div>
   <div class='ocr_carea' id='block_1_118' title="bbox 3654 4845 3946 4945">
    <p class='ocr_par' dir='ltr' id='par_1_118' title="bbox 3654 4845 3946 4945">
     <span class='ocr_line' id='line_1_120' title="bbox 3654 4845 3946 4945; baseline 0.014 -52"><span class='ocrx_word' id='word_1_849' title='bbox 3654 4845 3946 4945; x_wconf 68' lang='lat' dir='ltr'>granqu</span> 
     </span>
    </p>
   </div>
   <div class='ocr_carea' id='block_1_119' title="bbox 3887 4947 3948 5155">
    <p class='ocr_par' dir='ltr' id='par_1_119' title="bbox 3887 4951 3944 5155">
     <span class='ocr_line' id='line_1_121' title="bbox 3887 4951 3944 5155; baseline 0 -1"><span class='ocrx_word' id='word_1_850' title='bbox 3887 4951 3944 5155; x_wconf 57' lang='lat' dir='ltr'>ﬁl</span> 
     </span>
    </p>
   </div>
   <div class='ocr_carea' id='block_1_120' title="bbox 3828 5155 3948 5240">
    <p class='ocr_par' dir='ltr' id='par_1_120' title="bbox 3828 5155 3941 5240">
     <span class='ocr_line' id='line_1_122' title="bbox 3828 5155 3941 5240; baseline 0 0"><span class='ocrx_word' id='word_1_851' title='bbox 3828 5155 3941 5240; x_wconf 64' lang='lat' dir='ltr'>i2!</span> 
     </span>
    </p>
   </div>
   <div class='ocr_carea' id='block_1_121' title="bbox 3828 5240 3944 5378">
    <p class='ocr_par' dir='ltr' id='par_1_121' title="bbox 3828 5240 3940 5378">
     <span class='ocr_line' id='line_1_123' title="bbox 3828 5240 3940 5378; baseline 0 0"><span class='ocrx_word' id='word_1_852' title='bbox 3828 5240 3940 5378; x_wconf 58' lang='grc' dir='ltr'>ζεῦ</span> 
     </span>
    </p>
   </div>
   <div class='ocr_carea' id='block_1_122' title="bbox 3900 5378 3942 5445">
    <p class='ocr_par' dir='ltr' id='par_1_122' title="bbox 3901 5378 3936 5445">
     <span class='ocr_line' id='line_1_124' title="bbox 3901 5378 3936 5445; baseline 0 0"><span class='ocrx_word' id='word_1_853' title='bbox 3901 5378 3936 5445; x_wconf 81' lang='lat' dir='ltr'><strong>J</strong></span> 
     </span>
    </p>
   </div>
   <div class='ocr_carea' id='block_1_123' title="bbox 3882 5445 3936 5660">
    <p class='ocr_par' dir='ltr' id='par_1_123' title="bbox 3882 5445 3936 5660">
     <span class='ocr_line' id='line_1_125' title="bbox 3882 5445 3936 5660; baseline 0 0"><span class='ocrx_word' id='word_1_854' title='bbox 3882 5445 3936 5660; x_wconf 65' lang='grc' dir='ltr'>ἒ]</span> 
     </span>
    </p>
   </div>
   <div class='ocr_carea' id='block_1_124' title="bbox 2319 5694 3503 5761">
    <p class='ocr_par' dir='ltr' id='par_1_124' title="bbox 2319 5694 3503 5761">
     <span class='ocr_line' id='line_1_126' title="bbox 2319 5694 3503 5761; baseline -0.004 -10"><span class='ocrx_word' id='word_1_855' title='bbox 2319 5708 2350 5730; x_wconf 90' lang='grc'>·</span> <span class='ocrx_word' id='word_1_856' title='bbox 2384 5699 2502 5761; x_wconf 74' lang='lat' dir='ltr'>Alii,</span> <span class='ocrx_word' id='word_1_857' title='bbox 2539 5696 2943 5754; x_wconf 73' lang='lat' dir='ltr'>Wameharius.</span> <span class='ocrx_word' id='word_1_858' title='bbox 2969 5701 3061 5748; x_wconf 90' lang='lat' dir='ltr'>aut</span> <span class='ocrx_word' id='word_1_859' title='bbox 3105 5694 3503 5750; x_wconf 74' lang='lat' dir='ltr'>Warncltarim.</span> 
     </span>
    </p>
   </div>
   <div class='ocr_carea' id='block_1_125' title="bbox 2316 5763 3843 5832">
    <p class='ocr_par' dir='ltr' id='par_1_125' title="bbox 2316 5763 3843 5832">
     <span class='ocr_line' id='line_1_127' title="bbox 2316 5763 3843 5832; baseline -0.004 -9"><span class='ocrx_word' id='word_1_860' title='bbox 2316 5781 2340 5803; x_wconf 89' lang='grc'><strong>·</strong></span> <span class='ocrx_word' id='word_1_861' title='bbox 2374 5770 2459 5823; x_wconf 85' lang='lat' dir='ltr'>Sic</span> <span class='ocrx_word' id='word_1_862' title='bbox 2529 5769 2669 5822; x_wconf 89' lang='lat' dir='ltr'>dicta</span> <span class='ocrx_word' id='word_1_863' title='bbox 2725 5768 2792 5820; x_wconf 90' lang='lat' dir='ltr'>ab</span> <span class='ocrx_word' id='word_1_864' title='bbox 2850 5768 3074 5821; x_wconf 79' lang='lat' dir='ltr'>Arciaco</span> <span class='ocrx_word' id='word_1_865' title='bbox 3119 5769 3317 5832; x_wconf 87' lang='lat' dir='ltr'>oppido</span> <span class='ocrx_word' id='word_1_866' title='bbox 3374 5766 3441 5819; x_wconf 85' lang='lat' dir='ltr'>ab</span> <span class='ocrx_word' id='word_1_867' title='bbox 3478 5763 3662 5818; x_wconf 76' lang='lat' dir='ltr'>Albam</span> <span class='ocrx_word' id='word_1_868' title='bbox 3712 5765 3843 5818; x_wconf 82' lang='lat' dir='ltr'>navi</span> 
     </span>
    </p>
   </div>
  </div>
