3982 6346
258 413 371 471 (il?
410 434 429 452 ο

1693 398 2110 453 (ΣΗΗΟΝΙΕΙΣΜ.

3442 376 3539 456 δῖε

275 534 405 575 nem
436 518 606 586 ipsam
647 513 711 567 ad
744 511 1136 567 Theodericum
1178 511 1440 579 perducit.
1494 512 1857 567 Theudoricus
1889 514 1935 571 Λ
1964 511 2095 564 dum
2126 524 2245 561 cum
2277 520 2460 562 sancio
2491 510 2623 565 Urso
2649 521 2671 555 ες
2704 526 2887 581 passus
2916 513 3108 576 fuerat,
3140 532 3168 567 a
3198 519 3352 571 beato
3377 517 3537 572 dicu-

267 614 447 666 aviam
487 622 639 662 suam
682 605 1082 659 Brunichildem
1134 604 1365 659 libenter
1411 606 1697 674 recipiens,
1740 606 1860 674 glo-

269 702 415 757 riose
439 697 601 769 603
628 704 879 753 honorat.
912 695 1080 761 Hujus
1116 693 1483 750 vicissitudine
1528 698 1699 751 meriti
1751 700 1860 763 cpi,

272 804 552 863 scopatum
610 789 1153 851 Antissiodorcnsein,
1211 788 1437 841 faciente
1488 788 1858 853 Drunicliilde,

273 884 581 952 assumpsit.

349 979 448 1029 Att.
492 972 665 1028 DC.—
693 971 814 1026 XX.
845 974 1004 1025 Anno
1042 968 1074 1021 5
1102 969 1247 1039 regni
1284 968 1627 1033 Theudorici,
1671 972 1862 1025 iterum

271 1065 429 1135 signa
470 1079 587 1132 qua:
631 1078 773 1115 anno
818 1061 1093 1126 superiore
1132 1061 1242 1113 visa
1275 1060 1503 1125 fuerant,
1538 1059 1679 1127 globi
1722 1060 1861 1129 ignei

275 1170 374 1223 per
408 1155 604 1208 coelum
645 1162 947 1214 currentes,
977 1160 1032 1203 el.
1075 1151 1141 1204 ad
1174 1151 1341 1204 instar
1388 1150 1740 1205 multitudinis
1771 1152 1863 1203 ha-

273 1256 482 1299 starum
520 1245 792 1312 ignearum
822 1243 886 1295 ad
918 1242 1249 1297 occidentem
1298 1254 1680 1310 apparuerunt.
1713 1243 1862 1311 Ipso-

270 1349 381 1402 que
422 1350 564 1388 anno
585 1332 995 1387 'l‘beudebertus
1023 1341 1079 1386 et
1103 1331 1469 1386 Theudoricus
1500 1345 1650 1398 reges
1677 1341 1862 1385 contra

272 1422 646 1478 Chlotbarium
679 1436 860 1493 regem
890 1429 1108 1475 movent
1147 1422 1464 1487 exercitum,
1503 1433 1558 1476 et
1586 1436 1746 1490 super
1768 1421 1866 1475 flu-

272 1516 425 1570 vium
468 1516 775 1569 Aroannam
821 1523 872 1577 ο,
921 1528 1020 1568 nec
1071 1513 1257 1582 procul
1305 1528 1335 1566 a
1376 1514 1678 1569 Doromello
1724 1512 1861 1579 vico,

272 1606 521 1673 praelium
581 1605 930 1674 conﬂigeotes
974 1606 1290 1673 junxerunt.
1355 1604 1535 1673 Ibique
1596 1605 1865 1661 exercitus

272 1698 580 1775 Chlotbarii
628 1696 943 1767 gravissime
987 1698 1279 1753 trucidatus
1320 1706 1422 1752 est.
1468 1697 1692 1767 Ipseque
1742 1713 1863 1753 cum

275 1791 365 1844 liis
392 1790 482 1861 qui
513 1801 892 1846 remanserunt
921 1792 971 1845 in
1004 1790 1180 1861 fugam
1223 1806 1401 1857 verso,
1444 1807 1607 1862 pagos
1649 1805 1701 1849 et
1741 1794 1865 1850 civi-

1967 602 2055 653 nio
2093 599 2338 667 pontifice
2369 600 2775 654 Mauricunense
2807 600 2833 636 ¹ι
2867 604 3151 658 invenitur.
3182 607 3419 672 Quadam
3448 625 3544 666 no-

1961 698 2046 743 cte
2077 689 2127 742 in
2157 704 2250 743 sua
2282 688 2495 744 civitate
2528 692 2573 743 ei
2610 692 2873 745 reveletur
2899 709 2991 760 per
3022 698 3310 762 somnium,
3344 711 3400 754 ut
3423 715 3545 755 aura

1962 795 2094 849 gens
2127 781 2367 847 protinus
2419 784 2519 836 iret
2549 783 2611 834 ad
2648 785 2953 847 ecclesiam,
3006 804 3161 854 quani
3196 789 3486 848 Sedeleuba
3524 792 3543 835 ί

1968 875 2151 942 regina
2183 877 2235 928 in
2266 876 2572 928 suburbano
2600 878 2896 931 Genavensi
2928 891 3316 948 construxerat,
3351 884 3401 937 in
3435 902 3545 940 me-

1964 967 2052 1021 dio
2093 970 2336 1023 ecclesiae
2361 970 2639 1037 designato
2664 970 2803 1035 loco,
2841 973 2928 1025 ubi
2960 983 3200 1028 Sanctum
3231 992 3423 1043 corpus
3454 980 3548 1032 ad—

1964 1067 2129 1111 esset.
2183 1062 2423 1129 Cumque
2452 1059 2719 1115 Genavam
2766 1061 2989 1117 festinus
3038 1069 3375 1135 perrexisset,
3423 1086 3545 1125 cunt

1963 1152 2132 1206 beatis
2178 1150 2415 1205 Ru-ticio
2464 1164 2515 1206 et
2559 1151 2787 1207 Patricio
2835 1152 2848 1203 i
2908 1156 3194 1223 episc0pis,
3241 1162 3543 1217 triduanum

1960 1241 2221 1310 jejunium
2254 1242 2529 1307 facfentes,
2566 1241 2741 1295 lumen
2776 1258 2867 1310 per
2898 1252 3128 1312 noctem,
3162 1238 3408 1303 ubi‘illud
3436 1254 3548 1320 glo-

1963 1332 2166 1384 riosum
2215 1341 2269 1385 et
2306 1331 2645 1400 splendidum
2691 1346 2885 1399 Corpus
2932 1344 3068 1399 erat,
3115 1342 3379 1405 apparuit,
3410 1346 3547 1410 quod

1964 1434 2085 1475 cum
2114 1420 2326 1487 silentio
2354 1422 2404 1475 bi
2437 1430 2545 1475 tres
2578 1422 2853 1489 pontiﬁces
2905 1437 3023 1477 cum
3054 1424 3304 1495 lacrymis
3334 1442 3387 1482 et
3429 1446 3551 1485 ora-

1964 1509 2198 1565 tionibus
2239 1510 2451 1565 elevato
2482 1510 2657 1579 lapide
2707 1512 2759 1565 in
2785 1527 2907 1566 arca
2952 1527 3201 1583 argentea
3236 1518 3550 1577 invenerunt

1963 1603 2247 1667 sepultum,
2279 1600 2433 1669 cujus
2464 1599 2653 1655 faciem
2694 1604 2971 1657 rubentem
3019 1608 3168 1675 quasi
3204 1609 3306 1663 vivi
3336 1626 3550 1680 repere-
3598 1634 3601 1635 '

1964 1703 2109 1745 runt.
2168 1692 2354 1762 Ibique
2385 1694 2631 1762 princeps
2656 1693 3021 1751 Theodericus
3062 1714 3295 1765 praesens
3342 1703 3545 1773 aderat,

1970 1783 2258 1852 multisque
2300 1786 2460 1837 rebus
2492 1784 2650 1851 hujus
2693 1786 2933 1840 ecclesiae
2967 1788 3231 1857 tribuens,
3263 1796 3549 1850 maximam

271 1894 413 1938 tates
445 1885 573 1949 ripa:
600 1885 817 1952 Sigonze
843 1882 892 1946 δ,
922 1884 1011 1952 qui
1050 1898 1109 1937 se
1140 1884 1204 1936 ad
1234 1883 1603 1937 Chlothaiiuni
1636 1885 1868 1939 tradide-

1984 1883 2179 1936 partem
2226 1871 2497 1927 facultatis
2528 1872 2898 1928 Warnacharii
2948 1876 3017 1930 ibi
3042 1880 3143 1932 ’em
3193 1880 3551 1939 conﬁrmavit.

273 1984 419 2037 rant,
449 1976 844 2042 depOpulantur
870 1986 922 2027 et
952 1983 1178 2027 vastant.
1202 1974 1460 2027 Civitates
1488 1985 1678 2041 ruptas,
1702 1975 1863 2029 nimis

242 2106 247 2111 .
275 2065 502 2132 pluritas
538 2069 867 2134 captivorum
900 2066 967 2119 ab
993 2066 1229 2119 exercitu
1259 2066 1577 2120 Theuderiei
1608 2077 1663 2120 ot
1688 2067 1865 2121 Theu-

275 2156 491 2212 deberti
515 2158 710 2211 exinde
736 2158 963 2211 ducitur.
998 2157 1340 2211 Cblotharius
1368 2173 1677 2226 oppressus,
1707 2160 1867 2213 vellet

276 2248 469 2311 nollet,
499 2262 592 2312 per
620 2247 883 2316 pactionis
913 2246 1178 2300 vinculum
1223 2246 1475 2311 ﬁrmavit,
1509 2256 1563 2301 ut
1613 2248 1754 2302 inter
1780 2248 1865 2301 Si-

275 2351 474 2407 gonam
501 2349 553 2391 et
581 2336 823 2406 Ligerem
867 2352 1033 2405 usque
1080 2350 1227 2390 mare
1277 2336 1548 2392 Oceanum
1577 2346 1633 2393 et
1660 2339 1865 2393 Britan-

277 2443 474 2482 norum
516 2428 735 2483 limitem
768 2443 890 2497 pars
926 2429 1247 2483 Theuderiei
1280 2429 1527 2495 haberet;
1567 2440 1623 2485 et
1665 2447 1760 2500 per
1784 2432 1866 2487 Si-

277 2534 472 2588 gooam
496 2531 551 2573 et
576 2522 771 2574 lsaram
797 2523 1049 2574 Ducatuin
1074 2522 1337 2590 integrum
1363 2522 1625 2577 Dentelini
1652 2533 1675 2562 α
1702 2523 1867 2594 usqd'e

278 2616 555 2666 Uceanum
602 2626 751 2666 mare
794 2612 1204 2667 Tlieudebcrtus
1241 2614 1524 2682 reciperet.
1577 2614 1865 2670 Duodecim

260 2711 487 2756 tantum
515 2702 633 2771 pagi
659 2701 797 2756 inter
824 2702 1021 2756 Isarain
1054 2715 1108 2757 et
1128 2703 1381 2774 Sigonam
1412 2710 1467 2757 et
1495 2719 1643 2761 mare
1673 2704 1868 2761 littoris

279 2791 481 2846 Oceani
513 2788 824 2845 Chlotbario
851 2803 1249 2847 remanserunt.

356 2888 457 2937 Ait.
497 2898 603 2937 DCI.
623 2911 693 2921 —
712 2884 869 2937 Anno
900 2884 931 2938 6
961 2885 1106 2954 regni
1131 2884 1445 2941 Theuderiei
1475 2886 1733 2941 Cautinus
1761 2886 1865 2942 dux

282 2975 649 3029 Tlteudeberii
682 2974 1022 3033 interﬁcitur.

358 3067 455 3121 Aa.
496 3080 621 3119 non.
649 3094 721 3104 —
749 3064 887 3119 XXI.
930 3068 1086 3120 Anno
1116 3069 1144 3120 7
1177 3064 1203 3104 ἀ
1235 3068 1385 3138 regni
1429 3068 1747 3124 Theuderiei
1802 3069 1868 3123 de

281 3157 581 3212 concubina
646 3155 791 3210 ﬁlius
856 3158 1115 3223 nascitur,
1156 3158 1374 3213 nomine
1432 3158 1756 3228 Sigibertus;
1815 3169 1869 3215 et

1973 1962 2053 2016 Ad
2080 1963 2386 2032 sepulcrum
2439 1964 2568 2019 illud
2610 1973 2851 2019 sanctum
2884 1968 3031 2021 ιιιίτεῐε
3060 1970 3281 2027 virtutes
3326 1990 3389 2029 ex
3441 1976 3553 2045 ipsa

1966 2053 2074 2117 die,
2107 2070 2210 2122 qua
2255 2066 2523 2124 repertum
2568 2067 2683 2123 est,
2740 2068 3024 2126 priestante
3052 2056 3300 2131 Domino,
3348 2067 3554 2138 integra

1966 2143 2280 2198 assiduitate
2308 2146 2683 2200 ostenduntur.
2710 2148 2785 2201 Eo
2814 2162 2954 2202 anno
2970 2148 3250 2207 Etherius
3270 2157 3555 2225 epise0pus

1973 2237 2343 2305 Lugdunensis
2370 2238 2504 2293 obiit
2528 2256 2541 2294 :
2567 2239 2846 2294 ordinatur
2875 2243 2993 2297 loco
3020 2242 3189 2312 ipsius
3213 2245 3557 2307 Secundinus

1974 2326 2283 2395 episcopus.

2043 2416 2233 2471 XXIII.
2277 2418 2354 2471 Eo
2384 2433 2525 2472 anno
2553 2419 2723 2473 Focas
2752 2424 2774 2457 κ
2805 2421 2909 2475 dux
2939 2438 2985 2476 et
3020 2424 3271 2490 patricius
3301 2426 3552 2497 reipubli-

1968 2522 2066 2574 cae,
2097 2508 2266 2563 victor
2292 2525 2323 2563 a
2354 2511 2533 2565 Persis
2564 2516 2800 2579 rethcns,
2835 2506 3144 2569 Mauritiuin
3179 2518 3552 2586 imperatorem

1969 2599 2257 2667 interfecit,
2290 2610 2340 2655 et
2376 2602 2493 2656 loco
2524 2602 2693 2671 ipsius
2724 2606 3005 2673 imperium
3034 2610 3344 2679 assumpsit.

2040 2698 2141 2746 AN.
2192 2708 2338 2747 DCIII.
2362 2723 2432 2733 —
2456 2693 2642 2749 XXIV.
2678 2699 2831 2749 Anno
2873 2695 2907 2749 8
2949 2702 3095 2768 regni
3124 2700 3443 2759 Theoderici
3488 2705 3557 2761 de

1967 2786 2265 2839 concubina
2298 2789 2533 2841 nascitur
2559 2790 2606 2841 ei
2632 2788 2791 2853 ﬁlius,
2827 2792 3043 2846 immitte
3070 2792 3471 2865 Childebertus,
3502 2806 3560 2855 et

1970 2878 2210 2947 synodus
2231 2878 2511 2935 Cabillono
2529 2881 2690 2952 605
2721 2883 3008 2952 colligitur.
3043 2887 3372 2945 Desiderium
3398 2891 3558 2945 Vien-

1971 2982 2194 3022 nensem
2244 2971 2554 3039 episcopum
2595 2972 2876 3039 dejiciunt,
2927 2984 2980 3029 et
3030 2976 3315 3047 instigante
3346 2982 3553 3049 Aridio,

1972 3061 2316 3131 Lugdunensi
2345 3063 2617 3132 episcopo,
2650 3074 2703 3117 et
2733 3064 3096 3134 Brunichilde,
3125 3069 3444 3140 subrogatus
3473 3083 3557 3129 est

1971 3152 2091 3206 loco
2122 3152 2289 3221 ipsius
2326 3152 2644 3207 sacerdotali
2687 3153 2864 3208 ofﬁcio
2895 3155 3219 3223 Domnulus;
3254 3160 3556 3217 Desiderius

282 3250 463 3318 mgna
500 3259 522 3286 e
557 3250 844 3317 patricius,
892 3250 1053 3305 ηυιιίε
1096 3251 1265 3319 culpis
1312 3252 1665 3315 exstantibus.
1719 3253 1871 3306 ίηειί-
1897 3254 1945 3317 c
1974 3257 2102 3297 vero
2127 3241 2179 3295 in
2208 3241 2436 3296 insulam
2464 3242 2745 3311 quamdam
2773 3242 2961 3297 exsilio
2985 3245 3295 3321 retruditur.
3322 3248 3396 3302 Eo
3418 3266 3556 3307 anno

281 3352 444 3411 gante
486 3340 851 3405 Brunichilde,
903 3340 1094 3409 ligatus
1144 3343 1480 3412 interﬁcitur,
1520 3343 1621 3397 nisi
1665 3353 1869 3398 tantum

282 3430 593 3500 cupiditatis
638 3430 915 3495 instinctu,
947 3440 1004 3484 ut
1050 3432 1330 3486 facultates
1373 3431 1492 3501 ejus
1522 3433 1681 3487 ﬁscus
1721 3448 1873 3488 assu-

283 3532 482 3578 meret.
527 3523 602 3576 Eo
630 3537 770 3575 anno
797 3513 1205 3577 Theudebertus
1233 3532 1287 3577 et
1308 3522 1673 3578 Theodericus
1719 3538 1875 3578 exer-

282 3614 450 3670 citum
479 3622 662 3667 contra
684 3612 977 3667 \Vascones
1001 3612 1256 3683 dirigunt,
1282 3613 1553 3682 ipsosque,
1580 3612 1743 3685 604
1766 3614 1876 3671 Deo

283 3703 615 3769 auxiliante,
657 3702 897 3772 dejectos
945 3719 1058 3760 sua:
1104 3704 1454 3760 dominationi
1500 3706 1771 3775 redigunt,
1822 3716 1876 3760 et

285 3795 603 3850 tributarios
644 3795 868 3850 faciunt.
904 3796 1099 3853 Ducem
1130 3811 1292 3868 super
1320 3800 1483 3867 ipsos,
1531 3799 1747 3853 nomine
1771 3800 1875 3855 Ge-

285 3887 488 3941 nialem
509 3884 553 3951 ί,
586 3887 893 3953 instituunt,
926 3888 1014 3954 qui
1041 3904 1134 3943 eos
1164 3889 1386 3943 feliciter
1414 3889 1726 3944 dominavit.

362 3975 529 4031 XXII.
577 3977 653 4031 Eo
690 3992 833 4032 anno
874 3992 1068 4048 corpus
1116 3979 1287 4035 sancti
1316 3979 1542 4035 Victoris
1595 3980 1686 4039 oui
1731 3980 1878 4036 Salo.

284 4148 413 4190 esse
435 4132 704 4189 coiitendit
733 4133 976 4188 Cointius
1006 4133 1070 4187 ad
1102 4148 1190 4187 an.
1219 4131 1344 4196 599,
1372 4134 1511 4201 quod
1542 4133 1877 4189 Autissiodu-

285 4204 462 4260 rensis
480 4204 712 4258 Ecclesia
743 4213 869 4257 tunc
897 4218 1001 4257 non
1021 4214 1249 4268 vacaret,
1276 4204 1523 4273 quodque
1547 4204 1876 4271 Desiderius,

284 4276 382 4341 qui
418 4274 620 4343 aliquot
654 4286 835 4342 postea
882 4275 1035 4328 annis
1064 4274 1405 4328 Aunachario
1434 4276 1710 4337 successit,
1744 4290 1876 4343 pau-

286 4359 541 4414 pernon
593 4343 783 4404 fuerit,
839 4358 938 4397 nec
982 4343 1100 4414 talis
1127 4346 1215 4413 qui
1264 4343 1348 4397 bie
1399 4343 1736 4408 describitur,
1770 4345 1877 4399 imo

288 4412 656 4468 nobilissimus
681 4414 874 4467 dicitur
908 4415 959 4467 in
987 4412 1125 4467 Hist.
1148 4412 1539 4482 episcoporum
1580 4414 1874 4468 Antissiud.

285 4499 409 4553 ωρ.
434 4483 500 4538 19
528 4493 583 4537 et
605 4484 697 4547 20,
730 4493 782 4538 et
811 4499 994 4554 regum
1025 4493 1328 4554 nostrorum
1362 4485 1699 4552 prapinquus.
1732 4486 1879 4539 Obiit

287 4570 437 4609 anno
467 4554 591 4618 625,
623 4565 677 4609 et
706 4553 947 4622 sepultus
975 4566 1054 4608 est
1098 4555 1151 4607 in
1184 4553 1402 4607 basilica
1430 4556 1597 4607 sancti
1625 4556 1877 4609 Germani

1972 3336 2052 3389 sol
2080 3335 2392 3389 obscuratus
2417 3343 2520 3388 est.
2551 3333 2629 3387 Eo
2658 3349 2867 3403 quoque
2899 3345 3142 3404 tempore
3175 3339 3553 3407 Bertboaldus,

1972 3439 2168 3495 genere
2194 3423 2450 3490 Francus,
2485 3422 2657 3490 major
2697 3424 2886 3479 damus
2928 3426 3103 3492 palatii
3155 3438 3272 3482 erat
3311 3428 3557 3486 Tlieudeo

1973 3515 2108 3581 rici,
2153 3514 2390 3569 moribus
2436 3521 2803 3581 meusuratus,
2852 3516 3065 3584 sapiens
3147 3528 3207 3573 et
3244 3530 3450 3589 cautus,
3501 3525 3554 3578 in

1973 3611 2157 3679 priello
2190 3608 2366 3677 fortis,
2398 3609 2554 3665 ﬁdem
2580 3625 2701 3664 cum
2731 3611 2977 3667 omnibus
3004 3626 3247 3670 servans.

2044 3705 2143 3757 As.
2175 3718 2315 3758 nciv.
2338 3733 2409 3743 ——
2435 3707 2589 3756 Anno
2620 3706 2652 3760 9
2681 3705 2835 3777 regni
2860 3704 3180 3761 Theuderiei
3232 3710 3469 3765 nascitur
3509 3714 3557 3766 ei
3596 3696 3597 3699 ¹

1978 3796 2114 3850 ﬁlius
2142 3796 2209 3850 de
2247 3797 2571 3859 concubina,
2605 3799 2820 3853 nomine
2846 3799 3073 3854 Corbtts.
3105 3798 3238 3855 Cum
3272 3801 3382 3870 jam
3430 3804 3560 3858 Pro-

1979 3889 2151 3941 tadius
2194 3904 2392 3957 genere
2441 3890 2711 3944 Romanus
2740 3892 3082 3945 vehementer
3108 3893 3176 3948 ab
3213 3896 3461 3951 omnibus
3506 3899 3557 3952 in

1979 3980 2168 4049 palatio
2198 3989 2564 4047 teneraretur,
2588 3991 2642 4037 et
2670 3982 3026 4037 Brunichildis
3054 3986 3222 4052 stupri
3246 3987 3412 4055 gratia
3435 4004 3555 4042 eum

1980 4132 2155 4205 minus
2181 4131 2473 4205 ad‘airiium
2499 4129 2552 4183 9.
2586 4131 2748 4185 Iidem
2778 4146 2898 4184 cum
2931 4131 3062 4185 Bob.
3094 4134 3258 4187 ﬁlium
3292 4135 3433 4190 hunc
3463 4153 3559 4205 ap.

1980 4204 2181 4272 pellant
2209 4201 2563 4272 Sigobertum.

2054 4281 2078 4343 εξ
2116 4272 2266 4343 Colb.
2300 4287 2421 4343 cum
2456 4270 2722 4338 plerisque
2751 4269 2936 4343 editis,
2960 4274 3130 4343 Agite.

2054 4340 2074 4379 ί
2117 4341 2293 4406 Colb.,
2324 4338 2621 4405 Gclianem;
2654 4341 2893 4409 plerique
2918 4338 3030 4407 edi,
3064 4340 3364 4399 Gcmz'alem.

2051 4423 2075 4462 s
2118 4413 2251 4466 Bob.
2281 4422 2336 4466 et
2361 4411 2562 4483 aliquot
2598 4413 2706 4478 cd.,
2735 4410 2970 4467 Uru'one.
3007 4414 3069 4468 lli
3100 4422 3252 4466 erant
3274 4429 3337 4468 ex
3370 4429 3558 4483 perce-

1980 4483 2112 4539 Iebri
2148 4483 2498 4537 Thebanorum
2540 4482 2783 4553 legione,
2814 4499 2931 4553 qua)
2962 4485 3010 4537 in
3043 4485 3158 4539 istis
3191 4484 3428 4549 partibus
3452 4490 3559 4542 sub

1922 4586 1935 4623 ς
1984 4554 2300 4608 Maximiano
2332 4553 2579 4607 IIei-culio
2603 4552 2924 4623 inartyriiin
2954 4556 3372 4610 Consummavit.
3427 4558 3560 4612 Vide

289 4641 417 4679 cum
461 4626 585 4694 suis
604 4621 1042 4694 prace’ssoribus.
1089 4624 1295 4680 Colitur
1324 4624 1397 4677 uti
1428 4636 1644 4678 sanctus
1674 4640 1725 4679 vr
1755 4624 1872 4679 Kal.
1904 4621 1959 4681 Β
1982 4626 2112 4679 Acta
2154 4624 2446 4694 Martyrum
2480 4625 2685 4677 sincera
2706 4668 2731 4694 ,γ
2753 4621 2764 4623 ’
2790 4638 2907 4694 pag.
2941 4626 3066 4694 295,
3119 4633 3171 4679 et
3194 4627 3438 4690 Surium,
3493 4630 3561 4683 ad

287 4684 611 4750 Novembris

364 4775 395 4804 ⁸
411 4765 516 4820 Vix
539 4764 725 4820 incolis
750 4775 929 4829 notus,
953 4765 1108 4833 vulgo
1129 4765 1345 4818 Uuaine.
1374 4765 1586 4819 Lustrat
1606 4765 1875 4821 Senonum

290 4838 449 4901 ﬁnes,
479 4847 533 4890 et
558 4836 612 4891 in
641 4836 841 4902 Lupam
877 4835 946 4905 (le
961 4834 1110 4905 Laio)
1143 4835 1475 4905 immergitur
1504 4850 1668 4903 prope
1693 4837 1878 4890 Morit-

294 4917 433 4961 tum.
463 4906 848 4975 Doromellum,
882 4904 1040 4974 vulgo
1065 4904 1363 4971 Dormeille,
1394 4906 1706 4975 appellatur.
1739 4911 1875 4961 Are-

292 4991 492 5031 annam
543 4986 716 5030 tamen
743 4974 987 5046 Cointius
1018 4991 1085 5030 ex
1112 4975 1387 5031 Faucheto
1425 4974 1500 5030 ait
1544 4976 1673 5030 oriri
1714 4991 1877 5046 prope

290 5050 518 5112 =l‘recas,
551 5062 611 5099 ac
641 5060 804 5115 prope
832 5044 1105 5100 Senonum
1139 5048 1320 5100 urbem
1366 5048 1417 5100 in
1447 5048 1691 5100 lcaunam
1715 5044 1871 5101 ‘Iabi.

293 5120 353 5174 Iti
377 5115 716 5170 Testamento
741 5116 911 5171 sancti
940 5115 1321 5171 Bertichramni
1350 5120 1515 5182 episc.
1542 5115 1873 5173 Cenomann.

295 5196 627 5241 immoratur
655 5188 855 5239 Aroeua
894 5186 1157 5253 ﬂuviolus,
1209 5187 1259 5240 iii
1287 5186 1439 5255 cujus
1468 5186 1581 5255 ripa
1609 5188 1767 5243 situm
1793 5196 1880 5243 est

293 5256 543 5324 oppidum
566 5254 839 5327 Diablinlis
868 5257 1007 5323 apud
1040 5254 1434 5327 Cenomannos.

371 5327 400 5363 δ
429 5326 526 5377 Cb.
560 5327 652 5377 aL.
683 5326 968 5377 Seauauw:
1008 5342 1164 5377 uuam
1194 5328 1434 5377 Sinonem

371 5327 400 5363 δ
429 5326 526 5379 Cb.
560 5327 652 5387 aL,
683 5326 968 5394 Sequanae;
1008 5342 1164 5394 quam
1194 5326 1439 5398 Sigonam
1477 5343 1572 5382 seu
1600 5328 1874 5400 Segonam,

294 5398 391 5452 ille
421 5406 602 5449 auctor
630 5408 684 5448 ut
709 5396 993 5464 plurimum
1021 5399 1269 5463 appellat.

373 5477 399 5503 ε
432 5464 587 5522 Infra.
638 5481 754 5531 cap.
785 5466 873 5519 37.
924 5465 1086 5520 Freb.
1138 5478 1192 5520 et
1220 5466 1320 5521 Cb.
1364 5468 1460 5531 31.,
1490 5467 1778 5532 Dcnzelini,
1828 5476 1881 5520 et

294 5553 421 5606 cap.
446 5538 534 5597 "ib,
579 5536 866 5590 Danzileni.
921 5536 1384 5603 Complectebatur
1434 5539 1725 5607 regionem,
1760 5553 1881 5602 quae

288 5610 444 5681 jacet
494 5608 546 5659 in
572 5622 631 5681 er
657 5607 978 5681 Sequanam,
1024 5607 1244 5681 Isaram,
1295 5623 1391 5681 seu
1440 5607 1695 5681 Οθείδιιι,Δ
1729 5607 1884 5676 vulgo

294 5676 488 5754 τοίω,
538 5687 590 5730 ct
612 5676 864 5754 Ligerim.
897 5676 1046 5732 Unde
1073 5692 1202 5733 vero
1227 5678 1368 5734 iStud
1390 5694 1585 5735 nomen
1614 5678 1882 5746 habuerit,

240 5752 243 5759 ’
292 5748 813 5821 igti_utittnttiibiest.
865 5816 900 5821 _
972 5818 979 5821 Α
1106 5819 1113 5821 λ
1819 5772 1822 5774 η

370 5817 397 5856 J
433 5817 564 5871 Cod.
599 5818 748 5870 (Lolli.
778 5826 832 5871 et
864 5816 1049 5887 Freh.,
1081 5819 1229 5875 Anna
1254 5822 1321 5879 vi.
1354 5830 1406 5877 et
1435 5822 1510 5877 sic
1540 5835 1646 5876 uno
1674 5834 1887 5888 semper

616 5930 885 5992 Ρλτιιοι.
940 5932 1165 5992 LXXI.

1980 4696 2121 4750 diem
2151 4693 2218 4747 5‘.)
2248 4692 2522 4768 septeittb.
2574 4692 2897 4768 Solodururii
2943 4692 3093 4768 urbs,
3126 4696 3284 4766 vulgo
3320 4698 3557 4768 Solem'e,

1980 4776 2139 4834 eaput
2181 4773 2265 4818 est
2314 4766 2430 4834 pagi
2483 4765 2816 4834 cognominis
2858 4765 3239 4821 Helvetiorum
3272 4765 3563 4824 catholico;

1983 4852 2123 4890 rum.

2052 4904 2281 4960 llMallet
2329 4906 2571 4961 Valesius
2613 4905 2789 4973 legere
2829 4903 3045 4958 .Eom‘o.
3098 4902 3217 4972 Ipse
3263 4921 3395 4959 vero
3441 4921 3562 4962 sese

1983 4975 2266 5029 Ilicom'um
2290 4978 2523 5045 appellat
2553 4980 2605 5031 in
2630 4990 2785 5031 conc.
2817 4977 3019 5029 Matisc.
3053 4992 3066 5027 I
3095 4986 3149 5028 et
3173 4990 3232 5039 u,
3261 4976 3456 5044 quibus
3482 4978 3565 5031 in-

1985 5046 2183 5101 terfuit.
2218 5047 2427 5100 Primus
2456 5046 2552 5100 fuit
2581 5046 2737 5115 hujus
2768 5046 2912 5100 sedis
2936 5045 3237 5115 episcopus.

2064 5115 2078 5187 ἱ
2106 5117 2230 5170 11ωο
2253 5115 2348 5169 fuit
2375 5131 2529 5187 soror
2548 5117 2830 5171 Chlotildis
2854 5131 3031 5187 nitoris
3050 5116 3341 5171 Cblodovei
3364 5115 3560 5187 Magni.

1986 5186 2117 5241 Vide
2146 5187 2369 5255 Gregor.
2401 5186 2534 5240 llist.
2567 5188 2658 5240 lib.
2682 5202 2865 5255 ii,cap.
2887 5185 2978 5241 “28.

2060 5261 2073 5305 i
2115 5258 2240 5319 Alii,
2289 5255 2498 5309 Rustico
2528 5264 2575 5307 et
2610 5257 2850 5321 Patrico;
2884 5259 3072 5312 melius
3105 5258 3241 5313 forte
3264 5260 3483 5314 Rustico
3514 5272 3569 5315 et

1988 5326 2233 5399 Patricio.
2270 5325 2552 5399 Utriusque
2580 5327 2776 5399 nudum
2807 5344 3000 5383 nomen
3031 5330 3288 5384 exstat‘iu
3320 5335 3563 5399 catalogo

1989 5398 2155 5465 episc.
2186 5396 2607 5461 Genavensium;
2660 5397 3124 5454 alteruter-tamen
3157 5399 3320 5455 fuisse
3350 5396 3561 5455 videtur

1988 5466 2268 5537 episcopus
2296 5466 2679 5522 Octodurensis
2710 5482 2802 5518 seu
2828 5466 3179 5524 Sedttncnsis.

2061 5535 2088 5574 κ
2123 5539 2230 5591 lluc
2261 5541 2372 5605 ipso
2400 5553 2541 5591 anno
2562 5537 2755 5591 Phocai
2790 5537 2992 5604 imperii
3025 5539 3230 5593 initium
3262 5541 3482 5595 habetur
3508 5540 3561 5595 in

1991 5609 2347 5665 instrumento
2378 5608 2608 5677 publico,
2656 5606 2798 5680 quod
2830 5608 3010 5662 Romae
3039 5625 3077 5680 ag
3093 5619 3279 5663 sancto
3306 5608 3564 5680 Gregorio

1993 5680 2383 5747 promulgatum
2424 5689 2534 5741 est;
2586 5678 2991 5732 undelirmatur
3036 5678 3376 5746 chronologia
3406 5678 3563 5748 Quam

1993 5749 2080 5802 hic
2107 5752 2400 5815 sequimur.
2428 5750 2608 5802 Exstat
2634 5748 2784 5802 initio
2813 5749 2934 5805 Iibii
2962 5763 3017 5803 ιι
3045 5749 3389 5816 cpistolarum
3422 5750 3567 5817 ejus-

1994 5818 2115 5873 dem
2148 5820 2428 5873 pontiﬁcis.

3094 5932 3174 5993 20

2152 6008 2241 6015 -ρην-
