3982 6346
449 389 551 446 .9

1649 386 2067 450 FBEDEGARII
2107 385 2547 442 SCIIOIASTICI

3614 391 3726 447 620

449 507 605 559 vellet
660 503 946 557 honoribus
1000 502 1238 557 exaltare
1266 522 1280 567 ;
1343 502 1591 555 defuncto
1654 501 2032 556 Wandalmaro
2063 505 2108 559 Λ
2143 518 2263 568 pars
2288 505 2556 558 exercitus
2580 502 2896 560 Thcnderici
2925 504 3249 574 transierat,
3279 504 3468 560 initum
3491 512 3576 562 est
3598 521 3728 575 pro

447 597 600 655 duce,
636 595 684 648 in
733 609 868 664 pago
915 592 1296 650 Ultra-Jurano
1328 602 1381 648 et
1428 593 1803 662 Scotingornm
1836 605 1859 630 ιι
1895 595 2023 646 Pro-

449 686 618 739 tadins
652 685 901 752 patricius
929 685 1210 740 ordinatur
1254 684 1594 754 instigatione
1650 684 2024 737 Brunichildis.

447 776 515 832 Ut
544 777 865 832 Bertoaldus
896 779 1066 846 potius
1114 777 1388 841 interiret,
1422 790 1544 829 eum
1580 776 1637 828 in
1686 778 1854 840 ripam
1890 777 2032 842 Sign-

447 885 568 923 nam
601 883 767 936 usque
797 870 1063 922 Oceanum
1098 882 1243 921 mare
1274 882 1365 935 per
1397 881 1559 936 pagos
1587 878 1639 919 et
1668 865 1909 920 civitates
1942 866 2032 918 lis-

446 977 566 1014 cutn
596 958 966 1028 inquirendum
989 958 1240 1028 dirigunt.

520 1054 683 1108 XXV.
720 1053 1029 1108 Bertoaldus
1057 1067 1086 1105 a
1116 1051 1458 1106 Theoderico
1487 1050 1619 1122 [Αι.,
1644 1049 1710 1102 ad
1736 1046 2033 1102 Theuderi-

447 1145 590 1214 cum]
618 1145 875 1210 directus,
903 1159 1024 1198 cum
1057 1144 1311 1198 trecentis
1358 1151 1560 1200 tantum
1594 1141 1719 1194 viris
1766 1139 1870 1193 illis
1916 1153 2035 1207 par-

449 1237 590 1290 tibus
618 1236 952 1305 properavit;
986 1249 1214 1302 cumque
1255 1232 1322 1288 ad
1367 1233 1561 1286 Arelao
1587 1229 1614 1268 δ
1649 1230 1824 1284 villam
1856 1230 2034 1283 venis-

449 1338 558 1390 set,
590 1337 645 1383 et
677 1330 1013 1382 venationem
1045 1326 1172 1380 inibi
1204 1335 1517 1392 exerceret,
1548 1323 1666 1377 hazc
1701 1323 2037 1390 comperiens

451 1418 819 1483 Chlotltarius,
851 1418 1013 1470 lilium
1043 1431 1196 1470 suum
1229 1416 1528 1470 Meroveum
1555 1423 1610 1468 et
1637 1411 1984 1466 Landericum
2012 1419 2034 1447 ο

450 1512 709 1578 majorem
739 1510 930 1563 domus
973 1523 1095 1562 cum
1141 1507 1380 1562 exercitu
1418 1507 1492 1560 ad
1534 1503 1870 1559 Bertoaldum
1913 1517 2036 1571 pre-

456 1602 708 1656 mendum
735 1599 963 1665 direxit;
993 1608 1047 1654 et
1075 1600 1358 1652 maximam
1390 1605 1594 1665 partem
1623 1596 1759 1649 inter
1786 1593 2036 1662 Sigonam

452 1703 506 1745 et
539 1692 778 1760 Ligerem
828 1705 989 1760 pagos
1019 1699 1072 1744 et
1107 1689 1345 1744 civitates
1386 1687 1453 1742 de
1501 1701 1666 1756 regno
1714 1685 2037 1740 Tlieuderici

451 1783 789 1852 prmsuinpsit
840 1791 1027 1837 contra
1078 1793 1290 1850 pactum
1341 1779 1656 1849 pervadere.
1717 1775 2035 1831 Bertoaldus

451 1877 566 1931 lucc
613 1875 853 1942 audiens,
887 1889 1006 1928 cum
1038 1872 1302 1928 sustinere
1351 1886 1457 1926 non
1488 1869 1836 1939 prtevaleret,
1889 1877 2034 1937 terga
2071 1877 2115 1938 Β

453 1981 692 2034 vertens,
726 1968 1026 2024 Aurelianis
1067 1966 1382 2036 ingreditur,
1418 1965 1595 2034 ibique
1624 1978 1654 2016 a
1685 1963 1801 2016 viro
1845 1962 2041 2016 beatis-

451 2066 588 2116 simo
619 2060 871 2116 AuStrino
911 2059 1163 2129 cpiscOpo
1211 2056 1516 2124 suscipitur.
1567 2053 1892 2109 Landericus
1920 2067 2040 2106 cum

452 2154 689 2208 exercitu
714 2150 1014 2206 Aurelianis
1043 2147 1386 2203 circumdans
1407 2144 1632 2200 vocabat
1661 2144 2002 2198 Bertoaldnm
2025 2182 2040 2208 ,

454 2257 509 2297 nt
541 2243 713 2297 exiret
759 2241 822 2294 ad
858 2239 1116 2308 praelium.
1156 2236 1470 2293 Bertoaldus
1499 2236 1568 2290 de
1619 2248 1773 2289 muro
1817 2248 2040 2302 respon-

451 2336 582 2389 dens
608 2351 620 2386 :
649 2333 814 2404 606
844 2331 951 2386 Nos
982 2330 1086 2383 duo
1116 2329 1385 2397 singulare
1423 2335 1727 2391 certamen,
1761 2327 1806 2380 si
1837 2339 1923 2380 me
1951 2340 2042 2379 ex-

451 2435 692 2493 spectare
731 2423 1022 2487 deliberas,
1064 2420 1263 2488 reliqua
1307 2417 1646 2473 multitudine
1690 2416 1872 2485 procul
1919 2429 2042 2471 sus-

451 2531 650 2586 pensa,
680 2514 964 2582 jungamus
993 2511 1055 2564 ad
1087 2510 1351 2580 przelium.
1379 2512 1420 2563 A
1465 2508 1689 2562 Domino
1715 2506 2039 2576 judicemur.

450 2607 558 2663 Sed
591 2607 706 2660 hrec
735 2604 1060 2659 Lanileiicus
1090 2602 1267 2656 facere
1295 2599 1519 2654 distulit.
1553 2599 1770 2653 Addens
1801 2597 2040 2652 Bertoal-

450 2699 551 2752 dus
581 2696 724 2752 dixit
748 2713 760 2748 :
787 2694 920 2748 Dum
949 2693 1124 2746 facere
1151 2705 1257 2746 non
1287 2689 1472 2756 audes,
1502 2688 1750 2758 proximo
1779 2698 2042 2754 tempore,

451 2787 654 2843 domini
697 2785 863 2840 nostri
903 2797 998 2851 pro
1044 2781 1108 2837 iis
1148 2797 1266 2852 qua:
1308 2780 1480 2836 facitis
1515 2780 1744 2851 jungent
1788 2779 1865 2834 ad-
1907 2794 2043 2848 pra:-

452 2883 605 2937 lium.
639 2880 927 2934 lnduamur
972 2886 1214 2947 uterque,
1248 2889 1347 2945 ego
1376 2883 1430 2930 et
1459 2882 1546 2943 tu,
1577 2874 1817 2929 vestibus
1848 2873 2044 2928 vermi-

451 2975 552 3028 clis
575 2969 626 3039 δ,
656 2971 1022 3039 prmcedamus
1052 2977 1277 3024 cmteros
1307 2966 1396 3021 ubi
1428 2980 1745 3036 congressus
1790 2966 1896 3020 erit
1925 2980 2041 3021 cer-

453 3065 702 3132 taminis;
732 3064 932 3133 ibique,
955 3071 1008 3117 et
1033 3075 1147 3116 mea
1175 3069 1230 3115 et
1254 3067 1342 3112 tua
1371 3057 1648 3128 apparebit
1675 3056 1899 3125 utilitas,
1930 3074 2046 3128 pro-

453 3163 727 3215 mittentes
755 3166 882 3213 ante
911 3155 1079 3210 Deum
1109 3153 1177 3208 ab
1207 3151 1433 3208 invicem
1480 3149 1852 3222 promissionis
1881 3150 2042 3221 hujus

455 3254 733 3308 veritatem
766 3248 1078 3304 subsistere.

525 3342 715 3399 XXVI.
745 3340 984 3410 Cumque
1010 3337 1191 3392 hocin
1221 3334 1306 3391 die
1335 3336 1454 3391 festi
1483 3336 1656 3390 sancti
1696 3335 1903 3391 Martini
1942 3349 2039 3389 an-

456 3437 638 3492 tistitis
684 3443 860 3488 actum
901 3429 1116 3494 fuisset,
1158 3426 1631 3494 Thendericusque
1663 3428 1776 3479 haec
1820 3440 2038 3494 compe-

457 3532 646 3594 risset,
677 3525 820 3596 quod
847 3538 878 3578 a
907 3520 1216 3578 Chlothario
1248 3534 1367 3588 pars
1415 3519 1565 3588 regni
1587 3517 1669 3571 sui
1693 3527 1882 3572 contra
1914 3530 2041 3584 pac-

457 3630 569 3673 ttnn
600 3615 774 3672 fuerat
803 3627 1046 3683 pervasa,
1077 3612 1354 3667 nativitate
1399 3609 1606 3664 Domini
1646 3609 1888 3678 protinus
1917 3622 2041 3663 cum

460 3712 696 3768 exercitu
724 3709 973 3777 Stampas
1005 3715 1028 3743 ε
1058 3721 1151 3776 per
1182 3705 1398 3759 ﬂuvium
1432 3704 1539 3758 Loa
1566 3703 1834 3772 pervenit,
1866 3701 2044 3769 ibique

460 3808 670 3861 obviam
699 3803 975 3858 Meroveus
1006 3801 1146 3855 filius
1175 3798 1470 3854 Chlotharii
1505 3795 1664 3865 regis,
1696 3810 1816 3851 cum
1848 3795 2045 3850 Laude-

461 3899 571 3955 rico
612 3905 666 3951 et
695 3909 886 3964 magno
913 3891 1150 3946 exercitu
1183 3889 1347 3944 venit.
1377 3885 1508 3942 Cum
1538 3897 1681 3942 esset
1709 3894 1887 3940 arctus
1927 3899 2045 3953 per-

461 3989 628 4047 vius‘
664 3989 772 4057 ille,
805 3987 896 4043 ubi
945 3985 1054 4042 Loa
1107 3984 1300 4039 fluvius
1351 3991 1728 4048 transmeatur,
1759 3981 1845 4035 vix
1891 3982 2044 4035 tertia

538 4179 562 4206 η
595 4167 956 4234 Scotingorum
985 4176 1080 4234 seu
1115 4159 1479 4234 Scutirtgorttni
1526 4155 1644 4234 pagi
1675 4154 1834 4234 situm
1884 4155 2045 4209 disci-

465 4257 582 4294 mus
610 4255 675 4293 ex
707 4225 821 4290 Vita
852 4235 1018 4287 sancti
1049 4230 1278 4285 Anatolii
1300 4225 1579 4298 episcopi,
1609 4225 1911 4281 Salinarum
1947 4241 2048 4350 ga-

465 4311 600 4350 mma
660 4322 778 4350 mm
807 4306 963 4350 habet
994 4301 1254 4350 Scodinaa
1285 4304 1338 4350 in
1366 4298 1642 4350 Scantinia.
1670 4297 1754 4348 ubi
1785 4312 1920 4349 nunc
1990 4314 2046 4348 a-

464 4311 602 4365 troni
621 4351 635 4373 ,
660 4322 778 4376 qua:
807 4301 1254 4376 habet_Scodinga
1285 4297 1642 4376 in’Sequania,
1670 4297 1754 4348 ubi
1785 4312 1920 4376 nunc
1947 4297 2046 4350 Sa-

464 4367 867 4436 anariun'locus.
897 4373 1090 4428 Salmze
1117 4367 1264 4434 vero,
1291 4367 1668 4439 vulgo‘Salins,
1695 4367 1944 4434 Oppidum
1966 4377 2048 4421 est

467 4455 529 4504 ad
577 4450 814 4502 Furicam
847 4457 1056 4497 amnem
1105 4443 1155 4493 in
1205 4441 1531 4510 Burgundire
1561 4439 1814 4492 comitatu
1864 4439 2044 4491 Dolam

465 4525 605 4573 inter
647 4527 701 4570 et
743 4516 1154 4573 Vesontionem,
1184 4509 1330 4577 quod
1356 4509 1818 4562 arcbidiaconatus
1846 4522 2045 4572 coiino-

470 4591 627 4646 minis
668 4597 750 4639 est
792 4589 973 4649 caput.
1010 4580 1140 4633 Vide
1186 4582 1425 4632 notitiam
1475 4577 1667 4631 Valesii
1713 4578 1778 4629 ad
1829 4579 2044 4631 verbum

468 4658 722 4725 Sculingi.

542 4730 566 4765 ὴ
604 4715 741 4778 Εᾶηῑ
791 4723 1067 4790 plerique,
1101 4720 1372 4783 Arelaum,
1424 4717 1553 4770 Boh.
1599 4727 1651 4771 et
1696 4715 1895 4774 Chesn.
1926 4734 2045 4773 cum

472 4798 739 4861 Aimoinn,
774 4795 1113 4856 Arelaunum,
1139 4791 1280 4858 quod
1309 4803 1500 4861 nomen
1526 4797 1641 4842 erat
1667 4791 1812 4842 silvm
1835 4801 1884 4844 et
1910 4792 2050 4845 villa:

470 4871 630 4940 regia:
655 4859 814 4940 haud
860 4866 1112 4940 procula
1147 4859 1538 4940 Foritattelletisi
1571 4863 1891 4940 monasterio
1931 4877 2050 4926 per-

471 4930 670 4995 celebri
711 4930 956 4991 diwcesis
999 4931 1459 5001 Rothomagensis,
1505 4930 1556 4983 in
1589 4932 1860 4998 peninsnla
1891 4947 2047 4999 quam

473 5014 713 5080 Sequana
739 5008 1006 5080 efformat.
1030 5005 1161 5080 Vide
1186 5004 1280 5080 lib_.
1311 5016 1360 5054 tv
1389 5001 1455 5054 de
1484 5001 1562 5055 Re
1591 5001 1951 5080 diplomatica.
1971 5004 2051 5080 _At

473 5071 589 5133 aliis
619 5079 844 5134 fortasse
872 5077 1133 5153 videbitur
1164 5073 1420 5153 majorem
1449 5085 1579 5151 esse.
1614 5071 1777 5153 inter“
1801 5073 1946 5153 hunc
1970 5072 2048 5153 Io-

473 5167 591 5204 cuin
618 5159 672 5202 et
695 5147 1007 5203 Gennabum
1051 5142 1386 5206 distantiam,
1417 5152 1470 5194 ut
1497 5142 1691 5196 exinde
1741 5142 2049 5198 Bertoaldus

475 5216 1419 5290 l'ugienssese‘intraAurelianenses
1451 5227 1629 5290 muros
1660 5213 1940 5280 receperit.

552 5282 783 5354 s-(Zolb.,
812 5287 1153 5351 Landricum;
1180 5284 1299 5348 alii,
1335 5282 1692 5354 Landericum.

551 5363 576 5397 ιι
608 5360 695 5414 Sic
740 5373 867 5412 mss.
899 5369 951 5412 et
978 5357 1136 5421 editi,
1167 5365 1357 5424 printer
1405 5353 1686 5424 tjhesn.et
1725 5354 1913 5418 Freh.,
1940 5370 2052 5406 vcr-

477 5434 664 5485 miolis.
693 5430 860 5496 Quam
889 5443 1071 5482 vocem
1099 5423 1375 5496 Aimoinus
1403 5423 1579 5478 habet.
1606 5423 1702 5496 _II_ic
1731 5433 1904 5496 tamen
1935 5441 2052 5478 ver-

480 5494 789 5558 tnicnlatum
813 5499 1048 5553 colorem
1074 5494 1337 5564 designari
1367 5501 1548 5559 putant
1569 5494 1666 5564 viri
1689 5494 1908 5560 eruditi,
1935 5511 2054 5562 qua:

479 5591 579 5624 γυκ
627 5572 826 5639 passim
856 5569 993 5637 apud
1023 5563 1268 5621 auctores
1310 5566 1561 5639 occurrit.
1595 5563 1728 5639 llinc
1771 5569 2052 5620 vernacula

481 5661 580 5695 vox
615 5633 817 5694 uermeil
846 5655 866 5694 :
893 5633 1068 5693 vestes
1097 5647 1273 5688 autem
1304 5633 1592 5698 vermiclaz,
1644 5633 1693 5684 id
1741 5643 1822 5687 est
1862 5651 2057 5704 purpu-

481 5728 606 5775 reae,
639 5722 728 5765 ant
756 5710 1031 5764 scarletea:
1067 5707 1379 5774 (d‘e‘carlate)
1399 5706 1488 5775 sic
1520 5706 1767 5757 dicuntur
1794 5710 1939 5772 quasi
1969 5722 2059 5760 co-

485 5773 608 5833 luris
637 5781 932 5834 vermieuli.
969 5780 1029 5830 I'It
1069 5773 1280 5845 Quidetn
1314 5776 1363 5827 in
1397 5773 1508 5827 Vita
1542 5775 1714 5829 Caroli
1765 5777 1934 5844 Magni
1967 5779 2055 5831 uhi

488 5853 802 5903 desciibitur
832 5843 1156 5916 antiquorum
1198 5843 1515 5898 Francorum
1549 5855 1756 5901 ornatus
1787 5843 1869 5900 vel,
1906 5865 2057 5916 paru-

2133 593 2296 659 linm;
2329 594 2504 661 ibique
2535 593 2844 648 Bertoaldns
2891 594 3186 650 secundum
3232 593 3484 663 placitum
3527 607 3727 666 aggre-

2133 687 2296 751 ditur,
2329 686 2570 739 vocitans
2603 685 2978 740 Landericum.
3008 686 3112 741 Sed
3154 685 3479 741 Landerieus
3508 700 3615 742 non
3643 696 3728 741 est

2134 794 2320 843 ausus,
2355 791 2408 832 nt
2458 778 2806 848 promiserat,
2839 787 3038 831 tantam
3071 778 3231 846 hujus
3257 776 3568 833 certaminis
3597 794 3728 832 con-

2134 872 2466 940 gressionem
2498 871 2668 925 adire.
2708 870 2890 939 Ibique
2923 870 3232 924 Bertoaldus
3265 885 3386 924 cum
3433 869 3592 924 nimis
3620 884 3730 925 cz-

2136 969 2280 1016 teros
2309 964 2670 1030 prteccssisset
2692 1004 2706 1027 ,
2753 961 2822 1014 ab
2851 963 3090 1018 exercitu
3119 962 3416 1017 Chlotharii
3459 961 3582 1016 c'um
3615 961 3731 1017 suis

2136 1050 2481 1106 interficitur:
2514 1067 2615 1106 nec
2653 1052 2857 1106 vellens
2901 1052 3094 1107 exinde
3137 1051 3371 1108 evadere
3430 1050 3556 1106 dum
3605 1066 3732 1105 sen-

2136 1151 2280 1197 serat
2311 1158 2370 1197 se
2400 1143 2466 1197 de
2495 1143 2574 1196 sui
2608 1142 2806 1212 gradus
2850 1143 3054 1198 honore
3081 1157 3110 1195 a
3156 1142 3404 1197 Protadio
3431 1142 3732 1211 degradan-

2139 1233 2285 1286 dum.
2320 1233 2502 1303 Ibique
2533 1234 2813 1288 Meroveus
2846 1234 2986 1288 filius
3015 1233 3308 1288 Chlotharii
3339 1233 3564 1301 capitur,
3600 1234 3731 1287 Lan-

2139 1323 2352 1378 derieus
2379 1323 2434 1378 in
2473 1322 2650 1394 fugam
2683 1339 2870 1380 versus
2898 1334 3010 1389 est,
3046 1323 3209 1378 nimia
3249 1324 3533 1379 multitudo
3575 1339 3732 1380 exer-

2140 1414 2277 1468 citus
2308 1413 2603 1469 Chlotbarii
2657 1415 2710 1469 in
2755 1430 2822 1469 eo
2865 1415 3049 1484 przelio
3101 1416 3276 1485 gladio
3316 1415 3577 1470 trucidata
3622 1426 3731 1472 est.

2140 1503 2505 1559 Theudericus
2530 1505 2699 1558 victor
2725 1503 2956 1558 Parisios
2980 1504 3293 1574 ingreditur,
3321 1503 3732 1560 Theudebertus

2144 1611 2330 1664 pacem
2372 1611 2492 1650 cum
2541 1596 2854 1650 Chlothario
2903 1595 3235 1664 Compendio
3275 1595 3400 1650 villa
3450 1597 3630 1662 inivit;
3676 1605 3732 1650 et

2143 1697 2372 1756 uterque
2423 1688 2695 1744 exercitus
2747 1701 2933 1743 eorum
2984 1687 3144 1757 607
3199 1688 3398 1742 illmsns
3452 1687 3611 1743 rediit
3663 1685 3731 1740 ad

2143 1780 2378 1848 propria.

2218 1871 2317 1924 AN.
2342 1884 2461 1925 nev.
2485 1899 2554 1908 —
2577 1868 2788 1924 XXVII.
2817 1870 2970 1924 Anno
3000 1869 3063 1924 10
3084 1870 3230 1940 regni
3258 1868 3572 1925 Theuderici
3602 1868 3732 1924 Pro-

2141 1959 2335 2025 tadius,
2385 1959 2668 2027 instigante
2715 1960 3072 2020 Brunlchilde.
3106 1960 3438 2015 Thenderico
3478 1959 3733 2029 jnbente,

2144 2052 2314 2119 major
2354 2052 2544 2106 domus
2592 2052 2955 2108 substituitur.
3002 2054 3102 2119 Qui
3149 2068 3269 2108 cum
3320 2063 3464 2107 esset
3510 2051 3735 2107 nimium

2143 2144 2539 2212 argutissimas,
2568 2156 2622 2199 et
2666 2156 2916 2200 strenuus
2962 2147 3012 2199 in
3060 2146 3286 2210 cunctis,
3318 2146 3410 2200 sed
3457 2160 3599 2199 szeva
3653 2144 3734 2198 illi

2144 2236 2242 2290 fuit
2291 2245 2476 2291 contra
2532 2251 2789 2306 personas
2844 2237 3128 2305 iniquitas,
3185 2236 3314 2291 fisco
3367 2237 3584 2291 nimium
3633 2236 3735 2289 tri-

2144 2329 2314 2384 buens
2343 2337 2388 2394 8,
2421 2329 2488 2383 de
2519 2328 2676 2383 rebus
2706 2344 3054 2397 personarum
3093 2329 3368 2399 ingeniose
3413 2330 3599 2382 liscum
3631 2328 3736 2380 vel-

2145 2419 2258 2474 lens
2298 2418 2543 2493 implere,
2579 2429 2633 2474 et
2661 2419 2898 2487 seipsum
2925 2419 3119 2474 ditare.
3152 2420 3512 2486 Quoscunque
3536 2433 3735 2486 genere

2144 2508 2348 2564 nobiles
2379 2509 2664 2578 reperiret,
2697 2519 2836 2564 totos
2866 2509 3148 2565 humiliare
3177 2509 3490 2572 conabatur,
3525 2519 3583 2563 ut
3616 2511 3734 2563 nn!-

2145 2601 2226 2655 lus
2280 2603 2603 2671 reperiretur
2651 2601 2742 2671 qui
2788 2601 3012 2670 gradum
3064 2616 3222 2670 quem
3279 2598 3581 2668 arripuerat
3630 2615 3732 2669 po-

2145 2693 2336 2749 tuisset
2359 2707 2652 2747 assumere.
2678 2693 2772 2747 llis
2793 2702 2846 2746 et
2866 2692 2984 2745 aliis
3010 2692 3172 2746 nimia
3195 2692 3482 2761 sagacitate
3502 2696 3733 2756 vexatis,

2145 2785 2373 2838 maxime
2396 2792 2616 2838 cunctos
2646 2784 2696 2838 in
2725 2799 2890 2853 regno
2923 2785 3239 2853 Bnrgnndiae
3268 2784 3398 2838 fecit
3425 2783 3521 2838 sibi
3553 2784 3736 2837 inimi-

2145 2888 2256 2929 cos.
2288 2877 2420 2930 Cum
2467 2876 2823 2931 Brunichildis
2871 2887 3119 2945 nepotem
3155 2891 3308 2929 suum
3340 2875 3734 2930 Theudericum

2147 2973 2351 3041 integra
2399 2971 2714 3025 assiduitate
2761 2979 3034 3030 moueret,
3069 2977 3126 3022 ut
3169 2978 3354 3022 contra
3387 2968 3734 3023 Theudeber-

2147 3075 2255 3119 tum
2279 3073 2517 3118 moveret
2537 3062 2836 3117 exercitum
2857 3102 2872 3127 ,
2895 3061 3080 3116 dicens
3106 3078 3118 3113 :
3145 3059 3306 3127 Quasi
3329 3059 3735 3115 Theudebertns

2147 3171 2252 3210 non
2282 3164 2425 3210 esset
2456 3155 2592 3208 filius
2638 3152 2962 3209 ChLItleberti
2998 3155 3046 3216 δ,
3081 3153 3180 3206 nisi
3215 3151 3493 3221 cujusdam
3541 3151 3734 3205 hortu-

2067 3256 2114 3320 ρ
2146 3250 2288 3316 lani,
2335 3258 2390 3303 et
2437 3247 2717 3303 Protadius
2763 3245 2861 3314 ipsi
2913 3260 3126 3315 quoque
3170 3244 3396 3300 consilio
3448 3243 3732 3310 assistens,

2148 3343 2360 3397 tandem
2388 3342 2540 3410 jussu
2587 3339 2907 3395 Theuderici
2961 3350 3214 3394 movetur
3259 3339 3546 3392 exercitus.
3579 3337 3735 3405 Quod

2145 3449 2266 3488 eum
2317 3431 2456 3497 loco,
2509 3432 2720 3486 nomine
2764 3427 3141 3495 Caraciacoi,
3195 3429 3562 3484 Theudericus
3609 3443 3736 3482 enm

2145 3527 2381 3582 exercitu
2430 3535 2604 3578 castra
2655 3531 2942 3587 metasset,
2995 3523 3307 3577 hortabatur
3411 3536 3442 3576 a
3491 3519 3736 3576 Ieudibus

2145 3621 2276 3683 suis,
2309 3629 2364 3673 ut
2411 3633 2534 3674 cum
2583 3616 2958 3671 Theudeberto
3004 3631 3186 3685 pacem
3219 3616 3397 3670 iniret.
3454 3615 3736 3669 Protadins

2146 3711 2388 3780 singulus
2467 3705 2836 3771 hortabaturi,
2869 3715 2924 3761 ut
2977 3708 3220 3776 praelium
3277 3707 3736 3762 committeretur.

2147 3802 2558 3858 Theudebertus
2586 3814 2683 3853 nec
2715 3799 2898 3867 procul
2942 3813 3062 3852 cum
3094 3799 3332 3853 exercitu
3378 3799 3574 3853 exinde
3604 3799 3739 3851 resi-

2147 3895 2324 3951 debat.
2357 3894 2508 3949 Tunc
2537 3895 2711 3949 omnis
2753 3892 3019 3948 exercitus
3047 3893 3369 3949 Theudorici
3400 3895 3611 3949 inventa
3645 3909 3738 3948 oc-

2147 3987 2362 4042 casione
2402 3999 2562 4054 supra
2603 3983 2908 4038 Protadium
2956 3983 3201 4051 irruunt,
3241 3983 3482 4039 dicentes
3537 3983 3734 4038 melius

2149 4172 2293 4227 tum,
2327 4161 2463 4214 inter
2503 4169 2722 4214 caeteras
2751 4167 2926 4216 vestes
2968 4166 3312 4215 recensentur
3353 4157 3584 4230 (aeriam:
3612 4174 3739 4212 cru-

2150 4233 2281 4286 rales
2312 4233 2672 4284 vermiculate.

2225 4314 2248 4340 ε
2277 4303 2401 4366 οι...
2431 4319 2582 4367 super
2605 4302 2816 4370 ﬂuvium
2849 4300 2975 4353 Loa.
3011 4303 3076 4354 At
3105 4303 3338 4369 blampte
3380 4299 3633 4369 oppidum
3663 4301 3741 4353 si-

2153 4382 2262 4427 tum
2300 4383 2381 4426 est
2409 4375 2474 4425 ad
2505 4375 2732 4424 .lunnam
2764 4371 2979 4424 fluvium
3014 4371 3086 4494 Sta
3114 4372 3312 4436 .lm'ne),
3346 4373 3432 4439 qui
3465 4375 3620 4438 paulo
3662 4371 3742 4422 in-

2153 4445 2314 4494 l'erius
2344 4443 2449 4494 Lua
2482 4442 2667 4494 maiori
2700 4455 2760 4494 ac
2788 4443 2976 4494 minori
3007 4443 3022 4494 l
3047 4445 3177 4494 uviis
3203 4443 3281 4494 (Ie
3307 4440 3411 4494 Loe
3433 4450 3487 4494 et
3511 4441 3560 4494 Ie
3590 4439 3738 4494 Loetl

2153 4445 2314 4497 l'erius
2344 4443 2449 4496 Lua
2482 4442 2667 4511 majori
2700 4455 2760 4495 ac
2788 4443 2976 4496 minori
3007 4439 3177 4496 fluviis
3203 4443 3281 4510 (le
3307 4440 3411 4496 Loe
3433 4450 3487 4496 et
3511 4441 3560 4495 le
3590 4439 3738 4509 Loci)

2151 4524 2394 4582 augetur.

2232 4603 2249 4642 ί
2284 4606 2372 4659 Sic
2419 4604 2559 4658 Clar.
2587 4613 2640 4655 et
2674 4604 2803 4657 floh.
2838 4607 2903 4658 At
2948 4605 3125 4668 Colb.,
3155 4622 3364 4674 cumque
3407 4615 3532 4658 esset
3569 4613 3743 4656 arctus

2155 4677 2353 4746 pervius
2381 4676 2466 4728 ille
2493 4677 2649 4727 locus.
2697 4675 2751 4728 In
2783 4675 2942 4729 Freh.
2968 4677 3115 4730 deest
3138 4692 3237 4731 vox
3271 4678 3434 4730 locus.
3459 4675 3562 4728 Alii
3589 4691 3744 4746 vere.

2156 4763 2268 4797 cum
2304 4756 2430 4798 esset
2467 4757 2632 4797 autem
2679 4748 2897 4813 pervius.
2929 4747 3187 4801 Chronica
3219 4748 3390 4801 sancti
3437 4745 3654 4813 Benigni
3688 4754 3743 4800 et

2157 4817 2444 4879 Besuense,
2475 4830 2586 4867 cum
2619 4828 2742 4871 esset
2773 4818 2990 4882 arduus,
3015 4827 3117 4871 etc.

2213 4918 2252 5031 b8
2284 4910 2433 4963 Colb.
2462 4919 2518 4963 et
2562 4909 2762 4978 aliquot
2797 4910 2960 4973 editi,
3011 4910 3226 4962 nimium
3274 4910 3552 4980 stringens,
3591 4915 3639 4960 et
3681 4907 3744 4960 de

2246 4996 2324 5031 us.
2353 4989 2458 5031 etc.

2155 4989 2324 5040 rebus,
2353 4989 2458 5034 etc.

2231 5071 2256 5106 ιι
2290 5069 2400 5123 Hoc
2426 5069 2612 5122 falsum
2646 5084 2762 5124 esse
2789 5069 3098 5123 existimant
3123 5069 3218 5123 viri
3247 5069 3438 5124 eruditi
3458 5110 3472 5133 ,
3502 5069 3645 5137 quod
3677 5082 3742 5122 ex

2161 5140 2400 5209 Gregorii
2447 5141 2704 5204 llistorizi,
2738 5139 2828 5193 lib.
2860 5155 2984 5200 vnt,
3015 5156 3131 5208 cap.
3163 5140 3249 5200 57,
3283 5153 3338 5194 et
3381 5142 3471 5194 lib.
3504 5156 3550 5193 I\
3574 5182 3588 5202 ,
3622 5155 3744 5207 cap.

2160 5212 2226 5272 4,
2261 5220 2505 5264 constare
2553 5211 2780 5264 videtur.
2827 5210 3060 5278 Uterque
3104 5227 3167 5264 ex
3218 5210 3464 5264 Falleu‘a
3513 5212 3744 5279 legitima

2161 5280 2489 5334 Childelierti
2520 5297 2682 5334 uxore
2713 5291 2865 5333 natus
2896 5292 3030 5334 erat.
3064 5282 3192 5346 Quin
3222 5281 3268 5335 si
3297 5283 3582 5349 aliquando
3610 5297 3746 5335 eun—

2162 5353 2352 5405 enbina
2400 5351 2538 5420 apud
2586 5352 2871 5404 nonnullos
2917 5362 3162 5405 auctores
3192 5352 3334 5406 dicta
3369 5354 3593 5420 legatur,
3626 5367 3750 5404 nie-

2164 5423 2381 5475 minisse
2422 5421 2678 5474 debemus
2717 5435 2779 5474 ea
2811 5435 2941 5474 voce
2973 5422 3236 5491 legitimas
3267 5438 3463 5476 uxores
3496 5423 3744 5492 frequen-

2167 5502 2245 5544 ter
2293 5493 2596 5560 designatas
2645 5492 2827 5556 fuisse,
2859 5507 2975 5561 qua:
3017 5508 3080 5546 ex
3131 5493 3315 5547 iulium
3363 5507 3560 5562 genere
3609 5502 3750 5546 nata:

2162 5572 2333 5617 erant.

2242 5632 2255 5669 ί
2297 5633 2386 5686 Est
2416 5632 2774 5698 Carisiacum,
2816 5632 2955 5703 quod
3005 5641 3186 5703 postea
3232 5633 3367 5687 adeo
3396 5633 3605 5690 celebre
3649 5630 3750 5686 fuit

2165 5703 2302 5757 inter
2333 5703 2521 5771 palatia
2553 5704 2718 5772 regia.
2755 5702 2889 5757 Bnlt.
2923 5703 3114 5767 habet,
3145 5702 3433 5759 Caraciate.

2239 5778 2252 5824 i'
2295 5775 2418 5828 Mss.
2443 5783 2497 5828 et
2523 5774 2720 5844 aliquot
2747 5774 2856 5843 ed.,
2887 5776 3114 5844 singulos
3143 5775 3459 5831 hortabatur.
