3982 6346
476 408 570 462 ﬁll

1915 402 2333 461 CIIRIINICI'M.

3624 416 3725 473 ϐἳὲ

475 534 593 575 esse
617 535 784 576 unum
807 519 1076 576 hominem
1104 519 1416 578 moriturum
1443 531 1491 585 ιι,
1520 536 1676 591 quam
1704 530 1870 576 totum
1891 536 2045 575 exer-
2074 525 2118 580 Α
2150 527 2236 592 qui
2263 527 2456 583 exinde
2484 527 2897 599 Ermenbergam
2928 532 3088 587 ﬁliam
3112 532 3229 603 ejus
3255 534 3590 591 Theuderico
3614 552 3724 590 rna-

474 622 637 666 crtnm
660 628 712 665 in
737 614 1029 681 perieulum
1052 614 1214 667 mitti.
1241 612 1521 667 Promdius
1544 613 1595 665 in
1619 613 1847 665 tentorio
1871 611 2050 664 Theu-

474 704 643 758 derici
673 703 811 773 regis
837 719 958 758 cum
1003 706 1162 759 Petro
1205 706 1477 763 archiatrn
1504 706 1569 758 ad
1604 704 1833 758 tabulam
1864 702 2051 758 ludens

475 800 725 863 sedebat,
757 815 915 869 quem
948 802 1182 870 undique
1208 816 1325 854 tum
1368 800 1476 867 jam
1518 801 1783 855 exercitus
1826 800 2052 855 circum-

476 890 689 953 dasset,
719 898 771 942 ct
799 890 1190 945 Theudericum
1215 890 1396 946 Ieudes
1422 890 1503 944 sui
1530 891 1772 944 tenebant
1793 931 1809 953 ,
1839 905 1906 944 ne
1932 890 2056 944 illuc

476 980 808 1047 graderetur,
850 980 991 1034 misit
1026 980 1372 1046 Uncilcnum,
1409 990 1465 1033 ut
1508 995 1617 1033 sure
1642 980 1897 1050 jussionis
1935 994 2056 1034 ver-

478 1071 600 1122 bum
647 1071 910 1124 nuntiaret
958 1071 1250 1138 exercitui,
1282 1079 1343 1125 ut
1369 1086 1429 1126 se
1471 1071 1538 1125 de
1569 1071 1774 1125 insidiis
1823 1071 2054 1125 Protadii

480 1170 834 1214 removerent.
873 1160 1157 1215 Uncilenus
1189 1162 1430 1230 protinus
1481 1161 1647 1231 608
1673 1162 1737 1213 ad
1765 1162 2053 1215 etercitum

479 1253 745 1315 nuntians,
777 1251 950 1307 dixit:
981 1251 1069 1306 Sic
1114 1252 1266 1320 jubet
1311 1252 1539 1305 dnmnus
1578 1250 1957 1313 Theudericus,
2003 1259 2059 1303 ut

480 1339 826 1393 interﬁciatur
858 1341 1158 1396 Protadius.
1202 1341 1468 1395 Irruentes
1516 1330 1674 1408 super
1698 1356 1852 1403 eum,
1886 1350 2059 1394 teuto-

483 1416 791 1505 riumkregis
814 1435 993 1503 gladio
1023 1434 1256 1503 undique
1285 1435 1601 1501 incidentes,
1634 1434 1939 1488 Protndium
1981 1436 2057 1486 in-

481 1527 770 1582 terﬁciunt.
801 1526 1169 1599 Theudericus
1196 1527 1447 1582 confusus
1474 1536 1529 1581 et
1556 1535 1771 1580 coactus
1802 1540 1922 1579 cum
1954 1525 2061 1579 fra-

481 1629 563 1675 tre
609 1620 986 1676 Theudeberto
1037 1635 1219 1690 pacem
1267 1621 1450 1684 inivit,
1496 1630 1551 1674 et
1599 1620 1796 1673 illresus
1840 1627 2061 1688 uterque

481 1710 746 1763 exercitus
775 1711 1058 1763 revertitur
1086 1708 1149 1761 ad
1182 1709 1427 1777 praprias
1453 1710 1609 1762 sedes
1641 1717 1759 1776 post
1783 1707 2059 1762 decessum

484 1800 612 1870 μμ,
636 1798 859 1870 caedem]
890 1798 1145 1854 Protadii.

2158 618 2402 670 trimonio
2428 621 2730 674 sociandam
2776 623 3121 679 adducerent.
3166 625 3345 695 Ibique
3375 625 3512 679 datis
3541 641 3721 680 sacra-

2157 705 2368 771 mentis,
2399 718 2453 760 nt
2484 721 2515 762 a
2557 709 2893 764 'I‘heuderico
2923 726 2988 764 ne
3015 710 3179 781 609
3219 727 3445 782 unquam
3490 727 3521 767 a
3563 729 3730 781 regno

2155 793 2558 863 degradaretur.
2590 798 2864 870 ipsamque
2889 800 3039 870 accip
3062 813 3153 853 unt
3169 841 3185 864 ,
3207 813 3260 855 et
3281 801 3610 858 Theuderico
3627 804 3729 857 Ca-

2160 883 2359 939 billono
2410 898 2769 955 praesentiant,
2820 906 2977 960 quam
3031 892 3122 945 ille
3168 890 3405 961 gaudens
3448 892 3731 963 diligenter

2158 976 2408 1043 suscepit.
2462 978 2694 1047 Eadem,
2746 982 2973 1036 factione
3018 984 3151 1036 avia:
3198 997 3310 1036 suae
3356 983 3727 1050 Brunichildm,

2160 1066 2363 1118 virilem
2416 1067 2613 1121 coitum
2663 1087 2765 1123 non
2815 1074 3080 1143 cognovit.
3135 1072 3508 1141 Insligantibus
3557 1074 3731 1127 verbis

2162 1152 2511 1208 Brunichildze
2540 1157 2679 1208 avia:
2723 1169 2777 1211 et
2819 1159 3163 1214 Theudilanm
3192 1169 3215 1204 κ
3248 1158 3516 1227 germana:
3557 1159 3730 1214 efﬁci-

2162 1254 2248 1296 tur
2271 1246 2471 1298 udiosa.
2499 1247 2625 1300 Post
2650 1248 2770 1300 anui
2796 1250 3053 1304 circulum
3080 1249 3484 1306 h'l‘hendericus
3510 1253 3732 1305 Ermen-

2162 1338 2375 1407 bergam
2405 1340 2752 1407 cxspoliatam
2782 1357 2810 1394 a
2842 1341 3100 1397 thesauris
3141 1344 3193 1396 in
3224 1342 3473 1411 Spaniam
3502 1354 3734 1398 retrans-

2162 1431 2323 1482 tnisit.

2234 1519 2427 1574 XXXI.
2470 1521 2768 1577 Bettericus
2809 1524 2924 1577 haec
2976 1524 3254 1593 indignans
3301 1523 3617 1595 legationem
3667 1526 3734 1579 ad

2163 1610 2531 1666 Chlotharium
2562 1615 2769 1668 direxit
2799 1633 2810 1667 :
2846 1616 3050 1684 legatus
3076 1616 3375 1670 Chlotharii
3405 1632 3524 1670 cum
3555 1618 3735 1672 Bette-

2163 1704 2257 1756 rici
2286 1704 2459 1772 legato
2488 1706 2551 1758 ad
2581 1706 3013 1761 Theudehertum
3047 1708 3300 1777 perrexit.
3334 1709 3528 1762 Iterum
3555 1709 3736 1763 Theu—

2163 1797 2367 1850 deberti
2396 1798 2551 1865 legati
2573 1814 2693 1852 eum
2719 1799 3010 1853 Chlotharii
3033 1811 3087 1855 et
3104 1803 3351 1856 Betterici
3376 1801 3644 1870 legatariis
3670 1801 3737 1855 ad

554 1894 653 1945 As.
687 1904 826 1945 ucvr.
855 1917 925 1933 -
958 1889 1189 1943 XXVIII.
1239 1890 1395 1943 Anno
1442 1888 1502 1942 11
1556 1890 1699 1958 regni
1743 1887 2059 1943 ‘I‘heuderici
2089 1898 2137 1959 Β
2169 1891 2401 1954 Agonem
2441 1885 2457 1925 ί
2491 1904 2667 1956 regem
2701 1889 2866 1943 Italiae
2914 1902 3293 1956 accesserunt,
3323 1901 3377 1947 et
3416 1892 3739 1946 unanimiter

484 1980 803 2049 subrogatur
823 1981 990 2046 major
1011 1979 1200 2034 domus
1217 1978 1489 2043 Claudius,
1511 1994 1703 2048 genere
1727 1978 1997 2033 Romanus
2010 1976 2061 2044 δ,

488 2071 649 2124 homo
681 2070 931 2138 prudens,
958 2070 1223 2140 jucundns
1252 2069 1304 2123 in
1337 2068 1550 2137 fabulis,
1578 2079 1825 2134 strenuus
1856 2070 1909 2125 in
1937 2082 2069 2122 cnn-

486 2162 611 2227 ctis,
646 2163 906 2229 patientiae
929 2162 1157 2229 deditus,
1183 2160 1510 2230 plenitudine
1530 2158 1737 2214 consilii
1765 2159 2065 2227 abundans,

485 2248 786 2304 litterarum
808 2250 998 2305 studiis
1013 2253 1271 2317 eruditus,
1293 2250 1395 2305 ﬁde
1416 2252 1622 2320 plenus,
1636 2249 1926 2305 amicitiam
1942 2264 2067 2305 cum

485 2339 729 2394 omnibus
755 2350 984 2394 sectans.
1018 2340 1261 2394 Priorum
1292 2340 1541 2409 exempla
1582 2349 1844 2407 metuens,
1891 2341 2065 2396 lenem

488 2445 547 2485 se
572 2441 625 2484 et
655 2430 947 2500 patientem
981 2431 1140 2503 hujus
1162 2432 1359 2501 gradus
1383 2446 1638 2487 ascensus
1663 2430 1798 2503 [AI.,
1821 2429 2070 2503 ascensu]

492 2523 749 2577 ostendit.
780 2522 887 2578 Sed
937 2525 1037 2577 hnc
1083 2532 1286 2577 tantum
1332 2523 1776 2592 impedimentum
1806 2522 2069 2593 habebat,

490 2613 631 2683 quod
660 2614 841 2682 sagina
870 2622 1016 2668 esset
1042 2614 1284 2683 corporis
1312 2624 1646 2683 aggravatus.

442 2776 445 2777 γ
563 2707 663 2759 Au.
683 2719 840 2759 ncvru.
864 2733 935 2743 ——
955 2704 1110 2759 Anno
1131 2703 1199 2757 12
1222 2703 1370 2773 regni
1401 2702 1723 2759 'I‘heuderici
1752 2702 2068 2769 Unciienus,

450 2778 457 2785 ’
492 2798 578 2864 qui
607 2796 672 2849 ad
704 2806 926 2851 mortem
952 2794 1183 2850 l‘rotadii
1203 2795 1460 2849 insidiose
1482 2795 1653 2849 fuerat
1675 2796 1903 2860 locutus,
1933 2794 2077 2850 insti-

494 2898 651 2955 gante
680 2885 1035 2947 iirunicbilde,
1074 2886 1210 2955 pede
1240 2894 1506 2951 truncato,
1527 2884 1597 2941 de
1625 2885 1784 2941 rebus
1812 2886 2080 2956 exspolia-

498 2986 581 3028 tus
601 2975 666 3026 ad
695 2974 1020 3030 debilitatem
1048 2984 1071 3013 ο
1108 2974 1390 3043 perductus
1417 2983 1521 3031 est.

571 3064 762 3118 XXIX.
798 3065 982 3119 Vultus
1019 3062 1294 3134 patricius,
1324 3065 1590 3135 idemque,
1622 3063 1966 3119 Brunichilde
1995 3063 2080 3120 in-

501 3158 726 3223 stigante
745 3155 994 3223 consilio,
1012 3156 1102 3224 qui
1127 3155 1180 3208 in
1204 3164 1429 3210 mortem
1454 3153 1688 3209 Protadii
1709 3161 2075 3219 consenserat,

2174 1976 2225 2030 hi
2252 1985 2478 2044 quatuor
2509 1992 2663 2047 reges
2694 1993 2815 2033 cum
2846 1983 3081 2035 exercitu
3112 1983 3347 2050 undique
3376 1997 3535 2052 super
3562 1984 3739 2039 Theu-
3766 2032 3775 2049 ,

2171 2065 2409 2120 dericum
2457 2069 2755 2133 irruerunt,
2811 2078 2871 2123 ut
2916 2086 3136 2140 regnum
3181 2071 3298 2139 ejus
3342 2072 3645 2138 auferrent,
3687 2084 3742 2128 et

2171 2169 2293 2211 eum
2336 2166 2508 2211 morte
2551 2157 2899 2227 damnarent,
2932 2175 2997 2213 eo
3024 2160 3163 2225 quod
3197 2170 3392 2213 tantam
3418 2162 3487 2216 de
3514 2162 3630 2230 ipso
3658 2179 3743 2217 rc-

2176 2245 2473 2301 verentiarn
2499 2246 2785 2301 ducebant.
2812 2248 3036 2317 Legatus
3062 2263 3192 2303 vero
3213 2249 3530 2306 Gotthorum
3556 2261 3744 2306 evectu
3770 2290 3775 2291 ν

2175 2337 2351 2391 navali
2385 2338 2452 2393 de
2480 2336 2626 2391 Italia
2659 2353 2753 2406 per
2781 2354 2927 2394 mare
2956 2339 3009 2393 in
3035 2340 3286 2409 Spaniam
3313 2343 3615 2399 revertitur.
3637 2343 3745 2399 Sed

2177 2426 2279 2482 hoc
2319 2428 2601 2483 consilium
2650 2429 2835 2484 divino
2882 2441 3012 2485 nutu
3059 2447 3164 2486 non
3200 2433 3426 2487 sortitur
3462 2433 3744 2503 eﬁ'ectum,

2175 2520 2318 2589 quod
2344 2534 2466 2575 cum
2496 2520 2836 2576 Theudcrico
2864 2534 3195 2592 compertum
3242 2524 3470 2592 fuisset,
3512 2525 3747 2582 fortissi-

2176 2610 2314 2662 sime
2338 2609 2407 2662 ab
2435 2611 2623 2664 eodem
2655 2610 2964 2679 despicitur.

2251 2698 2463 2755 XXXII.
2492 2700 2570 2753 Eo
2590 2714 2731 2755 anno
2749 2701 3142 2769 Theudericus,
3166 2704 3392 2760 consilio
3418 2704 3583 2761 Aridii
3634 2707 3749 2776 epi-

2182 2794 2329 2859 sc0pi
2376 2792 2748 2861 Lugdunensis
2790 2793 2976 2864 perﬁdi
3004 2803 3195 2861 utens,
3221 2807 3276 2852 et
3319 2812 3574 2867 persuasu
3615 2800 3749 2855 avias

2180 2898 2292 2937 suae
2323 2884 2684 2941 Brunichilda'.
2713 2894 2956 2942 sanctum
2988 2886 3319 2943 Desiderium
3348 2890 3416 2945 de
3442 2891 3632 2956 exsilio
3662 2908 3750 2947 re-

2180 2987 2421 3043 gressum
2464 2976 2705 3046 lapidare
2745 2978 3043 3047 praeepiti
3078 2994 3095 3033 :
3138 2978 3202 3034 ad
3245 2980 3398 3050 cujus
3440 2983 3747 3051 sepulcrum

2184 3065 2332 3119 mirae
2368 3063 2596 3121 virtutes
2633 3082 2663 3120 a
2702 3066 2791 3124 die
2822 3075 3078 3143 transitus
3115 3071 3194 3126 sui
3241 3072 3492 3128 Dominus
3546 3074 3750 3145 integra

2183 3154 2495 3209 assiduitate
2522 3156 2810 3211 ostendere
2839 3158 3107 3228 dignatur.
3136 3161 3235 3215 Per
3258 3162 3396 3229 quod
3427 3163 3751 3224 credendum

502 3248 816 3305 Fauriniaco
842 3246 869 3284 ⁸
910 3248 1053 3313 villa,
1076 3247 1299 3319 jnbente
1336 3246 1668 3302 Theuderico
1703 3245 1997 3311 occiditur;
2026 3252 2083 3300 et
2107 3269 2157 3335 c
2183 3256 2299 3313 est,
2338 3262 2432 3316 pro
2463 3248 2564 3303 hoc
2590 3251 2730 3304 malo
2754 3240 2909 3320 gesto
2944 3268 3163 3322 regnum
3191 3253 3506 3311 Theudeiici
3530 3266 3587 3313 et
3617 3259 3751 3314 lilio-

502 3343 556 3394 in
588 3340 921 3410 patriciatum
971 3340 1087 3410 ejus
1137 3341 1491 3407 Richomeris,
1543 3340 1815 3393 Romanus
1858 3351 2075 3408 genere,

504 3433 844 3502 subrogatur.
895 3432 1095 3487 Eodem
1142 3447 1285 3486 anno
1336 3440 1492 3486 natus
1537 3440 1621 3486 est
1668 3430 1737 3485 de
1784 3429 2078 3485 concubina

506 3523 823 3579 Tbeuderici
864 3523 1027 3592 ﬁlius,
1057 3524 1272 3579 nomine
1302 3522 1601 3589 Meroveus,
1624 3535 1782 3591 quem
1826 3520 2079 3575 Chlotha-

506 3619 620 3671 rius
642 3615 709 3670 de
735 3623 920 3669 sancto
951 3616 1163 3670 lavacro
1186 3616 1442 3682 suscepit.

581 3704 747 3760 XXX.
780 3704 979 3759 Eodem
1026 3719 1167 3759 anno
1197 3704 1561 3759 Theudericus
1588 3700 1828 3756 Aridium
1875 3700 2083 3769 episeo-

506 3813 631 3868 pnm
663 3797 1099 3866 Lugdunensem,
1127 3795 1428 3850 Rocconem
1459 3802 1481 3830 ε·
1516 3805 1570 3847 et
1598 3792 1951 3862 Epporinum
1992 3806 2083 3847 co-

508 3889 857 3944 mestabulum
896 3888 963 3943 ad
1006 3888 1323 3943 Bettericum
1355 3883 1374 3925 ί
1407 3901 1585 3956 regem
1615 3885 1827 3954 Spania‘.
1854 3884 2079 3953 direxit,

581 4030 609 4092 ξ
639 4021 772 4089 Alii,
802 4035 1092 4087 mortuum;
1119 4021 1212 4085 al.,
1240 4023 1369 4076 mori
1394 4038 1549 4092 quam
1577 4031 1791 4075 tantum.

579 4091 608 4131 δ
636 4094 771 4157 Alii,
808 4093 1085 4145 Docudius.
1117 4094 1382 4146 Romanos
1408 4091 1577 4147 etiam
1621 4098 1719 4145 iste
1765 4100 1952 4145 auctor
1977 4105 2081 4159 ap-

509 4162 704 4229 pellat,
735 4177 829 4216 ens
852 4164 942 4230 qui
973 4176 1168 4229 genere
1206 4161 1395 4216 Franci
1422 4178 1524 4215 non
1552 4172 1739 4223 erant,
1771 4165 1862 4216 sed
1892 4178 1955 4215 ex
1982 4178 2079 4215 an-

513 4232 672 4299 tiquis
695 4232 985 4286 Galliarum
1014 4232 1247 4295 familiis,
1275 4248 1390 4299 qua:
1419 4242 1543 4285 ante
1574 4232 1895 4285 Francurum
1927 4231 2083 4286 Stabi-

511 4302 659 4356 litum
688 4301 739 4353 in
769 4302 951 4356 Galliis
977 4303 1253 4370 imperium
1283 4305 1531 4355 liornanis
1553 4311 1702 4354 erant
1730 4300 2007 4367 subjectis.

586 4382 607 4408 ε
640 4371 834 4424 Chesn.
862 4381 918 4426 et
943 4374 1057 4437 alii,
1089 4373 1393 4426 brevitatem.
1429 4373 1580 4435 Bolr.,
1606 4372 1864 4423 vilitatem.

584 4440 609 4478 ἀ
644 4442 811 4495 Locus
847 4444 916 4496 ob
945 4442 1321 4504 monaste-ium
1350 4441 1553 4496 ordinis
1582 4439 1904 4494 Benedictini
1926 4481 1939 4503 ,
1976 4440 2084 4507 pri-

514 4526 657 4564 mum
689 4513 973 4581 virginum,
1001 4526 1110 4565 tum
1139 4514 1403 4577 virorum,
1435 4511 1680 4573 celebris,
1710 4513 1865 4578 vulgo
1896 4510 2083 4563 Faver-

514 4588 637 4651 any,
671 4581 736 4633 ad
768 4586 1052 4651 Lantanam
1084 4584 1351 4635 Iluviolnm
1386 4587 1436 4635 in
1484 4582 1795 4651 Burgundite
1826 4581 2080 4651 comitatu

514 4637 841 4718 diécesiqne
876 4650 1296 4705 Vesontionensi.
1340 4652 1395 4705 In
1446 4637 1640 4705 statuto
1687 4649 1940 4704 Ludovici
2005 4652 2081 4705 Pii
2110 4637 2164 4697 D

514 4722 709 4774 dicitur
758 4720 1121 4786 Fariniacum,
1166 4732 1220 4774 ut
1266 4722 1352 4775 hic
1394 4723 1444 4775 in
1491 4721 1589 4775 L‘h.
1628 4730 1683 4774 et
1728 4720 1888 4773 Freh.
1936 4721 2085 4776 Nunc

519 4806 581 4842 vu
605 4807 671 4859 go
697 4807 727 4845 a
759 4802 995 4859 tempore
1023 4792 1188 4845 Sancti
1233 4792 1485 4845 Bernardi
1504 4831 1517 4853 ,
1545 4793 1694 4859 cujus
1725 4791 1811 4844 ille
1842 4794 2087 4845 meminit

518 4858 739 4928 epistola
769 4858 894 4925 547,
925 4858 1328 4923 Faberniacum,
1359 4871 1449 4915 aut
1480 4860 1874 4913 Fauerm’acum.
1910 4861 2003 4915 Est
2033 4870 2087 4916 et

518 4930 809 4984 i'avernaclt
839 4945 1000 4999 prope
1027 4930 1340 4999 Friburgum
1366 4931 1417 4984 in
1448 4930 1681 4997 Brisgoia
1700 4970 1713 4993 ,
1743 4938 1797 4984 et
1818 4928 2084 5000 Favernay

517 5002 662 5054 vicu's
682 5002 819 5055 inter
847 5002 1113 5055 Divionem
1139 5010 1192 5055 et
1214 5004 1507 5054 AllaSOlI‘dllt
1538 5002 1601 5070 in
1620 5000 1943 5070 Burgundia.

590 5081 615 5109 ο
667 5070 804 5125 Editi
847 5072 1115 5141 plerique,
1162 5070 1423 5141 liogonem
1466 5067 1855 5141 etiEbort'rtum.
1909 5071 2086 5135 Colb.,

526 5142 805 5195 Rocconcm
833 5151 880 5195 et
914 5140 1223 5206 Ebronium,
1246 5140 1307 5194 et
1335 5144 1472 5194 Idem
1499 5140 1660 5193 altera
1700 5155 1858 5192 manu
1886 5142 2089 5194 comites

517 5212 737 5275 stabuli;
767 5213 851 5267 cui
882 5212 1157 5267 Aimoinus
1185 5212 1483 5277 consentit,
1513 5213 1603 5279 qui
1635 5209 1795 5264 habet
1821 5211 2090 5282 pra-{actos

613 5299 776 5337 orum.

518 5298 776 5351 equorum.

593 5351 613 5391 ί
646 5352 796 5408 Colb.
824 5358 880 5408 et
906 5351 977 5407 al.
1002 5350 1156 5413 edit.,
1185 5348 1528 5405 Bethericum.
1559 5350 1606 5404 Is
1650 5359 1732 5405 est
1759 5350 2090 5416 Wittericus,

520 5423 629 5492 qui,
659 5427 835 5481 occiso
864 5424 1029 5482 Liuba
1058 5421 1133 5487 Il,
1172 5436 1391 5491 regnum
1418 5421 1857 5490 Wisigotthorum
1899 5422 2095 5477 invasit

522 5508 661 5547 anno
687 5495 811 5549 603.

592 5572 619 5609 ε
649 5564 741 5618 Sic
766 5564 936 5629 Clar.,
966 5562 1098 5617 Bob.
1124 5563 1405 5633 etczeteri;
1435 5571 1490 5616 at
1507 5561 1659 5616 Colb.
1682 5576 1801 5633 eum
1829 5562 2095 5633 plerisque

522 5630 634 5698 ed.,
670 5633 1050 5687 Theodclindaz.
1085 5633 1160 5687 De
1186 5632 1316 5696 hac,
1347 5634 1513 5702 infra,
1542 5646 1661 5702 cap.
1695 5631 1789 5687 42.

593 5702 623 5738 ιι
658 5704 732 5757 Ex
758 5704 841 5758 his
866 5703 1045 5773 verbis
1073 5704 1311 5773 nonnulli
1341 5701 1578 5757 inferunt
1604 5717 1666 5757 ea
1697 5716 1814 5771 quas
1856 5718 2092 5773 sequun-

525 5782 611 5826 tur
632 5774 698 5826 ad
728 5788 818 5827 an.
840 5772 904 5828 15
925 5770 1237 5828 Theoderici
1268 5787 1391 5829 esse
1418 5770 1737 5828 revocanda.

602 5844 622 5883 ι
664 5844 713 5899 Is
748 5854 832 5901 est
867 5842 1129 5915 Agilulfus
1162 5842 1632 5915 Langobardorum
1660 5859 1754 5900 rex
1783 5845 1871 5915 qui
1900 5851 1956 5900 et
1981 5844 2097 5913 Ago

2185 3351 2302 3390 rum
2337 3350 2553 3392 suorum
2582 3339 2744 3409 διο
2772 3342 2933 3395 fuisse
2963 3341 3313 3397 desrructum.

2254 3424 2494 3480 XXXIII.
2530 3428 2605 3480 Eo
2636 3426 2664 3465 κ
2696 3444 2858 3493 anno,
2891 3442 3103 3485 mortuo
3134 3432 3429 3499 Betterico,
3461 3434 3752 3493 Sisebodus

2182 3521 2441 3575 successit
2461 3519 2516 3574 in
2542 3519 2754 3590 Spania:
2784 3536 3027 3591 regnum,
3050 3524 3130 3579 vir
3151 3526 3367 3594 sapiens
3388 3536 3441 3583 et
3472 3544 3565 3598 per
3588 3538 3752 3587 totam

2185 3611 2437 3680 Spaniam
2472 3611 2755 3668 laudabilis
2790 3614 2975 3682 valde,
3007 3616 3205 3686 pietate
3234 3618 3589 3686 plenissimus.
3622 3621 3755 3677 Nam

2183 3711 2239 3756 et
2266 3704 2530 3758 adversus
2570 3719 2782 3759 tnanum
2826 3706 3089 3774 publicam
3139 3704 3157 3745 ι
3207 3706 3415 3764 fortiter
3459 3711 3752 3765 dimicavit.

2184 3793 2518 3849 Provinciam
2544 3795 2886 3851 Cantabriam
2910 3807 2947 3834 ω
2974 3799 3291 3855 Getthorum
3321 3815 3485 3869 regno
3511 3800 3753 3872 subegit,

2183 3898 2341 3953 quam
2371 3885 2657 3954 aliquando
2683 3884 2874 3942 Franci
2912 3889 3283 3957 possederant.
3329 3892 3476 3959 Dux,
3523 3891 3750 3947 Francio

2183 4020 2355 4094 dictus
2384 4028 2494 4087 est,
2528 4029 2794 4094 utmonet
2819 4020 3017 4077 Paulus
3066 4023 3209 4079 Diae.
3261 4024 3355 4081 lib.
3398 4041 3453 4079 tv
3491 4028 3663 4094 cap.I
3702 4035 3756 4083 et

2183 4086 2254 4143 43
2275 4131 2288 4153 ,
2320 4090 2386 4173 tle
2412 4086 2517 4159 quo
2548 4089 2706 4156 vide,
2736 4104 2895 4159 supra
2917 4130 2931 4155 ,
2961 4102 3113 4145 notas
3143 4096 3206 4146 ad
3236 4094 3328 4147 lib.
3362 4111 3394 4149 ι
3425 4086 3752 4167 Ηίθιίϐιές.

2182 4174 2301 4226 Cap.
2329 4176 2384 4216 ο.

2237 4226 2289 4288 .j
2325 4229 2517 4281 Passus
2554 4228 3229 4304 est_sanclus__Qesiderius
3273 4231 3594 4304 Viennensis
3633 4236 3754 4304 epi-

2186 4312 2379 4365 SCOpllS
2406 4311 2547 4350 anno
2571 4296 2674 4351 607
2694 4298 2781 4353 die
2815 4315 2847 4351 Χ
2879 4298 3143 4352 Kalendas
3171 4299 3376 4367 Iunias,
3408 4304 3460 4356 in
3490 4296 3758 4357 territorio

2188 4368 2526 4442 Lugdunensi
2553 4369 2617 4420 ad
2644 4370 2959 4442 _C_alaronam
2992 4369 3208 4422 [luvium
3239 4370 3258 4439 (
3284 4373 3334 4423 la
3362 4370 3684 4425 Cltalaronne
3709 4374 3753 4442 ).

2187 4439 2243 4493 In
2282 4441 2397 4506 ipso
2424 4440 2572 4504 loco,
2605 4438 2693 4492 tibi
2734 4454 2920 4508 passus
2949 4448 3060 4504 est,
3093 4453 3233 4494 nunc
3272 4452 3442 4495 exstat
3474 4443 3625 4496 vicus
3656 4438 3757 4497 suo

2188 4510 2352 4577 ipsius
2370 4509 2583 4563 nomine
2603 4510 2848 4563 donatus.
2870 4509 2945 4563 De
2965 4524 3029 4563 eo
3050 4508 3286 4564 Cointius
3310 4521 3452 4567 tomo
3471 4512 3511 4567 ll
3533 4513 3758 4568 adhunc

2187 4594 2381 4632 annum
2412 4581 2582 4650 iusius
2604 4579 2844 4644 disserit,
2874 4579 2961 4633 tibi
2991 4580 3227 4634 Aridiuin
3256 4596 3284 4635 a
3315 4584 3608 4637 sceleribus
3634 4598 3756 4650 qua:

2190 4650 2273 4723 hic
2307 4660 2366 4723 et
2412 4649 2776 4723 superioribus
2828 4650 3086 4719 capitibus
3133 4650 3231 4723 ipsi
3264 4650 3565 4707 tribuuntur
3595 4649 3759 4723 pluri-

2192 4719 2291 4793 bus
2320 4719 2589 4793 vindicare
2617 4729 2858 4793 conatur.
2894 4724 2966 4793 pe
2991 4724 3163 4793 sancti
3196 4722 3454 4793 Desiderii
3498 4719 3753 4793 martyrio

2193 4791 2412 4856 legenda
2451 4797 2533 4844 est
2570 4792 2789 4859 epistola
2832 4789 3033 4843 Adonis
3060 4789 3124 4841 ad
3168 4791 3448 4859 ecclesiam
3483 4789 3757 4848 Viennen-

2191 4869 2306 4911 sem
2334 4896 2351 4921 ,
2473 4861 2558 4914 cui
2592 4858 2705 4928 ipse
2733 4859 2933 4913 smculo
2964 4874 3013 4912 rx
3047 4858 3275 4926 pnefuit.

2263 4935 2289 4967 ι
2334 4929 2444 4984 Iloc
2470 4939 2629 4999 caput
2659 4929 2810 4999 deest
2839 4929 2888 4982 in
2916 4928 3038 4981 cod.
3070 4929 3224 4983 Colb.
3255 4944 3413 4998 quem
3446 4930 3761 4987 Mettenscm

2190 4998 3116 5071 appellatCointius.Interpolalum
3160 5009 3335 5054 tamen
3366 5000 3479 5071 ,dici
3508 5015 3629 5071 non
3672 5018 3764 5069 po-

2194 5077 2337 5141 test,
2364 5070 2560 5139 quippe
2587 5070 2729 5138 quod
2773 5070 2999 5141 habetur
3027 5070 3078 5124 in
3106 5073 3279 5141 veteri
3310 5070 3605 5141 exemplari
3639 5071 3764 5126 Col-

2192 5140 2312 5209 legii
2342 5143 2671 5211 Claromont.
2694 5181 2708 5205 ,
2740 5140 2881 5208 quod
2913 5154 3041 5193 sane
3072 5140 3209 5211 haud
3254 5140 3344 5196 diu
3381 5140 3502 5211 post
3530 5143 3763 5196 auctoris

2192 5219 2401 5264 artatem
2429 5209 2751 5277 descriptum
2783 5222 2885 5265 est.
2928 5211 3126 5265 Eadem
3170 5210 3337 5266 ferme
3378 5209 3532 5266 habet
3576 5224 3766 5266 auctor

2193 5278 2498 5346 appendicis
2522 5279 2588 5332 ad
2614 5279 2761 5332 Marii
2787 5278 3138 5336 Cbronicum.
3161 5280 3423 5337 Caeterum
3447 5281 3765 5344 Sisebodus,

2193 5362 2289 5403 seu
2319 5358 2373 5403 ut
2402 5347 2530 5402 editi
2564 5348 2795 5414 habent,
2826 5350 3107 5405 Sisebutus
3135 5348 3476 5407 Gundemaro
3499 5350 3765 5407 Wiuerici

2194 5420 2496 5489 successori
2535 5418 2854 5489 substitutus
2890 5430 2974 5475 est
3010 5436 3151 5474 anno
3195 5420 3335 5476 612:
3379 5436 3544 5489 quare
3581 5437 3767 5476 emen-

2196 5487 2403 5544 dandus
2426 5497 2510 5544 est
2538 5488 2842 5557 Fredegarii
2874 5491 3132 5544 calculus.
3164 5487 3408 5545 Sisebuti‘
3429 5490 3615 5545 laudes
3644 5490 3768 5545 vide

2196 5562 2334 5629 apud
2365 5560 2623 5615 lsidorum
2643 5600 2659 5625 ,
2692 5555 2743 5612 in
2771 5555 3070 5624 Chronico,
3102 5559 3167 5613 ad
3197 5574 3356 5613 seram
3386 5558 3510 5613 650.

2274 5628 2293 5667 ι
2339 5631 2393 5685 Id
2431 5638 2516 5686 est
2563 5631 2815 5683 adversus
2863 5630 3165 5689 Romanos,
3215 5644 3312 5682 seu
3360 5629 3765 5695 imperatorem.

2200 5700 2344 5755 Alias
2372 5702 2569 5771 saepius
2600 5701 2981 5767 rempublicam
3012 5699 3276 5768 appellat,
3304 5708 3358 5753 et
3385 5698 3523 5751 infra
3552 5700 3765 5770 imperii

2201 5779 2431 5841 partem.

2274 5850 2325 5917 ut
2352 5841 2435 5899 Ad
2472 5840 2780 5911 Hispaniam
2821 5838 3281 5897 Tarraconensem
3321 5838 3644 5912 pertinebat,
3675 5840 3766 5894 ho-
