3982 6346
251 405 354 459 695

1444 404 1867 463 recusonon
1907 378 2346 462 s‘cnomsrta

3393 394 3496 457 σὲι

251 523 498 584 nomine,
529 521 615 589 qui
644 518 983 578 Cantabriam
1031 530 1271 592 tempore
1311 522 1639 577 Francorum
1686 522 1813 576 suh-
1844 524 2127 583 Amcnter
2165 520 2495 589 diligeretur,
2543 514 2948 603 simplicitatem
2985 513 3353 569 'I‘heudcbcrti
3395 514 3494 566 ho-

258 622 444 665 exerat
470 620 521 674 ⁸,
551 613 742 662 tributa
777 610 1102 666 Francorum
1136 612 1346 682 regibus
1378 613 1547 666 multo
1581 621 1820 676 tempore

254 704 581 769 impleverat.
623 701 725 755 Sed
760 717 880 754 cum
911 717 939 753 a
983 712 1131 771 parte
1169 704 1377 767 imperii
1420 704 1591 757 fuerat
1628 703 1824 755 Canta-

254 795 366 848 bria
397 802 639 848 revocata
668 790 720 858 1),
756 807 785 845 a
817 794 1058 858 Cotthis,
1095 803 1149 848 ut
1178 810 1334 863 supra
1368 793 1583 863 legitur,
1619 807 1822 861 prame-

251 897 500 953 eupator,
528 894 580 940 et
613 885 790 954 plures
828 886 1068 941 civitates
1107 887 1174 940 ab
1212 887 1437 953 imperio
1469 886 1710 939 Romano
1736 885 1822 939 Si-

253 976 485 1030 rebodus
516 975 568 1029 in
600 976 776 1029 littore
802 976 963 1028 maris
992 976 1228 1040 abstulit,
1248 987 1304 1030 et
1333 991 1498 1044 usque
1521 976 1825 1029 fundamen-

254 1072 364 1127 tum
393 1064 676 1119 destruxit.
702 1063 939 1133 Cumque
962 1063 1186 1121 Romani
1213 1067 1281 1119 ab
1308 1066 1547 1121 exercitu
1578 1066 1820 1121 Sisebodi

255 1155 666 1215 trucidarentur,
692 1153 981 1209 Sisebodus
1004 1156 1214 1211 dicebat
1238 1158 1431 1226 pietate
1454 1157 1645 1226 plenus
1670 1174 1685 1209 :
1712 1156 1822 1209 IIeu

254 1261 339 1296 me
370 1245 619 1298 miserum
647 1285 661 1307 ,
694 1244 842 1310 cujus
870 1254 1111 1314 tempore
1138 1255 1279 1299 tanta
1311 1246 1581 1315 sanguinis
1608 1245 1823 1301 humani

256 1336 444 1388 elTusio
476 1338 597 1389 litor
623 1338 634 1389 !
679 1336 985 1407 Cuicunque
1012 1346 1218 1406 poterat
1246 1351 1527 1392 occurrere
1557 1338 1625 1390 de
1655 1348 1825 1391 morte

253 1427 532 1480 liberabat.
578 1428 961 1483 Conlirmatum
1008 1440 1089 1482 est
1140 1442 1365 1497 regnum
1408 1428 1724 1483 Gotthorum
1773 1431 1823 1484 in

253 1515 447 1582 Spania
480 1532 574 1584 per
605 1518 769 1571 maris
800 1520 974 1572 littora
1007 1532 1172 1582 usque
1200 1528 1408 1571 montes
1438 1517 1750 1585 Pyrenaeos.

297 1663 301 1669 η
326 1604 567 1659 XXXIV.
600 1608 714 1677 Ago
743 1624 832 1662 rex
862 1606 1327 1676 Langobardorum
1347 1609 1550 1675 accepit
1570 1622 1784 1660 uxorem
1806 1648 1822 1672 ,

255 1693 548 1748 Grimoaldl
590 1706 644 1749 et
683 1696 981 1750 Gnndoaldi
1022 1709 1365 1765 germanam,
1405 1696 1623 1749 nomine
1652 1694 1826 1750 Theu-

254 1782 520 1835 delindam
540 1825 552 1847 ,
580 1800 641 1837 ex
671 1799 865 1852 genere
892 1784 1217 1839 Francorum
1247 1794 1294 1849 ε,
1326 1799 1486 1853 quam
1513 1783 1826 1839 (31ιί1110001-

1929 623 2078 666 nestc
2137 623 2515 679 comportans,
2578 606 2712 661 nihil
2776 622 2835 660 se
2898 606 3158 660 minorem
3218 619 3248 656 a
3309 604 3496 658 liruni~

1925 705 2100 758 childs
2140 718 2261 758 esse
2299 709 2578 763 censeret,
2620 699 2709 753 sed
2750 698 2945 765 saepius
2985 712 3079 766 per
3119 697 3324 765 legatos
3367 697 3497 749 Brn-
3546 704 3551 705 ’

1926 794 2215 850 nichildetn
2254 792 2589 859 despiceret,
2643 788 2765 842 dum
2820 788 2888 843 ab
2938 790 3052 856 ipsa
3096 787 3495 856 increpabatur,

1923 884 2063 952 quod
2112 883 2304 937 ancilla
2344 879 2700 935 Brunichildae
2756 879 2986 943 fuisset,
3047 877 3258 932 tandem
3312 877 3394 930 his
3444 885 3493 930 et

1924 973 2044 1029 aliis
2106 972 2311 1038 verbis,
2373 971 2561 1041 legatis
2619 969 3077 1033 discurrentibus,
3137 968 3205 1021 ab
3265 966 3494 1022 invicem

1926 1072 2268 1126 vexarentur,
2325 1062 2576 1132 placitum
2641 1062 2778 1117 inter
2826 1062 3169 1116 Colerensem
3224 1072 3276 1114 ct
3326 1062 3494 1115 Sueu-

1928 1162 2128 1208 tenseni
2163 1163 2189 1200 ε
2219 1152 2363 1221 Iitur,
2391 1161 2449 1207 ut
2488 1153 2585 1207 has
2622 1152 2756 1206 duas
2796 1153 3007 1221 reginas
3049 1166 3147 1220 pro
3193 1166 3320 1218 pace
3360 1151 3497 1203 inttr

1926 1242 2312 1297 Theodericum
2375 1252 2429 1296 et
2490 1241 2918 1296 Theudebertum
2979 1239 3363 1309 conjungercnt
3428 1239 3495 1292 ad

1925 1330 2354 1399 colloquendum.
2381 1314 2488 1386 séd
2512 1329 2809 1386 Bilichildis
2833 1329 3079 1385 consiliis
3098 1328 3492 1382 AoStrasiorum

1929 1424 2057 1477 inibi
2091 1422 2272 1477 venire
2299 1422 2524 1477 distulit.
3178 1470 3194 1482 .

1997 1517 2095 1569 AN.
2136 1532 2275 1570 ocrx.
2303 1542 2372 1557 -—
2396 1514 2634 1570 XXXVI.
2669 1517 2825 1571 Anno
2854 1513 2919 1567 M
2950 1514 3098 1584 regni
3138 1513 3453 1569 Theoderici
3480 1553 3497 1577 ,

1930 1606 2069 1659 beati
2101 1604 2415 1662 Columbani
2448 1604 2479 1645 ιι
2509 1616 2750 1662 creverat
2784 1606 2893 1677 jam
2938 1608 3134 1674 passim
3170 1605 3309 1660 fama
3338 1608 3394 1693 in
3427 1606 3500 1659 ci-

1928 1696 2179 1750 vitatibus
2228 1698 2340 1753 sive
2377 1696 2391 1734 ί
2430 1698 2481 1751 111
2533 1698 2814 1754 universas
2863 1697 3067 1753 Gallias
3110 1709 3162 1751 et
3204 1698 3501 1751 Gertnaniw

1932 1788 2233 1851 provincias
2260 1805 2274 1841 :
2308 1798 2532 1858 eratque
2561 1789 2798 1842 omnium
2822 1803 3037 1842 rumore
3061 1788 3360 1852 laudabilis,
3389 1802 3500 1843 om-

258 1887 342 1927 tus
383 1876 642 1930 habuerat
680 1876 1076 1945 desponsatam.
1120 1874 1254 1946 Cum
1295 1891 1412 1929 eam
1444 1877 1671 1931 consilio
1700 1877 1830 1931 Bru-
1861 1875 1906 1933 Β
1937 1882 2082 1933 nium
2122 1882 2265 1934 cultu
2307 1879 2646 1944 venerabilis,
2690 1882 2740 1934 in
2785 1891 2986 1935 tantum
3009 1921 3022 1940 ,
3058 1892 3111 1932 ut
3140 1878 3503 1933 Theodericus

258 1971 505 2024 nichildm
546 1973 968 2041 postposuissct,
1013 1970 1362 2025 Gundoaldus
1413 1984 1536 2024 cum
1580 1970 1827 2025 omnibus

228 2065 418 2118 rebus
464 2080 647 2118 secum
697 2079 1006 2134 germanam
1048 2060 1474 2118 Thendelindam
1523 2061 1577 2116 in
1624 2062 1826 2115 Italiam

255 2156 527 2209 transtulit
551 2197 567 2222 ,
598 2166 651 2210 et
680 2157 734 2209 in
761 2156 1159 2210 matrimonium
1188 2154 1356 2223 Agoni
1401 2152 1634 2207 tradidit.
1679 2152 1827 2207 Gun-

253 2247 477 2301 doaldus
506 2246 572 2299 de
601 2255 759 2315 gente
782 2245 946 2299 nobili
977 2244 1444 2314 Langobardorum
1469 2243 1677 2309 accepit
1699 2258 1830 2295 uxo-

254 2353 405 2404 rem,
435 2336 500 2391 de
528 2353 631 2405 qua
662 2336 799 2390 duos
826 2337 985 2407 611
1021 2336 1154 2389 Illios
1180 2333 1420 2402 accepit,
1470 2332 1556 2387 his
1599 2333 1831 2387 nomini-

255 2431 387 2493 bus,
423 2429 824 2483 Gundebertum
847 2425 1293 2481 ctCharibertum
1316 2424 1364 2480 ά.
1395 2426 1505 2494 Ago
1531 2440 1622 2479 rex
1644 2467 1657 2490 ,
1690 2425 1832 2479 filius

256 2518 500 2573 Autbarii
540 2519 711 2587 regis,
753 2517 820 2571 (10
859 2516 1227 2571 Theudelinda
1269 2515 1452 2569 habuit
1491 2513 1695 2579 lilium,
1736 2530 1831 2568 no-

257 2610 397 2663 mine
426 2608 723 2661 Adoaldum
756 2607 862 2678 |Al.
888 2604 1241 2675 Odoaldum],
1287 2616 1339 2659 et
1381 2604 1574 2669 filiam,
1617 2603 1832 2658 nomine

259 2700 691 2771 Guttdobergam.
748 2700 876 2753 Dum
909 2698 1252 2753 Gundoaldus
1283 2713 1311 2749 a
1347 2696 1708 2765 Langobartlis
1747 2699 1831 2750 ni-

258 2792 426 2846 mium
465 2789 797 2860 diligeretur,
831 2788 1062 2845 factione
1099 2790 1297 2857 Agonis
1336 2789 1474 2857 regis
1507 2800 1562 2842 et
1587 2789 1833 2844 Theode-

255 2882 449 2947 lindac,
481 2896 600 2936 eum
632 2882 806 2953 ipsum
833 2880 944 2949 jam
976 2879 1093 2935 zelo
1120 2880 1229 2953 [AL
1259 2879 1312 2934 in
1344 2878 1540 2949 zelum]
1570 2889 1830 2946 tenerent,

255 2974 345 3028 ubi
386 2973 453 3027 ad
492 2984 736 3029 ventrem
777 2973 1112 3043 purgandum
1146 2974 1198 3027 in
1228 2971 1476 3028 faldeone
1510 2981 1534 3011 θ
1573 2972 1829 3039 sedebat,

255 3064 440 3132 sagitta
473 3063 686 3118 saucius
715 3064 964 3118 moritur.

328 3161 428 3216 An.
459 3174 639 3214 ocvm.
668 3188 737 3199 -
760 3157 978 3213 XXXV.
1008 3156 1164 3224 Anno
1195 3158 1263 3213 I5
1288 3157 1436 3226 regni
1471 3155 1786 3212 Theoderici
1811 3196 1827 3223 ,

1933 1988 2026 2027 rex
2056 1975 2121 2027 ad
2151 1988 2273 2027 eum
2305 1988 2450 2041 saepe
2480 1973 2792 2027 Lussovium
2818 1978 2834 2022 t
2865 1973 3099 2038 veniret,
3127 1983 3179 2024 et
3203 1971 3499 2023 orationum

1930 2078 2148 2117 suarum
2187 2064 2438 2131 suﬂragia
2477 2065 2621 2117 omni
2661 2079 2781 2116 cum
2831 2062 3127 2116 humilitate
3169 2062 3500 2128 deposceret.

1932 2154 2012 2216 Ad
2054 2170 2209 2221 quem
2255 2155 2549 2222 smpissime
2575 2155 2737 2224 612
2764 2169 2885 2208 cum
2928 2154 3172 2219 veniret,
3219 2152 3379 2219 C(Bpil
3422 2151 3504 2205 vir

1932 2244 2032 2299 Dei
2079 2260 2200 2299 eum
2249 2245 2561 2314 increpare,
2616 2261 2714 2299 cur
2757 2246 3175 2299 concubinarum
3227 2243 3502 2297 adulteriis

1932 2334 2265 2399 misceretur,
2308 2343 2364 2388 et
2399 2349 2504 2388 non
2547 2338 2725 2404 potius
2756 2335 2978 2404 legitimi
3020 2334 3250 2404 conjegil
3288 2333 3500 2388 solamio

1932 2431 2088 2484 nibus
2136 2428 2438 2496 frueretur;
2497 2438 2556 2483 ut
2602 2429 2798 2499 regalis
2850 2430 3030 2498 proles
3078 2443 3145 2482 ex
3207 2427 3501 2483 honorabili

1930 2523 2110 2590 regina
2140 2522 2488 2590 procederet,
2519 2532 2575 2577 et
2604 2537 2708 2583 non
2739 2522 2917 2592 potius
2946 2538 3011 2576 ex
3047 2522 3393 2589 lupanaribus
3421 2520 3500 2574 vi-

1931 2615 2147 2669 deretur
2167 2629 2462 2684 emergere.
2490 2614 2727 2683 Cumque
2744 2614 2855 2683 jam
2883 2615 2947 2667 ad
2975 2614 3073 2667 viri
3100 2614 3190 2667 Dei
3220 2612 3500 2680 imperium

1932 2705 2071 2772 regls
2097 2718 2277 2759 sermo
2307 2705 2735 2772 obtemperaret,
2766 2714 2817 2757 ct
2856 2719 2915 2757 se
2939 2703 3006 2755 ab
3031 2703 3276 2756 onmibus
3306 2703 3501 2756 illicitis

1932 2808 2216 2864 segregare
2242 2799 2593 2862 -sponderet,
2649 2804 2883 2848 mentem
2940 2794 3295 2848 Brunichildis
3338 2794 3501 2855 aviaz,

1932 2885 2167 2939 secunda
2210 2896 2263 2938 ut
2301 2896 2415 2939 erat
2453 2885 2716 2939 Jt‘zabelis
2742 2883 2793 2949 ιε,
2818 2887 3081 2953 antiquus
3119 2884 3305 2955 anguis
3344 2884 3501 2947 adiit,

1932 2988 2161 3043 eamque
2224 2986 2408 3029 contra
2465 2975 2638 3029 virum
2695 2973 2793 3029 Dei
2846 2975 3172 3029 stimulatam
3240 2974 3500 3042 superbiai

1933 3064 2122 3119 aculeo
2149 3067 2383 3129 excitat,
2415 3066 2536 3133 quia
2565 3075 2810 3120 cerneret
2836 3064 2952 3119 viro
2983 3065 3074 3121 Dei
3114 3064 3499 3120 Theodericum

1934 3156 2172 3211 obedire.
2205 3157 2499 3212 Verebatur
2532 3156 2672 3211 enim
2705 3172 2806 3227 ne,
2847 3155 2891 3212 si
2932 3156 3158 3225 abiectis
3196 3155 3503 3211 concubinis

258 3266 378 3306 cum
424 3249 831 3305 Theudebcrtus
879 3247 1213 3302 Bilichildem
1247 3246 1265 3285 ί
1298 3246 1528 3301 habebat
1572 3259 1822 3309 uxorem,
1853 3234 1900 3297 C
1934 3247 2174 3315 reginam
2216 3248 2351 3302 aulae
2378 3246 2738 3318 pra-fecisset,
2772 3247 3045 3316 dignitatis
3081 3258 3241 3317 atque
3285 3246 3502 3300 honoris

258 3355 415 3410 quam
449 3339 805 3411 Brunicbildis
848 3352 877 3391 a
918 3338 1341 3407 negotiatoribus
1376 3346 1706 3391 mercaverat
1730 3379 1744 3404 ,
1775 3344 1832 3390 et

255 3445 397 3491 esset
424 3433 721 3513 Bilichildis
764 3431 942 3498 utilis,
972 3441 1028 3487 et
1054 3448 1084 3487 a
1116 3431 1323 3486 cunctis
1350 3430 1640 3487 Austrasiis
1666 3429 1830 3483 vehe-

256 3588 341 3643 die
370 3588 523 3656 vulgo
556 3587 777 3655 Biscaya
810 3582 1153 3656 (laABiscnye)
1183 3583 1397 3656 dicitur,
1429 3583 1582 3652 cujus
1612 3581 1820 3656 incolas

255 3652 494 3712 nonnulli
524 3658 682 3710 etiam
712 3652 913 3707 ξηιιὶουί
939 3661 1187 3706 auctores
1212 3652 1461 3707 Basculos
1484 3668 1580 3708 seu
1611 3653 1825 3707 Basclos

256 3728 545 3782 aonellant.

293 3744 604 3864 piéiiinééi,
650 3792 937 3861 subegerat:
982 3792 1119 3864 Etli_ti
1140 3832 1154 3855 ,
1184 3802 1401 3864 reserat.
1434 3791 1591 3864 Bob”
1623 3802 1825 3864 egerat;

257 3860 422 3935 (ιιιδίγο
451 3865 691 3917 Cointius
724 3860 870 3935 potat
897 3863 1033 3935 hunc
1063 3860 1410 3935 Francionem
1432 3878 1461 3916 a
1485 3860 1826 3935 Childéberto

257 3930 309 3990 et
343 3934 572 3988 Clotario
603 3930 909 4001 prchectum
943 3932 1103 3984 fuisse
1129 3930 1347 3983 Cantab:
1365 3937 1428 3984 iac
1448 3974 1461 3996 ,
1486 3949 1644 4001 quam
1671 3934 1829 3989 sube-

259 4015 478 4076 gerant,
510 4012 566 4056 ut
594 4000 793 4076 colligit
819 4017 883 4055 ex
917 4002 1008 4054 lib.
1044 4001 1268 4076 utilia.
1296 4001 1459 4072 Greg.
1489 4000 1608 4076 cap.
1635 4002 1730 4076 29.

332 4074 358 4112 ι’
402 4074 615 4142 Aliquot
640 4073 753 4137 ed.,
782 4081 1067 4142 revocatus.
1101 4070 1266 4124 I’orro
1297 4087 1328 4122 a
1355 4070 1497 4139 parte
1520 4072 1742 4139 imperii,
1776 4072 1827 4127 id

258 4154 370 4208 est,
405 4145 466 4196 ab
495 4141 720 4197 exercitu
749 4141 1110 4209 imperatoris;
1139 4151 1228 4194 aut
1263 4153 1411 4195 certe
1448 4142 1727 4210 legendum
1759 4143 1828 4195 ad

258 4223 643 4286 partenr,_etc.,
678 4212 726 4265 id
758 4220 870 4278 est,
902 4211 1126 4286 imperio
1155 4211 1421 4286 restituta.

335 4295 357 4321 ε
397 4284 547 4337 (Iolb.
578 4282 670 4336 alt.
704 4296 862 4335 manu
884 4323 898 4344 ,
929 4280 1101 4351 etCh.
1124 4278 1218 4347 a|.,
1246 4279 1627 4351 Bajuariorum.
1651 4282 1830 4337 Theo-

259 4354 468 4409 tIelinda
510 4353 735 4422 primum
776 4349 1065 4422 Anthario,
1108 4349 1436 4422 Agonisseu
1479 4352 1690 4421 Agilulfi
1731 4354 1827 4407 de-

259 4420 973 4490 cessori{nupserataVide
1012 4420 1233 4490 Paulum
1266 4420 1443 4487 Diac.,
1476 4420 1573 4476 lib.
1608 4438 1662 4475 ιιι
1703 4437 1823 4489 cap.

260 4494 348 4556 3i,
377 4502 430 4546 et
458 4492 551 4546 lib.
585 4489 635 4544 tv
665 4505 784 4557 cap.
810 4489 842 4541 5
868 4499 924 4543 et
951 4504 1101 4556 seqq.
1129 4489 1329 4542 Dicitur
1349 4507 1412 4542 ex
1436 4506 1631 4558 genere
1663 4492 1827 4545 Fran-

260 4577 480 4625 corum,
522 4575 630 4625 11οη
675 4560 843 4611 solum
896 4559 1034 4626 quod
1087 4558 1325 4625 Bajoaria
1371 4570 1513 4613 esset
1559 4569 1684 4614 tunc
1726 4562 1825 4613 sub

1931 3340 2012 3393 sui
2049 3339 2262 3393 modum
2301 3347 2650 3406 amputasset.
2682 3339 2870 3392 Evenit
2892 3352 3020 3405 ergo
3054 3347 3113 3392 ut
3145 3337 3369 3405 quadam
3414 3335 3501 3389 die
3536 3372 3545 3379 ο

1930 3430 2117 3486 beatus
2155 3429 2514 3484 Columbanns
2553 3430 2620 3484 ad
2662 3428 3063 3483 Brunicbildem
3108 3428 3332 3483 veniret.
3379 3427 3502 3481 Erat

1932 3582 2175 3638 nonnulli
2220 3586 2482 3655 superiori
2530 3585 2764 3640 Elisatia:
2799 3584 3112 3639 attribuunt.
3156 3582 3308 3640 Alter
3351 3585 3494 3655 igno-

1932 3662 2015 3708 tus
2043 3659 2145 3706 es’t.

2010 3721 2033 3759 δ
2065 3723 2195 3789 Quae
2221 3724 2306 3779 hic
2333 3724 2596 3780 habentur
2623 3739 2788 3794 usque
2814 3724 2879 3779 ad
2910 3724 3066 3793 hujus
3089 3723 3275 3793 capitis
3307 3724 3461 3778 linem
3484 3766 3501 3790 ,

1932 3794 2121 3848 iisdem
2151 3799 2371 3850 ontnino
2402 3797 2581 3850 verbis
2613 3796 2857 3865 leguntur
2877 3796 2929 3849 in
2957 3797 3073 3851 Vita
3096 3794 3266 3848 sancti
3291 3794 3501 3847 Colum-

1935 3864 2057 3918 bani
2087 3878 2181 3931 per
2210 3867 2399 3921 Jonam
2433 3869 2627 3934 scripta
2650 3864 2845 3929 (riunt.
2875 3867 2938 3921 5|
2973 3876 3026 3920 et
3054 3879 3246 3934 seqq.,
3274 3865 3325 3918 in
3355 3866 3504 3919 Actis

1931 3945 2238 4003 sanctorum
2270 3937 2389 3989 ord.
2423 3936 2782 4002 Benedictini,
2816 3951 2942 3991 8:120.
2978 3951 3046 4000 ll,
3082 3950 3201 4003 pag.
3235 3934 3319 3987 I7.

2008 4002 2025 4041 ί
2060 4004 2153 4062 Sic
2191 4006 2560 4075 antiquissima
2592 4022 2748 4060 malm
2779 4002 3119 4075 emendatum
3152 4008 3201 4058 in
3230 4004 3349 4075 cod.
3383 4003 3497 4057 Clu-

1930 4090 2091 4143 rom.,
2123 4077 2210 4145 qui
2241 4077 2371 4129 alias
2402 4084 2457 4128 ut
2494 4076 2657 4137 editi,
2702 4076 2967 4130 habebat:
3000 4074 3188 4129 Beatus
3226 4074 3501 4145 columba-

1932 4160 2029 4216 nus
2078 4156 2299 4203 creverat
2340 4149 2454 4216 jam
2498 4146 2686 4213 passim
2718 4148 2856 4215 fama
2894 4146 3111 4199 civitatis
3138 4159 3247 4197 sua:
3274 4144 3326 4197 in
3347 4185 3361 4205 ,
3393 4155 3499 4198 etc.

1932 4215 2105 4283 Colb.,
2139 4219 2281 4281 fama
2309 4215 2515 4269 invitare
2542 4232 2633 4268 sua
2657 4232 2676 4282 ;
2702 4227 2755 4269 et
2780 4216 2949 4271 altera
2979 4231 3139 4269 manu
3160 4256 3173 4276 ,
3208 4215 3469 4267 invitante.

2006 4296 2020 4334 J
2062 4288 2201 4342 Editi
2229 4300 2349 4339 cum
2379 4284 2557 4344 Colb..
2593 4285 2874 4339 Luxorium
2893 4329 2905 4349 ,
2932 4296 2986 4340 et
3015 4288 3093 4339 sic
3120 4285 3273 4338 infra.
3305 4283 3499 4338 111100-

1930 4355 2210 4412 lumbanus
2242 4355 2623 4408 monasterium
2655 4356 2963 4409 condiderat
2984 4396 2998 4419 ,
3029 4354 3169 4423 quod
3199 4368 3264 4407 ex
3296 4365 3417 4407 tunc
3447 4363 3502 4408 et

1930 4428 2215 4482 sanctitate
2251 4434 2305 4478 et
2346 4424 2730 4479 monachorum
2771 4440 2992 4479 numero
3035 4424 3343 4494 pet-celebre
3384 4424 3498 4476 fuit.

1926 4494 2190 4564 Stperest
2217 4511 2357 4549 nunc
2382 4511 2504 4547 cum
2534 4495 2732 4562 Oppido
2758 4496 3080 4563 cognomini,
3112 4494 3165 4549 in
3191 4494 3501 4562 Burgundio:

1931 4563 2205 4630 Comitatu,
2230 4566 2384 4632 vulgo
2414 4564 2634 4618 Luxeml
2658 4566 2880 4631 dictum,
2908 4563 3301 4633 congregationi
3331 4566 3504 4618 sancti

261 4610 835 4704 Francoi'um_ditione,
862 4610 1045 4704 verum
1068 4610 1239 4704 etiam
1256 4610 1826 4704 iquodiia-viamwhabue}
1857 4610 1907 4668 D

262 4702 366 4762 rit,
407 4695 464 4753 ιιι
502 4697 657 4753 multi
694 4695 908 4760 volunt,
952 4695 1364 4764 Ragiutrudcm,
1405 4698 1761 4753 Thcodeberii
1802 4700 1821 4753 I

263 4770 451 4823 tiliam.
503 4767 652 4822 Adde
691 4766 829 4835 quod
878 4775 1100 4820 mtrem
1147 4767 1427 4833 habuerit,
1472 4770 1547 4825 uti
1595 4770 1821 4833 videtur,

267 4839 533 4893 Ultradam
564 4837 801 4891 relictam
830 4835 1194 4891 Theodebaldi
1226 4839 1384 4903 regis.

332 4908 356 4945 ἀ
397 4907 532 4961 Alii:
563 4906 929 4967 Haribertum,
962 4907 1101 4975 quod
1136 4908 1353 4974 perinde
1377 4918 1477 4963 est.

336 4990 360 5015 υ
404 4979 533 5032 111110
578 4978 774 5031 dictum
821 4975 1207 5041 faldistorium,
1258 4978 1412 5046 vulgo
1453 4996 1522 5032 un
1571 4979 1825 5046 faulettil,

263 5066 421 5119 quam
466 5063 718 5119 vocem_e
759 5045 1023 5119 saxmiico
1071 5045 1492 5119 vocabulo’fald
1533 5045 1822 5102 derivatatn

263 5114 466 5172 v'olunt.
501 5114 632 5169 Vide
659 5114 841 5183 Cangii
875 5114 1223 5169 Glossarium.

338 5188 358 5225 ί
401 5187 534 5258 Alii,
574 5184 906 5258 Beligclrirldis;
945 5198 997 5240 et
1036 5185 1205 5253 infra,
1236 5199 1499 5242 cerneret:
1526 5189 1614 5242 sed
1643 5188 1830 5258 δωρεαί

260 5263 452 5330 legatos
476 5255 843 5330 Bruttia/nitur.

286 5324 359 5374 t's
396 5328 497 5382 Cb.
539 5335 592 5380 et
622 5324 801 5389 Freh.,
830 5326 1067 5396 placitus.
1099 5327 1197 5382 Ch.
1231 5328 1325 5391 aL,
1356 5327 1601 5384 Colcunse
1630 5336 1677 5380 et
1710 5326 1831 5382 Soi-

264 5409 417 5459 tense,
448 5398 529 5451 vel
558 5397 873 5464 Segintense.
902 5399 1039 5460 ($01.,
1068 5397 1245 5465 Bi_gu,,
1270 5399 1417 5461 Ban,
1447 5398 1523 5450 Ill.
1557 5408 1611 5452 et
1639 5399 1825 5464 Itoch.,

262 5468 509 5532 placitum
538 5478 609 5521 est
638 5468 689 5518 in
720 5466 976 5521 Colere/tsi
1015 5479 1059 5519 et
1107 5463 1389 5523 3011ιί1011ιὶ
1430 5469 1556 5529 ﬁeri.
1606 5468 1736 5520 Iloli.
1781 5463 1830 5519 ct

263 5539 448 5600 Colb.,
478 5540 530 5589 in
561 5537 824 5589 Colereuse
853 5547 898 5589 et
930 5538 1249 5605 Sogintrnse.
1279 5537 1339 5590 lli
1369 5540 1480 5603 pagi
1509 5537 1825 5591 contermini

265 5619 419 5660 erant
439 5652 452 5672 ,
479 5609 621 5675 prior
648 5606 700 5659 in
732 5608 973 5672 Austria,
1003 5610 1137 5659 alter
1168 5608 1218 5659 in
1249 5606 1545 5675 Burgmtdia
1566 5646 1581 5669 ,
1612 5608 1662 5659 in
1692 5622 1824 5673 quo-

267 5691 383 5727 rum
428 5677 615 5729 finibus
654 5677 886 5729 habitum
929 5687 1009 5728 est
1051 5676 1320 5741 placitum.
1362 5677 1693 5740 Sugintcnsis
1731 5692 1826 5729 no-

264 5748 406 5798 mine
432 5745 693 5813 designari
726 5745 931 5797 videtur
959 5746 1003 5797 le
1035 5747 1301 5815 Suntgazu,
1336 5748 1387 5799 in
1420 5746 1685 5815 provincia
1718 5747 1822 5797 Ma-

262 5817 403 5869 xima
442 5816 805 5876 Sequanorum
848 5830 1030 5870 versus
1081 5817 1377 5883 Elisatiam,
1429 5832 1583 5885 quem
1627 5831 1818 5886 pagum

2005 4709 2031 4741 ¹ί
2065 4706 2216 4760 CoIb.
2248 4716 2300 4759 et
2327 4706 2490 4769 Clam,
2515 4703 2772 4757 Zezabelis
2796 4722 2813 4767 ;
2837 4703 2937 4758 Ch.
2965 4705 3060 4767 a|.,
3085 4703 3355 4757 diabolica.
3384 4703 3498 4759 Vel.

1933 4775 2021 4831 ed.
2053 4778 2216 4831 Boeh.
2247 4784 2302 4829 et
2341 4776 2538 4837 caeteri,
2578 4775 2855 4828 secundum
2886 4787 3051 4828 vetera
3075 4786 3122 4828 et
3162 4775 3495 4827 detestabilia.

1933 4847 2037 4907 Ill.,
2064 4845 2393 4900 detestabilis.
2421 4845 2684 4898 Inliciatur
2706 4845 2944 4898 Cointius
2971 4861 3000 4898 a
3026 4844 3358 4898 Theoderico
3378 4858 3499 4913 rege

1932 4914 2155 4984 injustas
2181 4928 2376 4970 uxores
2402 4914 2587 4967 ductas
2627 4915 2788 4967 fuisse
2809 4954 2823 4977 ,
2867 4914 3172 4983 nullamque
3210 4913 3364 4979 hujus
3389 4916 3499 4967 od.i

1932 4999 2146 5039 causam
2171 4986 2445 5040 exstitisse
2468 4985 2779 5050 arbitratur,
2806 4984 2907 5038 nisi
2935 4986 3077 5053 quod
3095 4984 3453 5038 Columbanns
3470 4998 3503 5036 a

1933 5056 2013 5108 sui
2045 5056 2351 5112 monasterii
2384 5054 2623 5123 ingressu
2654 5056 2938 5113 saeculares
2969 5055 3133 5117 viros,
3157 5054 3319 5107 etiam
3355 5054 3501 5120 prin-

1937 5126 2080 5191 cipes
2101 5165 2118 5191 ,
2150 5124 2425 5192 ips-umque
2471 5124 2862 5179 Brunichildem
2906 5124 3166 5179 arcuissi't
3186 5163 3201 5183 ,
3231 5137 3387 5192 quam
3414 5137 3499 5175 Si-

1936 5194 2039 5247 lam
2069 5210 2284 5250 causam
2316 5202 2579 5248 memorat
2613 5205 2800 5247 auctor
2827 5204 3127 5248 coaetaneus
3158 5192 3288 5246 Viue
3328 5196 3501 5261 sancti

1942 5266 2080 5333 Agili
2112 5266 2318 5319 abbatis
2342 5264 2714 5318 Resbacensis.
2742 5263 2901 5317 Forte
2932 5264 3044 5317 haec
3070 5263 3239 5332 prima
3270 5262 3501 5331 fuitjur-

1936 5336 2143 5405 giorum
2172 5338 2383 5388 occasio
2403 5376 2417 5399 ,
2448 5350 2509 5389 ex
2540 5350 2643 5403 qua
2664 5372 2680 5399 ,
2713 5336 2787 5388 uti
2815 5334 3130 5405 Ilerisolet,
3162 5334 3279 5405 alia:
3320 5348 3500 5399 postea

1936 5403 2141 5459 exorta:
2180 5404 2412 5459 fuerunt.
2461 5405 2592 5458 Ilinc
2621 5419 2747 5458 vero
2775 5404 2955 5457 mirari
2986 5405 3128 5457 subit
3158 5403 3373 5455 Patrum
3405 5418 3499 5457 no-

1933 5486 2163 5527 strorum
2206 5475 2518 5543 religionem
2549 5475 2600 5527 in
2636 5474 2882 5542 fugiendo
2911 5475 3244 5527 saecularium
3275 5487 3498 5527 consor-

1935 5544 2029 5596 tio.
2073 5548 2333 5611 Quantam
2374 5561 2499 5599 vero
2535 5546 2858 5614 diligentiam
2898 5545 2949 5596 in
2998 5543 3262 5597 servanda
3292 5544 3499 5614 bacar-

1930 5614 2219 5667 cendorutn
2253 5616 2587 5681 smcularium
2616 5613 2650 5667 a'
2675 5614 3013 5668 monasteriis
3040 5614 3318 5681 disciplina
3349 5613 3499 5677 adhi-

1931 5684 2150 5754 b-rcut,
2192 5685 2387 5754 videsis
2427 5685 2568 5754 apud
2614 5680 2883 5749 Mabillon.
2928 5686 2980 5739 in
3026 5680 3191 5754 praef.
3225 5683 3406 5741 saeculi
3459 5696 3476 5735 1

1927 5753 2123 5809 Benetl.
2153 5752 2417 5821 nutn._55.
2466 5752 2476 5754 ἡ
3028 5752 3041 5754 ‘
3160 5784 3163 5787 .
