  <div class='ocr_page' id='page_1' title='image "/cluster/home/n/w/nwhite01/storage/ocr_20150623/71/hvd.32044054758743/320.png"; bbox 0 0 3982 6346; ppageno 0'>
   <div class='ocr_carea' id='block_1_1' title="bbox 466 414 568 468">
    <p class='ocr_par' dir='ltr' id='par_1_1' title="bbox 466 414 568 468">
     <span class='ocr_line' id='line_1_1' title="bbox 466 414 568 468; baseline 0 0"><span class='ocrx_word' id='word_1_1' title='bbox 466 414 568 468; x_wconf 66' lang='grc'><strong>625</strong></span> 
     </span>
    </p>
   </div>
   <div class='ocr_carea' id='block_1_2' title="bbox 1916 403 2433 463">
    <p class='ocr_par' dir='ltr' id='par_1_2' title="bbox 1916 403 2433 463">
     <span class='ocr_line' id='line_1_2' title="bbox 1916 403 2433 463; baseline -0.008 0"><span class='ocrx_word' id='word_1_2' title='bbox 1916 403 2323 463; x_wconf 68' lang='grc' dir='ltr'>ςιιιιοΝιευιι</span> <span class='ocrx_word' id='word_1_3' title='bbox 2410 446 2433 459; x_wconf 74' lang='grc'>.</span> 
     </span>
    </p>
   </div>
   <div class='ocr_carea' id='block_1_3' title="bbox 3629 399 3741 458">
    <p class='ocr_par' dir='ltr' id='par_1_3' title="bbox 3629 399 3741 458">
     <span class='ocr_line' id='line_1_3' title="bbox 3629 399 3741 458; baseline -0.018 -2"><span class='ocrx_word' id='word_1_4' title='bbox 3629 399 3741 458; x_wconf 66' lang='grc'><strong>626</strong></span> 
     </span>
    </p>
   </div>
   <div class='ocr_carea' id='block_1_4' title="bbox 467 512 3740 599">
    <p class='ocr_par' dir='ltr' id='par_1_4' title="bbox 467 512 3740 599">
     <span class='ocr_line' id='line_1_4' title="bbox 467 512 3740 599; baseline -0.006 -10"><span class='ocrx_word' id='word_1_5' title='bbox 467 534 610 589; x_wconf 87' lang='lat' dir='ltr'><strong>enim</strong></span> <span class='ocrx_word' id='word_1_6' title='bbox 652 540 777 587; x_wconf 91' lang='lat' dir='ltr'><strong>tunc</strong></span> <span class='ocrx_word' id='word_1_7' title='bbox 818 530 958 599; x_wconf 90' lang='lat' dir='ltr'><strong>apud</strong></span> <span class='ocrx_word' id='word_1_8' title='bbox 992 529 1364 583; x_wconf 82' lang='lat' dir='ltr'><strong>Brucariacum</strong></span> <span class='ocrx_word' id='word_1_9' title='bbox 1393 512 1424 564; x_wconf 69' lang='grc' dir='ltr'><strong>ῖί</strong></span> <span class='ocrx_word' id='word_1_10' title='bbox 1453 528 1648 581; x_wconf 85' lang='lat' dir='ltr'><strong>villam.</strong></span> <span class='ocrx_word' id='word_1_11' title='bbox 1685 524 1925 594; x_wconf 88' lang='lat' dir='ltr'><strong>Cumque</strong></span> <span class='ocrx_word' id='word_1_12' title='bbox 1955 521 2123 599; x_wconf 13' lang='lat' dir='ltr'><strong>illagA</strong></span> <span class='ocrx_word' id='word_1_13' title='bbox 2152 519 2404 572; x_wconf 86' lang='lat' dir='ltr'><strong>adversus</strong></span> <span class='ocrx_word' id='word_1_14' title='bbox 2450 525 2693 571; x_wconf 87' lang='lat' dir='ltr'><strong>sanctum</strong></span> <span class='ocrx_word' id='word_1_15' title='bbox 2736 515 3127 571; x_wconf 76' lang='lat' dir='ltr'><strong>Columbanum</strong></span> <span class='ocrx_word' id='word_1_16' title='bbox 3181 518 3377 571; x_wconf 88' lang='lat' dir='ltr'><strong>excitat</strong></span> <span class='ocrx_word' id='word_1_17' title='bbox 3406 554 3420 580; x_wconf 84' lang='lat'><strong>,</strong></span> <span class='ocrx_word' id='word_1_18' title='bbox 3481 517 3740 588; x_wconf 68' lang='lat' dir='ltr'><strong>omnique</strong></span> 
     </span>
    </p>
   </div>
   <div class='ocr_carea' id='block_1_5' title="bbox 466 596 2095 685">
    <p class='ocr_par' dir='ltr' id='par_1_5' title="bbox 466 596 2095 685">
     <span class='ocr_line' id='line_1_5' title="bbox 466 596 2095 685; baseline -0.007 -4"><span class='ocrx_word' id='word_1_19' title='bbox 466 643 589 681; x_wconf 91' lang='lat' dir='ltr'><strong>eum</strong></span> <span class='ocrx_word' id='word_1_20' title='bbox 616 606 671 679; x_wconf 80' lang='lat' dir='ltr'><strong>in</strong></span> <span class='ocrx_word' id='word_1_21' title='bbox 691 625 863 678; x_wconf 87' lang='lat' dir='ltr'><strong>aulam</strong></span> <span class='ocrx_word' id='word_1_22' title='bbox 894 624 1079 678; x_wconf 87' lang='lat' dir='ltr'><strong>venire</strong></span> <span class='ocrx_word' id='word_1_23' title='bbox 1106 631 1369 685; x_wconf 85' lang='lat' dir='ltr'><strong>cerneret,</strong></span> <span class='ocrx_word' id='word_1_24' title='bbox 1396 621 1533 674; x_wconf 79' lang='lat' dir='ltr'><strong>Illius</strong></span> <span class='ocrx_word' id='word_1_25' title='bbox 1554 618 1897 679; x_wconf 84' lang='lat' dir='ltr'><strong>Thcuderici,</strong></span> <span class='ocrx_word' id='word_1_26' title='bbox 1920 596 2095 684; x_wconf 53' lang='lat' dir='ltr'><strong>quosw</strong></span> 
     </span>
    </p>
   </div>
   <div class='ocr_carea' id='block_1_6' title="bbox 466 708 2049 785">
    <p class='ocr_par' dir='ltr' id='par_1_6' title="bbox 466 708 2049 785">
     <span class='ocr_line' id='line_1_6' title="bbox 466 708 2049 785; baseline -0.007 -14"><span class='ocrx_word' id='word_1_27' title='bbox 466 721 534 772; x_wconf 90' lang='lat' dir='ltr'><strong>de</strong></span> <span class='ocrx_word' id='word_1_28' title='bbox 562 715 880 771; x_wconf 82' lang='lat' dir='ltr'><strong>adulterinis</strong></span> <span class='ocrx_word' id='word_1_29' title='bbox 908 714 1351 785; x_wconf 86' lang='lat' dir='ltr'><strong>permixtionibus</strong></span> <span class='ocrx_word' id='word_1_30' title='bbox 1381 711 1609 767; x_wconf 89' lang='lat' dir='ltr'><strong>habebat</strong></span> <span class='ocrx_word' id='word_1_31' title='bbox 1627 750 1641 775; x_wconf 95' lang='lat'><strong>,</strong></span> <span class='ocrx_word' id='word_1_32' title='bbox 1670 711 1735 763; x_wconf 89' lang='lat' dir='ltr'><strong>ad</strong></span> <span class='ocrx_word' id='word_1_33' title='bbox 1762 710 1930 763; x_wconf 90' lang='lat' dir='ltr'><strong>virmn</strong></span> <span class='ocrx_word' id='word_1_34' title='bbox 1958 708 2049 762; x_wconf 89' lang='lat' dir='ltr'><strong>Dei</strong></span> 
     </span>
    </p>
   </div>
   <div class='ocr_carea' id='block_1_7' title="bbox 467 799 2048 875">
    <p class='ocr_par' dir='ltr' id='par_1_7' title="bbox 467 799 2048 875">
     <span class='ocr_line' id='line_1_7' title="bbox 467 799 2048 875; baseline -0.003 -16"><span class='ocrx_word' id='word_1_35' title='bbox 467 807 722 873; x_wconf 75' lang='lat' dir='ltr'><strong>adducit;</strong></span> <span class='ocrx_word' id='word_1_36' title='bbox 763 821 897 875; x_wconf 90' lang='lat' dir='ltr'><strong>quos</strong></span> <span class='ocrx_word' id='word_1_37' title='bbox 947 820 1067 858; x_wconf 91' lang='lat' dir='ltr'><strong>cum</strong></span> <span class='ocrx_word' id='word_1_38' title='bbox 1121 805 1367 869; x_wconf 88' lang='lat' dir='ltr'><strong>vidisset,</strong></span> <span class='ocrx_word' id='word_1_39' title='bbox 1421 801 1722 858; x_wconf 69' lang='lat' dir='ltr'><strong>sciscitatur</strong></span> <span class='ocrx_word' id='word_1_40' title='bbox 1774 801 1901 870; x_wconf 90' lang='lat' dir='ltr'><strong>quid</strong></span> <span class='ocrx_word' id='word_1_41' title='bbox 1948 799 2048 854; x_wconf 86' lang='lat' dir='ltr'><strong>sibi</strong></span> 
     </span>
    </p>
   </div>
   <div class='ocr_carea' id='block_1_8' title="bbox 467 893 2050 965">
    <p class='ocr_par' dir='ltr' id='par_1_8' title="bbox 467 893 2050 965">
     <span class='ocr_line' id='line_1_8' title="bbox 467 893 2050 965; baseline -0.003 -16"><span class='ocrx_word' id='word_1_42' title='bbox 467 899 683 953; x_wconf 80' lang='lat' dir='ltr'><strong>vellent.</strong></span> <span class='ocrx_word' id='word_1_43' title='bbox 742 899 837 951; x_wconf 82' lang='lat' dir='ltr'><strong>Cui</strong></span> <span class='ocrx_word' id='word_1_44' title='bbox 883 896 1241 950; x_wconf 83' lang='lat' dir='ltr'><strong>Brunicbildis</strong></span> <span class='ocrx_word' id='word_1_45' title='bbox 1296 897 1417 949; x_wconf 89' lang='lat' dir='ltr'><strong>ait:</strong></span> <span class='ocrx_word' id='word_1_46' title='bbox 1466 894 1624 965; x_wconf 78' lang='lat' dir='ltr'><strong>Regis</strong></span> <span class='ocrx_word' id='word_1_47' title='bbox 1661 903 1787 948; x_wconf 90' lang='lat' dir='ltr'><strong>sunt</strong></span> <span class='ocrx_word' id='word_1_48' title='bbox 1827 893 1951 960; x_wconf 82' lang='lat' dir='ltr'><strong>lilii,</strong></span> <span class='ocrx_word' id='word_1_49' title='bbox 1994 901 2050 946; x_wconf 91' lang='lat' dir='ltr'><strong>tu</strong></span> 
     </span>
    </p>
   </div>
   <div class='ocr_carea' id='block_1_9' title="bbox 470 985 2053 1054">
    <p class='ocr_par' dir='ltr' id='par_1_9' title="bbox 470 985 2053 1054">
     <span class='ocr_line' id='line_1_9' title="bbox 470 985 2053 1054; baseline -0.006 -7"><span class='ocrx_word' id='word_1_50' title='bbox 470 1008 561 1047; x_wconf 88' lang='lat' dir='ltr'><strong>eos</strong></span> <span class='ocrx_word' id='word_1_51' title='bbox 596 989 973 1046; x_wconf 89' lang='lat' dir='ltr'><strong>benedictione</strong></span> <span class='ocrx_word' id='word_1_52' title='bbox 1004 988 1217 1043; x_wconf 83' lang='lat' dir='ltr'><strong>robora.</strong></span> <span class='ocrx_word' id='word_1_53' title='bbox 1264 988 1333 1042; x_wconf 86' lang='lat' dir='ltr'><strong>At</strong></span> <span class='ocrx_word' id='word_1_54' title='bbox 1373 986 1503 1041; x_wconf 88' lang='lat' dir='ltr'><strong>ille:</strong></span> <span class='ocrx_word' id='word_1_55' title='bbox 1547 985 1931 1054; x_wconf 78' lang='lat' dir='ltr'><strong>Nequaquam,</strong></span> <span class='ocrx_word' id='word_1_56' title='bbox 1973 985 2053 1038; x_wconf 86' lang='lat' dir='ltr'><strong>in-</strong></span> 
     </span>
    </p>
   </div>
   <div class='ocr_carea' id='block_1_10' title="bbox 464 1072 2053 1151">
    <p class='ocr_par' dir='ltr' id='par_1_10' title="bbox 464 1072 2053 1151">
     <span class='ocr_line' id='line_1_10' title="bbox 464 1072 2053 1151; baseline -0.004 -17"><span class='ocrx_word' id='word_1_57' title='bbox 464 1082 614 1151; x_wconf 83' lang='lat' dir='ltr'><strong>quit,</strong></span> <span class='ocrx_word' id='word_1_58' title='bbox 666 1081 798 1134; x_wconf 89' lang='lat' dir='ltr'><strong>istos</strong></span> <span class='ocrx_word' id='word_1_59' title='bbox 846 1078 1046 1148; x_wconf 79' lang='lat' dir='ltr'><strong>regalia</strong></span> <span class='ocrx_word' id='word_1_60' title='bbox 1098 1085 1310 1145; x_wconf 87' lang='lat' dir='ltr'><strong>sceptra</strong></span> <span class='ocrx_word' id='word_1_61' title='bbox 1357 1086 1709 1144; x_wconf 82' lang='lat' dir='ltr'><strong>suscepturos</strong></span> <span class='ocrx_word' id='word_1_62' title='bbox 1755 1074 1930 1140; x_wconf 87' lang='lat' dir='ltr'><strong>scias;</strong></span> <span class='ocrx_word' id='word_1_63' title='bbox 1983 1072 2053 1127; x_wconf 90' lang='lat' dir='ltr'><strong>de</strong></span> 
     </span>
    </p>
   </div>
   <div class='ocr_carea' id='block_1_11' title="bbox 466 1162 2053 1240">
    <p class='ocr_par' dir='ltr' id='par_1_11' title="bbox 466 1162 2053 1240">
     <span class='ocr_line' id='line_1_11' title="bbox 466 1162 2053 1240; baseline -0.004 -17"><span class='ocrx_word' id='word_1_64' title='bbox 466 1168 817 1240; x_wconf 85' lang='lat' dir='ltr'><strong>lupanaribus</strong></span> <span class='ocrx_word' id='word_1_65' title='bbox 843 1175 1204 1224; x_wconf 77' lang='lat' dir='ltr'><strong>emerserunt.</strong></span> <span class='ocrx_word' id='word_1_66' title='bbox 1250 1166 1345 1221; x_wconf 88' lang='lat' dir='ltr'><strong>Illa</strong></span> <span class='ocrx_word' id='word_1_67' title='bbox 1389 1165 1569 1220; x_wconf 81' lang='lat' dir='ltr'><strong>furens</strong></span> <span class='ocrx_word' id='word_1_68' title='bbox 1610 1164 1860 1234; x_wconf 87' lang='lat' dir='ltr'><strong>parvulos</strong></span> <span class='ocrx_word' id='word_1_69' title='bbox 1901 1162 2053 1217; x_wconf 87' lang='lat' dir='ltr'><strong>abire</strong></span> 
     </span>
    </p>
   </div>
   <div class='ocr_carea' id='block_1_12' title="bbox 460 1251 2049 1329">
    <p class='ocr_par' dir='ltr' id='par_1_12' title="bbox 460 1251 2049 1329">
     <span class='ocr_line' id='line_1_12' title="bbox 460 1251 2049 1329; baseline -0.005 -16"><span class='ocrx_word' id='word_1_70' title='bbox 460 1259 635 1327; x_wconf 85' lang='lat' dir='ltr'><strong>jubet.</strong></span> <span class='ocrx_word' id='word_1_71' title='bbox 693 1257 989 1329; x_wconf 78' lang='lat' dir='ltr'><strong>Egrediens</strong></span> <span class='ocrx_word' id='word_1_72' title='bbox 1044 1259 1125 1311; x_wconf 83' lang='lat' dir='ltr'><strong>vir</strong></span> <span class='ocrx_word' id='word_1_73' title='bbox 1178 1256 1272 1311; x_wconf 88' lang='lat' dir='ltr'><strong>Dei</strong></span> <span class='ocrx_word' id='word_1_74' title='bbox 1330 1255 1529 1325; x_wconf 77' lang='lat' dir='ltr'><strong>regiam</strong></span> <span class='ocrx_word' id='word_1_75' title='bbox 1583 1254 1759 1309; x_wconf 83' lang='lat' dir='ltr'><strong>aulam</strong></span> <span class='ocrx_word' id='word_1_76' title='bbox 1802 1251 1867 1317; x_wconf 76' lang='grc' dir='ltr'><strong>δ,</strong></span> <span class='ocrx_word' id='word_1_77' title='bbox 1924 1252 2049 1307; x_wconf 91' lang='lat' dir='ltr'><strong>dum</strong></span> 
     </span>
    </p>
   </div>
   <div class='ocr_carea' id='block_1_13' title="bbox 468 1344 2050 1415">
    <p class='ocr_par' dir='ltr' id='par_1_13' title="bbox 468 1344 2050 1415">
     <span class='ocr_line' id='line_1_13' title="bbox 468 1344 2050 1415; baseline -0.001 -15"><span class='ocrx_word' id='word_1_78' title='bbox 468 1349 695 1402; x_wconf 85' lang='lat' dir='ltr'><strong>limitem</strong></span> <span class='ocrx_word' id='word_1_79' title='bbox 762 1348 1092 1413; x_wconf 83' lang='lat' dir='ltr'><strong>transiliret,</strong></span> <span class='ocrx_word' id='word_1_80' title='bbox 1155 1347 1331 1415; x_wconf 81' lang='lat' dir='ltr'><strong>fragor</strong></span> <span class='ocrx_word' id='word_1_81' title='bbox 1385 1362 1450 1400; x_wconf 85' lang='lat' dir='ltr'><strong>ex</strong></span> <span class='ocrx_word' id='word_1_82' title='bbox 1518 1353 1721 1399; x_wconf 87' lang='lat' dir='ltr'><strong>terrore</strong></span> <span class='ocrx_word' id='word_1_83' title='bbox 1788 1344 2050 1409; x_wconf 87' lang='lat' dir='ltr'><strong>incussit,</strong></span> 
     </span>
    </p>
   </div>
   <div class='ocr_carea' id='block_1_14' title="bbox 467 1434 2047 1504">
    <p class='ocr_par' dir='ltr' id='par_1_14' title="bbox 467 1434 2047 1504">
     <span class='ocr_line' id='line_1_14' title="bbox 467 1434 2047 1504; baseline -0.001 -16"><span class='ocrx_word' id='word_1_84' title='bbox 467 1452 568 1492; x_wconf 88' lang='lat' dir='ltr'><strong>nec</strong></span> <span class='ocrx_word' id='word_1_85' title='bbox 623 1446 800 1491; x_wconf 91' lang='lat' dir='ltr'><strong>tamen</strong></span> <span class='ocrx_word' id='word_1_86' title='bbox 859 1436 1071 1489; x_wconf 75' lang='lat' dir='ltr'><strong>misera:</strong></span> <span class='ocrx_word' id='word_1_87' title='bbox 1124 1435 1333 1488; x_wconf 70' lang='lat' dir='ltr'><strong>femina:</strong></span> <span class='ocrx_word' id='word_1_88' title='bbox 1393 1434 1625 1488; x_wconf 81' lang='lat' dir='ltr'><strong>furorem</strong></span> <span class='ocrx_word' id='word_1_89' title='bbox 1681 1434 2047 1504; x_wconf 89' lang='lat' dir='ltr'><strong>compescuit,</strong></span> 
     </span>
    </p>
   </div>
   <div class='ocr_carea' id='block_1_15' title="bbox 466 1528 2050 1599">
    <p class='ocr_par' dir='ltr' id='par_1_15' title="bbox 466 1528 2050 1599">
     <span class='ocr_line' id='line_1_15' title="bbox 466 1528 2050 1599; baseline 0 -16"><span class='ocrx_word' id='word_1_90' title='bbox 466 1539 732 1599; x_wconf 83' lang='lat' dir='ltr'><strong>paratque</strong></span> <span class='ocrx_word' id='word_1_91' title='bbox 772 1529 969 1585; x_wconf 87' lang='lat' dir='ltr'><strong>deinde</strong></span> <span class='ocrx_word' id='word_1_92' title='bbox 1014 1528 1236 1584; x_wconf 83' lang='lat' dir='ltr'><strong>insidias</strong></span> <span class='ocrx_word' id='word_1_93' title='bbox 1281 1530 1480 1583; x_wconf 90' lang='lat' dir='ltr'><strong>moliri.</strong></span> <span class='ocrx_word' id='word_1_94' title='bbox 1514 1528 1716 1584; x_wconf 76' lang='lat' dir='ltr'><strong>Vicinis</strong></span> <span class='ocrx_word' id='word_1_95' title='bbox 1741 1529 2050 1584; x_wconf 79' lang='lat' dir='ltr'><strong>monasterii</strong></span> 
     </span>
    </p>
   </div>
   <div class='ocr_carea' id='block_1_16' title="bbox 464 1620 2046 1690">
    <p class='ocr_par' dir='ltr' id='par_1_16' title="bbox 464 1620 2046 1690">
     <span class='ocr_line' id='line_1_16' title="bbox 464 1620 2046 1690; baseline 0.001 -16"><span class='ocrx_word' id='word_1_96' title='bbox 464 1635 561 1687; x_wconf 89' lang='lat' dir='ltr'><strong>per</strong></span> <span class='ocrx_word' id='word_1_97' title='bbox 610 1622 825 1675; x_wconf 89' lang='lat' dir='ltr'><strong>nuntios</strong></span> <span class='ocrx_word' id='word_1_98' title='bbox 869 1622 1097 1690; x_wconf 89' lang='lat' dir='ltr'><strong>imperat</strong></span> <span class='ocrx_word' id='word_1_99' title='bbox 1140 1630 1197 1674; x_wconf 92' lang='lat' dir='ltr'><strong>ut</strong></span> <span class='ocrx_word' id='word_1_100' title='bbox 1241 1620 1373 1674; x_wconf 88' lang='lat' dir='ltr'><strong>nulli</strong></span> <span class='ocrx_word' id='word_1_101' title='bbox 1410 1636 1595 1675; x_wconf 92' lang='lat' dir='ltr'><strong>eorum</strong></span> <span class='ocrx_word' id='word_1_102' title='bbox 1637 1631 1788 1675; x_wconf 80' lang='lat' dir='ltr'><strong>extra</strong></span> <span class='ocrx_word' id='word_1_103' title='bbox 1833 1636 2046 1676; x_wconf 87' lang='lat' dir='ltr'><strong>monas-</strong></span> 
     </span>
    </p>
   </div>
   <div class='ocr_carea' id='block_1_17' title="bbox 466 1710 2050 1779">
    <p class='ocr_par' dir='ltr' id='par_1_17' title="bbox 466 1710 2050 1779">
     <span class='ocr_line' id='line_1_17' title="bbox 466 1710 2050 1779; baseline 0.004 -19"><span class='ocrx_word' id='word_1_104' title='bbox 466 1711 583 1763; x_wconf 89' lang='lat' dir='ltr'><strong>terii</strong></span> <span class='ocrx_word' id='word_1_105' title='bbox 646 1710 906 1764; x_wconf 91' lang='lat' dir='ltr'><strong>terminos</strong></span> <span class='ocrx_word' id='word_1_106' title='bbox 962 1712 1064 1764; x_wconf 86' lang='lat' dir='ltr'><strong>iter</strong></span> <span class='ocrx_word' id='word_1_107' title='bbox 1118 1710 1426 1778; x_wconf 77' lang='lat' dir='ltr'><strong>pandetur,</strong></span> <span class='ocrx_word' id='word_1_108' title='bbox 1483 1725 1656 1779; x_wconf 86' lang='lat' dir='ltr'><strong>neque</strong></span> <span class='ocrx_word' id='word_1_109' title='bbox 1705 1711 2050 1778; x_wconf 85' lang='lat' dir='ltr'><strong>receptacula</strong></span> 
     </span>
    </p>
   </div>
   <div class='ocr_carea' id='block_1_18' title="bbox 388 1799 2048 1872">
    <p class='ocr_par' dir='ltr' id='par_1_18' title="bbox 388 1799 2048 1872">
     <span class='ocr_line' id='line_1_18' title="bbox 388 1799 2048 1872; baseline 0.002 -19"><span class='ocrx_word' id='word_1_110' title='bbox 388 1828 391 1831; x_wconf 57' lang='grc' dir='ltr'><em>ν</em></span> <span class='ocrx_word' id='word_1_111' title='bbox 460 1799 741 1855; x_wconf 77' lang='lat' dir='ltr'><strong>monachis</strong></span> <span class='ocrx_word' id='word_1_112' title='bbox 786 1800 903 1870; x_wconf 90' lang='lat' dir='ltr'><strong>ejus</strong></span> <span class='ocrx_word' id='word_1_113' title='bbox 946 1800 1027 1854; x_wconf 87' lang='lat' dir='ltr'><strong>vel</strong></span> <span class='ocrx_word' id='word_1_114' title='bbox 1076 1801 1330 1872; x_wconf 58' lang='lat' dir='ltr'><strong>quaelibet</strong></span> <span class='ocrx_word' id='word_1_115' title='bbox 1376 1810 1400 1839; x_wconf 83' lang='grc' dir='ltr'><strong><em>ο</em></strong></span> <span class='ocrx_word' id='word_1_116' title='bbox 1446 1800 1683 1856; x_wconf 88' lang='lat' dir='ltr'><strong>subsidia</strong></span> <span class='ocrx_word' id='word_1_117' title='bbox 1728 1801 2048 1859; x_wconf 88' lang='lat' dir='ltr'><strong>tribuantur.</strong></span> 
     </span>
    </p>
   </div>
   <div class='ocr_carea' id='block_1_19' title="bbox 2154 609 3736 681">
    <p class='ocr_par' dir='ltr' id='par_1_19' title="bbox 2154 609 3736 681">
     <span class='ocr_line' id='line_1_19' title="bbox 2154 609 3736 681; baseline -0.001 -16"><span class='ocrx_word' id='word_1_118' title='bbox 2154 619 2346 665; x_wconf 89' lang='lat' dir='ltr'><strong>conatu</strong></span> <span class='ocrx_word' id='word_1_119' title='bbox 2394 610 2707 680; x_wconf 79' lang='lat' dir='ltr'><strong>perturbare</strong></span> <span class='ocrx_word' id='word_1_120' title='bbox 2758 609 3023 675; x_wconf 89' lang='lat' dir='ltr'><strong>intendit;</strong></span> <span class='ocrx_word' id='word_1_121' title='bbox 3054 619 3277 679; x_wconf 83' lang='lat' dir='ltr'><strong>oratque</strong></span> <span class='ocrx_word' id='word_1_122' title='bbox 3314 626 3569 681; x_wconf 82' lang='lat' dir='ltr'><strong>proceres</strong></span> <span class='ocrx_word' id='word_1_123' title='bbox 3598 611 3736 666; x_wconf 50' lang='lat' dir='ltr'><strong>aulis</strong></span> 
     </span>
    </p>
   </div>
   <div class='ocr_carea' id='block_1_20' title="bbox 2152 699 3732 772">
    <p class='ocr_par' dir='ltr' id='par_1_20' title="bbox 2152 699 3732 772">
     <span class='ocr_line' id='line_1_20' title="bbox 2152 699 3732 772; baseline -0.001 -14"><span class='ocrx_word' id='word_1_124' title='bbox 2152 718 2265 771; x_wconf 87' lang='lat' dir='ltr'><strong>Cos,</strong></span> <span class='ocrx_word' id='word_1_125' title='bbox 2297 704 2581 772; x_wconf 85' lang='lat' dir='ltr'><strong>optimates</strong></span> <span class='ocrx_word' id='word_1_126' title='bbox 2601 717 2808 768; x_wconf 77' lang='lat' dir='ltr'><strong>omnes,</strong></span> <span class='ocrx_word' id='word_1_127' title='bbox 2839 712 2897 755; x_wconf 93' lang='lat' dir='ltr'><strong>ut</strong></span> <span class='ocrx_word' id='word_1_128' title='bbox 2925 702 3066 771; x_wconf 84' lang='lat' dir='ltr'><strong>regis</strong></span> <span class='ocrx_word' id='word_1_129' title='bbox 3092 703 3325 756; x_wconf 88' lang='lat' dir='ltr'><strong>animum</strong></span> <span class='ocrx_word' id='word_1_130' title='bbox 3348 711 3535 756; x_wconf 83' lang='lat' dir='ltr'><strong>contra</strong></span> <span class='ocrx_word' id='word_1_131' title='bbox 3556 699 3732 757; x_wconf 76' lang='lat' dir='ltr'><strong>virum</strong></span> 
     </span>
    </p>
   </div>
   <div class='ocr_carea' id='block_1_21' title="bbox 2153 794 3730 865">
    <p class='ocr_par' dir='ltr' id='par_1_21' title="bbox 2153 794 3730 865">
     <span class='ocr_line' id='line_1_21' title="bbox 2153 794 3730 865; baseline 0 -15"><span class='ocrx_word' id='word_1_132' title='bbox 2153 796 2247 850; x_wconf 75' lang='lat' dir='ltr'><strong>Dei</strong></span> <span class='ocrx_word' id='word_1_133' title='bbox 2280 796 2653 865; x_wconf 87' lang='lat' dir='ltr'><strong>perturbarcnt</strong></span> <span class='ocrx_word' id='word_1_134' title='bbox 2681 813 2694 849; x_wconf 89' lang='lat'><strong>:</strong></span> <span class='ocrx_word' id='word_1_135' title='bbox 2727 796 3119 865; x_wconf 86' lang='lat' dir='ltr'><strong>episcoposque</strong></span> <span class='ocrx_word' id='word_1_136' title='bbox 3141 794 3431 850; x_wconf 74' lang='lat' dir='ltr'><strong>sollicitare</strong></span> <span class='ocrx_word' id='word_1_137' title='bbox 3457 809 3730 865; x_wconf 81' lang='lat' dir='ltr'><strong>aggressa,</strong></span> 
     </span>
    </p>
   </div>
   <div class='ocr_carea' id='block_1_22' title="bbox 2154 885 3728 956">
    <p class='ocr_par' dir='ltr' id='par_1_22' title="bbox 2154 885 3728 956">
     <span class='ocr_line' id='line_1_22' title="bbox 2154 885 3728 956; baseline 0 -15"><span class='ocrx_word' id='word_1_138' title='bbox 2154 897 2211 941; x_wconf 92' lang='lat' dir='ltr'><strong>ut</strong></span> <span class='ocrx_word' id='word_1_139' title='bbox 2236 886 2302 941; x_wconf 90' lang='lat' dir='ltr'><strong>de</strong></span> <span class='ocrx_word' id='word_1_140' title='bbox 2336 885 2352 924; x_wconf 77' lang='grc' dir='ltr'><strong>ί</strong></span> <span class='ocrx_word' id='word_1_141' title='bbox 2388 888 2504 956; x_wconf 88' lang='lat' dir='ltr'><strong>ejus</strong></span> <span class='ocrx_word' id='word_1_142' title='bbox 2546 888 2805 953; x_wconf 57' lang='lat' dir='ltr'><strong>religione</strong></span> <span class='ocrx_word' id='word_1_143' title='bbox 2849 887 3219 952; x_wconf 69' lang='lat' dir='ltr'><strong>detrahendo,</strong></span> <span class='ocrx_word' id='word_1_144' title='bbox 3254 896 3449 941; x_wconf 89' lang='lat' dir='ltr'><strong>statum</strong></span> <span class='ocrx_word' id='word_1_145' title='bbox 3495 888 3728 949; x_wconf 67' lang='lat' dir='ltr'><strong>regulae,</strong></span> 
     </span>
    </p>
   </div>
   <div class='ocr_carea' id='block_1_23' title="bbox 2153 977 3727 1050">
    <p class='ocr_par' dir='ltr' id='par_1_23' title="bbox 2153 977 3727 1050">
     <span class='ocr_line' id='line_1_23' title="bbox 2153 977 3727 1050; baseline 0.001 -21"><span class='ocrx_word' id='word_1_146' title='bbox 2153 994 2309 1046; x_wconf 89' lang='lat' dir='ltr'><strong>quam</strong></span> <span class='ocrx_word' id='word_1_147' title='bbox 2338 980 2450 1033; x_wconf 85' lang='lat' dir='ltr'><strong>suis</strong></span> <span class='ocrx_word' id='word_1_148' title='bbox 2478 978 2887 1034; x_wconf 81' lang='lat' dir='ltr'><strong>custodiendam</strong></span> <span class='ocrx_word' id='word_1_149' title='bbox 2917 979 3083 1050; x_wconf 66' lang='grc' dir='ltr'><strong>διά.</strong></span> <span class='ocrx_word' id='word_1_150' title='bbox 3108 979 3388 1032; x_wconf 85' lang='lat' dir='ltr'><strong>monachis</strong></span> <span class='ocrx_word' id='word_1_151' title='bbox 3437 977 3727 1041; x_wconf 76' lang='lat' dir='ltr'><strong>indiderat,</strong></span> 
     </span>
    </p>
   </div>
   <div class='ocr_carea' id='block_1_24' title="bbox 2154 1066 3734 1138">
    <p class='ocr_par' dir='ltr' id='par_1_24' title="bbox 2154 1066 3734 1138">
     <span class='ocr_line' id='line_1_24' title="bbox 2154 1066 3734 1138; baseline 0 -17"><span class='ocrx_word' id='word_1_152' title='bbox 2154 1068 2502 1121; x_wconf 85' lang='lat' dir='ltr'><strong>macularent.</strong></span> <span class='ocrx_word' id='word_1_153' title='bbox 2534 1067 2980 1135; x_wconf 86' lang='lat' dir='ltr'><strong>Obtemperantes</strong></span> <span class='ocrx_word' id='word_1_154' title='bbox 3030 1071 3189 1138; x_wconf 79' lang='lat' dir='ltr'><strong>igitur</strong></span> <span class='ocrx_word' id='word_1_155' title='bbox 3237 1066 3395 1122; x_wconf 88' lang='lat' dir='ltr'><strong>aulici</strong></span> <span class='ocrx_word' id='word_1_156' title='bbox 3442 1068 3571 1135; x_wconf 81' lang='lat' dir='ltr'><strong>regii</strong></span> <span class='ocrx_word' id='word_1_157' title='bbox 3614 1082 3734 1134; x_wconf 84' lang='lat' dir='ltr'><strong>per-</strong></span> 
     </span>
    </p>
   </div>
   <div class='ocr_carea' id='block_1_25' title="bbox 2153 1157 3731 1226">
    <p class='ocr_par' dir='ltr' id='par_1_25' title="bbox 2153 1157 3731 1226">
     <span class='ocr_line' id='line_1_25' title="bbox 2153 1157 3731 1226; baseline -0.001 -18"><span class='ocrx_word' id='word_1_158' title='bbox 2153 1157 2489 1211; x_wconf 90' lang='lat' dir='ltr'><strong>suasionibus</strong></span> <span class='ocrx_word' id='word_1_159' title='bbox 2535 1157 2745 1212; x_wconf 71' lang='lat' dir='ltr'><strong>misero:</strong></span> <span class='ocrx_word' id='word_1_160' title='bbox 2795 1158 3031 1226; x_wconf 77' lang='lat' dir='ltr'><strong>reginze,</strong></span> <span class='ocrx_word' id='word_1_161' title='bbox 3082 1157 3320 1211; x_wconf 89' lang='lat' dir='ltr'><strong>animum</strong></span> <span class='ocrx_word' id='word_1_162' title='bbox 3368 1158 3509 1225; x_wconf 88' lang='lat' dir='ltr'><strong>regis</strong></span> <span class='ocrx_word' id='word_1_163' title='bbox 3545 1166 3731 1210; x_wconf 89' lang='lat' dir='ltr'><strong>contra</strong></span> 
     </span>
    </p>
   </div>
   <div class='ocr_carea' id='block_1_26' title="bbox 2153 1246 3737 1317">
    <p class='ocr_par' dir='ltr' id='par_1_26' title="bbox 2153 1246 3737 1317">
     <span class='ocr_line' id='line_1_26' title="bbox 2153 1246 3737 1317; baseline -0.001 -16"><span class='ocrx_word' id='word_1_164' title='bbox 2153 1249 2323 1302; x_wconf 89' lang='lat' dir='ltr'><strong>virum</strong></span> <span class='ocrx_word' id='word_1_165' title='bbox 2355 1249 2447 1304; x_wconf 88' lang='lat' dir='ltr'><strong>Dei</strong></span> <span class='ocrx_word' id='word_1_166' title='bbox 2479 1250 2814 1317; x_wconf 87' lang='lat' dir='ltr'><strong>perturbant,</strong></span> <span class='ocrx_word' id='word_1_167' title='bbox 2840 1260 3095 1317; x_wconf 79' lang='lat' dir='ltr'><strong>cogentes</strong></span> <span class='ocrx_word' id='word_1_168' title='bbox 3128 1259 3181 1304; x_wconf 90' lang='lat' dir='ltr'><strong>ut</strong></span> <span class='ocrx_word' id='word_1_169' title='bbox 3211 1250 3496 1303; x_wconf 84' lang='lat' dir='ltr'><strong>accederet</strong></span> <span class='ocrx_word' id='word_1_170' title='bbox 3523 1263 3586 1301; x_wconf 90' lang='lat' dir='ltr'><strong>ac</strong></span> <span class='ocrx_word' id='word_1_171' title='bbox 3608 1246 3737 1302; x_wconf 89' lang='lat' dir='ltr'><strong>reli-</strong></span> 
     </span>
    </p>
   </div>
   <div class='ocr_carea' id='block_1_27' title="bbox 2151 1335 3737 1409">
    <p class='ocr_par' dir='ltr' id='par_1_27' title="bbox 2151 1335 3737 1409">
     <span class='ocr_line' id='line_1_27' title="bbox 2151 1335 3737 1409; baseline -0.001 -17"><span class='ocrx_word' id='word_1_172' title='bbox 2151 1341 2363 1407; x_wconf 88' lang='lat' dir='ltr'><strong>gionem</strong></span> <span class='ocrx_word' id='word_1_173' title='bbox 2404 1340 2654 1409; x_wconf 89' lang='lat' dir='ltr'><strong>probaret</strong></span> <span class='ocrx_word' id='word_1_174' title='bbox 2683 1340 2903 1394; x_wconf 83' lang='lat' dir='ltr'><strong>abactos</strong></span> <span class='ocrx_word' id='word_1_175' title='bbox 2928 1340 2973 1395; x_wconf 86' lang='lat' dir='ltr'><strong>i.</strong></span> <span class='ocrx_word' id='word_1_176' title='bbox 3003 1342 3186 1409; x_wconf 84' lang='lat' dir='ltr'><strong>Itaque</strong></span> <span class='ocrx_word' id='word_1_177' title='bbox 3215 1354 3309 1393; x_wconf 91' lang='lat' dir='ltr'><strong>rex</strong></span> <span class='ocrx_word' id='word_1_178' title='bbox 3337 1339 3405 1392; x_wconf 88' lang='lat' dir='ltr'><strong>ad</strong></span> <span class='ocrx_word' id='word_1_179' title='bbox 3435 1339 3609 1392; x_wconf 85' lang='lat' dir='ltr'><strong>virum</strong></span> <span class='ocrx_word' id='word_1_180' title='bbox 3643 1335 3737 1391; x_wconf 87' lang='lat' dir='ltr'><strong>Del</strong></span> 
     </span>
    </p>
   </div>
   <div class='ocr_carea' id='block_1_28' title="bbox 2154 1422 3736 1501">
    <p class='ocr_par' dir='ltr' id='par_1_28' title="bbox 2154 1422 3736 1501">
     <span class='ocr_line' id='line_1_28' title="bbox 2154 1422 3736 1501; baseline -0.001 -18"><span class='ocrx_word' id='word_1_181' title='bbox 2154 1422 2466 1485; x_wconf 77' lang='lat' dir='ltr'><strong>Lussovium</strong></span> <span class='ocrx_word' id='word_1_182' title='bbox 2487 1432 2653 1495; x_wconf 81' lang='lat' dir='ltr'><strong>venit,</strong></span> <span class='ocrx_word' id='word_1_183' title='bbox 2671 1442 3103 1501; x_wconf 88' lang='lat' dir='ltr'><strong>conquestosque</strong></span> <span class='ocrx_word' id='word_1_184' title='bbox 3126 1445 3248 1485; x_wconf 88' lang='lat' dir='ltr'><strong>cum</strong></span> <span class='ocrx_word' id='word_1_185' title='bbox 3278 1446 3375 1495; x_wconf 90' lang='lat' dir='ltr'><strong>eo,</strong></span> <span class='ocrx_word' id='word_1_186' title='bbox 3398 1445 3499 1485; x_wconf 87' lang='lat' dir='ltr'><strong>cur</strong></span> <span class='ocrx_word' id='word_1_187' title='bbox 3527 1444 3556 1482; x_wconf 88' lang='lat' dir='ltr'><strong>a</strong></span> <span class='ocrx_word' id='word_1_188' title='bbox 3584 1443 3736 1484; x_wconf 89' lang='lat' dir='ltr'><strong>com-</strong></span> 
     </span>
    </p>
   </div>
   <div class='ocr_carea' id='block_1_29' title="bbox 2153 1522 3737 1594">
    <p class='ocr_par' dir='ltr' id='par_1_29' title="bbox 2153 1522 3737 1594">
     <span class='ocr_line' id='line_1_29' title="bbox 2153 1522 3737 1594; baseline -0.001 -17"><span class='ocrx_word' id='word_1_189' title='bbox 2153 1523 2570 1594; x_wconf 87' lang='lat' dir='ltr'><strong>provincialibus</strong></span> <span class='ocrx_word' id='word_1_190' title='bbox 2615 1524 2858 1577; x_wconf 88' lang='lat' dir='ltr'><strong>moribus</strong></span> <span class='ocrx_word' id='word_1_191' title='bbox 2888 1522 3250 1587; x_wconf 87' lang='lat' dir='ltr'><strong>descisceret,</strong></span> <span class='ocrx_word' id='word_1_192' title='bbox 3301 1532 3354 1578; x_wconf 91' lang='lat' dir='ltr'><strong>et</strong></span> <span class='ocrx_word' id='word_1_193' title='bbox 3402 1522 3540 1589; x_wconf 78' lang='lat' dir='ltr'><strong>intra</strong></span> <span class='ocrx_word' id='word_1_194' title='bbox 3588 1528 3737 1589; x_wconf 88' lang='lat' dir='ltr'><strong>septa</strong></span> 
     </span>
    </p>
   </div>
   <div class='ocr_carea' id='block_1_30' title="bbox 2152 1613 3736 1681">
    <p class='ocr_par' dir='ltr' id='par_1_30' title="bbox 2152 1613 3736 1681">
     <span class='ocr_line' id='line_1_30' title="bbox 2152 1613 3736 1681; baseline -0.004 -12"><span class='ocrx_word' id='word_1_195' title='bbox 2152 1615 2443 1669; x_wconf 87' lang='lat' dir='ltr'><strong>secretiora</strong></span> <span class='ocrx_word' id='word_1_196' title='bbox 2492 1614 2742 1668; x_wconf 89' lang='lat' dir='ltr'><strong>omnibus</strong></span> <span class='ocrx_word' id='word_1_197' title='bbox 2790 1613 3110 1667; x_wconf 80' lang='lat' dir='ltr'><strong>Christianis</strong></span> <span class='ocrx_word' id='word_1_198' title='bbox 3150 1614 3324 1666; x_wconf 88' lang='lat' dir='ltr'><strong>aditus</strong></span> <span class='ocrx_word' id='word_1_199' title='bbox 3355 1627 3458 1667; x_wconf 89' lang='lat' dir='ltr'><strong>non</strong></span> <span class='ocrx_word' id='word_1_200' title='bbox 3510 1621 3736 1681; x_wconf 85' lang='lat' dir='ltr'><strong>pateret.</strong></span> 
     </span>
    </p>
   </div>
   <div class='ocr_carea' id='block_1_31' title="bbox 2154 1702 3739 1773">
    <p class='ocr_par' dir='ltr' id='par_1_31' title="bbox 2154 1702 3739 1773">
     <span class='ocr_line' id='line_1_31' title="bbox 2154 1702 3739 1773; baseline -0.002 -14"><span class='ocrx_word' id='word_1_201' title='bbox 2154 1705 2347 1759; x_wconf 85' lang='lat' dir='ltr'><strong>Beatus</strong></span> <span class='ocrx_word' id='word_1_202' title='bbox 2378 1706 2555 1773; x_wconf 88' lang='lat' dir='ltr'><strong>itaque</strong></span> <span class='ocrx_word' id='word_1_203' title='bbox 2583 1703 2971 1767; x_wconf 85' lang='lat' dir='ltr'><strong>Columbanus,</strong></span> <span class='ocrx_word' id='word_1_204' title='bbox 3004 1714 3061 1756; x_wconf 93' lang='lat' dir='ltr'><strong>ut</strong></span> <span class='ocrx_word' id='word_1_205' title='bbox 3092 1713 3210 1757; x_wconf 90' lang='lat' dir='ltr'><strong>erat</strong></span> <span class='ocrx_word' id='word_1_206' title='bbox 3237 1702 3407 1756; x_wconf 82' lang='lat' dir='ltr'><strong>audax</strong></span> <span class='ocrx_word' id='word_1_207' title='bbox 3439 1711 3600 1770; x_wconf 88' lang='lat' dir='ltr'><strong>atque</strong></span> <span class='ocrx_word' id='word_1_208' title='bbox 3626 1704 3739 1756; x_wconf 87' lang='lat' dir='ltr'><strong>ani-</strong></span> 
     </span>
    </p>
   </div>
   <div class='ocr_carea' id='block_1_32' title="bbox 2156 1792 3738 1865">
    <p class='ocr_par' dir='ltr' id='par_1_32' title="bbox 2156 1792 3738 1865">
     <span class='ocr_line' id='line_1_32' title="bbox 2156 1792 3738 1865; baseline -0.003 -14"><span class='ocrx_word' id='word_1_209' title='bbox 2156 1811 2245 1851; x_wconf 92' lang='lat' dir='ltr'><strong>mo</strong></span> <span class='ocrx_word' id='word_1_210' title='bbox 2293 1794 2518 1865; x_wconf 85' lang='lat' dir='ltr'><strong>vigens,</strong></span> <span class='ocrx_word' id='word_1_211' title='bbox 2571 1795 2770 1849; x_wconf 89' lang='lat' dir='ltr'><strong>talibus</strong></span> <span class='ocrx_word' id='word_1_212' title='bbox 2816 1793 3092 1863; x_wconf 86' lang='lat' dir='ltr'><strong>objicienti</strong></span> <span class='ocrx_word' id='word_1_213' title='bbox 3145 1795 3255 1863; x_wconf 80' lang='lat' dir='ltr'><strong>regi</strong></span> <span class='ocrx_word' id='word_1_214' title='bbox 3309 1792 3631 1860; x_wconf 84' lang='lat' dir='ltr'><strong>respondit:</strong></span> <span class='ocrx_word' id='word_1_215' title='bbox 3668 1793 3738 1846; x_wconf 83' lang='lat' dir='ltr'><strong>Se</strong></span> 
     </span>
    </p>
   </div>
   <div class='ocr_carea' id='block_1_33' title="bbox 462 1880 3734 1960">
    <p class='ocr_par' dir='ltr' id='par_1_33' title="bbox 462 1880 3734 1960">
     <span class='ocr_line' id='line_1_33' title="bbox 462 1880 3734 1960; baseline -0.003 -18"><span class='ocrx_word' id='word_1_216' title='bbox 462 1889 704 1944; x_wconf 79' lang='lat' dir='ltr'><strong>Ccrnens</strong></span> <span class='ocrx_word' id='word_1_217' title='bbox 724 1890 885 1960; x_wconf 78' lang='lat'><strong>613</strong></span> <span class='ocrx_word' id='word_1_218' title='bbox 913 1890 1098 1943; x_wconf 89' lang='lat' dir='ltr'><strong>beatus</strong></span> <span class='ocrx_word' id='word_1_219' title='bbox 1122 1888 1480 1943; x_wconf 83' lang='lat' dir='ltr'><strong>Columbanus</strong></span> <span class='ocrx_word' id='word_1_220' title='bbox 1511 1889 1689 1958; x_wconf 88' lang='lat' dir='ltr'><strong>regios</strong></span> <span class='ocrx_word' id='word_1_221' title='bbox 1714 1889 1923 1943; x_wconf 88' lang='lat' dir='ltr'><strong>animos</strong></span> <span class='ocrx_word' id='word_1_222' title='bbox 1949 1889 2043 1943; x_wconf 90' lang='lat' dir='ltr'><strong>ad-</strong></span> <span class='ocrx_word' id='word_1_223' title='bbox 2076 1890 2120 1951; x_wconf 80' lang='grc' dir='ltr'><strong><em>Β</em></strong></span> <span class='ocrx_word' id='word_1_224' title='bbox 2148 1885 2586 1941; x_wconf 90' lang='lat' dir='ltr'><strong>consuetudinem</strong></span> <span class='ocrx_word' id='word_1_225' title='bbox 2623 1899 2727 1936; x_wconf 90' lang='lat' dir='ltr'><strong>non</strong></span> <span class='ocrx_word' id='word_1_226' title='bbox 2754 1882 2948 1939; x_wconf 81' lang='lat' dir='ltr'><strong>habere</strong></span> <span class='ocrx_word' id='word_1_227' title='bbox 2976 1891 3029 1934; x_wconf 90' lang='lat' dir='ltr'><strong>ut</strong></span> <span class='ocrx_word' id='word_1_228' title='bbox 3058 1882 3409 1937; x_wconf 83' lang='lat' dir='ltr'><strong>saecularibus</strong></span> <span class='ocrx_word' id='word_1_229' title='bbox 3428 1880 3734 1934; x_wconf 90' lang='lat' dir='ltr'><strong>hominibus</strong></span> 
     </span>
    </p>
   </div>
   <div class='ocr_carea' id='block_1_34' title="bbox 464 1980 2048 2051">
    <p class='ocr_par' dir='ltr' id='par_1_34' title="bbox 464 1980 2048 2051">
     <span class='ocr_line' id='line_1_34' title="bbox 464 1980 2048 2051; baseline 0.001 -16"><span class='ocrx_word' id='word_1_230' title='bbox 464 1996 681 2037; x_wconf 84' lang='lat' dir='ltr'><strong>versum</strong></span> <span class='ocrx_word' id='word_1_231' title='bbox 702 1998 760 2037; x_wconf 89' lang='lat' dir='ltr'><strong>se</strong></span> <span class='ocrx_word' id='word_1_232' title='bbox 790 1989 1083 2051; x_wconf 87' lang='lat' dir='ltr'><strong>permotos,</strong></span> <span class='ocrx_word' id='word_1_233' title='bbox 1101 1980 1167 2033; x_wconf 90' lang='lat' dir='ltr'><strong>ad</strong></span> <span class='ocrx_word' id='word_1_234' title='bbox 1197 1995 1291 2035; x_wconf 91' lang='lat' dir='ltr'><strong>eos</strong></span> <span class='ocrx_word' id='word_1_235' title='bbox 1316 1990 1587 2049; x_wconf 81' lang='lat' dir='ltr'><strong>properat,</strong></span> <span class='ocrx_word' id='word_1_236' title='bbox 1615 1989 1671 2035; x_wconf 90' lang='lat' dir='ltr'><strong>ut</strong></span> <span class='ocrx_word' id='word_1_237' title='bbox 1698 1982 1809 2035; x_wconf 88' lang='lat' dir='ltr'><strong>suis</strong></span> <span class='ocrx_word' id='word_1_238' title='bbox 1830 1982 2048 2037; x_wconf 83' lang='lat' dir='ltr'><strong>monitis</strong></span> 
     </span>
    </p>
   </div>
   <div class='ocr_carea' id='block_1_35' title="bbox 464 2067 2049 2139">
    <p class='ocr_par' dir='ltr' id='par_1_35' title="bbox 464 2067 2049 2139">
     <span class='ocr_line' id='line_1_35' title="bbox 464 2067 2049 2139; baseline -0.001 -15"><span class='ocrx_word' id='word_1_239' title='bbox 464 2070 715 2125; x_wconf 75' lang='lat' dir='ltr'><strong>miseram</strong></span> <span class='ocrx_word' id='word_1_240' title='bbox 770 2070 1081 2138; x_wconf 70' lang='lat' dir='ltr'><strong>pertinacia:</strong></span> <span class='ocrx_word' id='word_1_241' title='bbox 1127 2070 1450 2125; x_wconf 88' lang='lat' dir='ltr'><strong>incentivam</strong></span> <span class='ocrx_word' id='word_1_242' title='bbox 1496 2068 1743 2139; x_wconf 81' lang='lat' dir='ltr'><strong>frangant</strong></span> <span class='ocrx_word' id='word_1_243' title='bbox 1783 2067 1835 2124; x_wconf 75' lang='grc' dir='ltr'><strong>ἀ.</strong></span> <span class='ocrx_word' id='word_1_244' title='bbox 1881 2068 2049 2123; x_wconf 83' lang='lat' dir='ltr'><strong>Erant</strong></span> 
     </span>
    </p>
   </div>
   <div class='ocr_carea' id='block_1_36' title="bbox 463 2158 2045 2229">
    <p class='ocr_par' dir='ltr' id='par_1_36' title="bbox 463 2158 2045 2229">
     <span class='ocr_line' id='line_1_36' title="bbox 463 2158 2045 2229; baseline 0.001 -14"><span class='ocrx_word' id='word_1_245' title='bbox 463 2160 602 2215; x_wconf 88' lang='lat' dir='ltr'><strong>enim</strong></span> <span class='ocrx_word' id='word_1_246' title='bbox 624 2168 748 2215; x_wconf 90' lang='lat' dir='ltr'><strong>tunc</strong></span> <span class='ocrx_word' id='word_1_247' title='bbox 763 2160 1019 2228; x_wconf 88' lang='lat' dir='ltr'><strong>temporis</strong></span> <span class='ocrx_word' id='word_1_248' title='bbox 1041 2160 1179 2228; x_wconf 89' lang='lat' dir='ltr'><strong>apud</strong></span> <span class='ocrx_word' id='word_1_249' title='bbox 1203 2158 1469 2228; x_wconf 88' lang='lat' dir='ltr'><strong>Spinsiam</strong></span> <span class='ocrx_word' id='word_1_250' title='bbox 1497 2170 1519 2198; x_wconf 85' lang='lat'><strong><em>°</em></strong></span> <span class='ocrx_word' id='word_1_251' title='bbox 1548 2160 1729 2215; x_wconf 84' lang='lat' dir='ltr'><strong>villam</strong></span> <span class='ocrx_word' id='word_1_252' title='bbox 1755 2160 2045 2229; x_wconf 82' lang='lat' dir='ltr'><strong>publicam.</strong></span> 
     </span>
    </p>
   </div>
   <div class='ocr_carea' id='block_1_37' title="bbox 466 2252 2045 2323">
    <p class='ocr_par' dir='ltr' id='par_1_37' title="bbox 466 2252 2045 2323">
     <span class='ocr_line' id='line_1_37' title="bbox 466 2252 2045 2323; baseline 0.002 -19"><span class='ocrx_word' id='word_1_253' title='bbox 466 2253 583 2316; x_wconf 85' lang='lat' dir='ltr'><strong>Quo</strong></span> <span class='ocrx_word' id='word_1_254' title='bbox 613 2267 733 2306; x_wconf 91' lang='lat' dir='ltr'><strong>eum</strong></span> <span class='ocrx_word' id='word_1_255' title='bbox 778 2252 890 2321; x_wconf 89' lang='lat' dir='ltr'><strong>jam</strong></span> <span class='ocrx_word' id='word_1_256' title='bbox 921 2252 1037 2323; x_wconf 83' lang='lat' dir='ltr'><strong>sole</strong></span> <span class='ocrx_word' id='word_1_257' title='bbox 1080 2253 1432 2307; x_wconf 87' lang='lat' dir='ltr'><strong>occumbente</strong></span> <span class='ocrx_word' id='word_1_258' title='bbox 1460 2254 1729 2316; x_wconf 81' lang='lat' dir='ltr'><strong>venisset,</strong></span> <span class='ocrx_word' id='word_1_259' title='bbox 1762 2254 1872 2323; x_wconf 85' lang='lat' dir='ltr'><strong>regi</strong></span> <span class='ocrx_word' id='word_1_260' title='bbox 1905 2269 2045 2308; x_wconf 90' lang='lat' dir='ltr'><strong>nun-</strong></span> 
     </span>
    </p>
   </div>
   <div class='ocr_carea' id='block_1_38' title="bbox 466 2322 2048 2414">
    <p class='ocr_par' dir='ltr' id='par_1_38' title="bbox 466 2322 2048 2414">
     <span class='ocr_line' id='line_1_38' title="bbox 466 2322 2048 2414; baseline 0.003 -18"><span class='ocrx_word' id='word_1_261' title='bbox 466 2342 596 2396; x_wconf 85' lang='lat' dir='ltr'><strong>tiant</strong></span> <span class='ocrx_word' id='word_1_262' title='bbox 630 2344 795 2396; x_wconf 85' lang='lat' dir='ltr'><strong>virum</strong></span> <span class='ocrx_word' id='word_1_263' title='bbox 830 2344 921 2397; x_wconf 89' lang='lat' dir='ltr'><strong>Dei</strong></span> <span class='ocrx_word' id='word_1_264' title='bbox 952 2322 1079 2397; x_wconf 81' lang='lat' dir='ltr'><strong>inibi</strong></span> <span class='ocrx_word' id='word_1_265' title='bbox 1109 2357 1251 2408; x_wconf 90' lang='lat' dir='ltr'><strong>esse,</strong></span> <span class='ocrx_word' id='word_1_266' title='bbox 1282 2360 1379 2398; x_wconf 90' lang='lat' dir='ltr'><strong>nec</strong></span> <span class='ocrx_word' id='word_1_267' title='bbox 1409 2346 1548 2414; x_wconf 80' lang='lat' dir='ltr'><strong>regis</strong></span> <span class='ocrx_word' id='word_1_268' title='bbox 1574 2322 2048 2401; x_wconf 84' lang='lat' dir='ltr'><strong>domibusmetarc</strong></span> 
     </span>
    </p>
   </div>
   <div class='ocr_carea' id='block_1_39' title="bbox 465 2433 2048 2501">
    <p class='ocr_par' dir='ltr' id='par_1_39' title="bbox 465 2433 2048 2501">
     <span class='ocr_line' id='line_1_39' title="bbox 465 2433 2048 2501; baseline 0.003 -14"><span class='ocrx_word' id='word_1_269' title='bbox 465 2436 620 2490; x_wconf 88' lang='lat' dir='ltr'><strong>velle.</strong></span> <span class='ocrx_word' id='word_1_270' title='bbox 646 2434 796 2488; x_wconf 83' lang='lat' dir='ltr'><strong>Tunc</strong></span> <span class='ocrx_word' id='word_1_271' title='bbox 826 2433 1191 2491; x_wconf 79' lang='lat' dir='ltr'><strong>Theodericus</strong></span> <span class='ocrx_word' id='word_1_272' title='bbox 1218 2435 1326 2501; x_wconf 90' lang='lat' dir='ltr'><strong>ait,</strong></span> <span class='ocrx_word' id='word_1_273' title='bbox 1365 2436 1560 2492; x_wconf 87' lang='lat' dir='ltr'><strong>melius</strong></span> <span class='ocrx_word' id='word_1_274' title='bbox 1591 2451 1711 2492; x_wconf 84' lang='lat' dir='ltr'><strong>esse</strong></span> <span class='ocrx_word' id='word_1_275' title='bbox 1742 2437 1911 2490; x_wconf 87' lang='lat' dir='ltr'><strong>virum</strong></span> <span class='ocrx_word' id='word_1_276' title='bbox 1954 2438 2048 2492; x_wconf 89' lang='lat' dir='ltr'><strong>Dei</strong></span> 
     </span>
    </p>
   </div>
   <div class='ocr_carea' id='block_1_40' title="bbox 466 2525 2048 2596">
    <p class='ocr_par' dir='ltr' id='par_1_40' title="bbox 466 2525 2048 2596">
     <span class='ocr_line' id='line_1_40' title="bbox 466 2525 2048 2596; baseline 0.003 -17"><span class='ocrx_word' id='word_1_277' title='bbox 466 2526 777 2593; x_wconf 84' lang='lat' dir='ltr'><strong>opportunis</strong></span> <span class='ocrx_word' id='word_1_278' title='bbox 826 2525 1081 2581; x_wconf 87' lang='lat' dir='ltr'><strong>subsidiis</strong></span> <span class='ocrx_word' id='word_1_279' title='bbox 1129 2525 1429 2593; x_wconf 87' lang='lat' dir='ltr'><strong>honorare,</strong></span> <span class='ocrx_word' id='word_1_280' title='bbox 1460 2543 1619 2596; x_wconf 85' lang='lat' dir='ltr'><strong>quam</strong></span> <span class='ocrx_word' id='word_1_281' title='bbox 1661 2529 1943 2583; x_wconf 87' lang='lat' dir='ltr'><strong>Dominum</strong></span> <span class='ocrx_word' id='word_1_282' title='bbox 1980 2544 2048 2583; x_wconf 82' lang='lat' dir='ltr'><strong>ex</strong></span> 
     </span>
    </p>
   </div>
   <div class='ocr_carea' id='block_1_41' title="bbox 465 2614 2049 2684">
    <p class='ocr_par' dir='ltr' id='par_1_41' title="bbox 465 2614 2049 2684">
     <span class='ocr_line' id='line_1_41' title="bbox 465 2614 2049 2684; baseline 0.003 -15"><span class='ocrx_word' id='word_1_283' title='bbox 465 2628 740 2669; x_wconf 81' lang='lat' dir='ltr'><strong>servorum</strong></span> <span class='ocrx_word' id='word_1_284' title='bbox 770 2614 886 2684; x_wconf 88' lang='lat' dir='ltr'><strong>ejus</strong></span> <span class='ocrx_word' id='word_1_285' title='bbox 917 2614 1120 2669; x_wconf 80' lang='lat' dir='ltr'><strong>oll‘ensa</strong></span> <span class='ocrx_word' id='word_1_286' title='bbox 1151 2616 1215 2669; x_wconf 89' lang='lat' dir='ltr'><strong>ad</strong></span> <span class='ocrx_word' id='word_1_287' title='bbox 1248 2616 1575 2671; x_wconf 64' lang='lat' dir='ltr'><strong>iracundzam</strong></span> <span class='ocrx_word' id='word_1_288' title='bbox 1611 2634 1929 2684; x_wconf 84' lang='lat' dir='ltr'><strong>provocare.</strong></span> <span class='ocrx_word' id='word_1_289' title='bbox 1953 2619 2049 2674; x_wconf 78' lang='lat' dir='ltr'><strong>Ju-</strong></span> 
     </span>
    </p>
   </div>
   <div class='ocr_carea' id='block_1_42' title="bbox 466 2708 2048 2781">
    <p class='ocr_par' dir='ltr' id='par_1_42' title="bbox 466 2708 2048 2781">
     <span class='ocr_line' id='line_1_42' title="bbox 466 2708 2048 2781; baseline 0.002 -19"><span class='ocrx_word' id='word_1_290' title='bbox 466 2710 557 2762; x_wconf 83' lang='lat' dir='ltr'><strong>bet</strong></span> <span class='ocrx_word' id='word_1_291' title='bbox 579 2723 704 2777; x_wconf 87' lang='lat' dir='ltr'><strong>ergo</strong></span> <span class='ocrx_word' id='word_1_292' title='bbox 726 2709 872 2776; x_wconf 88' lang='lat' dir='ltr'><strong>regio</strong></span> <span class='ocrx_word' id='word_1_293' title='bbox 889 2708 1031 2761; x_wconf 90' lang='lat' dir='ltr'><strong>cultu</strong></span> <span class='ocrx_word' id='word_1_294' title='bbox 1054 2717 1352 2776; x_wconf 86' lang='lat' dir='ltr'><strong>opportune</strong></span> <span class='ocrx_word' id='word_1_295' title='bbox 1369 2708 1475 2781; x_wconf 76' lang='lat' dir='ltr'><strong>[AL</strong></span> <span class='ocrx_word' id='word_1_296' title='bbox 1497 2708 1819 2781; x_wconf 68' lang='lat' dir='ltr'><strong>opportuna]</strong></span> <span class='ocrx_word' id='word_1_297' title='bbox 1838 2726 2048 2779; x_wconf 82' lang='lat' dir='ltr'><strong>parare,</strong></span> 
     </span>
    </p>
   </div>
   <div class='ocr_carea' id='block_1_43' title="bbox 470 2794 2049 2877">
    <p class='ocr_par' dir='ltr' id='par_1_43' title="bbox 470 2794 2049 2877">
     <span class='ocr_line' id='line_1_43' title="bbox 470 2794 2049 2877; baseline 0.001 -24"><span class='ocrx_word' id='word_1_298' title='bbox 470 2800 559 2853; x_wconf 88' lang='lat' dir='ltr'><strong>Dei</strong></span> <span class='ocrx_word' id='word_1_299' title='bbox 594 2798 790 2851; x_wconf 79' lang='lat' dir='ltr'><strong>famqu</strong></span> <span class='ocrx_word' id='word_1_300' title='bbox 820 2796 1074 2867; x_wconf 81' lang='lat' dir='ltr'><strong>dirigere.</strong></span> <span class='ocrx_word' id='word_1_301' title='bbox 1107 2799 1285 2868; x_wconf 87' lang='lat' dir='ltr'><strong>Itaque</strong></span> <span class='ocrx_word' id='word_1_302' title='bbox 1317 2808 1599 2864; x_wconf 84' lang='lat' dir='ltr'><strong>venerunt,</strong></span> <span class='ocrx_word' id='word_1_303' title='bbox 1634 2811 1686 2855; x_wconf 90' lang='lat' dir='ltr'><strong>et</strong></span> <span class='ocrx_word' id='word_1_304' title='bbox 1706 2794 1859 2869; x_wconf 74' lang='lat' dir='ltr'><strong>juxta</strong></span> <span class='ocrx_word' id='word_1_305' title='bbox 1883 2800 2049 2877; x_wconf 69' lang='lat' dir='ltr'><strong>impe-</strong></span> 
     </span>
    </p>
   </div>
   <div class='ocr_carea' id='block_1_44' title="bbox 466 2886 2048 2959">
    <p class='ocr_par' dir='ltr' id='par_1_44' title="bbox 466 2886 2048 2959">
     <span class='ocr_line' id='line_1_44' title="bbox 466 2886 2048 2959; baseline 0.004 -19"><span class='ocrx_word' id='word_1_306' title='bbox 466 2889 601 2940; x_wconf 86' lang='lat' dir='ltr'><strong>rium</strong></span> <span class='ocrx_word' id='word_1_307' title='bbox 655 2887 792 2957; x_wconf 84' lang='lat' dir='ltr'><strong>regis</strong></span> <span class='ocrx_word' id='word_1_308' title='bbox 822 2887 996 2941; x_wconf 88' lang='lat' dir='ltr'><strong>oblata</strong></span> <span class='ocrx_word' id='word_1_309' title='bbox 1052 2886 1155 2958; x_wconf 81' lang='grc' dir='ltr'><strong>[ΑΙ.</strong></span> <span class='ocrx_word' id='word_1_310' title='bbox 1204 2887 1463 2959; x_wconf 80' lang='lat' dir='ltr'><strong>oblatam]</strong></span> <span class='ocrx_word' id='word_1_311' title='bbox 1510 2889 1765 2943; x_wconf 76' lang='lat' dir='ltr'><strong>oll‘erunt.</strong></span> <span class='ocrx_word' id='word_1_312' title='bbox 1799 2891 2048 2958; x_wconf 85' lang='lat' dir='ltr'><strong>Quicum</strong></span> 
     </span>
    </p>
   </div>
   <div class='ocr_carea' id='block_1_45' title="bbox 466 2980 2046 3050">
    <p class='ocr_par' dir='ltr' id='par_1_45' title="bbox 466 2980 2046 3050">
     <span class='ocr_line' id='line_1_45' title="bbox 466 2980 2046 3050; baseline 0.004 -19"><span class='ocrx_word' id='word_1_313' title='bbox 466 2980 691 3034; x_wconf 74' lang='lat' dir='ltr'><strong>vidisset</strong></span> <span class='ocrx_word' id='word_1_314' title='bbox 737 2982 937 3049; x_wconf 84' lang='lat' dir='ltr'><strong>dapes,</strong></span> <span class='ocrx_word' id='word_1_315' title='bbox 976 2989 1027 3034; x_wconf 89' lang='lat' dir='ltr'><strong>et</strong></span> <span class='ocrx_word' id='word_1_316' title='bbox 1070 2981 1255 3048; x_wconf 89' lang='lat' dir='ltr'><strong>pocula</strong></span> <span class='ocrx_word' id='word_1_317' title='bbox 1289 2984 1433 3035; x_wconf 89' lang='lat' dir='ltr'><strong>cultu</strong></span> <span class='ocrx_word' id='word_1_318' title='bbox 1465 2983 1611 3050; x_wconf 85' lang='lat' dir='ltr'><strong>regio</strong></span> <span class='ocrx_word' id='word_1_319' title='bbox 1642 2984 2006 3041; x_wconf 63' lang='lat' dir='ltr'><strong>administrata</strong></span> <span class='ocrx_word' id='word_1_320' title='bbox 2031 3023 2046 3050; x_wconf 95' lang='lat'><strong>,</strong></span> 
     </span>
    </p>
   </div>
   <div class='ocr_carea' id='block_1_46' title="bbox 468 3069 2051 3143">
    <p class='ocr_par' dir='ltr' id='par_1_46' title="bbox 468 3069 2051 3143">
     <span class='ocr_line' id='line_1_46' title="bbox 468 3069 2051 3143; baseline 0.004 -21"><span class='ocrx_word' id='word_1_321' title='bbox 468 3069 683 3137; x_wconf 80' lang='lat' dir='ltr'><strong>inquirit</strong></span> <span class='ocrx_word' id='word_1_322' title='bbox 713 3069 839 3139; x_wconf 88' lang='lat' dir='ltr'><strong>quid</strong></span> <span class='ocrx_word' id='word_1_323' title='bbox 868 3069 968 3121; x_wconf 85' lang='lat' dir='ltr'><strong>sibi</strong></span> <span class='ocrx_word' id='word_1_324' title='bbox 994 3070 1093 3122; x_wconf 86' lang='lat' dir='ltr'><strong>ista</strong></span> <span class='ocrx_word' id='word_1_325' title='bbox 1118 3069 1332 3124; x_wconf 85' lang='lat' dir='ltr'><strong>vellent.</strong></span> <span class='ocrx_word' id='word_1_326' title='bbox 1363 3071 1553 3125; x_wconf 88' lang='lat' dir='ltr'><strong>Dicunt</strong></span> <span class='ocrx_word' id='word_1_327' title='bbox 1579 3072 1655 3125; x_wconf 89' lang='lat' dir='ltr'><strong>illi</strong></span> <span class='ocrx_word' id='word_1_328' title='bbox 1682 3092 1695 3128; x_wconf 85' lang='lat'><strong>:</strong></span> <span class='ocrx_word' id='word_1_329' title='bbox 1720 3072 1837 3126; x_wconf 85' lang='lat' dir='ltr'><strong>Tibi</strong></span> <span class='ocrx_word' id='word_1_330' title='bbox 1869 3090 1900 3127; x_wconf 91' lang='lat' dir='ltr'><strong>a</strong></span> <span class='ocrx_word' id='word_1_331' title='bbox 1925 3089 2051 3143; x_wconf 84' lang='lat' dir='ltr'><strong>rege</strong></span> 
     </span>
    </p>
   </div>
   <div class='ocr_carea' id='block_1_47' title="bbox 468 3159 2046 3229">
    <p class='ocr_par' dir='ltr' id='par_1_47' title="bbox 468 3159 2046 3229">
     <span class='ocr_line' id='line_1_47' title="bbox 468 3159 2046 3229; baseline 0.003 -17"><span class='ocrx_word' id='word_1_332' title='bbox 468 3161 582 3214; x_wconf 77' lang='lat' dir='ltr'><strong>fore</strong></span> <span class='ocrx_word' id='word_1_333' title='bbox 604 3159 823 3213; x_wconf 89' lang='lat' dir='ltr'><strong>directa.</strong></span> <span class='ocrx_word' id='word_1_334' title='bbox 860 3159 1213 3214; x_wconf 87' lang='lat' dir='ltr'><strong>Abominatns</strong></span> <span class='ocrx_word' id='word_1_335' title='bbox 1242 3174 1304 3215; x_wconf 88' lang='lat' dir='ltr'><strong>ea</strong></span> <span class='ocrx_word' id='word_1_336' title='bbox 1329 3162 1402 3213; x_wconf 88' lang='lat' dir='ltr'><strong>ait</strong></span> <span class='ocrx_word' id='word_1_337' title='bbox 1429 3176 1444 3213; x_wconf 86' lang='lat'><strong>:</strong></span> <span class='ocrx_word' id='word_1_338' title='bbox 1476 3161 1744 3229; x_wconf 85' lang='lat' dir='ltr'><strong>Scriptum</strong></span> <span class='ocrx_word' id='word_1_339' title='bbox 1772 3170 1855 3216; x_wconf 92' lang='lat' dir='ltr'><strong>est</strong></span> <span class='ocrx_word' id='word_1_340' title='bbox 1883 3180 1897 3217; x_wconf 84' lang='lat'><strong>:</strong></span> <span class='ocrx_word' id='word_1_341' title='bbox 1926 3161 2046 3216; x_wconf 76' lang='lat' dir='ltr'><strong>Mu—</strong></span> 
     </span>
    </p>
   </div>
   <div class='ocr_carea' id='block_1_48' title="bbox 2152 1972 3729 2048">
    <p class='ocr_par' dir='ltr' id='par_1_48' title="bbox 2152 1972 3729 2048">
     <span class='ocr_line' id='line_1_48' title="bbox 2152 1972 3729 2048; baseline -0.007 -15"><span class='ocrx_word' id='word_1_342' title='bbox 2152 1987 2205 2033; x_wconf 91' lang='lat' dir='ltr'><strong>et</strong></span> <span class='ocrx_word' id='word_1_343' title='bbox 2230 1978 2487 2048; x_wconf 81' lang='lat' dir='ltr'><strong>religione</strong></span> <span class='ocrx_word' id='word_1_344' title='bbox 2514 1976 2705 2031; x_wconf 89' lang='lat' dir='ltr'><strong>alienis</strong></span> <span class='ocrx_word' id='word_1_345' title='bbox 2734 1972 3056 2028; x_wconf 81' lang='lat' dir='ltr'><strong>famulorum</strong></span> <span class='ocrx_word' id='word_1_346' title='bbox 3091 1973 3187 2027; x_wconf 82' lang='lat' dir='ltr'><strong>Dei</strong></span> <span class='ocrx_word' id='word_1_347' title='bbox 3225 1974 3567 2027; x_wconf 83' lang='lat' dir='ltr'><strong>habitationis</strong></span> <span class='ocrx_word' id='word_1_348' title='bbox 3602 1989 3729 2041; x_wconf 88' lang='lat' dir='ltr'><strong>pan-</strong></span> 
     </span>
    </p>
   </div>
   <div class='ocr_carea' id='block_1_49' title="bbox 2151 2065 3736 2135">
    <p class='ocr_par' dir='ltr' id='par_1_49' title="bbox 2151 2065 3736 2135">
     <span class='ocr_line' id='line_1_49' title="bbox 2151 2065 3736 2135; baseline -0.004 -12"><span class='ocrx_word' id='word_1_349' title='bbox 2151 2070 2242 2123; x_wconf 87' lang='lat' dir='ltr'><strong>dat</strong></span> <span class='ocrx_word' id='word_1_350' title='bbox 2286 2070 2584 2123; x_wconf 89' lang='lat' dir='ltr'><strong>introitum.</strong></span> <span class='ocrx_word' id='word_1_351' title='bbox 2617 2067 2725 2123; x_wconf 89' lang='lat' dir='ltr'><strong>Sed</strong></span> <span class='ocrx_word' id='word_1_352' title='bbox 2765 2078 3070 2135; x_wconf 89' lang='lat' dir='ltr'><strong>opportuna</strong></span> <span class='ocrx_word' id='word_1_353' title='bbox 3116 2075 3343 2134; x_wconf 83' lang='lat' dir='ltr'><strong>aptaque</strong></span> <span class='ocrx_word' id='word_1_354' title='bbox 3371 2068 3484 2119; x_wconf 89' lang='lat' dir='ltr'><strong>loca</strong></span> <span class='ocrx_word' id='word_1_355' title='bbox 3526 2065 3590 2118; x_wconf 89' lang='lat' dir='ltr'><strong>ad</strong></span> <span class='ocrx_word' id='word_1_356' title='bbox 3635 2066 3736 2118; x_wconf 86' lang='lat' dir='ltr'><strong>hoc</strong></span> 
     </span>
    </p>
   </div>
   <div class='ocr_carea' id='block_1_50' title="bbox 2153 2157 3733 2228">
    <p class='ocr_par' dir='ltr' id='par_1_50' title="bbox 2153 2157 3733 2228">
     <span class='ocr_line' id='line_1_50' title="bbox 2153 2157 3733 2228; baseline -0.003 -17"><span class='ocrx_word' id='word_1_357' title='bbox 2153 2159 2349 2213; x_wconf 86' lang='lat' dir='ltr'><strong>habere</strong></span> <span class='ocrx_word' id='word_1_358' title='bbox 2376 2169 2579 2228; x_wconf 82' lang='lat' dir='ltr'><strong>parata,</strong></span> <span class='ocrx_word' id='word_1_359' title='bbox 2610 2172 2717 2227; x_wconf 82' lang='lat' dir='ltr'><strong>quo</strong></span> <span class='ocrx_word' id='word_1_360' title='bbox 2747 2159 2987 2211; x_wconf 87' lang='lat' dir='ltr'><strong>omnium</strong></span> <span class='ocrx_word' id='word_1_361' title='bbox 3022 2158 3292 2223; x_wconf 85' lang='lat' dir='ltr'><strong>hospitum</strong></span> <span class='ocrx_word' id='word_1_362' title='bbox 3322 2157 3583 2210; x_wconf 42' lang='lat' dir='ltr'><strong>adventus</strong></span> <span class='ocrx_word' id='word_1_363' title='bbox 3611 2170 3733 2208; x_wconf 80' lang='lat' dir='ltr'><strong>sus-</strong></span> 
     </span>
    </p>
   </div>
   <div class='ocr_carea' id='block_1_51' title="bbox 2150 2249 3735 2323">
    <p class='ocr_par' dir='ltr' id='par_1_51' title="bbox 2150 2249 3735 2323">
     <span class='ocr_line' id='line_1_51' title="bbox 2150 2249 3735 2323; baseline -0.004 -15"><span class='ocrx_word' id='word_1_364' title='bbox 2150 2254 2394 2322; x_wconf 87' lang='lat' dir='ltr'><strong>cipiatur.</strong></span> <span class='ocrx_word' id='word_1_365' title='bbox 2442 2253 2524 2309; x_wconf 74' lang='lat' dir='ltr'><strong>Ad</strong></span> <span class='ocrx_word' id='word_1_366' title='bbox 2568 2253 2682 2307; x_wconf 66' lang='lat' dir='ltr'><strong>haec</strong></span> <span class='ocrx_word' id='word_1_367' title='bbox 2713 2266 2804 2306; x_wconf 88' lang='lat' dir='ltr'><strong>rex</strong></span> <span class='ocrx_word' id='word_1_368' title='bbox 2833 2267 2848 2305; x_wconf 88' lang='lat'>:</span> <span class='ocrx_word' id='word_1_369' title='bbox 2887 2250 2968 2313; x_wconf 87' lang='lat' dir='ltr'><strong>Si,</strong></span> <span class='ocrx_word' id='word_1_370' title='bbox 3002 2250 3211 2323; x_wconf 82' lang='lat' dir='ltr'><strong>inquit,</strong></span> <span class='ocrx_word' id='word_1_371' title='bbox 3248 2249 3510 2320; x_wconf 75' lang='lat' dir='ltr'><strong>largitatis</strong></span> <span class='ocrx_word' id='word_1_372' title='bbox 3540 2260 3735 2303; x_wconf 59' lang='lat' dir='ltr'><strong>nortrzc</strong></span> 
     </span>
    </p>
   </div>
   <div class='ocr_carea' id='block_1_52' title="bbox 2153 2341 3735 2411">
    <p class='ocr_par' dir='ltr' id='par_1_52' title="bbox 2153 2341 3735 2411">
     <span class='ocr_line' id='line_1_52' title="bbox 2153 2341 3735 2411; baseline -0.004 -11"><span class='ocrx_word' id='word_1_373' title='bbox 2153 2362 2373 2401; x_wconf 81' lang='lat' dir='ltr'><strong>munera</strong></span> <span class='ocrx_word' id='word_1_374' title='bbox 2420 2354 2472 2400; x_wconf 90' lang='lat' dir='ltr'><strong>et</strong></span> <span class='ocrx_word' id='word_1_375' title='bbox 2520 2344 2798 2399; x_wconf 87' lang='lat' dir='ltr'><strong>snlaminis</strong></span> <span class='ocrx_word' id='word_1_376' title='bbox 2847 2341 3281 2411; x_wconf 87' lang='lat' dir='ltr'><strong>supplementum</strong></span> <span class='ocrx_word' id='word_1_377' title='bbox 3329 2356 3523 2408; x_wconf 79' lang='lat' dir='ltr'><strong>eapere</strong></span> <span class='ocrx_word' id='word_1_378' title='bbox 3547 2342 3735 2405; x_wconf 79' lang='lat' dir='ltr'><strong>cupis.</strong></span> 
     </span>
    </p>
   </div>
   <div class='ocr_carea' id='block_1_53' title="bbox 2151 2431 3735 2504">
    <p class='ocr_par' dir='ltr' id='par_1_53' title="bbox 2151 2431 3735 2504">
     <span class='ocr_line' id='line_1_53' title="bbox 2151 2431 3735 2504; baseline -0.006 -10"><span class='ocrx_word' id='word_1_379' title='bbox 2151 2439 2401 2494; x_wconf 85' lang='lat' dir='ltr'><strong>omnibus</strong></span> <span class='ocrx_word' id='word_1_380' title='bbox 2431 2439 2482 2490; x_wconf 92' lang='lat' dir='ltr'><strong>in</strong></span> <span class='ocrx_word' id='word_1_381' title='bbox 2513 2439 2646 2492; x_wconf 88' lang='lat' dir='ltr'><strong>locis</strong></span> <span class='ocrx_word' id='word_1_382' title='bbox 2683 2437 2923 2491; x_wconf 88' lang='lat' dir='ltr'><strong>omnium</strong></span> <span class='ocrx_word' id='word_1_383' title='bbox 2973 2433 3176 2504; x_wconf 82' lang='lat' dir='ltr'><strong>patebit</strong></span> <span class='ocrx_word' id='word_1_384' title='bbox 3207 2432 3477 2489; x_wconf 76' lang='lat' dir='ltr'><strong>introitus.</strong></span> <span class='ocrx_word' id='word_1_385' title='bbox 3517 2431 3609 2485; x_wconf 78' lang='lat' dir='ltr'><strong>Vir</strong></span> <span class='ocrx_word' id='word_1_386' title='bbox 3638 2432 3735 2503; x_wconf 85' lang='lat' dir='ltr'><strong>Dei</strong></span> 
     </span>
    </p>
   </div>
   <div class='ocr_carea' id='block_1_54' title="bbox 2152 2520 3736 2596">
    <p class='ocr_par' dir='ltr' id='par_1_54' title="bbox 2152 2520 3736 2596">
     <span class='ocr_line' id='line_1_54' title="bbox 2152 2520 3736 2596; baseline -0.006 -13"><span class='ocrx_word' id='word_1_387' title='bbox 2152 2528 2428 2596; x_wconf 88' lang='lat' dir='ltr'><strong>respondit</strong></span> <span class='ocrx_word' id='word_1_388' title='bbox 2457 2543 2470 2578; x_wconf 89' lang='lat'><strong>:</strong></span> <span class='ocrx_word' id='word_1_389' title='bbox 2506 2526 2561 2581; x_wconf 91' lang='lat' dir='ltr'><strong>Si</strong></span> <span class='ocrx_word' id='word_1_390' title='bbox 2590 2526 2732 2594; x_wconf 90' lang='lat' dir='ltr'><strong>quod</strong></span> <span class='ocrx_word' id='word_1_391' title='bbox 2764 2539 2905 2578; x_wconf 86' lang='lat' dir='ltr'><strong>nunc</strong></span> <span class='ocrx_word' id='word_1_392' title='bbox 2932 2540 3103 2592; x_wconf 61' lang='lat' dir='ltr'><strong>usque</strong></span> <span class='ocrx_word' id='word_1_393' title='bbox 3142 2524 3241 2576; x_wconf 87' lang='lat' dir='ltr'><strong>sub</strong></span> <span class='ocrx_word' id='word_1_394' title='bbox 3271 2522 3534 2592; x_wconf 80' lang='lat' dir='ltr'><strong>regularis</strong></span> <span class='ocrx_word' id='word_1_395' title='bbox 3573 2520 3736 2574; x_wconf 87' lang='lat' dir='ltr'><strong>disci-</strong></span> 
     </span>
    </p>
   </div>
   <div class='ocr_carea' id='block_1_55' title="bbox 2153 2604 3737 2691">
    <p class='ocr_par' dir='ltr' id='par_1_55' title="bbox 2153 2604 3737 2691">
     <span class='ocr_line' id='line_1_55' title="bbox 2153 2604 3737 2691; baseline -0.004 -18"><span class='ocrx_word' id='word_1_396' title='bbox 2153 2618 2313 2688; x_wconf 70' lang='lat' dir='ltr'><strong>plina:</strong></span> <span class='ocrx_word' id='word_1_397' title='bbox 2347 2617 2570 2671; x_wconf 85' lang='lat' dir='ltr'><strong>habenis</strong></span> <span class='ocrx_word' id='word_1_398' title='bbox 2614 2617 2963 2669; x_wconf 89' lang='lat' dir='ltr'><strong>con-trictum</strong></span> <span class='ocrx_word' id='word_1_399' title='bbox 3022 2616 3133 2691; x_wconf 64' lang='grc' dir='ltr'><strong>[ΑΙ.</strong></span> <span class='ocrx_word' id='word_1_400' title='bbox 3190 2611 3581 2681; x_wconf 83' lang='lat' dir='ltr'><strong>constructum]</strong></span> <span class='ocrx_word' id='word_1_401' title='bbox 3637 2604 3737 2667; x_wconf 74' lang='lat' dir='ltr'><strong>fuit</strong></span> 
     </span>
    </p>
   </div>
   <div class='ocr_carea' id='block_1_56' title="bbox 2153 2703 3736 2771">
    <p class='ocr_par' dir='ltr' id='par_1_56' title="bbox 2153 2703 3736 2771">
     <span class='ocr_line' id='line_1_56' title="bbox 2153 2703 3736 2771; baseline -0.003 -12"><span class='ocrx_word' id='word_1_402' title='bbox 2153 2707 2353 2761; x_wconf 86' lang='lat' dir='ltr'><strong>violare</strong></span> <span class='ocrx_word' id='word_1_403' title='bbox 2382 2708 2623 2769; x_wconf 85' lang='lat' dir='ltr'><strong>conaris,</strong></span> <span class='ocrx_word' id='word_1_404' title='bbox 2658 2720 2754 2759; x_wconf 91' lang='lat' dir='ltr'><strong>nec</strong></span> <span class='ocrx_word' id='word_1_405' title='bbox 2783 2705 2887 2757; x_wconf 90' lang='lat' dir='ltr'><strong>tuis</strong></span> <span class='ocrx_word' id='word_1_406' title='bbox 2908 2706 3250 2767; x_wconf 72' lang='lat' dir='ltr'><strong>uulneribus,</strong></span> <span class='ocrx_word' id='word_1_407' title='bbox 3277 2718 3374 2757; x_wconf 86' lang='lat' dir='ltr'><strong>nec</strong></span> <span class='ocrx_word' id='word_1_408' title='bbox 3404 2703 3736 2771; x_wconf 87' lang='lat' dir='ltr'><strong>quibuscun-</strong></span> 
     </span>
    </p>
   </div>
   <div class='ocr_carea' id='block_1_57' title="bbox 2153 2795 3737 2870">
    <p class='ocr_par' dir='ltr' id='par_1_57' title="bbox 2153 2795 3737 2870">
     <span class='ocr_line' id='line_1_57' title="bbox 2153 2795 3737 2870; baseline -0.003 -19"><span class='ocrx_word' id='word_1_409' title='bbox 2153 2814 2255 2870; x_wconf 90' lang='lat' dir='ltr'><strong>que</strong></span> <span class='ocrx_word' id='word_1_410' title='bbox 2285 2798 2539 2853; x_wconf 88' lang='lat' dir='ltr'><strong>subsidiis</strong></span> <span class='ocrx_word' id='word_1_411' title='bbox 2570 2812 2652 2850; x_wconf 82' lang='lat' dir='ltr'><strong>me</strong></span> <span class='ocrx_word' id='word_1_412' title='bbox 2686 2796 2845 2851; x_wconf 86' lang='lat' dir='ltr'><strong>l‘orca</strong></span> <span class='ocrx_word' id='word_1_413' title='bbox 2879 2806 2931 2850; x_wconf 89' lang='lat' dir='ltr'><strong>te</strong></span> <span class='ocrx_word' id='word_1_414' title='bbox 2960 2806 3407 2850; x_wconf 81' lang='lat' dir='ltr'><strong>sustentaturum.</strong></span> <span class='ocrx_word' id='word_1_415' title='bbox 3443 2795 3506 2848; x_wconf 83' lang='lat' dir='ltr'><strong>Et</strong></span> <span class='ocrx_word' id='word_1_416' title='bbox 3532 2795 3576 2848; x_wconf 92' lang='lat' dir='ltr'><strong>si</strong></span> <span class='ocrx_word' id='word_1_417' title='bbox 3605 2795 3737 2848; x_wconf 82' lang='lat' dir='ltr'><strong>lianc</strong></span> 
     </span>
    </p>
   </div>
   <div class='ocr_carea' id='block_1_58' title="bbox 2154 2886 3737 2949">
    <p class='ocr_par' dir='ltr' id='par_1_58' title="bbox 2154 2886 3737 2949">
     <span class='ocr_line' id='line_1_58' title="bbox 2154 2886 3737 2949; baseline -0.002 -4"><span class='ocrx_word' id='word_1_418' title='bbox 2154 2891 2223 2945; x_wconf 90' lang='lat' dir='ltr'><strong>ob</strong></span> <span class='ocrx_word' id='word_1_419' title='bbox 2249 2905 2466 2945; x_wconf 84' lang='lat' dir='ltr'><strong>causam</strong></span> <span class='ocrx_word' id='word_1_420' title='bbox 2498 2899 2549 2943; x_wconf 90' lang='lat' dir='ltr'><strong>tu</strong></span> <span class='ocrx_word' id='word_1_421' title='bbox 2580 2888 2682 2944; x_wconf 86' lang='lat' dir='ltr'><strong>hoc</strong></span> <span class='ocrx_word' id='word_1_422' title='bbox 2714 2890 2765 2944; x_wconf 91' lang='lat' dir='ltr'><strong>in</strong></span> <span class='ocrx_word' id='word_1_423' title='bbox 2798 2889 2916 2943; x_wconf 84' lang='lat' dir='ltr'><strong>loco</strong></span> <span class='ocrx_word' id='word_1_424' title='bbox 2944 2890 3177 2949; x_wconf 81' lang='lat' dir='ltr'><strong>venisti.</strong></span> <span class='ocrx_word' id='word_1_425' title='bbox 3226 2897 3279 2942; x_wconf 94' lang='lat' dir='ltr'><strong>ut</strong></span> <span class='ocrx_word' id='word_1_426' title='bbox 3322 2902 3602 2941; x_wconf 67' lang='lat' dir='ltr'><strong>Serrorum</strong></span> <span class='ocrx_word' id='word_1_427' title='bbox 3647 2886 3737 2942; x_wconf 85' lang='lat' dir='ltr'><strong>Dei</strong></span> 
     </span>
    </p>
   </div>
   <div class='ocr_carea' id='block_1_59' title="bbox 2154 2980 3739 3051">
    <p class='ocr_par' dir='ltr' id='par_1_59' title="bbox 2154 2980 3739 3051">
     <span class='ocr_line' id='line_1_59' title="bbox 2154 2980 3739 3051; baseline -0.003 -14"><span class='ocrx_word' id='word_1_428' title='bbox 2154 2983 2396 3038; x_wconf 72' lang='lat' dir='ltr'><strong>cmnobia</strong></span> <span class='ocrx_word' id='word_1_429' title='bbox 2426 2983 2692 3047; x_wconf 85' lang='lat' dir='ltr'><strong>dcslruas,</strong></span> <span class='ocrx_word' id='word_1_430' title='bbox 2720 2989 2774 3035; x_wconf 88' lang='lat' dir='ltr'><strong>ct</strong></span> <span class='ocrx_word' id='word_1_431' title='bbox 2795 2983 3092 3051; x_wconf 83' lang='lat' dir='ltr'><strong>regularem</strong></span> <span class='ocrx_word' id='word_1_432' title='bbox 3116 2980 3451 3047; x_wconf 88' lang='lat' dir='ltr'><strong>diseiplinam</strong></span> <span class='ocrx_word' id='word_1_433' title='bbox 3478 2980 3739 3045; x_wconf 86' lang='lat' dir='ltr'><strong>macules,</strong></span> 
     </span>
    </p>
   </div>
   <div class='ocr_carea' id='block_1_60' title="bbox 2154 3072 3739 3143">
    <p class='ocr_par' dir='ltr' id='par_1_60' title="bbox 2154 3072 3739 3143">
     <span class='ocr_line' id='line_1_60' title="bbox 2154 3072 3739 3143; baseline -0.003 -13"><span class='ocrx_word' id='word_1_434' title='bbox 2154 3076 2290 3130; x_wconf 86' lang='lat' dir='ltr'><strong>scito</strong></span> <span class='ocrx_word' id='word_1_435' title='bbox 2322 3086 2466 3129; x_wconf 87' lang='lat' dir='ltr'><strong>tuum</strong></span> <span class='ocrx_word' id='word_1_436' title='bbox 2503 3089 2723 3143; x_wconf 79' lang='lat' dir='ltr'><strong>regnum</strong></span> <span class='ocrx_word' id='word_1_437' title='bbox 2760 3072 2996 3126; x_wconf 78' lang='lat' dir='ltr'><strong>funditus</strong></span> <span class='ocrx_word' id='word_1_438' title='bbox 3028 3072 3289 3126; x_wconf 88' lang='lat' dir='ltr'><strong>ruiturum</strong></span> <span class='ocrx_word' id='word_1_439' title='bbox 3315 3109 3331 3139; x_wconf 90' lang='lat'><strong>,</strong></span> <span class='ocrx_word' id='word_1_440' title='bbox 3365 3080 3420 3125; x_wconf 83' lang='lat' dir='ltr'><strong>et</strong></span> <span class='ocrx_word' id='word_1_441' title='bbox 3443 3087 3564 3125; x_wconf 86' lang='lat' dir='ltr'><strong>cum</strong></span> <span class='ocrx_word' id='word_1_442' title='bbox 3596 3074 3739 3125; x_wconf 84' lang='lat' dir='ltr'><strong>omni</strong></span> 
     </span>
    </p>
   </div>
   <div class='ocr_carea' id='block_1_61' title="bbox 2158 3159 3740 3236">
    <p class='ocr_par' dir='ltr' id='par_1_61' title="bbox 2158 3159 3740 3236">
     <span class='ocr_line' id='line_1_61' title="bbox 2158 3159 3740 3236; baseline -0.003 -16"><span class='ocrx_word' id='word_1_443' title='bbox 2158 3167 2446 3236; x_wconf 83' lang='lat' dir='ltr'><strong>propagine</strong></span> <span class='ocrx_word' id='word_1_444' title='bbox 2492 3163 2637 3234; x_wconf 84' lang='lat' dir='ltr'><strong>regia</strong></span> <span class='ocrx_word' id='word_1_445' title='bbox 2686 3162 2976 3231; x_wconf 88' lang='lat' dir='ltr'><strong>periturum</strong></span> <span class='ocrx_word' id='word_1_446' title='bbox 3009 3162 3119 3233; x_wconf 69' lang='lat' dir='ltr'><strong>Idl.</strong></span> <span class='ocrx_word' id='word_1_447' title='bbox 3143 3159 3562 3232; x_wconf 75' lang='lat' dir='ltr'><strong>dcmersurmnj.</strong></span> <span class='ocrx_word' id='word_1_448' title='bbox 3588 3162 3740 3226; x_wconf 79' lang='lat' dir='ltr'><strong>Quod</strong></span> 
     </span>
    </p>
   </div>
   <div class='ocr_carea' id='block_1_62' title="bbox 469 3248 3739 3325">
    <p class='ocr_par' dir='ltr' id='par_1_62' title="bbox 469 3248 3739 3325">
     <span class='ocr_line' id='line_1_62' title="bbox 469 3248 3739 3325; baseline 0 -24"><span class='ocrx_word' id='word_1_449' title='bbox 469 3266 589 3301; x_wconf 79' lang='lat' dir='ltr'><strong>nera</strong></span> <span class='ocrx_word' id='word_1_450' title='bbox 620 3250 893 3316; x_wconf 80' lang='lat' dir='ltr'><strong>impiorum</strong></span> <span class='ocrx_word' id='word_1_451' title='bbox 924 3249 1161 3318; x_wconf 86' lang='lat' dir='ltr'><strong>reprobat</strong></span> <span class='ocrx_word' id='word_1_452' title='bbox 1191 3249 1484 3305; x_wconf 75' lang='lat' dir='ltr'><strong>Altissimus</strong></span> <span class='ocrx_word' id='word_1_453' title='bbox 1506 3248 1687 3320; x_wconf 85' lang='lat' dir='ltr'><strong>(Prov.</strong></span> <span class='ocrx_word' id='word_1_454' title='bbox 1716 3266 1803 3317; x_wconf 80' lang='lat' dir='ltr'><strong>xv,</strong></span> <span class='ocrx_word' id='word_1_455' title='bbox 1833 3251 1912 3321; x_wconf 85' lang='lat'><strong>8).</strong></span> <span class='ocrx_word' id='word_1_456' title='bbox 1936 3251 2049 3307; x_wconf 87' lang='lat' dir='ltr'><strong>Non</strong></span> <span class='ocrx_word' id='word_1_457' title='bbox 2077 3260 2129 3325; x_wconf 73' lang='grc' dir='ltr'>ο</span> <span class='ocrx_word' id='word_1_458' title='bbox 2159 3264 2339 3322; x_wconf 85' lang='lat' dir='ltr'><strong>postea</strong></span> <span class='ocrx_word' id='word_1_459' title='bbox 2371 3254 2446 3308; x_wconf 89' lang='lat' dir='ltr'><strong>rei</strong></span> <span class='ocrx_word' id='word_1_460' title='bbox 2476 3252 2719 3323; x_wconf 85' lang='lat' dir='ltr'><strong>probavit</strong></span> <span class='ocrx_word' id='word_1_461' title='bbox 2747 3261 2989 3307; x_wconf 88' lang='lat' dir='ltr'><strong>eventus.</strong></span> <span class='ocrx_word' id='word_1_462' title='bbox 3022 3251 3140 3306; x_wconf 84' lang='lat' dir='ltr'><strong>Jam</strong></span> <span class='ocrx_word' id='word_1_463' title='bbox 3165 3252 3308 3304; x_wconf 90' lang='lat' dir='ltr'><strong>enim</strong></span> <span class='ocrx_word' id='word_1_464' title='bbox 3334 3250 3619 3304; x_wconf 87' lang='lat' dir='ltr'><strong>temerario</strong></span> <span class='ocrx_word' id='word_1_465' title='bbox 3645 3264 3739 3304; x_wconf 90' lang='lat' dir='ltr'><strong>co-</strong></span> 
     </span>
    </p>
   </div>
   <div class='ocr_carea' id='block_1_63' title="bbox 468 3336 2053 3411">
    <p class='ocr_par' dir='ltr' id='par_1_63' title="bbox 468 3336 2053 3411">
     <span class='ocr_line' id='line_1_63' title="bbox 468 3336 2053 3411; baseline 0.001 -17"><span class='ocrx_word' id='word_1_466' title='bbox 468 3341 611 3394; x_wconf 89' lang='lat' dir='ltr'><strong>enim</strong></span> <span class='ocrx_word' id='word_1_467' title='bbox 643 3340 860 3409; x_wconf 86' lang='lat' dir='ltr'><strong>dignum</strong></span> <span class='ocrx_word' id='word_1_468' title='bbox 906 3349 988 3394; x_wconf 89' lang='lat' dir='ltr'><strong>est</strong></span> <span class='ocrx_word' id='word_1_469' title='bbox 1028 3347 1086 3393; x_wconf 89' lang='lat' dir='ltr'><strong>ut</strong></span> <span class='ocrx_word' id='word_1_470' title='bbox 1125 3336 1449 3394; x_wconf 77' lang='lat' dir='ltr'><strong>famulorum</strong></span> <span class='ocrx_word' id='word_1_471' title='bbox 1498 3341 1590 3395; x_wconf 84' lang='lat' dir='ltr'><strong>Dei</strong></span> <span class='ocrx_word' id='word_1_472' title='bbox 1635 3356 1731 3395; x_wconf 87' lang='lat' dir='ltr'><strong>ora</strong></span> <span class='ocrx_word' id='word_1_473' title='bbox 1775 3344 1910 3396; x_wconf 87' lang='lat' dir='ltr'><strong>cibis</strong></span> <span class='ocrx_word' id='word_1_474' title='bbox 1934 3342 2053 3411; x_wconf 84' lang='lat' dir='ltr'><strong>ejus</strong></span> 
     </span>
    </p>
   </div>
   <div class='ocr_carea' id='block_1_64' title="bbox 469 3429 2054 3504">
    <p class='ocr_par' dir='ltr' id='par_1_64' title="bbox 469 3429 2054 3504">
     <span class='ocr_line' id='line_1_64' title="bbox 469 3429 2054 3504; baseline 0.003 -20"><span class='ocrx_word' id='word_1_475' title='bbox 469 3432 772 3501; x_wconf 88' lang='lat' dir='ltr'><strong>polluantur</strong></span> <span class='ocrx_word' id='word_1_476' title='bbox 806 3429 848 3499; x_wconf 73' lang='grc' dir='ltr'><strong>ί,</strong></span> <span class='ocrx_word' id='word_1_477' title='bbox 878 3431 968 3501; x_wconf 90' lang='lat' dir='ltr'><strong>qui</strong></span> <span class='ocrx_word' id='word_1_478' title='bbox 1000 3446 1103 3484; x_wconf 90' lang='lat' dir='ltr'><strong>non</strong></span> <span class='ocrx_word' id='word_1_479' title='bbox 1135 3430 1309 3485; x_wconf 91' lang='lat' dir='ltr'><strong>solum</strong></span> <span class='ocrx_word' id='word_1_480' title='bbox 1356 3433 1468 3485; x_wconf 88' lang='lat' dir='ltr'><strong>suis</strong></span> <span class='ocrx_word' id='word_1_481' title='bbox 1510 3430 1618 3503; x_wconf 81' lang='grc' dir='ltr'><strong>[Αι.</strong></span> <span class='ocrx_word' id='word_1_482' title='bbox 1665 3433 1820 3504; x_wconf 81' lang='lat' dir='ltr'><strong>sua],</strong></span> <span class='ocrx_word' id='word_1_483' title='bbox 1867 3448 2054 3488; x_wconf 84' lang='lat' dir='ltr'><strong>verum</strong></span> 
     </span>
    </p>
   </div>
   <div class='ocr_carea' id='block_1_65' title="bbox 470 3522 2053 3595">
    <p class='ocr_par' dir='ltr' id='par_1_65' title="bbox 470 3522 2053 3595">
     <span class='ocr_line' id='line_1_65' title="bbox 470 3522 2053 3595; baseline 0.001 -17"><span class='ocrx_word' id='word_1_484' title='bbox 470 3529 629 3578; x_wconf 63' lang='lat' dir='ltr'><strong>etiam</strong></span> <span class='ocrx_word' id='word_1_485' title='bbox 656 3524 879 3577; x_wconf 88' lang='lat' dir='ltr'><strong>aliorum</strong></span> <span class='ocrx_word' id='word_1_486' title='bbox 908 3522 1223 3577; x_wconf 88' lang='lat' dir='ltr'><strong>habitaculis</strong></span> <span class='ocrx_word' id='word_1_487' title='bbox 1247 3523 1356 3595; x_wconf 73' lang='lat' dir='ltr'><strong>[AL</strong></span> <span class='ocrx_word' id='word_1_488' title='bbox 1379 3522 1702 3594; x_wconf 86' lang='lat' dir='ltr'><strong>habitacula]</strong></span> <span class='ocrx_word' id='word_1_489' title='bbox 1722 3524 1934 3579; x_wconf 82' lang='lat' dir='ltr'><strong>famulis</strong></span> <span class='ocrx_word' id='word_1_490' title='bbox 1960 3526 2053 3580; x_wconf 89' lang='lat' dir='ltr'><strong>Dei</strong></span> 
     </span>
    </p>
   </div>
   <div class='ocr_carea' id='block_1_66' title="bbox 471 3611 2053 3683">
    <p class='ocr_par' dir='ltr' id='par_1_66' title="bbox 471 3611 2053 3683">
     <span class='ocr_line' id='line_1_66' title="bbox 471 3611 2053 3683; baseline 0.001 -15"><span class='ocrx_word' id='word_1_491' title='bbox 471 3617 674 3669; x_wconf 77' lang='lat' dir='ltr'><strong>aditum</strong></span> <span class='ocrx_word' id='word_1_492' title='bbox 721 3615 972 3683; x_wconf 88' lang='lat' dir='ltr'><strong>denegat.</strong></span> <span class='ocrx_word' id='word_1_493' title='bbox 1008 3611 1101 3667; x_wconf 91' lang='lat' dir='ltr'><strong>Ilis</strong></span> <span class='ocrx_word' id='word_1_494' title='bbox 1130 3613 1283 3667; x_wconf 88' lang='lat' dir='ltr'><strong>dictis</strong></span> <span class='ocrx_word' id='word_1_495' title='bbox 1304 3654 1318 3677; x_wconf 91' lang='lat'><strong>,</strong></span> <span class='ocrx_word' id='word_1_496' title='bbox 1348 3614 1563 3668; x_wconf 84' lang='lat' dir='ltr'><strong>vascula</strong></span> <span class='ocrx_word' id='word_1_497' title='bbox 1596 3615 1772 3669; x_wconf 87' lang='lat' dir='ltr'><strong>omnia</strong></span> <span class='ocrx_word' id='word_1_498' title='bbox 1802 3616 1854 3668; x_wconf 91' lang='lat' dir='ltr'><strong>in</strong></span> <span class='ocrx_word' id='word_1_499' title='bbox 1887 3614 2053 3669; x_wconf 79' lang='lat' dir='ltr'><strong>frusta</strong></span> 
     </span>
    </p>
   </div>
   <div class='ocr_carea' id='block_1_67' title="bbox 472 3708 2053 3779">
    <p class='ocr_par' dir='ltr' id='par_1_67' title="bbox 472 3708 2053 3779">
     <span class='ocr_line' id='line_1_67' title="bbox 472 3708 2053 3779; baseline 0.003 -18"><span class='ocrx_word' id='word_1_500' title='bbox 472 3710 711 3777; x_wconf 84' lang='lat' dir='ltr'><strong>disrupta</strong></span> <span class='ocrx_word' id='word_1_501' title='bbox 742 3717 887 3773; x_wconf 88' lang='lat' dir='ltr'><strong>sunt,</strong></span> <span class='ocrx_word' id='word_1_502' title='bbox 920 3708 1149 3777; x_wconf 85' lang='lat' dir='ltr'><strong>vinaque</strong></span> <span class='ocrx_word' id='word_1_503' title='bbox 1176 3722 1238 3762; x_wconf 90' lang='lat' dir='ltr'><strong>ac</strong></span> <span class='ocrx_word' id='word_1_504' title='bbox 1267 3708 1439 3761; x_wconf 90' lang='lat' dir='ltr'><strong>sicera</strong></span> <span class='ocrx_word' id='word_1_505' title='bbox 1478 3709 1597 3779; x_wconf 85' lang='lat' dir='ltr'><strong>solo</strong></span> <span class='ocrx_word' id='word_1_506' title='bbox 1625 3709 1855 3777; x_wconf 86' lang='lat' dir='ltr'><strong>diII&#39;usa,</strong></span> <span class='ocrx_word' id='word_1_507' title='bbox 1888 3720 2053 3766; x_wconf 68' lang='lat' dir='ltr'><strong>ciete-</strong></span> 
     </span>
    </p>
   </div>
   <div class='ocr_carea' id='block_1_68' title="bbox 473 3796 2053 3867">
    <p class='ocr_par' dir='ltr' id='par_1_68' title="bbox 473 3796 2053 3867">
     <span class='ocr_line' id='line_1_68' title="bbox 473 3796 2053 3867; baseline 0.004 -17"><span class='ocrx_word' id='word_1_508' title='bbox 473 3812 637 3864; x_wconf 83' lang='lat' dir='ltr'><strong>raque</strong></span> <span class='ocrx_word' id='word_1_509' title='bbox 684 3797 969 3866; x_wconf 88' lang='lat' dir='ltr'><strong>separatim</strong></span> <span class='ocrx_word' id='word_1_510' title='bbox 1016 3796 1281 3865; x_wconf 86' lang='lat' dir='ltr'><strong>dispersa.</strong></span> <span class='ocrx_word' id='word_1_511' title='bbox 1336 3798 1601 3853; x_wconf 83' lang='lat' dir='ltr'><strong>Pavetacti</strong></span> <span class='ocrx_word' id='word_1_512' title='bbox 1654 3799 1923 3867; x_wconf 90' lang='lat' dir='ltr'><strong>ministri,</strong></span> <span class='ocrx_word' id='word_1_513' title='bbox 1974 3802 2053 3857; x_wconf 89' lang='lat' dir='ltr'><strong>rei</strong></span> 
     </span>
    </p>
   </div>
   <div class='ocr_carea' id='block_1_69' title="bbox 474 3887 2055 3961">
    <p class='ocr_par' dir='ltr' id='par_1_69' title="bbox 474 3887 2055 3961">
     <span class='ocr_line' id='line_1_69' title="bbox 474 3887 2055 3961; baseline 0.002 -18"><span class='ocrx_word' id='word_1_514' title='bbox 474 3901 637 3958; x_wconf 71' lang='lat' dir='ltr'><strong>gesta:</strong></span> <span class='ocrx_word' id='word_1_515' title='bbox 665 3905 847 3945; x_wconf 90' lang='lat' dir='ltr'><strong>casum</strong></span> <span class='ocrx_word' id='word_1_516' title='bbox 878 3888 985 3959; x_wconf 65' lang='grc' dir='ltr'><strong>[Αἵ.</strong></span> <span class='ocrx_word' id='word_1_517' title='bbox 1017 3887 1253 3959; x_wconf 71' lang='lat' dir='ltr'><strong>causam]</strong></span> <span class='ocrx_word' id='word_1_518' title='bbox 1285 3890 1392 3958; x_wconf 84' lang='lat' dir='ltr'><strong>regi</strong></span> <span class='ocrx_word' id='word_1_519' title='bbox 1426 3892 1690 3944; x_wconf 88' lang='lat' dir='ltr'><strong>nuntiant.</strong></span> <span class='ocrx_word' id='word_1_520' title='bbox 1726 3891 1819 3949; x_wconf 89' lang='lat' dir='ltr'><strong>Ille</strong></span> <span class='ocrx_word' id='word_1_521' title='bbox 1858 3908 2055 3961; x_wconf 85' lang='lat' dir='ltr'><strong>pavore</strong></span> 
     </span>
    </p>
   </div>
   <div class='ocr_carea' id='block_1_70' title="bbox 474 3982 2055 4054">
    <p class='ocr_par' dir='ltr' id='par_1_70' title="bbox 474 3982 2055 4054">
     <span class='ocr_line' id='line_1_70' title="bbox 474 3982 2055 4054; baseline 0.002 -19"><span class='ocrx_word' id='word_1_522' title='bbox 474 3983 753 4048; x_wconf 89' lang='lat' dir='ltr'><strong>perculsus</strong></span> <span class='ocrx_word' id='word_1_523' title='bbox 779 3996 903 4035; x_wconf 92' lang='lat' dir='ltr'><strong>cum</strong></span> <span class='ocrx_word' id='word_1_524' title='bbox 931 3983 1049 4034; x_wconf 87' lang='lat' dir='ltr'><strong>avia</strong></span> <span class='ocrx_word' id='word_1_525' title='bbox 1071 3982 1306 4034; x_wconf 89' lang='lat' dir='ltr'><strong>diluculo</strong></span> <span class='ocrx_word' id='word_1_526' title='bbox 1329 3982 1393 4033; x_wconf 87' lang='lat' dir='ltr'><strong>ad</strong></span> <span class='ocrx_word' id='word_1_527' title='bbox 1424 3982 1592 4035; x_wconf 90' lang='lat' dir='ltr'><strong>virum</strong></span> <span class='ocrx_word' id='word_1_528' title='bbox 1627 3985 1718 4036; x_wconf 81' lang='lat' dir='ltr'><strong>Dei</strong></span> <span class='ocrx_word' id='word_1_529' title='bbox 1742 3996 2055 4054; x_wconf 79' lang='lat' dir='ltr'><strong>properant.</strong></span> 
     </span>
    </p>
   </div>
   <div class='ocr_carea' id='block_1_71' title="bbox 476 4071 2055 4142">
    <p class='ocr_par' dir='ltr' id='par_1_71' title="bbox 476 4071 2055 4142">
     <span class='ocr_line' id='line_1_71' title="bbox 476 4071 2055 4142; baseline 0.003 -17"><span class='ocrx_word' id='word_1_530' title='bbox 476 4074 766 4126; x_wconf 80' lang='lat' dir='ltr'><strong>I’recautur</strong></span> <span class='ocrx_word' id='word_1_531' title='bbox 814 4071 881 4126; x_wconf 89' lang='lat' dir='ltr'><strong>de</strong></span> <span class='ocrx_word' id='word_1_532' title='bbox 929 4071 1219 4126; x_wconf 87' lang='lat' dir='ltr'><strong>commisso</strong></span> <span class='ocrx_word' id='word_1_533' title='bbox 1278 4071 1521 4136; x_wconf 86' lang='lat' dir='ltr'><strong>veniam,</strong></span> <span class='ocrx_word' id='word_1_534' title='bbox 1568 4086 1628 4125; x_wconf 88' lang='lat' dir='ltr'><strong>se</strong></span> <span class='ocrx_word' id='word_1_535' title='bbox 1672 4072 1725 4127; x_wconf 90' lang='lat' dir='ltr'><strong>in</strong></span> <span class='ocrx_word' id='word_1_536' title='bbox 1779 4084 2055 4142; x_wconf 89' lang='lat' dir='ltr'><strong>posterum</strong></span> 
     </span>
    </p>
   </div>
   <div class='ocr_carea' id='block_1_72' title="bbox 476 4163 2058 4233">
    <p class='ocr_par' dir='ltr' id='par_1_72' title="bbox 476 4163 2058 4233">
     <span class='ocr_line' id='line_1_72' title="bbox 476 4163 2058 4233; baseline 0.002 -14"><span class='ocrx_word' id='word_1_537' title='bbox 476 4163 763 4219; x_wconf 86' lang='lat' dir='ltr'><strong>emendare</strong></span> <span class='ocrx_word' id='word_1_538' title='bbox 806 4164 1141 4233; x_wconf 84' lang='lat' dir='ltr'><strong>pollicentur.</strong></span> <span class='ocrx_word' id='word_1_539' title='bbox 1198 4165 1288 4217; x_wconf 88' lang='lat' dir='ltr'><strong>llis</strong></span> <span class='ocrx_word' id='word_1_540' title='bbox 1346 4174 1563 4231; x_wconf 86' lang='lat' dir='ltr'><strong>pacatus</strong></span> <span class='ocrx_word' id='word_1_541' title='bbox 1611 4165 2058 4231; x_wconf 87' lang='lat' dir='ltr'><strong>promissionibus</strong></span> 
     </span>
    </p>
   </div>
   <div class='ocr_carea' id='block_1_73' title="bbox 477 4255 2055 4328">
    <p class='ocr_par' dir='ltr' id='par_1_73' title="bbox 477 4255 2055 4328">
     <span class='ocr_line' id='line_1_73' title="bbox 477 4255 2055 4328; baseline 0.003 -18"><span class='ocrx_word' id='word_1_542' title='bbox 477 4256 861 4311; x_wconf 89' lang='lat' dir='ltr'><strong>monasterium</strong></span> <span class='ocrx_word' id='word_1_543' title='bbox 890 4255 1074 4320; x_wconf 91' lang='lat' dir='ltr'><strong>rediit,</strong></span> <span class='ocrx_word' id='word_1_544' title='bbox 1105 4256 1199 4310; x_wconf 88' lang='lat' dir='ltr'><strong>sed</strong></span> <span class='ocrx_word' id='word_1_545' title='bbox 1232 4257 1447 4324; x_wconf 85' lang='lat' dir='ltr'><strong>polliciti</strong></span> <span class='ocrx_word' id='word_1_546' title='bbox 1478 4256 1766 4311; x_wconf 89' lang='lat' dir='ltr'><strong>vadimouii</strong></span> <span class='ocrx_word' id='word_1_547' title='bbox 1795 4259 1920 4328; x_wconf 86' lang='lat' dir='ltr'><strong>jura</strong></span> <span class='ocrx_word' id='word_1_548' title='bbox 1951 4274 2055 4313; x_wconf 91' lang='lat' dir='ltr'><strong>non</strong></span> 
     </span>
    </p>
   </div>
   <div class='ocr_carea' id='block_1_74' title="bbox 476 4352 2058 4408">
    <p class='ocr_par' dir='ltr' id='par_1_74' title="bbox 476 4352 2058 4408">
     <span class='ocr_line' id='line_1_74' title="bbox 476 4352 2058 4408; baseline -0.001 -1"><span class='ocrx_word' id='word_1_549' title='bbox 476 4354 563 4407; x_wconf 82' lang='lat' dir='ltr'><strong>diu</strong></span> <span class='ocrx_word' id='word_1_550' title='bbox 614 4361 821 4408; x_wconf 88' lang='lat' dir='ltr'><strong>servata</strong></span> <span class='ocrx_word' id='word_1_551' title='bbox 872 4352 1139 4405; x_wconf 83' lang='lat' dir='ltr'><strong>violantur</strong></span> <span class='ocrx_word' id='word_1_552' title='bbox 1161 4360 1186 4398; x_wconf 77' lang='lat'><strong>8</strong></span> <span class='ocrx_word' id='word_1_553' title='bbox 1218 4368 1232 4403; x_wconf 91' lang='lat'><strong>:</strong></span> <span class='ocrx_word' id='word_1_554' title='bbox 1266 4360 1585 4404; x_wconf 78' lang='lat' dir='ltr'><strong>exercentur</strong></span> <span class='ocrx_word' id='word_1_555' title='bbox 1614 4352 1947 4405; x_wconf 90' lang='lat' dir='ltr'><strong>miseriarum</strong></span> <span class='ocrx_word' id='word_1_556' title='bbox 1978 4352 2058 4406; x_wconf 92' lang='lat' dir='ltr'><strong>in-</strong></span> 
     </span>
    </p>
   </div>
   <div class='ocr_carea' id='block_1_75' title="bbox 479 4437 2055 4510">
    <p class='ocr_par' dir='ltr' id='par_1_75' title="bbox 479 4437 2055 4510">
     <span class='ocr_line' id='line_1_75' title="bbox 479 4437 2055 4510; baseline -0.003 -10"><span class='ocrx_word' id='word_1_557' title='bbox 479 4455 771 4510; x_wconf 71' lang='lat' dir='ltr'><strong>crementa,</strong></span> <span class='ocrx_word' id='word_1_558' title='bbox 797 4444 1058 4510; x_wconf 85' lang='lat' dir='ltr'><strong>solitoque</strong></span> <span class='ocrx_word' id='word_1_559' title='bbox 1088 4454 1116 4493; x_wconf 89' lang='lat' dir='ltr'><strong>a</strong></span> <span class='ocrx_word' id='word_1_560' title='bbox 1142 4439 1285 4508; x_wconf 77' lang='lat' dir='ltr'><strong>Rege</strong></span> <span class='ocrx_word' id='word_1_561' title='bbox 1312 4438 1572 4494; x_wconf 88' lang='lat' dir='ltr'><strong>adulteria</strong></span> <span class='ocrx_word' id='word_1_562' title='bbox 1600 4449 1894 4509; x_wconf 84' lang='lat' dir='ltr'><strong>patrantur.</strong></span> <span class='ocrx_word' id='word_1_563' title='bbox 1922 4437 2055 4508; x_wconf 81' lang='lat' dir='ltr'><strong>Qui~</strong></span> 
     </span>
    </p>
   </div>
   <div class='ocr_carea' id='block_1_76' title="bbox 390 4532 2054 4601">
    <p class='ocr_par' dir='ltr' id='par_1_76' title="bbox 390 4532 2054 4601">
     <span class='ocr_line' id='line_1_76' title="bbox 390 4532 2054 4601; baseline -0.004 -4"><span class='ocrx_word' id='word_1_564' title='bbox 390 4592 397 4597; x_wconf 93' lang='lat'><strong>.</strong></span> <span class='ocrx_word' id='word_1_565' title='bbox 424 4546 435 4551; x_wconf 86' lang='grc'><em>’</em></span> <span class='ocrx_word' id='word_1_566' title='bbox 477 4540 576 4593; x_wconf 88' lang='lat' dir='ltr'><strong>bus</strong></span> <span class='ocrx_word' id='word_1_567' title='bbox 609 4538 816 4601; x_wconf 89' lang='lat' dir='ltr'><strong>auditis,</strong></span> <span class='ocrx_word' id='word_1_568' title='bbox 850 4536 1037 4592; x_wconf 89' lang='lat' dir='ltr'><strong>beatus</strong></span> <span class='ocrx_word' id='word_1_569' title='bbox 1066 4533 1425 4589; x_wconf 88' lang='lat' dir='ltr'><strong>Columbanus</strong></span> <span class='ocrx_word' id='word_1_570' title='bbox 1455 4532 1658 4588; x_wconf 79' lang='lat' dir='ltr'><strong>litteras</strong></span> <span class='ocrx_word' id='word_1_571' title='bbox 1688 4536 1752 4588; x_wconf 89' lang='lat' dir='ltr'><strong>ad</strong></span> <span class='ocrx_word' id='word_1_572' title='bbox 1784 4551 1908 4591; x_wconf 89' lang='lat' dir='ltr'><strong>eum</strong></span> <span class='ocrx_word' id='word_1_573' title='bbox 1935 4553 2054 4591; x_wconf 54' lang='lat' dir='ltr'><strong>ver-</strong></span> 
     </span>
    </p>
   </div>
   <div class='ocr_carea' id='block_1_77' title="bbox 2160 3338 3742 3410">
    <p class='ocr_par' dir='ltr' id='par_1_77' title="bbox 2160 3338 3742 3410">
     <span class='ocr_line' id='line_1_77' title="bbox 2160 3338 3742 3410; baseline -0.002 -13"><span class='ocrx_word' id='word_1_574' title='bbox 2160 3354 2283 3399; x_wconf 82' lang='lat' dir='ltr'><strong>natu</strong></span> <span class='ocrx_word' id='word_1_575' title='bbox 2315 3361 2409 3399; x_wconf 84' lang='lat' dir='ltr'><strong>rex</strong></span> <span class='ocrx_word' id='word_1_576' title='bbox 2440 3342 2777 3399; x_wconf 81' lang='lat' dir='ltr'><strong>relectorium</strong></span> <span class='ocrx_word' id='word_1_577' title='bbox 2817 3342 3091 3409; x_wconf 83' lang='lat' dir='ltr'><strong>ingressus</strong></span> <span class='ocrx_word' id='word_1_578' title='bbox 3134 3339 3327 3395; x_wconf 83' lang='lat' dir='ltr'><strong>fuerat.</strong></span> <span class='ocrx_word' id='word_1_579' title='bbox 3368 3338 3460 3394; x_wconf 85' lang='lat' dir='ltr'><strong>llis</strong></span> <span class='ocrx_word' id='word_1_580' title='bbox 3488 3354 3616 3410; x_wconf 83' lang='lat' dir='ltr'><strong>ergo</strong></span> <span class='ocrx_word' id='word_1_581' title='bbox 3646 3350 3742 3394; x_wconf 82' lang='lat' dir='ltr'><strong>ter-</strong></span> 
     </span>
    </p>
   </div>
   <div class='ocr_carea' id='block_1_78' title="bbox 2157 3432 3742 3504">
    <p class='ocr_par' dir='ltr' id='par_1_78' title="bbox 2157 3432 3742 3504">
     <span class='ocr_line' id='line_1_78' title="bbox 2157 3432 3742 3504; baseline -0.002 -12"><span class='ocrx_word' id='word_1_582' title='bbox 2157 3439 2290 3493; x_wconf 90' lang='lat' dir='ltr'><strong>ritus</strong></span> <span class='ocrx_word' id='word_1_583' title='bbox 2320 3437 2476 3492; x_wconf 89' lang='lat' dir='ltr'><strong>dictis</strong></span> <span class='ocrx_word' id='word_1_584' title='bbox 2505 3436 2647 3493; x_wconf 81' lang='lat' dir='ltr'><strong>foras</strong></span> <span class='ocrx_word' id='word_1_585' title='bbox 2687 3436 2834 3492; x_wconf 89' lang='lat' dir='ltr'><strong>celer</strong></span> <span class='ocrx_word' id='word_1_586' title='bbox 2874 3435 3115 3504; x_wconf 88' lang='lat' dir='ltr'><strong>repedat.</strong></span> <span class='ocrx_word' id='word_1_587' title='bbox 3154 3434 3309 3488; x_wconf 88' lang='lat' dir='ltr'><strong>Duris</strong></span> <span class='ocrx_word' id='word_1_588' title='bbox 3334 3442 3455 3503; x_wconf 87' lang='lat' dir='ltr'><strong>post</strong></span> <span class='ocrx_word' id='word_1_589' title='bbox 3501 3432 3616 3488; x_wconf 66' lang='lat' dir='ltr'><strong>hinc</strong></span> <span class='ocrx_word' id='word_1_590' title='bbox 3645 3433 3742 3489; x_wconf 90' lang='lat' dir='ltr'><strong>viri</strong></span> 
     </span>
    </p>
   </div>
   <div class='ocr_carea' id='block_1_79' title="bbox 2160 3525 3745 3597">
    <p class='ocr_par' dir='ltr' id='par_1_79' title="bbox 2160 3525 3745 3597">
     <span class='ocr_line' id='line_1_79' title="bbox 2160 3525 3745 3597; baseline -0.002 -14"><span class='ocrx_word' id='word_1_591' title='bbox 2160 3529 2252 3583; x_wconf 89' lang='lat' dir='ltr'><strong>Dei</strong></span> <span class='ocrx_word' id='word_1_592' title='bbox 2302 3528 2759 3597; x_wconf 83' lang='lat' dir='ltr'><strong>increpationibus</strong></span> <span class='ocrx_word' id='word_1_593' title='bbox 2811 3525 2836 3564; x_wconf 74' lang='grc' dir='ltr'>¹ί</span> <span class='ocrx_word' id='word_1_594' title='bbox 2891 3543 2983 3581; x_wconf 84' lang='lat' dir='ltr'><strong>rex</strong></span> <span class='ocrx_word' id='word_1_595' title='bbox 3037 3537 3274 3597; x_wconf 80' lang='lat' dir='ltr'><strong>urgetur.</strong></span> <span class='ocrx_word' id='word_1_596' title='bbox 3334 3527 3531 3581; x_wconf 84' lang='lat' dir='ltr'><strong>Contra</strong></span> <span class='ocrx_word' id='word_1_597' title='bbox 3584 3542 3745 3594; x_wconf 85' lang='lat' dir='ltr'><strong>quem</strong></span> 
     </span>
    </p>
   </div>
   <div class='ocr_carea' id='block_1_80' title="bbox 2156 3618 3733 3687">
    <p class='ocr_par' dir='ltr' id='par_1_80' title="bbox 2156 3618 3733 3687">
     <span class='ocr_line' id='line_1_80' title="bbox 2156 3618 3733 3687; baseline -0.002 -15"><span class='ocrx_word' id='word_1_598' title='bbox 2156 3619 2523 3673; x_wconf 75' lang='lat' dir='ltr'><strong>Tlteudericus</strong></span> <span class='ocrx_word' id='word_1_599' title='bbox 2550 3618 2626 3671; x_wconf 85' lang='lat' dir='ltr'><strong>ait</strong></span> <span class='ocrx_word' id='word_1_600' title='bbox 2651 3634 2665 3672; x_wconf 86' lang='lat'><strong>:</strong></span> <span class='ocrx_word' id='word_1_601' title='bbox 2691 3618 2927 3687; x_wconf 80' lang='lat' dir='ltr'><strong>Martyrii</strong></span> <span class='ocrx_word' id='word_1_602' title='bbox 2945 3631 3199 3671; x_wconf 84' lang='lat' dir='ltr'><strong>coronam</strong></span> <span class='ocrx_word' id='word_1_603' title='bbox 3233 3632 3318 3671; x_wconf 86' lang='lat' dir='ltr'><strong>me</strong></span> <span class='ocrx_word' id='word_1_604' title='bbox 3347 3618 3442 3672; x_wconf 87' lang='lat' dir='ltr'><strong>tibi</strong></span> <span class='ocrx_word' id='word_1_605' title='bbox 3467 3618 3733 3671; x_wconf 88' lang='lat' dir='ltr'><strong>illaturum</strong></span> 
     </span>
    </p>
   </div>
   <div class='ocr_carea' id='block_1_81' title="bbox 2157 3709 3740 3780">
    <p class='ocr_par' dir='ltr' id='par_1_81' title="bbox 2157 3709 3740 3780">
     <span class='ocr_line' id='line_1_81' title="bbox 2157 3709 3740 3780; baseline -0.003 -15"><span class='ocrx_word' id='word_1_606' title='bbox 2157 3726 2340 3780; x_wconf 75' lang='lat' dir='ltr'><strong>Speras</strong></span> <span class='ocrx_word' id='word_1_607' title='bbox 2366 3727 2378 3762; x_wconf 90' lang='lat'><strong>:</strong></span> <span class='ocrx_word' id='word_1_608' title='bbox 2413 3728 2519 3765; x_wconf 82' lang='lat' dir='ltr'><strong>non</strong></span> <span class='ocrx_word' id='word_1_609' title='bbox 2549 3725 2669 3767; x_wconf 89' lang='lat' dir='ltr'><strong>esse</strong></span> <span class='ocrx_word' id='word_1_610' title='bbox 2701 3725 2785 3765; x_wconf 86' lang='lat' dir='ltr'><strong>me</strong></span> <span class='ocrx_word' id='word_1_611' title='bbox 2818 3717 2979 3764; x_wconf 84' lang='lat' dir='ltr'><strong>tantae</strong></span> <span class='ocrx_word' id='word_1_612' title='bbox 3023 3710 3307 3764; x_wconf 75' lang='lat' dir='ltr'><strong>dementiae</strong></span> <span class='ocrx_word' id='word_1_613' title='bbox 3339 3710 3479 3763; x_wconf 84' lang='lat' dir='ltr'><strong>scias</strong></span> <span class='ocrx_word' id='word_1_614' title='bbox 3508 3750 3519 3769; x_wconf 86' lang='lat'>.</span> <span class='ocrx_word' id='word_1_615' title='bbox 3551 3718 3610 3763; x_wconf 90' lang='grc' dir='ltr'><strong>ιιι</strong></span> <span class='ocrx_word' id='word_1_616' title='bbox 3639 3709 3740 3761; x_wconf 84' lang='lat' dir='ltr'><strong>hoc</strong></span> 
     </span>
    </p>
   </div>
   <div class='ocr_carea' id='block_1_82' title="bbox 2159 3798 3744 3871">
    <p class='ocr_par' dir='ltr' id='par_1_82' title="bbox 2159 3798 3744 3871">
     <span class='ocr_line' id='line_1_82' title="bbox 2159 3798 3744 3871; baseline -0.001 -17"><span class='ocrx_word' id='word_1_617' title='bbox 2159 3811 2362 3855; x_wconf 88' lang='lat' dir='ltr'><strong>tantum</strong></span> <span class='ocrx_word' id='word_1_618' title='bbox 2396 3810 2660 3871; x_wconf 88' lang='lat' dir='ltr'><strong>patrarem</strong></span> <span class='ocrx_word' id='word_1_619' title='bbox 2710 3802 2925 3866; x_wconf 88' lang='lat' dir='ltr'><strong>scelus,</strong></span> <span class='ocrx_word' id='word_1_620' title='bbox 2977 3801 3072 3856; x_wconf 88' lang='lat' dir='ltr'><strong>sed</strong></span> <span class='ocrx_word' id='word_1_621' title='bbox 3126 3799 3348 3871; x_wconf 70' lang='lat' dir='ltr'><strong>potioris</strong></span> <span class='ocrx_word' id='word_1_622' title='bbox 3395 3799 3604 3854; x_wconf 78' lang='lat' dir='ltr'><strong>consilii</strong></span> <span class='ocrx_word' id='word_1_623' title='bbox 3649 3798 3744 3853; x_wconf 76' lang='lat' dir='ltr'><strong>titii</strong></span> 
     </span>
    </p>
   </div>
   <div class='ocr_carea' id='block_1_83' title="bbox 2158 3891 3743 3961">
    <p class='ocr_par' dir='ltr' id='par_1_83' title="bbox 2158 3891 3743 3961">
     <span class='ocr_line' id='line_1_83' title="bbox 2158 3891 3743 3961; baseline -0.004 -14"><span class='ocrx_word' id='word_1_624' title='bbox 2158 3896 2296 3947; x_wconf 89' lang='lat' dir='ltr'><strong>scias</strong></span> <span class='ocrx_word' id='word_1_625' title='bbox 2323 3893 2472 3947; x_wconf 87' lang='lat' dir='ltr'><strong>utilia</strong></span> <span class='ocrx_word' id='word_1_626' title='bbox 2503 3903 2836 3961; x_wconf 84' lang='lat' dir='ltr'><strong>paraturum,</strong></span> <span class='ocrx_word' id='word_1_627' title='bbox 2856 3902 2910 3947; x_wconf 87' lang='lat' dir='ltr'><strong>ut</strong></span> <span class='ocrx_word' id='word_1_628' title='bbox 2938 3892 3030 3961; x_wconf 88' lang='lat' dir='ltr'><strong>qui</strong></span> <span class='ocrx_word' id='word_1_629' title='bbox 3052 3893 3120 3947; x_wconf 86' lang='lat' dir='ltr'><strong>ab</strong></span> <span class='ocrx_word' id='word_1_630' title='bbox 3146 3893 3386 3946; x_wconf 89' lang='lat' dir='ltr'><strong>omnium</strong></span> <span class='ocrx_word' id='word_1_631' title='bbox 3409 3891 3743 3947; x_wconf 67' lang='lat' dir='ltr'><strong>smcuIariuzn</strong></span> 
     </span>
    </p>
   </div>
   <div class='ocr_carea' id='block_1_84' title="bbox 2160 3984 3727 4054">
    <p class='ocr_par' dir='ltr' id='par_1_84' title="bbox 2160 3984 3727 4054">
     <span class='ocr_line' id='line_1_84' title="bbox 2160 3984 3727 4054; baseline -0.004 -15"><span class='ocrx_word' id='word_1_632' title='bbox 2160 3988 2398 4039; x_wconf 88' lang='lat' dir='ltr'><strong>moribus</strong></span> <span class='ocrx_word' id='word_1_633' title='bbox 2426 3984 2666 4039; x_wconf 88' lang='lat' dir='ltr'><strong>disciscit</strong></span> <span class='ocrx_word' id='word_1_634' title='bbox 2700 3984 2741 4049; x_wconf 80' lang='grc' dir='ltr'>ι,</span> <span class='ocrx_word' id='word_1_635' title='bbox 2766 4001 2868 4054; x_wconf 88' lang='lat' dir='ltr'><strong>qua</strong></span> <span class='ocrx_word' id='word_1_636' title='bbox 2896 3987 3124 4046; x_wconf 84' lang='lat' dir='ltr'><strong>venerit,</strong></span> <span class='ocrx_word' id='word_1_637' title='bbox 3156 4000 3220 4038; x_wconf 86' lang='lat' dir='ltr'><strong>ea</strong></span> <span class='ocrx_word' id='word_1_638' title='bbox 3252 3986 3332 4037; x_wconf 85' lang='lat' dir='ltr'><strong>via</strong></span> <span class='ocrx_word' id='word_1_639' title='bbox 3362 3986 3619 4053; x_wconf 88' lang='lat' dir='ltr'><strong>repedare</strong></span> <span class='ocrx_word' id='word_1_640' title='bbox 3643 3994 3727 4035; x_wconf 85' lang='lat' dir='ltr'><strong>stu</strong></span> 
     </span>
    </p>
   </div>
   <div class='ocr_carea' id='block_1_85' title="bbox 2158 4075 3742 4143">
    <p class='ocr_par' dir='ltr' id='par_1_85' title="bbox 2158 4075 3742 4143">
     <span class='ocr_line' id='line_1_85' title="bbox 2158 4075 3742 4143; baseline -0.005 -11"><span class='ocrx_word' id='word_1_641' title='bbox 2158 4077 2303 4132; x_wconf 84' lang='lat' dir='ltr'><strong>deat.</strong></span> <span class='ocrx_word' id='word_1_642' title='bbox 2338 4075 2507 4130; x_wconf 84' lang='lat' dir='ltr'><strong>Aulici</strong></span> <span class='ocrx_word' id='word_1_643' title='bbox 2558 4076 2715 4129; x_wconf 90' lang='lat' dir='ltr'><strong>simul</strong></span> <span class='ocrx_word' id='word_1_644' title='bbox 2751 4089 2989 4129; x_wconf 90' lang='lat' dir='ltr'><strong>consona</strong></span> <span class='ocrx_word' id='word_1_645' title='bbox 3021 4090 3153 4128; x_wconf 88' lang='lat' dir='ltr'><strong>voce</strong></span> <span class='ocrx_word' id='word_1_646' title='bbox 3187 4084 3304 4128; x_wconf 85' lang='lat' dir='ltr'><strong>vota</strong></span> <span class='ocrx_word' id='word_1_647' title='bbox 3340 4083 3742 4143; x_wconf 82' lang='lat' dir='ltr'><strong>prorumpunt,</strong></span> 
     </span>
    </p>
   </div>
   <div class='ocr_carea' id='block_1_86' title="bbox 2160 4165 3743 4235">
    <p class='ocr_par' dir='ltr' id='par_1_86' title="bbox 2160 4165 3743 4235">
     <span class='ocr_line' id='line_1_86' title="bbox 2160 4165 3743 4235; baseline -0.001 -13"><span class='ocrx_word' id='word_1_648' title='bbox 2160 4182 2219 4223; x_wconf 89' lang='lat' dir='ltr'><strong>se</strong></span> <span class='ocrx_word' id='word_1_649' title='bbox 2262 4167 2460 4221; x_wconf 89' lang='lat' dir='ltr'><strong>habere</strong></span> <span class='ocrx_word' id='word_1_650' title='bbox 2506 4166 2557 4219; x_wconf 93' lang='lat' dir='ltr'><strong>in</strong></span> <span class='ocrx_word' id='word_1_651' title='bbox 2606 4165 2688 4220; x_wconf 87' lang='lat' dir='ltr'><strong>his</strong></span> <span class='ocrx_word' id='word_1_652' title='bbox 2718 4166 2849 4219; x_wconf 81' lang='lat' dir='ltr'><strong>locis</strong></span> <span class='ocrx_word' id='word_1_653' title='bbox 2880 4181 2984 4220; x_wconf 91' lang='lat' dir='ltr'><strong>non</strong></span> <span class='ocrx_word' id='word_1_654' title='bbox 3014 4166 3175 4229; x_wconf 87' lang='lat' dir='ltr'><strong>velle,</strong></span> <span class='ocrx_word' id='word_1_655' title='bbox 3218 4166 3310 4235; x_wconf 88' lang='lat' dir='ltr'><strong>qui</strong></span> <span class='ocrx_word' id='word_1_656' title='bbox 3353 4166 3605 4221; x_wconf 89' lang='lat' dir='ltr'><strong>omnibus</strong></span> <span class='ocrx_word' id='word_1_657' title='bbox 3637 4183 3743 4221; x_wconf 87' lang='lat' dir='ltr'><strong>non</strong></span> 
     </span>
    </p>
   </div>
   <div class='ocr_carea' id='block_1_87' title="bbox 2159 4255 3744 4315">
    <p class='ocr_par' dir='ltr' id='par_1_87' title="bbox 2159 4255 3744 4315">
     <span class='ocr_line' id='line_1_87' title="bbox 2159 4255 3744 4315; baseline -0.003 0"><span class='ocrx_word' id='word_1_658' title='bbox 2159 4261 2409 4315; x_wconf 86' lang='lat' dir='ltr'><strong>societur.</strong></span> <span class='ocrx_word' id='word_1_659' title='bbox 2447 4258 2524 4311; x_wconf 75' lang='lat' dir='ltr'><strong>Ad</strong></span> <span class='ocrx_word' id='word_1_660' title='bbox 2557 4256 2671 4311; x_wconf 80' lang='lat' dir='ltr'><strong>Inee</strong></span> <span class='ocrx_word' id='word_1_661' title='bbox 2702 4257 2890 4311; x_wconf 87' lang='lat' dir='ltr'><strong>beatus</strong></span> <span class='ocrx_word' id='word_1_662' title='bbox 2917 4257 3286 4311; x_wconf 83' lang='lat' dir='ltr'><strong>Columbauus</strong></span> <span class='ocrx_word' id='word_1_663' title='bbox 3309 4270 3367 4309; x_wconf 91' lang='lat' dir='ltr'><strong>se</strong></span> <span class='ocrx_word' id='word_1_664' title='bbox 3389 4255 3519 4310; x_wconf 89' lang='lat' dir='ltr'><strong>dicit</strong></span> <span class='ocrx_word' id='word_1_665' title='bbox 3539 4256 3606 4311; x_wconf 85' lang='lat' dir='ltr'><strong>de</strong></span> <span class='ocrx_word' id='word_1_666' title='bbox 3633 4271 3744 4310; x_wconf 65' lang='lat' dir='ltr'><strong>coe-</strong></span> 
     </span>
    </p>
   </div>
   <div class='ocr_carea' id='block_1_88' title="bbox 2160 4347 3724 4420">
    <p class='ocr_par' dir='ltr' id='par_1_88' title="bbox 2160 4347 3724 4420">
     <span class='ocr_line' id='line_1_88' title="bbox 2160 4347 3724 4420; baseline -0.003 -13"><span class='ocrx_word' id='word_1_667' title='bbox 2160 4350 2301 4407; x_wconf 86' lang='lat' dir='ltr'><strong>nobii</strong></span> <span class='ocrx_word' id='word_1_668' title='bbox 2325 4352 2491 4420; x_wconf 86' lang='lat' dir='ltr'><strong>septis</strong></span> <span class='ocrx_word' id='word_1_669' title='bbox 2524 4365 2626 4404; x_wconf 92' lang='lat' dir='ltr'><strong>non</strong></span> <span class='ocrx_word' id='word_1_670' title='bbox 2651 4364 3015 4419; x_wconf 83' lang='lat' dir='ltr'><strong>egressurum,</strong></span> <span class='ocrx_word' id='word_1_671' title='bbox 3049 4347 3148 4401; x_wconf 90' lang='lat' dir='ltr'><strong>nisi</strong></span> <span class='ocrx_word' id='word_1_672' title='bbox 3174 4348 3437 4402; x_wconf 87' lang='lat' dir='ltr'><strong>violenter</strong></span> <span class='ocrx_word' id='word_1_673' title='bbox 3461 4348 3724 4402; x_wconf 69' lang='lat' dir='ltr'><strong>abstrahzt</strong></span> 
     </span>
    </p>
   </div>
   <div class='ocr_carea' id='block_1_89' title="bbox 2162 4442 3742 4514">
    <p class='ocr_par' dir='ltr' id='par_1_89' title="bbox 2162 4442 3742 4514">
     <span class='ocr_line' id='line_1_89' title="bbox 2162 4442 3742 4514; baseline -0.004 -13"><span class='ocrx_word' id='word_1_674' title='bbox 2162 4457 2265 4501; x_wconf 89' lang='lat' dir='ltr'><strong>tur.</strong></span> <span class='ocrx_word' id='word_1_675' title='bbox 2322 4445 2575 4499; x_wconf 86' lang='lat' dir='ltr'><strong>Discessit</strong></span> <span class='ocrx_word' id='word_1_676' title='bbox 2619 4442 2780 4514; x_wconf 76' lang='lat'><strong>615</strong></span> <span class='ocrx_word' id='word_1_677' title='bbox 2829 4456 2958 4513; x_wconf 87' lang='lat' dir='ltr'><strong>ergo</strong></span> <span class='ocrx_word' id='word_1_678' title='bbox 3019 4457 3151 4508; x_wconf 84' lang='lat' dir='ltr'><strong>rex,</strong></span> <span class='ocrx_word' id='word_1_679' title='bbox 3207 4443 3515 4512; x_wconf 88' lang='lat' dir='ltr'><strong>relinquens</strong></span> <span class='ocrx_word' id='word_1_680' title='bbox 3564 4442 3742 4496; x_wconf 80' lang='lat' dir='ltr'><strong>virum</strong></span> 
     </span>
    </p>
   </div>
   <div class='ocr_carea' id='block_1_90' title="bbox 2161 4534 3759 4606">
    <p class='ocr_par' dir='ltr' id='par_1_90' title="bbox 2161 4534 3759 4606">
     <span class='ocr_line' id='line_1_90' title="bbox 2161 4534 3759 4606; baseline 0 -17"><span class='ocrx_word' id='word_1_681' title='bbox 2161 4537 2443 4605; x_wconf 86' lang='lat' dir='ltr'><strong>quemdam</strong></span> <span class='ocrx_word' id='word_1_682' title='bbox 2477 4552 2782 4606; x_wconf 88' lang='lat' dir='ltr'><strong>procerum,</strong></span> <span class='ocrx_word' id='word_1_683' title='bbox 2812 4537 3029 4591; x_wconf 87' lang='lat' dir='ltr'><strong>nomine</strong></span> <span class='ocrx_word' id='word_1_684' title='bbox 3062 4534 3375 4589; x_wconf 79' lang='lat' dir='ltr'><strong>Daudulfum</strong></span> <span class='ocrx_word' id='word_1_685' title='bbox 3426 4542 3488 4588; x_wconf 77' lang='grc' dir='ltr'><strong>ιη.</strong></span> <span class='ocrx_word' id='word_1_686' title='bbox 3532 4534 3580 4588; x_wconf 88' lang='lat' dir='ltr'><strong>Is</strong></span> <span class='ocrx_word' id='word_1_687' title='bbox 3616 4547 3759 4602; x_wconf 62' lang='lat' dir='ltr'><strong>ergo</strong></span> 
     </span>
    </p>
   </div>
   <div class='ocr_carea' id='block_1_91' title="bbox 479 4625 3745 4698">
    <p class='ocr_par' dir='ltr' id='par_1_91' title="bbox 479 4625 3745 4698">
     <span class='ocr_line' id='line_1_91' title="bbox 479 4625 3745 4698; baseline -0.001 -15"><span class='ocrx_word' id='word_1_688' title='bbox 479 4628 695 4683; x_wconf 89' lang='lat' dir='ltr'><strong>beribus</strong></span> <span class='ocrx_word' id='word_1_689' title='bbox 720 4625 746 4664; x_wconf 80' lang='grc'><strong>¹³</strong></span> <span class='ocrx_word' id='word_1_690' title='bbox 776 4627 967 4696; x_wconf 86' lang='lat' dir='ltr'><strong>plenas</strong></span> <span class='ocrx_word' id='word_1_691' title='bbox 994 4625 1220 4689; x_wconf 79' lang='lat' dir='ltr'><strong>direxit,</strong></span> <span class='ocrx_word' id='word_1_692' title='bbox 1249 4626 1711 4694; x_wconf 88' lang='lat' dir='ltr'><strong>comminaturque</strong></span> <span class='ocrx_word' id='word_1_693' title='bbox 1738 4640 2045 4681; x_wconf 79' lang='lat' dir='ltr'><strong>excommu-</strong></span> <span class='ocrx_word' id='word_1_694' title='bbox 2084 4628 2139 4689; x_wconf 89' lang='lat' dir='ltr'><strong>D</strong></span> <span class='ocrx_word' id='word_1_695' title='bbox 2165 4646 2284 4684; x_wconf 92' lang='lat' dir='ltr'><strong>cum</strong></span> <span class='ocrx_word' id='word_1_696' title='bbox 2321 4628 2688 4697; x_wconf 86' lang='lat' dir='ltr'><strong>remansisset,</strong></span> <span class='ocrx_word' id='word_1_697' title='bbox 2726 4630 2899 4684; x_wconf 89' lang='lat' dir='ltr'><strong>virum</strong></span> <span class='ocrx_word' id='word_1_698' title='bbox 2934 4630 3026 4685; x_wconf 88' lang='lat' dir='ltr'><strong>Dei</strong></span> <span class='ocrx_word' id='word_1_699' title='bbox 3058 4644 3087 4681; x_wconf 91' lang='lat' dir='ltr'><strong>a</strong></span> <span class='ocrx_word' id='word_1_700' title='bbox 3119 4628 3448 4683; x_wconf 74' lang='lat' dir='ltr'><strong>monasmrio</strong></span> <span class='ocrx_word' id='word_1_701' title='bbox 3477 4638 3654 4698; x_wconf 82' lang='lat' dir='ltr'><strong>pcllll,</strong></span> <span class='ocrx_word' id='word_1_702' title='bbox 3695 4636 3745 4681; x_wconf 90' lang='lat' dir='ltr'><strong>et</strong></span> 
     </span>
    </p>
   </div>
   <div class='ocr_carea' id='block_1_92' title="bbox 478 4716 2060 4795">
    <p class='ocr_par' dir='ltr' id='par_1_92' title="bbox 478 4716 2060 4795">
     <span class='ocr_line' id='line_1_92' title="bbox 478 4716 2060 4795; baseline 0.003 -24"><span class='ocrx_word' id='word_1_703' title='bbox 478 4720 802 4772; x_wconf 88' lang='lat' dir='ltr'><strong>nicationem</strong></span> <span class='ocrx_word' id='word_1_704' title='bbox 827 4763 841 4787; x_wconf 87' lang='lat'><strong>,</strong></span> <span class='ocrx_word' id='word_1_705' title='bbox 873 4720 916 4771; x_wconf 90' lang='lat' dir='ltr'><strong>si</strong></span> <span class='ocrx_word' id='word_1_706' title='bbox 958 4716 1228 4771; x_wconf 88' lang='lat' dir='ltr'><strong>emendari</strong></span> <span class='ocrx_word' id='word_1_707' title='bbox 1279 4716 1554 4770; x_wconf 88' lang='lat' dir='ltr'><strong>dilatando</strong></span> <span class='ocrx_word' id='word_1_708' title='bbox 1602 4732 1708 4771; x_wconf 93' lang='lat' dir='ltr'><strong>non</strong></span> <span class='ocrx_word' id='word_1_709' title='bbox 1748 4720 1931 4795; x_wconf 72' lang='lat' dir='ltr'><strong>vellet.</strong></span> <span class='ocrx_word' id='word_1_710' title='bbox 1980 4720 2060 4775; x_wconf 86' lang='lat' dir='ltr'><strong>Ad</strong></span> 
     </span>
    </p>
   </div>
   <div class='ocr_carea' id='block_1_93' title="bbox 483 4810 2060 4881">
    <p class='ocr_par' dir='ltr' id='par_1_93' title="bbox 483 4810 2060 4881">
     <span class='ocr_line' id='line_1_93' title="bbox 483 4810 2060 4881; baseline 0.004 -18"><span class='ocrx_word' id='word_1_711' title='bbox 483 4812 597 4867; x_wconf 65' lang='lat' dir='ltr'><strong>hate</strong></span> <span class='ocrx_word' id='word_1_712' title='bbox 642 4826 854 4866; x_wconf 86' lang='lat' dir='ltr'><strong>rursum</strong></span> <span class='ocrx_word' id='word_1_713' title='bbox 905 4820 1143 4880; x_wconf 90' lang='lat' dir='ltr'><strong>permota</strong></span> <span class='ocrx_word' id='word_1_714' title='bbox 1190 4810 1581 4876; x_wconf 85' lang='lat' dir='ltr'><strong>Brunicbildis,</strong></span> <span class='ocrx_word' id='word_1_715' title='bbox 1633 4813 1772 4881; x_wconf 85' lang='lat' dir='ltr'><strong>regis</strong></span> <span class='ocrx_word' id='word_1_716' title='bbox 1823 4814 2060 4869; x_wconf 88' lang='lat' dir='ltr'><strong>animum</strong></span> 
     </span>
    </p>
   </div>
   <div class='ocr_carea' id='block_1_94' title="bbox 552 4941 2061 5001">
    <p class='ocr_par' dir='ltr' id='par_1_94' title="bbox 552 4941 2061 5001">
     <span class='ocr_line' id='line_1_94' title="bbox 552 4941 2061 5001; baseline -0.003 -2"><span class='ocrx_word' id='word_1_717' title='bbox 552 4955 575 4980; x_wconf 75' lang='grc' dir='ltr'><strong>υ</strong></span> <span class='ocrx_word' id='word_1_718' title='bbox 611 4945 667 4998; x_wconf 92' lang='lat' dir='ltr'><strong>In</strong></span> <span class='ocrx_word' id='word_1_719' title='bbox 690 4944 801 4999; x_wconf 79' lang='lat' dir='ltr'><strong>Vita</strong></span> <span class='ocrx_word' id='word_1_720' title='bbox 820 4942 987 4997; x_wconf 85' lang='lat' dir='ltr'><strong>sancti</strong></span> <span class='ocrx_word' id='word_1_721' title='bbox 1013 4941 1321 4996; x_wconf 89' lang='lat' dir='ltr'><strong>Columbani</strong></span> <span class='ocrx_word' id='word_1_722' title='bbox 1350 4941 1650 4994; x_wconf 77' lang='lat' dir='ltr'><strong>Brocuriaca</strong></span> <span class='ocrx_word' id='word_1_723' title='bbox 1675 4942 2061 5001; x_wconf 77' lang='lat' dir='ltr'><strong>dicitttr.Vicns</strong></span> 
     </span>
    </p>
   </div>
   <div class='ocr_carea' id='block_1_95' title="bbox 482 5013 2055 5082">
    <p class='ocr_par' dir='ltr' id='par_1_95' title="bbox 482 5013 2055 5082">
     <span class='ocr_line' id='line_1_95' title="bbox 482 5013 2055 5082; baseline 0.001 -14"><span class='ocrx_word' id='word_1_724' title='bbox 482 5026 561 5069; x_wconf 87' lang='lat' dir='ltr'><strong>est</strong></span> <span class='ocrx_word' id='word_1_725' title='bbox 592 5016 732 5068; x_wconf 86' lang='lat' dir='ltr'><strong>inter</strong></span> <span class='ocrx_word' id='word_1_726' title='bbox 768 5015 1081 5068; x_wconf 78' lang='lat' dir='ltr'><strong>Cabilonnm</strong></span> <span class='ocrx_word' id='word_1_727' title='bbox 1125 5023 1178 5066; x_wconf 85' lang='lat' dir='ltr'><strong>et</strong></span> <span class='ocrx_word' id='word_1_728' title='bbox 1221 5013 1661 5081; x_wconf 81' lang='lat' dir='ltr'><strong>Augustodunum</strong></span> <span class='ocrx_word' id='word_1_729' title='bbox 1697 5017 1901 5082; x_wconf 85' lang='lat' dir='ltr'><strong>positus</strong></span> <span class='ocrx_word' id='word_1_730' title='bbox 1923 5055 1937 5081; x_wconf 92' lang='lat'><strong>,</strong></span> <span class='ocrx_word' id='word_1_731' title='bbox 1971 5018 2055 5070; x_wconf 91' lang='lat' dir='ltr'><strong>di-</strong></span> 
     </span>
    </p>
   </div>
   <div class='ocr_carea' id='block_1_96' title="bbox 480 5084 1199 5153">
    <p class='ocr_par' dir='ltr' id='par_1_96' title="bbox 480 5084 1199 5153">
     <span class='ocr_line' id='line_1_96' title="bbox 480 5084 1199 5153; baseline -0.004 -14"><span class='ocrx_word' id='word_1_732' title='bbox 480 5096 596 5139; x_wconf 83' lang='lat' dir='ltr'><strong>ctus</strong></span> <span class='ocrx_word' id='word_1_733' title='bbox 630 5085 784 5153; x_wconf 89' lang='lat' dir='ltr'><strong>vulgo</strong></span> <span class='ocrx_word' id='word_1_734' title='bbox 813 5084 1199 5137; x_wconf 80' lang='lat' dir='ltr'><strong>Bourchercsse.</strong></span> 
     </span>
    </p>
   </div>
   <div class='ocr_carea' id='block_1_97' title="bbox 552 5151 1977 5223">
    <p class='ocr_par' dir='ltr' id='par_1_97' title="bbox 552 5151 1977 5223">
     <span class='ocr_line' id='line_1_97' title="bbox 552 5151 1977 5223; baseline 0.003 -18"><span class='ocrx_word' id='word_1_735' title='bbox 552 5155 577 5193; x_wconf 76' lang='grc' dir='ltr'>δ</span> <span class='ocrx_word' id='word_1_736' title='bbox 612 5151 744 5219; x_wconf 66' lang='lat' dir='ltr'><strong>Alii,</strong></span> <span class='ocrx_word' id='word_1_737' title='bbox 779 5157 967 5223; x_wconf 70' lang='lat' dir='ltr'><strong>regina:</strong></span> <span class='ocrx_word' id='word_1_738' title='bbox 996 5154 1191 5206; x_wconf 81' lang='lat' dir='ltr'><strong>aulam.</strong></span> <span class='ocrx_word' id='word_1_739' title='bbox 1229 5151 1367 5223; x_wconf 73' lang='lat' dir='ltr'><strong>Infra</strong></span> <span class='ocrx_word' id='word_1_740' title='bbox 1389 5193 1402 5217; x_wconf 93' lang='lat'><strong>,</strong></span> <span class='ocrx_word' id='word_1_741' title='bbox 1432 5167 1577 5222; x_wconf 81' lang='lat' dir='ltr'><strong>parat</strong></span> <span class='ocrx_word' id='word_1_742' title='bbox 1607 5154 1811 5221; x_wconf 79' lang='lat' dir='ltr'><strong>quidem</strong></span> <span class='ocrx_word' id='word_1_743' title='bbox 1838 5155 1977 5213; x_wconf 78' lang='lat' dir='ltr'><strong>inde.</strong></span> 
     </span>
    </p>
   </div>
   <div class='ocr_carea' id='block_1_98' title="bbox 553 5222 1347 5283">
    <p class='ocr_par' dir='ltr' id='par_1_98' title="bbox 553 5222 1347 5283">
     <span class='ocr_line' id='line_1_98' title="bbox 553 5222 1347 5283; baseline -0.006 -4"><span class='ocrx_word' id='word_1_744' title='bbox 553 5237 576 5265; x_wconf 75' lang='grc' dir='ltr'><strong>ε</strong></span> <span class='ocrx_word' id='word_1_745' title='bbox 607 5226 763 5279; x_wconf 89' lang='lat' dir='ltr'><strong>Colb.</strong></span> <span class='ocrx_word' id='word_1_746' title='bbox 794 5236 847 5278; x_wconf 89' lang='lat' dir='ltr'><strong>et</strong></span> <span class='ocrx_word' id='word_1_747' title='bbox 873 5227 986 5283; x_wconf 88' lang='lat' dir='ltr'><strong>ed..</strong></span> <span class='ocrx_word' id='word_1_748' title='bbox 1020 5228 1095 5278; x_wconf 75' lang='lat' dir='ltr'><strong>uel</strong></span> <span class='ocrx_word' id='word_1_749' title='bbox 1124 5222 1347 5276; x_wconf 81' lang='lat' dir='ltr'><strong>cuilibet.</strong></span> 
     </span>
    </p>
   </div>
   <div class='ocr_carea' id='block_1_99' title="bbox 550 5292 1887 5362">
    <p class='ocr_par' dir='ltr' id='par_1_99' title="bbox 550 5292 1887 5362">
     <span class='ocr_line' id='line_1_99' title="bbox 550 5292 1887 5362; baseline -0.003 -11"><span class='ocrx_word' id='word_1_750' title='bbox 550 5292 580 5335; x_wconf 68' lang='grc'>⁸</span> <span class='ocrx_word' id='word_1_751' title='bbox 609 5297 700 5351; x_wconf 82' lang='lat' dir='ltr'><strong>Sic</strong></span> <span class='ocrx_word' id='word_1_752' title='bbox 732 5298 889 5359; x_wconf 84' lang='lat' dir='ltr'><strong>Bob.;</strong></span> <span class='ocrx_word' id='word_1_753' title='bbox 920 5296 1030 5359; x_wconf 87' lang='lat' dir='ltr'><strong>alii,</strong></span> <span class='ocrx_word' id='word_1_754' title='bbox 1062 5309 1331 5362; x_wconf 28' lang='lat' dir='ltr'><strong>meserwi...</strong></span> <span class='ocrx_word' id='word_1_755' title='bbox 1361 5292 1607 5359; x_wconf 64' lang='lat' dir='ltr'><strong>intentum</strong></span> <span class='ocrx_word' id='word_1_756' title='bbox 1640 5294 1832 5362; x_wconf 77' lang='lat' dir='ltr'><strong>fragat.</strong></span> <span class='ocrx_word' id='word_1_757' title='bbox 1874 5322 1887 5328; x_wconf 77' lang='lat'><strong><em>~</em></strong></span> 
     </span>
    </p>
   </div>
   <div class='ocr_carea' id='block_1_100' title="bbox 554 5361 2057 5434">
    <p class='ocr_par' dir='ltr' id='par_1_100' title="bbox 554 5361 2057 5434">
     <span class='ocr_line' id='line_1_100' title="bbox 554 5361 2057 5434; baseline 0.002 -16"><span class='ocrx_word' id='word_1_758' title='bbox 554 5377 577 5404; x_wconf 75' lang='grc' dir='ltr'><strong><em>ο</em></strong></span> <span class='ocrx_word' id='word_1_759' title='bbox 611 5366 777 5425; x_wconf 79' lang='lat' dir='ltr'><strong>Alias.</strong></span> <span class='ocrx_word' id='word_1_760' title='bbox 808 5368 1028 5434; x_wconf 80' lang='lat' dir='ltr'><strong>Spissia,</strong></span> <span class='ocrx_word' id='word_1_761' title='bbox 1061 5365 1218 5431; x_wconf 88' lang='lat' dir='ltr'><strong>vulgo</strong></span> <span class='ocrx_word' id='word_1_762' title='bbox 1244 5361 1484 5434; x_wconf 74' lang='lat' dir='ltr'><strong>Espuisse</strong></span> <span class='ocrx_word' id='word_1_763' title='bbox 1506 5404 1519 5421; x_wconf 82' lang='lat'><strong>.</strong></span> <span class='ocrx_word' id='word_1_764' title='bbox 1554 5361 1689 5417; x_wconf 76' lang='lat' dir='ltr'><strong>inter</strong></span> <span class='ocrx_word' id='word_1_765' title='bbox 1717 5361 2057 5421; x_wconf 88' lang='lat' dir='ltr'><strong>Sinemurum</strong></span> 
     </span>
    </p>
   </div>
   <div class='ocr_carea' id='block_1_101' title="bbox 436 5433 2058 5507">
    <p class='ocr_par' dir='ltr' id='par_1_101' title="bbox 436 5433 2058 5507">
     <span class='ocr_line' id='line_1_101' title="bbox 436 5433 2058 5507; baseline 0.001 -17"><span class='ocrx_word' id='word_1_766' title='bbox 436 5462 439 5463; x_wconf 51' lang='grc' dir='ltr'><em>ν</em></span> <span class='ocrx_word' id='word_1_767' title='bbox 479 5448 537 5492; x_wconf 87' lang='lat' dir='ltr'><strong>et</strong></span> <span class='ocrx_word' id='word_1_768' title='bbox 562 5437 790 5507; x_wconf 81' lang='lat' dir='ltr'><strong>Montem</strong></span> <span class='ocrx_word' id='word_1_769' title='bbox 844 5433 1218 5507; x_wconf 79' lang='lat' dir='ltr'><strong>reguletti_sita</strong></span> <span class='ocrx_word' id='word_1_770' title='bbox 1250 5433 1303 5507; x_wconf 81' lang='lat' dir='ltr'><strong>in</strong></span> <span class='ocrx_word' id='word_1_771' title='bbox 1338 5434 1660 5502; x_wconf 72' lang='lat' dir='ltr'><strong>Burgundio:</strong></span> <span class='ocrx_word' id='word_1_772' title='bbox 1692 5436 1887 5489; x_wconf 80' lang='lat' dir='ltr'><strong>ducatu</strong></span> <span class='ocrx_word' id='word_1_773' title='bbox 1919 5436 2058 5490; x_wconf 84' lang='lat' dir='ltr'><strong>haud</strong></span> 
     </span>
    </p>
   </div>
   <div class='ocr_carea' id='block_1_102' title="bbox 482 5503 2062 5575">
    <p class='ocr_par' dir='ltr' id='par_1_102' title="bbox 482 5503 2062 5575">
     <span class='ocr_line' id='line_1_102' title="bbox 482 5503 2062 5575; baseline 0.003 -19"><span class='ocrx_word' id='word_1_774' title='bbox 482 5508 669 5575; x_wconf 82' lang='lat' dir='ltr'><strong>procul</strong></span> <span class='ocrx_word' id='word_1_775' title='bbox 700 5522 728 5559; x_wconf 86' lang='lat' dir='ltr'><strong>a</strong></span> <span class='ocrx_word' id='word_1_776' title='bbox 756 5503 956 5560; x_wconf 75' lang='lat' dir='ltr'><strong>Sereno</strong></span> <span class='ocrx_word' id='word_1_777' title='bbox 979 5504 1164 5570; x_wconf 80' lang='lat' dir='ltr'><strong>fluvio,</strong></span> <span class='ocrx_word' id='word_1_778' title='bbox 1188 5503 1280 5575; x_wconf 87' lang='lat' dir='ltr'><strong>qui</strong></span> <span class='ocrx_word' id='word_1_779' title='bbox 1300 5511 1417 5575; x_wconf 83' lang='lat' dir='ltr'><strong>post</strong></span> <span class='ocrx_word' id='word_1_780' title='bbox 1438 5518 1711 5558; x_wconf 88' lang='lat' dir='ltr'><strong>emensum</strong></span> <span class='ocrx_word' id='word_1_781' title='bbox 1737 5520 1929 5573; x_wconf 86' lang='lat' dir='ltr'><strong>pagum</strong></span> <span class='ocrx_word' id='word_1_782' title='bbox 1951 5507 2062 5560; x_wconf 84' lang='lat' dir='ltr'><strong>An—</strong></span> 
     </span>
    </p>
   </div>
   <div class='ocr_carea' id='block_1_103' title="bbox 485 5573 1439 5642">
    <p class='ocr_par' dir='ltr' id='par_1_103' title="bbox 485 5573 1439 5642">
     <span class='ocr_line' id='line_1_103' title="bbox 485 5573 1439 5642; baseline -0.007 -11"><span class='ocrx_word' id='word_1_783' title='bbox 485 5573 916 5631; x_wconf 54' lang='lat' dir='ltr'><strong>tissiodorensem</strong></span> <span class='ocrx_word' id='word_1_784' title='bbox 946 5577 1153 5629; x_wconf 71' lang='lat' dir='ltr'><strong>Icaunm</strong></span> <span class='ocrx_word' id='word_1_785' title='bbox 1179 5573 1439 5642; x_wconf 83' lang='lat' dir='ltr'><strong>jungitur.</strong></span> 
     </span>
    </p>
   </div>
   <div class='ocr_carea' id='block_1_104' title="bbox 561 5642 2059 5717">
    <p class='ocr_par' dir='ltr' id='par_1_104' title="bbox 561 5642 2059 5717">
     <span class='ocr_line' id='line_1_104' title="bbox 561 5642 2059 5717; baseline 0.001 -18"><span class='ocrx_word' id='word_1_786' title='bbox 561 5646 578 5684; x_wconf 72' lang='grc' dir='ltr'><em>τ</em></span> <span class='ocrx_word' id='word_1_787' title='bbox 619 5646 782 5717; x_wconf 45' lang='grc' dir='ltr'>ΒοΙιπ</span> <span class='ocrx_word' id='word_1_788' title='bbox 814 5658 886 5699; x_wconf 84' lang='lat' dir='ltr'><strong>est</strong></span> <span class='ocrx_word' id='word_1_789' title='bbox 923 5648 1235 5717; x_wconf 67' lang='lat' dir='ltr'><strong>{mutilorum</strong></span> <span class='ocrx_word' id='word_1_790' title='bbox 1271 5642 1366 5717; x_wconf 75' lang='lat' dir='ltr'><strong>Dei</strong></span> <span class='ocrx_word' id='word_1_791' title='bbox 1393 5642 1814 5717; x_wconf 70' lang='lat' dir='ltr'><strong>orationibus,_nt</strong></span> <span class='ocrx_word' id='word_1_792' title='bbox 1846 5644 1924 5699; x_wconf 81' lang='lat' dir='ltr'><strong>Itis</strong></span> <span class='ocrx_word' id='word_1_793' title='bbox 1952 5648 2059 5715; x_wconf 78' lang='grc' dir='ltr'>ροι-</span> 
     </span>
    </p>
   </div>
   <div class='ocr_carea' id='block_1_105' title="bbox 484 5712 2059 5784">
    <p class='ocr_par' dir='ltr' id='par_1_105' title="bbox 484 5712 2059 5784">
     <span class='ocr_line' id='line_1_105' title="bbox 484 5712 2059 5784; baseline -0.002 -12"><span class='ocrx_word' id='word_1_794' title='bbox 484 5721 720 5779; x_wconf 73' lang='lat' dir='ltr'><strong>(uarrtnr,</strong></span> <span class='ocrx_word' id='word_1_795' title='bbox 746 5712 933 5783; x_wconf 72' lang='lat' dir='ltr'><strong>Freh.,</strong></span> <span class='ocrx_word' id='word_1_796' title='bbox 965 5717 1149 5784; x_wconf 80' lang='lat' dir='ltr'><strong>dignus</strong></span> <span class='ocrx_word' id='word_1_797' title='bbox 1176 5724 1317 5767; x_wconf 73' lang='lat' dir='ltr'><strong>est...</strong></span> <span class='ocrx_word' id='word_1_798' title='bbox 1344 5714 1388 5768; x_wconf 82' lang='lat' dir='ltr'><strong>is</strong></span> <span class='ocrx_word' id='word_1_799' title='bbox 1420 5712 1690 5784; x_wconf 64' lang='lat' dir='ltr'><strong>potientur.</strong></span> <span class='ocrx_word' id='word_1_800' title='bbox 1730 5712 2059 5781; x_wconf 32' lang='lat' dir='ltr'><strong>Aliquot-ed.</strong></span> 
     </span>
    </p>
   </div>
   <div class='ocr_carea' id='block_1_106' title="bbox 489 5782 1840 5854">
    <p class='ocr_par' dir='ltr' id='par_1_106' title="bbox 489 5782 1840 5854">
     <span class='ocr_line' id='line_1_106' title="bbox 489 5782 1840 5854; baseline -0.001 -16"><span class='ocrx_word' id='word_1_801' title='bbox 489 5797 622 5841; x_wconf 82' lang='lat' dir='ltr'><strong>vet..</strong></span> <span class='ocrx_word' id='word_1_802' title='bbox 654 5797 707 5839; x_wconf 77' lang='lat' dir='ltr'><strong>ut</strong></span> <span class='ocrx_word' id='word_1_803' title='bbox 736 5786 913 5854; x_wconf 74' lang='lat' dir='ltr'><strong>[uirtuti</strong></span> <span class='ocrx_word' id='word_1_804' title='bbox 943 5782 1038 5839; x_wconf 79' lang='lat' dir='ltr'><strong>Dei</strong></span> <span class='ocrx_word' id='word_1_805' title='bbox 1062 5786 1349 5837; x_wconf 67' lang='lat' dir='ltr'><strong>muneribus</strong></span> <span class='ocrx_word' id='word_1_806' title='bbox 1380 5787 1493 5852; x_wconf 76' lang='lat' dir='ltr'><strong>ejus</strong></span> <span class='ocrx_word' id='word_1_807' title='bbox 1518 5782 1840 5854; x_wconf 73' lang='lat' dir='ltr'><strong>polluuntur.</strong></span> 
     </span>
    </p>
   </div>
   <div class='ocr_carea' id='block_1_107' title="bbox 557 5852 2062 5919">
    <p class='ocr_par' dir='ltr' id='par_1_107' title="bbox 557 5852 2062 5919">
     <span class='ocr_line' id='line_1_107' title="bbox 557 5852 2062 5919; baseline 0.005 -15"><span class='ocrx_word' id='word_1_808' title='bbox 557 5867 581 5904; x_wconf 78' lang='grc' dir='ltr'><strong>ι</strong></span> <span class='ocrx_word' id='word_1_809' title='bbox 615 5852 811 5919; x_wconf 75' lang='lat' dir='ltr'><strong>Freh..</strong></span> <span class='ocrx_word' id='word_1_810' title='bbox 843 5860 933 5912; x_wconf 83' lang='lat' dir='ltr'><strong>sed</strong></span> <span class='ocrx_word' id='word_1_811' title='bbox 975 5855 1257 5912; x_wconf 73' lang='lat' dir='ltr'><strong>sollicitum</strong></span> <span class='ocrx_word' id='word_1_812' title='bbox 1296 5854 1342 5908; x_wconf 70' lang='grc' dir='ltr'><strong>υἱ</strong></span> <span class='ocrx_word' id='word_1_813' title='bbox 1378 5852 1615 5913; x_wconf 71' lang='grc' dir='ltr'><strong>αίωηοηιὶ</strong></span> <span class='ocrx_word' id='word_1_814' title='bbox 1657 5856 1934 5913; x_wconf 64' lang='lat' dir='ltr'><strong>iurantium</strong></span> <span class='ocrx_word' id='word_1_815' title='bbox 1962 5872 2062 5911; x_wconf 82' lang='lat' dir='ltr'><strong>non</strong></span> 
     </span>
    </p>
   </div>
   <div class='ocr_carea' id='block_1_108' title="bbox 2169 4721 3745 4792">
    <p class='ocr_par' dir='ltr' id='par_1_108' title="bbox 2169 4721 3745 4792">
     <span class='ocr_line' id='line_1_108' title="bbox 2169 4721 3745 4792; baseline -0.001 -16"><span class='ocrx_word' id='word_1_816' title='bbox 2169 4737 2335 4792; x_wconf 88' lang='lat' dir='ltr'><strong>penes</strong></span> <span class='ocrx_word' id='word_1_817' title='bbox 2362 4721 2742 4776; x_wconf 85' lang='lat' dir='ltr'><strong>Vesontionem</strong></span> <span class='ocrx_word' id='word_1_818' title='bbox 2768 4723 3023 4791; x_wconf 89' lang='lat' dir='ltr'><strong>oppidum</strong></span> <span class='ocrx_word' id='word_1_819' title='bbox 3052 4721 3119 4775; x_wconf 90' lang='lat' dir='ltr'><strong>ad</strong></span> <span class='ocrx_word' id='word_1_820' title='bbox 3151 4722 3502 4777; x_wconf 81' lang='lat' dir='ltr'><strong>exsulandum</strong></span> <span class='ocrx_word' id='word_1_821' title='bbox 3549 4722 3745 4791; x_wconf 53' lang='lat' dir='ltr'><strong>perdo.</strong></span> 
     </span>
    </p>
   </div>
   <div class='ocr_carea' id='block_1_109' title="bbox 2166 4812 3747 4883">
    <p class='ocr_par' dir='ltr' id='par_1_109' title="bbox 2166 4812 3747 4883">
     <span class='ocr_line' id='line_1_109' title="bbox 2166 4812 3747 4883; baseline -0.001 -14"><span class='ocrx_word' id='word_1_822' title='bbox 2166 4816 2258 4880; x_wconf 84' lang='lat' dir='ltr'><strong>cit,</strong></span> <span class='ocrx_word' id='word_1_823' title='bbox 2290 4814 2635 4883; x_wconf 77' lang='lat' dir='ltr'><strong>quoadusque</strong></span> <span class='ocrx_word' id='word_1_824' title='bbox 2663 4829 2725 4867; x_wconf 86' lang='lat' dir='ltr'><strong>ex</strong></span> <span class='ocrx_word' id='word_1_825' title='bbox 2759 4827 2825 4867; x_wconf 88' lang='lat' dir='ltr'><strong>eo</strong></span> <span class='ocrx_word' id='word_1_826' title='bbox 2856 4813 3049 4881; x_wconf 86' lang='lat' dir='ltr'><strong>regalis</strong></span> <span class='ocrx_word' id='word_1_827' title='bbox 3078 4813 3348 4867; x_wconf 86' lang='lat' dir='ltr'><strong>sententia</strong></span> <span class='ocrx_word' id='word_1_828' title='bbox 3375 4812 3519 4880; x_wconf 88' lang='lat' dir='ltr'><strong>quod</strong></span> <span class='ocrx_word' id='word_1_829' title='bbox 3548 4813 3747 4867; x_wconf 82' lang='lat' dir='ltr'><strong>voluis-</strong></span> 
     </span>
    </p>
   </div>
   <div class='ocr_carea' id='block_1_110' title="bbox 2168 4945 2862 5003">
    <p class='ocr_par' dir='ltr' id='par_1_110' title="bbox 2168 4945 2862 5003">
     <span class='ocr_line' id='line_1_110' title="bbox 2168 4945 2862 5003; baseline -0.004 -2"><span class='ocrx_word' id='word_1_830' title='bbox 2168 4948 2259 5003; x_wconf 82' lang='lat' dir='ltr'><strong>diu</strong></span> <span class='ocrx_word' id='word_1_831' title='bbox 2287 4959 2536 5003; x_wconf 81' lang='lat' dir='ltr'><strong>servatur.</strong></span> <span class='ocrx_word' id='word_1_832' title='bbox 2582 4945 2862 5001; x_wconf 80' lang='lat' dir='ltr'><strong>Violenter.</strong></span> 
     </span>
    </p>
   </div>
   <div class='ocr_carea' id='block_1_111' title="bbox 2240 5014 3081 5085">
    <p class='ocr_par' dir='ltr' id='par_1_111' title="bbox 2240 5014 3081 5085">
     <span class='ocr_line' id='line_1_111' title="bbox 2240 5014 3081 5085; baseline -0.012 -11"><span class='ocrx_word' id='word_1_833' title='bbox 2240 5018 2266 5056; x_wconf 63' lang='grc' dir='ltr'>λι</span> <span class='ocrx_word' id='word_1_834' title='bbox 2301 5022 2437 5073; x_wconf 81' lang='lat' dir='ltr'><strong>Editi</strong></span> <span class='ocrx_word' id='word_1_835' title='bbox 2470 5029 2599 5082; x_wconf 87' lang='lat' dir='ltr'><strong>vet.,</strong></span> <span class='ocrx_word' id='word_1_836' title='bbox 2628 5014 3081 5085; x_wconf 80' lang='lat' dir='ltr'><strong>objurgationibus.</strong></span> 
     </span>
    </p>
   </div>
   <div class='ocr_carea' id='block_1_112' title="bbox 2246 5084 3747 5156">
    <p class='ocr_par' dir='ltr' id='par_1_112' title="bbox 2246 5084 3747 5156">
     <span class='ocr_line' id='line_1_112' title="bbox 2246 5084 3747 5156; baseline -0.005 -13"><span class='ocrx_word' id='word_1_837' title='bbox 2246 5091 2260 5124; x_wconf 74' lang='grc' dir='ltr'><strong>ι</strong></span> <span class='ocrx_word' id='word_1_838' title='bbox 2298 5091 2423 5153; x_wconf 87' lang='lat' dir='ltr'><strong>Alii,</strong></span> <span class='ocrx_word' id='word_1_839' title='bbox 2448 5097 2494 5142; x_wconf 83' lang='lat' dir='ltr'><strong>et</strong></span> <span class='ocrx_word' id='word_1_840' title='bbox 2524 5092 2585 5141; x_wconf 89' lang='lat' dir='ltr'><strong>de</strong></span> <span class='ocrx_word' id='word_1_841' title='bbox 2613 5084 2791 5156; x_wconf 83' lang='lat' dir='ltr'><strong>ejus...</strong></span> <span class='ocrx_word' id='word_1_842' title='bbox 2825 5097 2871 5137; x_wconf 82' lang='lat' dir='ltr'><strong>et</strong></span> <span class='ocrx_word' id='word_1_843' title='bbox 2910 5093 3114 5137; x_wconf 82' lang='lat' dir='ltr'><strong>statum.</strong></span> <span class='ocrx_word' id='word_1_844' title='bbox 3147 5084 3298 5138; x_wconf 58' lang='grc' dir='ltr'>(λιιι).</span> <span class='ocrx_word' id='word_1_845' title='bbox 3341 5084 3507 5138; x_wconf 85' lang='lat' dir='ltr'><strong>altera</strong></span> <span class='ocrx_word' id='word_1_846' title='bbox 3547 5098 3708 5137; x_wconf 87' lang='lat' dir='ltr'><strong>manu</strong></span> <span class='ocrx_word' id='word_1_847' title='bbox 3732 5127 3747 5150; x_wconf 91' lang='lat'><strong>,</strong></span> 
     </span>
    </p>
   </div>
   <div class='ocr_carea' id='block_1_113' title="bbox 2169 5156 3753 5223">
    <p class='ocr_par' dir='ltr' id='par_1_113' title="bbox 2169 5156 3753 5223">
     <span class='ocr_line' id='line_1_113' title="bbox 2169 5156 3753 5223; baseline -0.004 -10"><span class='ocrx_word' id='word_1_848' title='bbox 2169 5160 2304 5213; x_wconf 89' lang='lat' dir='ltr'><strong>sicut</strong></span> <span class='ocrx_word' id='word_1_849' title='bbox 2335 5171 2387 5214; x_wconf 90' lang='lat' dir='ltr'><strong>ct</strong></span> <span class='ocrx_word' id='word_1_850' title='bbox 2414 5159 2577 5213; x_wconf 79' lang='lat' dir='ltr'><strong>Jonas</strong></span> <span class='ocrx_word' id='word_1_851' title='bbox 2600 5160 2650 5209; x_wconf 88' lang='lat' dir='ltr'><strong>in</strong></span> <span class='ocrx_word' id='word_1_852' title='bbox 2686 5156 2797 5209; x_wconf 80' lang='lat' dir='ltr'><strong>Vita</strong></span> <span class='ocrx_word' id='word_1_853' title='bbox 2829 5158 2997 5208; x_wconf 85' lang='lat' dir='ltr'><strong>saneti</strong></span> <span class='ocrx_word' id='word_1_854' title='bbox 3017 5156 3351 5220; x_wconf 85' lang='lat' dir='ltr'><strong>Columbaui,</strong></span> <span class='ocrx_word' id='word_1_855' title='bbox 3381 5168 3426 5208; x_wconf 81' lang='lat' dir='ltr'><strong>et</strong></span> <span class='ocrx_word' id='word_1_856' title='bbox 3455 5165 3507 5207; x_wconf 85' lang='lat' dir='ltr'><strong>ut</strong></span> <span class='ocrx_word' id='word_1_857' title='bbox 3537 5161 3647 5223; x_wconf 85' lang='lat' dir='ltr'><strong>ejus</strong></span> <span class='ocrx_word' id='word_1_858' title='bbox 3669 5169 3753 5207; x_wconf 85' lang='lat' dir='ltr'><strong>re-</strong></span> 
     </span>
    </p>
   </div>
   <div class='ocr_carea' id='block_1_114' title="bbox 2170 5226 3741 5300">
    <p class='ocr_par' dir='ltr' id='par_1_114' title="bbox 2170 5226 3741 5300">
     <span class='ocr_line' id='line_1_114' title="bbox 2170 5226 3741 5300; baseline -0.003 -18"><span class='ocrx_word' id='word_1_859' title='bbox 2170 5231 2349 5300; x_wconf 80' lang='lat' dir='ltr'><strong>ligioni</strong></span> <span class='ocrx_word' id='word_1_860' title='bbox 2374 5227 2690 5282; x_wconf 80' lang='lat' dir='ltr'><strong>detrahentes</strong></span> <span class='ocrx_word' id='word_1_861' title='bbox 2713 5234 2923 5289; x_wconf 80' lang='lat' dir='ltr'><strong>stutum,</strong></span> <span class='ocrx_word' id='word_1_862' title='bbox 2946 5235 3051 5280; x_wconf 83' lang='lat' dir='ltr'><strong>etc.</strong></span> <span class='ocrx_word' id='word_1_863' title='bbox 3088 5226 3349 5292; x_wconf 62' lang='lat' dir='ltr'><strong>Clarum,</strong></span> <span class='ocrx_word' id='word_1_864' title='bbox 3382 5227 3536 5290; x_wconf 83' lang='lat' dir='ltr'><strong>inira,</strong></span> <span class='ocrx_word' id='word_1_865' title='bbox 3571 5241 3741 5280; x_wconf 77' lang='lat' dir='ltr'><strong>macu-</strong></span> 
     </span>
    </p>
   </div>
   <div class='ocr_carea' id='block_1_115' title="bbox 2168 5301 2317 5353">
    <p class='ocr_par' dir='ltr' id='par_1_115' title="bbox 2168 5301 2317 5353">
     <span class='ocr_line' id='line_1_115' title="bbox 2168 5301 2317 5353; baseline -0.007 -1"><span class='ocrx_word' id='word_1_866' title='bbox 2168 5301 2317 5353; x_wconf 68' lang='lat' dir='ltr'><strong>lari‘t.</strong></span> 
     </span>
    </p>
   </div>
   <div class='ocr_carea' id='block_1_116' title="bbox 2238 5366 3561 5434">
    <p class='ocr_par' dir='ltr' id='par_1_116' title="bbox 2238 5366 3561 5434">
     <span class='ocr_line' id='line_1_116' title="bbox 2238 5366 3561 5434; baseline -0.002 -15"><span class='ocrx_word' id='word_1_867' title='bbox 2238 5369 2253 5419; x_wconf 84' lang='lat' dir='ltr'><strong>i</strong></span> <span class='ocrx_word' id='word_1_868' title='bbox 2292 5371 2513 5433; x_wconf 72' lang='lat' dir='ltr'><strong>(lltesn.,</strong></span> <span class='ocrx_word' id='word_1_869' title='bbox 2544 5370 2776 5421; x_wconf 81' lang='lat' dir='ltr'><strong>adactus.</strong></span> <span class='ocrx_word' id='word_1_870' title='bbox 2802 5366 2987 5431; x_wconf 83' lang='lat' dir='ltr'><strong>Jonas,</strong></span> <span class='ocrx_word' id='word_1_871' title='bbox 3015 5378 3224 5421; x_wconf 85' lang='lat' dir='ltr'><strong>coactus</strong></span> <span class='ocrx_word' id='word_1_872' title='bbox 3253 5370 3423 5434; x_wconf 78' lang='lat' dir='ltr'><strong>itaque</strong></span> <span class='ocrx_word' id='word_1_873' title='bbox 3452 5380 3561 5417; x_wconf 65' lang='lat' dir='ltr'><strong>rex.</strong></span> 
     </span>
    </p>
   </div>
   <div class='ocr_carea' id='block_1_117' title="bbox 2239 5435 3743 5509">
    <p class='ocr_par' dir='ltr' id='par_1_117' title="bbox 2239 5435 3743 5509">
     <span class='ocr_line' id='line_1_117' title="bbox 2239 5435 3743 5509; baseline -0.006 -16"><span class='ocrx_word' id='word_1_874' title='bbox 2239 5440 2261 5477; x_wconf 67' lang='grc' dir='ltr'><strong>ι</strong></span> <span class='ocrx_word' id='word_1_875' title='bbox 2295 5443 2375 5509; x_wconf 83' lang='lat' dir='ltr'><strong>Qu</strong></span> <span class='ocrx_word' id='word_1_876' title='bbox 2394 5460 2422 5493; x_wconf 70' lang='grc' dir='ltr'>ιε</span> <span class='ocrx_word' id='word_1_877' title='bbox 2449 5447 2741 5507; x_wconf 85' lang='lat' dir='ltr'><strong>sequuntur</strong></span> <span class='ocrx_word' id='word_1_878' title='bbox 2770 5439 2835 5490; x_wconf 90' lang='lat' dir='ltr'><strong>ad</strong></span> <span class='ocrx_word' id='word_1_879' title='bbox 2882 5437 2995 5491; x_wconf 69' lang='lat' dir='ltr'><strong>hinc</strong></span> <span class='ocrx_word' id='word_1_880' title='bbox 3026 5441 3184 5492; x_wconf 75' lang='lat' dir='ltr'><strong>Verba</strong></span> <span class='ocrx_word' id='word_1_881' title='bbox 3209 5480 3223 5497; x_wconf 84' lang='lat'><strong>.</strong></span> <span class='ocrx_word' id='word_1_882' title='bbox 3254 5454 3351 5509; x_wconf 77' lang='lat' dir='ltr'><strong>quo</strong></span> <span class='ocrx_word' id='word_1_883' title='bbox 3380 5435 3571 5509; x_wconf 75' lang='lat' dir='ltr'><strong>uenerit</strong></span> <span class='ocrx_word' id='word_1_884' title='bbox 3593 5477 3607 5500; x_wconf 91' lang='lat'><strong>,</strong></span> <span class='ocrx_word' id='word_1_885' title='bbox 3636 5450 3743 5509; x_wconf 85' lang='lat' dir='ltr'><strong>ope</strong></span> 
     </span>
    </p>
   </div>
   <div class='ocr_carea' id='block_1_118' title="bbox 2168 5507 3743 5577">
    <p class='ocr_par' dir='ltr' id='par_1_118' title="bbox 2168 5507 3743 5577">
     <span class='ocr_line' id='line_1_118' title="bbox 2168 5507 3743 5577; baseline -0.003 -12"><span class='ocrx_word' id='word_1_886' title='bbox 2168 5527 2297 5566; x_wconf 85' lang='lat' dir='ltr'><strong>mss.</strong></span> <span class='ocrx_word' id='word_1_887' title='bbox 2321 5507 2397 5567; x_wconf 50' lang='lat' dir='ltr'><strong>&#39;et</strong></span> <span class='ocrx_word' id='word_1_888' title='bbox 2444 5512 2593 5565; x_wconf 78' lang='lat' dir='ltr'><strong>.loua:</strong></span> <span class='ocrx_word' id='word_1_889' title='bbox 2630 5510 2992 5575; x_wconf 82' lang='lat' dir='ltr'><strong>restituiiuus,</strong></span> <span class='ocrx_word' id='word_1_890' title='bbox 3037 5524 3156 5577; x_wconf 83' lang='lat' dir='ltr'><strong>quae</strong></span> <span class='ocrx_word' id='word_1_891' title='bbox 3198 5509 3250 5562; x_wconf 91' lang='lat' dir='ltr'><strong>in</strong></span> <span class='ocrx_word' id='word_1_892' title='bbox 3283 5507 3447 5561; x_wconf 86' lang='lat' dir='ltr'><strong>editis.</strong></span> <span class='ocrx_word' id='word_1_893' title='bbox 3485 5508 3743 5560; x_wconf 83' lang='lat' dir='ltr'><strong>mendosa</strong></span> 
     </span>
    </p>
   </div>
   <div class='ocr_carea' id='block_1_119' title="bbox 2166 5594 2312 5636">
    <p class='ocr_par' dir='ltr' id='par_1_119' title="bbox 2166 5594 2312 5636">
     <span class='ocr_line' id='line_1_119' title="bbox 2166 5594 2312 5636; baseline -0.007 0"><span class='ocrx_word' id='word_1_894' title='bbox 2166 5594 2312 5636; x_wconf 77' lang='grc' dir='ltr'><strong>ευηι.</strong></span> 
     </span>
    </p>
   </div>
   <div class='ocr_carea' id='block_1_120' title="bbox 2247 5646 3169 5713">
    <p class='ocr_par' dir='ltr' id='par_1_120' title="bbox 2247 5646 3169 5713">
     <span class='ocr_line' id='line_1_120' title="bbox 2247 5646 3169 5713; baseline -0.008 -8"><span class='ocrx_word' id='word_1_895' title='bbox 2247 5651 2263 5691; x_wconf 77' lang='grc' dir='ltr'><strong>ι</strong></span> <span class='ocrx_word' id='word_1_896' title='bbox 2299 5652 2421 5712; x_wconf 81' lang='lat' dir='ltr'><strong>Alii.</strong></span> <span class='ocrx_word' id='word_1_897' title='bbox 2450 5658 2745 5713; x_wconf 81' lang='lat' dir='ltr'><strong>recesserat,</strong></span> <span class='ocrx_word' id='word_1_898' title='bbox 2782 5659 2873 5703; x_wconf 88' lang='lat' dir='ltr'><strong>aut</strong></span> <span class='ocrx_word' id='word_1_899' title='bbox 2902 5646 3169 5701; x_wconf 73' lang='lat' dir='ltr'><strong>discisset.</strong></span> 
     </span>
    </p>
   </div>
   <div class='ocr_carea' id='block_1_121' title="bbox 2238 5716 3733 5787">
    <p class='ocr_par' dir='ltr' id='par_1_121' title="bbox 2238 5716 3733 5787">
     <span class='ocr_line' id='line_1_121' title="bbox 2238 5716 3733 5787; baseline 0 -16"><span class='ocrx_word' id='word_1_900' title='bbox 2238 5732 2277 5758; x_wconf 76' lang='grc' dir='ltr'>ω</span> <span class='ocrx_word' id='word_1_901' title='bbox 2308 5723 2485 5783; x_wconf 69' lang='lat' dir='ltr'><strong>Colb..</strong></span> <span class='ocrx_word' id='word_1_902' title='bbox 2509 5721 2709 5773; x_wconf 82' lang='lat' dir='ltr'><strong>Bob.et</strong></span> <span class='ocrx_word' id='word_1_903' title='bbox 2735 5720 2974 5787; x_wconf 88' lang='lat' dir='ltr'><strong>plerique</strong></span> <span class='ocrx_word' id='word_1_904' title='bbox 2988 5716 3424 5785; x_wconf 76' lang='lat' dir='ltr'><strong>ed.,Audul{um.</strong></span> <span class='ocrx_word' id='word_1_905' title='bbox 3458 5725 3551 5769; x_wconf 88' lang='lat' dir='ltr'><strong>aut</strong></span> <span class='ocrx_word' id='word_1_906' title='bbox 3577 5718 3733 5772; x_wconf 75' lang='lat' dir='ltr'><strong>Adul-</strong></span> 
     </span>
    </p>
   </div>
   <div class='ocr_carea' id='block_1_122' title="bbox 2168 5788 3741 5861">
    <p class='ocr_par' dir='ltr' id='par_1_122' title="bbox 2168 5788 3741 5861">
     <span class='ocr_line' id='line_1_122' title="bbox 2168 5788 3741 5861; baseline -0.003 -17"><span class='ocrx_word' id='word_1_907' title='bbox 2168 5791 2415 5861; x_wconf 42' lang='lat' dir='ltr'><strong>fum..Cli.</strong></span> <span class='ocrx_word' id='word_1_908' title='bbox 2437 5793 2509 5846; x_wconf 89' lang='lat' dir='ltr'><strong>al.</strong></span> <span class='ocrx_word' id='word_1_909' title='bbox 2525 5800 2580 5847; x_wconf 87' lang='lat' dir='ltr'><strong>et</strong></span> <span class='ocrx_word' id='word_1_910' title='bbox 2599 5790 2636 5845; x_wconf 84' lang='lat' dir='ltr'><strong>F</strong></span> <span class='ocrx_word' id='word_1_911' title='bbox 2641 5790 2757 5845; x_wconf 90' lang='lat' dir='ltr'><strong>reb.</strong></span> <span class='ocrx_word' id='word_1_912' title='bbox 2788 5790 2887 5857; x_wconf 83' lang='lat' dir='ltr'><strong>aL,</strong></span> <span class='ocrx_word' id='word_1_913' title='bbox 2904 5802 3183 5858; x_wconf 70' lang='lat' dir='ltr'><strong>procerem,</strong></span> <span class='ocrx_word' id='word_1_914' title='bbox 3204 5788 3407 5843; x_wconf 74' lang='lat' dir='ltr'><strong>nomine</strong></span> <span class='ocrx_word' id='word_1_915' title='bbox 3432 5790 3741 5859; x_wconf 66' lang='lat' dir='ltr'><strong>Auditum».</strong></span> 
     </span>
    </p>
   </div>
  </div>
