3982 6346
324 381 428 438 027

1533 388 1947 446 FREDEGARII
1985 390 2428 451 SCHOLASTICI

3473 400 3574 456 623

321 507 405 552 set
427 496 759 553 decerneret.
783 497 909 555 Post
939 498 1052 554 hch
1081 498 1163 555 vir
1185 499 1276 557 Dei
1303 514 1550 570 cernens,
1571 504 1714 573 quod
1737 503 1894 558 nullis
1926 509 1974 564 Α
2001 507 2189 560 mortis
2215 522 2308 562 eos
2343 509 2635 575 periculum
2683 507 2976 567 incurrere.
3025 515 3094 568 At
3125 515 3227 569 ille
3258 531 3316 571 se
3347 518 3423 570 ait
3462 518 3571 587 iam

319 587 577 642 custodiis
623 600 928 659 angeretur,
970 607 1000 646 a
1051 591 1303 663 nulloque
1346 594 1646 650 molestiam
1698 597 1892 661 ferret;

226 690 278 735 Α,
319 676 571 733 videbant
615 679 758 735 enim
803 696 992 736 omnes
1039 683 1090 736 in
1129 698 1196 738 eo
1227 683 1321 738 Dei
1355 685 1599 740 virtutem
1631 686 1886 755 ﬂagrare,

318 764 547 835 ideoque
585 783 774 824 omnes
813 771 878 826 ab
917 771 1037 841 ejus
1085 771 1298 838 injuriis
1345 775 1786 845 segregabantur,
1828 793 1894 830 ne

317 857 448 912 socii
477 859 753 928 culparum
782 861 988 927 forent;
1014 863 1254 918 ascendit
1274 879 1404 933 ergo
1426 865 1701 920 Dominica
1729 866 1817 921 die
1839 868 1890 921 in

314 950 568 1008 verticem
598 953 749 1007 ardui
778 956 1069 1009 cacuminis
1099 956 1296 1010 montis
1326 957 1470 1011 illius
1493 998 1509 1024 ,
1536 960 1611 1011 ita
1641 959 1783 1012 enim
1819 960 1895 1013 si-

315 1054 398 1094 tus
428 1042 573 1095 urbis
603 1042 847 1110 habetur,
880 1060 1003 1100 cum
1035 1046 1317 1102 domorum
1345 1047 1583 1102 densitas
1613 1049 1665 1103 in
1700 1049 1891 1104 defuso

314 1129 423 1202 [AL
468 1133 683 1206 diﬂ‘usoj
732 1135 900 1192 latere
957 1139 1177 1207 proclivi
1235 1141 1431 1194 montis
1479 1142 1581 1194 sita
1625 1141 1725 1206 sit,
1770 1156 1891 1209 pro-

312 1237 566 1294 rumpens
595 1235 622 1264 ι
648 1226 811 1282 ardua
855 1229 908 1282 in
949 1229 1264 1284 Sublimibus
1311 1231 1708 1298 cacuminibus,
1762 1236 1885 1301 qui,

313 1314 549 1384 undique
579 1318 628 1372 ei
675 1317 898 1374 abscissi
930 1319 1162 1374 fluminis
1196 1322 1353 1376 Dova:
1377 1320 1404 1359 δ
1435 1323 1584 1377 alveo
1623 1324 1884 1391 vallante,

312 1406 618 1462 nullatenus
648 1412 1073 1466 commeantibus
1104 1414 1241 1466 viam
1275 1414 1478 1481 pandit,
1509 1415 1687 1484 ibique
1717 1433 1885 1486 usque

308 1497 376 1550 ad
401 1499 628 1554 mediam
656 1500 799 1556 diem
831 1512 1139 1570 exspectat,
1169 1504 1213 1557 si
1240 1505 1431 1573 aliquis
1463 1506 1563 1560 iter
1592 1507 1657 1560 ad
1701 1523 1884 1562 mona-

307 1591 530 1646 sterium
561 1594 861 1650 revertendi
893 1595 1192 1664 prohibeat.
1219 1597 1427 1651 Etcum
1462 1599 1638 1654 nullus
1669 1610 1882 1654 contra-

307 1687 421 1740 rius
439 1687 718 1755 existeret,
749 1688 865 1757 ipse
896 1705 992 1758 per
1017 1690 1246 1744 mediam
1289 1692 1474 1746 urbem
1521 1709 1643 1747 cum
1676 1695 1786 1748 suis
1814 1695 1882 1748 ad

303 1775 684 1833 monasterium
707 1779 1023 1850 regreditur.
1057 1781 1172 1846 Quo
1191 1781 1405 1847 audito,
1437 1783 1795 1838 Brunichilulis
1817 1800 1880 1840 ac

1999 596 2191 663 saepius
2243 606 2491 652 testatum
2537 614 2690 664 esse,
2740 602 2841 656 nisi
2881 603 2930 656 vi
2977 603 3415 672 abstraheretur,
3467 625 3569 663 non

1997 685 2376 742 discessurum.
2424 690 2500 744 llli
2541 692 2756 760 gemino
2796 693 2971 748 vallati
3020 697 3289 763 periculo,
3337 699 3569 765 undique

1998 789 2218 848 urgente
2260 781 2570 850 formidine,
2606 784 2820 853 pallium
2863 801 2967 855 quo
3008 787 3222 842 indutus
3249 799 3361 843 erat
3405 791 3568 844 attin-

1995 877 2157 935 gunt;
2187 869 2277 924 alii
2309 871 2531 940 genibus
2553 873 2816 942 provoluti
2848 890 2967 929 cum
2987 877 3237 947 laerymis
3257 891 3562 946 precantur,

1995 967 2053 1011 ut
2079 973 2174 1026 pro
2204 961 2333 1014 tanti
2373 962 2591 1017 sceleris
2620 963 2771 1032 culpa
2816 964 2920 1019 illis
2949 966 3283 1034 ignosceret,
3316 968 3404 1036 qui
3447 985 3556 1022 non

1993 1048 2103 1102 suis
2131 1048 2410 1105 desideriis
2429 1090 2446 1116 ,
2473 1052 2567 1106 sed
2597 1054 2755 1121 regiis
2788 1054 3224 1122 obtemperarent
3252 1059 3554 1125 prmeeptis.

1992 1136 2192 1193 Videris
2219 1139 2396 1210 itaque
2417 1142 2498 1195 vir
2524 1142 2619 1196 Dei
2648 1142 2942 1211 periculum
2970 1145 3105 1212 fore,
3133 1146 3176 1199 si
3209 1161 3319 1200 sua:
3345 1151 3551 1201 severi-

1993 1230 2084 1283 tati
2123 1230 2486 1299 satisfaceret,
2533 1247 2652 1287 cum
2697 1233 2843 1287 omni
2891 1235 3087 1303 ejulatu
3131 1247 3288 1306 atque
3328 1253 3557 1293 mmrore

1989 1320 2277 1388 egreditur,
2309 1322 2572 1390 deputatis
2599 1325 2931 1389 custodibus,
2958 1327 3044 1394 qui
3085 1341 3361 1395 quousque
3395 1329 3558 1382 ditio-

1991 1408 2071 1462 nis
2092 1423 2201 1463 suzn
2224 1426 2386 1478 regno
2409 1412 2707 1478 pelleretur,
2736 1428 2839 1466 non
2863 1429 2983 1467 eum
3009 1416 3391 1484 relinquerent.
3422 1418 3560 1472 Inter

1987 1513 2121 1567 quos
2155 1499 2356 1569 primus
2388 1502 2770 1571 Ragumundus
2801 1501 2819 1540 τ
2853 1514 2990 1566 erat,
3020 1507 3108 1575 qui
3137 1522 3258 1560 eum
3284 1507 3559 1564 Namnetis

1988 1604 2154 1658 usque
2186 1591 2456 1658 perduxit.
2485 1594 2677 1663 Sicque
2703 1610 2730 1646 a
2756 1611 2919 1664 regno
2943 1597 3260 1653 Theuderici
3283 1603 3555 1667 expulsus,

1986 1679 2178 1734 iterum
2225 1682 2537 1738 Hiberniam
2574 1684 2805 1739 insulam
2847 1688 3108 1754 repedare
3145 1690 3424 1756 diSposuit.
3451 1693 3556 1748 Sed

1987 1777 2042 1822 ut
2066 1779 2092 1816 κ
2118 1770 2248 1824 nulli
2280 1772 2490 1839 penitus
2513 1774 2613 1829 iter
2637 1774 2982 1844 gradiendum
3008 1778 3063 1831 fit
3082 1782 3432 1850 pontificium,
3455 1783 3556 1838 nisi

301 1865 698 1936 Theodericus,
746 1872 887 1940 quod
934 1872 1140 1928 scilicet
1181 1874 1250 1928 ab
1291 1875 1480 1929 exsilio
1529 1877 1862 1931 revertisset.

1985 1862 2246 1928 permissu
2270 1863 2563 1930 Altissimi;
2596 1865 2710 1934 ipse
2733 1881 2861 1921 vero
2895 1880 3111 1924 sanctus
3143 1869 3346 1926 italiam
3391 1891 3552 1942 expe-

301 1959 654 2017 atrocioribus
697 1962 790 2018 iraa
828 1963 1029 2026 aculeis
1056 1965 1423 2030 stimulantur,
1451 1966 1700 2036 jubentes
1742 1969 1873 2024 Ber-

298 2049 472 2108 thario
499 2053 682 2109 comiti
710 2054 970 2110 attentius
999 2055 1413 2125 perquirendum
1442 2056 1678 2112 virorum
1705 2068 1726 2096 ε
1750 2075 1871 2114 cum

297 2144 581 2213 praesidio,
630 2147 896 2217 simulque
940 2157 995 2203 et
1035 2147 1390 2216 Baudulfum,
1425 2165 1585 2218 quem
1628 2153 1874 2218 superius

295 2237 536 2292 dixeram
558 2277 574 2304 ,
606 2238 962 2294 destinarant.
1004 2238 1122 2306 Quo
1160 2253 1282 2293 cum
1325 2239 1631 2307 venissent,
1657 2241 1870 2299 beatum

298 2325 690 2383 Columbanum
738 2328 793 2385 in
833 2329 1057 2385 ecclesia
1105 2328 1337 2399 positum
1363 2371 1378 2396 ,
1432 2330 1719 2399 psallentio
1745 2330 1772 2370 ἀ
1809 2348 1886 2401 ac

293 2416 522 2473 orationi
551 2417 791 2474 deditum
822 2435 945 2474 cum
974 2420 1121 2474 omni
1151 2420 1570 2491 congregatione
1608 2422 1832 2478 fratrum
1851 2466 1867 2492 ,

299 2509 604 2580 reperiunt;
634 2511 820 2582 sicque
847 2511 1022 2567 virum
1048 2513 1142 2568 Dei
1164 2513 1505 2590 alloquuntur
1536 2534 1548 2568 :
1583 2515 1869 2573 Precamur

294 2611 353 2657 ut
379 2610 404 2638 ο
435 2611 544 2657 tam
574 2603 738 2672 regiis
764 2618 923 2673 quam
954 2605 1115 2659 etiam
1147 2605 1344 2660 nostris
1381 2605 1598 2660 obedias
1658 2617 1867 2676 praece-

288 2693 428 2764 ptis,
458 2703 814 2764 egressusque
835 2708 903 2750 eo
932 2695 1125 2751 itinere
1153 2711 1260 2765 quo
1297 2697 1527 2765 primum
1560 2697 1644 2753 his
1669 2704 1866 2754 adven-

289 2784 415 2847 ιδειί
445 2785 497 2840 in
523 2786 688 2857 616
720 2786 872 2841 locis.
906 2785 974 2841 At
1003 2785 1132 2842 ille:
1162 2786 1276 2841 Non
1300 2788 1442 2843 enim
1465 2829 1480 2853 ,
1511 2788 1711 2858 inquit,
1745 2805 1866 2846 reor

287 2874 506 2941 placere
542 2873 819 2930 Conditori
846 2873 913 2929 ad
950 2875 1118 2931 semel
1157 2875 1334 2931 natale
1374 2878 1545 2931 solum
1578 2876 1646 2932 ob
1667 2877 1863 2932 Christi

287 2965 534 3034 timorem
565 2965 806 3022 relictum
837 2965 1014 3022 denuo
1045 2967 1328 3035 repedare.
1355 2969 1596 3038 Cumque
1635 2971 1863 3026 nullate-

287 3072 390 3112 nus
433 3067 718 3113 cernerent
744 3058 848 3114 sibi
881 3058 1052 3114 virum
1083 3058 1176 3114 Dei
1204 3059 1491 3126 obaudire,
1520 3061 1721 3117 relictis
1752 3063 1864 3131 qui-

285 3145 508 3204 busdam
531 3188 545 3213 ,
571 3148 767 3218 quibus
802 3150 1053 3205 ferocitas
1091 3152 1256 3206 animi
1285 3150 1476 3206 fortior
1503 3152 1703 3220 inerat,
1733 3153 1862 3207 Ber-

1979 1958 2097 2005 tens
2120 1991 2136 2018 ,
2194 1956 2575 2008 monasterium
2625 1956 2678 2009 in
2732 1956 2878 2020 loco,
2915 1959 3129 2014 nomine
3159 1961 3323 2015 Dubio
3346 1960 3398 2030 ιι,
3422 1965 3545 2019 illuc

1975 2051 2293 2097 construens
2317 2053 2517 2099 sauctze
2541 2046 2987 2114 conversationis,
3016 2049 3206 2105 olenus
3227 2053 3435 2108 dierum
3457 2056 3553 2109 mi-

1975 2141 2090 2202 grat
2118 2134 2183 2187 ad
2208 2133 2472 2189 Christum
2500 2133 2544 2190 ί.

2045 2233 2142 2287 ΑΝ.
2176 2235 2657 2290 ncx.—XXXVII.
2689 2236 2843 2292 Anno
2875 2239 2982 2294 151
3020 2241 3168 2308 regni
3196 2241 3544 2309 Theuderici,

1971 2337 2090 2378 cum
2122 2325 2464 2381 Alesaciones
2491 2323 2515 2364 ι
2538 2369 2553 2394 ,
2587 2327 2674 2380 ubi
2707 2327 2879 2382 fuerat
2927 2331 3224 2395 enutritus,
3275 2349 3543 2404 praecepto

1973 2414 2137 2484 patris
2175 2417 2255 2469 sui
2301 2415 2626 2471 Childeberti
2668 2417 2913 2483 tenebat,
2953 2433 2984 2472 a
3017 2419 3390 2476 Theudeberio
3439 2427 3542 2478 tittt

1970 2505 2198 2560 barbaro
2225 2507 2384 2577 617
2413 2509 2744 2576 pervaditur.
2780 2509 2930 2564 Unde
2980 2511 3230 2580 placitum
3274 2516 3410 2570 inter
3449 2517 3545 2572 hos

1968 2597 2102 2652 duos
2125 2613 2296 2666 reges,
2323 2609 2379 2652 ut
2409 2599 2730 2654 Francorum
2751 2599 2953 2670 judicio
2978 2603 3242 2670 finiretur,
3263 2604 3540 2675 Saloissa_l

1967 2698 2146 2744 castro
2177 2691 2474 2744 instituunt.
2510 2691 3079 2760 lbiqueTheudericus
3124 2709 3242 2748 cum
3269 2699 3476 2752 scaritis
3497 2709 3536 2736 σι

1978 2788 2181 2833 tantum
2209 2781 2393 2834 decem
2428 2781 2665 2836 millibus
2695 2783 2939 2836 accessit.
2973 2783 3378 2839 'l‘heudebertus
3417 2805 3540 2842 vero

1967 2887 2087 2926 cum
2112 2889 2305 2942 magno
2327 2872 2977 2928 exercituAustrasiorum
3007 2875 3133 2928 inibi
3162 2877 3400 2943 praelium
3433 2881 3542 2933 vel-

1967 2964 2081 3019 lens
2102 2965 2437 3019 committere
2459 2964 2780 3032 aggreditur,
2803 2965 2941 3034 quod
2967 2981 3086 3018 cum
3112 2968 3344 3037 untdique
3369 2968 3547 3023 'l‘heu-

1965 3056 2177 3110 dericus
2203 3057 2270 3110 ab
2291 3058 2528 3111 exercitu
2552 3055 2908 3110 Theudeberti
2938 3056 3378 3124 circumdaretur,
3417 3077 3544 3115 coa-

1969 3159 2086 3203 ctus
2100 3157 2258 3218 atque
2273 3148 2580 3215 compulsus
2600 3147 2986 3214 Theodericus,
3004 3151 3193 3204 timore
3208 3154 3541 3219 perterritus,

285 3238 491 3294 tharius
518 3239 799 3296 abscessit.
823 3242 888 3296 Hi
909 3254 1039 3298 vero
1068 3243 1158 3313 qui
1179 3253 1548 3300 remanserant
1569 3243 1739 3299 virum
1767 3246 1862 3302 Dei
1889 3225 1935 3287 (ἶ
1972 3256 2068 3310 per
2097 3241 2355 3311 pactionis
2385 3241 2654 3294 vinculum
2691 3240 2930 3294 Alsacios
2960 3241 3024 3293 ad
3068 3253 3268 3308 partem
3299 3243 3544 3298 Theuda-

284 3328 566 3386 hortantur
584 3341 645 3387 ut
672 3331 776 3388 illis
803 3333 1144 3401 misereatur,
1167 3336 1258 3405 qui
1279 3335 1344 3390 ad
1369 3336 1473 3390 tale
1494 3350 1627 3405 opus
1649 3347 1865 3406 patran-

283 3423 412 3479 dum
441 3423 727 3480 infeliciter
772 3423 984 3480 fuerant
1022 3426 1194 3483 relicti
1221 3465 1238 3491 ,
1282 3440 1577 3495 eorumque
1630 3429 1865 3495 periculo

283 3514 624 3583 consuleret;
653 3516 814 3586 quisi
841 3531 963 3573 eum
992 3517 1256 3574 violenter
1299 3532 1404 3574 non
1454 3518 1828 3577 abstraherent

347 3655 379 3725 ξ
414 3651 614 3725 chsn.
636 3661 692 3725 et
724 3653 934 3719 caeteri,
962 3661 1327 3725 prorumpunt.

356 3719 386 3761 ι’
420 3721 561 3778 Edit‘i
600 3723 840 3792 plerique
866 3719 987 3780 cum
1018 3719 1193 3790 Colb.,
1237 3723 1409 3777 Deme.
1445 3723 1603 3788 Bob.,
1650 3723 1854 3792 Deviaz,

283 3793 474 3865 [reita
500 3794 680 3865 Denite
700 3836 714 3860 ,
745 3793 850 3849 Ch.
874 3794 973 3856 al.,
1002 3794 1178 3847 Duvii.
1213 3794 1304 3847 Est
1339 3794 1500 3848 Dubis
1546 3793 1737 3865 fluvius
1775 3798 1858 3865 (le

283 3861 487 3935 naut.)
511 3864 606 3935 qui
639 3862 1014 3921 Vesontionem
1033 3865 1399 3933 Sequanorum
1415 3864 1754 3934 metropolim
1779 3861 1858 3920 al-

283 3933 564 4078 ιωξςοιι).
596 4015 652 4064 et
680 4006 922 4078 plerique
939 4004 1002 4059 ed
1015 4045 1052 4078 ._,
1073 4005 1279 4078 virum”
1293 4044 1305 4056 .
1327 4005 1560 4078 superius
1575 4006 1853 4078 direxerat.

350 4074 378 4112 α
412 4074 713 4142 Psalleutio,
735 4078 786 4132 id
808 4074 908 4143 est,
937 4083 997 4129 ut
1022 4075 1182 4129 hodie
1209 4075 1496 4143 loquimur,
1525 4076 1852 4144 psalinodize.

283 4147 435 4203 Unde
465 4163 568 4202 non
601 4157 745 4204 recte
771 4147 1124 4204 emendarunt
1148 4148 1237 4216 qui
1268 4161 1493 4214 posuere
1534 4147 1854 4216 psallentem.

359 4218 384 4249 °
414 4218 549 4273 Editi
581 4219 843 4288 plerique,
869 4226 923 4269 ut
945 4234 1047 4270 non
1072 4225 1174 4288 tam
1197 4217 1371 4288 regiis.

357 4288 377 4328 ί
413 4289 468 4342 In
503 4286 619 4344 Vita
649 4286 822 4345 sancti
849 4286 1167 4343 Columbani
1188 4329 1203 4353 ,
1238 4287 1633 4358 liagamundus.
1665 4287 1852 4356 Freh.,

281 4359 694 4427 Iiaguimundus.

351 4439 378 4476 ε
409 4429 561 4484 Colb.
600 4431 695 4484 alt.
739 4444 899 4484 manu
947 4428 1023 4481 sic
1052 4427 1246 4481 habet:
1277 4427 1382 4482 Sed
1425 4426 1720 4480 admonitus
1764 4444 1854 4495 per

1972 3333 2108 3386 herti
2140 3332 2392 3397 firmavit;
2424 3331 2584 3386 etiam
2611 3339 2664 3385 et
2691 3331 3086 3400 Suggentenses
3112 3343 3163 3387 et
3195 3331 3462 3388 Turenses
3491 3346 3546 3389 et

1969 3422 2367 3490 Campanenses
2411 3430 2475 3485 η,
2517 3428 2650 3490 qlios
2693 3422 2889 3489 smpius
2947 3423 3252 3490 repetebat,
3302 3424 3545 3494 idemque

1968 3515 2212 3569 amisisse
2236 3514 2379 3567 visus
2409 3521 2512 3567 est.
2545 3514 2840 3583 Regressus
2870 3519 3094 3582 uterque
3122 3513 3186 3568 ad
3220 3514 3380 3569 sedes
3406 3530 3534 3583 pro-

1969 3647 2061 3702 tris
2083 3649 2153 3701 tui
2179 3656 2468 3717 procreatus
2489 3655 2580 3700 est.
2617 3645 2712 3699 His
2741 3648 2910 3715 itaque
2940 3663 3000 3699 ne
3029 3647 3213 3700 talibus
3234 3647 3539 3701 incitationi-

1962 3719 2063 3789 bus
2081 3726 2335 3786 utcunque
2349 3718 2584 3789 percitus,
2605 3717 2750 3785 coepit
2763 3718 2891 3771 alter
2915 3719 2967 3769 in
2983 3717 3199 3770 alterum
3211 3733 3537 3789 consurgere.

1967 3787 2120 3851 Vide,
2147 3802 2326 3855 supra,
2351 3786 2477 3854 cap.
2505 3786 2596 3838 27.

2037 3862 2050 3907 l
2089 3858 2177 3912 Sic
2207 3872 2336 3910 mss.
2366 3867 2421 3910 et
2450 3856 2631 3920 Freh.;
2657 3864 2712 3909 at
2739 3855 2881 3922 Col.,
2911 3856 3085 3924 Bign.,
3111 3855 3229 3908 Bar.
3260 3867 3313 3911 et
3344 3857 3536 3913 ltoch..

1962 3930 2239 3989 mendose.
2262 3943 2396 3980 anno
2427 3925 2511 3980 12.
2534 3927 2634 3981 Ch.
2657 3943 2852 3979 annum
2886 3943 2990 3979 non
3020 3926 3291 3990 eXpriuiit.

2036 3998 2059 4035 ¹ί
2094 3998 2150 4053 ld
2180 4007 2261 4052 est
2290 3998 2559 4050 Elisatiam
2587 4036 2600 4053 .
2633 4012 2728 4049 seu
2761 3998 3046 4058 Alsatiam,
3076 3996 3400 4060 provinciam
3433 4013 3531 4049 no-

1964 4070 2243 4129 tissimam,
2271 4069 2358 4121 ubi
2393 4066 2530 4133 apud
2554 4067 2879 4134 Marilegium
2907 4067 3131 4119 nutritus
3163 4065 3331 4134 fuerat
3356 4066 3534 4119 'l'lieu-

1961 4139 2203 4201 dericus,
2256 4138 2329 4190 uti
2383 4136 2546 4190 refert
2596 4133 2886 4204 Gregorius
2931 4133 3279 4189 Turniiensis.
3316 4136 3389 4188 Ex
3433 4139 3535 4189 hoc

1961 4219 2140 4264 autem
2173 4209 2288 4262 loco
2323 4207 2402 4282 vir
2422 4207 2493 4260 cl.
2517 4206 2816 4282 Obrechtus
2836 4207 2893 4282 _iu
2919 4206 3212 4282 Prodromo
3241 4220 3420 4282 rerum
3444 4207 3534 4282 Al-

1964 4281 2246 4334 saticarum
2272 4278 2462 4330 merito
2479 4292 2672 4331 .eorum
2704 4275 3010 4344 opinionem
3043 4275 3246 4342 rejicit,
3283 4277 3368 4340 qui
3401 4277 3530 4329 scri-

1964 4364 2115 4417 psere
2160 4348 2398 4402 Alisatim
2450 4363 2641 4400 nomen
2691 4356 2816 4401 ante
2859 4346 3113 4400 saeculum
3147 4359 3238 4397 vut
3273 4361 3530 4416 nusquam

1961 4420 2098 4487 apud
2126 4431 2369 4470 aui-tores
2404 4417 2646 4486 reperiri.

279 4500 511 4569 spiritum
547 4500 681 4569 quod
715 4499 868 4554 semel
915 4498 1185 4560 reliquerat
1248 4514 1310 4550 ne
1357 4499 1539 4550 iterum
1576 4484 1848 4565 repeteret,
1881 4529 1932 4587 Β
2103 4488 2288 4568 Mirum
2321 4497 2401 4539 est
2443 4484 2607 4569 quam
2657 4486 2818 4567 variis
2857 4485 3026 4538 mollis
3078 4484 3333 4564 δοτίβῑιξηι
3377 4484 3534 4566 ille!“

279 4586 505 4610 nroseum
532 4580 664 4610 rplrn
692 4581 982 4610 rnlnrnnpns
1017 4566 1223 4610 Italiam
1252 4566 1462 4610 ρτηιιὶι,
1957 4558 2116 4610 hums
2147 4560 2247 4610 lom
2282 4571 2498 4610 nomen.
2523 4573 2608 4610 om
2638 4567 2772 4610 SIIUS
2795 4567 2869 4608 est
2903 4556 2966 4608 ad
3000 4555 3240 4608 Rhenum
3270 4564 3405 4608 tuter
3427 4556 3528 4607 'la-

277 4566 507 4638 gressum
532 4566 664 4624 retro
692 4581 982 4638 retorquens
1013 4566 1223 4638 Italiam
1252 4566 1462 4638 expetit.

352 4638 380 4675 δ
411 4641 582 4695 Situm
605 4649 687 4695 est
717 4633 936 4694 Bobium
966 4639 1017 4690 in
1050 4636 1185 4689 valle
1223 4633 1635 4703 profundissima
1666 4634 1716 4689 in
1748 4635 1843 4689 Al-

279 4709 433 4777 pibus
457 4709 644 4765 Cottiis
671 4710 736 4764 ad
765 4709 1038 4763 nus-iclum
1064 4704 1440 4777 cognominem
1459 4745 1472 4770 ,
1498 4704 1635 4758 haud
1663 4706 1847 4777 procul

276 4774 306 4833 ιι
333 4780 549 4837 flumine
573 4780 761 4836 Trebia
789 4791 844 4834 et
869 4775 1172 4846 Apenniuo.
1203 4774 1382 4846 Crevit
1413 4777 1462 4828 in
1497 4777 1704 4838 urbem,
1736 4775 1845 4841 epi-

277 4852 476 4918 scopali
525 4855 653 4907 sede
695 4845 947 4903 donatam
977 4860 1132 4918 anno
1182 4845 1338 4918 1014.
1375 4847 1630 4918 Superest
1669 4855 1845 4899 tamen

277 4915 452 4975 adhuc
492 4920 900 4982 monasterium,
952 4917 1076 4971 licet
1120 4915 1401 4985 exiguum,
1451 4915 1552 4970 sub
1592 4931 1843 4985 congreg.

277 4990 576 5057 Casinensi.
605 4991 680 5044 De
703 5005 806 5057 quo
835 4991 983 5056 plura
1010 4986 1205 5041 videsis
1236 4987 1285 5040 in
1312 4987 1503 5042 Itinere
1538 4987 1714 5040 Italico
1737 4987 1845 5038 Ma-

287 5056 597 5134 §illoniano,
631 5056 752 5134 pag.
773 5059 900 5134 ἓίξ.
929 5058 1072 5134 ()blit
1108 5057 1843 5134 s_a_nctus_Columbauusnan.

276 5125 415 5200 615,
448 5129 598 5200 cujus
627 5125 820 5184 festum
854 5130 994 5184 Beda
1025 5138 1077 5183 et
1110 5129 1518 5200 Wauilelhertus
1541 5143 1588 5179 χι
1611 5170 1628 5200 ,
1667 5125 1753 5200 alii
1792 5141 1845 5178 ιι

276 5199 384 5254 kal.
412 5196 720 5256 Decembris
739 5202 1072 5270 consignant.
1093 5200 1226 5253 Eum
1247 5199 1439 5270 ifaulus
1459 5196 1601 5250 Diae.
1619 5198 1668 5250 in
1693 5196 1840 5250 Gest.

275 5271 539 5341 Langob.,
570 5271 847 5327 Aimoinus
870 5267 924 5326 et
951 5271 1130 5341 caeteri
1162 5267 1395 5322 laudant.

353 5335 464 5397 ίῙῐι
494 5335 649 5416 Colb.
671 5342 861 5406 altera,
890 5341 986 5397 sed
1015 5340 1226 5416 antiqua
1258 5352 1448 5401 manu,
1483 5338 1595 5390 brae
1625 5335 1691 5388 ad
1716 5349 1846 5416 mar:

274 5413 451 5480 ginem
497 5413 675 5469 addita
713 5423 876 5474 sunt,
909 5427 1028 5481 quze
1066 5410 1313 5481 videntur
1347 5423 1413 5481 ex
1446 5421 1714 5481 anonymo
1753 5410 1843 5481 qui

276 5477 438 5538 Gesta
469 5482 792 5539 Francorum
830 5477 1044 5548 scripsit
1081 5480 1180 5532 sub
1207 5477 1542 5531 Theoderico
1586 5490 1710 5541 rege
1749 5477 1846 5528 de-

274 5563 483 5622 sumpta
506 5568 568 5607 ex
595 5568 713 5622 cap.
737 5552 806 5607 58
829 5570 842 5604 :
875 5547 1222 5622 Brunirhildis
1250 5562 1367 5622 vero
1404 5547 1580 5622 regina
1616 5561 1714 5597 non
1743 5560 1844 5596 ces-

278 5618 420 5694 sabat
449 5618 675 5692 quotidie
701 5621 1302 5694 Theudericuinmtortere
1330 5618 1534 5668 dicens:
1561 5621 1842 5694 Querens-

273 5687 530 5762 gligis,'et
555 5707 713 5759 quare
752 5708 856 5745 non
892 5687 1444 5762 requiris‘thesaurum
1484 5687 1643 5762 patris
1674 5687 1748 5735 tui
1785 5697 1844 5734 ac

275 5757 488 5829 reg'num
510 5757 621 5829 ejus
645 5761 710 5812 de
735 5777 888 5812 manu
910 5757 1402 5829 Theudeberti,_cuu_t
1425 5757 1557 5808 scias
1593 5770 1709 5829 eum
1739 5768 1841 5805 non

279 5826 382 5885 esie
411 5826 616 5884 fratrem
643 5838 803 5883 tuum.
831 5829 899 5883 In
928 5829 1180 5883 adulteria
1201 5827 1333 5881 enim
1358 5827 1419 5879 de
1449 5826 1730 5881 concubina
1755 5841 1839 5895 pa-

2028 4559 2116 4627 jus
2147 4558 2247 4611 loci
2282 4571 2498 4620 nomen,
2523 4560 2608 4623 qui
2638 4557 2772 4627 situs
2795 4567 2869 4608 est
2903 4556 2977 4627 ad
3000 4555 3240 4627 Rhenum
3262 4556 3405 4627 inter
3424 4556 3528 4627 :lja-

1955 4615 2145 4682 beruas
2175 4638 2227 4680 et
2255 4615 2656 4693 Brocomag'um,
2689 4626 2863 4680 dictus
2895 4626 3051 4693 vulgo
3073 4625 3232 4678 Seltz.
3261 4615 3391 4680 Vide
3422 4625 3529 4679 No-

1953 4699 2119 4750 titiam
2145 4697 2336 4750 Valesii
2361 4696 2424 4749 ad
2455 4711 2637 4749 vocem
2669 4695 2895 4749 Saletio.

2021 4778 2059 4804 ιιι
2091 4768 2215 4821 Mss.
2235 4811 2248 4831 ,
2279 4776 2565 4835 utrumque.
2604 4766 2768 4820 Porro
2801 4766 3114 4819 scaritorum
3147 4765 3360 4817 nomine
3391 4764 3530 4816 mili-

1951 4848 2029 4892 tes
2052 4837 2318 4906 designari
2345 4847 2494 4903 puto,
2523 4839 2600 4890 sic
2626 4852 2654 4888 a
2685 4851 2832 4889 scara
2875 4835 3066 4902 dictos,
3096 4850 3197 4906 qua
3227 4848 3356 4906 voce
3389 4835 3528 4906 mili-

1951 4918 2064 4960 tum
2096 4903 2321 4969 cuueus,
2347 4907 2460 4959 sive
2499 4907 2810 4959 bellatorum
2843 4907 2985 4959 acies
3026 4903 3358 4969 exprimitur.
3392 4903 3526 4956 Hine

1950 4994 2047 5030 vox
2075 4987 2257 5030 nostra
2287 4976 2472 5043 gallica
2503 4976 2856 5028 escarmouche
2898 4975 3166 5041 proﬂuxit.
3203 4974 3335 5028 Vide
3371 4975 3523 5028 Alte-

1947 5063 2149 5102 serram
2180 5048 2230 5099 in
2257 5047 2397 5100 hunc
2418 5047 2612 5106 locum.
2643 5057 2695 5100 et
2717 5046 2898 5114 Cangii
2923 5044 3275 5099 Glossarium.

2018 5128 2043 5154 ³
2069 5119 2187 5172 Jam
2210 5131 2366 5182 supra
2397 5116 2648 5182 diximus,
2670 5117 2734 5168 ad
2762 5129 2918 5182 caput
2939 5115 3033 5181 55,
3063 5116 3128 5170 de
3150 5115 3402 5168 comitatu
3426 5131 3524 5168 uu-

1946 5189 2199 5258 gintensi,
2242 5186 2400 5258 vulgo
2443 5186 2713 5258 Suntguw.
2761 5186 3030 5258 Turensisg
3074 5201 3222 5258 vero,
3251 5200 3408 5251 quem
3442 5186 3522 5235 in-

1946 5254 2101 5312 caute
2139 5254 2420 5311 Aimoiuus
2441 5254 2808 5311 Turoiiensem
2861 5256 3110 5324 appellat,
3138 5255 3349 5307 videtur
3396 5268 3520 5306 esse

1946 5329 1995 5382 le
2022 5328 2263 5397 Turgaw,
2296 5341 2458 5393 pagus
2493 5327 2853 5379 Helvetiorum
2886 5323 3025 5379 inter
3085 5339 3272 5397 pagum
3303 5323 3518 5390 Tiguri-

1948 5415 2070 5452 num
2101 5396 2155 5452 et
2185 5401 2354 5450 lacum
2375 5397 2857 5450 Constantiensv-ni.
2883 5396 3267 5460 Campauensis
3300 5409 3520 5446 nomine

1947 5467 2032 5521 hic
2070 5467 2333 5536 designari
2361 5474 2510 5535 putat
2536 5466 2773 5520 Coiutius
2795 5482 2908 5519 eam
2947 5465 3260 5536 Campania
3311 5472 3518 5536 p.ir_tem

1945 5553 2064 5606 quae
2095 5532 2650 5605 est'cirea'Sequauze
2695 5538 2858 5605 ripas,
2898 5551 3057 5600 supra
3088 5532 3359 5601 infraque
3383 5532 3521 5584 Τπ-θα.

1943 5623 2126 5660 carmn
2173 5609 2380 5670 urbem,
2434 5622 2588 5674 quam
2642 5618 2796 5660 antea
2841 5606 3206 5659 Guntranmus
3249 5611 3514 5657 tenuerat.

1949 5677 2141 5731 Verum
2175 5689 2335 5744 pagus
2363 5673 2795 5729 liic’metnoratus
2831 5677 2980 5746 haunt
3021 5675 3202 5741 procul
3235 5690 3294 5746 ag
3315 5673 3516 5746 Sugin-

1947 5749 2079 5802 tensi
2111 5743 2412 5799 et’l‘irrensi
2439 5746 2644 5799 videtur
2668 5748 2918 5801 abfuisse.
2945 5744 3024 5797 (2h
3074 5747 3145 5798 al.
3175 5752 3231 5798 et
3259 5743 3417 5797 Freh.
3444 5745 3510 5796 al.

1949 5820 2142 5874 habent
2176 5816 2584 5886 Campitutenses.
