3982 6346
268 349 372 402 (‘29

1701 345 2119 404 CIIil'ONltZUM.

3435 351 3542 410 630

269 463 429 530 mas.
466 457 560 513 llis
589 457 772 514 diebus
799 465 854 514 et
889 457 1168 514 Alamanni
1201 459 1254 514 in
1285 475 1420 529 pago
1447 461 1790 516 Aventiccnsi
1823 473 1845 497 ιι
1882 468 1924 520 Λ
1956 474 2164 528 οιιοτιρι
2215 463 2371 531 hujus
2416 464 2490 517 rei
2540 478 2753 519 causam
2803 474 3074 535 expetere.
3112 465 3325 521 Rustica
3366 468 3541 525 fabula

270 554 414 606 Ultra
430 552 656 606 -Jurano
693 551 962 607 hostiliter
990 552 1216 622 ingressi
1260 561 1414 620 sunt,
1449 555 1728 623 ipsumque
1761 571 1855 622 pa-

264 660 389 713 gum
439 645 744 712 pratdantes
768 685 784 707 .
834 644 1128 700 Abbeliuus
1162 654 1217 700 et
1258 645 1523 715 Ilerpinus
1555 645 1582 684 ι’
1630 649 1856 702 comites

263 754 386 792 cum
418 740 630 802 caeteris
658 740 726 794 de
758 740 875 808 ipso
907 755 1046 812 pago
1094 741 1382 795 comitibus
1433 756 1553 796 cum
1609 740 1853 797 exercitui

268 838 497 898 pergunt
525 830 738 884 obviam
767 831 1100 887 Alamannis.
1137 832 1372 902 Uterque
1403 834 1680 902 phalangae
1710 849 1856 888 wan-

268 934 361 987 gas
391 930 414 958 ε
440 920 669 990 jungunt
693 921 758 975 ad
793 921 1071 990 praelium;
1103 924 1381 978 Alamanni
1414 924 1852 980 Trans-Iuranos

265 1023 542 1078 superant,
575 1013 880 1082 pluritatem
909 1029 1095 1069 eorum
1127 1015 1301 1085 gladio
1329 1017 1616 1084 trucidant,
1650 1028 1704 1072 et
1732 1034 1854 1086 pro-

265 1109 546 1167 sternunt;
597 1102 882 1158 maximam
927 1117 1135 1174 partem
1181 1107 1435 1162 territorii
1476 1109 1853 1166 Aventicensis

266 1192 518 1247 incendio
537 1203 913 1260 concremant;
936 1195 1290 1264 plurimorum
1311 1199 1538 1253 nimium
1572 1200 1850 1253 hominum

266 1286 663 1340 multitudinem
704 1287 902 1343 exinde
932 1287 986 1343 in
1038 1287 1398 1358 captivitatem
1439 1292 1734 1357 duxerunt;
1769 1309 1855 1347 re-

265 1378 515 1447 versique
544 1393 663 1432 cum
691 1380 868 1448 praeda
898 1381 1205 1450 perguntad
1236 1385 1469 1451 pr0pria.
1488 1383 1854 1438 Theodericus

266 1468 336 1521 ob
365 1470 461 1520 has
503 1467 724 1538 injurias
759 1468 1018 1539 deinceps
1063 1472 1271 1541 integra
1319 1472 1636 1529 assiduitate
1667 1475 1851 1529 consi-

266 1559 395 1612 lium
427 1559 648 1626 iniebat,
676 1575 781 1630 quo
801 1571 958 1631 pacto
984 1562 1420 1618 Theudebertum
1456 1565 1721 1633 potuisset
1751 1581 1851 1634 op-

267 1651 521 1720 primere.
555 1652 633 1707 Eo
657 1669 800 1709 anno
828 1654 1128 1710 Bilichildis
1157 1653 1180 1692 «³
1216 1671 1246 1710 a
1271 1656 1650 1712 Theodeberto
1687 1657 1853 1712 inter-

271 1743 467 1796 tlt-itur.
511 1743 917 1800 Theudehertus
946 1746 1215 1816 puellam,
1243 1749 1463 1804 nomine
1505 1748 1852 1804 Theudichil-

268 1834 414 1897 dem,
441 1836 637 1904 accipit
665 1852 910 1893 uxorem.

338 1925 440 1978 AN.
472 1940 611 1980 δοκι.
645 1957 716 1966 -
744 1929 899 1984 Anno
932 1928 1001 1982 l6
1034 1939 1059 1968 ο
1089 1929 1432 1996 Theuderici,
1487 1931 1853 1988 Theodericus

267 2014 592 2084 legationem
617 2018 682 2073 ad
705 2018 1073 2075 Chlotltarium
1090 2021 1307 2089 direxit,
1336 2024 1501 2094 618
1529 2023 1771 2080 indicans
1795 2040 1854 2081 se

265 2119 454 2164 eotttra
483 2110 934 2178 Theudehertum,
960 2127 1027 2169 eo
1055 2114 1194 2183 quod
1212 2114 1376 2170 frater
1403 2131 1532 2170 suos
1557 2133 1660 2171 non
1685 2127 1850 2184 esset,

268 2198 540 2257 hostiliter
561 2204 704 2261 velle
729 2204 1042 2276 aggredere,
1076 2204 1122 2260 si
1171 2205 1515 2261 Chlotharius
1559 2207 1610 2260 in
1662 2207 1854 2263 solatio

268 2291 633 2349 Theudeberti
660 2310 766 2350 non
799 2304 978 2360 esset;
1019 2294 1271 2349 ducatum
1323 2296 1584 2351 Dentelini
1618 2294 1663 2361 ί,
1694 2312 1852 2367 quem

271 2393 461 2438 contra
511 2384 948 2444 Theudebertum
995 2399 1331 2455 cassaverat,
1393 2391 1436 2445 si
1492 2391 1854 2446 Theodericus

268 2474 704 2532 Theudebertum
742 2489 1036 2549 superaret,
1079 2479 1423 2537 Chlotharius
1457 2497 1615 2551 supra
1645 2497 1851 2538 memo-

265 2580 442 2624 ratum
468 2572 730 2626 Dentelini
757 2572 1007 2628 ducatum
1057 2575 1108 2629 in
1158 2589 1311 2629 suam
1352 2575 1609 2630 ditionem
1642 2576 1850 2644 recipe-

267 2671 370 2716 ret.
404 2662 511 2718 llac
547 2666 917 2720 convenientia
965 2681 993 2720 a
1018 2667 1357 2722 Theoderico
1407 2675 1462 2721 ct
1506 2666 1846 2732 Chlothario,

267 2754 459 2824 legatis
488 2755 992 2824 intercurrentibus,
1023 2757 1252 2816 ﬁrmata.
1287 2759 1653 2814 Theodericus
1675 2768 1854 2814 movet

264 2848 584 2902 exercitum.

341 2938 444 2992 AN.
473 2953 636 2993 nexu.
669 2968 739 2980 —
767 2939 1052 2998 XXXVIII.
1097 2941 1253 2998 Anno
1299 2943 1360 2998 I7
1401 2941 1723 2998 Theoderici
1770 2957 1855 2998 re-

265 3029 372 3098 gis,
396 3027 663 3100 Lingonas
691 3031 759 3087 de
790 3033 1054 3090 universis
1080 3036 1227 3105 regni
1257 3035 1336 3090 sui
1358 3035 1647 3105 provinciis
1669 3049 1854 3092 mense

265 3120 440 3175 Madio
490 3124 762 3179 exercitus
798 3127 1098 3194 adunatur,
1147 3128 1491 3199 dirigensquc
1533 3144 1626 3199 per
1675 3130 1854 3186 Ande-

267 3211 414 3266 laum
447 3221 494 3278 ε,
520 3213 684 3269 Nasio
721 3227 899 3271 castro
951 3227 1127 3287 capto,
1161 3218 1375 3274 Tullum
1405 3219 1685 3276 ‘civitatem
1732 3236 1852 3290 per-

266 3304 430 3358 rexit.
461 3305 643 3376 Ibique
669 3306 1076 3364 Theudebertus
1100 3325 1221 3366 cum
1264 3312 1664 3366 Austrasiorum
1691 3327 1851 3367 exer-

264 3395 373 3449 citu
395 3394 607 3450 obviam
635 3412 882 3467 pergens,
911 3399 963 3454 in
986 3400 1222 3456 Tullensi
1252 3402 1527 3472 campania
1562 3402 1853 3472 conﬂigunt

265 3485 584 3542 certamine.
608 3487 976 3546 Theodericus
992 3501 1210 3561 superat
1233 3493 1693 3557 Theudebertum,
1707 3492 1852 3563 ejus-

267 3593 374 3648 que
399 3580 694 3636 exercitum
725 3585 1039 3652 prosternit.
1070 3585 1218 3641 Caesa
1265 3596 1350 3642 est
1392 3587 1458 3642 de
1488 3589 1728 3643 exercitu
1757 3602 1850 3644 eo-

271 3670 397 3725 dem
429 3673 618 3741 prtelio
648 3675 810 3730 nimia
836 3677 1116 3734 multitudo
1137 3677 1373 3734 virorum
1404 3679 1642 3736 fortium.
1673 3681 1850 3736 Theu-

264 3761 523 3818 debertus
579 3774 728 3836 terga
775 3778 994 3823 vertens
1049 3783 1146 3838 per
1198 3770 1525 3825 territorium
1589 3771 1849 3828 Mettense

264 3853 512 3920 veniens,
547 3858 771 3924 transito
814 3859 1045 3932 Vosago,
1065 3860 1341 3918 Coloniam
1371 3864 1628 3932 lugaciter
1658 3879 1846 3933 perve-

263 3945 367 4000 nit.
390 3946 756 4006 Theudericus
775 3960 896 4021 post
908 3962 1113 4023 tergum
1136 3968 1258 4008 cum
1286 3954 1845 4024 exercituinsequens,

264 4035 454 4093 beatus
474 4047 527 4093 et
557 4040 879 4110 apostolicus
900 4041 980 4097 vir
999 4042 1280 4098 Leonislus
1296 4041 1347 4110 ιι,
1372 4045 1738 4112 Magancensis
1760 4060 1848 4099 ur-

265 4129 350 4184 bis
392 4129 712 4200 episcopus,
760 4132 985 4203 diligens
1040 4135 1328 4189 utilitatem
1377 4135 1737 4205 Theoderici,
1791 4145 1847 4192 et

263 4221 454 4277 odiens
483 4222 763 4278 stultitiam
799 4223 1183 4290 Theudeberti,
1213 4226 1278 4280 ad
1327 4225 1720 4282 Theodericum
1751 4243 1845 4283 ve-

263 4316 419 4368 niens
449 4313 582 4369 dixit
613 4330 628 4368 :
660 4315 812 4381 Quod
837 4317 1048 4387 coepisti
1097 4317 1361 4386 perlicito.
1392 4318 1524 4373 satis
1567 4328 1619 4374 te
1644 4320 1847 4374 utiliter

334 4481 362 4509 ³
395 4471 732 4535 Aventicum,
761 4471 890 4528 urbs
935 4472 1062 4527 olim
1107 4473 1334 4528 celebris
1373 4483 1429 4530 et
1477 4474 1842 4533 llelvn-tiorum

262 4553 445 4608 caput,
474 4541 635 4597 hodie
680 4543 743 4614 ad
796 4543 967 4597 vicum
1016 4546 1255 4607 redacta,
1309 4548 1619 4614 episcOpum
1662 4547 1845 4602 habuit

265 4614 488 4685 Marium
541 4611 793 4685 Chroniei
835 4613 1171 4679 scriptorem,
1230 4616 1320 4682 qui
1343 4611 1841 4685 'sufbscripsitconc.

264 4684 474 4756 illatisc.
503 4697 539 4737 ιι
565 4699 655 4737 an.
680 4683 804 4756 585,
836 4699 975 4738 nunc
1004 4699 1131 4756 vero
1178 4686 1336 4756 sedes
1377 4684 1494 4753 ejus
1524 4683 1848 4756 episcopalis

263 4753 600 4825 Laosannam
633 4755 884 4808 translata
917 4764 1020 4808 est.
1051 4755 1096 4809 A
1126 4754 1280 4809 nobis
1303 4753 1571 4825 Avenclte,
1606 4758 1673 4810 ab
1701 4753 1848 4813 inco-

259 4823 677 4894 ItsiUwﬂisburg
707 4825 1024 4894 appellatur.

255 4966 281 5018 ι
337 4893 365 4931 ¹³
395 4897 616 4965 Aliquot
640 4893 790 4960 editi,
822 4893 1128 4963 Appellinua
1159 4903 1207 4947 et
1245 4893 1512 4966 Erpinus;
1548 4896 1648 4965 aL,
1688 4898 1850 4953 Abbe-

280 4981 429 5018 ειιιιδ.

280 4981 429 5020 811118.

340 5048 362 5073 ε
394 5038 482 5089 Sic
511 5049 643 5109 mss.
671 5034 811 5109 Editi
842 5035 1078 5104 aliquot,
1105 5035 1326 5090 ordines.
1361 5035 1429 5091 Et
1451 5035 1606 5104 infra,
1631 5039 1842 5109 plurimi

251 5122 472 5169 eortina;
502 5104 680 5176 cum,
711 5107 883 5176 plures
912 5116 1051 5160 tunc.

333 5176 361 5212 ιι
391 5177 520 5247 Alii,
551 5175 813 5231 Belieldis.
848 5177 976 5232 Erat
1005 5176 1169 5247 ipsius
1199 5177 1557 5235 Theodeberti
1580 5194 1739 5246 uxor,
1772 5194 1840 5235 ex

250 5263 380 5313 Cap.
414 5245 505 5310 55,
533 5262 715 5316 supra.

335 5327 362 5356 ⁸
390 5317 535 5372 Clar.
569 5327 622 5370 et.
650 5317 856 5380 aliquot
881 5318 1039 5380 Editi.
1071 5333 1204 5373 anno
1236 5317 1325 5374 15.

344 5386 364 5426 ί
405 5389 533 5453 Alii,
568 5386 854 5452 Denulim',
887 5397 939 5442 et
970 5389 1126 5442 infra.

345 5467 372 5505 8
408 5459 503 5512 llic
533 5459 700 5527 locus,
731 5468 789 5512 ut
814 5461 920 5527 jam
952 5458 1085 5513 alias
1115 5459 1420 5513 monuimus
1445 5503 1459 5525 ,
1483 5461 1715 5527 priscum
1748 5475 1844 5514 uo-

255 5545 395 5587 men
421 5530 636 5594 retinet,
661 5531 815 5599 vulgo
836 5529 1053 5582 Andelot
1077 5532 1128 5584 in
1162 5528 1455 5598 Lingonum
1487 5531 1703 5584 dioecesi
1736 5545 1849 5584 ver-

252 5615 363 5656 sus
389 5601 606 5654 Nasimn
636 5610 871 5654 castrum
902 5600 1222 5665 Leucorum,
1242 5602 1382 5668 quod
1402 5615 1549 5654 nunc
1571 5601 1621 5652 in
1649 5601 1846 5654 ducatu

247 5671 514 5728 Barrensi
555 5671 715 5724 situm
757 5673 820 5724 ad
855 5671 1050 5725 Ornam
1083 5672 1303 5728 llumen.
1341 5669 1455 5722 Naz
1485 5671 1643 5738 vulgo
1666 5672 1848 5738 appel-

244 5745 422 5796 latur.
451 5740 668 5795 Nasium
697 5742 824 5795 olim
857 5743 1069 5795 celebre
1111 5742 1227 5802 luit,
1258 5741 1332 5792 uti
1363 5750 1504 5806 patet
1530 5756 1594 5793 ex
1622 5743 1846 5794 vetustis

243 5814 572 5869 auctoribus
595 5822 647 5870 et
676 5828 739 5869 ex
771 5812 1003 5868 nummis
1043 5812 1295 5882 antiquis,
1322 5809 1405 5881 qui
1437 5810 1507 5865 ibi
1539 5810 1846 5879 Frequenter

1963 555 2177 619 dicitur,
2210 555 2352 624 quod
2393 570 2511 608 cum
2544 557 2698 624 lupus
2722 557 3052 614 ascendisset
3096 558 3148 613 in
3196 573 3465 629 montem,
3492 567 3544 616 et

1961 660 2079 700 cum
2114 646 2206 700 lilii
2257 648 2337 700 sui
2381 645 2490 716 jam
2549 662 2748 702 venare
2775 660 3088 718 cmptssent,
3117 666 3212 706 eos
3259 657 3324 706 ad
3378 668 3437 708 se
3487 657 3542 710 in

1962 745 2143 790 monte
2175 747 2361 802 vocat,
2395 739 2578 792 dicens
2610 755 2622 791 :
2661 756 2681 790 ‹
2721 739 2886 804 Quam
2938 740 3094 810 longe
3123 743 3260 796 oculi
3298 747 3459 797 vestri
3491 747 3540 797 iu

1962 841 2391 896 unamquamque
2438 838 2639 896 partem
2667 830 2830 898 619
2875 831 3059 886 videre
3093 833 3404 899 prtevalent,
3436 851 3541 891 non

1963 917 2170 972 habetis
2197 921 2417 983 amicos,
2450 921 2550 973 nisi
2607 934 2801 989 paucos
2854 923 2942 991 qui
2993 923 3060 977 de
3118 935 3297 977 ve5tro
3348 940 3544 993 genere

1957 1026 2103 1069 Sunt.
2133 1014 2382 1071 Perticite
2434 1018 2594 1086 igitur
2644 1020 2784 1088 quod
2830 1021 3087 1088 cc‘epistis.
3122 1040 3141 1075 ι
3175 1025 3542 1079 Theudoricus

1958 1121 2078 1159 cum
2105 1109 2345 1162 exercitu
2376 1109 2686 1163 Ardennam
2719 1113 2985 1166 transiens
3014 1114 3328 1169 Tolbiacum
3355 1131 3542 1183 perve-

1959 1197 2057 1250 nit.
2086 1196 2492 1252 Tlteudehertus
2547 1215 2670 1253 cum
2701 1201 3025 1269 Saxonibus,
3049 1204 3334 1275 Tlmringis
3365 1218 3416 1261 et
3439 1223 3542 1261 ca?-

1960 1289 2086 1342 teris
2113 1289 2392 1358 gentibus,
2419 1305 2554 1359 quos
2583 1290 2648 1344 de
2702 1291 2839 1344 ultra
2871 1292 3137 1360 Rhenum,
3173 1296 3256 1348 vel
3311 1298 3542 1369 undique

1959 1388 2204 1448 potuerat
2259 1381 2517 1447 adunare,
2567 1392 2757 1437 contra
2809 1382 3201 1439 Theodericum
3231 1386 3540 1442 Tolbiacmn

1960 1469 2212 1536 perrexit,
2268 1469 2447 1540 ibique
2499 1472 2679 1526 denuo
2743 1474 3091 1528 commissum
3134 1487 3217 1531 est
3270 1477 3538 1545 praelium.

1961 1557 2152 1612 Fertur
2184 1573 2214 1611 a
2253 1559 2474 1615 Francis
2506 1563 2822 1633 ueterisque
2861 1567 3105 1634 gentibus
3143 1567 3210 1622 ab
3249 1571 3539 1640 antiquitus

1963 1648 1978 1686 ί
2015 1651 2091 1705 sic
2115 1652 2248 1706 forte
2279 1668 2378 1708 nec
2398 1654 2684 1723 aliquando
2725 1656 2888 1712 fuisse
2916 1659 3155 1725 prtelium
3188 1673 3532 1730 conceptmn.

1957 1741 2030 1795 lbi
2060 1746 2202 1799 enim
2235 1753 2376 1799 tanta
2425 1754 2629 1816 strages
2657 1747 2724 1801 ab
2755 1758 2981 1817 utroque
3008 1752 3243 1804 exercitu
3277 1752 3410 1804 facta
3435 1765 3540 1813 est,

1887 1834 1934 1897 Β
1965 1841 2021 1884 ιιι
2046 1830 2339 1903 phalanges
2365 1833 2416 1887 in
2446 1834 2689 1903 ingressu
2737 1835 3044 1892 certaminis
3100 1847 3284 1892 contra
3313 1854 3371 1894 se
3401 1855 3539 1910 pra:-

1960 1923 2151 1979 Iiantes
2180 1928 2231 1990 l,
2257 1926 2518 1980 cadavera
2548 1927 2788 1982 virorum
2840 1929 3140 1983 occisorum
3171 1930 3406 1999 undique
3435 1948 3538 1986 non

1959 2017 2221 2074 haberent
2250 2019 2341 2074 ubi
2372 2019 2620 2075 inclinata
2663 2022 2931 2088 jacerent,
2959 2021 3054 2075 sed
3083 2022 3296 2077 stabant
3343 2027 3537 2078 tuortoi

1959 2117 2098 2170 inter
2127 2125 2446 2172 ceterorum
2476 2116 2734 2170 cadavera
2757 2117 2924 2171 stricti
2956 2117 3107 2186 quasi
3138 2117 3401 2172 viventes.
3432 2118 3540 2173 Sed

1960 2207 2185 2260 Domino
2213 2206 2547 2276 praecedente
2570 2208 2761 2262 iterum
2789 2207 3153 2262 Theodericus
3188 2207 3536 2263 Theudeber-

1959 2307 2068 2352 tum
2095 2308 2345 2367 superat,
2375 2307 2426 2353 et
2449 2313 2478 2352 a
2509 2298 2763 2353 Tolbiaco
2810 2313 2979 2367 usque
3017 2296 3294 2353 Coloniam
3333 2301 3539 2355 exerci3

1960 2401 2042 2445 tus
2066 2391 2426 2446 Theudeberti
2483 2390 2662 2458 gladio
2717 2390 3032 2444 trucidatur.
3085 2390 3185 2444 Per
3242 2390 3354 2444 loca
3388 2405 3538 2444 oram
3630 2444 3636 2450 ,

1959 2493 2114 2536 terra:
2141 2482 2440 2551 coeperuit,
2476 2479 2698 2550 ipsoque
2727 2481 2813 2536 die
2835 2479 3108 2535 Coloniam
3144 2482 3397 2550 perrexit,
3429 2496 3536 2535 om-

1958 2589 2158 2643 nesque
2214 2574 2498 2628 thesauros
2538 2573 2901 2628 Theudebertl
2943 2571 3072 2627 inibi
3127 2575 3350 2642 recepit.
3389 2572 3539 2626 Diri-

1957 2681 2193 2734 gensqoe
2238 2665 2604 2721 Theodericus
2663 2666 2797 2719 ultra
2859 2664 3103 2720 Rhenum
3165 2677 3284 2732 post
3331 2674 3536 2737 tergum

1956 2756 2316 2809 Tlxeudeberti
2342 2755 2676 2810 Bertharium
2708 2755 3115 2822 cubicularium,
3139 2758 3224 2824 qui
3256 2755 3538 2825 diligenter

1958 2844 2390 2899 Theudcbertum
2424 2846 2734 2914 insequens,
2765 2861 2883 2899 cum
2907 2846 3014 2915 jam
3044 2861 3165 2901 cum
3227 2849 3408 2917 paucis
3458 2847 3536 2901 fu-

1957 2948 2128 3006 geret,
2163 2937 2336 3003 ipsum
2361 2945 2573 3005 captum
2623 2936 2932 2991 Bertharius
2959 2936 3202 2992 Colonia:
3227 2939 3533 3006 conspectui

1956 3027 2273 3083 Theoderici
2298 3036 2605 3095 praesentat,
2643 3035 2862 3081 exutum
2896 3028 3132 3082 vestibus
3190 3029 3452 3098 regalibus
3476 3026 3536 3084 ι.

1957 3118 2363 3175 Thcudebertus
2395 3114 2730 3185 cxspoliatus
2755 3156 2769 3182 ,
2800 3131 3071 3185 equusque
3099 3117 3218 3185 ejus
3245 3132 3364 3172 cum
3394 3127 3538 3172 stra-

1881 3216 1926 3278 C
1961 3221 2077 3267 tura
2111 3212 2277 3280 regia,
2336 3209 2437 3263 hoc
2483 3216 2760 3277 totumque
2809 3206 3087 3262 Berthario
3117 3223 3147 3261 a
3198 3207 3536 3264 Theoderico

1956 3301 2287 3358 conceditur.
2316 3298 2728 3355 Theudebertus
2755 3298 2967 3352 vinctus
2993 3297 3273 3353 Cabillono
3302 3298 3536 3352 desona-

1954 3394 2233 3459 tur;ﬁlius
2281 3395 2418 3463 ejus,
2451 3393 2665 3448 nomine
2721 3391 3018 3456 Meroveus,
3063 3391 3333 3458 parvulus,
3380 3389 3536 3461 jussu

1955 3486 2275 3542 Theoderici
2307 3483 2678 3554 apprehensus
2709 3500 2738 3538 a
2764 3483 2992 3552 quodam
3019 3499 3112 3552 per
3141 3483 3327 3552 pedem
3353 3485 3416 3537 ad
3442 3499 3536 3555 pe-

1953 3585 2088 3632 tram
2117 3578 2436 3647 percutitur,
2481 3575 2762 3630 cerebrum
2792 3576 2907 3645 ejus
2938 3575 3110 3645 capite
3131 3584 3376 3642 eruptum
3403 3574 3536 3628 ami-

1954 3671 2023 3723 slt
2049 3668 2319 3735 spiritum.
2346 3667 2691 3722 Chlotbarius
2725 3667 2978 3722 ducatum
3028 3665 3292 3721 Dentelini
3345 3679 3536 3721 secun-

1955 3761 2078 3816 dum
2109 3760 2539 3816 convenientiam
2565 3758 2884 3815 Theoderici
2918 3759 3182 3828 integrum
3215 3771 3325 3812 sua:
3345 3757 3537 3813 ditioni

1954 3852 2168 3922 redigit.
2187 3852 2268 3909 Ob
2295 3869 2452 3924 quam
2479 3868 2590 3908 rem
2614 3852 2979 3908 Theodericus
3000 3867 3120 3908 cum
3147 3852 3258 3923 jam
3285 3853 3376 3908 toti
3405 3854 3536 3909 Aus-

1952 3942 2081 4000 ter1
2115 3945 2280 4015 620
2334 3944 2722 4010 dominaretur,
2770 3944 2930 3998 nimia
2984 3944 3352 4015 indignatione
3378 3959 3530 4000 com-

1951 4048 2152 4104 motus,
2183 4047 2368 4092 contra
2399 4037 2768 4092 Chlotharium
2815 4039 3116 4091 exercitum
3151 4046 3350 4093 movet.

2021 4129 2119 4184 Av.
2153 4143 2333 4182 ncxtu.
2355 4157 2424 4168 —-
2443 4127 2598 4182 Anno
2624 4128 2690 4182 18
2719 4129 2865 4197 regni
2897 4128 2976 4181 sui
3007 4129 3075 4184 de
3101 4131 3294 4184 Auster
3317 4138 3370 4184 et
3399 4130 3533 4186 Bur-

1950 4221 2143 4293 gondia
2165 4235 2384 4275 movere
2408 4223 2683 4289 pra-cepit,
2717 4220 3034 4288 legationem
3068 4220 3213 4288 prius
3263 4220 3525 4290 dirigens,

1950 4324 2006 4369 ut
2032 4329 2090 4369 se
2120 4310 2460 4368 Chlmharius
2477 4309 2544 4366 de
2567 4309 2676 4380 jam
2704 4311 2844 4364 dicto
2873 4309 3067 4364 ducatu
3094 4310 3356 4364 Dentelini
3378 4314 3522 4366 omni

1949 4467 2313 4522 inveniuntur.
2340 4463 2494 4519 Certe
2524 4478 2642 4517 cmn
2684 4463 2736 4518 in
2781 4479 2842 4519 ea
2901 4464 3122 4534 regione
3180 4477 3523 4520 versaremur

1949 4536 2219 4600 muttit-lli,
2243 4534 2448 4590 detecta
2493 4544 2574 4589 est
2626 4549 2859 4600 camera,
2919 4538 3074 4601 cujus
3125 4537 3259 4589 muri
3316 4539 3524 4590 musivo

1878 4587 1924 4645 ι)
1953 4587 2228 4661 inuisos
2274 4587 2454 4668 erant.
2499 4587 2571 4659 si.
2622 4587 3042 4673 quibus'lapil'li
3096 4587 3530 4674 strait-atriis.

1953 4680 2092 4732 eruti
2133 4677 2199 4730 ad
2249 4691 2347 4729 nos
2392 4675 2553 4730 delati
2611 4674 2845 4730 luerunt.
2913 4678 3066 4730 llunc
3121 4687 3299 4730 autem
3351 4676 3527 4732 locum

1955 4749 2095 4801 male
2139 4747 2379 4800 nonnulli
2424 4747 2710 4801 Nauseium
2772 4746 3134 4816 Lotharingize
3198 4758 3359 4813 caput
3405 4762 3528 4802 esse

1954 4821 2304 4885 scripserunt.

2030 4884 2142 4941 hIn
2169 4887 2310 4940 Clar.
2335 4896 2387 4940 et
2408 4885 2506 4940 Ch.
2540 4886 2635 4954 aL,
2670 4885 2838 4940 Lesio.
2869 4885 2988 4940 Fuit
3031 4884 3370 4952 Moguntinus
3416 4885 3528 4950 epi-

1955 4975 2174 5027 sc0pus,
2201 4972 2358 5026 quem
2399 4959 2508 5010 alio
2555 4960 2772 5012 nomine
2803 4958 3198 5028 Lindegasiunr.
3227 4969 3323 5008 seu
3358 4954 3533 5028 Lude-

1958 5025 2166 5105 gastum
2196 5028 2513 5105 appellatum
2533 5025 2956 5105 fuisseCoiutius
2979 5026 3127 5105 dicit.
3155 5025 3385 5105 Sanctus

1949 5096 2200 5169 dogasius
2229 5099 2423 5150 dicitur
2450 5112 2479 5150 a
2529 5097 2791 5154 Bruschio
2838 5101 2888 5154 iu
2932 5097 3176 5166 catalogo
3217 5096 3385 5165 episc.
3416 5096 3533 5150 Mo‘

1950 5170 2315 5246 guutittorum:
2454 5245 2458 5246 γ
3095 5237 3113 5246 ,
3149 5237 3160 5246 ,
3411 5236 3442 5246 ..

2036 5239 2051 5277 ί
2097 5237 2234 5303 Alii,
2263 5237 2327 5289 ab
2371 5245 2581 5304 antiquo
2632 5247 2737 5290 tam
2780 5254 3036 5308 nunquam
3086 5237 3243 5302 fuisse
3295 5236 3527 5303 pralt'um

1952 5315 2216 5434 [dilutas
2255 5375 2396 5433 Clar.
2418 5416 2434 5443 ,
2464 5377 2550 5430 ubi
2599 5375 2950 5446 phalanges...
2982 5379 3311 5446 prwlianmr,
3345 5387 3400 5432 ut
3438 5392 3529 5429 ca-

1953 5452 2312 5586 dare’ghcsm,
2369 5526 2642 5589 prmsentat
2683 5514 2959 5589 exhihitum
3004 5527 3154 5589 ‘veste
3189 5518 3372 5588 regali,
3420 5525 3527 5571 etc.

1950 5594 2103 5647 Colb.
2137 5585 2414 5660 utramque
2438 5591 2717 5645 lectionem
2739 5585 2915 5650 habet,
2934 5597 2986 5639 et
3004 5585 3139 5642 intra
3162 5585 3390 5657 aliquot,
3413 5603 3528 5640 cum

1953 5668 2346 5790 ("gitimam
2387 5745 2598 5801 semper
2629 5724 2896 5784 Austriam
2927 5725 3198 5793 designat,
3236 5725 3384 5780 Editi
3435 5740 3552 5780 tta--

1951 5807 2090 5862 riaut
