4016 6344
483 360 574 417 631

1613 294 2056 410 ιιεἹῖΕῙΠΞΟᾹῐζΠ
2094 351 2531 408 SCIIOLASTICI

3632 356 3730 409 ore
3764 326 3772 331 ’

478 476 637 531 modo
666 481 991 539 removeret;
1014 469 1246 540 alioquin
1276 471 1484 525 noverit
1512 484 1572 525 se
1599 471 1835 525 exercitu
1868 470 2044 524 'l’hcu-
2072 469 2124 526 Α
2149 468 2352 521 tharius
2381 468 2682 537 eligeretur.
2715 467 2911 523 Gentes
2950 484 3069 535 τμηξ
3096 469 3205 525 illic
3234 477 3469 524 attractm
3524 480 3727 523 merant

479 565 640 620 derici
670 564 903 634 undique
927 578 1146 633 regnum
1189 561 1485 617 Chlutharii
1508 560 1868 629 impleturum.
1898 559 2047 624 Quod

477 655 721 719 verbum,
761 651 1208 722 quemadmodum
1250 651 1410 721 legati
1453 650 1775 713 nuntiarant,
1807 649 2051 718 probavit

472 753 721 800 eventus.

547 832 789 890 XXXIX.
818 834 939 903 Ipso
964 847 1176 903 quoque
1221 846 1361 887 anno
1394 831 1506 901 jam
1553 831 1820 887 exercitus
1860 840 2046 885 contra

473 925 841 980 Chlotharium
879 925 1259 995 aggrediebat,
1293 939 1413 979 eum
1463 922 1829 981 Theudoricus
1873 924 2047 979 Mcttis

473 1015 735 1081 proﬂuvio
762 1018 971 1070 ventris
998 1016 1239 1069 moritur.
1285 1014 1562 1068 Exercitus
1612 1014 1856 1082 protinus
1891 1015 2044 1071 rediit

474 1105 539 1161 ad
565 1108 809 1176 proprias
834 1107 1009 1161 sedes.
1038 1096 1399 1162 Brunichildis
1425 1118 1545 1158 cum
1577 1105 1699 1159 ﬁliis
1728 1104 2046 1160 Theoderici

473 1208 720 1267 quatuor,
743 1198 1006 1268 Sigiberto
1028 1207 1079 1262 ⁸,
1108 1197 1474 1261 Childeberto,
1492 1194 1687 1261 Corbo,
1711 1204 1765 1248 et
1797 1196 2046 1250 Meroveo

471 1290 650 1346 Mettis
700 1292 964 1357 residens,
994 1290 1318 1360 Sigihertum
1362 1290 1413 1343 in
1455 1303 1620 1358 regno
1674 1289 1840 1356 patris
1895 1289 2046 1343 insti-

471 1374 623 1436 tuere
649 1384 855 1437 nititur.

542 1471 655 1526 XL.
679 1471 1041 1539 Chlotharius,
1072 1472 1301 1531 factione
1334 1471 1536 1531 Amulli
1566 1480 1622 1528 et
1646 1472 1852 1542 Pippini
1882 1472 1932 1539 δ,
1958 1473 2042 1528 vel

471 1573 789 1618 eteterorttm
848 1579 1131 1634 procerum
1180 1566 1375 1620 Auster
1433 1566 1747 1634 ingreditur.
1803 1567 2043 1637 Cumque

471 1656 841 1709 Antennacum
867 1666 888 1693 ο
918 1655 1256 1721 accessisset,
1286 1664 1340 1709 et
1378 1655 1735 1736 Bruuichildis
1763 1669 1884 1712 cum
1918 1656 2041 1710 ﬁliis

469 1745 787 1800 Theudorici
828 1744 1142 1800 Warmacis:
1171 1746 1195 1782 ά
1230 1746 1522 1811 resideret,
1563 1747 1786 1816 legatos,
1820 1747 1901 1801 his
1940 1761 2040 1802 no-

2155 558 2381 613 eonsilio
2410 568 2617 613 secreto
2647 561 2713 614 de
2754 562 2944 613 solatio
2997 562 3356 615 Brunichildis
3398 572 3451 616 et
3501 562 3725 614 ﬁiinrum

2154 649 2473 705 Theudorici
2504 651 2683 719 procul
2709 650 2833 705 fecit
2861 652 3049 707 abesse
3083 671 3095 704 :
3130 654 3325 708 exinde
3353 656 3581 721 regressi
3607 671 3724 707 cuiu

2156 741 2492 796 Bt'unichilde
2539 751 2592 795 et
2652 743 2772 797 ﬁliis
2811 743 3154 807 Theoderici,
3206 746 3536 813 Burgundios
3566 762 3725 812 appe-

2150 842 2289 897 tunt,
2329 834 2508 888 missis
2553 832 2566 871 ί
2605 848 2699 901 per
2721 835 3030 890 universum
3059 834 3255 889 Auster
3280 835 3723 900 discurrentibus,

2150 926 2440 980 exercitum
2475 940 2691 979 movere
2716 925 3042 982 nitebantur.

2220 1015 2352 1069 XLI.
2384 1015 2699 1084 Burgundiac
2740 1015 2979 1070 farnnesi
3015 1032 3163 1080 vero,
3184 1028 3289 1071 tam
3310 1018 3541 1087 episcopi
3565 1036 3719 1087 quam

2147 1107 2327 1160 caeteri
2356 1106 2571 1171 leudes,
2614 1108 2861 1162 timentes
2902 1107 3320 1173 Brunichildem,
3361 1120 3415 1163 et
3448 1101 3627 1163 odium
3668 1110 3720 1162 in

2148 1214 2261 1251 eam
2294 1197 2571 1263 habentes,
2603 1213 2721 1253 cum
2761 1197 3143 1253 Warnachario
3180 1200 3463 1255 consilium
3493 1202 3721 1255 inientes

2148 1289 2462 1355 tractabant,
2488 1299 2545 1343 ut
2573 1305 2744 1357 neque
2768 1305 2903 1343 unus
2933 1305 2997 1343 ex
3026 1289 3150 1345 ﬁliis
3175 1289 3494 1350 Theoderici
3524 1294 3723 1346 evade-

2146 1390 2248 1446 ret,
2277 1381 2393 1446 sed,
2423 1382 2501 1436 eis
2529 1382 2777 1441 omnibus
2805 1398 2889 1450 op.
2913 1383 3100 1448 ressis,
3129 1392 3182 1436 et
3204 1384 3597 1439 llruuichihtem
3623 1386 3724 1440 de-

2146 1473 2336 1534 lerent,
2363 1486 2409 1526 ct
2437 1488 2654 1543 regnum
2681 1472 2971 1529 Chlotharii
3004 1474 3111 1547 [AL
3143 1473 3471 1547 Chlothario]
3494 1482 3715 1541 expete-

2144 1572 2284 1629 rent,
2316 1563 2455 1631 quod
2498 1565 2737 1632 probavit
2754 1575 3011 1621 ’evcntus.
3043 1565 3285 1634 Cumque
3328 1567 3482 1635 jussu
3524 1569 3716 1621 ητιιηί-

2142 1654 2333 1709 childm
2384 1664 2440 1711 et
2490 1655 2736 1724 Sigiberti
2804 1658 2895 1710 ﬁlii
2951 1656 3269 1712 Theuderiei
3325 1661 3592 1712 exercitus
3646 1660 3716 1713 de

2143 1743 2440 1814 Burgunilia
2493 1756 2547 1800 et
2612 1750 2805 1803 Auster
2850 1756 3037 1803 contra
3068 1747 3432 1803 Chlotharium
3463 1751 3716 1820 aggrede-

468 1833 719 1899 minibus,
772 1834 1138 1890 Chadoindum
1178 1842 1234 1887 et
1288 1826 1586 1904 Herponem
1613 1846 1658 1903 ε,
1684 1837 1750 1893 ad
1786 1836 2041 1893 Chlotha—
2069 1827 2117 1890 B
2146 1847 2309 1890 retur.

471 1927 603 1978 rium
626 1926 841 1988 direxit,
869 1935 1173 1982 contestans
1190 1927 1239 1985 ei
1269 1935 1327 1980 ut
1348 1941 1408 1982 se
1424 1928 1491 1983 de
1513 1942 1677 1998 regno
1701 1929 2039 2001 Theudorici,

469 2018 763 2085 quod-ﬁliis
786 2019 1096 2088 reliquerat,
1117 2031 1435 2075 removeret.
1456 2021 1798 2079 Chlotharius
1818 2039 2043 2093 respon-

466 2109 646 2175 debat,
674 2119 729 2165 et
756 2126 851 2180 per
872 2126 997 2166 suos
1035 2112 1236 2182 Legatos
1264 2112 1589 2169 Buinichildi
1621 2112 1926 2185 mandabat,
1951 2116 2042 2183 ju-

467 2200 608 2255 dicio
655 2200 985 2256 Francorum
1038 2204 1332 2260 electorum
1363 2204 1407 2269 τ,
1428 2205 1683 2274 quidquid
1708 2207 2043 2274 praecedente

471 2292 695 2346 Domino
723 2309 753 2355 a
792 2294 1012 2349 Francis
1039 2295 1180 2351 inter
1204 2296 1421 2352 eosdem
1448 2296 1790 2365 judicabitur,
1824 2298 2041 2366 pollice-

472 2392 555 2436 tur
595 2384 997 2455 seseiuiplere.
1025 2385 1382 2442 Brunichildis
1423 2387 1743 2457 Sigibertum
1771 2388 2038 2444 seniorem

468 2472 636 2525 ﬁlium
667 2474 987 2530 Theoderici
1016 2478 1067 2530 in
1107 2476 1450 2546 Thoringiam
1487 2477 1705 2547 direxit,
1729 2492 1849 2533 cum
1879 2493 1982 2548 quo
2012 2487 2037 2527 Β

467 2559 906 2618 Warnacharium
936 2566 1193 2632 majorem
1238 2566 1428 2622 domus
1475 2580 1528 2622 et
1566 2568 1859 2623 Atboenum
1917 2585 2035 2624 cum

465 2649 679 2705 caneris
705 2654 1018 2718 proceribus
1063 2654 1372 2719 destinavit,
1414 2666 1471 2710 ut
1497 2666 1684 2725 gentes
1734 2674 1853 2728 qua:
1901 2660 2034 2714 ultra

466 2741 709 2798 Rhenum
748 2754 875 2799 sunt
923 2746 1287 2813 attraherent,
1319 2747 1547 2817 qualiter
1588 2749 1902 2804 Chlothario
1940 2766 2036 2819 po-

464 2832 693 2887 tuissent
719 2835 992 2891 resistere.
1016 2835 1146 2891 Post
1184 2845 1388 2909 tergum
1428 2839 1715 2895 indiculum
1742 2842 1954 2908 direxit,
1982 2853 2039 2898 ut

461 2923 736 2981 Alboenus
766 2940 886 2982 cum
931 2928 1144 2983 caeteris
1193 2929 1632 2985 Waruacharium
1682 2924 2032 2998 interficeret,

463 3031 531 3072 eo
558 3019 697 3087 quod
728 3032 788 3073 se
815 3021 867 3075 in
907 3035 1133 3091 regnum
1176 3020 1470 3081 Chlotharii
1507 3024 1669 3078 vellet
1722 3026 2031 3082 transferre.

460 3112 618 3182 621
639 3113 806 3179 Quem
827 3113 1113 3169 indiculum
1138 3114 1399 3170 relectum
1426 3116 1700 3177 Alboeuus
1725 3117 2025 3187 disruptum

2216 1928 2372 1984 XLII.
2416 1930 2749 1999 Veniensque
2780 1931 3074 2001 Sigibertus
3096 1933 3145 1986 in
3183 1934 3524 2002 Campaniam
3553 1935 3712 1988 terri-

2145 2020 2265 2073 torii
2301 2020 2746 2076 Catalaunensisk
2774 2038 2935 2091 super
2962 2024 3180 2077 ﬂuvium
3210 2026 3448 2078 Axonam
3470 2022 3513 2090 ι,
3536 2026 3715 2092 ibique

2145 2109 2484 2167 Chlotharins
2519 2113 2728 2167 obviam
2760 2128 2881 2167 cum
2909 2116 3145 2170 exercitu
3185 2117 3356 2177 venit,
3385 2115 3580 2168 inultos
3602 2117 3712 2183 jam

2142 2198 2209 2254 de
2252 2202 2540 2256 Austrasiis
2590 2217 2767 2258 secum
2818 2202 3017 2258 habens
3069 2204 3294 2258 factione
3342 2205 3713 2259 Warnacharii

2143 2290 2360 2360 majoris
2403 2293 2627 2355 domus,
2673 2294 2811 2348 sicut
2845 2295 2952 2361 jam
3002 2294 3131 2349 olim
3176 2305 3515 2357 tractaverat,
3544 2299 3707 2368 622

2141 2382 2594 2439 consentientibus
2621 2378 2848 2438 Aletheo
2880 2386 3124 2452 patricio,
3162 2386 3429 2449 Roceone,
3460 2387 3712 2453 Signahlo

2140 2479 2195 2525 et
2223 2471 2489 2527 Eudelane
2518 2474 2761 2528 ducibus.
2792 2475 3033 2543 Cumque
3072 2478 3125 2529 in
3152 2491 3437 2544 congressi
3459 2484 3712 2532 certami-

2140 2561 2222 2613 nis
2260 2560 2569 2616 debuissent
2613 2578 2732 2617 cum
2777 2566 3012 2619 exercitu
3056 2566 3359 2635 conﬂigere,
3403 2568 3710 2636 priusquam

2138 2656 2366 2721 proeliari
2395 2657 2701 2725 coepissent,
2734 2658 2883 2727 signa
2912 2658 3129 2723 dantes,
3158 2661 3422 2715 exercitus
3460 2660 3710 2729 Sigiherti

2141 2753 2284 2813 terga
2317 2756 2530 2799 vertens
2581 2748 2722 2801 redit
2768 2747 2833 2800 ad
2881 2749 3121 2815 praprias
3151 2751 3325 2805 sedes.
3373 2750 3712 2806 Chlotharius

2137 2836 2412 2915 paulatim,
2459 2847 2516 2892 ut
2545 2849 2898 2903 convenerat,
2930 2853 3047 2907 post
3079 2850 3280 2911 tergum
3311 2858 3430 2896 cum
3470 2846 3707 2899 exercitu

2134 2940 2385 2994 sequens,
2420 2942 2584 2994 usque
2615 2930 2818 2983 Ararim
2849 2930 3183 2999 Saogonnam
3204 2940 3243 2968 ω
3268 2933 3483 2987 ﬂuvium
3516 2950 3703 3002 perve-

2131 3019 2234 3073 nit.
2267 3019 2447 3087 Captis
2478 3020 2598 3074 ﬁliis
2622 3021 2932 3076 Theoderici
2978 3022 3170 3087 tribus,
3205 3024 3491 3094 Sigiherto,
3522 3026 3701 3079 Corbo

2131 3118 2187 3165 et
2207 3111 2475 3176 Meroveo,
2498 3128 2652 3177 quem
2679 3112 2794 3181 ipse
2821 3112 2888 3167 de
2910 3112 3055 3168 fonte
3077 3115 3306 3181 excepit,
3337 3115 3711 3171 Childehcrtns

455 3203 685 3275 projecit
712 3205 764 3259 in
795 3215 1013 3261 terram.
1040 3207 1290 3263 Inventus
1320 3216 1399 3262 est
1433 3223 1462 3262 ο
1494 3222 1661 3277 puero
1697 3182 2026 3266 Warnécha-
2053 3182 2101 3246 (ἶ
2130 3201 2387 3273 fugaciter
2409 3202 2703 3257 ascendens
2725 3212 2774 3271 τι,
2809 3218 2906 3257 nec
2931 3218 3159 3273 unquam
3188 3213 3370 3272 postea
3398 3204 3494 3258 fuit
3521 3221 3707 3260 rever-

452 3293 518 3348 rii
548 3310 564 3346 :
594 3309 755 3363 super
784 3295 957 3350 tabula
982 3311 1105 3351 cera
1150 3298 1302 3352 linita
1333 3297 1509 3353 denuo
1547 3298 1663 3367 ipse
1686 3299 1943 3356 solidatur
1971 3300 2022 3356 δ.

450 3382 569 3452 Quo
596 3386 828 3440 indiculo
850 3388 1073 3451 relecto,
1105 3389 1519 3444 Warnacbarius
1563 3404 1788 3447 cernens
1812 3407 1873 3447 se
1903 3394 2024 3450 vitae

450 3478 742 3544 periculum
772 3480 989 3546 habere,
1023 3480 1274 3549 deinceps
1295 3483 1529 3549 cogitare
1556 3483 1718 3549 coepit
1740 3497 1845 3551 quo
1872 3494 2025 3552 pacto

451 3566 547 3620 lilii
591 3567 909 3625 Theudorici
959 3569 1423 3639 Opprimereutur,
1450 3577 1503 3624 ct
1534 3570 1586 3623 in
1613 3584 1834 3640 regnum
1865 3571 2027 3629 Chlo-

472 3834 483 3844 .
517 3772 542 3800 ι
572 3762 661 3818 Sic
689 3763 828 3818 Clar.
862 3763 961 3818 Ed.
992 3778 1113 3819 cum
1160 3764 1293 3818 Boh.
1325 3774 1379 3818 et
1424 3763 1602 3831 Colb.,
1634 3763 1926 3834 Sigoberto,
1955 3778 2011 3823 et

443 3848 519 3888 Nc
550 3848 778 3888 semper.

521 3849 821 3975 bstarniiiﬁ'ius
845 3903 1012 3975 epise.
1031 3903 1322 3975 Mettensis,
1339 3905 1522 3975 dequo
1542 3912 1595 3958 et
1609 3904 1830 3973 Pippino
1852 3906 2007 3965 intra.

532 3984 552 4011 ε
592 3973 738 4027 Cotb.
765 3982 820 4026 et
849 3968 1042 4027 Bolier.
1061 3990 1177 4028 cum
1196 3974 1294 4028 Ed.
1321 3968 1606 4043 plerisque,
1637 3968 2006 4043 C’aptonucum.

440 4044 505 4097 At
539 4044 1043 4116 hiAcAAntonnacum
1100 4043 1426 4116 designatur,
1477 4046 1633 4116 vulg.)
1678 4048 2005 4114 Andrenaph,

441 4114 747 4181 oppidulum
789 4115 926 4167 inter
951 4115 1184 4168 Bonnam
1216 4125 1269 4170 et
1292 4113 1632 4169 Conﬂuentes
1678 4119 1778 4170 sub
1806 4113 2008 4174 ditione

441 4185 820 4254 archiepisc0pi
855 4183 1211 4247 Coloniensis.
1239 4186 1595 4252 Captonaruni
1617 4200 1740 4239 vero
1760 4187 2005 4254 palatium

444 4250 541 4307 fuit
571 4254 706 4307 haud
736 4254 916 4320 procul
949 4255 1148 4308 Lutetia
1178 4250 1423 4309 dissitum
1452 4298 1465 4320 ,
1494 4254 1645 4324 cujus
1672 4250 1804 4310 situs
1837 4259 2007 4312 incer-

434 4336 519 4378 tus
540 4334 642 4389 est,
678 4326 776 4377 nisi
808 4325 876 4377 sit
901 4325 1046 4379 vicus
1076 4324 1292 4384 Chatou.
1324 4340 1486 4390 prone
1508 4328 1758 4379 Sanctum
1787 4326 2006 4382 Germa-

436 4406 559 4446 num
589 4397 639 4447 in
666 4394 808 4447 Laia.
839 4394 966 4446 Vide
994 4395 1082 4446 lib.
1118 4410 1168 4447 tv
1196 4396 1260 4447 de
1282 4396 1359 4448 Re
1390 4396 1726 4462 Diplomatira
1755 4400 2003 4451 num.29.

502 4464 526 4498 ά
563 4463 696 4517 Urbs
728 4463 1024 4531 notissima,
1059 4463 1464 4531 vulgoﬁWorms.

512 4542 535 4566 ε
564 4515 660 4583 Ed.
681 4515 888 4597 aliquot
915 4541 967 4583 et
991 4515 1177 4590 Coll):
1196 4515 1399 4586 Erbone
1410 4515 1613 4596 $130!»,
1637 4534 1892 4587 Caduino.
2032 4515 2085 4572 θ

508 4598 525 4635 τ
553 4599 877 4669 ΑΙίἰηειεειο.
909 4598 1016 4669 Res
1045 4600 1259 4668 majoris
1300 4604 1551 4656 momenti
1594 4604 1796 4669 judicio
1829 4602 2002 4658 Fran-

431 4668 701 4739 corum,iid
734 4677 816 4722 est
837 4667 1090 4739 ordinum
1112 4667 1202 4720 seu
1229 4679 1461 4739 statutum
1492 4667 1635 4739 regni
1662 4672 2000 4727 ﬁniebantur.

431 4741 506 4792 Eo
537 4738 747 4807 capitali
776 4738 1037 4791 sententia
1063 4738 1343 4795 damnatus
1380 4738 1478 4791 fuit
1509 4740 1808 4796 Bernardus
1837 4744 2001 4798 Italiae

429 4824 542 4865 rex.
573 4810 661 4877 qui
708 4808 961 4863 adversus
1008 4807 1331 4862 Ludovicum
1380 4808 1531 4863 Pium
1570 4819 1814 4877 patruum
1845 4827 1999 4867 suum

429 4880 1014 4949 conjuraverat.quam
1058 4894 1267 4945 [umnam
1319 4881 1629 4945 temperavit
1679 4882 2000 4947 Ludovicus,

427 4952 703 5005 oculorum
761 4951 992 5005 orbitate
1042 4959 1343 5005 contentus.
1394 4950 1524 5003 lluic
1569 4952 1829 5005 successit
1871 4951 2002 5004 duo-

429 5021 601 5091 decim
645 5022 854 5075 Parium
899 5021 1135 5076 Francia
1155 5065 1167 5088 ,
1202 5029 1309 5074 tum
1332 5022 1817 5091 parlamentorum,
1846 5021 2000 5075 insti-

428 5090 578 5139 Iulio.

500 5165 523 5201 ε
551 5157 675 5231 tih.,
709 5158 948 5231 F_reh_.__et
967 5160 1163 5231 caeteri,
1193 5162 1408 5227 direxit,
1434 5164 1570 5231 apud
1596 5179 1741 5231 quem
1773 5163 2001 5218 Πανθια-

427 5224 675 5290 charium,
707 5228 800 5289 aL,
834 5227 1214 5291 Warnharium,
1248 5224 1537 5287 Alboiniim.

498 5293 524 5330 1⁵
564 5296 671 5350 AL.
725 5294 898 5346 (initus
934 5299 1099 5350 denuo
1143 5300 1405 5353 solidatur.
1444 5303 1573 5355 l'linc
1611 5300 1908 5357 Cliifﬂetius
1944 5303 1999 5355 in

427 5364 993 5443 Anast_asi.Childerici
1023 5367 1176 5443 infert
1213 5384 1364 5436 reges
1395 5381 1611 5443 nostros
1656 5373 2000 5443 pugillaribus

434 5437 624 5489 ceratis
659 5449 781 5487 usos
820 5434 1001 5496 fuisse,
1034 5434 1225 5502 quibus
1250 5434 1493 5491 inundata
1525 5456 1615 5494 sua
1649 5434 1886 5503 (indieuli
1915 5442 2001 5496 hic

427 5508 694 5569 dicuntur)
728 5503 1146 5559 committebant.

508 5576 521 5612 ί
566 5576 740 5642 (ἰωὰ,
776 5573 1118 5627 Ili-um’rliildis
1149 5574 1357 5630 missis..
1414 5576 1681 5628 nitebatur.

504 5656 517 5693 ι
564 5645 715 5713 Colh.
763 5654 817 5699 et
841 5645 1039 5713 aliquot
1068 5642 1229 5714 Editi,
1270 5645 1501 5707 barones,
1534 5660 1649 5714 quae
1680 5662 1781 5698 vox
1817 5657 1997 5713 postea

427 5715 659 5785 maxime
697 5719 745 5769 in
775 5732 867 5769 ns-i
902 5717 997 5768 fuit
1033 5713 1097 5766 ad
1132 5713 1484 5783 designandos
1514 5716 1661 5783 regni
1692 5717 1994 5785 eptiinatee.

424 5778 659 5839 Fai'ones
680 5795 855 5839 autem
880 5788 1003 5841 dicti
1033 5796 1148 5839 sunt
1178 5778 1315 5854 quod
1340 5801 1369 5839 e
1394 5786 1556 5839 nobili
1587 5778 1697 5851 iam
1722 5778 1846 5842 editi
1869 5788 1997 5842 sint.

2129 3307 2241 3349 sus.
2296 3293 2688 3349 Austrasiorum
2744 3293 3008 3349 exercitus
3065 3292 3262 3349 illaesos
3310 3296 3590 3350 revertitur
3634 3298 3707 3355 ad

2134 3387 2374 3454 preprias
2422 3387 2597 3441 sedes.
2636 3386 2889 3443 Facuone
2938 3386 3302 3441 Warnacharii
3351 3386 3565 3456 majoris
3603 3388 3707 3442 do-

2132 3491 2270 3539 mus,
2301 3492 2421 3531 cum
2453 3478 2673 3546 reliquis
2700 3477 2929 3531 maxime
2954 3478 3077 3531 totis
3108 3477 3417 3545 proceribus
3445 3479 3510 3531 de
3537 3492 3705 3546 regno

2133 3567 2472 3637 Burgundim,
2502 3568 2859 3622 Brunichildis
2887 3568 2953 3623 ab
2981 3568 3225 3637 Herpone
3250 3568 3611 3623 comestabulo
3631 3569 3705 3625 de

2124 3769 2275 3824 Fam
2295 3767 2433 3821 enim
2458 3765 2823 3833 generationes
2850 3773 2993 3826 sunt,
3017 3778 3109 3819 seu
3138 3764 3311 3827 lineae,
3339 3774 3396 3819 ut
3422 3764 3577 3822 habet
3604 3766 3699 3823 lex

2119 3832 2481 3909 I.angnb._lili.
2510 3850 2589 3909 _m
2631 3836 2709 3909 tit_.
2765 3832 2851 3909 id,
2879 3846 2931 3887 et
2975 3846 3154 3909 monet
3200 3836 3703 3909 PHUIIISiDiaCORUS

2123 3909 2214 3963 lib.
2238 3904 2300 3960 ⁷η
2344 3906 2477 3959 llist.
2510 3904 2841 3971 Langobard.
2876 3920 2990 3970 cap.
3024 3908 3074 3957 9.
3118 3906 3281 3959 Unico
3314 3908 3475 3961 Verbo
3522 3908 3699 3967 lege...

2118 3982 2239 4030 dum
2268 3985 2410 4031 esset
2446 3974 2973 4037 Burgundzel‘arones,
3010 3989 3064 4027 nt
3096 3976 3230 4029 intra
3263 3990 3377 4041 cap.
3410 3977 3500 4039 ιιι,
3527 3986 3579 4029 et
3609 3978 3697 4031 hic

2120 4050 2337 4109 Boher.,
2356 4046 2846 4110 burqundefarones.
2866 4044 3072 4098 Etenim
3091 4059 3302 4100 sanctus
3318 4045 3469 4107 Fara,
3492 4051 3697 4113 cpisco-

2114 4135 2210 4182 pus
2238 4118 2539 4178 Meldensis,
2574 4115 3001 4182 Burgundolarus
3037 4118 3427 4183 appellabatur,
3471 4118 3695 4185 ejusque

2110 4202 2262 4242 soror
2286 4186 2706 4255 Burgundit'ara,
2739 4193 2794 4236 ut
2820 4200 2884 4237 ex
2928 4200 3112 4238 eorum
3150 4186 3277 4239 Vitis
3312 4196 3453 4254 patet
3496 4190 3545 4240 in
3584 4203 3690 4240 5a:-

2110 4261 2192 4314 Cul
2221 4283 2229 4301 ·
2258 4275 2293 4311 tt
2321 4256 2681 4321 Benedictum.

2181 4328 2206 4366 ¹ί
2225 4330 2321 4383 Ch.
2333 4368 2348 4389 ,
2364 4324 2656 4390 ()anzpania:
2677 4325 2987 4379 territorium
3007 4324 3400 4389 Catalaunemc;
3416 4326 3526 4396 alii,
3540 4326 3694 4381 Caut-

2106 4401 2310 4468 paniam
2336 4397 2774 4452 Catalauuensem.

2187 4488 2201 4528 ι
2250 4489 2383 4542 Editi
2414 4488 2613 4556 aliquot
2637 4500 2755 4538 cum
2790 4486 2917 4537 Boii.
2946 4497 2999 4540 et
3024 4485 3197 4547 Colb.,
3227 4486 3524 4540 Coxom'am.
3560 4487 3689 4541 Item

2110 4561 2311 4627 aliquot
2347 4558 2469 4621 Ed.,
2501 4556 2775 4616 mendose.
2823 4558 3035 4625 ﬂuvium
3080 4556 3324 4627 Comma.
3353 4557 3456 4612 Sed
3491 4558 3574 4610 hic
3596 4559 3691 4611 de-

2105 4626 2344 4697 signatur
2362 4631 2543 4679 Axona
2569 4627 2827 4695 (t‘Aisne),
2851 4626 3150 4691 (lampanite
3175 4626 3384 4691 ﬂuvius,
3409 4628 3495 4694 qui
3523 4628 3691 4681 Sues-

2105 4699 2343 4750 siouibus
2387 4698 2615 4763 irrigatis
2645 4698 2797 4748 Isara:
2840 4701 3184 4763 permiscetur
3215 4711 3377 4765 prope
3418 4699 3687 4767 Compen-

2105 4770 2274 4821 dium.

2176 4867 2213 4893 ω
2253 4856 2422 4919 Clar.,
2456 4854 2802 4928 Sauconnam.
2823 4856 2997 4928 Coll»,
3022 4856 3339 4928 Sagarinum,
3363 4873 3480 4925 qua:
3506 4858 3683 4913 omnia

2106 4928 2351 4998 eumdem
2395 4928 2606 4998 ﬂuvium
2643 4927 2716 4998 (ta
2762 4926 2968 4994 Srione)
2999 4926 3298 4998 designant.
3336 4929 3487 4984 Unde
3518 4928 3682 4984 Freh.

2104 5007 2158 5052 et
2188 4997 2381 5051 Chesn.
2415 4996 2608 5049 habent
2636 4997 2688 5048 id
2720 5007 2791 5050 est
2832 4996 3178 5065 Sazrgotmarn.
3652 5002 3661 5009 ’

2175 5098 2201 5125 η
2239 5088 2414 5149 Colb.,
2448 5087 2679 5161 secunda
2710 5089 3096 5161 mann,fugam
3126 5090 3289 5143 iniens
3319 5106 3525 5146 ascenso
3554 5108 3682 5161 quo

2102 5174 2361 5226 nunquam
2389 5167 2560 5227 postea
2589 5160 2721 5211 visus
2749 5168 2839 5210 est.
2868 5159 2979 5213 lluc
3011 5175 3165 5226 porro
3209 5162 3566 5214 revocandum
3593 5159 3686 5217 est

2106 5231 2153 5299 id
2200 5228 2338 5297 quod
2388 5238 2565 5299 narr_at
2615 5227 2914 5299 Florentius
2965 5231 3239 5299 prediytcr
3266 5229 3594 5284 Tricastinus
3629 5234 3685 5284 iu

2106 5296 2227 5350 Vita
2268 5306 2466 5350 sancta:
2497 5296 2783 5351 Rusuiculre
2830 5296 3135 5369 zibbatissm
3166 5301 3509 5361 Arelatensis,
3540 5302 3679 5369 apud

2102 5369 2390 5422 Chcsnium
2414 5407 2429 5430 ,
2462 5376 2605 5419 tomo
2630 5381 2668 5431 ι,
2700 5384 2817 5436 pag.
2852 5367 2975 5430 5:35,
3010 5370 3094 5421 ubi
3124 5379 3368 5423 accusata
3400 5367 3679 5425 fuisse‘dio

2101 5439 2403 5511 citnrapud
2432 5438 2778 5511 Ulotliariuin,
2803 5440 2940 5511 quod
2971 5440 3064 5491 illa
3086 5440 3281 5493 occulte
3308 5455 3475 5511 regem
3513 5451 3681 5494 nutri-

2101 5518 2194 5560 τισι.
2228 5509 2338 5562 Non
2377 5508 2516 5561 enim
2557 5506 2695 5579 alius
2730 5518 2811 5579 est
2852 5510 2949 5562 iste
2977 5526 3068 5562 rex
3112 5525 3266 5579 quam
3306 5506 3681 5567 Childehertus

2104 5579 2188 5632 hic
2217 5586 2556 5631 memoratus.
2584 5576 2732 5632 Unde
2760 5577 2857 5631 hac
2884 5576 3220 5633 accusatione
3262 5590 3495 5648 recepta,
3522 5580 3683 5635 Chio-

2105 5650 2288 5709 tarius,
2322 5649 2392 5699 ira
2416 5656 2733 5712 commotus,
2763 5647 3166 5717 diligentissime
3192 5649 3265 5703 rei
3292 5647 3566 5704 veritatem
3589 5650 3678 5704 iu-

2100 5718 2279 5788 dagari
2314 5718 2607 5790 mandavit;
2641 5719 2838 5790 veritus
2875 5719 3067 5789 quippe
3098 5735 3162 5775 nc
3198 5718 3285 5774 ille
3315 5720 3366 5774 in
3400 5721 3562 5790 patris
3594 5724 3681 5780 sui

2101 5786 2318 5857 regnum
2346 5787 2567 5841 reditum
2602 5786 2963 5841 meditaretur.
