4016 6344
382 366 487 423 653

1802 354 2221 418 CllRONiCUM.

3530 371 3635 426 654

378 494 513 548 pago
534 474 908 533 Ultra—Jurano
941 488 1013 537 ex
1039 472 1164 527 villa
1197 472 1377 528 Urba"
1410 486 1514 529 una
1553 488 1671 528 cum
1705 472 1947 528 Tbeudc-
1977 474 2163 530 Aster
2185 486 2403 542 regnum
2435 470 2765 539 arripuisset,
2818 473 3114 543 llerpeuem
3160 476 3266 551 [Αι.
3319 480 3632 555 lierpiuuui]

380 571 499 622 lane
528 582 781 637 germana
822 565 1143 620 Theudorici
1183 564 1508 633 producitur,
1550 572 1605 618 et
1648 564 1953 617 Clilotbario

382 662 618 713 ltionava
648 659 765 714 vico
787 657 815 697 δ
863 672 1024 727 super
1074 657 1345 713 Vineenna
1381 657 1544 712 ﬂuvio
1580 666 1955 726 praesentatnr.

382 753 677 821 Sigibertus
697 760 750 805 et
778 749 986 807 Corbus
1012 749 1103 804 iilii
1128 749 1439 805 Theoderici
1466 749 1620 819 jussu
1656 747 1947 802 Cblotbarii

381 843 641 899 interfecti
672 850 816 897 sunt.
856 842 1133 896 Meroveus
1161 840 1422 899 secretius
1462 841 1613 909 jussu
1659 838 1956 893 Cblotbarii

383 935 434 989 in
459 933 706 1002 Neptrico
723 943 743 971 ε
769 932 1099 1003 perducitur,
1122 932 1365 986 eumdem
1397 930 1723 998 amplectens
1750 944 1952 993 amore,

383 1027 521 1095 quod
550 1026 720 1093 ipsum
751 1024 817 1077 de
862 1032 1047 1078 sancto
1075 1025 1380 1090 excepisset
1426 1022 1658 1076 lavacro.
1689 1020 1956 1090 lngobodo

378 1112 676 1172 ("iraitioui‘l
707 1114 1130 1180 commendatur,
1154 1114 1241 1167 tibi
1270 1114 1445 1183 plures
1473 1122 1589 1181 post
1617 1127 1785 1166 annos
1805 1112 1953 1165 vixit.

376 1206 733 1269 Cldotbarius,
780 1220 900 1260 cum
931 1204 1293 1259 Brunicbildis
1326 1218 1424 1259 suo
1467 1203 1772 1271 conspectui
1822 1218 1953 1268 prte-

376 1308 706 1364 sentaretur,
736 1307 789 1354 et
816 1298 993 1351 odium
1023 1309 1206 1352 contra
1238 1299 1403 1366 ipsam
1438 1298 1655 1350 nimium
1686 1298 1908 1352 haberet
1934 1336 1951 1363 ,

376 1399 630 1456 reputans
682 1390 728 1442 ei
780 1404 845 1442 eo
883 1388 1023 1457 quod
1074 1388 1257 1444 decem
1308 1404 1460 1461 reges
1502 1389 1826 1443 Francorum
1860 1402 1954 1456 per

376 1477 544 1545 ipsum
596 1478 857 1531 interfecti
902 1478 1145 1543 fuissent,
1179 1478 1229 1532 id
1262 1489 1360 1543 est,
1402 1478 1720 1547 Sigibertus,
1754 1487 1807 1531 et
1840 1478 1953 1532 Meo

376 1584 588 1631 ravcus,
631 1570 792 1641 623
822 1580 874 1625 et
903 1570 1111 1640 genitor
1140 1586 1269 1623 suus
1308 1570 1673 1639 Cbilpcricus,
1711 1569 1955 1624 Theudo-

378 1659 559 1711 bertus
589 1668 642 1710 et
673 1660 812 1712 ﬁlius
850 1673 976 1713 suos
1005 1658 1375 1726 Cblotliarius,
1412 1660 1538 1715 item
1588 1658 1863 1713 Meroveus
1894 1660 1955 1711 ii-

374 1748 478 1803 iius
507 1748 822 1814 Cblotharii,
873 1748 1270 1813 Theodericus,
1312 1749 1653 1818 ejusdemque
1686 1750 1777 1803 filii
1811 1759 1948 1815 tres,

2065 560 2270 621 ducem,
2303 575 2497 628 genere
2529 560 2813 629 Francuut,
2844 564 2959 618 loco
2989 567 3275 622 Eudelanii
3308 572 3358 624 iii
3389 588 3521 643 pago
3544 575 3636 629 Ul-

2066 650 2368 705 tra-Jurauo
2394 652 2621 705 instituit
2650 671 2664 708 :
2698 654 2784 723 qui
2813 657 2936 709 dttm
2966 672 3148 727 pacem
3171 660 3221 715 in
3244 662 3360 729 ipso
3380 680 3515 734 pago
3544 682 3633 722 ve-

2064 742 2336 797 hementer
2377 744 2688 809 arripuisset
2725 749 2939 813 sectari,
2978 753 3237 806 malorum
3279 758 3631 823 nugacitatem

2063 833 2376 902 reprimens,
2410 836 2476 887 ab
2504 836 2632 902 ipsis
2662 840 3014 907 pagensibus,
3055 841 3339 911 inStigaute
3371 855 3517 912 parte
3541 847 3633 901 ως

2061 942 2235 996 versa,
2265 929 2488 984 consilio
2515 930 2677 1001 624
2716 932 2924 989 Alethei
2954 937 3156 1003 patricii
3189 950 3241 993 et
3274 938 3635 997 Lendemundi

2059 1016 2292 1085 episcOpi
2326 1028 2378 1072 et
2422 1016 2686 1087 Herponis
2725 1023 2955 1089 comitis,
3004 1039 3098 1092 per
3127 1027 3432 1083 rebellionis
3471 1032 3633 1085 auda-

2061 1107 2195 1160 ciam
2230 1108 2404 1177 ilerpo
2446 1110 2552 1163 dux
2592 1112 2926 1168 interficitur.
2954 1114 3293 1173 Chlotliarius
3309 1134 3427 1175 cum
3463 1122 3517 1176 in
3545 1123 3634 1175 Al-

2060 1198 2188 1250 satia
2236 1198 2432 1267 villam,
2464 1200 2799 1271 Marolegiaut
2829 1202 2853 1241 ¹ι
2881 1218 3251 1273 cognomento.
3280 1224 3402 1265 cum
3452 1212 3651 1269 Bertc-.

2062 1286 2250 1342 tbrude
2280 1288 2398 1363 [ΑΙ.
2451 1289 2737 1363 Bertrude]
2761 1296 2940 1363 regina
2971 1300 3301 1375 accessisse},
3332 1316 3517 1369 pacem
3549 1317 3632 1358 se-

2058 1385 2253 1444 ctatus,
2287 1379 2481 1434 multos
2522 1382 2697 1451 inique
2735 1393 2955 1453 agentes
2983 1386 3157 1455 gladio
3185 1392 3482 1445 trucidavit.

2128 1468 2309 1523 XLIV.
2353 1469 2762 1526 Leudemundos
2792 1475 3005 1543 quidem
3052 1478 3332 1546 episeopus
3359 1480 3631 1536 Sedunen-

2056 1558 2130 1614 sis
2173 1557 2189 1598 1
2234 1561 2299 1615 ad
2348 1561 2748 1617 Bertethrudem
2784 1569 3016 1635 reginam
3070 1570 3287 1623 veniens
3338 1573 3628 1636 secretius.

2055 1654 2281 1707 consilio
2309 1654 2519 1709 Alethei
2554 1657 2719 1709 verba
2748 1658 3094 1725 ignominiosa
3124 1662 3276 1725 dixit,
3302 1664 3439 1729 quod
3470 1663 3632 1717 Chlo-

2057 1741 2257 1797 tbarius
2286 1743 2473 1799 eodem
2499 1758 2637 1798 anno
2667 1747 2986 1801 omnimodis
3026 1750 3279 1818 migraret
3315 1751 3380 1804 de
3407 1754 3625 1819 smculo,

375 1840 462 1908 qui
497 1842 561 1892 ad
596 1855 832 1909 praesens
882 1840 1130 1894 exstincti
1165 1840 1391 1901 inerant.
1420 1856 1514 1909 per
1545 1840 1774 1895 triduum
1804 1854 1945 1905 eam,
1982 1851 2027 1909 Β
2054 1845 2109 1887 ut
2132 1834 2431 1902 thesauros,
2459 1846 2712 1904 quantum
2742 1846 2969 1905 poterat,
2990 1841 3350 1895 secretissime
3372 1842 3436 1895 ad
3460 1844 3629 1896 Sedu-

372 1934 599 1989 diversis
624 1933 903 1988 tormentis
932 1934 1196 1997 allectam,
1226 1933 1378 2000 jubet
1424 1932 1567 2000 prius
1606 1934 1811 1986 camelo
1856 1947 1949 2003 per

372 2040 581 2078 omnem
614 2026 904 2079 exercitum
937 2024 1209 2079 sedentem
1234 2023 1545 2092 perducere,
1576 2034 1695 2089 post
1723 2023 1833 2077 haec
1858 2036 1948 2077 eo-

372 2129 456 2166 ma
481 2114 688 2177 capitis,
719 2130 821 2167 uno
852 2114 985 2183 pede
1009 2122 1061 2168 et
1092 2113 1309 2168 brachio
1335 2114 1399 2167 ad
1424 2113 1753 2168 vitiocissimi
1774 2123 1797 2151 ο
1826 2113 1945 2181 equi

371 2206 593 2258 caudam
644 2204 839 2275 ligare;
887 2204 1067 2272 ibique
1096 2204 1330 2258 calcibus
1355 2213 1410 2258 et
1436 2204 1716 2258 velocitate
1761 2219 1949 2260 cursus

372 2298 705 2351 membratim
748 2298 1095 2365 disrumpitur
1114 2296 1157 2351 τ.
1218 2297 1627 2352 Warnacharius
1676 2299 1726 2352 in
1782 2313 1947 2370 regno

372 2386 690 2454 Burgundiae
718 2387 1063 2442 substituitur
1092 2388 1261 2457 major
1302 2390 1490 2442 domus
1511 2428 1526 2453 ,
1552 2402 1888 2443 sacramento
1915 2405 1945 2444 a

371 2477 680 2531 Chlolhario
707 2491 949 2547 accepto,
978 2493 1043 2534 ne
1072 2496 1302 2546 unquam
1332 2482 1453 2534 vitae
1482 2496 1591 2533 sum.
1622 2482 1947 2551 temporibus

370 2569 767 2637 degradaretur.
798 2570 853 2625 lu
886 2572 1081 2625 Auster
1109 2572 1255 2625 Radit
1282 2571 1528 2641 idemque
1560 2573 1697 2627 hunc
1722 2575 1943 2642 graditm

370 2659 588 2714 honoris
614 2660 922 2729 assumpsit.
945 2662 1235 2716 Firmatum
1260 2673 1343 2716 est
1362 2679 1518 2717 omne
1541 2679 1758 2731 regnum
1785 2664 1946 2718 Fran-

370 2744 573 2813 Cornin,
603 2752 737 2806 sicut
760 2768 787 2806 a
819 2755 992 2821 priore
1020 2751 1370 2807 ChlozliarioB
1396 2752 1723 2807 dominatum
1755 2753 1945 2821 fuerat,

368 2858 489 2896 cum
519 2842 722 2897 cunctis
750 2844 1017 2897 thesauris
1044 2843 1230 2897 ditioni
1258 2844 1554 2916 Cblotharii
1574 2845 1799 2911 junioris
1829 2847 1947 2899 suo

370 2933 567 3002 iicitur,
619 2924 1014 2999 quodieliciter
1044 2947 1153 3001 pos:
1198 2934 1465 2989 sexdecim
1506 2933 1698 2989 annis.h
1730 2938 1895 2991 tenuit
1928 2982 1941 3004 ,

371 3036 550 3091 pacem
599 3023 802 3077 habens
845 3038 963 3076 cum
1006 3024 1251 3077 omnibus
1296 3025 1538 3094 gentibus
1590 3026 1795 3081 vicinis.
1845 3024 1948 3081 iste

372 3111 709 3167 Chlotbaritts
751 3115 1016 3183 patientia:
1055 3114 1294 3176 deditus,
1337 3114 1527 3169 litteris
1571 3115 1840 3176 eruditus.
1882 3115 1947 3169 ti-

2051 1926 2133 1977 nis
2170 1941 2320 1979 suam
2362 1927 2629 1979 civitatem
2666 1927 3016 1993 transferret,
3048 1934 3276 1998 eoquod
3304 1943 3447 1985 esset
3481 1934 3627 1988 locus

2050 2013 2366 2079 tutissimus,
2408 2024 2463 2068 et
2502 2014 2753 2069 Aletbeus
2781 2027 2922 2072 esset
2966 2032 3178 2086 paratus
3202 2030 3261 2095 ιη,
3285 2036 3432 2074 suam
3463 2022 3626 2076 relin-

2046 2120 2214 2174 quens
2246 2120 2464 2175 uxorem
2488 2149 2501 2174 ,
2537 2107 2941 2162 Bertethrudem
2982 2111 3215 2180 reginam
3256 2112 3497 2185 accinere
3559 2129 3626 2168 eo

2045 2195 2185 2266 quod
2235 2207 2378 2251 es<et
2428 2198 2574 2268 regio
2619 2213 2812 2267 genere
2848 2199 2916 2253 de
2957 2200 3451 2270 Burgundionibus,
3512 2206 3624 2273 ipse

2046 2298 2166 2356 post
2192 2288 2558 2343 Chlotharium
2578 2292 2607 2320 ιι
2642 2298 2821 2356 posset
2851 2306 3068 2361 regnum
3104 2309 3392 2349 assumere.
3424 2296 3621 2366 Regina

2049 2378 2413 2434 Bertetlirudis
2441 2394 2560 2433 cum
2586 2380 2700 2435 inec
2720 2382 2974 2446 audisset,
3006 2382 3169 2438 verita
3196 2402 3260 2440 ne
3278 2388 3473 2451 veritas
3493 2391 3621 2443 sub-

2046 2472 2283 2551 sisteret,
2314 2473 2366 2526 in
2412 2473 2673 2542 laerymas
2706 2490 3055 2545 prorumpens
3076 2478 3207 2531 abiit
3230 2479 3278 2533 in
3296 2481 3623 2540 cubiculum.

2048 2568 2455 2624 Leudemundus
2478 2585 2701 2625 cernens
2730 2586 2789 2625 se
2829 2571 3192 2640 hujuscemodi
3224 2574 3397 2627 verbis
3430 2577 3624 2631 habere

2048 2657 2367 2727 periculum,
2417 2656 2673 2727 iugaciter
2718 2674 2809 2727 per
2850 2668 3054 2713 noctem
3099 2662 3324 2715 Sedonis
3370 2665 3625 2732 perrexit.

2049 2750 2252 2803 Exinde
2294 2750 2517 2803 latenter
2548 2748 2665 2817 fuga
2708 2750 3016 2805 Lussovium
3047 2752 3110 2806 ad
3142 2753 3395 2808 domuum
3432 2758 3607 2809 Austa-

2048 2843 2183 2895 sium
2214 2836 2497 2896 abbatem"
2528 2844 2787 2911 pervenit.
2838 2843 2963 2897 Post
3010 2844 3122 2898 huic
3167 2843 3232 2898 ab
3276 2847 3388 2911 ipso
3436 2847 3625 2902 abbate

2049 2946 2168 2987 cum
2218 2932 2414 2986 domno
2462 2930 2770 2985 Cblotbario
2810 2931 2889 2987 liis
2934 2933 3101 3001 culpis
3144 2945 3442 3001 excusatur,
3477 2945 3531 2990 et
3559 2938 3625 2992 ad

2047 3036 2198 3075 suam
2220 3036 2465 3077 reversus
2493 3031 2573 3075 est
2601 3022 2886 3075 civitatem.
2922 3023 3258 3078 Chlodiarins
3291 3026 3577 3081 Massnlaco
3603 3038 3626 3077 ρ

2048 3115 2172 3168 vilia
2194 3128 2309 3168 cum
2338 3114 2647 3183 proceribus
2675 3114 2934 3179 residens,
2967 3116 3244 3169 Aletlieum
3271 3118 3334 3169 ad
3360 3133 3417 3170 se
3446 3118 3627 3173 venire

372 3217 523 3257 meos
578 3203 743 3257 Deum
767 3246 782 3268 ,
838 3203 1182 3258 ecclesiarum
1241 3214 1295 3259 et
1338 3205 1675 3259 sacerdotum
1729 3220 1951 3274 magnus
1980 3214 2026 3275 ο
2058 3205 2305 3272 praecepit
2336 3220 2350 3256 :
2384 3204 2539 3271 hujus
2568 3204 2793 3257 consilio
2825 3204 3155 3272 iniquissimo
3195 3216 3484 3275 comperto,
3517 3210 3625 3278 gla-

371 3304 701 3359 muuerator,
726 3295 1046 3363 pauperibus
1074 3296 1465 3366 eleemosynam
1508 3296 1767 3361 tribuens,
1800 3296 1947 3351 beni-

370 3402 529 3456 gnum
557 3401 616 3441 se
637 3388 883 3441 omnibus
907 3400 959 3440 et
982 3388 1177 3456 pietate
1200 3390 1413 3458 plenum
1441 3387 1751 3441 ostendens.
1777 3386 1951 3441 Vena-

372 3478 518 3531 tionc
546 3478 776 3531 ferarum
803 3479 966 3533 nimia
994 3479 1309 3533 assiduitate
1339 3462 1513 3541 utens,
1535 3486 1588 3532 et
1614 3486 1945 3545 postremum

372 3571 653 3625 mulierum
702 3579 756 3626 et
800 3572 1094 3640 puellarum
1136 3571 1564 3641 suggestionibus
1595 3571 1814 3624 nimium
1852 3586 1946 3625 an-

374 3677 564 3727 nuens,
595 3663 789 3717 ob.boe
817 3664 1030 3732 quidem
1066 3661 1491 3734 blasphematuri
1526 3677 1557 3715 a
1582 3662 1846 3717 leudibus.

449 3754 630 3808 XLI".
668 3752 797 3808 Cum
848 3770 985 3807 anno
1024 3755 1093 3809 30
1121 3755 1267 3825 regni
1296 3754 1375 3809 sui
1415 3753 1731 3825 Burgundia:
1758 3760 1812 3806 et
1838 3753 1946 3805 Au-

447 3917 472 3945 ι
497 3908 737 3974 Plerique
760 3908 921 3972 Editi,
950 3907 1156 3961 Urbana
1171 3924 1303 3960 cum.
1321 3908 1462 3962 Ciar.
1481 3915 1527 3959 et
1550 3906 1649 3960 Cb.
1668 3904 1762 3967 aL,
1785 3902 1945 3959 Orba.

374 3977 670 4045 Utrumque
694 3995 884 4031 nomen
917 3977 1053 4031 Urba
1078 3987 1127 4031 ct
1156 3978 1312 4038 Orba.
1338 3978 1475 4043 apud
1497 3988 1739 4030 auctores
1760 3989 1947 4028 occur-

375 4050 466 4109 rit,
493 4050 644 4115 vulgo
673 4048 867 4103 dicitur
918 4048 1067 4111 Orbe,
1099 4063 1191 4103 seu
1239 4046 1458 4112 ()rbach,
1489 4056 1717 4098 castrum
1747 4058 1948 4113 (νοεηο-

377 4118 505 4187 ntiui
538 4118 695 4172 ﬂuvio
727 4119 1028 4187 impositum
1058 4120 1108 4170 in
1141 4116 1645 4187 Burgunditeiiberu
1669 4116 1943 4187 ctitnitattt.

448 4186 475 4225 ιι
514 4187 663 4242 Colb.
698 4184 816 4242 cuni
851 4188 1113 4256 pleriSque
1140 4189 1325 4246 Editis.
1352 4188 1403 4239 in
1435 4185 1577 4238 Novo
1599 4184 1724 4237 vico.
1757 4184 1949 4256 ltiona-

376 4273 495 4311 vam
520 4258 768 4351 Cointiqs.
789 4251 1166 4351 interpretatur
1201 4258 1413 4351 Bion-net;
1443 4256 1715 4351 Y'inceuna
1734 4254 1820 4351 ιςιιι
1846 4251 1950 4351 .νὶ-

378 4345 550 4400 tenue,
580 4342 671 4383 seu
709 4324 954 4400 Vigemie)
987 4329 1038 4380 in
1071 4330 1277 4383 Ararim
1326 4325 1496 4381 inﬂuit
1529 4340 1691 4394 prope
1734 4324 1951 4376 i’outcm

376 4399 635 4454 Arleium.

453 4478 473 4504 ε
500 4468 588 4523 Sic
616 4482 827 4537 semper
849 4467 988 4522 C'ar.
1010 4470 1073 4522 At
1099 4466 1441 4537 Bolt.,C|t.ict
1460 4464 1642 4537 Frein.
1666 4463 1949 4537 Neptriqm,

378 4536 451 4593 al.
487 4531 750 4605 Neptrico,
785 4538 922 4599 Col.,
975 4540 1150 4606 Bign.,
1191 4531 1335 4601 Bar.,
1371 4536 1532 4589 Boch.
1586 4544 1638 4589 et
1673 4536 1774 4598 Ill.,
1820 4531 1955 4586 Neu-

377 4609 572 4670 ιιι-ἔσω,
597 4609 788 4675 quibus
816 4605 1263 4662 onittibttseadein
1294 4605 1533 4660 Neustria
1558 4606 1880 4675 designatur.

451 4677 474 4713 ά
518 4673 813 4733 Οιθῖίίοηρε
856 4680 1013 4732 iidem
1061 4690 1213 4733 erant
1250 4693 1311 4731 ac
1350 4677 1570 4729 comites
1616 4690 1707 4728 seu
1752 4673 1956 4740 judiccs

378 4764 655 4813 pagorum,
686 4762 739 4800 ut
767 4765 830 4802 ex
864 4749 1022 4802 variis
1049 4747 1352 4805 auctoribus
1381 4747 1609 4812 antiquis
1637 4752 1796 4812 patet,
1822 4756 1955 4811 quos

380 4820 576 4871 vide~is
602 4820 653 4869 iu
687 4819 866 4886 Cangii
898 4820 1194 4874 Glossario.
1224 4821 1325 4871 Eos
1356 4826 1529 4869 autem
1558 4817 1633 4869 sic
1656 4815 1825 4886 dictos
1851 4828 1956 4886 pu-

380 4898 455 4941 tat
483 4888 778 4942 Cbifﬂetius
808 4884 861 4941 in
893 4891 1134 4943 Anastasi
1181 4886 1487 4951 Cbilderici,
1537 4885 1673 4943 quod
1715 4884 1958 4950 graphia-

379 4960 515 5013 l‘illm
549 4960 689 5029 regis
710 4960 1056 5014 cusmdirent.
1092 4959 1383 5029 Gravioucs
1408 4957 1601 5025 passim
1632 4956 1955 5029 scribuntur,

376 5037 435 5081 ct
475 5022 735 5095 hodieque
780 5030 1077 5098 Lantgravii
1120 5028 1258 5099 apud
1307 5022 1600 5081 Germanos
1642 5022 1955 5077 nobilissimi

379 5098 660 5153 habentur.
866 5104 873 5112 '

458 5177 480 5253 ξ
522 5170 629 5253 ξι,
666 5170 1064 5253 [ρζᾳεξςεῑηιξκρῑ
1096 5167 1252 5253 iniria,
1286 5182 1499 5253 coma'nz.

457 5235 477 5277 ί
523 5231 913 5296 Brtinichildem
950 5231 1078 5291 falso
1108 5254 1133 5289 a
1172 5237 1303 5311 Joua
1339 5249 1389 5290 et
1418 5233 1738 5311 Fredegario
1768 5231 1960 5311 inuito-

381 5327 499 5365 rum
546 5312 825 5365 criminum
870 5319 1169 5363 accu~atain
1212 5306 1377 5361 fuisse
1426 5303 1663 5373 pluribus
1689 5303 1963 5355 contendit

379 5381 640 5443 (Zoiutius,
672 5396 854 5452 quem,
885 5383 925 5432 si
956 5380 1122 5446 lubet,
1147 5376 1743 5452 consuletpotissimun-i
1767 5373 1832 5423 ad
1853 5387 1960 5452 ,ειη-

381 5468 506 5507 tium
538 5451 663 5515 615,
697 5450 785 5505 ubi
812 5450 925 5519 ejus
957 5443 1250 5517 apologiam
1288 5443 1586 5521 scribitLac
1617 5443 1959 5521 laudes‘ejus-

381 5523 501 5576 dem
534 5536 594 5573 ex
624 5522 778 5573 tariis
804 5515 1160 5591 monumentis
1192 5515 1959 5591 ροιιιέθτὶιηΕῙιιςβιιιιρὶὶςιιιιη

381 5592 699 5645 describitur
736 5604 946 5657 quoque
978 5590 1028 5641 iii
1061 5588 1206 5642 Marii
1250 5584 1576 5657 appendice;
1618 5584 1792 5635 locum
1833 5584 1964 5634 intc-

381 5676 534 5729 grum
561 5663 722 5716 babes
746 5664 796 5713 iu
815 5659 1107 5729 appendice
1132 5660 1290 5726 hujus
1309 5657 1608 5729 voluminis.

456 5743 481 5779 ι
505 5732 769 5786 Clotarius
792 5731 834 5800 l,
853 5723 997 5784 'Ii'lius
1019 5723 1328 5793 Cblodovei,
1351 5728 1615 5783 defuncds
1638 5723 1889 5778 fratribus
1912 5730 1964 5777 ct

385 5802 667 5870 inermibus
698 5802 830 5866 suis,
860 5802 1217 5856 monarcbiant
1246 5800 1570 5855 obtinuerat.

2050 3293 2141 3349 dio
2167 3294 2433 3348 trucidare
2456 3293 2632 3361 jussit.

2123 3388 2223 3441 Au.
2256 3401 2437 3440 ocxvt.
2472 3416 2542 3425 —
2567 3386 2719 3439 Anno
2756 3386 2869 3442 ὅδε]
2907 3384 3051 3454 regni
3082 3384 3375 3439 Chlotbarii
3405 3387 3630 3441 Warna-

2054 3477 2291 3533 charium
2323 3474 2577 3545 majorem
2607 3473 2795 3529 domus
2825 3491 2942 3529 cum
2984 3477 3240 3532 universis
3270 3472 3627 3546 pontiﬁcibus,

2054 3568 2145 3623 sed
2172 3579 2223 3622 et
2255 3565 2762 3636 Burgtindiefaroncs
2792 3576 2812 3603 ι’
2849 3567 3112 3637 Beuogelo
3136 3570 3253 3622 villa
3277 3570 3339 3623 ad
3366 3585 3424 3625 se
3454 3574 3632 3626 venire

2055 3657 2326 3728 prmcepit,
2358 3656 2537 3725 ibique
2577 3657 2788 3709 cunctis
2817 3657 3025 3717 illorum
3056 3658 3215 3729 625
3238 3660 3394 3730 justis
3425 3664 3632 3731 petitio-

2057 3748 2210 3803 uibus
2232 3760 2491 3809 annuens,
2527 3746 2971 3814 prteceptionibus
3002 3750 3235 3803 roborat.

2129 3906 2156 3946 δ
2196 3908 2355 3975 Bob.,
2386 3924 2473 3976 per
2505 3909 2755 3962 sexdecim
2785 3926 2967 3964 annos.
3004 3912 3185 3977 Frelt.,
3218 3924 3329 3982 post
3352 3915 3636 3985 quindecim

2057 3996 2255 4131 ω”ἷῗῗὲι
2294 4054 2394 4106 est.
2427 4045 2774 4117 vituperatur,
2801 4052 2987 4118 gailiee
3018 4052 3198 4118 blame,
3232 4064 3286 4106 ut
3311 4055 3420 4125 jam
3452 4058 3637 4113 obser-

2062 4134 2395 4271 jai‘jtgiitstsn.
2433 4197 2487 4244 et
2527 4187 2688 4244 Freh.
2712 4229 2729 4256 ,
2773 4188 3110 4245 Theudtlanis
3180 4192 3280 4245 Cb.
3312 4193 3418 4260 ul.,
3464 4193 3639 4250 Eude-

2059 4257 2288 4382 laﬂkuéic
2323 4326 2581 4388 Clarom.,
2610 4328 2827 4393 optime.
2856 4326 3007 4381 Colb.
3040 4337 3094 4381 et
3124 4329 3344 4395 Cnesn.,
3376 4332 3638 4387 Μαντοιοο

2059 4398 2228 4471 giam;
2257 4400 2358 4471 C_b.
2400 4398 2497 4471 ab,
2536 4394 3106 4471 _.l!aurolegico._Editi
3156 4394 3419 4468 plerique,
3466 4405 3641 4458 vitiant

2060 4466 2405 4537 Ἀυᾷνοιερὶιηη.
2437 4467 2509 4522 De
2536 4466 2633 4519 hac
2660 4481 2815 4537 supra
2848 4466 3095 4537 diximus.

2138 4535 2154 4573 ¹
2185 4534 2269 4609 Sic
2298 4538 2629 4609 Clarom.,_at
2659 4534 2821 4609 βου)ἱ
2842 4546 2895 4609 et
2922 4536 3056 4609 Boii.
3094 4553 3215 4593 cum
3247 4539 3417 4596 Editis
3447 4544 3639 4609 pleris-

1986 4582 2039 4643 Ι)
2062 4622 2187 4681 que,
2214 4582 2625 4681 Sidoizeusis.,Et
2644 4607 2721 4681 sic
2742 4604 2987 4681 inferius.
3011 4582 3280 4681 Sedunum
3291 4582 3639 4681 3.3733320},

2064 4674 2113 4730 in
2148 4678 2375 4741 Valesia,
2410 4678 2475 4730 de
2505 4688 2604 4744 qua
2640 4678 2771 4729 urbe
2796 4674 2908 4744 jam
2940 4678 3188 4733 diximus.

2131 4758 2166 4784 ιε
2193 4748 2353 4804 Freb.
2370 4747 2812 4818 etCli.__,potricius
2827 4747 2933 4818 qui.
2965 4750 3254 4818 .qcciperel.
3278 4750 3645 4818 Ed.uonnulli,

2059 4825 2113 4873 et
2140 4820 2216 4871 sic
2256 4834 2485 4885 semper,
2518 4815 2835 4887 Bertriudem,
2868 4816 2961 4887 ab,
2994 4815 3319 4872 Beremtdem
3347 4815 3638 4887 appellant;

2060 4896 2157 5011 Ch?
2195 4887 2345 4967 Colit.
2377 4883 2434 4943 et
2461 4888 2545 4941 alii
2577 4886 2739 4950 Editi,
2768 4887 2862 4939 sub
2902 4883 3183 4940 Chlotario.
3217 4883 3521 4959 Freinpsa
3547 4895 3641 4944 sub

2159 4970 2336 5010 οων-ευ.

2103 4958 2336 5010 hletario.

2138 5037 2161 5061 (ι
2192 5029 2325 5081 Editi
2346 5026 2613 5093 plerique,
2641 5025 2709 5077 ad
2738 5024 2943 5075 domum
2964 5024 3187 5078 Anatasii
3214 5027 3424 5081 abbatis.
3460 5027 3548 5084 Sic
3590 5040 3647 5087 et

2062 5097 2236 5160 Colb.,
2268 5100 2354 5165 qui
2386 5113 2503 5150 cum
2538 5094 2696 5148 Frelt.
2719 5105 2771 5146 et
2911 5094 2980 5147 al.
3011 5096 3167 5165 liabet
3194 5099 3463 5153 Austrasii.
3493 5100 3540 5153 Is
3561 5110 3647 5159 est

2065 5163 2592 5242 saueinSLEustasins
2623 5166 2761 5218 beati
2813 5163 3144 5242 (iti'lttnibani_
3161 5182 3458 5242 successor,
3495 5170 3646 5242 cujus

2064 5240 2167 5289 vita
2192 5252 2254 5289 ex
2280 5236 2410 5290 Jona
2438 5236 2659 5286 habetur
2686 5233 2882 5286 sacculo
2913 5251 2944 5286 n
2974 5237 3168 5291 ticned.
3196 5240 3332 5295 inter
3355 5233 3484 5296 Acta
3506 5233 3641 5297 Sin-

2065 5318 2293 5368 etornin,
2324 5306 2388 5356 ad
2421 5319 2615 5361 annum
2645 5305 2767 5356 ωδ.

2138 5386 2164 5449 P_
2201 5376 2364 5449 Ciam,
2413 5374 2749 5449 diasolafimi.
2785 5372 2952 5443 Hujus
2981 5376 3119 5431 vilia:
3141 5380 3275 5433 situs
3304 5382 3512 5449 ignotus
3536 5389 3641 5437 est.

2072 5446 2201 5500 \‘itlc
2234 5446 2322 5496 liii.
2354 5460 2402 5497 Iv
2425 5444 2492 5497 de
2517 5445 2591 5510 lic
2617 5443 2899 5510 Diplontat.

2138 5526 2163 5564 τι
2202 5515 2459 5638 Sic6:.'_i:tr.
2493 5506 2694 5570 Caneri
2718 5528 2904 5569 euntes
2927 5532 3046 5570 cum
3079 5519 3342 5579 Ainioino.
3388 5536 3524 5573 anno
3552 5520 3645 5588 ξι,

2144 5594 2246 5638 ρει.
2358 5602 2401 5638 ι.

2068 5588 2118 5642 id
2144 5594 2246 5645 est,
2277 5585 2401 5638 6|7.

2142 5665 2163 5695 τ
2205 5655 2294 5709 Sic
2323 5654 2488 5718 Clar.;
2527 5664 2580 5725 at
2621 5651 2770 5706 Colb.
2812 5672 2930 5708 cum
2960 5657 3121 5721 Edit.,
3163 5658 3481 5725 pontiﬁcibus
3519 5660 3647 5711 ηυγ.

2069 5728 2272 5796 grandia:
2300 5734 2343 5779 ct
2370 5724 2648 5796 fatentibus.
2689 5724 2817 5796 linit.
2840 5765 2855 5787 ,
2892 5724 3201 5792 b’urgtmltu’
3231 5729 3442 5793 formiis.
3473 5731 3647 5780 Cano.

2070 5791 2169 5853 nes
2191 5798 2371 5853 decent
2391 5810 2451 5845 ex
2481 5794 2596 5846 θανά.
2630 5806 2725 5846 uis.
2756 5791 3065 5849 illietnensi‘:
3092 5791 3340 5855 δηλωθείη
3373 5798 3529 5857 Πίυῐι
3554 5801 3649 5854 Iun.
