3982 6346
156 415 268 473 637

1595 381 2009 441 CIIRONIGUM.

3327 383 3431 442 638

153 524 531 585 resumebant.
566 519 687 575 Ideo
739 515 940 573 Befulci
986 509 1313 569 vocabantur
1355 521 1386 562 a
1426 504 1651 569 Chunis,
1681 518 1748 559 eo
1775 501 1828 563 Δ
1851 501 2012 566 ciam,
2043 498 2292 569 superbia
2335 499 2529 563 elatus,
2565 497 2824 554 adversus
2851 498 3211 554 Charoaldum
3249 513 3429 569 regem

155 618 310 688 quod
342 614 541 681 duplici
565 611 620 666 in
645 607 1033 678 congressione
1061 600 1372 659 certaminis
1389 599 1578 654 vestita
1609 610 1750 666 prte-

155 686 232 763 lia
267 707 526 762 facientes
568 712 692 757 ante
719 699 937 755 Chunos
982 694 1420 765 przecederenti.
1457 687 1630 746 Chuni
1681 686 1746 741 ad

157 797 514 856 hiemandum
563 793 718 847 anuis
777 789 999 858 singulis
1051 788 1104 840 in
1157 785 1380 840 Sclavos
1431 780 1745 842 veniebam;

161 903 371 944 uxores
407 887 721 940 Selavorum
749 890 804 935 et
846 879 982 932 ﬁlias
1011 891 1195 932 eorum
1241 883 1410 928 stratu
1438 869 1747 931 sumebant;

160 982 370 1035 tributa
400 993 564 1045 super
589 976 722 1028 alias
743 971 1122 1041 oppressiones
1151 966 1330 1023 Selavi
1353 965 1557 1019 Chunis
1579 962 1752 1016 solve-

158 1075 318 1128 bant.
352 1070 473 1125 Filii
499 1067 833 1131 Chunorum,
865 1076 998 1130 quos
1028 1061 1081 1114 in
1116 1072 1312 1113 uxores
1335 1054 1671 1109 Winidorum
1697 1059 1752 1104 et

162 1165 305 1219 ﬁlias
329 1168 717 1230 generaverant
746 1157 795 1222 δ,
829 1156 1041 1210 tandem
1089 1167 1192 1206 non
1243 1149 1562 1204 sufferentes
1615 1145 1752 1198 hanc

163 1255 428 1309 malitiam
462 1254 602 1306 ferre
635 1258 688 1305 et
711 1247 1141 1318 Oppressionem,
1163 1241 1474 1297 Chunorum
1504 1236 1753 1290 domina-

163 1348 371 1400 tionem
398 1350 676 1412 negantes,
711 1349 768 1392 ut
794 1353 953 1403 supra
1004 1333 1248 1396 memini,
1278 1336 1554 1398 coeperant
1580 1323 1754 1378 rebel-

164 1436 457 1490 lare.Cum
486 1433 537 1486 in
562 1430 798 1486 exercitu
831 1427 1033 1481 Winidi
1064 1434 1246 1480 contra
1275 1421 1496 1476 Chunos
1529 1418 1753 1471 fuissent

163 1527 435 1596 aggressi,
453 1526 616 1581 Samo
639 1523 935 1591 negotians,
953 1519 1019 1574 de
1046 1533 1150 1586 quo
1168 1514 1458 1570 memoravi
1479 1511 1749 1580 superius,

164 1633 294 1672 cum
326 1616 459 1686 ipsis
491 1616 545 1669 in
573 1614 806 1668 exercitu
838 1608 1097 1678 perrexit,
1133 1607 1312 1674 ibique
1336 1614 1478 1657 tanta
1510 1602 1626 1667 ejus
1658 1598 1753 1652 fuit

168 1711 398 1776 utilitas,
443 1717 501 1762 ut
551 1708 743 1760 mirum
793 1704 997 1766 fuisset,
1039 1709 1093 1755 et
1140 1697 1302 1752 nimia
1354 1692 1638 1748 multitudo
1685 1691 1754 1744 de

164 1803 378 1859 Chunis
420 1798 597 1870 gladio
628 1795 965 1852 Winidorum
1015 1790 1277 1845 trucidata
1317 1787 1524 1840 fuisset.
1550 1783 1747 1839 Winidi

1852 602 2091 662 cmperat
2113 591 2397 647 rebellare.

1923 704 2010 759 LI.
2039 703 2391 772 Gundeberga
2420 717 2598 772 regina
2630 715 2748 756 cum
2770 708 2912 754 esset
2935 700 3153 768 pulchra
3182 709 3424 767 aspectu,

1853 795 2078 867 benigna
2131 794 2181 849 in
2230 793 2452 858 cunctis,
2510 805 2562 848 et
2629 796 2826 862 pietate
2872 789 3203 860 plenissima,
3273 790 3426 842 Citri-

1853 889 2044 951 stiana,
2077 887 2433 956 eleemosyuis
2464 887 2634 954 larga,
2655 885 2994 952 prmeellente
3026 883 3261 935 bonitate
3291 883 3428 950 ejus,

1853 981 2172 1051 diligebatur
2193 995 2220 1032 a
2250 979 2477 1033 cunctis.
2509 977 2679 1032 IIomo
2701 978 2938 1046 quidam,
2969 976 3183 1029 nomine
3211 975 3427 1028 Adalul-

1856 1073 1957 1134 fus,
1990 1088 2054 1126 ex
2092 1085 2288 1139 genere
2318 1068 2812 1138 Langobardorum,
2847 1082 2968 1122 cum
2998 1067 3050 1120 in
3079 1067 3196 1120 aula
3250 1064 3429 1134 palatii

1852 1163 2065 1218 assidue
2095 1163 2160 1217 ad
2190 1162 2502 1231 obsequium
2535 1161 2674 1230 regis
2727 1168 3161 1222 conversaretur,
3201 1159 3429 1225 quadam

1855 1256 1974 1310 vice
2014 1255 2078 1308 ad
2111 1254 2347 1322 reginam
2393 1253 2634 1315 veniens,
2667 1267 2786 1304 eum
2829 1251 2880 1304 in
2924 1253 3043 1318 ejus
3085 1258 3253 1303 staret
3296 1263 3428 1302 eon-

1852 1357 2060 1414 spectu,
2093 1345 2443 1413 Gundeberga
2484 1343 2666 1413 regina
2691 1358 2813 1396 eum
2842 1343 2982 1395 sicut
3007 1350 3061 1395 et
3090 1350 3318 1393 caateros
3349 1339 3432 1390 di-

1856 1438 2047 1506 ligens,
2077 1432 2210 1490 dixit
2255 1438 2493 1488 honestae
2539 1444 2758 1488 staturae
2802 1430 3109 1487 Adalull‘um
3140 1430 3300 1483 fuisse
3327 1427 3433 1481 for-

1857 1538 2078 1582 matum.
2115 1527 2206 1580 Ille
2236 1529 2349 1580 haec
2380 1524 2602 1579 audiens
2632 1523 2698 1576 ad
2731 1523 3139 1591 Gundebergam
3171 1521 3431 1574 secretius

1855 1618 1950 1681 ait,
1986 1617 2198 1670 dicens:
2224 1613 2473 1669 Formam
2491 1621 2660 1668 status
2692 1613 2793 1665 mei
2815 1621 2838 1647 °
2865 1611 3082 1665 laudare
3113 1611 3323 1680 dignata
3353 1624 3436 1676 es,

1855 1705 2046 1760 stratui
2098 1715 2187 1756 tuo
2224 1702 2356 1772 jube
2386 1718 2472 1755 me
2515 1701 2854 1770 subiungere.
2890 1699 2984 1753 Illa
3016 1698 3223 1752 fortiter
3268 1699 3435 1752 deue-

1858 1809 2009 1864 gans,
2039 1807 2267 1861 eumque
2290 1790 2586 1859 deSpieieus
2615 1790 2667 1843 in
2716 1790 2902 1843 faciem
2951 1789 3182 1856 exspuit.
3218 1786 3436 1841 Adalul«

163 1904 459 1952 cernentes
491 1893 773 1947 utilitatem
819 1886 1088 1951 Samonis,
1116 1900 1239 1939 eum
1271 1898 1432 1951 super
1461 1896 1520 1936 se
1549 1881 1748 1948 eligunt
1785 1857 1832 1917 Β
1860 1889 1940 1940 rus
1962 1899 2188 1939 cernens
2217 1885 2449 1954 629“
2478 1883 2601 1935 vim
2626 1882 2921 1950 periculum
2946 1879 3165 1942 habere,
3192 1877 3259 1932 ad
3289 1877 3429 1932 una-

166 2001 380 2056 regem,
399 1985 491 2039 ubi
522 1982 736 2052 triginta
764 1980 1000 2051 quinque
1031 1990 1199 2030 annos
1229 1973 1474 2043 regnavit
1503 1972 1751 2025 feliciter.

167 2080 335 2135 Plura
380 2075 562 2146 praelia
609 2083 796 2128 contra
845 2070 1064 2126 Chunos
1114 2082 1213 2121 suo
1263 2064 1524 2135 regimine
1553 2061 1753 2115 Winidi

164 2178 473 2240 gesserunt,
508 2181 606 2221 suo
648 2165 872 2220 consilio
917 2171 972 2218 et
1017 2161 1250 2216 utilitate
1295 2157 1496 2212 Winidi
1542 2171 1756 2220 semper

166 2266 522 2331 superarunt.
553 2257 717 2312 Samo
766 2253 1048 2309 duodecim
1093 2253 1286 2305 uxores
1325 2263 1388 2302 ex
1420 2263 1614 2314 genere
1643 2245 1756 2299 Wi~

168 2350 430 2404 nidorum
478 2345 728 2408 habebat,
758 2343 827 2398 de
871 2342 1062 2412 quibus
1111 2339 1294 2408 viginti
1339 2337 1477 2392 duos
1522 2337 1658 2391 ﬁlios
1701 2344 1754 2390 et

163 2440 477 2511 quindecim
507 2438 639 2492 ﬁlias
661 2434 867 2491 habuit.

246 2532 432 2588 XLIX.
464 2532 690 2600 Ipsoque
709 2542 852 2582 anno
874 2525 942 2579 40
962 2523 1282 2585 Chlotharii,
1304 2519 1630 2576 Adaloaldus
1656 2535 1754 2573 rex

167 2623 648 2695 Langobardorum
695 2618 835 2673 ﬁlius
878 2618 1080 2686 Agonis
1125 2615 1441 2685 regis,-cum
1491 2612 1623 2681 patri
1657 2626 1756 2665 suo

168 2716 531 2774 successisset
556 2713 720 2784 628
741 2711 793 2764 in
827 2722 1014 2777 regno,
1049 2706 1275 2775 legatum
1316 2703 1552 2757 Mauricii
1587 2703 1756 2770 impe-

170 2809 392 2871 ratoris,
426 2807 643 2860 nomine
680 2801 990 2864 Eusebium,
1025 2799 1301 2866 ingeniose
1342 2795 1408 2850 ad
1439 2810 1498 2850 se
1523 2795 1751 2849 venien-

172 2911 285 2956 tem
318 2897 550 2966 benigne
570 2896 826 2962 suscepit.
854 2892 1111 2945 lnunctus
1137 2888 1187 2941 in
1218 2887 1408 2940 balneo
1433 2885 1614 2938 nescio
1637 2884 1755 2953 qui-

170 2991 276 3046 bus
330 2985 614 3058 unguentis
661 2984 730 3036 ab
777 2983 893 3050 ipso
925 2978 1157 3033 Eusebio
1210 2974 1661 3045 persuadebatur;
1704 2980 1758 3027 et

173 3090 300 3151 post
330 3081 468 3134 hanc
498 3077 802 3132 unctionem
854 3071 1211 3141 nequidquam
1261 3067 1427 3131 aliud,
1464 3067 1564 3119 nisi
1613 3065 1754 3134 quod

173 3176 247 3229 ab
278 3171 510 3227 Eusebio
542 3169 874 3231 hortabatur,
902 3165 1078 3217 facere
1105 3169 1330 3230 poterat.
1365 3159 1662 3213 Persuasus
1689 3157 1757 3211 ab

174 3267 297 3335 ipso
339 3270 395 3317 ut
422 3262 676 3331 primates
713 3264 768 3312 et
799 3255 1086 3310 nobiliores
1105 3225 1329 3306 cunctos
1351 3251 1403 3304 in
1431 3265 1595 3319 regno
1617 3248 1753 3302 Lan-
1779 3225 1829 3291 (ἶ

174 3353 534 3428 gobardorum
557 3348 856 3404 interﬁcere
892 3343 1185 3407 ordinaret,
1219 3340 1421 3396 eisdem
1452 3338 1753 3402 exstinctis,

177 3463 240 3502 se
268 3459 391 3499 cum
418 3440 561 3497 omni
592 3451 752 3510 gente
791 3434 1261 3506 Langobardorum
1295 3431 1522 3500 imperio
1553 3428 1756 3484 Mauri-

178 3538 249 3592 cii
275 3535 532 3591 traderet.
572 3529 726 3597 Quod
754 3543 876 3585 cum
902 3527 1012 3597 jam
1040 3523 1320 3579 duodecim
1365 3537 1430 3577 ex
1464 3520 1565 3587 eis,
1595 3519 1759 3574 nullis

179 3627 354 3698 culpis
373 3622 730 3688 exstantibus,
747 3617 924 3690 gladio
949 3616 1288 3680 trucidasset,
1318 3612 1507 3680 reliqui
1532 3625 1760 3666 cernen-

181 3731 266 3776 tes
306 3732 492 3774 eorum
521 3729 641 3770 esse
669 3712 792 3768 vitae
823 3711 1140 3781 periculum,
1180 3707 1241 3762 L.
1274 3704 1632 3760 Charoaldum
1662 3705 1762 3759 du-

179 3825 305 3868 cem
336 3806 744 3872 Taurinensem,
793 3802 882 3872 qui
930 3814 1237 3871 germanam
1293 3797 1571 3852 Adaloaldi
1620 3797 1761 3866 regis

183 3903 418 3960 habebat
444 3914 687 3964 uxorem,
714 3896 932 3952 nomine
977 3892 1409 3961 Gundebergam,
1439 3905 1626 3946 omnes
1675 3905 1763 3946 se-

181 3998 371 4052 niores
425 4005 478 4048 et
526 3990 848 4047 nobilissimi
897 3985 1371 4053 Langobardorum
1432 3983 1606 4053 gentis
1657 3998 1764 4038 uno

183 4089 556 4158 conspirantes
609 4083 854 4146 consilio,
888 4081 939 4135 in
972 4091 1191 4148 regnum
1233 4076 1436 4146 eligunt
1463 4075 1763 4130 subliman-

184 4183 338 4236 dmn.
394 4175 740 4240 Adaloaldus,
801 4186 1008 4226 veneno
1063 4168 1251 4221 hausto
1286 4176 1337 4232 α,
1368 4166 1583 4219 interiit.
1625 4164 1765 4220 Cha-

187 4273 412 4331 roaldus
439 4271 618 4323 statim
653 4281 874 4336 regnum
911 4263 1156 4330 arripuit.
1179 4260 1320 4315 Taso
1346 4274 1487 4314 unus
1522 4274 1586 4312 ex
1617 4259 1768 4313 duci-

187 4366 289 4421 bus
319 4359 790 4446 Langoba'rdorum
820 4370 940 4412 cum
960 4361 1140 4424 ageret
1161 4351 1458 4408 Tuscanam
1489 4347 1516 4386 (ι
1546 4349 1762 4419 provin-

264 4572 289 4598 ³·
322 4561 463 4616 Editi
511 4569 566 4614 ut
610 4555 914 4626 plurimum,
946 4554 1215 4610 certamine
1251 4551 1539 4605 utebantur.
1571 4548 1761 4617 Chatti,

189 4644 299 4744 cmi:
324 4703 452 4764 Alii,
479 4701 532 4753 in
562 4699 924 4754 uxoribus..."
956 4705 1002 4748 et
1064 4694 1264 4759 ﬁliabus
1295 4691 1622 4759 generabant.

268 4787 292 4815 ε
326 4776 415 4828 Sic
437 4761 533 4826 Ch.
567 4784 620 4824 et
647 4771 842 4832 Freh.;
870 4768 959 4820 alii
990 4766 1110 4827 Ed.,
1144 4780 1330 4817 veneno
1358 4765 1594 4830 infectus.
1624 4761 1766 4815 Clar.

192 4856 246 4900 et
276 4845 439 4900 Freh.
493 4841 590 4908 aL,
628 4852 828 4893 auctus.
879 4838 1007 4891 Item
1043 4847 1100 4908 et
1127 4835 1288 4908 Frelt.
1332 4834 1425 4900 aL,
1468 4842 1668 4908 unctus.
1704 4832 1769 4884 Et

196 4919 332 4970 infra
363 4914 505 4967 Taso
533 4902 673 4981 apud
703 4910 864 4964 Ches.
898 4910 970 4962 al.
1003 4907 1194 4960 dicitur
1223 4902 1356 4956 Taro
1386 4915 1438 4957 et
1461 4904 1583 4967 Aw,
1607 4911 1663 4956 et
1691 4904 1769 4955 sie

193 4987 416 5108 ωείηέὶο
441 5051 588 5106 Clar.
621 5050 783 5104 Frch.
809 5048 880 5102 al.
913 5055 967 5102 et
995 5045 1156 5098 Ches.
1175 5043 1273 5105 al.,
1298 5042 1347 5095 id
1379 5050 1478 5100 est.
1507 5039 1766 5093 Tusciam.

195 5127 296 5182 Alii
317 5127 372 5178 in
399 5124 696 5175 Tussirana.
720 5120 828 5184 AL,
858 5128 1064 5171 teneret.
1083 5115 1154 5168 De
1171 5114 1396 5167 'Iasouis
1423 5127 1574 5171 nece.
1608 5111 1767 5184 inira,

195 5213 347 5250 num.
381 5195 472 5248 69.
502 5190 834 5245 Charoaldus
881 5204 910 5240 a
940 5188 1101 5240 I’aulo
1144 5185 1288 5236 hinc.
1322 5184 1410 5235 lib.
1444 5199 1491 5234 tv
1534 5183 1770 5248 appella-

199 5279 286 5321 tur
314 5261 642 5322 Rodoaldus,
666 5272 720 5315 et
748 5261 826 5314 sie
860 5260 957 5310 Ch.
980 5258 1052 5309 al.
1075 5272 1088 5318 ;
1117 5255 1212 5307 sed
1241 5262 1448 5307 veteres
1475 5254 1768 5320 praemitte-

200 5341 330 5390 bant
361 5338 589 5388 litteram
623 5333 687 5395 Il,
715 5341 768 5384 et
792 5327 1192 5383 Chrodoaldum
1244 5323 1673 5395 pronuntiabant.
1708 5322 1764 5395 Si

204 5420 383 5459 tamen
418 5414 560 5458 reeta
590 5392 885 5466 temporum
915 5397 1082 5451 series
1103 5395 1440 5466 observetur,
1461 5393 1545 5444 hic
1563 5392 1768 5466 Arioal-

199 5479 302 5530 dus
326 5476 444 5540 fuit,
463 5474 548 5526 eui
580 5462 848 5531 Rotharis,
868 5483 1024 5535 quem
1053 5465 1183 5540 infra
1208 5462 1766 5540 nosterauetortjbio:

201 5547 396 5600 tarium
432 5531 693 5612 'appellat,
726 5531 1008 5612 successit,
1041 5545 1094 5589 et
1134 5535 1256 5588 huic
1305 5532 1629 5612 liodoaldus:
1663 5531 1766 5612 §ed

199 5630 323 5684 qua:
365 5614 451 5667 hic
481 5600 578 5684 ’δεῖ
609 5600 1240 5684 Charoaldodieti‘ntur,
1266 5604 1567 5684 tribuuntur
1610 5600 1767 5679 infra,

199 5669 327 5753 cap.
372 5685 440 5737 70
477 5690 534 5737 et
569 5683 659 5746 71,
699 5678 1000 5753 Qhrotario.
1048 5675 1114 5728 Et
1153 5674 1383 5753 quidem,
1425 5669 1769 5753 Fredegarius

201 5739 678 5824 langobardoruut
717 5742 1243 5824 historiamnoutuiuo
1276 5741 1566 5813 perturbat.
1598 5739 1675 5797 De
1706 5754 1767 5795 ea

200 5816 417 5896 legendi
447 5825 595 5879 Pauli
626 5820 840 5877 Diacoui
871 5833 964 5873 sex
995 5816 1140 5870 libri.

1859 1983 2100 2037 roaldum
2133 1997 2311 2051 regem
2349 1978 2586 2049 protinus
2629 1975 2886 2038 cucurrit,
2923 1984 3110 2043 petens
3152 1981 3209 2026 ut
3254 1987 3433 2026 secre-

1860 2073 1965 2128 tius
1993 2074 2132 2143 quod
2158 2072 2227 2127 ad
2246 2068 2638 2140 suggerendum
2671 2067 2920 2133 habebat,
2946 2071 3264 2132 exponeret.
3290 2061 3432 2115 Loco

1857 2174 2101 2234 accepto,
2129 2163 2266 2218 dixit
2307 2162 2376 2215 ad
2421 2175 2646 2230 regem:
2680 2159 2904 2213 Domina
2950 2171 3069 2211 mea
3118 2157 3299 2224 regina
3346 2165 3434 2207 tua

1857 2258 2209 2324 Gundeberga
2256 2253 2395 2323 apud
2424 2251 2693 2307 Tasonem
2733 2249 2926 2304 ducem
2974 2248 3234 2302 secretius
3263 2245 3436 2298 tribus

1857 2351 2048 2406 diebus
2089 2348 2262 2402 locuta
2291 2356 2394 2410 est,
2423 2355 2478 2400 ut
2504 2353 2559 2400 te
2594 2357 2801 2399 veneno
2842 2340 3186 2402 interﬁceret,
3238 2337 3436 2407 ipsum-

1856 2459 1961 2514 que
1988 2443 2087 2496 sibi
2114 2439 2457 2510 conjugatum
2486 2437 2801 2502 sublimat-et
2824 2435 2875 2488 in
2906 2447 3151 2500 regnum.
3179 2429 3436 2484 Charoal-

1858 2533 1957 2586 dus
1997 2546 2090 2585 rex
2136 2529 2219 2582 his
2263 2527 2558 2582 mendaciis
2597 2525 2794 2579 auditis
2832 2523 3079 2585 credens,
3112 2519 3435 2574 Gundeber-

1860 2640 1980 2693 gam
2010 2622 2062 2676 in
2106 2618 2383 2675 Caumello
2416 2616 2434 2655 ί
2483 2627 2660 2671 castro
2700 2616 2751 2669 in
2804 2629 2964 2667 unam
3008 2622 3207 2665 turrem
3240 2609 3434 2663 exsilio

1858 2714 2041 2770 trudit.
2072 2711 2418 2767 Chlotharius
2466 2707 2675 2778 legatos
2720 2706 2953 2774 dirigens
2981 2702 3046 2756 ad
3080 2700 3435 2756 Charoaldum

1859 2822 2065 2878 regem,
2104 2805 2385 2873 inquirens
2421 2816 2521 2870 qua
2550 2800 2616 2854 de
2643 2814 2702 2853 re
2743 2795 3150 2864 Gundebergam
3193 2795 3432 2864 reginam

1860 2905 2132 2969 parentem
2169 2894 2494 2948 Francorum
2529 2901 2554 2937 8
2589 2889 2942 2950 humiliasset,
2973 2899 3025 2940 ut
3053 2885 3243 2940 exsilio
3270 2895 3436 2938 retru-

1858 2989 2042 3044 disset.
2085 2980 2519 3040 Cbaroaldusltis
2551 2978 2731 3033 verbis
2768 2976 3118 3031 mendacibus
3158 2977 3310 3043 quasi
3339 2989 3433 3026 ve-

1862 3080 2017 3134 ritate
2046 3075 2426 3138 subsisterent,
2458 3068 2758 3138 respoudit.
2788 3055 2939 3121 T'unc
2973 3080 3108 3117 unus
3129 3080 3193 3116 ex
3237 3063 3436 3132 legata-

1862 3173 1972 3236 riis,
2001 3168 2218 3224 nomine
2242 3163 2570 3228 Ansoaldus,
2591 3177 2696 3215 non
2728 3159 2882 3229 quasi
2905 3157 3201 3227 iniunctum
3221 3156 3436 3209 habuis-

1859 3272 1962 3327 set,
1993 3261 2086 3316 sed
2118 3277 2185 3315 ex
2220 3275 2277 3313 se
2298 3259 2363 3312 ad
2395 3255 2752 3310 Charoaldum
2781 3253 2918 3306 dixit
2950 3268 2964 3304 :
3002 3251 3258 3306 Liberare
3291 3260 3437 3315 pote-

1859 3372 1944 3410 ras
1974 3356 2041 3410 de
2069 3351 2393 3421 blasphemia
2416 3347 2508 3420 [Id
2539 3341 2846 3415 est,,blame]
2875 3343 3010 3397 hanc
3031 3356 3281 3404 causam;
3310 3339 3439 3406 jube

1861 3450 2006 3504 illum
2037 3445 2308 3500 hominem
2339 3442 2430 3512 qui
2460 3437 2833 3508 hujuscemodi
2858 3435 3018 3490 verba
3051 3432 3141 3486 tibi
3175 3432 3439 3486 nuntiavit

1861 3538 2077 3601 armari,
2110 3549 2162 3591 et
2207 3532 2460 3603 procedat
2507 3530 2644 3584 alius
2689 3529 2756 3584 de
2787 3538 2935 3594 parte
2969 3525 3171 3596 regina:
3219 3523 3439 3578 Gimde-

1866 3631 2077 3699 bergae;
2131 3627 2328 3696 quique
2376 3631 2613 3678 armatus
2653 3619 2719 3674 ad
2751 3619 3019 3687 singulare
3048 3625 3347 3677 certamen,
3380 3625 3439 3669 ut

1858 3718 2059 3789 judicio
2088 3716 2178 3771 Dei
2209 3712 2258 3780 ιι,
2285 3713 2369 3768 his
2415 3711 2622 3766 duobus
2656 3706 3098 3777 confligentibus,
3145 3718 3439 3771 cognosca-

1865 3819 1951 3865 tur
1977 3818 2157 3863 utrum
2199 3804 2354 3874 huius
2381 3801 2550 3871 culpa:
2581 3797 2931 3868 reputatioitis
2978 3794 3334 3864 Gundeberga
3367 3792 3442 3848 sit

1869 3899 2107 3964 innoxia,
2148 3913 2213 3950 an
2262 3894 2488 3949 fortasse
2535 3890 2840 3960 culpabilis.
2869 3889 3110 3956 Cumque
3140 3886 3254 3940 ha-e
3297 3885 3442 3938 Cha-

1867 3991 2052 4046 roaldo
2070 3988 2180 4058 regi
2198 3994 2251 4041 et
2276 3983 2523 4040 omnibus
2554 3980 2865 4050 primatibus
2893 3977 3075 4046 palatii
3101 3976 3183 4030 sui
3214 3974 3444 4038 placuis-

1866 4090 2005 4144 sent,
2029 4079 2181 4148 jubet
2200 4073 2503 4130 Adalull‘um
2524 4080 2785 4124 armatum
2815 4069 3118 4122 conﬂictum
3144 4066 3292 4119 adire
3315 4079 3442 4118 cer-

1868 4172 2103 4235 taminis,
2157 4177 2212 4223 et
2259 4167 2327 4221 de
2375 4172 2525 4233 parte
2574 4159 2946 4227 Gundebergze
2999 4157 3442 4226 procurrentibus

1867 4258 2204 4318 consobrinis
2255 4254 2622 4321 Gundebergte
2675 4257 2730 4304 et
2776 4248 3024 4302 Ariberto
3063 4245 3108 4312 ί,
3141 4246 3320 4310 homo,
3348 4262 3443 4298 no-

1870 4355 2013 4410 mine
2047 4353 2206 4417 Pitto,
2236 4355 2420 4403 contra
2460 4340 2765 4398 Adalull‘um
2816 4347 3055 4393 armatus
3100 4337 3440 4408 aggreditur.

1948 4558 1972 4584 θ
2007 4545 2130 4607 Alii,
2158 4551 2365 4595 statura:
2392 4553 2536 4592 mete.

1951 4615 1969 4655 τ
2002 4600 2130 4678 Alii,
2152 4613 2397 4668 (lamella.
2446 4610 2536 4662 Est
2574 4605 2922 4678 Laumellum,
2963 4603 3122 4671 hodie
3147 4602 3296 4658 vicus
3325 4600 3435 4658 exi-

1870 4702 2004 4759 guus
2029 4687 2087 4759 iu
2115 4677 2385 4759 ’Insubr‘ia,
2423 4677 2876 4759 Lantelrlgtlietus:

1944 4769 1968 4805 ε
2003 4757 2128 4811 Erat
2151 4752 2363 4822 Agilulﬁ
2390 4751 2530 4822 regis
2555 4744 3014 4822 et_'I_'heo_de_lin_d:e
3035 4742 3161 4808 ﬁlia,
3189 4759 3253 4822 ex
3284 4743 3447 4797 Paula

1875 4830 2021 4882 Diac.
2071 4826 2160 4878 lib.
2199 4813 2263 4876 ’ἰν
2308 4837 2425 4887 cap.
2453 4813 2562 4872 Ἦ).
2605 4814 2968 4887 'I’lieodelint'ia
3006 4819 3152 4887 vero
3185 4813 3448 4887 ﬁlia_gerat

1876 4897 2141 4950 Garibaldi
2197 4882 2558 4958 Bajoariorum
2611 4888 2762 4940 ducis
2811 4882 3221 4958 etAWaldradtn,
3272 4882 3447 4958 Tinge-

1871 4968 2014 5024 baldi
2045 4951 2367 5018 Francorum
2399 4958 2539 5027 regis
2561 4958 2783 5010 relictae.
2814 4952 2953 5027 _Vide_
2979 4967 3163 5027 supra,
3203 4951 3445 5027 (ηιμ-56.

1942 5035 1971 5075 ¹ι
2003 5035 2265 5092 Jutlicium
2299 5031 2388 5083 Dei
2415 5020 2756 5097 appellabant
2787 5021 3095 5097 singularia__
3119 5020 3439 5097 certamina,

1874 5091 2120 5163 examina
2155 5118 2248 5170 per
2273 5091 2558 5167 ignem'aut
2587 5110 2800 5170 aquam,
2832 5101 2958 5153 ete.,
2990 5091 3182 5170 quibus
3208 5091 3271 5141 ad
3296 5091 3445 5144 dete-

1873 5161 2099 5248 gendum
2149 5161 2426 5248 veritatem
2466 5161 2928 5248 occultatnltunel
2949 5162 3252 5240 utebantur,
3279 5161 3444 5248 lquod

1876 5232 2182 5315 persuasum
2228 5241 2481 5315 haberent
2511 5232 2773 5315 ejusmodi
2820 5232 3224 5311 probationibus
3279 5232 3443 5283 lli-nm

1874 5303 1948 5372 rei
1983 5315 2255 5368 veritatem
2293 5309 2452 5361 etiam
2495 5304 2771 5368 miraculo,
2819 5303 2864 5354 si
2907 5314 3039 5369 opus
3086 5313 3248 5364 esset,
3301 5314 3448 5354 certi.

1874 5387 2353 5444 manifestaturum.
2402 5376 2475 5430 De
2501 5375 2617 5444 ejus
2644 5373 2928 5443 gent-ribus
2955 5373 3218 5438 variisque
3251 5373 3440 5422 riltlilt-t

1872 5460 2062 5526 quibus
2103 5452 2212 5505 Iieri
2257 5451 2487 5526 solebat,
2538 5445 2754 5526 quando
2801 5450 2958 5526 etiam
3011 5458 3324 5508 perunssum
3357 5451 3446 5489 aut

1875 5511 2090 5583 vetitum
2139 5521 2314 5583 fuerit,
2362 5520 2477 5572 fuse
2519 5515 2736 5571 disserit
2789 5515 3021 5581 Caugius
3065 5513 3116 5564 iu
3148 5511 3444 5571 Glosario,

1873 5614 2031 5666 quem
2065 5594 2305 5666 consule.

1954 5645 2183 5724 ῖὶὶυιὺζζ
2208 5645 2305 5714 (2h.
2338 5668 2390 5713 et
2419 5656 2599 5719 [δι-611..
2636 5654 2928 5716 IIaribei-to,
2962 5652 3101 5724 unde
3121 5649 3279 5724 editi.
3310 5645 3445 5698 Cho-

1875 5736 2079 5788 riberto.
2116 5722 2306 5784 l’aulus
2351 5729 2468 5781 loco
2499 5725 2711 5779 laudato
2747 5726 2929 5777 scribit
2975 5723 3219 5785 iniuriam
3254 5722 3389 5770 hane
3417 5730 3446 5770 λ

1873 5805 2084 5861 Cat-cllo
2115 5803 2276 5870 ipsius
2304 5798 2499 5869 regina:
2527 5811 2683 5852 servi:
2715 5795 2878 5850 fuisse
2909 5793 3230 5846 VIIIdICMJ.“
