4016 6344
600 372 707 429 639

1766 354 2175 416 FiiEDEiiARll
2212 356 2649 413 SCIIOLASTiC‘

3739 357 3843 413 640

613 486 841 552 ﬁuntque
866 480 1231 537 conﬂixissent
1254 486 1571 543 certamine,
1602 475 1873 528 adalulfus
1899 490 1925 525 a
1955 472 2168 527 Pittone
2198 470 2249 530 Α
2273 471 2486 525 tandem
2524 485 2553 523 a
2591 468 2951 538 pontiﬁcibus,
2998 468 3081 523 vel
3110 467 3515 539 sapientissimis
3545 468 3671 523 viris
3709 483 3840 540 pro-

608 574 939 627 interﬁcitur.
965 572 1127 642 630
1157 569 1505 636 Gundeberga
1534 567 1711 620 statim
1738 566 1805 619 de
1833 564 2024 619 exsilio
2052 572 2170 619 r)ost

606 680 775 718 annos
800 673 908 718 tres
936 677 1178 734 regressa
1206 660 1524 716 sublimatur
1554 659 1606 712 in
1640 674 1885 728 regnum.

678 755 777 808 Au.
833 767 1044 807 ucxxrv.
1075 780 1145 792 -—
1178 750 1284 805 ιιι.
1332 751 1484 804 Anno
1519 746 1580 801 41
1610 757 1634 784 ι
1666 745 1957 801 Chlotharii
2006 744 2169 811 regis,

564 897 577 909 ,
604 860 723 899 cum
757 845 1082 915 Dagobertus
1107 842 1218 913 jam
1244 824 1445 896 utiliter
1468 850 1712 906 regnaret
1738 839 1787 891 in
1820 842 2031 897 Auster,
2057 836 2173 903 qui-

603 936 725 988 dam
755 950 820 990 ex
840 934 1150 1017 proceribus
1177 933 1244 987 de
1268 941 1424 1002 gente
1452 930 1613 985 nobili
1646 928 1973 999 Ayglolﬁnga
2002 923 2053 989 ιι,
2076 940 2174 977 no-

608 1028 749 1081 mine
793 1016 1179 1090 Chrodoaldus,
1231 1025 1283 1079 in
1322 1023 1579 1077 offensam
1627 1019 1909 1087 Dagoberti
1949 1016 2170 1082 cadens,

606 1116 977 1183 instigantibus
1004 1115 1309 1169 beatissimo
1334 1112 1444 1166 viro
1466 1120 1625 1183 atque
1654 1110 1902 1179 pontiﬁce
1931 1104 2170 1169 Arnull'u,

604 1216 659 1259 et
690 1207 910 1273 Pippino
939 1204 1140 1272 majore
1169 1204 1357 1257 domus
1382 1211 1428 1266 ο,
1462 1216 1555 1254 seu
1586 1209 1640 1254 et
1667 1197 1876 1253 caeteris
1912 1194 2174 1263 prioribus

608 1298 740 1370 [.tl.,
770 1293 1111 1365 primoribus]
1141 1295 1440 1355 sublimatis
1472 1293 1524 1346 in
1557 1298 1763 1354 Auster,
1811 1304 1876 1343 eo
1916 1286 2059 1357 quod
2088 1302 2175 1340 es-

604 1397 688 1441 set
718 1387 830 1455 ipse
873 1384 1241 1440 Chrodoaldus
1290 1382 1448 1438 rebus
1483 1382 1725 1450 plurimis
1769 1378 1986 1442 ditatus,
2017 1385 2177 1429 ecete-

605 1492 783 1532 rorum
813 1476 1121 1531 facultatum
1170 1475 1458 1544 cupiditate
1490 1487 1761 1540 Pervasor,
1790 1466 2058 1535 superbiae
2083 1466 2178 1521 de-

607 1568 771 1634 ditus,
802 1567 1035 1621 elatione
1083 1566 1292 1633 plenus,
1327 1578 1427 1617 nec
1473 1563 1759 1631 quidquam
1807 1560 1925 1612 boni
1958 1557 2011 1611 in
2060 1557 2176 1625 ipso

606 1656 988 1724 reperiebatur.
1031 1656 1271 1722 Cumque
1315 1654 1640 1722 Dagobertus
1680 1651 1852 1718 ipsum
1878 1649 1987 1718 jam
2018 1646 2178 1702 vellet

608 1763 701 1811 pro
753 1747 865 1799 suis
922 1745 1242 1803 facinoribus
1296 1744 1636 1805 interﬁcere,
1687 1739 2054 1796 Chrodoaldus
2106 1739 2171 1793 ad

2273 564 2506 627 ceribus,
2552 571 2701 631 pater
2741 562 3045 631 paciﬁcatur
3072 576 3190 615 cum
3232 560 3373 625 ﬁlio;
3427 560 3761 630 reddensque
3794 563 3842 618 ci

2273 653 2555 708 solidatum
2588 652 2725 721 quod
2753 660 3032 720 aspexerat
3061 651 3126 705 ad
3156 666 3374 719 regnum
3409 651 3834 715 Austrasiorum,

2276 745 2378 799 hoc
2406 753 2609 801 tantum
2637 744 2832 799 exinde
2870 744 3009 812 quod
3050 744 3183 798 citra
3225 744 3463 813 Ligerem
3498 745 3578 799 vel
3623 746 3674 797 in
3708 746 3841 798 f'ro-

2273 833 2462 888 vincia:
2488 834 2723 902 partibus
2752 835 2910 887 situm
2939 844 3072 897 erat,
3098 849 3208 888 suae
3239 833 3426 888 ditioni
3454 834 3688 888 retinuit.

2344 928 2445 981 AN.
2506 942 2722 981 DCXXVI.
2752 957 2819 965 —
2848 926 2977 981 LIV.
3035 928 3189 980 Anno
3235 926 3303 979 45
3352 926 3500 995 regni
3546 927 3843 981 Chlotharii

2274 1016 2689 1071 Warnacharius
2735 1018 2903 1086 major
2942 1018 3131 1071 domus
3172 1017 3396 1071 moritur
3426 1027 3472 1068 ις.
3517 1018 3677 1072 Filius
3726 1019 3847 1086 ejus

2276 1108 2516 1163 Godinus
2569 1108 2733 1162 animi
2788 1108 3004 1164 levitate
3062 1108 3292 1162 imbutus
3349 1123 3631 1162 novercam
3688 1124 3844 1161 suam

2279 1196 2559 1253 Bertanem
2609 1212 2673 1252 co
2703 1212 2843 1251 anno
2882 1198 3083 1265 accepit
3113 1212 3329 1252 uxorem
3365 1216 3377 1250 :
3414 1198 3552 1253 unde
3589 1198 3848 1254 Chl0tha-

2276 1285 2388 1339 rius
2414 1302 2501 1339 rex
2526 1287 2779 1340 adversus
2805 1302 2925 1340 eum
2960 1288 3121 1339 nimio
3152 1285 3330 1340 furore
3358 1299 3652 1355 permotus,
3697 1288 3848 1356 jubet

2276 1375 2574 1430 Arneberto
2597 1377 2741 1439 duci,
2769 1380 2856 1444 qui
2881 1376 3071 1430 Godini
3103 1393 3406 1444 germanam
3432 1393 3649 1432 uxorem
3676 1378 3848 1435 habe-

2277 1465 2384 1533 bat,
2418 1482 2536 1521 eum
2567 1482 2685 1520 cum
2717 1466 2950 1521 exercitu
2986 1468 3304 1521 interficere.
3348 1466 3461 1520 Gud
3490 1484 3589 1521 nus
3614 1485 3847 1525 cernens

2275 1570 2384 1610 sua:
2414 1556 2536 1611 vita:
2579 1556 2871 1626 periculum
2899 1600 2915 1624 ,
2968 1565 3112 1626 terga
3164 1571 3381 1613 vertens
3429 1573 3548 1613 cum
3579 1576 3747 1614 uxore
3778 1564 3844 1615 ait

2276 1646 2629 1713 Dagolwertum
2660 1662 2837 1714 regem
2866 1648 3096 1714 perrexit
3126 1648 3176 1701 in
3202 1650 3415 1713 AuSIer,
3447 1658 3500 1705 et
3531 1651 3582 1704 in
3614 1653 3846 1707 ecclesia

2281 1741 2445 1791 sancti
2465 1740 2590 1807 Apri
2604 1738 2631 1774 δ
2655 1754 2800 1807 regio
2823 1742 3011 1794 timore
3026 1741 3355 1807 perterritus,
3378 1741 3848 1808 fecitconfugium.

609 1808 977 1889 Clilotharium
1008 1844 1151 1903 terga
1179 1835 1376 1898 vertit,
1430 1842 1487 1886 ut
1531 1846 1681 1885 suam
1719 1846 1840 1885 cum
1874 1830 1985 1883 ﬁlio
2014 1829 2174 1883 vitam
2206 1808 2251 1867 Β
2284 1828 2609 1898 Dagobertus
2642 1845 2733 1893 per
2769 1830 2969 1898 legatos
3005 1844 3099 1897 pro
3143 1828 3259 1899 ejus
3290 1832 3393 1883 vita
3434 1830 3629 1899 saepius
3671 1831 3838 1885 Chlo-

608 1923 852 1977 obtinerc
892 1924 1219 1993 dignaretur.
1269 1920 1609 1989 Chlouiarius
1647 1934 1767 1974 cum
1819 1918 2174 1987 Dagobertuin

606 2014 846 2077 vidisset,
900 2015 1035 2067 inter
1065 2022 1285 2067 caeteras
1315 2012 1701 2067 collocutiones
1731 2009 2071 2065 Cbrodoaldo
2100 2010 2178 2063 vi-

610 2114 714 2158 tam
768 2116 1032 2173 precatur.
1098 2104 1425 2174 Dagobertus
1464 2103 1800 2172 promittens,
1850 2104 1897 2157 si
1943 2100 1994 2156 id
2039 2100 2176 2169 quod

608 2197 746 2250 male
775 2205 1013 2266 gesserat
1040 2195 1371 2259 emendaret,
1412 2193 1783 2248 Chrodoaldus
1817 2192 1938 2246 vitae
1971 2193 2180 2260 pericu-

608 2287 714 2339 lum
756 2304 857 2339 non
910 2286 1165 2351 haberet;
1224 2286 1318 2339 sed
1371 2286 1512 2339 nulla
1551 2292 1794 2338 exstante
1846 2299 2014 2346 mora,
2059 2298 2178 2338 cum

607 2373 977 2429 Cbrodoaldus
1003 2390 1121 2429 cum
1155 2375 1451 2445 Dagoherto
1473 2374 1720 2429 Treveris
1749 2374 1881 2447 [Αι.,
1910 2374 2179 2447 reversus]

607 2469 943 2533 accessisset,
991 2468 1140 2537 jussu
1197 2468 1476 2539 Dagoberti
1519 2466 1827 2521 interfectus
1866 2475 1948 2521 est
1978 2484 1990 2518 :
2022 2481 2179 2535 quem

610 2561 917 2615 Bertharius
949 2559 1108 2612 homo
1134 2557 1522 2629 Scarponensis
1552 2555 1576 2593 δ
1606 2557 1889 2629 evaginato
1915 2556 2089 2626 gladio
2112 2557 2177 2610 ad

606 2653 797 2706 ostium
828 2652 955 2723 [Αι.,
992 2648 1293 2720 postitium]
1324 2648 1554 2703 cubiculi
1584 2649 1753 2717 capite
1785 2648 2071 2701 truncavit.

680 2748 773 2799 AN.
810 2761 998 2799 ccxxv.
1021 2773 1089 2784 --
1119 2743 1248 2798 Llll.
1277 2743 1433 2796 Anno
1459 2741 1524 2795 42
1550 2743 1695 2811 regni
1722 2740 2045 2807 Cblotharii,
2080 2740 2181 2794 Da-

610 2835 864 2904 gobertus
918 2836 1062 2889 cultu
1108 2833 1272 2903 regio,
1312 2848 1374 2887 ex
1408 2831 1536 2905 [AI.,
1568 2831 1641 2905 et]
1681 2833 1831 2902 jussu
1865 2832 2031 2901 patris
2085 2833 2181 2886 ho-

607 2936 754 2981 neste
790 2942 909 2982 cum
931 2927 1177 2981 leudibus
1209 2927 1260 2980 in
1296 2927 1567 2995 Clippiaco
1618 2942 1721 2980 non
1756 2935 1778 2962 ο
1804 2927 1985 2995 procul
2036 2924 2181 2978 Pari-

607 3018 715 3070 sius
738 3018 900 3078 venit,
938 3016 1116 3087 ibique
1143 3031 1449 3087 germanam
1482 3015 1730 3070 Sichildaa
1774 3016 1976 3086 regina)
2003 3012 2050 3081 ⁸,
2086 3031 2178 3068 no-

606 3107 748 3159 mine
775 3106 1177 3171 Gomatrudein,
1213 3106 1263 3159 in
1293 3106 1597 3175 eonjugium
1628 3104 1840 3173 accipit.
1874 3104 2179 3160 Transactis

2279 1920 2506 1974 tharium
2555 1936 2731 1988 regem
2770 1921 3191 1988 deprecabatur:
3225 1922 3439 1976 tandem
3478 1939 3508 1976 a
3532 1924 3849 1979 Chlothario

2280 2008 2603 2078 promittitur
2631 2008 2822 2063 Godini
2845 2009 2950 2063 vita
2978 2024 3252 2077 concessa,
3282 2021 3456 2091 tamen
3480 2010 3586 2084 [ΑΙ.
3614 2014 3845 2088 tantum]

2279 2110 2335 2154 ut
2379 2101 2678 2165 Bertanetn,
2712 2116 2869 2170 quam
2907 2113 3092 2157 contra
3134 2117 3398 2157 canonum
3445 2105 3679 2159 instituti
3713 2124 3849 2163 uxo-

2281 2188 2393 2247 rein
2425 2203 2723 2263 acceperat,
2769 2196 3111 2263 relinqueret.
3158 2196 3398 2264 Cumque
3438 2197 3552 2268 ipse
3601 2199 3849 2274 reliquis-

2279 2292 2381 2348 set,
2413 2294 2467 2338 et
2497 2300 2740 2339 reversus
2781 2295 2923 2341 esset
2964 2289 3012 2340 in
3044 2304 3264 2357 regnum
3304 2288 3639 2358 Burgundize,
3686 2291 3847 2342 Berta

2280 2378 2532 2431 continuo
2553 2378 2616 2431 ad
2644 2378 3007 2433 Chlotharium
3041 2382 3291 2446 perrexit,
3323 2382 3505 2436 dicens
3534 2399 3548 2435 :
3580 2383 3639 2440 Si
3680 2382 3851 2436 Gudi-

2284 2482 2380 2520 nus
2409 2470 2714 2537 conspectui
2740 2469 3030 2523 Cblotharii
3061 2480 3428 2537 praesentatur,
3471 2470 3645 2541 ipsum
3666 2488 3850 2544 regem

2283 2559 2440 2613 vellet
2471 2560 2790 2615 interﬁcere.
2822 2560 3063 2615 Godinus
3086 2560 3236 2630 jussu
3267 2562 3560 2617 Chlotharii
3591 2578 3685 2632 per
3713 2580 3853 2632 pra:-

2281 2652 2433 2719 cipua
2483 2652 2593 2705 loca
2635 2660 2961 2716 sanctorum,
2995 2651 3174 2706 domni
3216 2652 3378 2724 632
3413 2651 3644 2707 Medardi
3689 2652 3854 2708 Sues-

2281 2742 2460 2794 sionas
2497 2749 2550 2794 et
2591 2739 2773 2794 domni
2818 2740 3055 2811 Dionysii
3101 2739 3336 2795 Parisins
3381 2752 3444 2795 ea
3490 2739 3855 2810 praeventione

2284 2842 2609 2885 sacramenta
2638 2830 2859 2885 daturus
2886 2831 3184 2896 adducitur,
3215 2843 3272 2885 ut
3302 2848 3513 2902 semper
3535 2832 3854 2887 Chlothario

2283 2920 2502 2975 deberet
2532 2936 2652 2975 esse
2682 2919 2873 2986 fidelis,
2903 2930 2957 2974 ut
2982 2930 3215 2989 cdngrue
3238 2922 3386 2975 locus
3416 2929 3560 2976 esset
3581 2932 3857 2991 repertus,

2283 3028 2387 3081 quo
2414 3022 2569 3080 pacto
2592 3021 2865 3080 separatus
2894 3028 2919 3063 a
2950 3011 3063 3065 suis
3086 3012 3499 3066 interlieeretur.
3532 3010 3855 3067 Cliratnnul-

2288 3103 2366 3157 fus
2395 3100 2439 3167 ί,
2489 3118 2623 3156 unus
2652 3119 2711 3156 ex
2745 3104 3071 3172 proceribus,
3102 3112 3157 3158 et
3184 3101 3553 3159 Waldebertus
3594 3104 3856 3160 domesti-

606 3196 825 3264 uuptiis,
857 3196 943 3249 die
969 3197 1119 3250 tertia
1166 3197 1301 3251 inter
1330 3196 1697 3250 ChIOtharium
1733 3205 1787 3249 et
1817 3196 2174 3261 Dagobertum
2206 3164 2252 3227 ί)
2282 3209 2374 3247 cus
2405 3193 2642 3248 dicentes
2680 3192 2745 3247 ad
2792 3192 3055 3247 Godiuum
3094 3205 3148 3248 ut
3192 3193 3492 3249 Aurelianis
3524 3195 3575 3250 in
3624 3198 3853 3251 ecclesia

607 3286 771 3338 ﬁlium
803 3300 955 3340 suum
985 3287 1143 3357 631
1190 3288 1365 3357 gravis
1399 3298 1513 3341 orta
1546 3286 1643 3341 fuit
1686 3288 2182 3359 intentio.chtebat

605 3381 745 3432 enim
780 3379 1107 3447 Dagobertus
1139 3388 1328 3433 cuncta
1365 3394 1481 3447 qua:
1512 3378 1579 3432 ad
1620 3394 1843 3449 regnum
1872 3364 2179 3435 Austrasio-

604 3486 722 3523 rum
768 3471 1100 3537 pertinebant
1151 3486 1262 3523 sua:
1306 3468 1493 3525 ditioni
1534 3469 1667 3523 velle
1715 3470 1975 3537 recipere,
2031 3470 2173 3540 quod

603 3564 947 3617 Chlotharius
1004 3562 1349 3617 vehementer
1399 3562 1699 3630 denegabat
1744 3562 1916 3616 eidem
1964 3580 2028 3617 cx
2078 3563 2180 3619 hoc

603 3653 738 3706 nihil
771 3654 904 3706 velle
933 3651 1250 3706 concedere.
1285 3649 1483 3704 Electis
1519 3650 1586 3703 ab
1616 3649 1696 3704 his
1723 3650 1933 3706 duobus
1964 3652 2178 3721 regibus

604 3743 886 3795 duodecim
913 3742 1233 3795 Francorum
1259 3742 1589 3810 proceribus,
1622 3751 1678 3796 ut
1700 3757 1883 3797 eorum
1912 3742 2180 3811 discepta-

590 3828 754 3886 Vtione
786 3833 898 3885 haec
940 3832 1184 3885 ﬁniretur
1214 3832 1475 3897 intentio,
1510 3833 1651 3886 inter
1680 3848 1813 3905 quos
1855 3843 1909 3888 et
1946 3833 2177 3888 domnus

610 3919 864 3974 Arnulfus
911 3920 1147 3990 pontifex
1189 3921 1463 3974 Mettensis
1502 3936 1621 3973 cum
1666 3921 1886 3988 reliquis
1915 3924 2179 3993 episcopis

606 4011 837 4081 cligitur,
870 4012 957 4080 qui
990 4011 1389 4081 benignissime,
1421 4020 1478 4063 ut
1507 4027 1600 4064 sua
1632 4022 1747 4065 erat
1775 4015 2049 4077 sanctitas,
2097 4014 2179 4068 in-

608 4114 690 4159 ter
720 4114 921 4174 patrem
953 4112 1008 4158 et
1031 4104 1195 4158 ﬁlium
1226 4119 1321 4175 pro
1353 4105 1496 4175 pacis
1529 4103 1843 4172 loquebatur
1868 4105 2176 4175 concordia,

676 4291 702 4317 ε
733 4280 1017 4334 Bollandus
1054 4289 1232 4334 monet
1270 4250 1323 4333 in
1354 4277 1655 4333 Comment.
1699 4278 1763 4331 ad
1796 4276 1966 4330 Vitam
2007 4278 2174 4332 sancti

606 4352 833 4430 lfippini,
865 4351 958 4430 die
992 4350 1060 4430 2t
1101 4350 1283 4430 Febr...
1318 4348 1419 4403 hoc
1443 4361 1601 4430 caput
1636 4352 1685 4401 in
1713 4347 1920 4430 aliquot
1962 4348 2177 4417 scriptis

604 4426 815 4484 deesse,
847 4428 1022 4473 exstat
1050 4429 1223 4474 tamen
1259 4424 1307 4472 in
1341 4424 1558 4472 nostris.
1877 4426 1886 4435 '

2280 3288 2449 3341 sancti
2491 3286 2703 3352 Aniani,
2743 3296 2797 3341 et
2835 3286 3062 3342 Turonis
3097 3288 3160 3342 ad
3213 3288 3390 3343 limina
3440 3288 3607 3344 sancti
3644 3289 3854 3344 Martini

2283 3375 2454 3443 ipsum
2488 3383 2877 3430 sacramentum
2909 3376 3099 3453 adhuc.
3125 3378 3436 3447 impleturus
3464 3380 3655 3433 adiret.
3698 3380 3851 3446 Quod

2280 3478 2404 3517 cum
2429 3464 2483 3516 in
2504 3463 2811 3519 saburbano
2838 3466 3101 3534 Carnotis,
3128 3465 3474 3522 Chramnulfo
3507 3471 3775 3526 indicante
3797 3482 3854 3525 et

2282 3555 2694 3617 transmittente,
2750 3555 2878 3610 hora
2924 3558 3133 3625 prandii
3172 3557 3225 3610 in
3276 3560 3554 3627 quamdam
3606 3562 3851 3615 villulam

2280 3646 2533 3709 venisset,
2582 3645 2760 3715 ibique
2790 3646 3163 3702 Cltramnulfus
3192 3658 3245 3702 et
3268 3649 3639 3704 Waldcbertus
3685 3668 3851 3721 super

2279 3732 2452 3803 ipsum
2481 3749 2598 3790 cum
2627 3735 2864 3791 exercitu
2888 3737 3115 3800 lrruunt,
3147 3753 3377 3809 eumque
3410 3740 3728 3795 interﬁciunt
3752 3760 3769 3807 ;
3798 3755 3855 3799 et

2279 3844 2373 3882 eos
2404 3828 2489 3894 qui
2523 3843 2642 3884 cum
2675 3828 2790 3898 ipso
2819 3830 2991 3885 adhuc
3022 3830 3350 3899 restiterant,
3390 3837 3646 3903 quosdam
3674 3838 3843 3896 inter-

2282 3918 2741 3988 ﬁciunt,aliosque
2770 3921 3095 3989 exspoliatos
3116 3923 3169 3978 in
3199 3923 3372 3995 fugam
3389 3922 3656 3984 vertentes
3685 3930 3852 3989 relin-

2280 4012 2465 4077 quunt.
2496 4007 2572 4062 Eo
2595 4026 2733 4062 anno
2758 4010 3023 4064 Palladius
3051 4012 3269 4083 ejusque
3300 4016 3438 4070 ﬁlius
3459 4019 3701 4080 Siilocus.
3734 4000 3853 4093 epi-

2280 4114 2473 4169 scOpus
2497 4098 2734 4154 [Elosani
2761 4100 2809 4168 ἱ,
2859 4104 3134 4161 incusante
3175 4106 3484 4179 Aigbynane
3510 4111 3667 4179 duce,
3709 4117 3853 4185 quod

2282 4272 2622 4344 (Doulewart)
2646 4276 2825 4330 situm.

2356 4345 2553 4419 stsn
2594 4346 2857 4419 Clippiaco
2901 4351 3098 4418 procul.
3141 4351 3370 4419 lnClar.
3416 4362 3524 4410 tres
3564 4358 3754 4413 litterae
3781 4377 3852 4417 ex

2281 4414 2537 4489 industria
2591 4414 2799 4489 detrita:
2819 4414 2999 4489 __sunt.
3061 4415 3343 4489 SupereSt,
3397 4426 3627 4480 [eudibus
3688 4414 3851 4485 nec...

673 4492 701 4530 ι’
725 4492 826 4576 3:39-
878 4490 1137 4576 v'aiqua
1175 4489 1509 4576 ,θηθξοιβιτθα
1536 4488 1799 4576 amri"?
1850 4486 2172 4576 βομοξιιᾴθιτν
2205 4517 2252 4576 ι)
2279 4483 2768 4576 σίίρρίξισςηλνῑςξεξιέο
2819 4487 2938 4576 Υοι-
2973 4483 3339 4576 Eii-eirea
3364 4493 3548 4574 .Frehn
3603 4501 3666 4576 «te
3696 4483 3854 4554 Ρίάέό

602 4576 697 4616 seu
722 4556 1060 4614 Charoaldué.
1094 4556 1397 4621 Bollandus,
1426 4560 1541 4626 loco
1565 4557 1734 4621 laud.,
1781 4556 1939 4611 habet
1978 4557 2171 4626 Agilo!-

607 4632 764 4698 ﬁnga,
797 4630 916 4691 sive,
947 4638 1005 4698 ut
1036 4628 1149 4696 ipse
1178 4628 1411 4698 eXpmijt,
1444 4625 1616 4681 Boica.
1652 4628 1934 4681 Historiam
1970 4625 2171 4698 Agilolo

605 4695 810 4767 ﬁngicce
836 4695 1070 4763 familiae,
1095 4712 1157 4751 ex
1189 4712 1292 4767 qua
1322 4695 1626 4751 Guelforum
1659 4698 2005 4767 aliarumque
2021 4695 2171 4767 nobi-

603 4765 794 4823 liorum
818 4768 1116 4822 Germania:
1144 4765 1463 4821 familiarum
1497 4769 1756 4837 originem
1787 4766 1956 4834 repeti
1978 4765 2173 4837 debere

604 4848 809 4903 censet,
860 4838 973 4891 fuse
1009 4837 1296 4903 descripsit
1343 4834 1625 4893 Bucelinus
1663 4838 1953 4893 monachus
1982 4834 2171 4889 Wein-

603 4909 864 4976 gartensis
896 4917 1038 4961 tomo
1070 4906 1112 4960 ll
1143 4906 1442 4961 Germania:
1468 4921 1653 4961 saepe.

677 4990 700 5017 α
732 4979 808 5032 Ex
849 4977 930 5031 his
961 4977 1168 5031 duobus
1194 4979 1317 5031 viris
1358 4977 1735 5042 sanctissimis,
1777 4975 1843 5029 de
1871 4973 2063 5042 quibus
2093 4974 2171 5028 in-

606 5048 681 5100 fra
727 5049 922 5115 passim
972 5047 1165 5114 agitur,
1218 5046 1362 5115 prior
1407 5048 1505 5100 fuit
1552 5048 1835 5116 episcopus
1873 5044 2168 5112 Mettensis,

603 5119 742 5170 alter
767 5118 949 5179 laicus,
981 5117 1224 5185 equibus
1256 5118 1447 5184 prodiit
1484 5117 1713 5170 secunda
1749 5128 1931 5185 regum
1954 5125 2173 5185 nostro-

605 5202 724 5239 rum
757 5188 939 5255 sﬁrps.
973 5182 1276 5257 Anscgisus
1324 5188 1517 5257 quippe
1540 5186 1725 5257 sancti
1773 5182 1974 5237 Arnulﬁ
2033 5182 2172 5239 ﬁlius

606 5271 822 5327 UXUI‘CID
854 5255 1007 5309 duxit
1034 5254 1261 5327 Beg‘gaiu
1296 5256 1501 5324 Pippini
1529 5254 1721 5327 ﬁliam,
1753 5268 1819 5307 ex
1848 5268 1949 5327 qua
1989 5267 2171 5327 s_usce_-_

610 5327 686 5392 pit
728 5326 1003 5395 Pippinum
1051 5322 1518 5395 “cristallensem,
1555 5326 1647 5392 qui
1682 5334 1832 5395 pater
1873 5323 1969 5376 fuit
1997 5322 2169 5395 Caroli

606 5392 861 5519 Riartelli,
910 5412 974 5450 ex
1007 5413 1112 5465 quo
1154 5406 1303 5452 ortus
1340 5406 1422 5448 est
1462 5394 1715 5464 Pippinus
1748 5394 1962 5456 Brevis,
1994 5392 2171 5446 Caroli

658 5479 774 5519 aeni
814 5474 983 5519 pater.

658 5467 774 5520 attni
814 5474 983 5520 pater.

1039 5541 1187 5587 vetus
1232 5541 1323 5605 est
1347 5531 1702 5605 Lotharingiaj.
1732 5541 1989 5605 casuum,
2029 5544 2171 5585 nunc

610 5606 663 5663 in
695 5602 1167 5660 vicutn'redactum
1197 5613 1251 5655 et
1279 5603 1362 5654 vix
1395 5610 1598 5661 notum,
1633 5602 1699 5655 ad
1730 5602 2023 5664 Mosellam,
2058 5615 2172 5655 ses-

607 5679 846 5752 quilcuc_a
870 5674 1073 5752 distans
1095 5671 1313 5752 a_l’onte
1340 5671 1838 5752 hiontionismersus
1860 5670 2172 5752 Nanceiutn,

609 5739 765 5814 vulgo
792 5743 1072 5812 Sarpeigne
1111 5740 1335 5810 dictum,
1369 5739 1505 5798 haud
1541 5743 1773 5812 procula
1797 5741 2046 5796 Custodia
2073 5739 2167 5797 Dei

2279 4554 2484 4676 green].
2511 4555 2863 4635 Clippiacum,
2910 4559 3065 4628 vulgo
3090 4554 3286 4631 Clichy,
3333 4564 3490 4618 situm
3519 4554 3601 4620 est
3639 4570 3691 4621 in
3716 4585 3850 4639 agro

2323 4637 2565 4676 artSIcnSI
2620 4640 2780 4676 prope
2816 4626 3142 4676 Seauanam:
3173 4633 3259 4676 nhi
3304 4631 3584 4676 durum-im
3613 4648 3691 4676 pel
3722 4654 3850 4676 agn-

2323 4624 2565 4708 arisicnsi
2620 4640 2798 4708 prope"
2816 4624 3584 4708 _Sequanam;nub1’-dcfunctus
3613 4648 3695 4691 est
3722 4624 3854 4694 san;-

2280 4702 2397 4767 ctus
2416 4694 2720 4767 Audoenns.
2742 4696 2869 4767 Vide
2885 4694 2978 4751 lib.
2999 4714 3048 4750 iv
3061 4700 3128 4753 de
3141 4698 3219 4753 Rc
3238 4702 3576 4767 Diplomatica
3592 4723 3736 4761 num.
3757 4711 3851 4765 56.

2277 4764 2621 4886 ggeteitigimujd
2646 4765 2782 4833 apud
2817 4765 3168 4823 Romiliacum
3191 4764 3500 4841 contigisse,
3534 4775 3695 4844 infra,
3723 4764 3848 4849 cap.

2353 4871 2367 4895 ,
2399 4848 2610 4887 dicitur.

2359 4899 2381 4941 ί
2399 4902 2519 4957 Herc
2544 4902 2639 4956 fuit
2667 4904 2830 4972 ipsius
2860 4904 3117 4962 Chlotarii
3149 4924 3301 4964 uxor.

2351 4982 2374 5021 ε
2408 4973 2539 5043 llinc
2562 4974 2750 5040 collige
2791 4976 2949 5030 alium
2983 4993 3099 5032 esse
3134 4980 3197 5033 ab
3228 4978 3330 5033 isto
3362 4980 3751 5039 Warnacbario
3783 4988 3848 5043 il-

2277 5042 2383 5115 lum
2415 5042 2527 5112 qui,
2561 5055 2735 5111 partes
2777 5045 3003 5115 Agrestii
3033 5060 3215 5101 contra
3258 5060 3496 5105 sanctum
3546 5042 3851 5112 Eustasium

2278 5114 2677 5183 Luxoviensemi
2704 5114 2947 5169 abbatem
2991 5119 3121 5171 tueri
3178 5120 3383 5183 volens,
3439 5122 3489 5175 in
3540 5138 3696 5177 conc.
3740 5126 3853 5180 Ma-

2280 5180 2469 5236 tiscon.
2502 5199 2589 5235 an.
2622 5182 2725 5237 6‘22
2756 5189 3033 5249 repentina
3065 5197 3234 5242 morte
3264 5180 3484 5245 interiit.

2330 5249 2373 5289 lt
2402 5250 2459 5304 In
2518 5254 2772 5331 suburbio
2814 5253 3068 5331 Tullensi,
3122 5258 3459 5331 Sciat—Eure,
3507 5264 3658 5331 cujus
3698 5264 3851 5319 urbis

2277 5320 2447 5376 fuerat
2471 5322 2777 5392 episcopus,
2820 5326 2907 5378 ubi
2938 5336 3111 5382 exstat
3137 5329 3345 5383 abbatia
3384 5320 3589 5387 ordinis
3619 5336 3847 5390 Benedi~

2274 5392 2400 5462 ctini
2419 5393 2526 5462 sub
2552 5396 2957 5462 congregatione
2986 5398 3154 5451 sancti
3189 5399 3383 5453 Vitoni.

2354 5459 2371 5533 ξ
2403 5460 2575 5533 Cum,
2607 5459 2930 5533 "amantius.

2352 5529 2374 5612 ἱΔ
2404 5531 2534 5585 Bob.
2567 5543 2619 5584 et
2655 5529 2957 5612 Culb?cu_m
2988 5535 3189 5612 aliquot
3238 5538 3357 5612 ljld.,
3411 5538 3660 5612 Seductus
3688 5543 3853 5612 epist.

2276 5600 2690 5677 [Dipsamtsiah
2710 5643 2723 5666 ,
2745 5612 2788 5655 ει
2806 5604 3059 5677 δεάοειιδ.
3083 5600 3383 5672 Aitnoinns,
3411 5609 3502 5662 lib.
3534 5627 3585 5663 tv
3613 5600 3731 5677 cap'.
3763 5614 3853 5677 Η,

2279 5670 2508 5745 Syriacus
2549 5671 2901 5745 Tholosqtium
2947 5677 3233 5745 episcopus.
3287 5670 3487 5732 Cltesu.
3535 5692 3591 5735 et
3641 5670 3852 5745 chum;

2284 5741 2509 5795 Senecas
2533 5746 2684 5795 eoiac.
2736 5741 3016 5800 Elosanus.
3049 5744 3098 5800 Is
3117 5741 3207 5802 ’ρει
3234 5749 3323 5817 qui
3353 5763 3493 5805 anno
3526 5741 3853 5820 ιιι-προειδυιῖ
