3982 6346
601 385 706 442 6ιό

1767 374 2185 434 FREDEGARII
2225 373 2670 431 SCIIOIASTICI

3767 373 3880 434 σιι

599 497 814 568 peribus
855 501 881 530 ⁸·
911 492 1184 564 judicabat
1233 487 1464 560 justitia,
1495 498 1554 544 ut
1601 490 1913 544 crederetur
1963 489 2185 542 omnino
2213 493 2260 550 Α
2290 498 2494 557 gentes,
2519 504 2639 558 qua:
2667 487 2806 542 circa
2829 487 2991 559 636
3016 487 3240 543 limitem
3265 489 3561 544 Avarorum
3583 499 3638 544 et
3657 487 3891 547 Sclavo—

598 590 764 642 fuisse
797 587 905 641 Deo
952 585 1202 655 placibile
1230 599 1244 636 :
1279 583 1368 637 ubi
1401 581 1603 636 ttullum
1646 581 2010 635 intercedebat
2041 596 2180 649 pra:-

599 679 788 741 inium,
820 691 918 730 nec
972 687 1318 741 personarum
1368 670 1630 738 acceptio,
1662 670 1762 724 nisi
1791 670 1903 724 sola
1940 669 2184 722 domina-

601 767 754 820 batur
806 765 1032 836 justitia,
1085 778 1241 831 quam
1292 761 1550 830 diligebat
1597 760 1925 813 Altissimus.
1983 756 2184 811 Deinde

601 873 884 928 aggressus
913 856 1212 916 Divionem,
1246 852 1462 919 imoque
1511 859 1568 904 et
1615 848 1816 902 Latona
1861 847 1889 886 ι)
1942 847 2184 902 residens

600 950 887 1018 aliquantis
927 949 1136 1010 diebus,
1170 954 1316 999 tanta
1349 943 1648 998 intentione
1675 941 1836 1011 G35
1863 941 1930 994 ad
1968 939 2184 994 univer-

599 1058 716 1096 sum
748 1042 894 1109 regni
924 1040 1002 1092 sui
1049 1037 1304 1106 populum
1329 1034 1591 1104 justitiam
1621 1031 1892 1101 judicandi
1935 1040 1956 1068 ο
1991 1043 2186 1098 posue-

602 1143 702 1186 rat.
739 1133 902 1200 llnjus
931 1129 1270 1199 benignitatis
1299 1125 1565 1179 desiderio
1588 1124 1778 1191 plenus
1808 1136 1907 1176 nec
1928 1136 2184 1204 somnum

601 1223 846 1293 capiebat
871 1223 1064 1286 oculis,
1093 1235 1192 1274 nec
1215 1220 1348 1273 cibis
1375 1217 1685 1281 satiabatur,
1712 1214 2072 1269 intentissime
2096 1227 2188 1268 co-

604 1317 778 1384 gitans
817 1323 872 1367 nt
901 1328 1089 1366 omnes
1121 1326 1241 1364 cum
1281 1309 1490 1379 justitia
1534 1314 1750 1375 recepta
1796 1306 1867 1361 de
1895 1315 2189 1375 conspectu

604 1422 702 1458 suo
727 1405 832 1458 lmti
858 1410 1181 1458 remearent.
1209 1401 1409 1455 Eodem
1439 1398 1526 1454 die
1551 1412 1657 1467 quo
1679 1397 1746 1451 de
1773 1396 1973 1450 Latona
1999 1396 2064 1450 ad
2087 1393 2191 1449 Ca-

604 1496 860 1549 billonum
903 1493 1168 1548 deliberat
1214 1503 1520 1558 properare,
1555 1488 1866 1558 priusquam
1892 1487 2190 1542 lucesceret

607 1587 858 1639 balneum
915 1583 1242 1654 ingrediens,
1275 1580 1584 1635 Brodulfum
1617 1579 1956 1633 avunculum
2007 1578 2189 1634 fratris

605 1679 904 1733 Chariherti
943 1671 1450 1742 interficerejussit,
1477 1672 1567 1742 qui
1615 1671 1684 1725 ab
1723 1670 2026 1739 Amalgario
2066 1668 2094 1707 ά
2133 1679 2188 1726 et

606 1770 909 1824 Arneberto
939 1765 1188 1829 ducibus,
1220 1774 1273 1819 et
1300 1762 1592 1817 Willibado
1620 1761 1851 1832 patricio
1879 1761 2188 1816 interfectus

2287 596 2402 634 rum
2422 581 2741 644 consistunt,
2767 595 2887 635 eum
2925 588 3166 649 prompte
3193 589 3526 649 expeterent,
3557 591 3616 635 ut
3644 582 3732 637 ille
3758 595 3892 651 post

2287 683 2490 741 tergum
2518 686 2701 726 eorum
2735 672 2837 725 iret
2862 671 3106 738 feliciter,
3137 679 3191 725 et
3211 672 3416 726 Avarus
3443 680 3498 726 et
3519 672 3740 728 Sclavos
3768 688 3894 728 cae-

2286 773 2533 832 terasque
2559 763 2794 832 gentium
2837 763 3079 816 nationes
3107 776 3278 832 usque
3304 776 3518 817 manum
3553 763 3822 833 publicam
3855 763 3893 802 δ

2285 869 2399 908 suae
2427 853 2620 909 ditioni
2651 853 3040 922 subjiciendum
3076 853 3395 909 fiducialiter
3417 857 3730 923 spondebat.
3753 857 3897 912 l’ost

2285 949 2581 1003 discessum
2634 948 2772 1003 beati
2823 947 3028 1001 Amulli
3085 946 3126 1012 ί,
3178 948 3352 1003 adhuc
3398 949 3621 1002 consilio
3671 948 3892 1017 Pippini

2287 1040 2508 1108 majoris
2535 1039 2726 1093 domus
2755 1051 2807 1092 et
2833 1037 3146 1092 Chuniberti
3187 1048 3201 1088 ι
3255 1037 3520 1106 pontificis
3547 1039 3694 1093 urbis
3720 1038 3894 1092 Colo-

2289 1128 2390 1181 niae
2419 1136 2596 1193 utens,
2627 1135 2681 1182 et
2711 1128 2777 1182 ab
2806 1128 2919 1192 ipso
2946 1126 3154 1180 fortiter
3176 1125 3500 1189 admonitus,
3532 1134 3691 1182 tanta:
3747 1143 3885 1196 pro-

2291 1219 2562 1286 speritatis
2586 1225 2642 1273 et
2664 1217 2888 1285 justitia:
2909 1231 3091 1270 amore
3119 1218 3432 1284 complexus
3473 1219 3752 1272 universas
3784 1217 3890 1271 sibi

2288 1307 2529 1362 subditas
2573 1318 2782 1377 gentes,
2827 1322 2994 1376 usque
3037 1308 3162 1360 dum
3211 1307 3276 1360 ad
3323 1306 3577 1373 Parisius,
3618 1319 3674 1362 ut
3717 1324 3890 1377 supra

2289 1401 2532 1466 memini,
2565 1401 2823 1470 pervenit,
2859 1401 3099 1470 regebat,
3137 1411 3196 1454 ut
3224 1401 3402 1454 nullus
3443 1401 3508 1455 de
3547 1400 3890 1456 Francorum

2290 1492 2503 1560 regibus
2557 1490 2984 1560 praecedentibus
3035 1507 3130 1545 sua
3196 1491 3351 1546 laude
3411 1492 3602 1548 fuisset
3657 1507 3890 1561 praecel—

2293 1583 2505 1639 lentior.

2361 1679 2462 1731 Aa.
2497 1691 2713 1730 ocxxtx.
2730 1705 2801 1716 ——
2822 1673 2958 1730 LIX.
2985 1674 3139 1729 Anno
3159 1676 3191 1730 8
3215 1673 3240 1712 ιτ
3266 1675 3415 1744 regni
3439 1674 3520 1729 sui
3544 1689 3664 1728 cum
3688 1676 3891 1729 Auster

2292 1768 2438 1836 regio
2485 1768 2627 1820 cultu
2681 1766 2951 1830 circuiret,
2999 1765 3283 1834 quamdam
3335 1765 3604 1834 puellam,
3659 1764 3892 1818 nomine

605 1870 706 1914 est.
737 1858 979 1928 Cumque
1009 1855 1309 1923 Cabillono,
1343 1855 1431 1907 ubi
1458 1853 1680 1922 justitia:
1724 1866 1908 1907 amore
1943 1866 2051 1920 qua
2081 1866 2189 1906 cte-
2220 1859 2264 1919 Β
2294 1859 2685 1928 Ragnetrudam
2723 1855 2741 1894 ι
2785 1857 2971 1910 stratui
3005 1857 3196 1910 ascivit
3234 1871 3354 1921 suo,
3395 1856 3462 1910 de
3491 1869 3592 1924 qua
3635 1870 3701 1909 eo
3738 1871 3894 1909 anno

611 1957 762 2018 perat
790 1946 1127 2016 perficiendae
1156 1945 1487 2015 Dagobertus
1516 1942 1700 2013 dirigit
1725 1944 2042 2008 intentione,
2074 1951 2194 2011 post

609 2053 704 2107 per
746 2035 1211 2107 Augustodunum,
1253 2033 1678 2088 Antissioderum
1707 2047 1958 2103 pergens,
1989 2047 2084 2103 per
2109 2033 2192 2088 ci-

607 2133 826 2184 vitatem
855 2128 1098 2184 Senonas
1128 2128 1362 2182 Parisios
1391 2128 1560 2194 venit,
1593 2127 1772 2197 ibique
1798 2124 2189 2182 Gomatrudem

607 2221 843 2290 reginam
869 2220 1167 2274 Romiliaco
1190 2227 1216 2257 ο
1239 2217 1489 2284 villa,ubi
1517 2218 1684 2288 ipsam
1708 2216 1762 2272 in
1789 2219 2190 2274 matrimonium

609 2323 923 2381 acceperat,
981 2312 1294 2380 relinquens
1345 2309 1859 2378 ‘,Nantechildctn,
1909 2326 2068 2365 unam
2125 2326 2190 2365 ex

609 2408 798 2476 puellis
819 2407 886 2462 de
915 2405 1213 2462 ministerio
1235 2415 1261 2453 ε
1282 2405 1568 2476 accipiens,
1595 2406 1831 2474 reginam
1865 2407 2187 2465 sublimavit.

611 2498 791 2565 Usque
817 2496 1004 2551 eodem
1029 2507 1271 2565 tempore
1291 2494 1359 2548 ab
1381 2494 1533 2550 initio
1553 2509 1658 2564 quo
1679 2509 1902 2564 regnare
1931 2506 2188 2566 coeperat,

606 2587 833 2640 consilio
868 2586 1116 2656 primitus
1156 2585 1451 2639 beatissimi
1477 2584 1705 2650 Arnultl,
1733 2584 2003 2642 Mettensis
2045 2587 2190 2643 urbis

613 2679 900 2746 pontificis,
929 2688 983 2732 et
1006 2677 1213 2747 Pippini
1242 2675 1459 2746 majoris
1481 2677 1671 2733 domus
1693 2692 1842 2744 usus,
1871 2688 2015 2733 tanta
2065 2695 2192 2750 pro-

609 2772 866 2837 speritate
887 2770 1066 2840 regale
1088 2769 1322 2840 regimen
1339 2769 1391 2823 in
1410 2771 1602 2826 Auster
1618 2771 1855 2840 regebat,
1874 2773 2190 2827 utacunctis

609 2863 854 2931 gentibus
883 2864 1142 2917 immenso
1171 2863 1359 2917 ordine
1397 2861 1606 2917 laudem
1649 2861 1891 2918 haberet.
1917 2864 2187 2919 Timorem

609 2970 739 3008 vero
768 2955 846 3009 sic
875 2953 1064 3010 fortem
1093 2968 1188 3007 sua
1226 2962 1573 3008 concusserat
1601 2954 1819 3020 utilitas,
1855 2961 1912 3008 ut
1945 2953 2055 3022 jam
2095 2953 2191 3009 de-

610 3047 824 3100 votione
849 3044 1150 3115 arriperent
1177 3059 1291 3099 suae
1321 3059 1381 3099 se
1411 3043 1624 3099 tradere
1667 3044 1851 3099 ditioni
1877 3085 1892 3111 ,
1923 3053 1983 3100 ut
2023 3046 2186 3102 etiam

681 3190 705 3217 α
739 3181 811 3235 Ex
846 3181 947 3234 hoc
990 3179 1109 3234 loco
1155 3179 1312 3234 infert
1343 3178 1588 3236 Cointius
1617 3195 1802 3236 vocem
1833 3181 2006 3237 lende:
2049 3199 2187 3238 non-

2294 1952 2476 2006 habuit
2504 1952 2690 2017 filium,
2722 1951 2933 2005 nomine
2958 1949 3308 2017 Sigibertum.

2363 2043 2477 2097 LX.
2531 2042 2826 2096 Revertens
2869 2043 2921 2093 in
2970 2039 3302 2106 Neptricum,
3352 2037 3534 2093 sedem
3587 2036 3756 2106 patris
3803 2037 3894 2092 sui

2293 2132 2591 2188 Chlotharii
2625 2133 2873 2202 diligens,
2903 2131 3119 2186 assidue
3143 2131 3378 2184 residere
3419 2129 3704 2198 disposuit.
3750 2127 3894 2183 Cum

2293 2227 2468 2281 omnis
2510 2226 2730 2293 jusutia:
2777 2240 2934 2295 quam
2982 2225 3125 2293 prius
3167 2223 3428 2278 dilexerat
3470 2233 3613 2278 esset
3659 2223 3892 2287 oblitus,

2292 2315 2599 2385 cupiditatis
2629 2317 2880 2370 instinctu
2910 2328 3070 2384 super
3100 2314 3261 2368 rebus
3301 2313 3661 2368 Ecclesiarum
3693 2326 3748 2368 et
3771 2314 3892 2369 leu-

2292 2405 2470 2470 dibus,
2507 2404 2684 2473 sagaci
2713 2402 3001 2468 desiderio,
3024 2400 3182 2456 vellet
3220 2401 3470 2457 omnibus
3497 2403 3731 2472 undique
3759 2417 3892 2471 spo-

2294 2497 2376 2551 liis
2399 2512 2567 2552 novos
2596 2496 2818 2565 implere
2847 2494 3154 2549 thesauros.
3188 2492 3443 2548 Luxuria:
3467 2509 3629 2562 supra
3658 2495 3887 2549 modum

2293 2588 2501 2643 deditus
2533 2600 2642 2642 tres
2683 2585 2911 2641 habebat
2941 2585 3006 2639 ad
3048 2584 3217 2639 instar
3245 2584 3547 2639 Salomonis
3571 2593 3612 2622 ω
3641 2587 3893 2656 reginas,

2295 2683 2528 2735 maxime
2570 2687 2627 2733 et
2674 2678 2932 2746 plurimas
2981 2676 3326 2731 concubinas.
3372 2675 3590 2745 Regina:
3631 2686 3762 2730 vero
3810 2677 3895 2729 ha:

2292 2774 2452 2845 637
2481 2754 2654 2841 erant,
2674 2768 3061 2834 Nantechildis,
3079 2767 3414 2838 Wlfegnndis
3438 2776 3494 2822 ct
3515 2767 3818 2822 Berchildis
3838 2774 3893 2824 ι.

2292 2865 2517 2920 Nomina
2539 2862 2956 2919 concubinarum
2979 2874 3045 2916 eo
3067 2860 3205 2928 quod
3231 2859 3408 2929 plures
3435 2859 3681 2921 fuissent,
3715 2859 3896 2914 increo

2293 2955 2505 3010 vithuic
2516 2953 2792 3010 Chronica
2822 2951 3007 3006 inseri.
3027 2950 3177 3018 Quod
3192 2965 3314 3004 cum
3331 2963 3571 3004 aversum
3597 2948 3896 3019 plurimum

2295 3049 2479 3105 fuisset
2507 3062 2602 3104 cor
2625 3047 2759 3117 ejus,
2783 3044 2921 3101 sicut
2942 3057 3104 3111 supra
3124 3043 3488 3111 meminimus,
3517 3051 3571 3098 et
3593 3056 3622 3096 a
3652 3042 3768 3098 Deo
3796 3058 3896 3099 co-

2295 3185 2503 3240 nisierio
2534 3184 2588 3239 in
2630 3179 2923 3238 Chlodovei
2967 3180 3011 3235 ll
3052 3179 3265 3233 thorum
3310 3181 3473 3233 ascita
3523 3183 3627 3244 est,
3663 3191 3731 3232 ex
3775 3176 3896 3247 cjus

611 3267 880 3320 nunquam
947 3251 1190 3324 subditos
1255 3263 1443 3324 omnes
1491 3251 1802 3320 designasse
1825 3291 1856 3324 ,_
1891 3268 2009 3324 qua:
2057 3255 2190 3309 alias
2219 3245 2265 3309 C
2300 3257 2440 3310 Vita.

613 3325 798 3385 laicus,
827 3332 980 3388 prout
1007 3321 1372 3390 sacerdotibus
1417 3332 1781 3390 opponuntur,
1815 3321 2099 3390 significat,
2137 3334 2194 3380 ut

613 3403 753 3459 pitet
796 3406 860 3445 ex
908 3405 1026 3460 cap.
1066 3392 1088 3444 l
1120 3389 1386 3461 Chronici
1425 3389 1647 3461 Fredeg.
1679 3391 1748 3447 Ut
1793 3389 2078 3461 plurimum
2109 3403 2192 3449 ta-

614 3481 732 3514 Ittett
762 3462 1019 3514 vassallns
1067 3462 1205 3531 regis
1246 3460 1551 3532 specialiter
1585 3460 1850 3530 designat,
1889 3463 1980 3530 qui
2011 3474 2194 3532 postea

613 3535 821 3584 barones
850 3532 1092 3599 appellati
1125 3530 1356 3595 luerunt,
1381 3539 1438 3583 nt
1461 3530 1570 3599 ja_m
1611 3530 2034 3590 observavimus.
2059 3533 2195 3591 Vide

615 3602 822 3656 llettr'tt'i
852 3597 1156 3668 Speltnanni
1186 3609 1241 3653 et
1261 3600 1447 3667 Cangii
1488 3597 1782 3654 Glossaria.

685 3670 709 3708 δ
753 3673 834 3733 Ab
881 3670 1122 3724 cci-Iesia:
1169 3685 1280 3722 sua:
1325 3683 1550 3737 patrOno
1599 3685 1791 3726 nomen
1829 3670 1989 3727 habet
2017 3673 2196 3729 Saint-

612 3741 740 3794 Jran
771 3741 832 3792 de
861 3739 1051 3796 Ladae.
1083 3754 1238 3804 supra
1266 3738 1477 3793 fluvium
1505 3740 1734 3795 Ararim.

689 3822 710 3848 ε
745 3811 868 3880 Ed,
894 3810 1333 3880 aliquot,justitia
1350 3810 1714 3880 jttdt'cartdum.

688 3880 713 3915 <1
762 3882 808 3933 ls
849 3879 944 3932 fuit
991 3879 1096 3932 dux
1132 3878 1463 3948 Burgundize
1517 3878 1833 3948 Cisjuranze,
1888 3887 2194 3940 monasterii

618 3951 903 4004 lle-uensis
935 3964 1102 4021 prope
1129 3949 1406 4021 Divionem
1439 3949 1706 4015 fundator,
1738 3955 1822 4006 cui
1851 3953 2014 4007 tilium
2040 3969 2194 4010 suum

617 4019 986 4074 Waldalenuin
1017 4019 1049 4082 ,⁷
1086 4019 1483 4074 Luxovienscm
1533 4025 1891 4086 monachum,
1949 4026 2195 4080 abbatem

615 4091 811 4158 prtetici
857 4091 1103 4162 curavit;
1153 4099 1209 4162 et
1259 4090 1532 4162 Donatiaci
1577 4106 1738 4159 prOpe
1788 4093 2194 4162 Vesontionem,

618 4178 712 4230 pro
760 4161 1097 4223 monialibus,
1127 4161 1298 4230 cujus
1331 4161 1608 4214 Adalfinda
1653 4162 1817 4229 ipsius
1866 4165 1968 4215 filia
2029 4161 2196 4230 prima

613 4228 876 4304 abbatissa
907 4230 1018 4304 fuit.
1054 4230 1129 4286 De
1153 4228 1235 4285 bis
1261 4228 1513 4286 Chronic.
1545 4228 1814 4287 Besu’eitse
1851 4242 1996 4288 tonio
2030 4228 2046 4287 l
2079 4237 2199 4304 Spi-

613 4303 703 4357 cil.
735 4301 1040 4356 Acheriani.

691 4382 715 4408 ⁶
747 4374 897 4426 Nunc
917 4372 1173 4444 seburbio
1202 4372 1479 4444 parisiensi
1510 4372 1677 4426 sancti
1709 4373 1922 4444 Antonii
1953 4376 2196 4444 contigua

617 4451 719 4505 est,
751 4445 906 4511 vulgo
957 4441 1179 4511 lieuilly.
1209 4441 1425 4511 ’Conler
1463 4457 1581 4510 cap.
1612 4444 1702 4506 5'5,
1756 4441 1935 4511 supra,
1971 4445 2060 4498 ubi
2103 4441 2196 4502 rex

616 4510 992 4580 Gottiatrudcm
1009 4578 1024 4580 ᾼ
1049 4510 1184 4578 apud
1231 4510 1557 4579 Clippiacutn
1586 4510 1858 4580 accepisse
1879 4515 2089 4570 dicitur.

692 4578 710 4618 τ
745 4580 961 4634 Addidit
995 4578 1278 4646 Cbesnius,
1309 4578 1364 4634 eo
1395 4584 1532 4644 quod
1556 4578 1739 4635 sterilis
1761 4593 1905 4647 esset,
1929 4601 2045 4638 cum
2075 4603 2197 4640 con-

615 4623 1738 4723 silio.-F"-rantjar‘ttrri':
2075 4623 2198 4711 ‘52:
2229 4623 2280 4682 Β

615 4723 821 4792 golierti
848 4721 1064 4792 scripsit
1091 4737 1104 4785 ;
1130 4721 1330 4792 iscdiid
1382 4722 1555 4792 potius
1589 4721 1745 4792 regis
1793 4721 2196 4782 incontinentiae

617 4790 961 4863 tribuendum
982 4801 1082 4863 e_s_t.
1107 4790 1422 4863 invaluerat
1455 4803 1630 4863 autem
1662 4790 1787 4848 tunc
1815 4800 2042 4863 pessima
2066 4812 2196 4852 con-

615 4863 841 4916 suetudo
863 4861 964 4935 legi
991 4858 1308 4935 Christiana:
1330 4862 1598 4917 contraria
1615 4858 1832 4919 uxorem
1857 4867 2192 4935 repudiandi,

613 4947 676 5004 ac
696 4941 819 5000 post
845 4932 1131 5004 divortium
1160 4933 1384 4987 alteram
1415 4936 1738 4998 assumendi,
1760 4945 1817 4989 ut
1838 4932 1980 5004 patet
2004 4951 2070 4992 ex
2102 4932 2195 4992 lib.

617 5002 655 5055 ll
688 5002 925 5057 Marcelli
952 5004 1108 5055 form.
1140 5004 1230 5066 50,
1259 5018 1376 5072 qua:
1407 5005 1570 5072 pestis
1612 5015 1793 5072 postea
1825 5002 1991 5062 sacris
2032 5023 2197 5064 cano-

615 5073 767 5126 nibns
795 5083 849 5127 et
879 5072 1019 5140 regia
1045 5075 1358 5128 auctoritate
1383 5076 1668 5142 exstirpata
1703 5077 1817 5130 fuit.

686 5152 711 5190 l
737 5144 828 5198 Sic
855 5145 1074 5198 omnino
1114 5143 1416 5216 legendum,
1447 5161 1552 5198 non
1599 5159 1727 5216 vero
1765 5148 1827 5199 de
1868 5149 2195 5216 monasterio,

613 5221 669 5265 ttt
699 5216 894 5268 habent
934 5214 1134 5270 Excusi
1162 5214 1282 5268 cum
1323 5216 1590 5269 Aimoino.
1623 5215 1790 5270 Nemo
1818 5217 2074 5271 hactenus
2102 5214 2196 5272 co?

611 5283 779 5338 dicem
809 5300 907 5338 ms.
928 5288 1062 5340 vidit
1086 5287 1175 5342 ubi
1203 5301 1310 5342 non
1334 5287 1597 5349 legeretur
1625 5287 1925 5340 ministerio.
1950 5287 2019 5340 Ita
2047 5291 2188 5344 enim

615 5353 808 5427 habent
855 5354 1335 5427 Claromontensis,
1363 5353 1706 5427 Colbertiuus
1751 5372 1844 5410 seu
1891 5357 2185 5427 Metteﬁnsis,

613 5425 959 5491 lloheriauus,
992 5428 1296 5490 Thuaneus,
1323 5425 1470 5483 teste
1511 5425 1742 5490 Valesio,
1774 5436 1828 5479 et
1869 5442 2004 5481 unus
2031 5426 2189 5481 Chri-

608 5497 760 5549 stina:
777 5498 980 5551 Suecia:
1002 5499 1220 5566 reginze,
1239 5502 1326 5567 qui
1355 5503 1527 5552 luerat
1549 5492 1787 5549 G-ildasti
1810 5499 1947 5565 apud
1979 5499 2192 5551 Bollan-

607 5567 755 5629 dnnt,
788 5567 978 5635 quibus
1007 5569 1348 5623 consentiunt
1385 5568 1654 5624 Chronica
1680 5567 1866 5622 Belua:
1881 5570 2188 5624 monasterii

606 5645 660 5688 et
695 5639 862 5690 sancti
899 5638 1139 5706 lienigni.
1193 5639 1256 5694 Et
1287 5639 1498 5708 quidem
1533 5637 1865 5708 Dagobertus
1905 5641 2190 5697 mouialetn

606 5721 724 5759 cum
757 5708 903 5776 regni
935 5723 1210 5776 procerum
1256 5711 1479 5764 consilio
1510 5723 1732 5764 uxorem
1771 5726 1874 5765 non
1903 5712 2187 5778 duxisset;

605 5789 897 5853 sensusque
924 5779 1010 5832 hic
1026 5779 1191 5853 exigit
1213 5790 1269 5834 ut
1297 5782 1468 5853 puella
1490 5781 2113 5853 cininistcriosublcvata
2136 5787 2186 5840 in

606 5848 836 5910 reginam
865 5848 1090 5905 dicatur.
1122 5848 1227 5905 ’bic
1261 5848 1454 5922 quippe
1485 5852 1764 5910 llaltbililis
1808 5855 2002 5923 pariter
2033 5870 2062 5908 c
2086 5856 2182 5910 mi-

2372 3325 2401 3364 h
2431 3326 2616 3382 Manus
2639 3322 2863 3394 publica:
2883 3320 3104 3394 nomine
3119 3318 3419 3394 intelligere
3438 3316 3577 3373 solet
3593 3315 3682 3394 hie
3705 3327 3895 3394 atretor

2298 3396 2597 3452 Romanum
2643 3386 2951 3462 "imperium.
3015 3391 3171 3453 Vide,
3223 3388 3402 3462 infra,
3443 3403 3562 3462 cap.
3619 3386 3711 3443 69.
3750 3389 3894 3462 _llinc

2297 3483 2456 3538 usque
2499 3482 2704 3519 manum
2728 3458 2991 3538 'pubiicem
3024 3458 3464 3538 potesLintelligi
3491 3471 3658 3526 usque
3696 3459 3763 3512 ad
3809 3474 3895 3513 reo

2299 3529 2484 3608 gioncs
2513 3551 2630 3605 qua:
2660 3529 2810 3589 erant
2830 3533 2898 3588 de
2922 3529 3170 3601 Imperio.
3189 3530 3288 3585 Ed.
3313 3529 3532 3600 aliquot,
3547 3544 3706 3598 usque
3737 3545 3894 3583 manu

2337 3607 2527 3661 ublica.

2301 3625 2946 3739 puflggnctusArntilfus,
2974 3672 3160 3726 relicta
3180 3670 3306 3724 sede
3333 3682 3449 3732 sua,
3468 3668 3520 3723 in
3545 3667 3894 3723 solitudinem

2300 3746 2496 3813 Vosagi
2527 3747 2768 3810 secessit,
2799 3743 2887 3795 ubi
2921 3760 2949 3795 a
2980 3753 3165 3798 sancto
3197 3739 3606 3813 nfoinarico,qui
3632 3739 3683 3791 in
3712 3750 3895 3792 castro

2302 3812 2640 3872 Habendensi
2688 3814 3066 3867 monasterium
3111 3812 3378 3881 virginum
3429 3818 3483 3863 et
3513 3814 3739 3881 alterum
3796 3825 3896 3876 pro

2300 3885 2580 3941 monachis
2630 3893 3023 3948 construxerat,
3055 3878 3355 3948 susceptus,
3390 3881 3440 3933 in
3483 3878 3662 3932 vicino
3711 3889 3896 3933 monte

2302 3958 2581 4022 habitavit,
2611 3955 2696 4009 ubi
2730 3953 2884 4006 hodie
2906 3955 3158 4007 sacellum
3190 3952 3380 4022 visitur
3399 3964 3520 4005 cum
3544 3950 3734 4022 exigua
3762 3963 3896 4022 ere-

2301 4029 2551 4081 mitarutn
2567 4018 2719 4080 casa.
2745 4025 3128 4078 Monasterium
3157 4019 3529 4081 Habendense,
3557 4018 3696 4088 quod
3727 4035 3756 4072 ε
3785 4021 3896 4074 situ

2300 4107 2356 4152 et
2384 4096 2676 4152 conditoris
2724 4093 2939 4147 nomine
2982 4090 3252 4146 Romarici
3299 4092 3452 4145 Mons
3492 4090 3896 4160 (Remiremont)

2303 4178 2486 4234 postea
2516 4167 2714 4220 dictum
2744 4174 2847 4228 est,
2871 4165 2923 4218 in
2954 4165 3145 4218 vallem
3174 4161 3470 4234 subjectam
3492 4168 3679 4234 postea
3711 4171 3893 4234 trans-

2302 4231 2489 4300 latum,
2518 4238 2603 4290 ubi
2635 4237 2796 4290 etiam
2829 4249 2972 4288 nunc
2997 4241 3172 4288 exstat
3200 4247 3322 4287 cum
3347 4231 3544 4299 oppido
3571 4231 3897 4300 cognomine

2297 4310 2448 4376 juxta
2468 4307 2764 4370 Mosellam,
2781 4321 2809 4358 a
2836 4304 3132 4376 canonissis
3153 4301 3495 4358 saecularibus
3511 4300 3887 4376 inhabitatum,

2301 4369 2421 4447 qua:
2444 4378 2640 4446 regula:
2671 4369 3026 4447 Benedictime
3044 4375 3228 4447 jugem
3255 4380 3628 4447 excusseeunt.
3649 4369 3891 4447 flentem

2301 4441 2431 4502 vero
2459 4441 2645 4513 ipsum.
2669 4448 2758 4514 qui
2790 4446 2947 4500 hodie
2969 4441 3127 4499 Mons
3144 4445 3374 4499 Sanctus
3407 4441 3622 4502 dicitur,
3648 4441 3895 4514 incolunt

2304 4511 3018 4585 Bened'ictinicongr.sancti
3055 4515 3251 4580 Vitoni,
3285 4515 3602 4585 ubi__pr:eter
3628 4511 3892 4577 majorem

2303 4590 2585 4642 ecclesiam
2621 4589 2742 4640 hinc
2762 4583 2828 4638 et
2875 4587 2996 4640 inde
3018 4586 3220 4652 aliquot
3247 4583 3441 4638 sacella
3460 4583 3734 4652 visuntur,
3765 4595 3890 4635 cum

2303 4660 2535 4728 antiquis
2574 4668 2904 4722 sanctorum,
2936 4657 3026 4725 qui
3066 4651 3395 4728 ibidepositi
3449 4651 3678 4728 fuerunt,
3709 4653 3894 4728 sepul-

2302 4721 2447 4783 eris:
2483 4729 2614 4793 Quae
2674 4729 2854 4780 omnia
2919 4721 3060 4780 anno
3101 4721 3256 4782 1696'
3301 4722 3666 4793 lustravimus.
3711 4721 3890 4793 Vitam

2303 4800 2472 4865 sancti
2508 4791 2720 4852 Arnulti
2749 4796 2914 4850 babes
2944 4800 2997 4852 in
3037 4811 3163 4850 saec.
3194 4812 3233 4850 ιι
3279 4792 3502 4857 Bened.,
3547 4792 3614 4865 ad
3644 4806 3734 4865 an.
3761 4791 3886 4865 (ξω.

2303 4861 2510 4936 Corpus
2533 4868 2647 4937 ejus
2673 4868 2858 4921 Mettas
2884 4866 3194 4920 translatum
3223 4861 3622 4937 asservatur‘in
3669 4861 3888 4937 basilica

2303 4931 2495 5010 insigni
2541 4931 2725 5010 ipsius
2753 4938 2956 5010 nomini
2996 4951 3168 5010 sacra,
3204 4952 3377 5010 _q_uatn_
3415 4931 3688 5005 pOSSideut
3719 4932 3892 4988 Bene-

2301 5006 2486 5064 dictiui
2519 5008 2769 5063 monachi
2798 5022 2956 5076 cong.
2999 5009 3167 5062 sancti
3203 5006 3404 5062 Vitoiii.

2381 5079 2395 5128 i
2447 5081 2553 5138 AL,
2584 5077 2870 5130 fluniberti.
2901 5073 3143 5134 interfuit
3163 5091 3317 5132 conc.
3346 5073 3882 5134 Rbemensian.650.

2307 5148 2437 5218 Ejus
2472 5150 2583 5202 Vita
2615 5147 2836 5218 habetur
2863 5149 3004 5214 apud
3050 5149 3266 5204 Surium
3310 5149 3400 5203 die
3448 5149 3515 5200 l2
3543 5146 3881 5214 Novembris,

2301 5217 2408 5288 quo
2437 5220 2600 5288 ipsius
2626 5217 2820 5273 festum
2851 5220 3172 5273 celebratur.

2375 5287 2399 5326 ιι
2431 5285 2529 5343 Atii
2560 5291 2611 5353 7,
2644 5290 2734 5343 alii
2761 5303 2888 5342 vero
2917 5291 2971 5354 9,
2989 5289 3127 5357 quod
3159 5303 3341 5344 verum
3363 5298 3447 5344 est
3473 5287 3542 5343 de
3563 5287 3646 5342 his
3673 5285 3882 5349 verbis,

2297 5377 2356 5414 eo
2381 5376 2515 5419 anno
2542 5361 2735 5413 habuit.
2769 5359 2899 5413 Nam
2928 5361 3226 5429 Sigibertus
3255 5369 3404 5414 ortus
3449 5368 3536 5416 est
3559 5373 3646 5413 an.
3677 5359 3811 5422 630,
3841 5359 3883 5410 si

2297 5446 2491 5485 annum
2526 5433 2745 5497 incipias
2773 5446 2801 5484 a
2828 5430 3100 5484 Januario.

2379 5499 2392 5539 ¹
2426 5501 2578 5556 Culb.
2621 5496 2676 5554 et
2718 5501 2856 5554 liditi
2904 5501 3166 5567 nonnulli,
3202 5499 3603 5572 Regintrudam;
3636 5506 3691 5553 et
3743 5496 3884 5554 infra

2296 5572 2436 5627 Editi
2467 5573 2790 5640 complures,
2811 5572 3168 5641 Sygobertum.

2368 5653 2404 5680 ω
2435 5644 2559 5697 ilccc
2587 5639 2687 5696 vox
2717 5639 3014 5696 Salomonis
3038 5643 3196 5697 estin
3224 5641 3342 5698 solo
3365 5643 3490 5698 cod.
3513 5640 3668 5697 Coll).
3686 5647 3746 5696 et
3763 5639 3882 5711 qui-

2297 5717 2416 5773 dem
2446 5717 2610 5768 altcra
2647 5728 2827 5775 manu,
2859 5712 3216 5782 sedeantiqua.

2368 5796 2394 5824 ο
2423 5787 2548 5846 Alli.
2586 5783 2902 5852 Nauthildt'a,
2937 5781 3254 5855 Ulﬁgundt’a,
3287 5782 3588 5841 Bcrthildis.
