  <div class='ocr_page' id='page_1' title='image "/cluster/home/n/w/nwhite01/storage/ocr_20150623/71/hvd.32044054758743/330.png"; bbox 0 0 3982 6346; ppageno 0'>
   <div class='ocr_carea' id='block_1_1' title="bbox 255 378 349 438">
    <p class='ocr_par' dir='ltr' id='par_1_1' title="bbox 255 378 349 438">
     <span class='ocr_line' id='line_1_1' title="bbox 255 378 349 438; baseline -0.011 0"><span class='ocrx_word' id='word_1_1' title='bbox 255 378 349 438; x_wconf 67' lang='grc' dir='ltr'><strong>σω</strong></span> 
     </span>
    </p>
   </div>
   <div class='ocr_carea' id='block_1_2' title="bbox 1704 378 2122 436">
    <p class='ocr_par' dir='ltr' id='par_1_2' title="bbox 1704 378 2122 436">
     <span class='ocr_line' id='line_1_2' title="bbox 1704 378 2122 436; baseline -0.012 -1"><span class='ocrx_word' id='word_1_2' title='bbox 1704 378 2122 436; x_wconf 75' lang='lat' dir='ltr'><strong>CIIRONICUM.</strong></span> 
     </span>
    </p>
   </div>
   <div class='ocr_carea' id='block_1_3' title="bbox 3426 382 3533 441">
    <p class='ocr_par' dir='ltr' id='par_1_3' title="bbox 3426 382 3533 441">
     <span class='ocr_line' id='line_1_3' title="bbox 3426 382 3533 441; baseline 0 -2"><span class='ocrx_word' id='word_1_3' title='bbox 3426 382 3533 441; x_wconf 67' lang='grc' dir='ltr'>σω</span> 
     </span>
    </p>
   </div>
   <div class='ocr_carea' id='block_1_4' title="bbox 252 491 3532 570">
    <p class='ocr_par' dir='ltr' id='par_1_4' title="bbox 252 491 3532 570">
     <span class='ocr_line' id='line_1_4' title="bbox 252 491 3532 570; baseline 0.002 -21"><span class='ocrx_word' id='word_1_4' title='bbox 252 493 430 567; x_wconf 82' lang='lat' dir='ltr'><strong>guatlo</strong></span> <span class='ocrx_word' id='word_1_5' title='bbox 458 496 577 564; x_wconf 80' lang='lat' dir='ltr'><strong>ejus</strong></span> <span class='ocrx_word' id='word_1_6' title='bbox 620 491 956 557; x_wconf 79' lang='lat' dir='ltr'><strong>recessisset,</strong></span> <span class='ocrx_word' id='word_1_7' title='bbox 992 501 1171 547; x_wconf 87' lang='lat' dir='ltr'><strong>tamen</strong></span> <span class='ocrx_word' id='word_1_8' title='bbox 1202 499 1407 562; x_wconf 84' lang='lat' dir='ltr'><strong>postea,</strong></span> <span class='ocrx_word' id='word_1_9' title='bbox 1436 501 1598 565; x_wconf 89' lang='lat' dir='ltr'><strong>atque</strong></span> <span class='ocrx_word' id='word_1_10' title='bbox 1639 496 1840 553; x_wconf 89' lang='lat' dir='ltr'><strong>utinam</strong></span> <span class='ocrx_word' id='word_1_11' title='bbox 1868 498 1918 554; x_wconf 77' lang='grc' dir='ltr'><strong>Δ</strong></span> <span class='ocrx_word' id='word_1_12' title='bbox 1947 500 2248 548; x_wconf 86' lang='lat' dir='ltr'><strong>mavcrunt.</strong></span> <span class='ocrx_word' id='word_1_13' title='bbox 2273 492 2399 547; x_wconf 84' lang='lat' dir='ltr'><strong>Post</strong></span> <span class='ocrx_word' id='word_1_14' title='bbox 2427 496 2542 549; x_wconf 76' lang='lat' dir='ltr'><strong>lucc</strong></span> <span class='ocrx_word' id='word_1_15' title='bbox 2563 493 3084 567; x_wconf 84' lang='lat' dir='ltr'><strong>Constantinopol&#39;m</strong></span> <span class='ocrx_word' id='word_1_16' title='bbox 3105 497 3289 555; x_wconf 81' lang='lat' dir='ltr'><strong>sedem</strong></span> <span class='ocrx_word' id='word_1_17' title='bbox 3319 500 3532 570; x_wconf 84' lang='lat' dir='ltr'><strong>imperii</strong></span> 
     </span>
    </p>
   </div>
   <div class='ocr_carea' id='block_1_5' title="bbox 251 585 1831 658">
    <p class='ocr_par' dir='ltr' id='par_1_5' title="bbox 251 585 1831 658">
     <span class='ocr_line' id='line_1_5' title="bbox 251 585 1831 658; baseline -0.005 -9"><span class='ocrx_word' id='word_1_18' title='bbox 251 593 319 649; x_wconf 88' lang='lat' dir='ltr'><strong>illi</strong></span> <span class='ocrx_word' id='word_1_19' title='bbox 343 591 408 647; x_wconf 88' lang='lat' dir='ltr'><strong>ad</strong></span> <span class='ocrx_word' id='word_1_20' title='bbox 429 590 730 645; x_wconf 84' lang='lat' dir='ltr'><strong>mercedem</strong></span> <span class='ocrx_word' id='word_1_21' title='bbox 762 603 943 644; x_wconf 84' lang='lat' dir='ltr'><strong>veram</strong></span> <span class='ocrx_word' id='word_1_22' title='bbox 972 585 1105 642; x_wconf 88' lang='lat' dir='ltr'><strong>lucri</strong></span> <span class='ocrx_word' id='word_1_23' title='bbox 1132 587 1344 653; x_wconf 92' lang='lat' dir='ltr'><strong>fuisset,</strong></span> <span class='ocrx_word' id='word_1_24' title='bbox 1373 588 1831 658; x_wconf 38' lang='lat' dir='ltr'><strong>nam‘elcemosy-</strong></span> 
     </span>
    </p>
   </div>
   <div class='ocr_carea' id='block_1_6' title="bbox 250 677 1829 750">
    <p class='ocr_par' dir='ltr' id='par_1_6' title="bbox 250 677 1829 750">
     <span class='ocr_line' id='line_1_6' title="bbox 250 677 1829 750; baseline -0.002 -14"><span class='ocrx_word' id='word_1_25' title='bbox 250 698 364 736; x_wconf 89' lang='lat' dir='ltr'><strong>nam</strong></span> <span class='ocrx_word' id='word_1_26' title='bbox 393 682 712 750; x_wconf 80' lang='lat' dir='ltr'><strong>pauperibus</strong></span> <span class='ocrx_word' id='word_1_27' title='bbox 748 694 908 749; x_wconf 85' lang='lat' dir='ltr'><strong>supra</strong></span> <span class='ocrx_word' id='word_1_28' title='bbox 949 677 1164 730; x_wconf 88' lang='lat' dir='ltr'><strong>modum</strong></span> <span class='ocrx_word' id='word_1_29' title='bbox 1198 678 1416 747; x_wconf 78' lang='lat' dir='ltr'><strong>largiter</strong></span> <span class='ocrx_word' id='word_1_30' title='bbox 1461 680 1741 750; x_wconf 80' lang='lat' dir='ltr'><strong>erogabat,</strong></span> <span class='ocrx_word' id='word_1_31' title='bbox 1784 679 1829 733; x_wconf 83' lang='lat' dir='ltr'><strong>si</strong></span> 
     </span>
    </p>
   </div>
   <div class='ocr_carea' id='block_1_7' title="bbox 253 767 1831 843">
    <p class='ocr_par' dir='ltr' id='par_1_7' title="bbox 253 767 1831 843">
     <span class='ocr_line' id='line_1_7' title="bbox 253 767 1831 843; baseline 0.001 -20"><span class='ocrx_word' id='word_1_32' title='bbox 253 770 400 843; x_wconf 86' lang='lat' dir='ltr'><strong>hujus</strong></span> <span class='ocrx_word' id='word_1_33' title='bbox 432 773 508 826; x_wconf 88' lang='lat' dir='ltr'><strong>rei</strong></span> <span class='ocrx_word' id='word_1_34' title='bbox 547 770 811 841; x_wconf 75' lang='lat' dir='ltr'><strong>sagacitas</strong></span> <span class='ocrx_word' id='word_1_35' title='bbox 849 770 1159 839; x_wconf 75' lang='lat' dir='ltr'><strong>cupiditatis</strong></span> <span class='ocrx_word' id='word_1_36' title='bbox 1186 767 1437 824; x_wconf 80' lang='lat' dir='ltr'><strong>instinctu</strong></span> <span class='ocrx_word' id='word_1_37' title='bbox 1483 786 1587 823; x_wconf 90' lang='lat' dir='ltr'><strong>non</strong></span> <span class='ocrx_word' id='word_1_38' title='bbox 1623 784 1831 840; x_wconf 75' lang='lat' dir='ltr'><strong>prche-</strong></span> 
     </span>
    </p>
   </div>
   <div class='ocr_carea' id='block_1_8' title="bbox 251 863 1658 932">
    <p class='ocr_par' dir='ltr' id='par_1_8' title="bbox 251 863 1658 932">
     <span class='ocr_line' id='line_1_8' title="bbox 251 863 1658 932; baseline 0 -13"><span class='ocrx_word' id='word_1_39' title='bbox 251 865 428 930; x_wconf 85' lang='lat' dir='ltr'><strong>disset,</strong></span> <span class='ocrx_word' id='word_1_40' title='bbox 458 880 679 932; x_wconf 77' lang='lat' dir='ltr'><strong>regnum</strong></span> <span class='ocrx_word' id='word_1_41' title='bbox 714 873 769 918; x_wconf 93' lang='lat' dir='ltr'><strong>ut</strong></span> <span class='ocrx_word' id='word_1_42' title='bbox 796 863 1030 917; x_wconf 84' lang='lat' dir='ltr'><strong>creditur</strong></span> <span class='ocrx_word' id='word_1_43' title='bbox 1062 863 1345 918; x_wconf 88' lang='lat' dir='ltr'><strong>meruisset</strong></span> <span class='ocrx_word' id='word_1_44' title='bbox 1375 874 1658 919; x_wconf 65' lang='lat' dir='ltr'><strong>aeternum.</strong></span> 
     </span>
    </p>
   </div>
   <div class='ocr_carea' id='block_1_9' title="bbox 314 950 1829 1022">
    <p class='ocr_par' dir='ltr' id='par_1_9' title="bbox 314 950 1829 1022">
     <span class='ocr_line' id='line_1_9' title="bbox 314 950 1829 1022; baseline -0.001 -13"><span class='ocrx_word' id='word_1_45' title='bbox 314 954 449 1009; x_wconf 75' lang='lat' dir='ltr'><strong>LXI.</strong></span> <span class='ocrx_word' id='word_1_46' title='bbox 489 953 619 1007; x_wconf 91' lang='lat' dir='ltr'><strong>Cum</strong></span> <span class='ocrx_word' id='word_1_47' title='bbox 668 952 852 1008; x_wconf 91' lang='lat' dir='ltr'><strong>Ieudes</strong></span> <span class='ocrx_word' id='word_1_48' title='bbox 895 952 974 1006; x_wconf 86' lang='lat' dir='ltr'><strong>sui</strong></span> <span class='ocrx_word' id='word_1_49' title='bbox 1020 950 1137 1021; x_wconf 65' lang='lat' dir='ltr'><strong>ejus</strong></span> <span class='ocrx_word' id='word_1_50' title='bbox 1186 952 1479 1021; x_wconf 78' lang='lat' dir='ltr'><strong>nequitiam</strong></span> <span class='ocrx_word' id='word_1_51' title='bbox 1528 963 1829 1022; x_wconf 79' lang='lat' dir='ltr'><strong>gemerent,</strong></span> 
     </span>
    </p>
   </div>
   <div class='ocr_carea' id='block_1_10' title="bbox 249 1044 1835 1114">
    <p class='ocr_par' dir='ltr' id='par_1_10' title="bbox 249 1044 1835 1114">
     <span class='ocr_line' id='line_1_10' title="bbox 249 1044 1835 1114; baseline 0 -15"><span class='ocrx_word' id='word_1_52' title='bbox 249 1046 359 1100; x_wconf 78' lang='lat' dir='ltr'><strong>lure</strong></span> <span class='ocrx_word' id='word_1_53' title='bbox 388 1060 615 1100; x_wconf 84' lang='lat' dir='ltr'><strong>cernens</strong></span> <span class='ocrx_word' id='word_1_54' title='bbox 642 1044 921 1114; x_wconf 89' lang='lat' dir='ltr'><strong>Pippiuus,</strong></span> <span class='ocrx_word' id='word_1_55' title='bbox 958 1059 1078 1098; x_wconf 90' lang='lat' dir='ltr'><strong>cum</strong></span> <span class='ocrx_word' id='word_1_56' title='bbox 1109 1054 1253 1098; x_wconf 81' lang='lat' dir='ltr'><strong>esset</strong></span> <span class='ocrx_word' id='word_1_57' title='bbox 1282 1046 1490 1099; x_wconf 90' lang='lat' dir='ltr'><strong>cautior</strong></span> <span class='ocrx_word' id='word_1_58' title='bbox 1517 1046 1749 1111; x_wconf 90' lang='lat' dir='ltr'><strong>cunctis,</strong></span> <span class='ocrx_word' id='word_1_59' title='bbox 1780 1055 1835 1101; x_wconf 91' lang='lat' dir='ltr'><strong>et</strong></span> 
     </span>
    </p>
   </div>
   <div class='ocr_carea' id='block_1_11' title="bbox 248 1137 1837 1207">
    <p class='ocr_par' dir='ltr' id='par_1_11' title="bbox 248 1137 1837 1207">
     <span class='ocr_line' id='line_1_11' title="bbox 248 1137 1837 1207; baseline 0 -16"><span class='ocrx_word' id='word_1_60' title='bbox 248 1140 560 1195; x_wconf 79' lang='lat' dir='ltr'><strong>consilio-us</strong></span> <span class='ocrx_word' id='word_1_61' title='bbox 583 1138 762 1202; x_wconf 89' lang='lat' dir='ltr'><strong>valde,</strong></span> <span class='ocrx_word' id='word_1_62' title='bbox 798 1138 1140 1207; x_wconf 89' lang='lat' dir='ltr'><strong>plenissimus</strong></span> <span class='ocrx_word' id='word_1_63' title='bbox 1170 1137 1294 1202; x_wconf 95' lang='lat' dir='ltr'><strong>ﬁde,</strong></span> <span class='ocrx_word' id='word_1_64' title='bbox 1329 1137 1396 1191; x_wconf 81' lang='lat' dir='ltr'><strong>ab</strong></span> <span class='ocrx_word' id='word_1_65' title='bbox 1427 1139 1676 1193; x_wconf 89' lang='lat' dir='ltr'><strong>omnibus</strong></span> <span class='ocrx_word' id='word_1_66' title='bbox 1702 1138 1837 1192; x_wconf 86' lang='lat' dir='ltr'><strong>dile-</strong></span> 
     </span>
    </p>
   </div>
   <div class='ocr_carea' id='block_1_12' title="bbox 253 1229 1835 1300">
    <p class='ocr_par' dir='ltr' id='par_1_12' title="bbox 253 1229 1835 1300">
     <span class='ocr_line' id='line_1_12' title="bbox 253 1229 1835 1300; baseline -0.001 -14"><span class='ocrx_word' id='word_1_67' title='bbox 253 1241 380 1297; x_wconf 85' lang='lat' dir='ltr'><strong>ctus,</strong></span> <span class='ocrx_word' id='word_1_68' title='bbox 412 1247 507 1300; x_wconf 90' lang='lat' dir='ltr'><strong>pro</strong></span> <span class='ocrx_word' id='word_1_69' title='bbox 549 1231 769 1300; x_wconf 75' lang='lat' dir='ltr'><strong>justitia:</strong></span> <span class='ocrx_word' id='word_1_70' title='bbox 812 1243 997 1283; x_wconf 89' lang='lat' dir='ltr'><strong>amore</strong></span> <span class='ocrx_word' id='word_1_71' title='bbox 1025 1243 1129 1296; x_wconf 91' lang='lat' dir='ltr'><strong>qua</strong></span> <span class='ocrx_word' id='word_1_72' title='bbox 1160 1229 1515 1298; x_wconf 89' lang='lat' dir='ltr'><strong>Dagohertum</strong></span> <span class='ocrx_word' id='word_1_73' title='bbox 1546 1230 1835 1285; x_wconf 87' lang='lat' dir='ltr'><strong>consiliose</strong></span> 
     </span>
    </p>
   </div>
   <div class='ocr_carea' id='block_1_13' title="bbox 248 1320 1832 1387">
    <p class='ocr_par' dir='ltr' id='par_1_13' title="bbox 248 1320 1832 1387">
     <span class='ocr_line' id='line_1_13' title="bbox 248 1320 1832 1387; baseline -0.001 -10"><span class='ocrx_word' id='word_1_74' title='bbox 248 1326 591 1387; x_wconf 79' lang='lat' dir='ltr'><strong>instruxerat,</strong></span> <span class='ocrx_word' id='word_1_75' title='bbox 615 1321 738 1375; x_wconf 90' lang='lat' dir='ltr'><strong>dum</strong></span> <span class='ocrx_word' id='word_1_76' title='bbox 772 1335 871 1373; x_wconf 89' lang='lat' dir='ltr'><strong>suo</strong></span> <span class='ocrx_word' id='word_1_77' title='bbox 894 1335 1022 1374; x_wconf 89' lang='lat' dir='ltr'><strong>usus</strong></span> <span class='ocrx_word' id='word_1_78' title='bbox 1054 1320 1227 1375; x_wconf 89' lang='lat' dir='ltr'><strong>fuerat</strong></span> <span class='ocrx_word' id='word_1_79' title='bbox 1253 1320 1502 1384; x_wconf 89' lang='lat' dir='ltr'><strong>consilio,</strong></span> <span class='ocrx_word' id='word_1_80' title='bbox 1528 1322 1627 1375; x_wconf 87' lang='lat' dir='ltr'><strong>sibi</strong></span> <span class='ocrx_word' id='word_1_81' title='bbox 1654 1333 1832 1375; x_wconf 87' lang='lat' dir='ltr'><strong>tamen</strong></span> 
     </span>
    </p>
   </div>
   <div class='ocr_carea' id='block_1_14' title="bbox 249 1411 1835 1483">
    <p class='ocr_par' dir='ltr' id='par_1_14' title="bbox 249 1411 1835 1483">
     <span class='ocr_line' id='line_1_14' title="bbox 249 1411 1835 1483; baseline -0.001 -16"><span class='ocrx_word' id='word_1_82' title='bbox 249 1429 343 1468; x_wconf 90' lang='lat' dir='ltr'><strong>nec</strong></span> <span class='ocrx_word' id='word_1_83' title='bbox 366 1414 655 1483; x_wconf 84' lang='lat' dir='ltr'><strong>quidquam</strong></span> <span class='ocrx_word' id='word_1_84' title='bbox 698 1411 902 1467; x_wconf 88' lang='lat' dir='ltr'><strong>oblitus</strong></span> <span class='ocrx_word' id='word_1_85' title='bbox 927 1411 1170 1481; x_wconf 74' lang='lat' dir='ltr'><strong>justitize,</strong></span> <span class='ocrx_word' id='word_1_86' title='bbox 1203 1426 1377 1481; x_wconf 89' lang='lat' dir='ltr'><strong>neque</strong></span> <span class='ocrx_word' id='word_1_87' title='bbox 1406 1411 1662 1467; x_wconf 85' lang='lat' dir='ltr'><strong>recedens</strong></span> <span class='ocrx_word' id='word_1_88' title='bbox 1690 1427 1718 1464; x_wconf 91' lang='lat' dir='ltr'><strong>a</strong></span> <span class='ocrx_word' id='word_1_89' title='bbox 1751 1412 1835 1465; x_wconf 89' lang='lat' dir='ltr'><strong>via</strong></span> 
     </span>
    </p>
   </div>
   <div class='ocr_carea' id='block_1_15' title="bbox 250 1504 1836 1574">
    <p class='ocr_par' dir='ltr' id='par_1_15' title="bbox 250 1504 1836 1574">
     <span class='ocr_line' id='line_1_15' title="bbox 250 1504 1836 1574; baseline 0 -15"><span class='ocrx_word' id='word_1_90' title='bbox 250 1506 502 1560; x_wconf 81' lang='lat' dir='ltr'><strong>bonitatis</strong></span> <span class='ocrx_word' id='word_1_91' title='bbox 524 1548 541 1574; x_wconf 91' lang='lat'><strong>,</strong></span> <span class='ocrx_word' id='word_1_92' title='bbox 571 1520 692 1560; x_wconf 92' lang='lat' dir='ltr'><strong>eum</strong></span> <span class='ocrx_word' id='word_1_93' title='bbox 723 1504 788 1558; x_wconf 90' lang='lat' dir='ltr'><strong>ad</strong></span> <span class='ocrx_word' id='word_1_94' title='bbox 823 1504 1181 1573; x_wconf 85' lang='lat' dir='ltr'><strong>Dagobertum</strong></span> <span class='ocrx_word' id='word_1_95' title='bbox 1209 1504 1511 1569; x_wconf 87' lang='lat' dir='ltr'><strong>accederet,</strong></span> <span class='ocrx_word' id='word_1_96' title='bbox 1545 1505 1836 1573; x_wconf 88' lang='lat' dir='ltr'><strong>prudenter</strong></span> 
     </span>
    </p>
   </div>
   <div class='ocr_carea' id='block_1_16' title="bbox 244 1595 1835 1666">
    <p class='ocr_par' dir='ltr' id='par_1_16' title="bbox 244 1595 1835 1666">
     <span class='ocr_line' id='line_1_16' title="bbox 244 1595 1835 1666; baseline 0 -15"><span class='ocrx_word' id='word_1_97' title='bbox 244 1598 435 1666; x_wconf 72' lang='lat' dir='ltr'><strong>agebat</strong></span> <span class='ocrx_word' id='word_1_98' title='bbox 463 1596 516 1650; x_wconf 94' lang='lat' dir='ltr'><strong>in</strong></span> <span class='ocrx_word' id='word_1_99' title='bbox 542 1596 771 1662; x_wconf 90' lang='lat' dir='ltr'><strong>cunctis,</strong></span> <span class='ocrx_word' id='word_1_100' title='bbox 805 1603 861 1649; x_wconf 90' lang='lat' dir='ltr'><strong>et</strong></span> <span class='ocrx_word' id='word_1_101' title='bbox 888 1604 1102 1649; x_wconf 90' lang='lat' dir='ltr'><strong>cautum</strong></span> <span class='ocrx_word' id='word_1_102' title='bbox 1132 1609 1193 1650; x_wconf 92' lang='lat' dir='ltr'><strong>se</strong></span> <span class='ocrx_word' id='word_1_103' title='bbox 1220 1596 1275 1649; x_wconf 93' lang='lat' dir='ltr'><strong>in</strong></span> <span class='ocrx_word' id='word_1_104' title='bbox 1303 1595 1554 1650; x_wconf 89' lang='lat' dir='ltr'><strong>omnibus</strong></span> <span class='ocrx_word' id='word_1_105' title='bbox 1583 1595 1835 1651; x_wconf 81' lang='lat' dir='ltr'><strong>ostende-</strong></span> 
     </span>
    </p>
   </div>
   <div class='ocr_carea' id='block_1_17' title="bbox 249 1682 1834 1757">
    <p class='ocr_par' dir='ltr' id='par_1_17' title="bbox 249 1682 1834 1757">
     <span class='ocr_line' id='line_1_17' title="bbox 249 1682 1834 1757; baseline 0 -17"><span class='ocrx_word' id='word_1_106' title='bbox 249 1689 363 1753; x_wconf 88' lang='lat' dir='ltr'><strong>hat;</strong></span> <span class='ocrx_word' id='word_1_107' title='bbox 397 1687 573 1741; x_wconf 88' lang='lat' dir='ltr'><strong>zelum</strong></span> <span class='ocrx_word' id='word_1_108' title='bbox 606 1685 746 1757; x_wconf 79' lang='lat' dir='ltr'><strong>[Ch.,</strong></span> <span class='ocrx_word' id='word_1_109' title='bbox 768 1682 1361 1755; x_wconf 69' lang='grc' dir='ltr'><strong>ῑιξ1υ5]Λ115ι1’38ἱοι“υω</strong></span> <span class='ocrx_word' id='word_1_110' title='bbox 1392 1684 1655 1741; x_wconf 88' lang='lat' dir='ltr'><strong>adversus</strong></span> <span class='ocrx_word' id='word_1_111' title='bbox 1685 1701 1834 1741; x_wconf 58' lang='lat' dir='ltr'><strong>eum.</strong></span> 
     </span>
    </p>
   </div>
   <div class='ocr_carea' id='block_1_18' title="bbox 248 1773 1834 1844">
    <p class='ocr_par' dir='ltr' id='par_1_18' title="bbox 248 1773 1834 1844">
     <span class='ocr_line' id='line_1_18' title="bbox 248 1773 1834 1844; baseline -0.001 -13"><span class='ocrx_word' id='word_1_112' title='bbox 248 1776 365 1831; x_wconf 87' lang='lat' dir='ltr'><strong>dem</strong></span> <span class='ocrx_word' id='word_1_113' title='bbox 404 1775 758 1829; x_wconf 74' lang='lat' dir='ltr'><strong>vehementer</strong></span> <span class='ocrx_word' id='word_1_114' title='bbox 800 1773 1142 1844; x_wconf 80' lang='lat' dir='ltr'><strong>suggerebat,</strong></span> <span class='ocrx_word' id='word_1_115' title='bbox 1178 1781 1239 1827; x_wconf 90' lang='lat' dir='ltr'><strong>ut</strong></span> <span class='ocrx_word' id='word_1_116' title='bbox 1281 1774 1441 1830; x_wconf 88' lang='lat' dir='ltr'><strong>etiam</strong></span> <span class='ocrx_word' id='word_1_117' title='bbox 1492 1773 1663 1842; x_wconf 87' lang='lat' dir='ltr'><strong>ipsum</strong></span> <span class='ocrx_word' id='word_1_118' title='bbox 1714 1789 1834 1830; x_wconf 89' lang='lat' dir='ltr'><strong>cum</strong></span> 
     </span>
    </p>
   </div>
   <div class='ocr_carea' id='block_1_19' title="bbox 1937 585 3519 661">
    <p class='ocr_par' dir='ltr' id='par_1_19' title="bbox 1937 585 3519 661">
     <span class='ocr_line' id='line_1_19' title="bbox 1937 585 3519 661; baseline 0.008 -23"><span class='ocrx_word' id='word_1_119' title='bbox 1937 585 2356 654; x_wconf 73' lang='lat' dir='ltr'><strong>propinquantes</strong></span> <span class='ocrx_word' id='word_1_120' title='bbox 2380 586 2661 644; x_wconf 88' lang='lat' dir='ltr'><strong>destruere</strong></span> <span class='ocrx_word' id='word_1_121' title='bbox 2689 589 3375 661; x_wconf 66' lang='lat' dir='ltr'><strong>conabantur.’Egrediens</strong></span> <span class='ocrx_word' id='word_1_122' title='bbox 3395 609 3519 651; x_wconf 78' lang='lat' dir='ltr'><strong>cum</strong></span> 
     </span>
    </p>
   </div>
   <div class='ocr_carea' id='block_1_20' title="bbox 1935 681 3524 753">
    <p class='ocr_par' dir='ltr' id='par_1_20' title="bbox 1935 681 3524 753">
     <span class='ocr_line' id='line_1_20' title="bbox 1935 681 3524 753; baseline 0.007 -22"><span class='ocrx_word' id='word_1_123' title='bbox 1935 682 2173 734; x_wconf 79' lang='lat' dir='ltr'><strong>exercitu</strong></span> <span class='ocrx_word' id='word_1_124' title='bbox 2222 681 2495 736; x_wconf 88' lang='lat' dir='ltr'><strong>lIeraclius</strong></span> <span class='ocrx_word' id='word_1_125' title='bbox 2541 683 2788 750; x_wconf 84' lang='lat' dir='ltr'><strong>obviam,</strong></span> <span class='ocrx_word' id='word_1_126' title='bbox 2840 684 3029 753; x_wconf 75' lang='lat' dir='ltr'><strong>legatis</strong></span> <span class='ocrx_word' id='word_1_127' title='bbox 3077 686 3524 753; x_wconf 82' lang='lat' dir='ltr'><strong>discurrentibus,</strong></span> 
     </span>
    </p>
   </div>
   <div class='ocr_carea' id='block_1_21' title="bbox 1938 768 3527 848">
    <p class='ocr_par' dir='ltr' id='par_1_21' title="bbox 1938 768 3527 848">
     <span class='ocr_line' id='line_1_21' title="bbox 1938 768 3527 848; baseline 0.008 -24"><span class='ocrx_word' id='word_1_128' title='bbox 1938 768 2213 826; x_wconf 77' lang='lat' dir='ltr'><strong>Ileraclius</strong></span> <span class='ocrx_word' id='word_1_129' title='bbox 2244 773 2617 842; x_wconf 89' lang='lat' dir='ltr'><strong>imperatorem</strong></span> <span class='ocrx_word' id='word_1_130' title='bbox 2639 776 2943 843; x_wconf 83' lang='lat' dir='ltr'><strong>Persarum,</strong></span> <span class='ocrx_word' id='word_1_131' title='bbox 2961 780 3181 833; x_wconf 82' lang='lat' dir='ltr'><strong>nomine</strong></span> <span class='ocrx_word' id='word_1_132' title='bbox 3209 778 3449 835; x_wconf 88' lang='lat' dir='ltr'><strong>Cosdroe</strong></span> <span class='ocrx_word' id='word_1_133' title='bbox 3469 779 3527 848; x_wconf 68' lang='grc'><strong>⁸,</strong></span> 
     </span>
    </p>
   </div>
   <div class='ocr_carea' id='block_1_22' title="bbox 1939 862 3529 933">
    <p class='ocr_par' dir='ltr' id='par_1_22' title="bbox 1939 862 3529 933">
     <span class='ocr_line' id='line_1_22' title="bbox 1939 862 3529 933; baseline 0.009 -19"><span class='ocrx_word' id='word_1_134' title='bbox 1939 862 2090 930; x_wconf 91' lang='lat' dir='ltr'><strong>petiit</strong></span> <span class='ocrx_word' id='word_1_135' title='bbox 2135 873 2190 915; x_wconf 91' lang='lat' dir='ltr'><strong>ut</strong></span> <span class='ocrx_word' id='word_1_136' title='bbox 2238 863 2293 917; x_wconf 91' lang='lat' dir='ltr'><strong>hi</strong></span> <span class='ocrx_word' id='word_1_137' title='bbox 2341 864 2448 917; x_wconf 91' lang='lat' dir='ltr'><strong>duo</strong></span> <span class='ocrx_word' id='word_1_138' title='bbox 2500 864 2854 933; x_wconf 87' lang='lat' dir='ltr'><strong>imperatores</strong></span> <span class='ocrx_word' id='word_1_139' title='bbox 2918 869 3173 933; x_wconf 66' lang='lat' dir='ltr'><strong>singulari</strong></span> <span class='ocrx_word' id='word_1_140' title='bbox 3233 872 3529 928; x_wconf 84' lang='lat' dir='ltr'><strong>certamine</strong></span> 
     </span>
    </p>
   </div>
   <div class='ocr_carea' id='block_1_23' title="bbox 1937 952 3527 1029">
    <p class='ocr_par' dir='ltr' id='par_1_23' title="bbox 1937 952 3527 1029">
     <span class='ocr_line' id='line_1_23' title="bbox 1937 952 3527 1029; baseline 0.007 -24"><span class='ocrx_word' id='word_1_141' title='bbox 1937 952 2414 1022; x_wconf 81' lang='lat' dir='ltr'><strong>conjungerentur,</strong></span> <span class='ocrx_word' id='word_1_142' title='bbox 2441 969 2697 1024; x_wconf 88' lang='lat' dir='ltr'><strong>suspensa</strong></span> <span class='ocrx_word' id='word_1_143' title='bbox 2730 958 2912 1026; x_wconf 86' lang='lat' dir='ltr'><strong>procul</strong></span> <span class='ocrx_word' id='word_1_144' title='bbox 2945 960 3222 1029; x_wconf 79' lang='lat' dir='ltr'><strong>utriusque</strong></span> <span class='ocrx_word' id='word_1_145' title='bbox 3252 961 3527 1016; x_wconf 82' lang='lat' dir='ltr'><strong>exercitus</strong></span> 
     </span>
    </p>
   </div>
   <div class='ocr_carea' id='block_1_24' title="bbox 1937 1045 3615 1121">
    <p class='ocr_par' dir='ltr' id='par_1_24' title="bbox 1937 1045 3615 1121">
     <span class='ocr_line' id='line_1_24' title="bbox 1937 1045 3615 1121; baseline 0.007 -24"><span class='ocrx_word' id='word_1_146' title='bbox 1937 1045 2307 1110; x_wconf 85' lang='lat' dir='ltr'><strong>multitudine;</strong></span> <span class='ocrx_word' id='word_1_147' title='bbox 2335 1056 2391 1100; x_wconf 90' lang='lat' dir='ltr'><strong>et</strong></span> <span class='ocrx_word' id='word_1_148' title='bbox 2410 1048 2493 1101; x_wconf 89' lang='lat' dir='ltr'><strong>cui</strong></span> <span class='ocrx_word' id='word_1_149' title='bbox 2522 1047 2743 1101; x_wconf 80' lang='lat' dir='ltr'><strong>victoria</strong></span> <span class='ocrx_word' id='word_1_150' title='bbox 2768 1061 3114 1117; x_wconf 59' lang='lat' dir='ltr'><strong>praestaretur</strong></span> <span class='ocrx_word' id='word_1_151' title='bbox 3134 1053 3201 1105; x_wconf 88' lang='lat' dir='ltr'><strong>ab</strong></span> <span class='ocrx_word' id='word_1_152' title='bbox 3227 1052 3525 1121; x_wconf 81' lang='lat' dir='ltr'><strong>Altissimo,</strong></span> <span class='ocrx_word' id='word_1_153' title='bbox 3610 1112 3615 1115; x_wconf 89' lang='lat'><strong><em>_</em></strong></span> 
     </span>
    </p>
   </div>
   <div class='ocr_carea' id='block_1_25' title="bbox 1938 1134 3526 1210">
    <p class='ocr_par' dir='ltr' id='par_1_25' title="bbox 1938 1134 3526 1210">
     <span class='ocr_line' id='line_1_25' title="bbox 1938 1134 3526 1210; baseline 0.007 -22"><span class='ocrx_word' id='word_1_154' title='bbox 1938 1134 2218 1202; x_wconf 89' lang='lat' dir='ltr'><strong>imperium</strong></span> <span class='ocrx_word' id='word_1_155' title='bbox 2269 1135 2386 1205; x_wconf 85' lang='lat' dir='ltr'><strong>ejus</strong></span> <span class='ocrx_word' id='word_1_156' title='bbox 2420 1139 2508 1204; x_wconf 89' lang='lat' dir='ltr'><strong>qui</strong></span> <span class='ocrx_word' id='word_1_157' title='bbox 2552 1139 2655 1189; x_wconf 84' lang='lat' dir='ltr'><strong>vim</strong></span> <span class='ocrx_word' id='word_1_158' title='bbox 2675 1139 2864 1193; x_wconf 89' lang='lat' dir='ltr'><strong>ebatur</strong></span> <span class='ocrx_word' id='word_1_159' title='bbox 2911 1150 2966 1194; x_wconf 88' lang='lat' dir='ltr'><strong>et</strong></span> <span class='ocrx_word' id='word_1_160' title='bbox 3006 1143 3254 1210; x_wconf 86' lang='lat' dir='ltr'><strong>pepnlum</strong></span> <span class='ocrx_word' id='word_1_161' title='bbox 3298 1144 3526 1198; x_wconf 69' lang='lat' dir='ltr'><strong>illaesum</strong></span> 
     </span>
    </p>
   </div>
   <div class='ocr_carea' id='block_1_26' title="bbox 1939 1226 3528 1295">
    <p class='ocr_par' dir='ltr' id='par_1_26' title="bbox 1939 1226 3528 1295">
     <span class='ocr_line' id='line_1_26' title="bbox 1939 1226 3528 1295; baseline 0.008 -16"><span class='ocrx_word' id='word_1_162' title='bbox 1939 1227 2226 1294; x_wconf 88' lang='lat' dir='ltr'><strong>reciperet.</strong></span> <span class='ocrx_word' id='word_1_163' title='bbox 2258 1226 2553 1295; x_wconf 85' lang='lat' dir='ltr'><strong>Imperator</strong></span> <span class='ocrx_word' id='word_1_164' title='bbox 2596 1228 2879 1284; x_wconf 82' lang='lat' dir='ltr'><strong>Persarum</strong></span> <span class='ocrx_word' id='word_1_165' title='bbox 2928 1233 3027 1286; x_wconf 87' lang='lat' dir='ltr'><strong>hac</strong></span> <span class='ocrx_word' id='word_1_166' title='bbox 3063 1234 3435 1290; x_wconf 81' lang='lat' dir='ltr'><strong>convenientia</strong></span> <span class='ocrx_word' id='word_1_167' title='bbox 3465 1254 3528 1292; x_wconf 86' lang='lat' dir='ltr'><strong>se</strong></span> 
     </span>
    </p>
   </div>
   <div class='ocr_carea' id='block_1_27' title="bbox 1937 1319 3525 1394">
    <p class='ocr_par' dir='ltr' id='par_1_27' title="bbox 1937 1319 3525 1394">
     <span class='ocr_line' id='line_1_27' title="bbox 1937 1319 3525 1394; baseline 0.005 -23"><span class='ocrx_word' id='word_1_168' title='bbox 1937 1332 2276 1387; x_wconf 87' lang='lat' dir='ltr'><strong>cgressurum</strong></span> <span class='ocrx_word' id='word_1_169' title='bbox 2302 1319 2367 1372; x_wconf 88' lang='lat' dir='ltr'><strong>ad</strong></span> <span class='ocrx_word' id='word_1_170' title='bbox 2398 1320 2638 1386; x_wconf 71' lang='lat' dir='ltr'><strong>prmlinm</strong></span> <span class='ocrx_word' id='word_1_171' title='bbox 2669 1320 2929 1389; x_wconf 80' lang='lat' dir='ltr'><strong>singulari</strong></span> <span class='ocrx_word' id='word_1_172' title='bbox 2956 1324 3249 1377; x_wconf 89' lang='lat' dir='ltr'><strong>certamine</strong></span> <span class='ocrx_word' id='word_1_173' title='bbox 3285 1340 3525 1394; x_wconf 85' lang='lat' dir='ltr'><strong>spopon-</strong></span> 
     </span>
    </p>
   </div>
   <div class='ocr_carea' id='block_1_28' title="bbox 1938 1409 3525 1485">
    <p class='ocr_par' dir='ltr' id='par_1_28' title="bbox 1938 1409 3525 1485">
     <span class='ocr_line' id='line_1_28' title="bbox 1938 1409 3525 1485; baseline 0.004 -22"><span class='ocrx_word' id='word_1_174' title='bbox 1938 1409 2036 1463; x_wconf 90' lang='lat' dir='ltr'><strong>dit.</strong></span> <span class='ocrx_word' id='word_1_175' title='bbox 2086 1409 2361 1464; x_wconf 86' lang='lat' dir='ltr'><strong>lleraclius</strong></span> <span class='ocrx_word' id='word_1_176' title='bbox 2412 1411 2704 1481; x_wconf 89' lang='lat' dir='ltr'><strong>imperator</strong></span> <span class='ocrx_word' id='word_1_177' title='bbox 2750 1426 2900 1465; x_wconf 86' lang='lat' dir='ltr'><strong>arma</strong></span> <span class='ocrx_word' id='word_1_178' title='bbox 2941 1426 3162 1468; x_wconf 88' lang='lat' dir='ltr'><strong>sumens</strong></span> <span class='ocrx_word' id='word_1_179' title='bbox 3202 1416 3357 1469; x_wconf 89' lang='lat' dir='ltr'><strong>telam</strong></span> <span class='ocrx_word' id='word_1_180' title='bbox 3391 1432 3525 1485; x_wconf 72' lang='lat' dir='ltr'><strong>prze-</strong></span> 
     </span>
    </p>
   </div>
   <div class='ocr_carea' id='block_1_29' title="bbox 1938 1500 3526 1577">
    <p class='ocr_par' dir='ltr' id='par_1_29' title="bbox 1938 1500 3526 1577">
     <span class='ocr_line' id='line_1_29' title="bbox 1938 1500 3526 1577; baseline 0.005 -22"><span class='ocrx_word' id='word_1_181' title='bbox 1938 1500 1993 1555; x_wconf 91' lang='lat' dir='ltr'><strong>Iii</strong></span> <span class='ocrx_word' id='word_1_182' title='bbox 2029 1509 2051 1537; x_wconf 84' lang='lat'><strong><em>°</em></strong></span> <span class='ocrx_word' id='word_1_183' title='bbox 2080 1511 2137 1555; x_wconf 90' lang='lat' dir='ltr'><strong>et</strong></span> <span class='ocrx_word' id='word_1_184' title='bbox 2186 1503 2503 1570; x_wconf 85' lang='lat' dir='ltr'><strong>phalangem</strong></span> <span class='ocrx_word' id='word_1_185' title='bbox 2535 1520 2562 1555; x_wconf 91' lang='lat' dir='ltr'><strong>a</strong></span> <span class='ocrx_word' id='word_1_186' title='bbox 2595 1504 2708 1557; x_wconf 81' lang='lat' dir='ltr'><strong>suis</strong></span> <span class='ocrx_word' id='word_1_187' title='bbox 2757 1515 2877 1571; x_wconf 86' lang='lat' dir='ltr'><strong>post</strong></span> <span class='ocrx_word' id='word_1_188' title='bbox 2918 1514 3122 1576; x_wconf 79' lang='lat' dir='ltr'><strong>tergum</strong></span> <span class='ocrx_word' id='word_1_189' title='bbox 3173 1521 3526 1577; x_wconf 66' lang='lat' dir='ltr'><strong>prmparatam</strong></span> 
     </span>
    </p>
   </div>
   <div class='ocr_carea' id='block_1_30' title="bbox 1940 1592 3526 1665">
    <p class='ocr_par' dir='ltr' id='par_1_30' title="bbox 1940 1592 3526 1665">
     <span class='ocr_line' id='line_1_30' title="bbox 1940 1592 3526 1665; baseline 0.006 -19"><span class='ocrx_word' id='word_1_190' title='bbox 1940 1592 2248 1660; x_wconf 78' lang='lat' dir='ltr'><strong>relinquens</strong></span> <span class='ocrx_word' id='word_1_191' title='bbox 2277 1632 2293 1657; x_wconf 95' lang='lat'><strong>,</strong></span> <span class='ocrx_word' id='word_1_192' title='bbox 2345 1594 2600 1663; x_wconf 86' lang='lat' dir='ltr'><strong>singulari</strong></span> <span class='ocrx_word' id='word_1_193' title='bbox 2628 1597 2964 1662; x_wconf 77' lang='lat' dir='ltr'><strong>‘certamine,</strong></span> <span class='ocrx_word' id='word_1_194' title='bbox 3013 1610 3069 1651; x_wconf 93' lang='lat' dir='ltr'><strong>ut</strong></span> <span class='ocrx_word' id='word_1_195' title='bbox 3117 1615 3287 1654; x_wconf 84' lang='lat' dir='ltr'><strong>novus</strong></span> <span class='ocrx_word' id='word_1_196' title='bbox 3337 1601 3526 1665; x_wconf 81' lang='lat' dir='ltr'><strong>David,</strong></span> 
     </span>
    </p>
   </div>
   <div class='ocr_carea' id='block_1_31' title="bbox 1941 1670 3527 1755">
    <p class='ocr_par' dir='ltr' id='par_1_31' title="bbox 1941 1670 3527 1755">
     <span class='ocr_line' id='line_1_31' title="bbox 1941 1670 3527 1755; baseline 0.006 -17"><span class='ocrx_word' id='word_1_197' title='bbox 1941 1685 2179 1753; x_wconf 86' lang='lat' dir='ltr'><strong>procedit</strong></span> <span class='ocrx_word' id='word_1_198' title='bbox 2226 1684 2292 1739; x_wconf 91' lang='lat' dir='ltr'><strong>ad</strong></span> <span class='ocrx_word' id='word_1_199' title='bbox 2342 1685 2561 1741; x_wconf 87' lang='lat' dir='ltr'><strong>bellum.</strong></span> <span class='ocrx_word' id='word_1_200' title='bbox 2607 1690 2901 1755; x_wconf 87' lang='lat' dir='ltr'><strong>Imperator</strong></span> <span class='ocrx_word' id='word_1_201' title='bbox 2946 1670 3230 1744; x_wconf 80' lang='lat' dir='ltr'><strong>Persarum</strong></span> <span class='ocrx_word' id='word_1_202' title='bbox 3263 1688 3527 1749; x_wconf 83' lang='lat' dir='ltr'><strong>Cosdrocs</strong></span> 
     </span>
    </p>
   </div>
   <div class='ocr_carea' id='block_1_32' title="bbox 1942 1777 3524 1851">
    <p class='ocr_par' dir='ltr' id='par_1_32' title="bbox 1942 1777 3524 1851">
     <span class='ocr_line' id='line_1_32' title="bbox 1942 1777 3524 1851; baseline 0.006 -22"><span class='ocrx_word' id='word_1_203' title='bbox 1942 1777 2221 1845; x_wconf 87' lang='lat' dir='ltr'><strong>patricium</strong></span> <span class='ocrx_word' id='word_1_204' title='bbox 2272 1779 2554 1845; x_wconf 85' lang='lat' dir='ltr'><strong>quemdam</strong></span> <span class='ocrx_word' id='word_1_205' title='bbox 2602 1795 2665 1834; x_wconf 90' lang='lat' dir='ltr'><strong>ex</strong></span> <span class='ocrx_word' id='word_1_206' title='bbox 2716 1780 2849 1846; x_wconf 90' lang='lat' dir='ltr'><strong>suis,</strong></span> <span class='ocrx_word' id='word_1_207' title='bbox 2878 1796 3037 1851; x_wconf 91' lang='lat' dir='ltr'><strong>quem</strong></span> <span class='ocrx_word' id='word_1_208' title='bbox 3090 1783 3438 1838; x_wconf 88' lang='lat' dir='ltr'><strong>fortissimum</strong></span> <span class='ocrx_word' id='word_1_209' title='bbox 3472 1787 3524 1840; x_wconf 90' lang='lat' dir='ltr'><strong>in</strong></span> 
     </span>
    </p>
   </div>
   <div class='ocr_carea' id='block_1_33' title="bbox 210 1845 3528 1940">
    <p class='ocr_par' dir='ltr' id='par_1_33' title="bbox 210 1845 3528 1940">
     <span class='ocr_line' id='line_1_33' title="bbox 210 1845 3528 1940; baseline 0.002 -17"><span class='ocrx_word' id='word_1_210' title='bbox 210 1845 551 1937; x_wconf 60' lang='lat' dir='ltr'><strong>&#39;lDagoberto</strong></span> <span class='ocrx_word' id='word_1_211' title='bbox 596 1874 923 1920; x_wconf 86' lang='lat' dir='ltr'><strong>conarentur</strong></span> <span class='ocrx_word' id='word_1_212' title='bbox 951 1864 1125 1920; x_wconf 89' lang='lat' dir='ltr'><strong>facere</strong></span> <span class='ocrx_word' id='word_1_213' title='bbox 1170 1863 1437 1930; x_wconf 87' lang='lat' dir='ltr'><strong>odiosum,</strong></span> <span class='ocrx_word' id='word_1_214' title='bbox 1465 1872 1524 1917; x_wconf 88' lang='lat' dir='ltr'><strong>ut</strong></span> <span class='ocrx_word' id='word_1_215' title='bbox 1549 1865 1723 1931; x_wconf 85' lang='lat' dir='ltr'><strong>potius</strong></span> <span class='ocrx_word' id='word_1_216' title='bbox 1756 1865 1836 1919; x_wconf 89' lang='lat' dir='ltr'><strong>in-</strong></span> <span class='ocrx_word' id='word_1_217' title='bbox 1867 1875 1917 1936; x_wconf 74' lang='grc' dir='ltr'><strong><em>Β</em></strong></span> <span class='ocrx_word' id='word_1_218' title='bbox 1944 1867 2131 1935; x_wconf 64' lang='grc' dir='ltr'><strong>ρτωιίο</strong></span> <span class='ocrx_word' id='word_1_219' title='bbox 2175 1882 2400 1924; x_wconf 90' lang='lat' dir='ltr'><strong>cernere</strong></span> <span class='ocrx_word' id='word_1_220' title='bbox 2430 1878 2695 1939; x_wconf 89' lang='lat' dir='ltr'><strong>potuerat,</strong></span> <span class='ocrx_word' id='word_1_221' title='bbox 2732 1871 2891 1940; x_wconf 84' lang='lat' dir='ltr'><strong>hujus</strong></span> <span class='ocrx_word' id='word_1_222' title='bbox 2919 1876 3310 1929; x_wconf 70' lang='lat' dir='ltr'><strong>convenientia:</strong></span> <span class='ocrx_word' id='word_1_223' title='bbox 3349 1877 3414 1929; x_wconf 91' lang='lat' dir='ltr'><strong>ad</strong></span> <span class='ocrx_word' id='word_1_224' title='bbox 3447 1876 3528 1930; x_wconf 81' lang='lat' dir='ltr'><strong>in-</strong></span> 
     </span>
    </p>
   </div>
   <div class='ocr_carea' id='block_1_34' title="bbox 249 1956 1833 2026">
    <p class='ocr_par' dir='ltr' id='par_1_34' title="bbox 249 1956 1833 2026">
     <span class='ocr_line' id='line_1_34' title="bbox 249 1956 1833 2026; baseline -0.002 -11"><span class='ocrx_word' id='word_1_225' title='bbox 249 1960 600 2015; x_wconf 81' lang='lat' dir='ltr'><strong>terﬁceretur.</strong></span> <span class='ocrx_word' id='word_1_226' title='bbox 639 1958 743 2014; x_wconf 90' lang='lat' dir='ltr'><strong>Sed</strong></span> <span class='ocrx_word' id='word_1_227' title='bbox 776 1957 995 2026; x_wconf 66' lang='lat' dir='ltr'><strong>justitiaa</strong></span> <span class='ocrx_word' id='word_1_228' title='bbox 1043 1972 1194 2013; x_wconf 87' lang='lat' dir='ltr'><strong>amor</strong></span> <span class='ocrx_word' id='word_1_229' title='bbox 1221 1966 1275 2011; x_wconf 92' lang='lat' dir='ltr'><strong>et</strong></span> <span class='ocrx_word' id='word_1_230' title='bbox 1314 1956 1412 2011; x_wconf 88' lang='lat' dir='ltr'><strong>Dei</strong></span> <span class='ocrx_word' id='word_1_231' title='bbox 1463 1956 1643 2020; x_wconf 90' lang='lat' dir='ltr'><strong>timor,</strong></span> <span class='ocrx_word' id='word_1_232' title='bbox 1673 1972 1833 2023; x_wconf 84' lang='lat' dir='ltr'><strong>quem</strong></span> 
     </span>
    </p>
   </div>
   <div class='ocr_carea' id='block_1_35' title="bbox 247 2045 1833 2121">
    <p class='ocr_par' dir='ltr' id='par_1_35' title="bbox 247 2045 1833 2121">
     <span class='ocr_line' id='line_1_35' title="bbox 247 2045 1833 2121; baseline -0.001 -18"><span class='ocrx_word' id='word_1_233' title='bbox 247 2050 533 2121; x_wconf 80' lang='lat' dir='ltr'><strong>diligenter</strong></span> <span class='ocrx_word' id='word_1_234' title='bbox 560 2047 841 2117; x_wconf 86' lang='lat' dir='ltr'><strong>amplexus</strong></span> <span class='ocrx_word' id='word_1_235' title='bbox 874 2045 1077 2111; x_wconf 88' lang='lat' dir='ltr'><strong>fuerat,</strong></span> <span class='ocrx_word' id='word_1_236' title='bbox 1108 2047 1281 2114; x_wconf 66' lang='lat' dir='ltr'><strong>ipsum</strong></span> <span class='ocrx_word' id='word_1_237' title='bbox 1327 2045 1573 2101; x_wconf 86' lang='lat' dir='ltr'><strong>liberavit</strong></span> <span class='ocrx_word' id='word_1_238' title='bbox 1596 2060 1626 2099; x_wconf 91' lang='lat' dir='ltr'><strong>a</strong></span> <span class='ocrx_word' id='word_1_239' title='bbox 1656 2045 1833 2101; x_wconf 90' lang='lat' dir='ltr'><strong>malis.</strong></span> 
     </span>
    </p>
   </div>
   <div class='ocr_carea' id='block_1_36' title="bbox 247 2138 1835 2214">
    <p class='ocr_par' dir='ltr' id='par_1_36' title="bbox 247 2138 1835 2214">
     <span class='ocr_line' id='line_1_36' title="bbox 247 2138 1835 2214; baseline -0.002 -17"><span class='ocrx_word' id='word_1_240' title='bbox 247 2145 361 2214; x_wconf 82' lang='lat' dir='ltr'><strong>Ipse</strong></span> <span class='ocrx_word' id='word_1_241' title='bbox 382 2157 512 2198; x_wconf 88' lang='lat' dir='ltr'><strong>vero</strong></span> <span class='ocrx_word' id='word_1_242' title='bbox 545 2156 611 2197; x_wconf 91' lang='lat' dir='ltr'><strong>eo</strong></span> <span class='ocrx_word' id='word_1_243' title='bbox 638 2155 781 2197; x_wconf 91' lang='lat' dir='ltr'><strong>anno</strong></span> <span class='ocrx_word' id='word_1_244' title='bbox 819 2155 942 2195; x_wconf 90' lang='lat' dir='ltr'><strong>cum</strong></span> <span class='ocrx_word' id='word_1_245' title='bbox 990 2138 1259 2206; x_wconf 57' lang='lat' dir='ltr'><strong>Sigiberto</strong></span> <span class='ocrx_word' id='word_1_246' title='bbox 1298 2138 1410 2194; x_wconf 89' lang='lat' dir='ltr'><strong>ﬁlio</strong></span> <span class='ocrx_word' id='word_1_247' title='bbox 1442 2138 1735 2209; x_wconf 85' lang='lat' dir='ltr'><strong>Dagoberti</strong></span> <span class='ocrx_word' id='word_1_248' title='bbox 1765 2139 1835 2194; x_wconf 88' lang='lat' dir='ltr'><strong>ad</strong></span> 
     </span>
    </p>
   </div>
   <div class='ocr_carea' id='block_1_37' title="bbox 247 2233 1109 2306">
    <p class='ocr_par' dir='ltr' id='par_1_37' title="bbox 247 2233 1109 2306">
     <span class='ocr_line' id='line_1_37' title="bbox 247 2233 1109 2306; baseline -0.008 -13"><span class='ocrx_word' id='word_1_249' title='bbox 247 2236 616 2293; x_wconf 79' lang='lat' dir='ltr'><strong>Charilicrtum</strong></span> <span class='ocrx_word' id='word_1_250' title='bbox 649 2250 836 2306; x_wconf 87' lang='lat' dir='ltr'><strong>regem</strong></span> <span class='ocrx_word' id='word_1_251' title='bbox 863 2233 1109 2289; x_wconf 88' lang='lat' dir='ltr'><strong>accessit.</strong></span> 
     </span>
    </p>
   </div>
   <div class='ocr_carea' id='block_1_38' title="bbox 318 2322 1838 2401">
    <p class='ocr_par' dir='ltr' id='par_1_38' title="bbox 318 2322 1838 2401">
     <span class='ocr_line' id='line_1_38' title="bbox 318 2322 1838 2401; baseline -0.003 -17"><span class='ocrx_word' id='word_1_252' title='bbox 318 2331 479 2385; x_wconf 79' lang='lat' dir='ltr'>LXII.</span> <span class='ocrx_word' id='word_1_253' title='bbox 519 2327 899 2392; x_wconf 84' lang='lat' dir='ltr'><strong>Cliaribcrtus,</strong></span> <span class='ocrx_word' id='word_1_254' title='bbox 950 2324 1253 2381; x_wconf 76' lang='lat' dir='ltr'><strong>Aurelianis</strong></span> <span class='ocrx_word' id='word_1_255' title='bbox 1301 2324 1523 2380; x_wconf 89' lang='lat' dir='ltr'><strong>veniens</strong></span> <span class='ocrx_word' id='word_1_256' title='bbox 1541 2365 1563 2401; x_wconf 34' lang='lat'><strong>,.</strong></span> <span class='ocrx_word' id='word_1_257' title='bbox 1597 2322 1838 2395; x_wconf 90' lang='lat' dir='ltr'><strong>Sigiber-</strong></span> 
     </span>
    </p>
   </div>
   <div class='ocr_carea' id='block_1_39' title="bbox 244 2414 1835 2487">
    <p class='ocr_par' dir='ltr' id='par_1_39' title="bbox 244 2414 1835 2487">
     <span class='ocr_line' id='line_1_39' title="bbox 244 2414 1835 2487; baseline -0.004 -12"><span class='ocrx_word' id='word_1_258' title='bbox 244 2430 356 2476; x_wconf 85' lang='lat' dir='ltr'><strong>tuin</strong></span> <span class='ocrx_word' id='word_1_259' title='bbox 383 2423 450 2476; x_wconf 85' lang='lat' dir='ltr'><strong>de</strong></span> <span class='ocrx_word' id='word_1_260' title='bbox 477 2430 662 2476; x_wconf 88' lang='lat' dir='ltr'><strong>sancto</strong></span> <span class='ocrx_word' id='word_1_261' title='bbox 688 2420 911 2485; x_wconf 83' lang='lat' dir='ltr'><strong>lavacro</strong></span> <span class='ocrx_word' id='word_1_262' title='bbox 929 2419 1140 2486; x_wconf 80' lang='lat' dir='ltr'><strong>excepit</strong></span> <span class='ocrx_word' id='word_1_263' title='bbox 1162 2426 1211 2470; x_wconf 75' lang='grc' dir='ltr'><strong>ι.</strong></span> <span class='ocrx_word' id='word_1_264' title='bbox 1244 2414 1377 2487; x_wconf 66' lang='grc' dir='ltr'><strong>ΛΕεδ</strong></span> <span class='ocrx_word' id='word_1_265' title='bbox 1410 2430 1537 2470; x_wconf 84' lang='lat' dir='ltr'><strong>vero</strong></span> <span class='ocrx_word' id='word_1_266' title='bbox 1564 2430 1595 2468; x_wconf 86' lang='lat' dir='ltr'><strong>a</strong></span> <span class='ocrx_word' id='word_1_267' title='bbox 1625 2418 1835 2470; x_wconf 64' lang='lat' dir='ltr'><strong>caeteris</strong></span> 
     </span>
    </p>
   </div>
   <div class='ocr_carea' id='block_1_40' title="bbox 244 2506 1838 2580">
    <p class='ocr_par' dir='ltr' id='par_1_40' title="bbox 244 2506 1838 2580">
     <span class='ocr_line' id='line_1_40' title="bbox 244 2506 1838 2580; baseline -0.004 -13"><span class='ocrx_word' id='word_1_268' title='bbox 244 2512 547 2580; x_wconf 73' lang='lat' dir='ltr'><strong>Neptrasiis</strong></span> <span class='ocrx_word' id='word_1_269' title='bbox 592 2509 619 2548; x_wconf 70' lang='grc' dir='ltr'><strong>ι’</strong></span> <span class='ocrx_word' id='word_1_270' title='bbox 660 2510 886 2565; x_wconf 89' lang='lat' dir='ltr'><strong>consilio</strong></span> <span class='ocrx_word' id='word_1_271' title='bbox 934 2507 1217 2577; x_wconf 86' lang='lat' dir='ltr'><strong>Dagoberti</strong></span> <span class='ocrx_word' id='word_1_272' title='bbox 1271 2514 1391 2561; x_wconf 93' lang='lat' dir='ltr'><strong>erat</strong></span> <span class='ocrx_word' id='word_1_273' title='bbox 1438 2506 1704 2561; x_wconf 83' lang='lat' dir='ltr'><strong>assiduus.</strong></span> <span class='ocrx_word' id='word_1_274' title='bbox 1757 2506 1838 2562; x_wconf 87' lang='lat' dir='ltr'><strong>Eo</strong></span> 
     </span>
    </p>
   </div>
   <div class='ocr_carea' id='block_1_41' title="bbox 246 2596 1838 2673">
    <p class='ocr_par' dir='ltr' id='par_1_41' title="bbox 246 2596 1838 2673">
     <span class='ocr_line' id='line_1_41' title="bbox 246 2596 1838 2673; baseline -0.003 -17"><span class='ocrx_word' id='word_1_275' title='bbox 246 2618 386 2657; x_wconf 87' lang='lat' dir='ltr'><strong>anno</strong></span> <span class='ocrx_word' id='word_1_276' title='bbox 411 2603 568 2673; x_wconf 78' lang='lat' dir='ltr'><strong>legati</strong></span> <span class='ocrx_word' id='word_1_277' title='bbox 603 2600 916 2671; x_wconf 83' lang='lat' dir='ltr'><strong>Daguberti,</strong></span> <span class='ocrx_word' id='word_1_278' title='bbox 950 2613 1088 2667; x_wconf 89' lang='lat' dir='ltr'><strong>quos</strong></span> <span class='ocrx_word' id='word_1_279' title='bbox 1114 2597 1179 2651; x_wconf 92' lang='lat' dir='ltr'><strong>ad</strong></span> <span class='ocrx_word' id='word_1_280' title='bbox 1212 2596 1513 2652; x_wconf 83' lang='lat' dir='ltr'><strong>Heraclium</strong></span> <span class='ocrx_word' id='word_1_281' title='bbox 1543 2596 1838 2665; x_wconf 77' lang='lat' dir='ltr'><strong>imperato-</strong></span> 
     </span>
    </p>
   </div>
   <div class='ocr_carea' id='block_1_42' title="bbox 246 2686 1838 2760">
    <p class='ocr_par' dir='ltr' id='par_1_42' title="bbox 246 2686 1838 2760">
     <span class='ocr_line' id='line_1_42' title="bbox 246 2686 1838 2760; baseline -0.004 -11"><span class='ocrx_word' id='word_1_282' title='bbox 246 2711 357 2749; x_wconf 84' lang='lat' dir='ltr'><strong>rem</strong></span> <span class='ocrx_word' id='word_1_283' title='bbox 379 2694 671 2759; x_wconf 81' lang='lat' dir='ltr'><strong>direxerat,</strong></span> <span class='ocrx_word' id='word_1_284' title='bbox 690 2692 773 2747; x_wconf 87' lang='lat' dir='ltr'><strong>bis</strong></span> <span class='ocrx_word' id='word_1_285' title='bbox 792 2690 1099 2747; x_wconf 89' lang='lat' dir='ltr'><strong>nominibus</strong></span> <span class='ocrx_word' id='word_1_286' title='bbox 1113 2689 1369 2745; x_wconf 84' lang='lat' dir='ltr'><strong>Servatus</strong></span> <span class='ocrx_word' id='word_1_287' title='bbox 1386 2687 1518 2760; x_wconf 82' lang='lat' dir='ltr'><strong>[Al.,</strong></span> <span class='ocrx_word' id='word_1_288' title='bbox 1535 2686 1838 2758; x_wconf 75' lang='lat' dir='ltr'><strong>Servatius]</strong></span> 
     </span>
    </p>
   </div>
   <div class='ocr_carea' id='block_1_43' title="bbox 246 2776 1839 2851">
    <p class='ocr_par' dir='ltr' id='par_1_43' title="bbox 246 2776 1839 2851">
     <span class='ocr_line' id='line_1_43' title="bbox 246 2776 1839 2851; baseline -0.005 -10"><span class='ocrx_word' id='word_1_289' title='bbox 246 2794 296 2841; x_wconf 91' lang='lat' dir='ltr'><strong>et</strong></span> <span class='ocrx_word' id='word_1_290' title='bbox 342 2776 637 2851; x_wconf 90' lang='lat' dir='ltr'><strong>Paternus,</strong></span> <span class='ocrx_word' id='word_1_291' title='bbox 689 2785 757 2839; x_wconf 90' lang='lat' dir='ltr'><strong>ad</strong></span> <span class='ocrx_word' id='word_1_292' title='bbox 811 2783 1058 2838; x_wconf 89' lang='lat' dir='ltr'><strong>eumdem</strong></span> <span class='ocrx_word' id='word_1_293' title='bbox 1110 2789 1476 2845; x_wconf 88' lang='lat' dir='ltr'><strong>revertuntur,</strong></span> <span class='ocrx_word' id='word_1_294' title='bbox 1530 2780 1839 2834; x_wconf 87' lang='lat' dir='ltr'><strong>nuntiantes</strong></span> 
     </span>
    </p>
   </div>
   <div class='ocr_carea' id='block_1_44' title="bbox 244 2873 1839 2949">
    <p class='ocr_par' dir='ltr' id='par_1_44' title="bbox 244 2873 1839 2949">
     <span class='ocr_line' id='line_1_44' title="bbox 244 2873 1839 2949; baseline -0.001 -20"><span class='ocrx_word' id='word_1_295' title='bbox 244 2895 430 2949; x_wconf 80' lang='lat' dir='ltr'><strong>pacem</strong></span> <span class='ocrx_word' id='word_1_296' title='bbox 464 2887 774 2947; x_wconf 88' lang='lat' dir='ltr'><strong>perpetuam</strong></span> <span class='ocrx_word' id='word_1_297' title='bbox 804 2891 923 2931; x_wconf 88' lang='lat' dir='ltr'><strong>eum</strong></span> <span class='ocrx_word' id='word_1_298' title='bbox 971 2873 1222 2929; x_wconf 88' lang='lat' dir='ltr'><strong>Heraclio</strong></span> <span class='ocrx_word' id='word_1_299' title='bbox 1251 2873 1515 2927; x_wconf 89' lang='lat' dir='ltr'><strong>ﬁrmasse.</strong></span> <span class='ocrx_word' id='word_1_300' title='bbox 1549 2874 1680 2928; x_wconf 85' lang='lat' dir='ltr'><strong>Acta</strong></span> <span class='ocrx_word' id='word_1_301' title='bbox 1711 2888 1839 2928; x_wconf 90' lang='lat' dir='ltr'><strong>vero</strong></span> 
     </span>
    </p>
   </div>
   <div class='ocr_carea' id='block_1_45' title="bbox 245 2967 1834 3040">
    <p class='ocr_par' dir='ltr' id='par_1_45' title="bbox 245 2967 1834 3040">
     <span class='ocr_line' id='line_1_45' title="bbox 245 2967 1834 3040; baseline -0.003 -14"><span class='ocrx_word' id='word_1_302' title='bbox 245 2970 492 3026; x_wconf 84' lang='lat' dir='ltr'><strong>miraculi</strong></span> <span class='ocrx_word' id='word_1_303' title='bbox 515 2985 633 3040; x_wconf 69' lang='lat' dir='ltr'><strong>qum</strong></span> <span class='ocrx_word' id='word_1_304' title='bbox 650 2969 720 3039; x_wconf 82' lang='lat' dir='ltr'><strong>ab</strong></span> <span class='ocrx_word' id='word_1_305' title='bbox 734 2967 979 3023; x_wconf 76' lang='lat' dir='ltr'><strong>Heraclio</strong></span> <span class='ocrx_word' id='word_1_306' title='bbox 997 2967 1133 3021; x_wconf 87' lang='lat' dir='ltr'><strong>facta</strong></span> <span class='ocrx_word' id='word_1_307' title='bbox 1147 2975 1268 3021; x_wconf 90' lang='lat' dir='ltr'><strong>sunt</strong></span> <span class='ocrx_word' id='word_1_308' title='bbox 1284 2981 1388 3019; x_wconf 91' lang='lat' dir='ltr'><strong>non</strong></span> <span class='ocrx_word' id='word_1_309' title='bbox 1406 2967 1834 3035; x_wconf 67' lang='lat' dir='ltr'><strong>praetermittam.</strong></span> 
     </span>
    </p>
   </div>
   <div class='ocr_carea' id='block_1_46' title="bbox 318 3078 1837 3152">
    <p class='ocr_par' dir='ltr' id='par_1_46' title="bbox 318 3078 1837 3152">
     <span class='ocr_line' id='line_1_46' title="bbox 318 3078 1837 3152; baseline -0.005 -11"><span class='ocrx_word' id='word_1_310' title='bbox 318 3085 498 3141; x_wconf 69' lang='lat' dir='ltr'>LXIII.</span> <span class='ocrx_word' id='word_1_311' title='bbox 521 3086 794 3140; x_wconf 88' lang='lat' dir='ltr'><strong>IIeraclius</strong></span> <span class='ocrx_word' id='word_1_312' title='bbox 816 3099 935 3137; x_wconf 88' lang='lat' dir='ltr'><strong>cum</strong></span> <span class='ocrx_word' id='word_1_313' title='bbox 960 3093 1101 3137; x_wconf 86' lang='lat' dir='ltr'><strong>esset</strong></span> <span class='ocrx_word' id='word_1_314' title='bbox 1126 3080 1379 3151; x_wconf 88' lang='lat' dir='ltr'><strong>patricius</strong></span> <span class='ocrx_word' id='word_1_315' title='bbox 1398 3078 1516 3152; x_wconf 83' lang='lat' dir='ltr'><strong>[Ch.</strong></span> <span class='ocrx_word' id='word_1_316' title='bbox 1541 3081 1630 3133; x_wconf 84' lang='lat' dir='ltr'><strong>ad.</strong></span> <span class='ocrx_word' id='word_1_317' title='bbox 1653 3081 1837 3152; x_wconf 78' lang='lat' dir='ltr'><strong>super]</strong></span> 
     </span>
    </p>
   </div>
   <div class='ocr_carea' id='block_1_47' title="bbox 238 3172 1838 3245">
    <p class='ocr_par' dir='ltr' id='par_1_47' title="bbox 238 3172 1838 3245">
     <span class='ocr_line' id='line_1_47' title="bbox 238 3172 1838 3245; baseline -0.002 -14"><span class='ocrx_word' id='word_1_318' title='bbox 238 3179 525 3233; x_wconf 84' lang='lat' dir='ltr'><strong>universas</strong></span> <span class='ocrx_word' id='word_1_319' title='bbox 555 3176 750 3230; x_wconf 66' lang='lat' dir='ltr'><strong>Africae</strong></span> <span class='ocrx_word' id='word_1_320' title='bbox 778 3173 1105 3245; x_wconf 84' lang='lat' dir='ltr'><strong>provincias,</strong></span> <span class='ocrx_word' id='word_1_321' title='bbox 1128 3182 1183 3228; x_wconf 92' lang='lat' dir='ltr'><strong>et</strong></span> <span class='ocrx_word' id='word_1_322' title='bbox 1214 3172 1405 3236; x_wconf 85' lang='lat' dir='ltr'><strong>Focas,</strong></span> <span class='ocrx_word' id='word_1_323' title='bbox 1428 3172 1520 3242; x_wconf 93' lang='lat' dir='ltr'><strong>qui</strong></span> <span class='ocrx_word' id='word_1_324' title='bbox 1556 3172 1838 3243; x_wconf 83' lang='lat' dir='ltr'><strong>tyrannico</strong></span> 
     </span>
    </p>
   </div>
   <div class='ocr_carea' id='block_1_48' title="bbox 1936 1961 3525 2035">
    <p class='ocr_par' dir='ltr' id='par_1_48' title="bbox 1936 1961 3525 2035">
     <span class='ocr_line' id='line_1_48' title="bbox 1936 1961 3525 2035; baseline 0.004 -20"><span class='ocrx_word' id='word_1_325' title='bbox 1936 1968 2049 2015; x_wconf 79' lang='lat' dir='ltr'><strong>star</strong></span> <span class='ocrx_word' id='word_1_326' title='bbox 2078 1973 2175 2027; x_wconf 92' lang='lat' dir='ltr'><strong>pro</strong></span> <span class='ocrx_word' id='word_1_327' title='bbox 2201 1974 2263 2016; x_wconf 86' lang='lat' dir='ltr'><strong>se</strong></span> <span class='ocrx_word' id='word_1_328' title='bbox 2288 1971 2474 2015; x_wconf 90' lang='lat' dir='ltr'><strong>contra</strong></span> <span class='ocrx_word' id='word_1_329' title='bbox 2499 1961 2800 2017; x_wconf 88' lang='lat' dir='ltr'><strong>Ileraclium</strong></span> <span class='ocrx_word' id='word_1_330' title='bbox 2824 1965 2891 2018; x_wconf 88' lang='lat' dir='ltr'><strong>ad</strong></span> <span class='ocrx_word' id='word_1_331' title='bbox 2925 1966 3276 2035; x_wconf 78' lang='lat' dir='ltr'><strong>praeliandum</strong></span> <span class='ocrx_word' id='word_1_332' title='bbox 3304 1967 3525 2023; x_wconf 85' lang='lat' dir='ltr'><strong>direxit.</strong></span> 
     </span>
    </p>
   </div>
   <div class='ocr_carea' id='block_1_49' title="bbox 1934 2051 3529 2130">
    <p class='ocr_par' dir='ltr' id='par_1_49' title="bbox 1934 2051 3529 2130">
     <span class='ocr_line' id='line_1_49' title="bbox 1934 2051 3529 2130; baseline 0.006 -22"><span class='ocrx_word' id='word_1_333' title='bbox 1934 2051 2179 2123; x_wconf 78' lang='lat' dir='ltr'><strong>Cumque</strong></span> <span class='ocrx_word' id='word_1_334' title='bbox 2222 2063 2447 2125; x_wconf 89' lang='lat' dir='ltr'><strong>uterque</strong></span> <span class='ocrx_word' id='word_1_335' title='bbox 2498 2069 2619 2111; x_wconf 88' lang='lat' dir='ltr'><strong>cum</strong></span> <span class='ocrx_word' id='word_1_336' title='bbox 2673 2057 2848 2127; x_wconf 87' lang='lat' dir='ltr'><strong>equis,</strong></span> <span class='ocrx_word' id='word_1_337' title='bbox 2892 2058 2944 2111; x_wconf 91' lang='lat' dir='ltr'><strong>hi</strong></span> <span class='ocrx_word' id='word_1_338' title='bbox 2994 2058 3100 2113; x_wconf 89' lang='lat' dir='ltr'><strong>duo</strong></span> <span class='ocrx_word' id='word_1_339' title='bbox 3143 2060 3529 2130; x_wconf 85' lang='lat' dir='ltr'><strong>congressione</strong></span> 
     </span>
    </p>
   </div>
   <div class='ocr_carea' id='block_1_50' title="bbox 1935 2144 3527 2218">
    <p class='ocr_par' dir='ltr' id='par_1_50' title="bbox 1935 2144 3527 2218">
     <span class='ocr_line' id='line_1_50' title="bbox 1935 2144 3527 2218; baseline 0.007 -21"><span class='ocrx_word' id='word_1_340' title='bbox 1935 2144 2105 2213; x_wconf 75' lang='lat' dir='ltr'><strong>prmlii</strong></span> <span class='ocrx_word' id='word_1_341' title='bbox 2151 2145 2203 2199; x_wconf 95' lang='lat' dir='ltr'><strong>in</strong></span> <span class='ocrx_word' id='word_1_342' title='bbox 2252 2146 2481 2202; x_wconf 90' lang='lat' dir='ltr'><strong>invicem</strong></span> <span class='ocrx_word' id='word_1_343' title='bbox 2535 2149 2975 2218; x_wconf 87' lang='lat' dir='ltr'><strong>prepinqnarent,</strong></span> <span class='ocrx_word' id='word_1_344' title='bbox 3012 2149 3294 2206; x_wconf 88' lang='lat' dir='ltr'><strong>Heraclius</strong></span> <span class='ocrx_word' id='word_1_345' title='bbox 3338 2152 3415 2205; x_wconf 85' lang='lat' dir='ltr'><strong>ait</strong></span> <span class='ocrx_word' id='word_1_346' title='bbox 3459 2153 3527 2208; x_wconf 88' lang='lat' dir='ltr'><strong>ad</strong></span> 
     </span>
    </p>
   </div>
   <div class='ocr_carea' id='block_1_51' title="bbox 1936 2235 3525 2306">
    <p class='ocr_par' dir='ltr' id='par_1_51' title="bbox 1936 2235 3525 2306">
     <span class='ocr_line' id='line_1_51' title="bbox 1936 2235 3525 2306; baseline 0.005 -18"><span class='ocrx_word' id='word_1_347' title='bbox 1936 2235 2247 2304; x_wconf 86' lang='lat' dir='ltr'><strong>patricium,</strong></span> <span class='ocrx_word' id='word_1_348' title='bbox 2279 2251 2438 2306; x_wconf 81' lang='lat' dir='ltr'><strong>quem</strong></span> <span class='ocrx_word' id='word_1_349' title='bbox 2490 2238 2868 2306; x_wconf 86' lang='lat' dir='ltr'><strong>imperatorem</strong></span> <span class='ocrx_word' id='word_1_350' title='bbox 2901 2238 3185 2294; x_wconf 86' lang='lat' dir='ltr'><strong>Persarum</strong></span> <span class='ocrx_word' id='word_1_351' title='bbox 3229 2240 3525 2297; x_wconf 89' lang='lat' dir='ltr'><strong>Cosdroem</strong></span> 
     </span>
    </p>
   </div>
   <div class='ocr_carea' id='block_1_52' title="bbox 1936 2328 3527 2401">
    <p class='ocr_par' dir='ltr' id='par_1_52' title="bbox 1936 2328 3527 2401">
     <span class='ocr_line' id='line_1_52' title="bbox 1936 2328 3527 2401; baseline 0.004 -20"><span class='ocrx_word' id='word_1_352' title='bbox 1936 2328 2259 2393; x_wconf 67' lang='lat' dir='ltr'><strong>aestimabat,</strong></span> <span class='ocrx_word' id='word_1_353' title='bbox 2288 2328 2475 2383; x_wconf 82' lang='lat' dir='ltr'><strong>dicens</strong></span> <span class='ocrx_word' id='word_1_354' title='bbox 2498 2347 2513 2383; x_wconf 90' lang='lat'><strong>:</strong></span> <span class='ocrx_word' id='word_1_355' title='bbox 2536 2330 2626 2383; x_wconf 92' lang='lat' dir='ltr'><strong>Sic</strong></span> <span class='ocrx_word' id='word_1_356' title='bbox 2662 2339 2991 2385; x_wconf 78' lang='lat' dir='ltr'><strong>convenerat</strong></span> <span class='ocrx_word' id='word_1_357' title='bbox 3023 2342 3079 2386; x_wconf 90' lang='lat' dir='ltr'><strong>ut</strong></span> <span class='ocrx_word' id='word_1_358' title='bbox 3108 2332 3381 2401; x_wconf 89' lang='lat' dir='ltr'><strong>singulare</strong></span> <span class='ocrx_word' id='word_1_359' title='bbox 3405 2349 3527 2389; x_wconf 89' lang='lat' dir='ltr'><strong>cer-</strong></span> 
     </span>
    </p>
   </div>
   <div class='ocr_carea' id='block_1_53' title="bbox 1937 2420 3593 2495">
    <p class='ocr_par' dir='ltr' id='par_1_53' title="bbox 1937 2420 3593 2495">
     <span class='ocr_line' id='line_1_53' title="bbox 1937 2420 3593 2495; baseline 0.006 -23"><span class='ocrx_word' id='word_1_360' title='bbox 1937 2427 2117 2473; x_wconf 87' lang='lat' dir='ltr'><strong>tamen</strong></span> <span class='ocrx_word' id='word_1_361' title='bbox 2162 2420 2327 2490; x_wconf 74' lang='lat'><strong>639</strong></span> <span class='ocrx_word' id='word_1_362' title='bbox 2372 2420 2718 2488; x_wconf 71' lang='lat' dir='ltr'><strong>prieliandum</strong></span> <span class='ocrx_word' id='word_1_363' title='bbox 2771 2422 3147 2479; x_wconf 88' lang='lat' dir='ltr'><strong>debuissemus</strong></span> <span class='ocrx_word' id='word_1_364' title='bbox 3191 2425 3526 2495; x_wconf 85' lang='lat' dir='ltr'><strong>conﬂigere,</strong></span> <span class='ocrx_word' id='word_1_365' title='bbox 3590 2456 3593 2459; x_wconf 58' lang='grc' dir='ltr'><em>ι</em></span> 
     </span>
    </p>
   </div>
   <div class='ocr_carea' id='block_1_54' title="bbox 1936 2513 3528 2583">
    <p class='ocr_par' dir='ltr' id='par_1_54' title="bbox 1936 2513 3528 2583">
     <span class='ocr_line' id='line_1_54' title="bbox 1936 2513 3528 2583; baseline 0.006 -21"><span class='ocrx_word' id='word_1_366' title='bbox 1936 2524 2104 2578; x_wconf 88' lang='lat' dir='ltr'><strong>quare</strong></span> <span class='ocrx_word' id='word_1_367' title='bbox 2147 2520 2267 2577; x_wconf 89' lang='lat' dir='ltr'><strong>post</strong></span> <span class='ocrx_word' id='word_1_368' title='bbox 2315 2522 2521 2581; x_wconf 86' lang='lat' dir='ltr'><strong>tergum</strong></span> <span class='ocrx_word' id='word_1_369' title='bbox 2567 2522 2712 2565; x_wconf 90' lang='lat' dir='ltr'><strong>tuum</strong></span> <span class='ocrx_word' id='word_1_370' title='bbox 2760 2513 2854 2567; x_wconf 86' lang='lat' dir='ltr'><strong>alii</strong></span> <span class='ocrx_word' id='word_1_371' title='bbox 2904 2516 3233 2583; x_wconf 80' lang='lat' dir='ltr'><strong>sequuntur?</strong></span> <span class='ocrx_word' id='word_1_372' title='bbox 3267 2515 3528 2571; x_wconf 81' lang='lat' dir='ltr'><strong>Patricius</strong></span> 
     </span>
    </p>
   </div>
   <div class='ocr_carea' id='block_1_55' title="bbox 1938 2596 3525 2676">
    <p class='ocr_par' dir='ltr' id='par_1_55' title="bbox 1938 2596 3525 2676">
     <span class='ocr_line' id='line_1_55' title="bbox 1938 2596 3525 2676; baseline 0.005 -24"><span class='ocrx_word' id='word_1_373' title='bbox 1938 2596 2028 2653; x_wconf 89' lang='lat' dir='ltr'><strong>ille</strong></span> <span class='ocrx_word' id='word_1_374' title='bbox 2072 2614 2267 2668; x_wconf 83' lang='lat' dir='ltr'><strong>gyrans</strong></span> <span class='ocrx_word' id='word_1_375' title='bbox 2312 2609 2504 2669; x_wconf 89' lang='lat' dir='ltr'><strong>caput,</strong></span> <span class='ocrx_word' id='word_1_376' title='bbox 2532 2610 2589 2653; x_wconf 92' lang='lat' dir='ltr'><strong>ut</strong></span> <span class='ocrx_word' id='word_1_377' title='bbox 2631 2603 2970 2670; x_wconf 73' lang='lat' dir='ltr'><strong>conSpiceret</strong></span> <span class='ocrx_word' id='word_1_378' title='bbox 3016 2604 3106 2671; x_wconf 91' lang='lat' dir='ltr'><strong>qui</strong></span> <span class='ocrx_word' id='word_1_379' title='bbox 3153 2615 3274 2673; x_wconf 87' lang='lat' dir='ltr'><strong>post</strong></span> <span class='ocrx_word' id='word_1_380' title='bbox 3316 2614 3525 2676; x_wconf 86' lang='lat' dir='ltr'><strong>tergum</strong></span> 
     </span>
    </p>
   </div>
   <div class='ocr_carea' id='block_1_56' title="bbox 1939 2689 3528 2761">
    <p class='ocr_par' dir='ltr' id='par_1_56' title="bbox 1939 2689 3528 2761">
     <span class='ocr_line' id='line_1_56' title="bbox 1939 2689 3528 2761; baseline 0.005 -18"><span class='ocrx_word' id='word_1_381' title='bbox 1939 2689 2053 2758; x_wconf 82' lang='lat' dir='ltr'><strong>ejus</strong></span> <span class='ocrx_word' id='word_1_382' title='bbox 2080 2692 2346 2758; x_wconf 91' lang='lat' dir='ltr'><strong>venirent,</strong></span> <span class='ocrx_word' id='word_1_383' title='bbox 2373 2691 2647 2747; x_wconf 55' lang='lat' dir='ltr'><strong>Ileraclius</strong></span> <span class='ocrx_word' id='word_1_384' title='bbox 2673 2706 2870 2761; x_wconf 90' lang='lat' dir='ltr'><strong>equum</strong></span> <span class='ocrx_word' id='word_1_385' title='bbox 2894 2693 3145 2750; x_wconf 87' lang='lat' dir='ltr'><strong>calcaneo</strong></span> <span class='ocrx_word' id='word_1_386' title='bbox 3176 2695 3528 2751; x_wconf 89' lang='lat' dir='ltr'><strong>vehementer</strong></span> 
     </span>
    </p>
   </div>
   <div class='ocr_carea' id='block_1_57' title="bbox 1940 2781 3526 2854">
    <p class='ocr_par' dir='ltr' id='par_1_57' title="bbox 1940 2781 3526 2854">
     <span class='ocr_line' id='line_1_57' title="bbox 1940 2781 3526 2854; baseline 0.003 -17"><span class='ocrx_word' id='word_1_387' title='bbox 1940 2796 2156 2853; x_wconf 88' lang='lat' dir='ltr'><strong>urgens,</strong></span> <span class='ocrx_word' id='word_1_388' title='bbox 2189 2788 2481 2839; x_wconf 83' lang='lat' dir='ltr'><strong>extrahens</strong></span> <span class='ocrx_word' id='word_1_389' title='bbox 2525 2797 2687 2837; x_wconf 84' lang='lat' dir='ltr'><strong>uxum</strong></span> <span class='ocrx_word' id='word_1_390' title='bbox 2724 2781 2743 2821; x_wconf 76' lang='grc' dir='ltr'>ί</span> <span class='ocrx_word' id='word_1_391' title='bbox 2780 2793 2940 2853; x_wconf 89' lang='lat' dir='ltr'><strong>caput</strong></span> <span class='ocrx_word' id='word_1_392' title='bbox 2986 2787 3191 2854; x_wconf 91' lang='lat' dir='ltr'><strong>patricii</strong></span> <span class='ocrx_word' id='word_1_393' title='bbox 3237 2786 3526 2842; x_wconf 84' lang='lat' dir='ltr'><strong>Persarum</strong></span> 
     </span>
    </p>
   </div>
   <div class='ocr_carea' id='block_1_58' title="bbox 1939 2872 3529 2942">
    <p class='ocr_par' dir='ltr' id='par_1_58' title="bbox 1939 2872 3529 2942">
     <span class='ocr_line' id='line_1_58' title="bbox 1939 2872 3529 2942; baseline 0.003 -15"><span class='ocrx_word' id='word_1_394' title='bbox 1939 2876 2223 2928; x_wconf 85' lang='lat' dir='ltr'><strong>truncavit.</strong></span> <span class='ocrx_word' id='word_1_395' title='bbox 2257 2872 2529 2929; x_wconf 89' lang='lat' dir='ltr'><strong>Cosdroes</strong></span> <span class='ocrx_word' id='word_1_396' title='bbox 2580 2874 2871 2942; x_wconf 82' lang='lat' dir='ltr'><strong>imperator</strong></span> <span class='ocrx_word' id='word_1_397' title='bbox 2898 2888 3019 2929; x_wconf 92' lang='lat' dir='ltr'><strong>cum</strong></span> <span class='ocrx_word' id='word_1_398' title='bbox 3066 2874 3245 2931; x_wconf 86' lang='lat' dir='ltr'><strong>Persis</strong></span> <span class='ocrx_word' id='word_1_399' title='bbox 3287 2876 3529 2932; x_wconf 82' lang='lat' dir='ltr'><strong>devictus</strong></span> 
     </span>
    </p>
   </div>
   <div class='ocr_carea' id='block_1_59' title="bbox 1939 2965 3530 3039">
    <p class='ocr_par' dir='ltr' id='par_1_59' title="bbox 1939 2965 3530 3039">
     <span class='ocr_line' id='line_1_59' title="bbox 1939 2965 3530 3039; baseline 0.003 -20"><span class='ocrx_word' id='word_1_400' title='bbox 1939 2974 1995 3019; x_wconf 93' lang='lat' dir='ltr'><strong>et</strong></span> <span class='ocrx_word' id='word_1_401' title='bbox 2035 2965 2315 3032; x_wconf 86' lang='lat' dir='ltr'><strong>confusus,</strong></span> <span class='ocrx_word' id='word_1_402' title='bbox 2344 2976 2493 3035; x_wconf 89' lang='lat' dir='ltr'><strong>terga</strong></span> <span class='ocrx_word' id='word_1_403' title='bbox 2539 2976 2759 3021; x_wconf 91' lang='lat' dir='ltr'><strong>vertens</strong></span> <span class='ocrx_word' id='word_1_404' title='bbox 2787 2980 2817 3019; x_wconf 91' lang='lat' dir='ltr'><strong>a</strong></span> <span class='ocrx_word' id='word_1_405' title='bbox 2849 2968 2960 3022; x_wconf 87' lang='lat' dir='ltr'><strong>suis</strong></span> <span class='ocrx_word' id='word_1_406' title='bbox 2992 2969 3223 3037; x_wconf 89' lang='lat' dir='ltr'><strong>propriis</strong></span> <span class='ocrx_word' id='word_1_407' title='bbox 3255 2970 3530 3039; x_wconf 64' lang='lat' dir='ltr'><strong>tyrannica</strong></span> 
     </span>
    </p>
   </div>
   <div class='ocr_carea' id='block_1_60' title="bbox 1941 3058 3530 3128">
    <p class='ocr_par' dir='ltr' id='par_1_60' title="bbox 1941 3058 3530 3128">
     <span class='ocr_line' id='line_1_60' title="bbox 1941 3058 3530 3128; baseline 0.003 -17"><span class='ocrx_word' id='word_1_408' title='bbox 1941 3058 2130 3114; x_wconf 90' lang='lat' dir='ltr'><strong>ordine</strong></span> <span class='ocrx_word' id='word_1_409' title='bbox 2171 3058 2513 3113; x_wconf 85' lang='lat' dir='ltr'><strong>interﬁcitur.</strong></span> <span class='ocrx_word' id='word_1_410' title='bbox 2562 3058 2741 3115; x_wconf 73' lang='lat' dir='ltr'><strong>Persa:</strong></span> <span class='ocrx_word' id='word_1_411' title='bbox 2786 3068 2933 3128; x_wconf 85' lang='lat' dir='ltr'><strong>terga</strong></span> <span class='ocrx_word' id='word_1_412' title='bbox 2978 3069 3248 3116; x_wconf 89' lang='lat' dir='ltr'><strong>vertentes</strong></span> <span class='ocrx_word' id='word_1_413' title='bbox 3275 3064 3339 3114; x_wconf 91' lang='lat' dir='ltr'><strong>ad</strong></span> <span class='ocrx_word' id='word_1_414' title='bbox 3372 3062 3530 3116; x_wconf 90' lang='lat' dir='ltr'><strong>sedes</strong></span> 
     </span>
    </p>
   </div>
   <div class='ocr_carea' id='block_1_61' title="bbox 1941 3149 3531 3219">
    <p class='ocr_par' dir='ltr' id='par_1_61' title="bbox 1941 3149 3531 3219">
     <span class='ocr_line' id='line_1_61' title="bbox 1941 3149 3531 3219; baseline 0 -15"><span class='ocrx_word' id='word_1_415' title='bbox 1941 3160 2185 3204; x_wconf 89' lang='lat' dir='ltr'><strong>remeant</strong></span> <span class='ocrx_word' id='word_1_416' title='bbox 2212 3154 2475 3219; x_wconf 90' lang='lat' dir='ltr'><strong>proprias.</strong></span> <span class='ocrx_word' id='word_1_417' title='bbox 2502 3149 2779 3204; x_wconf 88' lang='lat' dir='ltr'><strong>Heraclius</strong></span> <span class='ocrx_word' id='word_1_418' title='bbox 2804 3160 2995 3205; x_wconf 84' lang='lat' dir='ltr'><strong>evectu</strong></span> <span class='ocrx_word' id='word_1_419' title='bbox 3024 3152 3201 3205; x_wconf 87' lang='lat' dir='ltr'><strong>navali</strong></span> <span class='ocrx_word' id='word_1_420' title='bbox 3226 3167 3346 3206; x_wconf 90' lang='lat' dir='ltr'><strong>cum</strong></span> <span class='ocrx_word' id='word_1_421' title='bbox 3375 3167 3531 3207; x_wconf 77' lang='lat' dir='ltr'><strong>exer-</strong></span> 
     </span>
    </p>
   </div>
   <div class='ocr_carea' id='block_1_62' title="bbox 244 3237 1840 3334">
    <p class='ocr_par' dir='ltr' id='par_1_62' title="bbox 244 3261 1835 3334">
     <span class='ocr_line' id='line_1_62' title="bbox 244 3261 1835 3334; baseline -0.003 -13"><span class='ocrx_word' id='word_1_422' title='bbox 244 3267 433 3323; x_wconf 85' lang='lat' dir='ltr'><strong>ordlne</strong></span> <span class='ocrx_word' id='word_1_423' title='bbox 478 3266 790 3321; x_wconf 76' lang='lat' dir='ltr'><strong>Mauricium</strong></span> <span class='ocrx_word' id='word_1_424' title='bbox 832 3265 1210 3334; x_wconf 87' lang='lat' dir='ltr'><strong>imperatorem</strong></span> <span class='ocrx_word' id='word_1_425' title='bbox 1268 3264 1634 3328; x_wconf 82' lang='lat' dir='ltr'><strong>interfecerat,</strong></span> <span class='ocrx_word' id='word_1_426' title='bbox 1662 3261 1835 3333; x_wconf 90' lang='lat' dir='ltr'><strong>impe-</strong></span> 
     </span>
    </p>
   </div>
   <div class='ocr_carea' id='block_1_63' title="bbox 1949 3237 3531 3334">
    <p class='ocr_par' dir='ltr' id='par_1_63' title="bbox 1949 3237 3531 3311">
     <span class='ocr_line' id='line_1_63' title="bbox 1949 3237 3531 3311; baseline 0 -16"><span class='ocrx_word' id='word_1_427' title='bbox 1949 3240 2051 3295; x_wconf 82' lang='lat' dir='ltr'><strong>citu</strong></span> <span class='ocrx_word' id='word_1_428' title='bbox 2101 3237 2290 3294; x_wconf 84' lang='lat' dir='ltr'><strong>Persas</strong></span> <span class='ocrx_word' id='word_1_429' title='bbox 2339 3240 2658 3309; x_wconf 85' lang='lat' dir='ltr'><strong>ingreditur,</strong></span> <span class='ocrx_word' id='word_1_430' title='bbox 2684 3249 2959 3311; x_wconf 89' lang='lat' dir='ltr'><strong>totamque</strong></span> <span class='ocrx_word' id='word_1_431' title='bbox 2990 3241 3265 3300; x_wconf 85' lang='lat' dir='ltr'><strong>Persidam</strong></span> <span class='ocrx_word' id='word_1_432' title='bbox 3308 3258 3419 3297; x_wconf 67' lang='lat' dir='ltr'><strong>sua:</strong></span> <span class='ocrx_word' id='word_1_433' title='bbox 3448 3243 3531 3297; x_wconf 84' lang='lat' dir='ltr'><strong>di-</strong></span> 
     </span>
    </p>
   </div>
   <div class='ocr_carea' id='block_1_64' title="bbox 246 3353 1841 3429">
    <p class='ocr_par' dir='ltr' id='par_1_64' title="bbox 246 3353 1841 3429">
     <span class='ocr_line' id='line_1_64' title="bbox 246 3353 1841 3429; baseline -0.003 -16"><span class='ocrx_word' id='word_1_434' title='bbox 246 3360 494 3429; x_wconf 85' lang='lat' dir='ltr'><strong>riumque</strong></span> <span class='ocrx_word' id='word_1_435' title='bbox 513 3358 679 3428; x_wconf 72' lang='lat'><strong>638</strong></span> <span class='ocrx_word' id='word_1_436' title='bbox 702 3364 977 3426; x_wconf 87' lang='lat' dir='ltr'><strong>rapuerat,</strong></span> <span class='ocrx_word' id='word_1_437' title='bbox 996 3353 1328 3425; x_wconf 81' lang='lat' dir='ltr'><strong>nequissime</strong></span> <span class='ocrx_word' id='word_1_438' title='bbox 1349 3362 1580 3423; x_wconf 89' lang='lat' dir='ltr'><strong>regeret,</strong></span> <span class='ocrx_word' id='word_1_439' title='bbox 1605 3364 1658 3408; x_wconf 92' lang='lat' dir='ltr'><strong>et</strong></span> <span class='ocrx_word' id='word_1_440' title='bbox 1680 3353 1841 3408; x_wconf 90' lang='lat' dir='ltr'><strong>modo</strong></span> 
     </span>
    </p>
   </div>
   <div class='ocr_carea' id='block_1_65' title="bbox 246 3442 1837 3521">
    <p class='ocr_par' dir='ltr' id='par_1_65' title="bbox 246 3442 1837 3521">
     <span class='ocr_line' id='line_1_65' title="bbox 246 3442 1837 3521; baseline -0.004 -17"><span class='ocrx_word' id='word_1_441' title='bbox 246 3450 500 3505; x_wconf 79' lang='lat' dir='ltr'><strong>anieniia:</strong></span> <span class='ocrx_word' id='word_1_442' title='bbox 541 3450 823 3521; x_wconf 76' lang='lat' dir='ltr'><strong>thesauros</strong></span> <span class='ocrx_word' id='word_1_443' title='bbox 865 3446 916 3501; x_wconf 92' lang='lat' dir='ltr'><strong>in</strong></span> <span class='ocrx_word' id='word_1_444' title='bbox 949 3459 1098 3499; x_wconf 90' lang='lat' dir='ltr'><strong>mare</strong></span> <span class='ocrx_word' id='word_1_445' title='bbox 1146 3442 1451 3513; x_wconf 86' lang='lat' dir='ltr'><strong>projiceret.</strong></span> <span class='ocrx_word' id='word_1_446' title='bbox 1480 3443 1668 3500; x_wconf 88' lang='lat' dir='ltr'><strong>dicens</strong></span> <span class='ocrx_word' id='word_1_447' title='bbox 1696 3445 1837 3513; x_wconf 89' lang='lat' dir='ltr'><strong>quod</strong></span> 
     </span>
    </p>
   </div>
   <div class='ocr_carea' id='block_1_66' title="bbox 246 3534 1839 3610">
    <p class='ocr_par' dir='ltr' id='par_1_66' title="bbox 246 3534 1839 3610">
     <span class='ocr_line' id='line_1_66' title="bbox 246 3534 1839 3610; baseline -0.004 -16"><span class='ocrx_word' id='word_1_448' title='bbox 246 3540 498 3610; x_wconf 79' lang='lat' dir='ltr'><strong>Neptuno</strong></span> <span class='ocrx_word' id='word_1_449' title='bbox 547 3552 769 3594; x_wconf 89' lang='lat' dir='ltr'><strong>munera</strong></span> <span class='ocrx_word' id='word_1_450' title='bbox 818 3537 993 3603; x_wconf 89' lang='lat' dir='ltr'><strong>daret,</strong></span> <span class='ocrx_word' id='word_1_451' title='bbox 1036 3543 1317 3590; x_wconf 88' lang='lat' dir='ltr'><strong>senatores</strong></span> <span class='ocrx_word' id='word_1_452' title='bbox 1365 3544 1651 3590; x_wconf 89' lang='lat' dir='ltr'><strong>cernentes</strong></span> <span class='ocrx_word' id='word_1_453' title='bbox 1699 3534 1839 3604; x_wconf 86' lang='lat' dir='ltr'><strong>quod</strong></span> 
     </span>
    </p>
   </div>
   <div class='ocr_carea' id='block_1_67' title="bbox 247 3623 1845 3699">
    <p class='ocr_par' dir='ltr' id='par_1_67' title="bbox 247 3623 1845 3699">
     <span class='ocr_line' id='line_1_67' title="bbox 247 3623 1845 3699; baseline -0.001 -17"><span class='ocrx_word' id='word_1_454' title='bbox 247 3632 412 3687; x_wconf 82' lang='lat' dir='ltr'><strong>vellet</strong></span> <span class='ocrx_word' id='word_1_455' title='bbox 457 3631 742 3698; x_wconf 88' lang='lat' dir='ltr'><strong>imperium</strong></span> <span class='ocrx_word' id='word_1_456' title='bbox 793 3643 888 3699; x_wconf 88' lang='lat' dir='ltr'><strong>per</strong></span> <span class='ocrx_word' id='word_1_457' title='bbox 925 3626 1210 3682; x_wconf 89' lang='lat' dir='ltr'><strong>stultitiam</strong></span> <span class='ocrx_word' id='word_1_458' title='bbox 1256 3627 1578 3689; x_wconf 92' lang='lat' dir='ltr'><strong>destruere,</strong></span> <span class='ocrx_word' id='word_1_459' title='bbox 1610 3623 1845 3681; x_wconf 88' lang='lat' dir='ltr'><strong>factione</strong></span> 
     </span>
    </p>
   </div>
   <div class='ocr_carea' id='block_1_68' title="bbox 248 3716 1846 3789">
    <p class='ocr_par' dir='ltr' id='par_1_68' title="bbox 248 3716 1846 3789">
     <span class='ocr_line' id='line_1_68' title="bbox 248 3716 1846 3789; baseline -0.005 -12"><span class='ocrx_word' id='word_1_460' title='bbox 248 3720 487 3777; x_wconf 85' lang='lat' dir='ltr'><strong>Ileraclii</strong></span> <span class='ocrx_word' id='word_1_461' title='bbox 524 3722 775 3776; x_wconf 75' lang='lat' dir='ltr'><strong>I-‘ocatem</strong></span> <span class='ocrx_word' id='word_1_462' title='bbox 818 3718 1216 3789; x_wconf 85' lang='lat' dir='ltr'><strong>apprehensum</strong></span> <span class='ocrx_word' id='word_1_463' title='bbox 1261 3728 1481 3772; x_wconf 68' lang='lat' dir='ltr'><strong>senatus</strong></span> <span class='ocrx_word' id='word_1_464' title='bbox 1522 3716 1763 3771; x_wconf 85' lang='lat' dir='ltr'><strong>manibus</strong></span> <span class='ocrx_word' id='word_1_465' title='bbox 1791 3726 1846 3771; x_wconf 89' lang='lat' dir='ltr'><strong>et</strong></span> 
     </span>
    </p>
   </div>
   <div class='ocr_carea' id='block_1_69' title="bbox 249 3805 1846 3880">
    <p class='ocr_par' dir='ltr' id='par_1_69' title="bbox 249 3805 1846 3880">
     <span class='ocr_line' id='line_1_69' title="bbox 249 3805 1846 3880; baseline -0.001 -18"><span class='ocrx_word' id='word_1_466' title='bbox 249 3810 481 3880; x_wconf 84' lang='lat' dir='ltr'><strong>pedibus</strong></span> <span class='ocrx_word' id='word_1_467' title='bbox 530 3809 789 3863; x_wconf 91' lang='lat' dir='ltr'><strong>truncatis</strong></span> <span class='ocrx_word' id='word_1_468' title='bbox 838 3807 1015 3876; x_wconf 85' lang='lat' dir='ltr'><strong>lapide</strong></span> <span class='ocrx_word' id='word_1_469' title='bbox 1056 3806 1123 3860; x_wconf 91' lang='lat' dir='ltr'><strong>ad</strong></span> <span class='ocrx_word' id='word_1_470' title='bbox 1169 3807 1363 3861; x_wconf 89' lang='lat' dir='ltr'><strong>collum</strong></span> <span class='ocrx_word' id='word_1_471' title='bbox 1410 3805 1573 3875; x_wconf 87' lang='lat' dir='ltr'><strong>ligato</strong></span> <span class='ocrx_word' id='word_1_472' title='bbox 1612 3807 1665 3860; x_wconf 92' lang='lat' dir='ltr'><strong>in</strong></span> <span class='ocrx_word' id='word_1_473' title='bbox 1697 3820 1846 3861; x_wconf 88' lang='lat' dir='ltr'><strong>mare</strong></span> 
     </span>
    </p>
   </div>
   <div class='ocr_carea' id='block_1_70' title="bbox 248 3898 1844 3973">
    <p class='ocr_par' dir='ltr' id='par_1_70' title="bbox 248 3898 1844 3973">
     <span class='ocr_line' id='line_1_70' title="bbox 248 3898 1844 3973; baseline -0.001 -18"><span class='ocrx_word' id='word_1_474' title='bbox 248 3902 568 3973; x_wconf 82' lang='lat' dir='ltr'><strong>projiciunt.</strong></span> <span class='ocrx_word' id='word_1_475' title='bbox 602 3900 878 3955; x_wconf 80' lang='lat' dir='ltr'><strong>lleraclius</strong></span> <span class='ocrx_word' id='word_1_476' title='bbox 903 3913 1173 3955; x_wconf 88' lang='lat' dir='ltr'><strong>consensu</strong></span> <span class='ocrx_word' id='word_1_477' title='bbox 1208 3906 1429 3952; x_wconf 88' lang='lat' dir='ltr'><strong>senatus</strong></span> <span class='ocrx_word' id='word_1_478' title='bbox 1459 3898 1513 3951; x_wconf 93' lang='lat' dir='ltr'><strong>in</strong></span> <span class='ocrx_word' id='word_1_479' title='bbox 1563 3898 1844 3967; x_wconf 88' lang='lat' dir='ltr'><strong>imperium</strong></span> 
     </span>
    </p>
   </div>
   <div class='ocr_carea' id='block_1_71' title="bbox 246 3990 1844 4060">
    <p class='ocr_par' dir='ltr' id='par_1_71' title="bbox 246 3990 1844 4060">
     <span class='ocr_line' id='line_1_71' title="bbox 246 3990 1844 4060; baseline -0.003 -12"><span class='ocrx_word' id='word_1_480' title='bbox 246 3994 569 4048; x_wconf 83' lang='lat' dir='ltr'><strong>sublimatur</strong></span> <span class='ocrx_word' id='word_1_481' title='bbox 622 4002 671 4060; x_wconf 74' lang='grc' dir='ltr'><strong>ε,</strong></span> <span class='ocrx_word' id='word_1_482' title='bbox 695 4008 816 4046; x_wconf 87' lang='lat' dir='ltr'><strong>cum</strong></span> <span class='ocrx_word' id='word_1_483' title='bbox 856 3991 1195 4046; x_wconf 87' lang='lat' dir='ltr'><strong>infestatione</strong></span> <span class='ocrx_word' id='word_1_484' title='bbox 1235 3991 1518 4045; x_wconf 86' lang='lat' dir='ltr'><strong>Persarum</strong></span> <span class='ocrx_word' id='word_1_485' title='bbox 1561 3990 1844 4059; x_wconf 89' lang='lat' dir='ltr'><strong>imperunn</strong></span> 
     </span>
    </p>
   </div>
   <div class='ocr_carea' id='block_1_72' title="bbox 247 4081 1846 4154">
    <p class='ocr_par' dir='ltr' id='par_1_72' title="bbox 247 4081 1846 4154">
     <span class='ocr_line' id='line_1_72' title="bbox 247 4081 1846 4154; baseline -0.002 -15"><span class='ocrx_word' id='word_1_486' title='bbox 247 4083 589 4154; x_wconf 87' lang='lat' dir='ltr'><strong>temporibus</strong></span> <span class='ocrx_word' id='word_1_487' title='bbox 630 4082 870 4138; x_wconf 79' lang='lat' dir='ltr'><strong>Mauricii</strong></span> <span class='ocrx_word' id='word_1_488' title='bbox 902 4092 958 4138; x_wconf 91' lang='lat' dir='ltr'><strong>et</strong></span> <span class='ocrx_word' id='word_1_489' title='bbox 989 4081 1199 4137; x_wconf 88' lang='lat' dir='ltr'><strong>Focatis</strong></span> <span class='ocrx_word' id='word_1_490' title='bbox 1241 4083 1627 4150; x_wconf 84' lang='lat' dir='ltr'><strong>imperatorum</strong></span> <span class='ocrx_word' id='word_1_491' title='bbox 1660 4081 1846 4136; x_wconf 70' lang='lat' dir='ltr'><strong>multa:</strong></span> 
     </span>
    </p>
   </div>
   <div class='ocr_carea' id='block_1_73' title="bbox 248 4174 1080 4244">
    <p class='ocr_par' dir='ltr' id='par_1_73' title="bbox 248 4174 1080 4244">
     <span class='ocr_line' id='line_1_73' title="bbox 248 4174 1080 4244; baseline -0.005 -15"><span class='ocrx_word' id='word_1_492' title='bbox 248 4174 549 4244; x_wconf 81' lang='lat' dir='ltr'><strong>provinciae</strong></span> <span class='ocrx_word' id='word_1_493' title='bbox 578 4174 806 4229; x_wconf 78' lang='lat' dir='ltr'><strong>fuissent</strong></span> <span class='ocrx_word' id='word_1_494' title='bbox 835 4182 1080 4228; x_wconf 58' lang='lat' dir='ltr'><strong>vastata.</strong></span> 
     </span>
    </p>
   </div>
   <div class='ocr_carea' id='block_1_74' title="bbox 328 4260 1847 4335">
    <p class='ocr_par' dir='ltr' id='par_1_74' title="bbox 328 4260 1847 4335">
     <span class='ocr_line' id='line_1_74' title="bbox 328 4260 1847 4335; baseline -0.006 -14"><span class='ocrx_word' id='word_1_495' title='bbox 328 4265 517 4335; x_wconf 69' lang='lat' dir='ltr'><strong>LXIV.</strong></span> <span class='ocrx_word' id='word_1_496' title='bbox 564 4266 713 4320; x_wconf 77' lang='lat' dir='ltr'><strong>More</strong></span> <span class='ocrx_word' id='word_1_497' title='bbox 742 4264 903 4319; x_wconf 87' lang='lat' dir='ltr'><strong>solito</strong></span> <span class='ocrx_word' id='word_1_498' title='bbox 930 4262 1108 4317; x_wconf 88' lang='lat' dir='ltr'><strong>denuo</strong></span> <span class='ocrx_word' id='word_1_499' title='bbox 1134 4270 1318 4316; x_wconf 88' lang='lat' dir='ltr'><strong>contra</strong></span> <span class='ocrx_word' id='word_1_500' title='bbox 1348 4260 1648 4316; x_wconf 82' lang='lat' dir='ltr'><strong>Heracliam</strong></span> <span class='ocrx_word' id='word_1_501' title='bbox 1674 4274 1847 4327; x_wconf 81' lang='lat' dir='ltr'><strong>tmpe-</strong></span> 
     </span>
    </p>
   </div>
   <div class='ocr_carea' id='block_1_75' title="bbox 238 4353 1845 4421">
    <p class='ocr_par' dir='ltr' id='par_1_75' title="bbox 238 4353 1845 4421">
     <span class='ocr_line' id='line_1_75' title="bbox 238 4353 1845 4421; baseline -0.006 -7"><span class='ocrx_word' id='word_1_502' title='bbox 238 4369 401 4414; x_wconf 77' lang='lat' dir='ltr'><strong>ratur</strong></span> <span class='ocrx_word' id='word_1_503' title='bbox 431 4359 712 4413; x_wconf 82' lang='lat' dir='ltr'><strong>Persarum</strong></span> <span class='ocrx_word' id='word_1_504' title='bbox 754 4370 876 4410; x_wconf 89' lang='lat' dir='ltr'><strong>cum</strong></span> <span class='ocrx_word' id='word_1_505' title='bbox 906 4355 1145 4417; x_wconf 72' lang='lat' dir='ltr'><strong>exercitu</strong></span> <span class='ocrx_word' id='word_1_506' title='bbox 1167 4369 1420 4421; x_wconf 86' lang='lat' dir='ltr'><strong>surgens,</strong></span> <span class='ocrx_word' id='word_1_507' title='bbox 1450 4353 1845 4407; x_wconf 85' lang='lat' dir='ltr'><strong>Chalcedonam</strong></span> 
     </span>
    </p>
   </div>
   <div class='ocr_carea' id='block_1_76' title="bbox 233 4445 1849 4520">
    <p class='ocr_par' dir='ltr' id='par_1_76' title="bbox 233 4445 1849 4520">
     <span class='ocr_line' id='line_1_76' title="bbox 233 4445 1849 4520; baseline -0.004 -15"><span class='ocrx_word' id='word_1_508' title='bbox 233 4452 527 4520; x_wconf 61' lang='lat' dir='ltr'><strong>pivitatem</strong></span> <span class='ocrx_word' id='word_1_509' title='bbox 578 4464 676 4503; x_wconf 91' lang='lat' dir='ltr'><strong>nec</strong></span> <span class='ocrx_word' id='word_1_510' title='bbox 724 4448 908 4515; x_wconf 88' lang='lat' dir='ltr'><strong>procul</strong></span> <span class='ocrx_word' id='word_1_511' title='bbox 958 4463 989 4501; x_wconf 89' lang='lat' dir='ltr'><strong>a</strong></span> <span class='ocrx_word' id='word_1_512' title='bbox 1042 4445 1549 4511; x_wconf 78' lang='lat' dir='ltr'><strong>Constantiimpoli,</strong></span> <span class='ocrx_word' id='word_1_513' title='bbox 1580 4453 1849 4498; x_wconf 84' lang='lat' dir='ltr'><strong>vastantes</strong></span> 
     </span>
    </p>
   </div>
   <div class='ocr_carea' id='block_1_77' title="bbox 251 4536 1844 4611">
    <p class='ocr_par' dir='ltr' id='par_1_77' title="bbox 251 4536 1844 4611">
     <span class='ocr_line' id='line_1_77' title="bbox 251 4536 1844 4611; baseline -0.004 -14"><span class='ocrx_word' id='word_1_514' title='bbox 251 4544 438 4597; x_wconf 66' lang='lat' dir='ltr'><strong>Persae</strong></span> <span class='ocrx_word' id='word_1_515' title='bbox 485 4542 775 4611; x_wconf 70' lang='lat' dir='ltr'><strong>provincia:</strong></span> <span class='ocrx_word' id='word_1_516' title='bbox 806 4539 819 4611; x_wconf 84' lang='lat'><strong>[</strong></span> <span class='ocrx_word' id='word_1_517' title='bbox 852 4537 1061 4592; x_wconf 80' lang='lat' dir='ltr'><strong>Forsan</strong></span> <span class='ocrx_word' id='word_1_518' title='bbox 1085 4577 1103 4603; x_wconf 93' lang='lat'><strong>,</strong></span> <span class='ocrx_word' id='word_1_519' title='bbox 1136 4537 1437 4607; x_wconf 88' lang='lat' dir='ltr'><strong>provincias</strong></span> <span class='ocrx_word' id='word_1_520' title='bbox 1467 4536 1475 4605; x_wconf 93' lang='lat'>|</span> <span class='ocrx_word' id='word_1_521' title='bbox 1511 4536 1844 4604; x_wconf 57' lang='lat' dir='ltr'><strong>reipublicae,</strong></span> 
     </span>
    </p>
   </div>
   <div class='ocr_carea' id='block_1_78' title="bbox 1947 3331 3531 3403">
    <p class='ocr_par' dir='ltr' id='par_1_78' title="bbox 1947 3331 3531 3403">
     <span class='ocr_line' id='line_1_78' title="bbox 1947 3331 3531 3403; baseline 0.004 -20"><span class='ocrx_word' id='word_1_522' title='bbox 1947 3332 2076 3385; x_wconf 92' lang='lat' dir='ltr'><strong>tioni</strong></span> <span class='ocrx_word' id='word_1_523' title='bbox 2102 3331 2313 3401; x_wconf 85' lang='lat' dir='ltr'><strong>redigit,</strong></span> <span class='ocrx_word' id='word_1_524' title='bbox 2329 3332 2501 3400; x_wconf 90' lang='lat' dir='ltr'><strong>captis</strong></span> <span class='ocrx_word' id='word_1_525' title='bbox 2521 3333 2715 3387; x_wconf 82' lang='lat' dir='ltr'><strong>exinde</strong></span> <span class='ocrx_word' id='word_1_526' title='bbox 2738 3333 2918 3387; x_wconf 81' lang='lat' dir='ltr'><strong>multis</strong></span> <span class='ocrx_word' id='word_1_527' title='bbox 2937 3332 3226 3401; x_wconf 88' lang='lat' dir='ltr'><strong>thesauris,</strong></span> <span class='ocrx_word' id='word_1_528' title='bbox 3247 3343 3302 3388; x_wconf 90' lang='lat' dir='ltr'><strong>et</strong></span> <span class='ocrx_word' id='word_1_529' title='bbox 3322 3345 3531 3403; x_wconf 88' lang='lat' dir='ltr'><strong>septem</strong></span> 
     </span>
    </p>
   </div>
   <div class='ocr_carea' id='block_1_79' title="bbox 1944 3423 3531 3488">
    <p class='ocr_par' dir='ltr' id='par_1_79' title="bbox 1944 3423 3531 3488">
     <span class='ocr_line' id='line_1_79' title="bbox 1944 3423 3531 3488; baseline 0.001 -10"><span class='ocrx_word' id='word_1_530' title='bbox 1944 3423 2352 3479; x_wconf 67' lang='lat' dir='ltr'><strong>AEItiarnitisK:</strong></span> <span class='ocrx_word' id='word_1_531' title='bbox 2397 3425 2565 3478; x_wconf 89' lang='lat' dir='ltr'><strong>tribus</strong></span> <span class='ocrx_word' id='word_1_532' title='bbox 2609 3425 2762 3479; x_wconf 89' lang='lat' dir='ltr'><strong>annis</strong></span> <span class='ocrx_word' id='word_1_533' title='bbox 2811 3425 3025 3480; x_wconf 81' lang='lat' dir='ltr'><strong>circiter</strong></span> <span class='ocrx_word' id='word_1_534' title='bbox 3081 3425 3297 3481; x_wconf 86' lang='lat' dir='ltr'><strong>Persida</strong></span> <span class='ocrx_word' id='word_1_535' title='bbox 3329 3436 3531 3488; x_wconf 77' lang='lat' dir='ltr'><strong>vastata</strong></span> 
     </span>
    </p>
   </div>
   <div class='ocr_carea' id='block_1_80' title="bbox 1944 3514 3513 3589">
    <p class='ocr_par' dir='ltr' id='par_1_80' title="bbox 1944 3514 3513 3589">
     <span class='ocr_line' id='line_1_80' title="bbox 1944 3514 3513 3589; baseline 0.003 -18"><span class='ocrx_word' id='word_1_536' title='bbox 1944 3516 2062 3585; x_wconf 89' lang='lat' dir='ltr'><strong>ejus</strong></span> <span class='ocrx_word' id='word_1_537' title='bbox 2089 3514 2277 3570; x_wconf 78' lang='lat' dir='ltr'><strong>ditiooi</strong></span> <span class='ocrx_word' id='word_1_538' title='bbox 2303 3516 2603 3585; x_wconf 84' lang='lat' dir='ltr'><strong>subjicitur.</strong></span> <span class='ocrx_word' id='word_1_539' title='bbox 2648 3516 2777 3571; x_wconf 61' lang='lat' dir='ltr'><strong>Post</strong></span> <span class='ocrx_word' id='word_1_540' title='bbox 2808 3520 2922 3572; x_wconf 67' lang='lat' dir='ltr'><strong>haec</strong></span> <span class='ocrx_word' id='word_1_541' title='bbox 2947 3517 3126 3574; x_wconf 88' lang='lat' dir='ltr'><strong>denuo</strong></span> <span class='ocrx_word' id='word_1_542' title='bbox 3158 3518 3336 3573; x_wconf 73' lang='lat' dir='ltr'><strong>Persae</strong></span> <span class='ocrx_word' id='word_1_543' title='bbox 3368 3519 3513 3589; x_wconf 77' lang='lat' dir='ltr'><strong>impe</strong></span> 
     </span>
    </p>
   </div>
   <div class='ocr_carea' id='block_1_81' title="bbox 1945 3606 2747 3675">
    <p class='ocr_par' dir='ltr' id='par_1_81' title="bbox 1945 3606 2747 3675">
     <span class='ocr_line' id='line_1_81' title="bbox 1945 3606 2747 3675; baseline -0.001 -11"><span class='ocrx_word' id='word_1_544' title='bbox 1945 3621 2179 3664; x_wconf 89' lang='lat' dir='ltr'><strong>ratorem</strong></span> <span class='ocrx_word' id='word_1_545' title='bbox 2209 3623 2371 3675; x_wconf 79' lang='lat' dir='ltr'><strong>super</strong></span> <span class='ocrx_word' id='word_1_546' title='bbox 2396 3624 2456 3664; x_wconf 91' lang='lat' dir='ltr'><strong>se</strong></span> <span class='ocrx_word' id='word_1_547' title='bbox 2484 3618 2670 3663; x_wconf 88' lang='lat' dir='ltr'><strong>creant</strong></span> <span class='ocrx_word' id='word_1_548' title='bbox 2698 3606 2747 3663; x_wconf 67' lang='grc' dir='ltr'><strong>δ.</strong></span> 
     </span>
    </p>
   </div>
   <div class='ocr_carea' id='block_1_82' title="bbox 2017 3703 3535 3774">
    <p class='ocr_par' dir='ltr' id='par_1_82' title="bbox 2017 3703 3535 3774">
     <span class='ocr_line' id='line_1_82' title="bbox 2017 3703 3535 3774; baseline -0.001 -13"><span class='ocrx_word' id='word_1_549' title='bbox 2017 3704 2179 3761; x_wconf 77' lang='lat' dir='ltr'><strong>LXV.</strong></span> <span class='ocrx_word' id='word_1_550' title='bbox 2216 3704 2492 3759; x_wconf 86' lang='lat' dir='ltr'><strong>Heraclius</strong></span> <span class='ocrx_word' id='word_1_551' title='bbox 2535 3703 2831 3772; x_wconf 90' lang='lat' dir='ltr'><strong>imperator</strong></span> <span class='ocrx_word' id='word_1_552' title='bbox 2858 3713 2975 3758; x_wconf 86' lang='lat' dir='ltr'><strong>erat</strong></span> <span class='ocrx_word' id='word_1_553' title='bbox 3003 3703 3282 3774; x_wconf 88' lang='lat' dir='ltr'><strong>speciosus</strong></span> <span class='ocrx_word' id='word_1_554' title='bbox 3307 3718 3535 3773; x_wconf 85' lang='lat' dir='ltr'><strong>conspe-</strong></span> 
     </span>
    </p>
   </div>
   <div class='ocr_carea' id='block_1_83' title="bbox 1946 3794 3535 3864">
    <p class='ocr_par' dir='ltr' id='par_1_83' title="bbox 1946 3794 3535 3864">
     <span class='ocr_line' id='line_1_83' title="bbox 1946 3794 3535 3864; baseline -0.003 -11"><span class='ocrx_word' id='word_1_555' title='bbox 1946 3806 2057 3863; x_wconf 86' lang='lat' dir='ltr'><strong>ctu,</strong></span> <span class='ocrx_word' id='word_1_556' title='bbox 2110 3794 2332 3864; x_wconf 74' lang='lat' dir='ltr'><strong>pulchra</strong></span> <span class='ocrx_word' id='word_1_557' title='bbox 2386 3795 2541 3863; x_wconf 86' lang='lat' dir='ltr'><strong>faeie,</strong></span> <span class='ocrx_word' id='word_1_558' title='bbox 2590 3802 2759 3849; x_wconf 88' lang='lat' dir='ltr'><strong>status</strong></span> <span class='ocrx_word' id='word_1_559' title='bbox 2810 3796 2979 3849; x_wconf 86' lang='lat' dir='ltr'><strong>forma</strong></span> <span class='ocrx_word' id='word_1_560' title='bbox 3022 3795 3196 3864; x_wconf 70' lang='lat' dir='ltr'><strong>dignae</strong></span> <span class='ocrx_word' id='word_1_561' title='bbox 3243 3808 3535 3860; x_wconf 73' lang='lat' dir='ltr'><strong>mensurae,</strong></span> 
     </span>
    </p>
   </div>
   <div class='ocr_carea' id='block_1_84' title="bbox 1947 3885 3536 3956">
    <p class='ocr_par' dir='ltr' id='par_1_84' title="bbox 1947 3885 3536 3956">
     <span class='ocr_line' id='line_1_84' title="bbox 1947 3885 3536 3956; baseline -0.003 -11"><span class='ocrx_word' id='word_1_562' title='bbox 1947 3890 2270 3945; x_wconf 84' lang='lat' dir='ltr'><strong>fortissimus</strong></span> <span class='ocrx_word' id='word_1_563' title='bbox 2299 3888 2535 3951; x_wconf 84' lang='lat' dir='ltr'><strong>caeteris,</strong></span> <span class='ocrx_word' id='word_1_564' title='bbox 2559 3896 2824 3955; x_wconf 84' lang='lat' dir='ltr'><strong>pugnator</strong></span> <span class='ocrx_word' id='word_1_565' title='bbox 2851 3887 3118 3956; x_wconf 88' lang='lat' dir='ltr'><strong>egregius.</strong></span> <span class='ocrx_word' id='word_1_566' title='bbox 3152 3885 3282 3942; x_wconf 78' lang='lat' dir='ltr'><strong>Nam</strong></span> <span class='ocrx_word' id='word_1_567' title='bbox 3311 3896 3366 3941; x_wconf 89' lang='lat' dir='ltr'><strong>et</strong></span> <span class='ocrx_word' id='word_1_568' title='bbox 3389 3900 3536 3956; x_wconf 70' lang='lat' dir='ltr'><strong>saepe</strong></span> 
     </span>
    </p>
   </div>
   <div class='ocr_carea' id='block_1_85' title="bbox 1949 3974 3538 4045">
    <p class='ocr_par' dir='ltr' id='par_1_85' title="bbox 1949 3974 3538 4045">
     <span class='ocr_line' id='line_1_85' title="bbox 1949 3974 3538 4045; baseline -0.001 -13"><span class='ocrx_word' id='word_1_569' title='bbox 1949 3981 2128 4035; x_wconf 89' lang='lat' dir='ltr'><strong>leones</strong></span> <span class='ocrx_word' id='word_1_570' title='bbox 2154 3979 2208 4033; x_wconf 91' lang='lat' dir='ltr'><strong>in</strong></span> <span class='ocrx_word' id='word_1_571' title='bbox 2230 3992 2413 4041; x_wconf 86' lang='lat' dir='ltr'><strong>arena.</strong></span> <span class='ocrx_word' id='word_1_572' title='bbox 2440 3985 2497 4032; x_wconf 91' lang='lat' dir='ltr'><strong>et</strong></span> <span class='ocrx_word' id='word_1_573' title='bbox 2518 3977 2741 4031; x_wconf 90' lang='lat' dir='ltr'><strong>inermis</strong></span> <span class='ocrx_word' id='word_1_574' title='bbox 2766 3976 2945 4045; x_wconf 91' lang='lat' dir='ltr'><strong>plures</strong></span> <span class='ocrx_word' id='word_1_575' title='bbox 2973 3975 3221 4045; x_wconf 88' lang='lat' dir='ltr'><strong>singulus</strong></span> <span class='ocrx_word' id='word_1_576' title='bbox 3245 3974 3538 4030; x_wconf 87' lang='lat' dir='ltr'><strong>interfecit.</strong></span> 
     </span>
    </p>
   </div>
   <div class='ocr_carea' id='block_1_86' title="bbox 1948 4065 3538 4134">
    <p class='ocr_par' dir='ltr' id='par_1_86' title="bbox 1948 4065 3538 4134">
     <span class='ocr_line' id='line_1_86' title="bbox 1948 4065 3538 4134; baseline -0.004 -11"><span class='ocrx_word' id='word_1_577' title='bbox 1948 4070 2080 4123; x_wconf 86' lang='lat' dir='ltr'><strong>Cum</strong></span> <span class='ocrx_word' id='word_1_578' title='bbox 2110 4077 2253 4124; x_wconf 89' lang='lat' dir='ltr'><strong>esset</strong></span> <span class='ocrx_word' id='word_1_579' title='bbox 2283 4067 2475 4122; x_wconf 86' lang='lat' dir='ltr'><strong>litteris</strong></span> <span class='ocrx_word' id='word_1_580' title='bbox 2505 4066 2733 4120; x_wconf 91' lang='lat' dir='ltr'><strong>nimium</strong></span> <span class='ocrx_word' id='word_1_581' title='bbox 2778 4066 3022 4120; x_wconf 90' lang='lat' dir='ltr'><strong>eruditus</strong></span> <span class='ocrx_word' id='word_1_582' title='bbox 3041 4105 3058 4132; x_wconf 90' lang='lat'><strong>,</strong></span> <span class='ocrx_word' id='word_1_583' title='bbox 3088 4065 3393 4134; x_wconf 87' lang='lat' dir='ltr'><strong>astrologus</strong></span> <span class='ocrx_word' id='word_1_584' title='bbox 3422 4067 3538 4119; x_wconf 64' lang='lat' dir='ltr'><strong>erit.</strong></span> 
     </span>
    </p>
   </div>
   <div class='ocr_carea' id='block_1_87' title="bbox 1948 4154 3538 4229">
    <p class='ocr_par' dir='ltr' id='par_1_87' title="bbox 1948 4154 3538 4229">
     <span class='ocr_line' id='line_1_87' title="bbox 1948 4154 3538 4229; baseline -0.004 -13"><span class='ocrx_word' id='word_1_585' title='bbox 1948 4162 2106 4223; x_wconf 87' lang='lat' dir='ltr'><strong>citur,</strong></span> <span class='ocrx_word' id='word_1_586' title='bbox 2137 4175 2230 4229; x_wconf 88' lang='lat' dir='ltr'><strong>per</strong></span> <span class='ocrx_word' id='word_1_587' title='bbox 2251 4160 2389 4227; x_wconf 85' lang='lat' dir='ltr'><strong>quod</strong></span> <span class='ocrx_word' id='word_1_588' title='bbox 2419 4171 2647 4212; x_wconf 89' lang='lat' dir='ltr'><strong>cernens</strong></span> <span class='ocrx_word' id='word_1_589' title='bbox 2671 4172 2701 4210; x_wconf 92' lang='lat' dir='ltr'><strong>a</strong></span> <span class='ocrx_word' id='word_1_590' title='bbox 2726 4155 3061 4210; x_wconf 89' lang='lat' dir='ltr'><strong>circumcisis</strong></span> <span class='ocrx_word' id='word_1_591' title='bbox 3085 4154 3334 4224; x_wconf 83' lang='lat' dir='ltr'><strong>gentibus</strong></span> <span class='ocrx_word' id='word_1_592' title='bbox 3356 4155 3538 4210; x_wconf 89' lang='lat' dir='ltr'><strong>divino</strong></span> 
     </span>
    </p>
   </div>
   <div class='ocr_carea' id='block_1_88' title="bbox 1954 4242 3537 4314">
    <p class='ocr_par' dir='ltr' id='par_1_88' title="bbox 1954 4242 3537 4314">
     <span class='ocr_line' id='line_1_88' title="bbox 1954 4242 3537 4314; baseline -0.005 -9"><span class='ocrx_word' id='word_1_593' title='bbox 1954 4264 2079 4305; x_wconf 91' lang='lat' dir='ltr'><strong>nutu</strong></span> <span class='ocrx_word' id='word_1_594' title='bbox 2128 4248 2409 4314; x_wconf 80' lang='lat' dir='ltr'><strong>imperium</strong></span> <span class='ocrx_word' id='word_1_595' title='bbox 2439 4260 2560 4301; x_wconf 88' lang='lat' dir='ltr'><strong>esse</strong></span> <span class='ocrx_word' id='word_1_596' title='bbox 2591 4243 2927 4309; x_wconf 88' lang='lat' dir='ltr'><strong>vastandum,</strong></span> <span class='ocrx_word' id='word_1_597' title='bbox 2958 4242 3024 4298; x_wconf 88' lang='lat' dir='ltr'><strong>ad</strong></span> <span class='ocrx_word' id='word_1_598' title='bbox 3056 4243 3418 4313; x_wconf 84' lang='lat' dir='ltr'><strong>Dagobertum</strong></span> <span class='ocrx_word' id='word_1_599' title='bbox 3450 4259 3537 4298; x_wconf 90' lang='lat' dir='ltr'><strong>re-</strong></span> 
     </span>
    </p>
   </div>
   <div class='ocr_carea' id='block_1_89' title="bbox 1950 4335 3539 4412">
    <p class='ocr_par' dir='ltr' id='par_1_89' title="bbox 1950 4335 3539 4412">
     <span class='ocr_line' id='line_1_89' title="bbox 1950 4335 3539 4412; baseline -0.006 -15"><span class='ocrx_word' id='word_1_600' title='bbox 1950 4358 2069 4412; x_wconf 86' lang='lat' dir='ltr'><strong>gem</strong></span> <span class='ocrx_word' id='word_1_601' title='bbox 2123 4341 2449 4396; x_wconf 79' lang='lat' dir='ltr'><strong>Fraucorum</strong></span> <span class='ocrx_word' id='word_1_602' title='bbox 2498 4337 2773 4407; x_wconf 87' lang='lat' dir='ltr'><strong>dirigens,</strong></span> <span class='ocrx_word' id='word_1_603' title='bbox 2813 4336 2947 4405; x_wconf 90' lang='lat' dir='ltr'><strong>petit</strong></span> <span class='ocrx_word' id='word_1_604' title='bbox 2994 4345 3051 4390; x_wconf 92' lang='lat' dir='ltr'><strong>ut</strong></span> <span class='ocrx_word' id='word_1_605' title='bbox 3091 4350 3280 4391; x_wconf 90' lang='lat' dir='ltr'><strong>omnes</strong></span> <span class='ocrx_word' id='word_1_606' title='bbox 3323 4335 3539 4389; x_wconf 74' lang='lat' dir='ltr'><strong>.ludmos</strong></span> 
     </span>
    </p>
   </div>
   <div class='ocr_carea' id='block_1_90' title="bbox 1952 4427 3543 4506">
    <p class='ocr_par' dir='ltr' id='par_1_90' title="bbox 1952 4427 3543 4506">
     <span class='ocr_line' id='line_1_90' title="bbox 1952 4427 3543 4506; baseline -0.007 -13"><span class='ocrx_word' id='word_1_607' title='bbox 1952 4436 2101 4506; x_wconf 83' lang='lat' dir='ltr'><strong>regni</strong></span> <span class='ocrx_word' id='word_1_608' title='bbox 2134 4434 2216 4488; x_wconf 81' lang='lat' dir='ltr'><strong>sui</strong></span> <span class='ocrx_word' id='word_1_609' title='bbox 2246 4433 2310 4486; x_wconf 90' lang='lat' dir='ltr'><strong>ad</strong></span> <span class='ocrx_word' id='word_1_610' title='bbox 2360 4432 2517 4486; x_wconf 86' lang='lat' dir='ltr'><strong>ﬁdem</strong></span> <span class='ocrx_word' id='word_1_611' title='bbox 2548 4429 2860 4484; x_wconf 87' lang='lat' dir='ltr'><strong>catholicam</strong></span> <span class='ocrx_word' id='word_1_612' title='bbox 2909 4427 3255 4496; x_wconf 80' lang='lat' dir='ltr'><strong>baptizandus</strong></span> <span class='ocrx_word' id='word_1_613' title='bbox 3286 4428 3543 4497; x_wconf 54' lang='lat' dir='ltr'><strong>pracipe-</strong></span> 
     </span>
    </p>
   </div>
   <div class='ocr_carea' id='block_1_91' title="bbox 1953 4517 3538 4598">
    <p class='ocr_par' dir='ltr' id='par_1_91' title="bbox 1953 4517 3538 4598">
     <span class='ocr_line' id='line_1_91' title="bbox 1953 4517 3538 4598; baseline -0.006 -14"><span class='ocrx_word' id='word_1_614' title='bbox 1953 4541 2059 4592; x_wconf 87' lang='lat' dir='ltr'><strong>ret,</strong></span> <span class='ocrx_word' id='word_1_615' title='bbox 2087 4526 2229 4598; x_wconf 66' lang='lat' dir='ltr'><strong>quod</strong></span> <span class='ocrx_word' id='word_1_616' title='bbox 2261 4525 2502 4595; x_wconf 87' lang='lat' dir='ltr'><strong>protinus</strong></span> <span class='ocrx_word' id='word_1_617' title='bbox 2555 4521 2889 4592; x_wconf 83' lang='lat' dir='ltr'><strong>Dagubertus</strong></span> <span class='ocrx_word' id='word_1_618' title='bbox 2915 4519 3157 4589; x_wconf 86' lang='lat' dir='ltr'><strong>implevit</strong></span> <span class='ocrx_word' id='word_1_619' title='bbox 3186 4517 3230 4574; x_wconf 80' lang='grc' dir='ltr'><strong>ί.</strong></span> <span class='ocrx_word' id='word_1_620' title='bbox 3263 4518 3538 4574; x_wconf 83' lang='lat' dir='ltr'><strong>IIeraclius</strong></span> 
     </span>
    </p>
   </div>
   <div class='ocr_carea' id='block_1_92' title="bbox 246 4610 3545 4704">
    <p class='ocr_par' dir='ltr' id='par_1_92' title="bbox 246 4610 3545 4704">
     <span class='ocr_line' id='line_1_92' title="bbox 246 4610 3545 4704; baseline -0.007 -17"><span class='ocrx_word' id='word_1_621' title='bbox 246 4610 652 4704; x_wconf 60' lang='lat' dir='ltr'><strong>pervenissent,</strong></span> <span class='ocrx_word' id='word_1_622' title='bbox 678 4610 905 4699; x_wconf 86' lang='lat' dir='ltr'><strong>eamque</strong></span> <span class='ocrx_word' id='word_1_623' title='bbox 950 4636 1296 4697; x_wconf 87' lang='lat' dir='ltr'><strong>erumpentes</strong></span> <span class='ocrx_word' id='word_1_624' title='bbox 1346 4626 1591 4681; x_wconf 86' lang='lat' dir='ltr'><strong>incendio</strong></span> <span class='ocrx_word' id='word_1_625' title='bbox 1622 4641 1848 4683; x_wconf 86' lang='lat' dir='ltr'><strong>concre-</strong></span> <span class='ocrx_word' id='word_1_626' title='bbox 1882 4617 1930 4676; x_wconf 82' lang='grc' dir='ltr'><strong>Ι)</strong></span> <span class='ocrx_word' id='word_1_627' title='bbox 1962 4634 2058 4693; x_wconf 78' lang='lat' dir='ltr'><strong>per</strong></span> <span class='ocrx_word' id='word_1_628' title='bbox 2083 4634 2269 4673; x_wconf 75' lang='lat' dir='ltr'><strong>manes</strong></span> <span class='ocrx_word' id='word_1_629' title='bbox 2298 4616 2600 4688; x_wconf 83' lang='lat' dir='ltr'><strong>provincias</strong></span> <span class='ocrx_word' id='word_1_630' title='bbox 2646 4612 2857 4685; x_wconf 89' lang='lat' dir='ltr'><strong>imperii</strong></span> <span class='ocrx_word' id='word_1_631' title='bbox 2890 4612 3051 4668; x_wconf 89' lang='lat' dir='ltr'><strong>talem</strong></span> <span class='ocrx_word' id='word_1_632' title='bbox 3083 4611 3332 4697; x_wconf 49' lang='lat' dir='ltr'><strong>idemque</strong></span> <span class='ocrx_word' id='word_1_633' title='bbox 3362 4610 3545 4666; x_wconf 85' lang='lat' dir='ltr'><strong>facere</strong></span> 
     </span>
    </p>
   </div>
   <div class='ocr_carea' id='block_1_93' title="bbox 332 4777 1850 4845">
    <p class='ocr_par' dir='ltr' id='par_1_93' title="bbox 332 4777 1850 4845">
     <span class='ocr_line' id='line_1_93' title="bbox 332 4777 1850 4845; baseline -0.004 -5"><span class='ocrx_word' id='word_1_634' title='bbox 332 4796 361 4823; x_wconf 71' lang='grc' dir='ltr'>ι</span> <span class='ocrx_word' id='word_1_635' title='bbox 391 4785 586 4840; x_wconf 77' lang='lat' dir='ltr'><strong>Narrat</strong></span> <span class='ocrx_word' id='word_1_636' title='bbox 601 4782 1014 4837; x_wconf 79' lang='lat' dir='ltr'><strong>Baudemuudus</strong></span> <span class='ocrx_word' id='word_1_637' title='bbox 1033 4785 1084 4833; x_wconf 85' lang='lat' dir='ltr'><strong>in</strong></span> <span class='ocrx_word' id='word_1_638' title='bbox 1107 4780 1222 4833; x_wconf 83' lang='lat' dir='ltr'><strong>Vita</strong></span> <span class='ocrx_word' id='word_1_639' title='bbox 1241 4778 1409 4833; x_wconf 81' lang='lat' dir='ltr'><strong>saneti</strong></span> <span class='ocrx_word' id='word_1_640' title='bbox 1434 4777 1659 4832; x_wconf 85' lang='lat' dir='ltr'><strong>Amandi</strong></span> <span class='ocrx_word' id='word_1_641' title='bbox 1679 4793 1850 4845; x_wconf 82' lang='lat' dir='ltr'><strong>episc.</strong></span> 
     </span>
    </p>
   </div>
   <div class='ocr_carea' id='block_1_94' title="bbox 247 4850 1851 4924">
    <p class='ocr_par' dir='ltr' id='par_1_94' title="bbox 247 4850 1851 4924">
     <span class='ocr_line' id='line_1_94' title="bbox 247 4850 1851 4924; baseline -0.006 -11"><span class='ocrx_word' id='word_1_642' title='bbox 247 4855 641 4924; x_wconf 77' lang='lat' dir='ltr'><strong>Trajecteusis,</strong></span> <span class='ocrx_word' id='word_1_643' title='bbox 670 4852 826 4920; x_wconf 90' lang='lat' dir='ltr'><strong>cujus</strong></span> <span class='ocrx_word' id='word_1_644' title='bbox 853 4852 1144 4919; x_wconf 68' lang='lat' dir='ltr'><strong>diseipulus</strong></span> <span class='ocrx_word' id='word_1_645' title='bbox 1176 4852 1272 4924; x_wconf 75' lang='lat' dir='ltr'><strong>fuit</strong></span> <span class='ocrx_word' id='word_1_646' title='bbox 1294 4892 1310 4912; x_wconf 87' lang='lat'><strong><em>.</em></strong></span> <span class='ocrx_word' id='word_1_647' title='bbox 1342 4850 1666 4924; x_wconf 79' lang='lat' dir='ltr'><strong>Sigibei-tum</strong></span> <span class='ocrx_word' id='word_1_648' title='bbox 1692 4852 1759 4924; x_wconf 78' lang='lat' dir='ltr'><strong>ali</strong></span> <span class='ocrx_word' id='word_1_649' title='bbox 1786 4865 1851 4924; x_wconf 83' lang='lat' dir='ltr'><strong>eo</strong></span> 
     </span>
    </p>
   </div>
   <div class='ocr_carea' id='block_1_95' title="bbox 246 4919 1852 4992">
    <p class='ocr_par' dir='ltr' id='par_1_95' title="bbox 246 4919 1852 4992">
     <span class='ocr_line' id='line_1_95' title="bbox 246 4919 1852 4992; baseline -0.007 -9"><span class='ocrx_word' id='word_1_650' title='bbox 246 4919 586 4992; x_wconf 67' lang='lat' dir='ltr'><strong>bajiiizattim</strong></span> <span class='ocrx_word' id='word_1_651' title='bbox 619 4919 805 4984; x_wconf 81' lang='lat' dir='ltr'><strong>fuisse,</strong></span> <span class='ocrx_word' id='word_1_652' title='bbox 838 4936 1009 4989; x_wconf 82' lang='lat' dir='ltr'><strong>eaque</strong></span> <span class='ocrx_word' id='word_1_653' title='bbox 1032 4922 1313 4976; x_wconf 84' lang='lat' dir='ltr'><strong>occasione</strong></span> <span class='ocrx_word' id='word_1_654' title='bbox 1359 4920 1677 4992; x_wconf 82' lang='lat' dir='ltr'><strong>miraculum</strong></span> <span class='ocrx_word' id='word_1_655' title='bbox 1722 4919 1852 4973; x_wconf 87' lang='lat' dir='ltr'><strong>insi-</strong></span> 
     </span>
    </p>
   </div>
   <div class='ocr_carea' id='block_1_96' title="bbox 243 4991 1852 5070">
    <p class='ocr_par' dir='ltr' id='par_1_96' title="bbox 243 4991 1852 5070">
     <span class='ocr_line' id='line_1_96' title="bbox 243 4991 1852 5070; baseline -0.008 -16"><span class='ocrx_word' id='word_1_656' title='bbox 243 4991 359 5070; x_wconf 78' lang='lat' dir='ltr'><strong>gne</strong></span> <span class='ocrx_word' id='word_1_657' title='bbox 389 4994 702 5070; x_wconf 76' lang='lat' dir='ltr'><strong>contigisse.</strong></span> <span class='ocrx_word' id='word_1_658' title='bbox 734 4993 863 5047; x_wconf 80' lang='lat' dir='ltr'><strong>Nam</strong></span> <span class='ocrx_word' id='word_1_659' title='bbox 893 5007 1013 5045; x_wconf 89' lang='lat' dir='ltr'><strong>eum</strong></span> <span class='ocrx_word' id='word_1_660' title='bbox 1046 4993 1126 5045; x_wconf 89' lang='lat' dir='ltr'><strong>vir</strong></span> <span class='ocrx_word' id='word_1_661' title='bbox 1153 5003 1369 5046; x_wconf 85' lang='lat' dir='ltr'><strong>sanctus</strong></span> <span class='ocrx_word' id='word_1_662' title='bbox 1400 4991 1683 5070; x_wconf 77' lang='lat' dir='ltr'><strong>puerulum</strong></span> <span class='ocrx_word' id='word_1_663' title='bbox 1712 5001 1852 5070; x_wconf 74' lang='lat' dir='ltr'><strong>cate-</strong></span> 
     </span>
    </p>
   </div>
   <div class='ocr_carea' id='block_1_97' title="bbox 243 5061 1847 5127">
    <p class='ocr_par' dir='ltr' id='par_1_97' title="bbox 243 5061 1847 5127">
     <span class='ocr_line' id='line_1_97' title="bbox 243 5061 1847 5127; baseline -0.006 -4"><span class='ocrx_word' id='word_1_664' title='bbox 243 5061 586 5124; x_wconf 65' lang='lat' dir='ltr'><strong>Ehumo-nufn</strong></span> <span class='ocrx_word' id='word_1_665' title='bbox 631 5065 858 5126; x_wconf 88' lang='lat' dir='ltr'><strong>faceret,</strong></span> <span class='ocrx_word' id='word_1_666' title='bbox 891 5074 944 5116; x_wconf 90' lang='lat' dir='ltr'><strong>et</strong></span> <span class='ocrx_word' id='word_1_667' title='bbox 992 5078 1152 5117; x_wconf 89' lang='lat' dir='ltr'><strong>nemo</strong></span> <span class='ocrx_word' id='word_1_668' title='bbox 1200 5061 1549 5127; x_wconf 88' lang='lat' dir='ltr'><strong>responderet</strong></span> <span class='ocrx_word' id='word_1_669' title='bbox 1595 5062 1847 5125; x_wconf 86' lang='lat' dir='ltr'><strong>orationi,</strong></span> 
     </span>
    </p>
   </div>
   <div class='ocr_carea' id='block_1_98' title="bbox 247 5130 1848 5208">
    <p class='ocr_par' dir='ltr' id='par_1_98' title="bbox 247 5130 1848 5208">
     <span class='ocr_line' id='line_1_98' title="bbox 247 5130 1848 5208; baseline -0.009 -11"><span class='ocrx_word' id='word_1_670' title='bbox 247 5139 517 5208; x_wconf 61' lang='lat' dir='ltr'><strong>puerulus</strong></span> <span class='ocrx_word' id='word_1_671' title='bbox 542 5138 683 5208; x_wconf 77' lang='lat' dir='ltr'><strong>clara</strong></span> <span class='ocrx_word' id='word_1_672' title='bbox 706 5150 845 5208; x_wconf 78' lang='lat' dir='ltr'><strong>voce</strong></span> <span class='ocrx_word' id='word_1_673' title='bbox 865 5132 1139 5200; x_wconf 87' lang='lat' dir='ltr'><strong>respondit</strong></span> <span class='ocrx_word' id='word_1_674' title='bbox 1163 5136 1345 5208; x_wconf 61' lang='lat' dir='ltr'><strong>Amen,</strong></span> <span class='ocrx_word' id='word_1_675' title='bbox 1366 5134 1506 5202; x_wconf 90' lang='lat' dir='ltr'><strong>quod</strong></span> <span class='ocrx_word' id='word_1_676' title='bbox 1532 5132 1673 5202; x_wconf 88' lang='lat' dir='ltr'><strong>apud</strong></span> <span class='ocrx_word' id='word_1_677' title='bbox 1703 5130 1848 5200; x_wconf 85' lang='lat' dir='ltr'><strong>Clip-</strong></span> 
     </span>
    </p>
   </div>
   <div class='ocr_carea' id='block_1_99' title="bbox 248 5203 1375 5278">
    <p class='ocr_par' dir='ltr' id='par_1_99' title="bbox 248 5203 1375 5278">
     <span class='ocr_line' id='line_1_99' title="bbox 248 5203 1375 5278; baseline -0.005 -15"><span class='ocrx_word' id='word_1_678' title='bbox 248 5203 475 5278; x_wconf 66' lang='lat' dir='ltr'><strong>iiiacum</strong></span> <span class='ocrx_word' id='word_1_679' title='bbox 507 5206 769 5278; x_wconf 65' lang='lat' dir='ltr'><strong>accidisse</strong></span> <span class='ocrx_word' id='word_1_680' title='bbox 798 5205 939 5278; x_wconf 77' lang='lat' dir='ltr'><strong>idem</strong></span> <span class='ocrx_word' id='word_1_681' title='bbox 968 5213 1155 5278; x_wconf 78' lang='lat' dir='ltr'><strong>auctor</strong></span> <span class='ocrx_word' id='word_1_682' title='bbox 1184 5203 1375 5278; x_wconf 65' lang='lat' dir='ltr'><strong>innuit.</strong></span> 
     </span>
    </p>
   </div>
   <div class='ocr_carea' id='block_1_100' title="bbox 338 5270 1849 5346">
    <p class='ocr_par' dir='ltr' id='par_1_100' title="bbox 338 5270 1849 5346">
     <span class='ocr_line' id='line_1_100' title="bbox 338 5270 1849 5346; baseline 0.001 -20"><span class='ocrx_word' id='word_1_683' title='bbox 338 5288 368 5326; x_wconf 83' lang='lat' dir='ltr'><strong>b</strong></span> <span class='ocrx_word' id='word_1_684' title='bbox 391 5280 493 5333; x_wconf 86' lang='lat' dir='ltr'><strong>Ed.</strong></span> <span class='ocrx_word' id='word_1_685' title='bbox 520 5277 744 5346; x_wconf 90' lang='lat' dir='ltr'><strong>aliquot,</strong></span> <span class='ocrx_word' id='word_1_686' title='bbox 774 5292 834 5328; x_wconf 86' lang='lat' dir='ltr'><strong>ac</strong></span> <span class='ocrx_word' id='word_1_687' title='bbox 866 5270 1066 5328; x_wconf 63' lang='lat' dir='ltr'><strong>steteris</strong></span> <span class='ocrx_word' id='word_1_688' title='bbox 1113 5274 1411 5346; x_wconf 78' lang='lat' dir='ltr'><strong>Austrasit’s.</strong></span> <span class='ocrx_word' id='word_1_689' title='bbox 1454 5272 1517 5328; x_wconf 84' lang='lat' dir='ltr'><strong>Et</strong></span> <span class='ocrx_word' id='word_1_690' title='bbox 1547 5272 1706 5337; x_wconf 88' lang='lat' dir='ltr'><strong>infra,</strong></span> <span class='ocrx_word' id='word_1_691' title='bbox 1737 5282 1849 5328; x_wconf 79' lang='lat' dir='ltr'><strong>erat</strong></span> 
     </span>
    </p>
   </div>
   <div class='ocr_carea' id='block_1_101' title="bbox 243 5345 1210 5412">
    <p class='ocr_par' dir='ltr' id='par_1_101' title="bbox 243 5345 1210 5412">
     <span class='ocr_line' id='line_1_101' title="bbox 243 5345 1210 5412; baseline -0.005 -7"><span class='ocrx_word' id='word_1_692' title='bbox 243 5353 323 5405; x_wconf 82' lang='lat' dir='ltr'><strong>ad</strong></span> <span class='ocrx_word' id='word_1_693' title='bbox 352 5350 572 5404; x_wconf 72' lang='lat' dir='ltr'><strong>insidias</strong></span> <span class='ocrx_word' id='word_1_694' title='bbox 589 5345 856 5412; x_wconf 24' lang='lat' dir='ltr'><strong>;’Boher.,</strong></span> <span class='ocrx_word' id='word_1_695' title='bbox 887 5347 954 5399; x_wconf 79' lang='lat' dir='ltr'><strong>ad</strong></span> <span class='ocrx_word' id='word_1_696' title='bbox 984 5345 1210 5400; x_wconf 77' lang='lat' dir='ltr'><strong>insidiis.</strong></span> 
     </span>
    </p>
   </div>
   <div class='ocr_carea' id='block_1_102' title="bbox 326 5411 1849 5485">
    <p class='ocr_par' dir='ltr' id='par_1_102' title="bbox 326 5411 1849 5485">
     <span class='ocr_line' id='line_1_102' title="bbox 326 5411 1849 5485; baseline -0.005 -11"><span class='ocrx_word' id='word_1_697' title='bbox 326 5432 356 5461; x_wconf 72' lang='grc' dir='ltr'><strong>ε</strong></span> <span class='ocrx_word' id='word_1_698' title='bbox 390 5411 672 5475; x_wconf 84' lang='lat' dir='ltr'><strong>Heraclius</strong></span> <span class='ocrx_word' id='word_1_699' title='bbox 718 5430 931 5471; x_wconf 64' lang='lat' dir='ltr'><strong>creatus</strong></span> <span class='ocrx_word' id='word_1_700' title='bbox 970 5424 1053 5469; x_wconf 88' lang='lat' dir='ltr'><strong>est</strong></span> <span class='ocrx_word' id='word_1_701' title='bbox 1096 5416 1386 5485; x_wconf 89' lang='lat' dir='ltr'><strong>imperator</strong></span> <span class='ocrx_word' id='word_1_702' title='bbox 1424 5412 1649 5468; x_wconf 79' lang='lat' dir='ltr'><strong>an-ﬁIO.</strong></span> <span class='ocrx_word' id='word_1_703' title='bbox 1679 5411 1849 5485; x_wconf 82' lang='lat' dir='ltr'><strong>Ches-</strong></span> 
     </span>
    </p>
   </div>
   <div class='ocr_carea' id='block_1_103' title="bbox 245 5484 1849 5558">
    <p class='ocr_par' dir='ltr' id='par_1_103' title="bbox 245 5484 1849 5558">
     <span class='ocr_line' id='line_1_103' title="bbox 245 5484 1849 5558; baseline -0.004 -14"><span class='ocrx_word' id='word_1_704' title='bbox 245 5496 423 5547; x_wconf 78' lang='lat' dir='ltr'><strong>droes</strong></span> <span class='ocrx_word' id='word_1_705' title='bbox 447 5507 538 5543; x_wconf 88' lang='lat' dir='ltr'><strong>an.</strong></span> <span class='ocrx_word' id='word_1_706' title='bbox 584 5488 689 5543; x_wconf 77' lang='grc'><strong>614</strong></span> <span class='ocrx_word' id='word_1_707' title='bbox 737 5487 1351 5558; x_wconf 78' lang='lat' dir='ltr'><strong>Jerosolymam‘cepit,</strong></span> <span class='ocrx_word' id='word_1_708' title='bbox 1384 5493 1464 5558; x_wconf 14' lang='lat' dir='ltr'><strong>Aet</strong></span> <span class='ocrx_word' id='word_1_709' title='bbox 1509 5486 1649 5558; x_wconf 81' lang='lat' dir='ltr'><strong>Saes</strong></span> <span class='ocrx_word' id='word_1_710' title='bbox 1685 5484 1849 5550; x_wconf 85' lang='lat' dir='ltr'><strong>ipsius</strong></span> 
     </span>
    </p>
   </div>
   <div class='ocr_carea' id='block_1_104' title="bbox 244 5554 1853 5625">
    <p class='ocr_par' dir='ltr' id='par_1_104' title="bbox 244 5554 1853 5625">
     <span class='ocr_line' id='line_1_104' title="bbox 244 5554 1853 5625; baseline -0.002 -12"><span class='ocrx_word' id='word_1_711' title='bbox 244 5564 597 5619; x_wconf 78' lang='lat' dir='ltr'><strong>exercituum</strong></span> <span class='ocrx_word' id='word_1_712' title='bbox 653 5560 847 5613; x_wconf 88' lang='lat' dir='ltr'><strong>ductor</strong></span> <span class='ocrx_word' id='word_1_713' title='bbox 889 5554 1278 5611; x_wconf 82' lang='lat' dir='ltr'><strong>Clialcedonem</strong></span> <span class='ocrx_word' id='word_1_714' title='bbox 1305 5600 1322 5625; x_wconf 85' lang='lat'><strong>,</strong></span> <span class='ocrx_word' id='word_1_715' title='bbox 1368 5554 1853 5625; x_wconf 27' lang='lat' dir='ltr'><strong>Alexandriam‘et</strong></span> 
     </span>
    </p>
   </div>
   <div class='ocr_carea' id='block_1_105' title="bbox 247 5622 1845 5700">
    <p class='ocr_par' dir='ltr' id='par_1_105' title="bbox 247 5622 1845 5700">
     <span class='ocr_line' id='line_1_105' title="bbox 247 5622 1845 5700; baseline -0.008 -15"><span class='ocrx_word' id='word_1_716' title='bbox 247 5645 426 5687; x_wconf 82' lang='lat' dir='ltr'><strong>tntaiu</strong></span> <span class='ocrx_word' id='word_1_717' title='bbox 455 5627 749 5700; x_wconf 70' lang='lat' dir='ltr'><strong>Egyptnm</strong></span> <span class='ocrx_word' id='word_1_718' title='bbox 776 5645 864 5683; x_wconf 91' lang='lat' dir='ltr'><strong>an.</strong></span> <span class='ocrx_word' id='word_1_719' title='bbox 896 5627 1001 5684; x_wconf 84' lang='lat' dir='ltr'><strong>6I5</strong></span> <span class='ocrx_word' id='word_1_720' title='bbox 1023 5638 1113 5682; x_wconf 89' lang='lat' dir='ltr'><strong>aut</strong></span> <span class='ocrx_word' id='word_1_721' title='bbox 1141 5622 1407 5698; x_wconf 85' lang='lat' dir='ltr'><strong>sequenti.</strong></span> <span class='ocrx_word' id='word_1_722' title='bbox 1439 5627 1540 5700; x_wconf 86' lang='lat' dir='ltr'><strong>A_n.</strong></span> <span class='ocrx_word' id='word_1_723' title='bbox 1567 5639 1693 5700; x_wconf 73' lang='lat' dir='ltr'><strong>vero</strong></span> <span class='ocrx_word' id='word_1_724' title='bbox 1720 5622 1845 5690; x_wconf 67' lang='lat'><strong>623,</strong></span> 
     </span>
    </p>
   </div>
   <div class='ocr_carea' id='block_1_106' title="bbox 246 5695 1845 5768">
    <p class='ocr_par' dir='ltr' id='par_1_106' title="bbox 246 5695 1845 5768">
     <span class='ocr_line' id='line_1_106' title="bbox 246 5695 1845 5768; baseline -0.01 -7"><span class='ocrx_word' id='word_1_725' title='bbox 246 5695 547 5760; x_wconf 78' lang='lat' dir='ltr'><strong>Heraclius</strong></span> <span class='ocrx_word' id='word_1_726' title='bbox 566 5695 622 5755; x_wconf 85' lang='lat' dir='ltr'><strong>in</strong></span> <span class='ocrx_word' id='word_1_727' title='bbox 652 5705 798 5768; x_wconf 88' lang='lat' dir='ltr'><strong>ipsos</strong></span> <span class='ocrx_word' id='word_1_728' title='bbox 824 5701 1118 5755; x_wconf 78' lang='lat' dir='ltr'><strong>exercitum</strong></span> <span class='ocrx_word' id='word_1_729' title='bbox 1163 5695 1349 5763; x_wconf 81' lang='lat' dir='ltr'><strong>movit,</strong></span> <span class='ocrx_word' id='word_1_730' title='bbox 1374 5706 1427 5751; x_wconf 83' lang='lat' dir='ltr'><strong>et</strong></span> <span class='ocrx_word' id='word_1_731' title='bbox 1455 5695 1845 5768; x_wconf 24' lang='lat' dir='ltr'><strong>CllOSdl‘Q‘B‘all.</strong></span> 
     </span>
    </p>
   </div>
   <div class='ocr_carea' id='block_1_107' title="bbox 244 5763 1845 5842">
    <p class='ocr_par' dir='ltr' id='par_1_107' title="bbox 244 5763 1845 5842">
     <span class='ocr_line' id='line_1_107' title="bbox 244 5763 1845 5842; baseline -0.009 -12"><span class='ocrx_word' id='word_1_732' title='bbox 244 5777 367 5831; x_wconf 63' lang='grc' dir='ltr'><strong>δ’ἐκ</strong></span> <span class='ocrx_word' id='word_1_733' title='bbox 401 5775 605 5842; x_wconf 84' lang='lat' dir='ltr'><strong>fugato,</strong></span> <span class='ocrx_word' id='word_1_734' title='bbox 641 5763 751 5825; x_wconf 81' lang='lat' dir='ltr'><strong>tum</strong></span> <span class='ocrx_word' id='word_1_735' title='bbox 796 5786 927 5841; x_wconf 84' lang='lat' dir='ltr'><strong>pace</strong></span> <span class='ocrx_word' id='word_1_736' title='bbox 972 5785 1093 5826; x_wconf 91' lang='lat' dir='ltr'><strong>cum</strong></span> <span class='ocrx_word' id='word_1_737' title='bbox 1125 5768 1307 5825; x_wconf 82' lang='lat' dir='ltr'><strong>Sisrue</strong></span> <span class='ocrx_word' id='word_1_738' title='bbox 1352 5768 1494 5842; x_wconf 80' lang='lat' dir='ltr'><strong>illius</strong></span> <span class='ocrx_word' id='word_1_739' title='bbox 1539 5764 1645 5842; x_wconf 70' lang='lat' dir='ltr'><strong>lilio</strong></span> <span class='ocrx_word' id='word_1_740' title='bbox 1686 5763 1845 5828; x_wconf 87' lang='lat' dir='ltr'><strong>inita,</strong></span> 
     </span>
    </p>
   </div>
   <div class='ocr_carea' id='block_1_108' title="bbox 241 5837 1845 5914">
    <p class='ocr_par' dir='ltr' id='par_1_108' title="bbox 241 5837 1845 5914">
     <span class='ocr_line' id='line_1_108' title="bbox 241 5837 1845 5914; baseline -0.007 -13"><span class='ocrx_word' id='word_1_741' title='bbox 241 5837 483 5901; x_wconf 75' lang='lat' dir='ltr'><strong>crucem</strong></span> <span class='ocrx_word' id='word_1_742' title='bbox 511 5851 752 5898; x_wconf 85' lang='lat' dir='ltr'><strong>sanctam</strong></span> <span class='ocrx_word' id='word_1_743' title='bbox 771 5837 934 5914; x_wconf 52' lang='lat' dir='ltr'><strong>{quae</strong></span> <span class='ocrx_word' id='word_1_744' title='bbox 959 5842 1009 5896; x_wconf 94' lang='lat' dir='ltr'><strong>in</strong></span> <span class='ocrx_word' id='word_1_745' title='bbox 1043 5842 1312 5898; x_wconf 83' lang='lat' dir='ltr'><strong>Persidem</strong></span> <span class='ocrx_word' id='word_1_746' title='bbox 1341 5838 1513 5895; x_wconf 86' lang='lat' dir='ltr'><strong>delata</strong></span> <span class='ocrx_word' id='word_1_747' title='bbox 1543 5837 1733 5902; x_wconf 85' lang='lat' dir='ltr'><strong>fuerat,</strong></span> <span class='ocrx_word' id='word_1_748' title='bbox 1756 5848 1845 5890; x_wconf 88' lang='lat' dir='ltr'><strong>re-</strong></span> 
     </span>
    </p>
   </div>
   <div class='ocr_carea' id='block_1_109' title="bbox 1958 4765 3539 4846">
    <p class='ocr_par' dir='ltr' id='par_1_109' title="bbox 1958 4765 3539 4846">
     <span class='ocr_line' id='line_1_109' title="bbox 1958 4765 3539 4846; baseline -0.007 -14"><span class='ocrx_word' id='word_1_749' title='bbox 1958 4776 2119 4846; x_wconf 77' lang='lat' dir='ltr'><strong>cepit,</strong></span> <span class='ocrx_word' id='word_1_750' title='bbox 2156 4789 2218 4827; x_wconf 91' lang='lat' dir='ltr'><strong>ac</strong></span> <span class='ocrx_word' id='word_1_751' title='bbox 2264 4771 2489 4846; x_wconf 78' lang='lat' dir='ltr'><strong>solemni</strong></span> <span class='ocrx_word' id='word_1_752' title='bbox 2534 4783 2747 4846; x_wconf 22' lang='lat' dir='ltr'><strong>pompa;</strong></span> <span class='ocrx_word' id='word_1_753' title='bbox 2772 4767 3124 4846; x_wconf 82' lang='lat' dir='ltr'><strong>Jernsnlymis</strong></span> <span class='ocrx_word' id='word_1_754' title='bbox 3173 4765 3424 4846; x_wconf 71' lang='lat' dir='ltr'><strong>restituit.</strong></span> <span class='ocrx_word' id='word_1_755' title='bbox 3458 4765 3539 4821; x_wconf 78' lang='lat' dir='ltr'><strong>De</strong></span> 
     </span>
    </p>
   </div>
   <div class='ocr_carea' id='block_1_110' title="bbox 1956 4837 3540 4930">
    <p class='ocr_par' dir='ltr' id='par_1_110' title="bbox 1956 4837 3540 4930">
     <span class='ocr_line' id='line_1_110' title="bbox 1956 4837 3540 4930; baseline -0.007 -29"><span class='ocrx_word' id='word_1_756' title='bbox 1956 4837 2040 4930; x_wconf 62' lang='lat' dir='ltr'><strong>his</strong></span> <span class='ocrx_word' id='word_1_757' title='bbox 2091 4837 2206 4930; x_wconf 77' lang='lat' dir='ltr'><strong>fuse</strong></span> <span class='ocrx_word' id='word_1_758' title='bbox 2260 4837 2656 4912; x_wconf 82' lang='lat' dir='ltr'><strong>Theophanes,</strong></span> <span class='ocrx_word' id='word_1_759' title='bbox 2707 4837 2999 4894; x_wconf 38' lang='lat' dir='ltr'><strong>Cedreuus’</strong></span> <span class='ocrx_word' id='word_1_760' title='bbox 3036 4848 3091 4891; x_wconf 91' lang='lat' dir='ltr'><strong>et</strong></span> <span class='ocrx_word' id='word_1_761' title='bbox 3142 4837 3233 4889; x_wconf 88' lang='lat' dir='ltr'><strong>alii</strong></span> <span class='ocrx_word' id='word_1_762' title='bbox 3286 4847 3540 4890; x_wconf 86' lang='lat' dir='ltr'><strong>auctores</strong></span> 
     </span>
    </p>
   </div>
   <div class='ocr_carea' id='block_1_111' title="bbox 1956 4920 3525 5045">
    <p class='ocr_par' dir='ltr' id='par_1_111' title="bbox 1956 4920 3525 5045">
     <span class='ocr_line' id='line_1_111' title="bbox 1956 4920 3525 5045; baseline 0.029 -24"><span class='ocrx_word' id='word_1_763' title='bbox 1956 4920 2223 5042; x_wconf 48' lang='grc' dir='ltr'><strong>δ”ἆιὲιάἰμ</strong></span> <span class='ocrx_word' id='word_1_764' title='bbox 2255 4992 2359 5037; x_wconf 82' lang='lat' dir='ltr'><strong>vet.</strong></span> <span class='ocrx_word' id='word_1_765' title='bbox 2392 4992 2447 5037; x_wconf 85' lang='lat' dir='ltr'><strong>et</strong></span> <span class='ocrx_word' id='word_1_766' title='bbox 2489 4981 2649 5035; x_wconf 81' lang='lat' dir='ltr'><strong>Cltcs.</strong></span> <span class='ocrx_word' id='word_1_767' title='bbox 2680 4979 2775 5045; x_wconf 74' lang='lat' dir='ltr'><strong>aL,</strong></span> <span class='ocrx_word' id='word_1_768' title='bbox 2808 4977 3105 5045; x_wconf 53' lang='grc' dir='ltr'><strong>συντείνειβῦ</strong></span> <span class='ocrx_word' id='word_1_769' title='bbox 3138 4988 3236 5035; x_wconf 59' lang='lat' dir='ltr'><strong>se“</strong></span> <span class='ocrx_word' id='word_1_770' title='bbox 3262 4973 3525 5043; x_wconf 48' lang='lat' dir='ltr'><strong>count&quot;</strong></span> 
     </span>
    </p>
   </div>
   <div class='ocr_carea' id='block_1_112' title="bbox 1952 5044 3122 5117">
    <p class='ocr_par' dir='ltr' id='par_1_112' title="bbox 1952 5044 3122 5117">
     <span class='ocr_line' id='line_1_112' title="bbox 1952 5044 3122 5117; baseline -0.014 -1"><span class='ocrx_word' id='word_1_771' title='bbox 1952 5071 2006 5115; x_wconf 87' lang='lat' dir='ltr'><strong>et</strong></span> <span class='ocrx_word' id='word_1_772' title='bbox 2033 5059 2261 5115; x_wconf 84' lang='lat' dir='ltr'><strong>Costrus.</strong></span> <span class='ocrx_word' id='word_1_773' title='bbox 2296 5056 2450 5117; x_wconf 86' lang='lat' dir='ltr'><strong>Boh.,</strong></span> <span class='ocrx_word' id='word_1_774' title='bbox 2478 5052 2744 5112; x_wconf 82' lang='lat' dir='ltr'><strong>Construe,</strong></span> <span class='ocrx_word' id='word_1_775' title='bbox 2779 5058 2833 5101; x_wconf 91' lang='lat' dir='ltr'><strong>et</strong></span> <span class='ocrx_word' id='word_1_776' title='bbox 2857 5048 2935 5117; x_wconf 82' lang='lat' dir='ltr'><strong>sic</strong></span> <span class='ocrx_word' id='word_1_777' title='bbox 2963 5044 3043 5098; x_wconf 89' lang='lat' dir='ltr'><strong>inf</strong></span> <span class='ocrx_word' id='word_1_778' title='bbox 3046 5060 3122 5100; x_wconf 88' lang='lat' dir='ltr'><strong>ra.</strong></span> 
     </span>
    </p>
   </div>
   <div class='ocr_carea' id='block_1_113' title="bbox 2029 5115 3383 5193">
    <p class='ocr_par' dir='ltr' id='par_1_113' title="bbox 2029 5115 3383 5193">
     <span class='ocr_line' id='line_1_113' title="bbox 2029 5115 3383 5193; baseline -0.011 -9"><span class='ocrx_word' id='word_1_779' title='bbox 2029 5140 2053 5167; x_wconf 74' lang='grc' dir='ltr'>θ</span> <span class='ocrx_word' id='word_1_780' title='bbox 2080 5130 2255 5193; x_wconf 76' lang='lat' dir='ltr'><strong>Culh.,</strong></span> <span class='ocrx_word' id='word_1_781' title='bbox 2282 5115 2486 5177; x_wconf 76' lang='lat' dir='ltr'><strong>sumens</strong></span> <span class='ocrx_word' id='word_1_782' title='bbox 2513 5122 2612 5174; x_wconf 78' lang='lat' dir='ltr'><strong>tela</strong></span> <span class='ocrx_word' id='word_1_783' title='bbox 2638 5131 2723 5193; x_wconf 57' lang='lat' dir='ltr'><strong>et;</strong></span> <span class='ocrx_word' id='word_1_784' title='bbox 2751 5119 2823 5193; x_wconf 72' lang='lat' dir='ltr'><strong>al.</strong></span> <span class='ocrx_word' id='word_1_785' title='bbox 2859 5116 3000 5193; x_wconf 44' lang='lat' dir='ltr'><strong>_Etl.,‘</strong></span> <span class='ocrx_word' id='word_1_786' title='bbox 3012 5128 3073 5193; x_wconf 46' lang='lat' dir='ltr'><strong>et</strong></span> <span class='ocrx_word' id='word_1_787' title='bbox 3092 5115 3383 5193; x_wconf 68' lang='lat' dir='ltr'><strong>plrolangis.</strong></span> 
     </span>
    </p>
   </div>
   <div class='ocr_carea' id='block_1_114' title="bbox 2034 5186 3536 5257">
    <p class='ocr_par' dir='ltr' id='par_1_114' title="bbox 2034 5186 3536 5257">
     <span class='ocr_line' id='line_1_114' title="bbox 2034 5186 3536 5257; baseline -0.007 -4"><span class='ocrx_word' id='word_1_788' title='bbox 2034 5199 2052 5237; x_wconf 74' lang='grc' dir='ltr'><strong>ί</strong></span> <span class='ocrx_word' id='word_1_789' title='bbox 2083 5199 2174 5254; x_wconf 88' lang='lat' dir='ltr'><strong>Sic</strong></span> <span class='ocrx_word' id='word_1_790' title='bbox 2200 5186 2375 5255; x_wconf 63' lang='lat' dir='ltr'><strong>Clam,</strong></span> <span class='ocrx_word' id='word_1_791' title='bbox 2410 5193 2525 5247; x_wconf 89' lang='lat' dir='ltr'><strong>Pal.</strong></span> <span class='ocrx_word' id='word_1_792' title='bbox 2568 5200 2620 5243; x_wconf 91' lang='lat' dir='ltr'><strong>et</strong></span> <span class='ocrx_word' id='word_1_793' title='bbox 2649 5189 2805 5243; x_wconf 86' lang='lat' dir='ltr'><strong>Freh.</strong></span> <span class='ocrx_word' id='word_1_794' title='bbox 2858 5187 2912 5257; x_wconf 89' lang='lat' dir='ltr'><strong>In</strong></span> <span class='ocrx_word' id='word_1_795' title='bbox 2961 5186 3115 5257; x_wconf 80' lang='lat' dir='ltr'><strong>Golb.</strong></span> <span class='ocrx_word' id='word_1_796' title='bbox 3150 5188 3345 5241; x_wconf 88' lang='lat' dir='ltr'><strong>detrito</strong></span> <span class='ocrx_word' id='word_1_797' title='bbox 3372 5186 3536 5257; x_wconf 82' lang='lat' dir='ltr'><strong>priori</strong></span> 
     </span>
    </p>
   </div>
   <div class='ocr_carea' id='block_1_115' title="bbox 1954 5256 3539 5353">
    <p class='ocr_par' dir='ltr' id='par_1_115' title="bbox 1954 5256 3539 5333">
     <span class='ocr_line' id='line_1_115' title="bbox 1954 5256 3539 5333; baseline -0.01 -9"><span class='ocrx_word' id='word_1_798' title='bbox 1954 5271 2213 5324; x_wconf 80' lang='lat' dir='ltr'><strong>vocabulo</strong></span> <span class='ocrx_word' id='word_1_799' title='bbox 2240 5266 2495 5333; x_wconf 88' lang='lat' dir='ltr'><strong>scriptum</strong></span> <span class='ocrx_word' id='word_1_800' title='bbox 2518 5269 2603 5316; x_wconf 90' lang='lat' dir='ltr'><strong>est</strong></span> <span class='ocrx_word' id='word_1_801' title='bbox 2622 5275 2812 5315; x_wconf 83' lang='lat' dir='ltr'><strong>ensem.</strong></span> <span class='ocrx_word' id='word_1_802' title='bbox 2840 5256 2941 5313; x_wconf 81' lang='lat' dir='ltr'><strong>Ch.</strong></span> <span class='ocrx_word' id='word_1_803' title='bbox 2973 5256 3045 5311; x_wconf 90' lang='lat' dir='ltr'><strong>al.</strong></span> <span class='ocrx_word' id='word_1_804' title='bbox 3077 5266 3133 5313; x_wconf 91' lang='lat' dir='ltr'><strong>ct</strong></span> <span class='ocrx_word' id='word_1_805' title='bbox 3156 5258 3249 5311; x_wconf 88' lang='lat' dir='ltr'><strong>alii</strong></span> <span class='ocrx_word' id='word_1_806' title='bbox 3270 5256 3394 5323; x_wconf 81' lang='lat' dir='ltr'><strong>Ed.,</strong></span> <span class='ocrx_word' id='word_1_807' title='bbox 3423 5258 3539 5327; x_wconf 70' lang='lat' dir='ltr'><strong>gla-</strong></span> 
     </span>
    </p>
   </div>
   <div class='ocr_carea' id='block_1_116' title="bbox 1955 5342 3541 5473">
    <p class='ocr_par' dir='ltr' id='par_1_116' title="bbox 1955 5342 3541 5473">
     <span class='ocr_line' id='line_1_116' title="bbox 1955 5342 3541 5473; baseline -0.009 -8"><span class='ocrx_word' id='word_1_808' title='bbox 1955 5342 2173 5466; x_wconf 51' lang='lat' dir='ltr'><strong>dulthic</strong></span> <span class='ocrx_word' id='word_1_809' title='bbox 2198 5406 2339 5462; x_wconf 85' lang='lat' dir='ltr'><strong>Clar.</strong></span> <span class='ocrx_word' id='word_1_810' title='bbox 2385 5413 2441 5461; x_wconf 90' lang='lat' dir='ltr'><strong>et</strong></span> <span class='ocrx_word' id='word_1_811' title='bbox 2487 5403 2626 5467; x_wconf 85' lang='lat' dir='ltr'><strong>Col.,</strong></span> <span class='ocrx_word' id='word_1_812' title='bbox 2658 5401 2819 5456; x_wconf 83' lang='lat' dir='ltr'><strong>Ches.</strong></span> <span class='ocrx_word' id='word_1_813' title='bbox 2852 5400 2926 5455; x_wconf 90' lang='lat' dir='ltr'><strong>al.</strong></span> <span class='ocrx_word' id='word_1_814' title='bbox 2965 5410 3020 5454; x_wconf 91' lang='lat' dir='ltr'><strong>et</strong></span> <span class='ocrx_word' id='word_1_815' title='bbox 3066 5400 3269 5473; x_wconf 67' lang='lat' dir='ltr'><strong>caeteri.</strong></span> <span class='ocrx_word' id='word_1_816' title='bbox 3320 5398 3541 5473; x_wconf 71' lang='lat' dir='ltr'><strong>Veteres</strong></span> 
     </span>
    </p>
   </div>
   <div class='ocr_carea' id='block_1_117' title="bbox 1962 5468 3539 5535">
    <p class='ocr_par' dir='ltr' id='par_1_117' title="bbox 1962 5468 3539 5535">
     <span class='ocr_line' id='line_1_117' title="bbox 1962 5468 3539 5535; baseline -0.008 -1"><span class='ocrx_word' id='word_1_817' title='bbox 1962 5480 2059 5535; x_wconf 82' lang='lat' dir='ltr'><strong>Ed.</strong></span> <span class='ocrx_word' id='word_1_818' title='bbox 2082 5470 2299 5534; x_wconf 82' lang='lat' dir='ltr'><strong>incaute</strong></span> <span class='ocrx_word' id='word_1_819' title='bbox 2344 5476 2549 5531; x_wconf 89' lang='lat' dir='ltr'><strong>litteras</strong></span> <span class='ocrx_word' id='word_1_820' title='bbox 2599 5473 2904 5528; x_wconf 84' lang='lat' dir='ltr'><strong>nunierales</strong></span> <span class='ocrx_word' id='word_1_821' title='bbox 2954 5485 3025 5524; x_wconf 86' lang='lat' dir='ltr'><strong>vn</strong></span> <span class='ocrx_word' id='word_1_822' title='bbox 3072 5470 3271 5523; x_wconf 87' lang='lat' dir='ltr'><strong>nomini</strong></span> <span class='ocrx_word' id='word_1_823' title='bbox 3321 5468 3539 5535; x_wconf 84' lang='lat' dir='ltr'><strong>proprio</strong></span> 
     </span>
    </p>
   </div>
   <div class='ocr_carea' id='block_1_118' title="bbox 1954 5536 3538 5620">
    <p class='ocr_par' dir='ltr' id='par_1_118' title="bbox 1954 5536 3538 5620">
     <span class='ocr_line' id='line_1_118' title="bbox 1954 5536 3538 5620; baseline -0.008 -17"><span class='ocrx_word' id='word_1_824' title='bbox 1954 5552 2263 5620; x_wconf 81' lang='lat' dir='ltr'><strong>jungeutes,</strong></span> <span class='ocrx_word' id='word_1_825' title='bbox 2301 5546 2684 5620; x_wconf 71' lang='lat' dir='ltr'><strong>Waltiarniu&#39;s;</strong></span> <span class='ocrx_word' id='word_1_826' title='bbox 2706 5543 2812 5620; x_wconf 76' lang='lat' dir='ltr'><strong>Pal</strong></span> <span class='ocrx_word' id='word_1_827' title='bbox 2832 5580 2870 5620; x_wconf 43' lang='grc' dir='ltr'><strong>ἰ</strong></span> <span class='ocrx_word' id='word_1_828' title='bbox 2884 5557 2937 5620; x_wconf 71' lang='lat' dir='ltr'><strong>tv</strong></span> <span class='ocrx_word' id='word_1_829' title='bbox 2966 5539 3327 5620; x_wconf 40' lang='lat' dir='ltr'><strong>zlﬁltieruitisi</strong></span> <span class='ocrx_word' id='word_1_830' title='bbox 3351 5536 3446 5618; x_wconf 63' lang='lat' dir='ltr'><strong>Ch.</strong></span> <span class='ocrx_word' id='word_1_831' title='bbox 3459 5619 3463 5620; x_wconf 15' lang='grc' dir='ltr'><em>ν</em></span> <span class='ocrx_word' id='word_1_832' title='bbox 3477 5548 3538 5617; x_wconf 75' lang='lat' dir='ltr'><strong>et</strong></span> 
     </span>
    </p>
   </div>
   <div class='ocr_carea' id='block_1_119' title="bbox 1959 5606 3537 5691">
    <p class='ocr_par' dir='ltr' id='par_1_119' title="bbox 1959 5606 3537 5691">
     <span class='ocr_line' id='line_1_119' title="bbox 1959 5606 3537 5691; baseline -0.009 -15"><span class='ocrx_word' id='word_1_833' title='bbox 1959 5606 2144 5691; x_wconf 38' lang='lat' dir='ltr'><strong>heir,</strong></span> <span class='ocrx_word' id='word_1_834' title='bbox 2169 5606 2359 5691; x_wconf 64' lang='lat' dir='ltr'><strong>septem</strong></span> <span class='ocrx_word' id='word_1_835' title='bbox 2403 5617 2633 5691; x_wconf 63' lang='lat' dir='ltr'><strong>Aprilis:</strong></span> <span class='ocrx_word' id='word_1_836' title='bbox 2667 5606 2766 5691; x_wconf 77' lang='lat' dir='ltr'><strong>aL,</strong></span> <span class='ocrx_word' id='word_1_837' title='bbox 2797 5612 2981 5691; x_wconf 63' lang='grc' dir='ltr'><strong>Αἲιίξσ.</strong></span> <span class='ocrx_word' id='word_1_838' title='bbox 3012 5609 3171 5688; x_wconf 51' lang='grc' dir='ltr'>Βοὴς,</span> <span class='ocrx_word' id='word_1_839' title='bbox 3197 5606 3537 5691; x_wconf 67' lang='lat' dir='ltr'><strong>Celtiurnitis.</strong></span> 
     </span>
    </p>
   </div>
   <div class='ocr_carea' id='block_1_120' title="bbox 2025 5679 3539 5754">
    <p class='ocr_par' dir='ltr' id='par_1_120' title="bbox 2025 5679 3539 5754">
     <span class='ocr_line' id='line_1_120' title="bbox 2025 5679 3539 5754; baseline -0.012 -7"><span class='ocrx_word' id='word_1_840' title='bbox 2025 5690 2053 5728; x_wconf 68' lang='grc' dir='ltr'>ιι</span> <span class='ocrx_word' id='word_1_841' title='bbox 2087 5679 2234 5746; x_wconf 68' lang='grc' dir='ltr'><strong>Εὲιιιί</strong></span> <span class='ocrx_word' id='word_1_842' title='bbox 2272 5704 2393 5745; x_wconf 84' lang='lat' dir='ltr'><strong>cum</strong></span> <span class='ocrx_word' id='word_1_843' title='bbox 2438 5688 2619 5754; x_wconf 80' lang='lat' dir='ltr'><strong>Colb.,</strong></span> <span class='ocrx_word' id='word_1_844' title='bbox 2673 5686 2840 5738; x_wconf 74' lang='lat' dir='ltr'><strong>denuo</strong></span> <span class='ocrx_word' id='word_1_845' title='bbox 2888 5679 3078 5734; x_wconf 82' lang='lat' dir='ltr'><strong>Persas</strong></span> <span class='ocrx_word' id='word_1_846' title='bbox 3120 5679 3401 5747; x_wconf 75' lang='lat' dir='ltr'><strong>imperator</strong></span> <span class='ocrx_word' id='word_1_847' title='bbox 3447 5692 3539 5730; x_wconf 83' lang='lat' dir='ltr'><strong>su-</strong></span> 
     </span>
    </p>
   </div>
   <div class='ocr_carea' id='block_1_121' title="bbox 1961 5776 3542 5895">
    <p class='ocr_par' dir='ltr' id='par_1_121' title="bbox 1961 5776 3542 5895">
     <span class='ocr_line' id='line_1_121' title="bbox 1961 5776 3542 5895; baseline 0.048 -28"><span class='ocrx_word' id='word_1_848' title='bbox 1961 5776 2223 5888; x_wconf 63' lang='lat' dir='ltr'><strong>peiaidem</strong></span> <span class='ocrx_word' id='word_1_849' title='bbox 2256 5827 2455 5887; x_wconf 86' lang='lat' dir='ltr'><strong>fecerat</strong></span> <span class='ocrx_word' id='word_1_850' title='bbox 2483 5822 2817 5895; x_wconf 64' lang='lat' dir='ltr'><strong>CliilW’icus</strong></span> <span class='ocrx_word' id='word_1_851' title='bbox 2842 5836 2906 5877; x_wconf 69' lang='grc'><strong>⁸⁸</strong></span> <span class='ocrx_word' id='word_1_852' title='bbox 2946 5818 3167 5889; x_wconf 52' lang='lat' dir='ltr'><strong>auso&quot;</strong></span> <span class='ocrx_word' id='word_1_853' title='bbox 3194 5817 3290 5877; x_wconf 54' lang='lat' dir='ltr'><strong>lib.</strong></span> <span class='ocrx_word' id='word_1_854' title='bbox 3322 5832 3400 5887; x_wconf 40' lang='grc' dir='ltr'><strong>νὴ</strong></span> <span class='ocrx_word' id='word_1_855' title='bbox 3421 5829 3542 5889; x_wconf 42' lang='grc' dir='ltr'><strong>αφ</strong></span> 
     </span>
    </p>
   </div>
  </div>
