3982 6346
423 425 524 486 δι’]

1594 403 2015 466 FREDEGARll
2056 404 2503 463 SCHOL.\STICI

3590 401 3694 458 648

427 539 698 604 decrevit;
729 534 1008 604 ignorabat
1033 530 1181 589 enim
1201 528 1344 586 unde
1374 527 1488 582 haec
1513 525 1790 580 calamitas
1816 532 2005 578 contra
2037 532 2082 584 Α
2114 520 2304 574 finivit.
2328 516 2426 572 Cui
2456 511 2715 572 successit
2737 513 2788 567 in
2821 511 3028 583 imperii
3057 499 3282 582 gradum
3311 512 3693 570 Constantinus

429 630 712 702 imperium
739 636 1005 698 surgeret.

505 727 684 784 LXVI.
745 725 1010 795 Agat-eui,
1043 723 1132 793 qui
1189 731 1244 777 et
1285 717 1592 781 Sarraceni,
1639 717 1780 770 sicut
1835 713 2010 767 Orosii

432 819 585 888 [Βοὴ.
614 815 840 886 Eorosii]
867 817 998 871 liber
1035 823 1279 878 testatur,
1311 824 1444 880 gens
1463 808 1774 863 circumcisa
1797 819 1825 858 a
1850 806 2014 857 latere

434 909 631 963 montis
677 905 922 971 Caucasi,
951 919 1113 972 super
1163 917 1310 957 mare
1359 898 1637 968 Caspium,
1670 907 1888 957 terram,
1921 892 2016 946 lir-

431 1003 587 1056 colitn
612 1010 637 1038 ιι
668 1009 1022 1070 cognomento
1043 1039 1057 1062 ,
1087 996 1198 1066 jam
1247 996 1372 1049 olim
1403 993 1779 1057 consedentes,
1811 1005 1931 1045 cuin
1963 989 2014 1043 in

436 1092 596 1144 nimia
631 1089 966 1155 multitudine
1011 1087 1342 1147 crevissent.
1376 1084 1590 1138 tandem
1620 1098 1766 1136 arma
1794 1097 2014 1136 sumen-

436 1191 548 1246 tes,
579 1180 881 1247 provincias
931 1178 1160 1254 lleraclii
1210 1175 1548 1242 imperatoris
1601 1172 1668 1226 ad
1702 1173 2016 1227 vastandum

435 1275 644 1326 irruunt
668 1286 684 1325 :
705 1279 889 1326 contra
930 1285 1064 1338 quos
1094 1257 1371 1323 Heraclias
1416 1266 1614 1320 milites
1641 1263 1807 1335 650
1835 1263 1900 1320 ad
1933 1279 2019 1316 re-

438 1363 732 1418 siSteiidum
765 1362 982 1416 direxit.
1011 1359 1254 1429 Cumque
1288 1355 1518 1426 praeliari
1549 1358 1859 1424 cmpissent,
1893 1356 2014 1407 Sar-

440 1457 625 1510 raceni
653 1455 852 1509 milites
880 1461 1157 1522 superant,
1188 1464 1388 1518 eosque
1439 1447 1620 1519 gladio
1648 1446 1882 1516 graviter
1913 1455 1994 1498 tru

439 1547 642 1602 cidant.
693 1552 885 1601 Fertur
924 1545 978 1598 iu
1029 1559 1096 1597 eo
1145 1541 1330 1610 prmlio
1376 1551 1592 1594 centum
1638 1536 2021 1606 quinquaginta

442 1638 604 1694 millia
637 1637 862 1692 militum
896 1653 926 1690 a
953 1632 1264 1698 Sarraceuis
1305 1631 1474 1686 fuisse
1504 1628 1806 1684 interfecta.
1835 1627 2020 1694 Spolia

440 1743 624 1782 eorum
674 1725 952 1781 Sarraceni
1012 1739 1106 1791 per
1157 1721 1368 1790 legatos
1419 1720 1666 1775 Heraclio
1719 1718 2024 1786 recipienda

441 1818 691 1873 offerunt.
726 1815 997 1870 ileraclius
1038 1813 1258 1882 cupiens
1304 1826 1465 1879 super
1493 1811 1822 1866 Sarracenos
1851 1809 2010 1864 viridi.

2115 612 2256 666 ﬁlius
2285 609 2435 678 ejus,
2465 607 2619 676 cujus
2645 615 2888 673 tempore
2918 617 3042 674 pars
3085 604 3297 674 publica
3326 618 3357 660 a
3383 604 3695 682 Sarracenis

2113 705 2335 759 nimium
2364 709 2619 756 vastatur.

2191 792 2295 848 AN.
2327 808 2528 847 pcxxx.
2561 817 2629 828 —-
2675 788 2884 843 LXVII.
2917 789 3073 842 Antio
3104 788 3136 842 9
3167 797 3190 825 ο
3223 787 3530 858 Dagoberti,
3563 788 3700 842 Clia-

2115 884 2344 940 ribcrtus
2366 897 2456 936 rex
2479 880 2722 944 moritur,
2754 880 3062 946 relinquens
3094 877 3259 932 lilium
3287 879 3585 946 parvulum,
3615 894 3702 931 nu-

2117 975 2259 1031 mine
2313 970 2678 1041 Cbilpericum
2708 1009 2723 1034 ,
2753 968 2844 1037 qui
2877 983 2977 1022 nec
3015 978 3136 1036 post
3183 982 3388 1022 moram
3422 965 3702 1022 defunctus

2117 1075 2202 1122 est
2258 1081 2272 1118 :
2328 1063 2498 1118 fertur
2545 1061 2780 1116 factione
2829 1058 3111 1126 Dagoberti
3163 1057 3328 1113 fuisse
3367 1060 3696 1114 interfectus.

2129 1158 2301 1212 Omne
2325 1168 2544 1220 regnum
2568 1150 2888 1216 Cliariberti,
2916 1164 3019 1203 una
3043 1163 3166 1203 cum
3194 1148 3502 1217 Wasconia,
3533 1149 3701 1218 Dago-

2120 1248 2303 1303 bertus
2341 1255 2578 1312 protinus
2605 1258 2717 1297 sum
2745 1241 2936 1296 ditloiii
2967 1241 3160 1311 redigit
3204 1258 3220 1296 :
3265 1243 3547 1295 thesauros
3572 1256 3703 1309 quo-

2121 1359 2224 1414 que
2253 1341 2548 1397 Chariberti
2598 1339 2832 1392 Barouio
2861 1338 2981 1391 duci
3031 1335 3048 1375 ί
3099 1335 3473 1391 adducendum
3517 1344 3574 1389 et
3603 1335 3699 1388 sibi

2125 1434 2552 1492 ui'azseutandum
2578 1432 2796 1488 direxit.
2831 1431 2983 1486 Unde
3015 1431 3278 1484 Barontus
3306 1443 3469 1499 grave
3493 1429 3704 1497 dispen-

2123 1530 2271 1584 dium
2300 1527 2492 1588 fecisse
2520 1522 2876 1592 dignoscitur,
2904 1536 3007 1576 una
3037 1535 3158 1575 cuin
3192 1518 3542 1576 tbesaurariis
3573 1518 3704 1590 ιΑι..

2127 1615 2415 1688 thesauris]
2483 1615 2704 1680 faciens,
2736 1615 2959 1670 nimium
2981 1613 3177 1670 exinde
3201 1613 3566 1668 fraudulenter
3593 1612 3696 1668 sub

2127 1721 2431 1861 ψίὲἦιιι.
2475 1802 2554 1858 Eo
2579 1815 2721 1855 anno
2747 1792 2922 1854 Scluvi
2941 1840 2958 1864 ,
2988 1809 3347 1870 cognomento
3377 1797 3575 1853 Winidi
3596 1838 3612 1864 ,
3657 1797 3708 1852 in

441 1922 602 1972 ctam,
636 1907 764 1961 nihil
792 1906 860 1960 ab
890 1906 972 1960 his
1001 1905 1244 1971 recipere
1271 1903 1461 1958 voluit.
1495 1903 1837 1973 ,Congregata
1869 1903 2023 1957 undi-
2055 1899 2100 1959 Β
2126 1911 2293 1967 regno
2334 1895 2586 1953 Samonis
2613 1893 2973 1964 negotiantes,
3023 1891 3352 1948 Francorum
3392 1907 3511 1946 cum
3545 1892 3709 1960 pluri-

442 2017 544 2068 que
565 2001 630 2054 de
651 1998 914 2053 universis
939 1997 1232 2066 provinciis
1260 1995 1472 2063 imperii
1494 1996 1663 2050 nimia
1685 1994 2024 2056 multitudine

444 2091 706 2155 militum,
762 2088 1126 2143 transmittens
1209 2085 1489 2141 Heraclius
1553 2085 1874 2154 legationem
1956 2084 2023 2138 ad

447 2180 634 2236 l'ortas
683 2180 905 2247 Caspias
936 2177 987 2244 ιι,
1019 2192 1154 2247 quas
1195 2175 1496 2232 Alexander
1534 2175 1758 2246 Magnus
1801 2175 2026 2230 Macedo

445 2287 605 2338 Hlpel‘
634 2286 781 2325 mare
813 2268 1066 2338 Caspium
1096 2282 1266 2323 aereas
1297 2265 1412 2322 fieri
1449 2276 1506 2322 et
1532 2280 1744 2322 serrare
1770 2267 2022 2335 iusserat,

447 2375 666 2434 propter
711 2363 1112 2417 inundationem
1158 2360 1394 2429 gentium
1441 2358 1880 2424 szevissimarum,
1909 2373 2026 2426 quae

447 2456 583 2508 ultra
628 2461 862 2506 montem
895 2452 1119 2507 Caucasi
1167 2450 1418 2504 culminis
1450 2449 1782 2514 habitabant,
1809 2448 2026 2503 easdem

448 2554 630 2616 portas
674 2545 950 2599 ileraelius
997 2543 1206 2614 aperire
1254 2543 1526 2611 praecepit,
1556 2543 1784 2610 indeque
1809 2551 2040 2598 centum

447 2638 827 2708 quinquaginta
878 2636 1045 2690 millia
1091 2643 1444 2704 pugnatorum
1471 2649 1706 2703 auroque
1733 2637 2028 2690 locatorum

448 2729 656 2782 auxilio
684 2742 782 2782 suo
808 2737 995 2782 contra
1024 2724 1356 2781 Sarracenos
1372 2723 1437 2779 ad
1461 2724 1812 2794 praeliandum
1841 2724 2026 2779 mittit.

449 2820 731 2876 Sarraceni
784 2818 924 2872 duos
985 2818 1244 2874 habentes
1291 2815 1594 2886 principes,
1645 2815 1873 2871 ducenta
1917 2815 2032 2872 fere

450 2910 614 2964 iniitia
637 2918 811 2964 erant.
841 2909 1084 2978 Cumque
1105 2916 1282 2963 castra
1307 2921 1407 2962 nec
1429 2907 1615 2976 procul
1637 2908 1776 2962 inter
1795 2921 1855 2962 se
1877 2921 2032 2963 exer-

449 3002 588 3054 riuis
616 3009 838 3068 uterque
870 2997 1194 3068 posuissent,
1226 2997 1300 3052 ita
1330 3006 1388 3052 ut
1429 2997 1484 3051 in
1510 2999 1801 3060 crastinum
1831 2998 2030 3052 bellum

452 3091 666 3156 inirent,
693 3090 1061 3158 contiigentes,
1088 3087 1273 3144 eadem
1304 3094 1459 3141 nocte
1479 3085 1656 3156 gladio
1683 3087 1772 3140 Dei
1805 3086 2034 3142 lleraclii

453 3182 719 3238 exercitus
769 3183 1078 3250 percutitur.
1107 3179 1166 3235 In
1201 3183 1397 3236 castris
1422 3179 1802 3250 quinquaginta
1833 3189 1887 3234 et
1925 3179 2032 3234 duo

2125 2005 2268 2045 mam
2299 1987 2688 2043 multitudinem
2723 1983 3112 2038 interfecissent
3140 1994 3196 2038 et
3217 1984 3375 2037 rebus
3407 1983 3706 2052 exspolias-

2125 2091 2266 2147 sent,
2303 2081 2402 2132 hoc
2451 2077 2551 2131 fuit
2593 2078 2795 2128 initium
2831 2074 3067 2128 scandali
3109 2065 3247 2128 inter
3275 2074 3631 2140 Dagobertum
3659 2082 3711 2128 et

2124 2169 2412 2225 Samoneiii
2445 2181 2628 2235 regem
2666 2163 3042 2219 Selnviuorum
3072 2172 3121 2217 Β.
3147 2163 3498 2232 Dirigensque
3539 2163 3711 2231 Dago-

2127 2261 2306 2313 bertus
2329 2255 2632 2312 Siehai-iuiu
2656 2254 2970 2323 legatarium
3001 2253 3069 2307 ad
3090 2254 3398 2320 Samonem,
3435 2263 3620 2322 petens
3651 2264 3708 2307 ut

2128 2350 2462 2418 iiegotiautrs
2489 2361 2624 2416 quos
2652 2348 2731 2400 sui
2779 2344 3192 2410 interfecerant,
3233 2355 3282 2399 et
3315 2360 3402 2399 res
3433 2359 3564 2413 quas
3609 2346 3681 2398 illi

2127 2442 2230 2498 cite
2272 2447 2662 2508 usurpaverant
2716 2454 2837 2512 cuin
2887 2437 3094 2507 jnstitia
3142 2436 3341 2489 faceret
3388 2434 3710 2488 emendare-

2127 2535 2291 2592 Samo
2321 2535 2526 2590 nolens
2563 2532 2861 2587 Sichariuni
2905 2531 3086 2584 videre
3107 2571 3120 2594 ,
3161 2542 3262 2583 nec
3287 2527 3353 2581 ad
3382 2543 3442 2582 se
3470 2543 3591 2580 eum
3618 2542 3714 2580 ve-

2134 2629 2252 2684 nire
2285 2629 2646 2698 permitti-ret;
2697 2626 2968 2682 Sicharius
2996 2634 3169 2678 vestes
3197 2622 3412 2676 indutus
3452 2620 3519 2674 ad
3549 2620 3715 2674 instar

2129 2721 2495 2778 Sclavinorum
2545 2713 2575 2755 ιι
2619 2731 2740 2772 cum
2779 2715 2892 2771 suis
2938 2715 3007 2769 ad
3048 2723 3394 2782 COIiSpeCluln
3446 2710 3713 2780 pervenit,

2133 2811 2350 2868 Sainoni
2399 2810 2646 2865 universa
2693 2823 2812 2878 qua:
2856 2807 3087 2876 iniuncta
3143 2805 3378 2860 habebat
3429 2803 3714 2858 nuntiavit.

2135 2903 2242 2959 Sed
2276 2911 2336 2958 ut
2364 2901 2521 2957 habet
2551 2899 2820 2970 gentilitas
2851 2907 2908 2954 ct
2934 2896 3181 2965 superbia
3223 2909 3507 2964 pravorum
3534 2933 3548 2957 ,
3583 2893 3715 2947 nihil

2137 3011 2170 3050 a
2200 2994 2434 3051 Samone
2472 3007 2590 3062 quae
2619 2992 2700 3046 sui
2739 2991 3069 3044 adiiiiSeraiit
3097 2997 3179 3042 est
3220 2980 3580 3048 emendatum,
3613 2984 3716 3039 nisi

2138 3095 2344 3140 tantum
2377 3084 2569 3154 placita
2598 3083 2798 3146 vellens
2829 3081 3110 3135 instituere
3135 3118 3150 3144 ,
3184 3079 3258 3132 uti
3281 3077 3351 3133 de
3397 3077 3478 3132 liis
3514 3084 3570 3131 et
3597 3075 3716 3130 aliis

2138 3175 2562 3239 intentionibus,
2614 3189 2731 3243 quae
2773 3174 2912 3228 inter
2948 3170 3044 3224 has
3085 3179 3268 3238 partes
3313 3177 3444 3223 ortae
3484 3169 3717 3234 fuerant,

457 3284 480 3312 ο
519 3275 686 3332 millia
717 3289 781 3328 ex
811 3273 1068 3342 militibus
1097 3274 1324 3329 lleraclii
1359 3274 1408 3327 in
1437 3282 1608 3328 stratu
1653 3275 1843 3327 mortui
1873 3285 2024 3328 sunt:
2061 3262 2106 3324 C
2132 3266 2334 3334 iustitia
2368 3265 2685 3319 redderetur
2715 3263 2766 3316 in
2791 3261 3040 3316 invicem.
3091 3259 3384 3322 Sicliarius,
3407 3257 3543 3312 sicut
3575 3258 3717 3312 stul-

451 3381 682 3434 cumque
722 3366 774 3420 in
817 3367 1052 3422 crastino
1092 3366 1354 3420 deberent
1401 3367 1466 3418 ad
1518 3366 1758 3434 praelium
1805 3362 2028 3434 egredi,

449 3467 733 3512 cernentes
765 3471 947 3511 eorum
981 3458 1248 3512 exercitus
1280 3456 1476 3510 milites
1507 3465 1709 3524 partem
1741 3456 2030 3510 maximam

449 3550 632 3601 uivino
654 3548 858 3619 judicio
888 3531 1246 3616 interfectam,
1279 3547 1535 3602 adversus
1579 3546 1904 3601 Sarracenos
1933 3561 2033 3604 nec

449 3633 720 3700 ansi3sunt
765 3639 900 3690 inire
946 3636 1209 3705 praelium.
1244 3636 1538 3705 Regressus
1564 3636 2032 3704 omnis_exercitus

453 3731 684 3784 lleraclii
713 3729 779 3782 ad
811 3729 1052 3797 proprias
1081 3728 1267 3794 sedes,
1302 3728 1582 3783 Sarraceni
1614 3744 1764 3784 more
1789 3745 1896 3800 quo
1922 3743 2034 3786 cae-

453 3831 665 3889 perant,
697 3819 997 3888 provincias
1030 3819 1260 3873 lleraclii
1308 3819 1645 3888 imperatoris
1688 3823 1904 3879 assidue
1937 3839 2032 3875 va-

455 3919 599 3963 stare
640 3909 950 3980 pergebant.
981 3909 1142 3972 Cum
1189 3907 1299 3978 jam
1341 3909 1765 3982 Hierosolymam
1816 3914 2032 3982 propin-

454 4007 728 4067 quassent,
754 3999 1029 4054 Hcraclius
1054 3999 1237 4055 videns
1259 4000 1398 4070 quod
1421 4016 1605 4055 eorum
1634 4003 1902 4058 violentiae
1928 4020 2035 4058 non

457 4088 718 4156 potuisset
759 4090 1009 4143 resistere
1035 4132 1050 4150 ,
1095 4089 1261 4143 nimia
1310 4089 1666 4145 amaritudine
1705 4099 1760 4148 et
1802 4107 2036 4147 mmrore

455 4187 721 4246 arreptus,
754 4179 933 4234 infelix
966 4179 1311 4252 Eutycianam
1345 4181 1590 4235 limresiui
1609 4180 1720 4250 jam
1743 4191 1957 4237 sectans
1977 4182 2030 4249 ά,

454 4268 653 4323 Christi
682 4272 880 4325 cultum
911 4271 1237 4349 relinquens,
1271 4270 1474 4326 habens
1502 4288 1722 4340 uxorem
1760 4274 1918 4328 tiliam
1945 4290 2032 4330 so-

463 4362 604 4417 roris
647 4377 779 4428 sum,
810 4361 968 4434 64],
997 4378 1026 4417 a
1068 4363 1214 4418 febre
1257 4375 1481 4419 vexatus
1529 4365 1818 4420 crudeliter
1872 4368 2032 4421 vitam

2137 3367 2221 3412 tus
2249 3360 2482 3426 legatus,
2523 3357 2682 3410 verba
2716 3352 3020 3422 improperii
3069 3366 3190 3420 qua:
3223 3349 3462 3424 iniuncta
3493 3365 3596 3403 non
3625 3352 3720 3402 ba—

2136 3450 2346 3514 buerat,
2377 3459 2433 3504 et
2476 3446 2650 3504 minas
2693 3446 2952 3502 adversus
2999 3445 3293 3519 'Samonem
3353 3444 3606 3511 loquitur,
3652 3459 3721 3497 eo

2135 3541 2279 3612 qund
2311 3542 2477 3596 Samo
2504 3548 2560 3592 et
2581 3537 2809 3608 populus
2840 3536 2987 3607 regni
3010 3537 3093 3590 sui
3127 3535 3426 3604 Dagoberto
3456 3534 3720 3588 deberent

2134 3633 2438 3692 servitium.
2461 3633 2622 3688 Samo
2647 3630 2976 3700 reapondens
2993 3630 3102 3699 jam
3129 3628 3340 3683 saueius
3366 3627 3556 3700 [Clar.,
3585 3642 3723 3682 eam

2135 3729 2271 3801 eius]
2321 3729 2454 3784 dixit
2497 3745 2511 3782 :
2563 3726 2724 3798 6&2
2764 3724 2830 3781 Et
2860 3735 3055 3781 terram
3084 3739 3241 3793 quam
3274 3723 3527 3780 habemus
3550 3721 3724 3790 Dago~

2139 3820 2276 3876 berti
2303 3829 2404 3885 est,
2433 3830 2484 3874 et
2511 3813 2614 3874 nos
2646 3817 2728 3872 sui
2757 3831 2942 3872 sumus
2962 3856 2980 3884 ,
3019 3815 3068 3869 si
3099 3823 3277 3869 tamen
3308 3813 3580 3867 nobiscum
3607 3809 3724 3865 dis-

2139 3912 2379 3982 posuerit
2434 3909 2697 3964 amicitias
2749 3921 3096 3963 conscrvare.
3155 3906 3430 3961 Sicharius
3487 3904 3722 3982 dicens:

2137 4006 2252 4070 Non
2282 4012 2365 4060 est
2394 4001 2672 4072 possibile,
2703 4009 2759 4055 ut
2783 3998 3073 4054 Christiani
3103 3999 3194 4053 Dei
3228 3999 3370 4053 servi
3410 4011 3530 4052 eum
3565 3995 3722 4050 cani-

2144 4097 2243 4150 bus
2281 4094 2548 4150 amicitias
2594 4092 2858 4148 collocare
2904 4092 3129 4162 possint,
3171 4091 3332 4146 Samo
3377 4105 3408 4146 e
3454 4088 3724 4144 contrario

2138 4189 2272 4243 dixit
2298 4207 2310 4240 :
2345 4188 2400 4243 Si
2429 4201 2522 4242 vos
2541 4187 2670 4241 estis
2694 4185 2785 4240 Dei
2808 4183 2974 4260 servi,
3002 4194 3056 4239 et
3081 4197 3180 4238 nos
3205 4197 3389 4240 sumus
3418 4183 3511 4238 Dei
3535 4197 3728 4250 canes,"

2139 4281 2265 4332 dum
2300 4292 2394 4331 vos
2419 4277 2636 4332 assidue
2663 4285 2848 4331 contra
2877 4275 3050 4348 ipsum
3079 4283 3258 4346 agitis,
3280 4290 3378 4328 nos
3400 4276 3724 4342 permissum

2142 4365 2450 4438 accepimus
2481 4384 2576 4424 vos
2599 4369 2864 4425 morsibus
2888 4368 3146 4423 lacerare.
3183 4369 3399 4437 Ejectus
3428 4378 3512 4422 est
3534 4369 3725 4423 S'elia-

461 4477 545 4530 l7.
598 4478 669 4530 De
700 4485 798 4531 hac
831 4491 888 4531 re
919 4477 1070 4543 plura
1100 4477 1152 4530 in
1194 4489 1474 4545 utramque
1512 4492 1714 4539 partem
1763 4493 2027 4545 scripsere
2063 4485 2112 4545 ι)
2141 4497 2298 4536 unam
2332 4480 2616 4535 conflatam
2645 4488 2891 4534 naturain
2922 4477 3259 4544 admittebat,
3281 4480 3366 4534 illa
3393 4483 3601 4534 unicam
3628 4498 3724 4535 vo-

458 4547 582 4600 Joli.
617 4546 885 4599 [nuncius
913 4556 967 4599 et
996 4548 1055 4600 P.
1087 4545 1214 4599 Joli.
1244 4547 1444 4600 Nieolai
1491 4546 1886 4602 Dominicaiius.

534 4625 558 4649 ἰ
590 4615 738 4667 Colb.
768 4621 822 4667 et
852 4613 988 4666 Editi
1028 4615 1245 4679 aliquot,
1283 4613 1548 4667 Ercolriw.
1597 4616 1724 4676 Alii,
1769 4615 2026 4671 Ilercolei'.

459 4683 744 4738 inferiores
763 4681 986 4753 Caucasi
1010 4692 1184 4750 partes
1206 4682 1375 4738 Cohcé
1395 4684 1654 4753 regionem
1673 4686 1842 4741 dictas
1867 4688 2031 4743 fuisse

465 4755 656 4816 legitur
674 4751 812 4819 apud
834 4753 1118 4806 Urtclium.

532 4822 559 4860 ιθ
587 4821 763 4897 (Suilii.
783 4822 923 4897 Clar,
944 4832 999 4897 et
1021 4820 1196 4897 Colb_.,
1221 4821 1452 4892 Cispt'as;
1483 4824 1641 4878 Frch.
1657 4828 1754 4889 aL,
1781 4825 2028 4897 Cispium.

463 4890 1225 4966 Mavult_Plinius__Caucasias
1277 4890 1461 4966 portas
1494 4898 1782 4963 appellari:
1817 4890 1936 4966 quae
1979 4908 2033 4952 et

461 4964 604 5034 Pylae
649 4961 831 5016 Iberia:
875 4961 1145 5027 dicuntur,
1178 4979 1283 5034 non
1328 4965 1467 5031 quod
1518 4961 1585 5019 ibi
1638 4979 1803 5031 portae
1834 4961 1890 5020 re
1917 4968 2030 5034 ipsa

463 5033 688 5095 fuci-int,
716 5047 1020 5100 quanquam
1057 5041 1110 5086 et
1147 5033 1214 5086 ab
1245 5035 1432 5088 incolis
1475 5035 1717 5090 dicantur
1747 5038 1902 5090 Porta
1932 5033 2034 5092 fur-

464 5102 706 5180 rea,.sed
737 5102 900 5180 _quod
949 5104 1106 5180 locus
1141 5103 1276 5157 adeo
1320 5105 1394 5180 sit
1438 5119 1726 5180 angustus,
1760 5118 1814 5161 nt
1859 5108 2037 5175 quivis

469 5171 706 5250 hostium
735 5171 962 5238 impetus
989 5172 1144 5226 facile
1172 5173 1384 5226 retundi
1414 5171 1604 5250 possit.
1631 5177 1817 5250 Aditus
1847 5171 2039 5245 nempe

465 5244 680 5292 nonnisi
709 5250 1062 5295 trecentorum
1092 5257 1338 5311 passuum
1369 5245 1540 5312 Spaiio
1570 5248 1710 5298 inter
1733 5244 2037 5300 Caucasum

468 5320 709 5383 montem
737 5321 787 5364 et
821 5325 965 5365 mare
995 5312 1313 5383 Hircaneum
1344 5324 1506 5381 patet,
1542 5317 1886 5383 immutetque
1915 5317 2039 5370 valli

464 5381 740 5455 castellum
776 5383 825 5434 in
869 5397 998 5449 rupe
1037 5382 1292 5455 Cumanis
1331 5386 1582 5455 positum.
1634 5386 1702 5436 ibi
1754 5381 1880 5438 urbs
1923 5397 2029 5454 est,

465 5450 759 5524 iiariiiastis
786 5456 1023 5524 nomine,
1059 5469 1218 5520 quam
1263 5450 1502 5524 Derbeut,
1537 5453 1586 5505 id
1629 5467 1709 5505 est
1750 5450 2034 5524 Angustias

464 5522 750 5586 appellant,
783 5522 969 5576 Turcis
1004 5523 1198 5587 Demir,
1223 5538 1316 5575 seu
1349 5522 1519 5575 Temi'r
1550 5525 1683 5589 Capi.

502 5657 514 5710 Ι
538 5602 558 5627 ο
588 5591 773 5710 Ehem,
799 5592 986 5656 Freh.,
1003 5593 1370 5660 quinquaginta
1393 5593 1611 5662 quinque
1631 5594 1814 5646 millia.
1835 5594 2033 5650 (Σιιθειι.

525 5696 562 5710 ..
649 5676 678 5710 e
731 5675 823 5710 ut.

465 5671 562 5722 8L,
597 5675 628 5712 L
649 5672 702 5716 Cl
731 5675 823 5716 ιιι.

537 5729 559 5763 d
592 5729 1057 5803 ῃηιιυιιμςιὶιπυιη
1115 5729 1361 5803 haeresim
1405 5731 1655 5803 tuebatur
1717 5733 2033 5803 lleraclius,

466 5809 582 5850 nua:
613 5799 952 5854 EuLycliianae
980 5798 1192 5853 soboles
1221 5811 1355 5854 erat.
1402 5801 1524 5856 [VL-ee
1549 5817 1742 5871 nempe
1768 5823 1798 5858 e
1826 5798 2034 5862 duabus

2139 4554 2419 4607 luniatein.
2467 4551 2614 4605 Hanc
2665 4549 2878 4618 publico
2911 4550 3087 4604 edis-to
3139 4547 3397 4604 Ectliesi'm
3426 4552 3718 4618 appellant,

2143 4627 2392 4677 omnibus
2424 4621 2703 4674 tenendam
2737 4634 3034 4687 proponere
3062 4622 3260 4674 veritus
3291 4635 3392 4674 non
3425 4630 3527 4674 est.
3558 4621 3726 4674 llera-

2138 4695 2243 4748 clio
2275 4692 2406 4759 patri
2441 4699 2704 4743 successit
2731 4690 3116 4743 Constantinus
3139 4692 3442 4744 catholicus
3473 4706 3562 4744 an.
3588 4691 3721 4746 641.

2141 4764 2214 4816 lie
2267 4761 2510 4816 cladibus
2542 4773 2668 4814 vero
2697 4765 2795 4829 per‘
2821 4760 3147 4814 Sarracenos
3195 4764 3353 4814 illatis
3373 4800 3387 4825 ,
3417 4764 3505 4830 qui
3535 4761 3724 4815 Muli-a-

2139 4833 2308 4886 medi»
2336 4847 2431 4884 seu
2463 4831 2800 4890 alahometis,
2846 4845 2935 4884 an.
2968 4829 3094 4896 651,
3128 4830 3278 4899 regni
3309 4832 3392 4884 sui
3424 4846 3585 4899 super
3616 4834 3724 4886 ali-

2137 4911 2270 4970 quot
2326 4901 2525 4954 Arabes
2571 4915 2713 4970 nono
2763 4899 3036 4966 defuncti,
3071 4901 3346 4969 discipulis
3386 4900 3559 4970 juncti
3610 4917 3722 4957 non

2139 4969 2316 5025 minus
2344 4971 2453 5024 Deo
2480 4986 2637 5036 quain
2662 4969 2967 5024 hominibus
2989 4971 3186 5025 bellum
3213 4969 3539 5039 inditeruiit,
3567 4974 3724 5038 plura

2135 5041 2333 5096 videsis
2374 5043 2513 5108 apud
2546 5040 2922 5106 'l‘heOplianeni
2944 5081 2958 5104 ,
2990 5041 3346 5110 Nicephorum
3374 5053 3428 5094 et
3470 5051 3723 5096 caeteros.

2137 5110 2303 5188 Nemo
2343 5110 2515 5163 nescit
2565 5119 2830 5188 quantum
2874 5111 2951 5165 illi
3001 5109 3212 5167 barbari
3257 5127 3353 5182 per
3403 5113 3723 5169 universum

2138 5180 2318 5235 orbem
2353 5191 2532 5246 postea
2561 5179 2832 5249 propagati
2861 5195 2989 5235 suit.

2223 5260 2245 5285 θ
2291 5249 2475 5308 Freli.,
2507 5265 2640 5302 anno
2672 5259 2866 5302 octavo.

2217 5315 2238 5356 ί
2285 5321 2403 5381 Alii,
2436 5317 2726 5371 Barontnm
2755 5319 2964 5385 ducem;
2993 5320 3107 5384 alii,
3139 5317 3368 5374 Baronto
3397 5322 3524 5376 duce
3549 5325 3664 5378 sibi.

2212 5400 2235 5435 ε
2275 5389 2365 5444 Sic
2390 5387 2560 5454 Clam,
2591 5389 2729 5462 quod
2756 5399 2810 5443 et
2830 5391 3012 5445 caeteri
3038 5392 3236 5446 habent
3264 5388 3591 5462 frequentius
3631 5396 3725 5448 iu-

2139 5461 2252 5523 fi'a;
2287 5461 2370 5512 hic
2398 5475 2546 5522 vero,
2579 5459 2904 5515 Sclavmum.

2210 5526 2239 5566 ιι
2277 5529 2412 5583 Hinc
2435 5531 2570 5583 forte
2593 5528 2862 5603 Sclavinia
2879 5530 3077 5603 dictum
3098 5542 3182 5588 est
3204 5533 3502 5589 vestimenti
3529 5549 3727 5603 genus,

2140 5617 2245 5664 quo
2268 5604 2464 5654 saeculo
2494 5615 2565 5652 xii
2597 5599 2862 5668 peregrini
2894 5601 3200 5668 utebantur,
3231 5619 3295 5657 cx
3329 5599 3553 5659 (ἐδεδειήῖ
3583 5607 3729 5657 Iibm

2141 5669 2446 5744 ilc’hiirac”
2466 5668 2799 5744 cappmiOet
2837 5669 2931 5744 52,7
2955 5683 3008 5744 ut
3029 5680 3277 5744 oUservnt
3306 5674 3605 5738 Alteserra,
3628 5679 3727 5744 qui

2143 5753 2192 5793 ei
2226 5741 2602 5814 Sa_xoniciain,_
2622 5754 2687 5794 ex
2716 5742 2994 5810 Augustini
3017 5759 3135 5814 cap.
3171 5743 3266 5798 ίὲῖ
3294 5744 3498 5811 ρυωδι.
3526 5741 3700 5801 utrius

2143 5824 2248 5880 que
2277 5809 2447 5878 'l'cst.,
2485 5809 2662 5864 laudat
