3982 6346
108 370 115 383 λ
192 344 302 404 649

1614 341 2033 401 (ἷηΙΙΟΝΙΩυΜ.

3362 344 3471 403 δεῖ)

189 466 304 522 rius
347 461 414 519 de
458 469 750 532 conspectu
806 460 1075 516 Samonis.
1126 457 1260 514 Cum
1310 459 1424 513 haec
1478 459 1780 527 Dagoberto
1812 461 1858 518 Α
1886 470 1999 523 sus,
2029 454 2210 510 statim
2241 456 2328 525 qui
2359 434 2573 512 fuerant
2601 457 2885 527 preparati
2912 471 3074 529 super
3101 458 3365 516 Tasonem
3393 465 3465 516 ir-

193 556 509 611 nuntiasset.
557 553 889 626 Dagn‘bertus
917 552 1220 622 superbiter
1247 551 1400 621 jubet
1428 552 1498 608 de
1526 554 1778 606 universo

190 662 357 717 regno
403 646 805 701 Austrasiorum
860 652 1045 698 contra
1087 642 1375 699 Samonem
1423 650 1480 697 et
1536 641 1781 697 Winidos

192 752 417 794 movere
442 737 735 793 exercitum
763 754 776 789 :
798 734 888 789 ubi
915 735 1080 789 tribus
1102 732 1291 788 turmis
1313 734 1592 803 phalanga:
1615 746 1781 803 super

187 831 438 887 Winidos
458 831 727 887 exercitus
767 828 1095 897 ingreditur,
1139 829 1301 882 etiam
1342 836 1397 883 et
1434 826 1774 894 Langobardi

182 920 453 979 solatione
482 929 510 958 ⁸
539 920 821 992 Dagoberti
863 918 1114 987 idemque
1146 917 1416 973 hostiliter
1452 916 1507 971 in
1546 917 1771 972 Sclavos

188 1024 567 1086 perrexerunt.
599 1011 777 1068 Sclavi
799 1011 883 1065 his
910 1018 966 1065 et
991 1009 1111 1064 aliis
1134 1008 1269 1064 locis
1295 1022 1327 1063 e
1353 1007 1628 1063 contrario
1647 1024 1780 1077 prm-

184 1115 463 1176 parantes,
487 1104 910 1158 Alamannorum
937 1100 1217 1154 exercitus
1245 1108 1366 1154 cum
1394 1097 1778 1154 Chrodoberto

182 1195 321 1250 duce
352 1197 405 1249 in
438 1203 587 1263 parte
628 1208 732 1263 qua
775 1193 1046 1260 ingressus
1084 1199 1166 1245 est
1215 1190 1490 1245 victoriam
1521 1189 1770 1245 obtinuit.

183 1286 518 1355 Langobardi
548 1284 839 1353 itidemque
878 1282 1151 1338 victoriam
1173 1281 1554 1347 obtinuerunt;
1583 1291 1636 1336 et
1660 1282 1773 1349 pln-

182 1377 382 1432 rimum
416 1389 697 1430 numerum
725 1374 1057 1443 captivorum
1089 1373 1155 1427 de
1172 1371 1382 1428 Scfavis
1412 1371 1692 1427 Alamanni
1721 1381 1776 1426 et

183 1465 527 1536 Langobardi
556 1480 739 1520 secum
768 1465 1057 1520 duxerunt.
1100 1464 1360 1518 Anstrasii
1392 1478 1523 1518 vero
1550 1478 1673 1519 cum
1704 1464 1772 1519 ad

182 1567 421 1612 castrum
453 1555 861 1625 Wogastisbnrc
892 1553 942 1621 δ,
968 1554 1055 1609 ubi
1085 1554 1311 1624 plurima
1339 1568 1530 1610 manus
1555 1554 1772 1609 lenium

181 1645 522 1702 Winidorum
577 1646 1037 1710 immoraverant,
1091 1643 1486 1699 circumdantes
1519 1685 1535 1709 ,
1596 1644 1774 1698 triduo

182 1738 516 1807 prmliantes,
548 1738 731 1806 plures
768 1736 966 1790 ibidem
998 1736 1067 1791 de
1087 1736 1325 1790 etet-cito
1360 1736 1641 1806 Dagoberti
1662 1744 1773 1806 g'a-

1893 554 2073 612 ruunt,
2097 554 2155 602 et
2182 546 2376 615 ipsum,
2409 556 2466 603 et
2487 560 2615 603 suos
2645 555 2818 614 totos,
2854 549 2943 618 qui
2967 564 3087 604 cum
3116 565 3182 605 eo
3207 562 3483 607 venerant

1884 634 2020 708 [Al.,
2077 633 2254 707 erant]
2302 636 2708 695 interfuerunt.
2768 639 3101 695 Charoaidus
3154 657 3248 696 rex
3299 657 3460 696 unum

1882 726 2251 784 centenarium
2280 729 2419 796 auri,
2450 731 2591 785 sicut
2616 731 2959 799 promiserat,
2993 733 3232 801 partibus
3262 733 3460 788 liisacii

1878 829 1934 876 et
1960 819 2170 888 imperii
2190 823 2445 877 cessavit.
2466 822 2583 879 Duo
2609 832 2813 877 tantum
2841 825 3146 879 centenario
3176 825 3290 878 auri
3309 826 3429 879 dein

1877 924 2005 981 cepa
2058 910 2126 966 ad
2180 922 2385 981 partem
2432 911 2904 983 Langobardorum
2946 931 2975 970 a
3007 915 3232 986 patricio
3260 915 3460 970 Roma-
3508 932 3513 937 ε

1880 1014 2072 1055 norum
2110 1002 2268 1058 anuis
2308 1002 2535 1071 singulis
2564 1002 2874 1071 implentur.
2927 1005 3075 1062 Unus
3119 1007 3462 1062 centonarius

1876 1100 2091 1147 centum
2118 1092 2284 1148 libras
2310 1094 2427 1149 auri
2446 1094 2617 1164 capit.
2642 1095 2769 1151 Post
2791 1096 2906 1154 hinc
2925 1098 3182 1154 continuo
3209 1097 3321 1154 Cha
3332 1101 3461 1155 roalo

1878 1180 1981 1235 dus
2010 1198 2101 1235 rex
2133 1184 2377 1238 moritur.

1950 1272 2109 1329 LXX.
2139 1276 2493 1347 Gundeherga
2537 1278 2739 1349 regina,
2767 1294 2831 1334 eo
2859 1280 2999 1349 quod
3032 1296 3220 1339 etuues
3246 1284 3459 1350 Lango-

1879 1362 2027 1419 bardi
2074 1368 2249 1423 eidem
2302 1368 2464 1425 ﬁdem
2520 1386 2640 1426 cum
2686 1374 3034 1429 sacramentis
3089 1376 3458 1443 ﬁrmaverant,

1875 1459 2250 1515 lihmtltarium
2278 1470 2304 1500 ο
2337 1463 2645 1530 quemdam,
2672 1479 2834 1519 unum
2860 1480 2925 1520 es
2958 1467 3183 1524 ducibus
3209 1468 3276 1524 de
3303 1473 3458 1527 terri-

1876 1550 2036 1614 torio,
2068 1549 2257 1604 Brixia
2284 1551 2354 1606 ad
2382 1564 2443 1607 se
2472 1554 2658 1607 venire
2681 1556 2944 1625 praecipit,
2977 1574 3099 1612 cum
3124 1562 3457 1630 t-mnpt-llens

1877 1651 1935 1696 ut
1964 1657 2189 1697 uxorem
2210 1658 2370 1712 quam
2401 1643 2630 1699 habebat
2661 1646 3007 1716 relinqueret,
3036 1659 3092 1705 et
3118 1666 3237 1714 eam
3266 1654 3451 1709 matri-

1875 1734 2058 1787 monio
2081 1734 2392 1803 acciperet:
2426 1750 2520 1802 per
2549 1736 2718 1805 ipsam
2744 1753 2933 1795 nunties
2959 1740 3298 1811 Langobardi
3326 1761 3451 1803 eunt

178 1828 656 1890 dio‘trucidantur,
699 1836 754 1882 et
794 1826 988 1881 exinde
1031 1826 1292 1895 fugaciter
1316 1841 1507 1882 omnes
1538 1828 1767 1883 tentoria
1805 1824 2230 1888 Bsublimabant
2278 1825 2331 1880 in
2376 1841 2563 1895 regno.
2615 1828 2770 1894 Quod
2821 1830 3176 1890 Cbrotharius
3226 1837 3454 1895 libenter

176 1930 234 1975 et
257 1934 344 1973 res
368 1934 503 1988 quas
525 1917 827 1972 habuerunt
852 1916 1234 1986 relinquentes.
1260 1918 1325 1971 ad
1349 1918 1593 1988 proprias
1611 1920 1767 1973 aedos

178 2020 546 2068 revertuntur.
576 2010 751 2066 Multis
775 2021 897 2081 post
921 2014 1036 2064 inec
1070 2011 1277 2065 vicibus
1307 2009 1507 2065 Winidi
1539 2010 1593 2065 in
1624 2011 1769 2065 Tho-

179 2108 406 2175 ringiam
452 2117 505 2161 et
551 2106 791 2175 reliquos
830 2104 1095 2159 vastando
1127 2117 1304 2175 pagos
1345 2103 1397 2159 in
1438 2104 1765 2160 Francorum

177 2214 406 2270 regnum
438 2200 668 2255 irruunt.
718 2180 891 2255 Etiam
919 2207 972 2254 et
1001 2199 1279 2254 Deruanus
1310 2199 1420 2254 dux
1452 2198 1629 2269 gentis
1657 2198 1764 2254 Ur-

174 2292 393 2348 biorum
432 2303 479 2357 ε,
526 2292 616 2362 qui
653 2307 718 2347 ex
764 2306 963 2361 genere
1005 2290 1374 2348 Sclavinorum
1414 2301 1589 2358 erant,
1616 2302 1669 2346 et
1699 2292 1766 2347 ad

177 2402 410 2460 regnum
438 2386 763 2441 Francorum
782 2399 893 2455 1am
924 2385 1049 2442 olim
1072 2393 1417 2455 aspexerant,
1442 2398 1503 2440 se
1530 2385 1595 2438 ad
1630 2384 1765 2457 μετ..

174 2495 243 2534 se
272 2482 350 2550 et]
400 2492 621 2548 regnum
650 2476 868 2531 Samoni
898 2491 1020 2532 cum
1060 2491 1172 2531 suis
1210 2474 1450 2531 tradidit.
1500 2475 1768 2544 latamque

178 2571 466 2625 victonam
498 2584 655 2637 quam
683 2567 899 2623 Winidi»
930 2577 1114 2622 contra
1151 2559 1390 2622 Francos
1430 2576 1763 2628 meruerunt,

177 2678 288 2718 non
324 2671 525 2715 tantum
556 2659 919 2717 Sclavinorum
952 2658 1210 2713 fortitudo
1226 2659 1480 2723 obtinuit,
1510 2666 1766 2731 quantum

176 2754 507 2809 deitlettlaiilt
549 2751 977 2817 Austrasiorum,
1021 2752 1148 2806 dum
1192 2765 1252 2807 se
1293 2751 1591 2807 cernebant
1644 2765 1767 2806 cum

178 2846 485 2915 Dagoberto
533 2844 713 2898 odium
763 2841 1075 2921 incurrisse,
1124 2852 1181 2897 et
1232 2843 1449 2899 assidue
1489 2841 1762 2912 exspolia-

177 2947 391 2993 rentur.
713 2987 717 2993 .

246 3029 410 3103 643
444 3027 627 3085 LXlX.
668 3028 746 3083 Eo
790 3040 936 3082 anno
977 3026 1309 3082 Charoaldus
1350 3017 1515 3083 "rex
1559 3013 1770 3098 Lango-

176 3125 471 3180 bardorum
505 3122 704 3191 legatos
741 3120 807 3174 ad
858 3118 1127 3174 Hisarium
1175 3118 1454 3189 patricium
1501 3124 1765 3176 secretius

1869 1918 2231 1983 consentiens,
2260 1918 2613 1974 sacramentis
2643 1935 2736 1989 per
2757 1921 2869 1976 ioca
2896 1935 3203 1981 sanctorum
3235 1928 3455 1985 ﬁrmans
3500 1974 3505 1979 κ

1870 2023 1939 2064 ne
1978 2024 2213 2077 unquam
2254 2009 2663 2081 Gundebergam
2712 2022 3086 2082 postponeret,
3118 2033 3216 2073 nec
3256 2020 3323 2075 de
3353 2023 3450 2075 ho-

1871 2116 2003 2156 noro
2030 2102 2227 2169 gradus
2254 2103 2457 2172 aliquid
2484 2105 2770 2169 minueret.
2797 2106 3080 2179 ipsamque
3109 2113 3267 2167 unico
3289 2114 3454 2188 6M

1872 2206 2059 2244 amore
2089 2191 2320 2261 diligens
2358 2194 2411 2247 in
2452 2195 2702 2251 omnibus
2736 2196 2991 2253 honorem
3025 2213 3301 2268 praestaret
3326 2220 3454 2260 con-

1863 2284 2048 2352 digne,
2081 2281 2442 2355 Gundeberga
2485 2287 2813 2354 attrahente,
2841 2303 3030 2347 omnes
3072 2292 3453 2363 Langobardo-

1868 2392 1985 2431 rum
2009 2377 2265 2446 primates
2284 2378 2661 2435 Cbrotbarinm
2680 2381 2970 2439 sublimant
2995 2386 3046 2439 in
3079 2401 3264 2456 regno.
3287 2387 3454 2444 (Σιλω-

1871 2467 2076 2522 tharius
2106 2483 2226 2522 cum
2251 2482 2477 2539 regnare
2503 2470 2781 2540 cepisset,
2805 2472 3001 2528 multos
3030 2476 3285 2532 nobilium
3313 2480 3453 2535 Lan-

1869 2557 2229 2625 gobardorum
2252 2596 2270 2622 ,
2301 2571 2434 2625 quos
2461 2559 2562 2613 sibi
2607 2571 2851 2617 senserat
2877 2574 3244 2633 contumaces,
3278 2568 3446 2625 inter-

1872 2647 2021 2703 iecit.
2051 2645 2404 2706 Chromatius
2438 2647 2789 2705 fortissimam
2829 2652 3165 2723 disciplinam
3210 2668 3265 2715 et
3295 2659 3453 2717 timo-

1870 2755 1984 2795 rem
2010 2740 2067 2794 in
2097 2754 2256 2795 autne
2279 2754 2508 2810 regnum
2536 2739 3006 2813 Langobardorum
3032 2763 3216 2815 pacem
3242 2763 3452 2809 sectans

1870 2832 2015 2887 iecit.
2064 2829 2419 2887 Chrotharius
2465 2832 2667 2889 oblitus
2706 2837 3031 2894 sacramenti
3060 2842 3200 2911 quod
3226 2843 3451 2900 Gunde-

1872 2925 2047 2997 bergm
2076 2925 2300 2983 dederat
2322 2967 2339 2995 ,
2387 2944 2614 2999 eamque
2643 2930 2696 2984 iu
2745 2946 2908 2989 unum
2943 2934 3250 2993 cubiculum
3277 2939 3449 2994 Ticini

1871 3018 1928 3074 in
1956 3021 2077 3073 aula
2107 3020 2288 3090 palatii
2313 3020 2563 3087 retrudit,
2582 3036 2810 3094 eamque
2833 3023 2899 3081 ad
2923 3026 3186 3094 privatum
3204 3029 3446 3091 habitum

1872 3114 2057 3169 vivere
2085 3111 2255 3182 fecit;
2286 3116 2527 3186 quinque
2550 3130 2721 3171 annos
2743 3118 2845 3174 sub
2875 3133 2936 3174 ea
2970 3123 3273 3181 retrusione
3294 3133 3449 3185 teno-

181 3218 403 3273 ntittens
421 3258 435 3279 ,
469 3223 619 3290 rogat
653 3223 712 3268 ut
739 3212 1004 3268 Tasonem
1025 3252 1041 3279 ,
1088 3211 1279 3265 ducem
1312 3211 1601 3281 provincia:
1628 3210 1763 3267 Tus—
1793 3204 1841 3268 C
1872 3215 1976 3259 ωτι
2006 3204 2358 3261 Chromatius
2387 3219 2481 3275 per
2507 3205 2839 3262 ooncllbinas
2867 3206 3298 3271 debaccltabatatr
3320 3217 3451 3273 assi-

177 3324 354 3377 canzr,
384 3323 491 3376 quo
521 3314 728 3375 poterat
770 3304 986 3373 ingenio
1015 3301 1208 3356 interiit
1228 3310 1364 3356 eret.
1399 3299 1566 3371 Hujus
1596 3301 1757 3356 bene-

170 3402 280 3458 ﬁcii
308 3398 673 3455 vicissitudine
702 3395 895 3451 tributa
931 3436 946 3461 ,
977 3409 1094 3465 qua:
1136 3392 1472 3461 Langobardi
1502 3394 1570 3449 de
1595 3408 1757 3448 manu

170 3491 384 3564 publica
433 3486 538 3560 [Id
582 3495 690 3554 est,
729 3481 1004 3556 imperio]
1063 3483 1419 3555 recipiebant,
1477 3484 1574 3539 tria
1631 3498 1756 3539 cen-

168 3584 373 3642 tenaria
398 3581 512 3636 auri
553 3581 705 3636 annis
733 3578 952 3650 singulis
970 3622 987 3649 ,
1017 3577 1157 3634 unde
1192 3593 1355 3632 unum
1382 3580 1751 3634 centenarium

168 3677 282 3733 auri
329 3673 663 3729 Charoaldus
713 3688 807 3728 rex
860 3673 1096 3741 partibus
1138 3671 1348 3740 imperti
1390 3670 1458 3726 de
1500 3674 1750 3741 prmsenii

1859 3297 1989 3351 due.
2024 3296 2380 3368 Gundeberga
2400 3340 2413 3360 ,
2445 3299 2683 3368 eo'quod
2712 3310 2854 3355 esset
2885 3300 3228 3375 Christiana,
3260 3307 3311 3363 in
3342 3309 3445 3366 hae
3534 3356 3537 3365 .

1856 3389 2199 3445 tribulatione
2226 3388 2572 3446 benedicebat
2599 3388 2767 3444 Deum
2793 3393 3218 3460 omnipotentem
3241 3438 3258 3465 ,
3299 3398 3441 3469 jeju-

1856 3481 1964 3538 niis
1994 3491 2048 3537 et
2085 3480 2417 3538 orationibus
2445 3481 2661 3540 assidua
2691 3485 3027 3553 pervacabat.

1928 3579 2116 3637 LXXI.
2152 3580 2380 3650 Quando
2407 3582 2517 3638 Deo
2542 3585 2881 3653 cotnplacuit.
2914 3585 3138 3642 Aubedo
3169 3585 3190 3625 ί
3235 3587 3438 3657 legata-

1857 3673 1970 3728 rius
2014 3673 2248 3729 directus
2295 3687 2324 3727 a
2353 3673 2668 3730 Citiodoveo
2701 3690 2827 3747 rege
2850 3686 2907 3736 ις.
2948 3691 3110 3732 causa
3154 3678 3434 3747 legationis

166 3776 429 3826 eassaret.
479 3763 717 3820 liisacins
767 3763 1023 3823 natricius
1076 3762 1192 3816 haec
1241 3758 1504 3825 audiens,
1552 3772 1749 3817 tracta-
1856 3779 2028 3834 usque
2051 3763 2430 3821 Chrotbarium
2460 3781 2639 3838 regem
2688 3766 3165 3839 Langobardorum
3192 3769 3437 3839 Papiam,

165 3862 257 3917 bat
307 3860 504 3931 quibus
528 3840 781 3929 xlttgeniis
833 3857 946 3912 ham
1015 3856 1274 3926 potuisset
1323 3855 1589 3924 implere,
1643 3856 1752 3913 Ta-
1856 3864 2213 3926 cognomento
2255 3856 2443 3911 Ticino
2471 3854 2522 3923 δ,
2553 3858 2822 3914 civitatem
2870 3857 3036 3913 italia:
3086 3860 3452 3929 pervenisset,

164 3953 286 4009 soni
322 3950 602 4022 ingeniose
634 3947 893 4004 mandans
915 3988 931 4013 ,
971 3948 1094 4001 dum
1132 3948 1190 4001 in
1220 3947 1421 4001 oilensa
1458 3944 1748 4003 Charoal'di
1850 3964 2086 4005 cenneus
2115 3949 2389 4020 reginam,
2418 3965 2577 4020 quam
2606 3950 2803 4021 sapius
2829 3951 2881 4004 in
2916 3950 3183 4021 legatione
3209 3952 3433 4009 veniens

165 4056 307 4110 erat,
337 4058 460 4097 cum
489 4057 604 4111 ipso
644 4039 908 4095 amicitias
954 4040 1231 4109 obligaret,
1266 4039 1381 4105 ipse
1407 4053 1537 4094 vero
1565 4050 1749 4095 contra
1858 4040 2090 4109 viderat,
2115 4044 2256 4097 etab
2285 4043 2397 4114 ipsa
2431 4043 2658 4113 benigne
2686 4056 2901 4112 semper
2929 4056 3211 4113 susceptus
3240 4043 3436 4110 fuerat,

163 4134 531 4191 Cbaroaldum
576 4146 753 4201 regem
782 4130 833 4185 ei
875 4130 1242 4185 auxiliaretur.
1290 4128 1403 4184 Tali
1451 4139 1754 4198 praeventus
1857 4132 2021 4188 fuisse
2075 4145 2335 4188 retrusam
2400 4132 2547 4201 quasi
2604 4133 2898 4201 injanctum
2951 4133 3193 4200 habens,
3243 4134 3438 4191 exinde

163 4237 247 4285 est
301 4225 489 4281 fraude
536 4239 553 4277 :
603 4224 912 4278 Ravennam
945 4229 1136 4293 pergit.
1179 4221 1420 4276 ilisacius
1460 4222 1509 4277 ei
1539 4221 1751 4277 obviam
1852 4234 1995 4279 mter
2024 4235 2217 4279 caetera
2249 4221 2573 4278 Chrothario
2612 4224 2720 4292 regi
2765 4214 3059 4294 suggessit,
3108 4223 3248 4293 quod
3292 4224 3438 4279 illam

161 4317 430 4375 mandans
455 4356 470 4380 .
502 4329 615 4385 prae
659 4316 854 4369 timore
896 4312 1272 4383 imperatoris,
1316 4311 1582 4369 Tasonem
1628 4328 1750 4370 cum
1857 4327 2132 4384 parentem
2177 4316 2502 4370 Francorum
2542 4330 2700 4385 quam
2742 4314 2981 4385 reginam
3017 4315 3314 4381 habuerat,
3343 4330 3444 4385 per

160 4409 275 4465 suis
325 4407 464 4464 inira
515 4418 701 4461 muros
730 4403 1005 4459 Ravenna:
1031 4403 1180 4459 urbis
1206 4412 1470 4458 armatum
1500 4418 1608 4459 non
1651 4420 1751 4459 au-
1856 4422 2016 4478 quam
2040 4408 2201 4463 etiam
2232 4422 2450 4475 regnum
2478 4414 2867 4474 assumpserat,
2900 4419 3004 4463 non
3029 4404 3301 4461 debuisset
3333 4410 3437 4463 hu-

156 4502 328 4558 debat
360 4501 623 4568 recipere.
651 4495 894 4567 Cumque
914 4492 1055 4552 Taso
1079 4490 1325 4559 credens,
1356 4511 1502 4549 arma
1531 4510 1747 4551 suorum
1861 4499 2091 4553 tniliare.
2128 4496 2336 4552 Exinde
2365 4510 2517 4565 rcges
2557 4493 2885 4549 Francorum
2908 4503 2972 4550 et
3017 4494 3204 4549 Franci
3253 4506 3437 4552 essent

156 4596 294 4650 foris
322 4595 512 4648 urbem
538 4591 848 4660 relinquens
869 4629 887 4655 ,
925 4590 977 4643 in
1006 4588 1313 4644 Ravetutam
1341 4588 1529 4642 luisset
1550 4587 1755 4657 ingres-
1784 4585 1837 4645 D
1862 4590 2051 4662 ingrati
2076 4632 2091 4656 ,
2120 4604 2284 4660 quam
2310 4586 2662 4645 Cluetbarius
2693 4586 2759 4642 de
2785 4586 3039 4658 praesenti
3078 4589 3435 4644 reverentiam

233 4732 256 4754 ·
296 4721 470 4783 Editi,
492 4718 895 4775 sollicitatione.
919 4716 1079 4784 θυι...
1099 4716 1381 4772 solutione.
1404 4716 1623 4774 Etinfra
1647 4718 1745 4785 aL,

158 4798 673 4916 "ﬁngi'e‘glarom.
706 4856 865 4911 .Colb.
897 4872 1028 4911 vero
1061 4863 1115 4913 et
1159 4854 1354 4910 Boher.
1391 4870 1513 4909 cttm
1546 4853 1745 4923 Palat.,

176 4932 535 4992 Veronense;
566 4928 680 4987 alii.
725 4922 1062 4997 Vogasteuse,
1096 4924 1397 4997 Vocqieuse.

234 5014 259 5041 ε
301 5000 487 5061 Colb.,
515 4998 765 5061 Bubonet
795 4993 1000 5067 aliquot
1021 4997 1195 5067 Editi1
1212 4993 1587 5067 Urbinm._ilns
1612 4995 1747 5067 Sur-

164 5072 317 5132 bios,
338 5068 547 5123 Sorbos
562 5083 657 5122 seu
681 5060 1051 5137 Scrabo'sesse
1069 5068 1144 5123 ait
1160 5065 1432 5131 Cointius,
1452 5060 1748 5137 Tlturingis

166 5142 459 5203 ﬁnitimos,
492 5141 583 5207 qui
611 5136 909 5207 Austrasiis
951 5139 1231 5207 parebant.

237 5211 266 5252 δ
306 5204 523 5267 (ῖὴεεηξ
546 5209 645 5270 a|.,
668 5204 1059 5263 Chrodoaldus.
1088 5206 1171 5267 Et,
1195 5204 1353 5271 inira,
1380 5205 1549 5271 (Ziata,
1572 5204 1750 5275 Πυθα-

164 5284 304 5335 cius.
328 5279 429 5335 Ed.
451 5280 679 5346 aliquot,
704 5276 931 5339 lsacius,
948 5278 1039 5345 qui
1064 5288 1112 5329 cl
1138 5275 1275 5329 infra
1301 5275 1501 5330 habent
1524 5278 1748 5329 Asouem

161 5368 296 5406 mm
315 5350 473 5407 Coll).
500 5348 669 5401 Porro
698 5363 874 5402 rerum
900 5346 1432 5414 Langobardiearum
1465 5346 1655 5398 notitia
1679 5363 1748 5401 ex

169 5420 347 5475 Paulo
374 5417 525 5473 Diae.
556 5418 901 5487 potissimum
931 5417 1221 5487 repetenda
1244 5423 1348 5487 est,
1378 5430 1514 5487 quas
1536 5418 1746 5487 passim

166 5491 540 5559 Fredegarius
558 5484 1101 5559 perturbat.0bserva
1117 5484 1517 5559 ilisaciumﬂui
1535 5486 1746 5540 italiam

163 5554 526 5630 imperatoris
554 5554 797 5630 nomine,
824 5557 1063 5630 regebat,
1084 5556 1369 5626 patricium.
1392 5554 1689 5630 ilomunoru
1700 5572 1749 5606 m

166 5625 264 5683 hic
295 5646 326 5683 a
385 5627 713 5698 Fredegario
751 5625 1029 5698 appellari.
1089 5625 1202 5693 quo
1262 5625 1481 5678 nomine
1519 5625 1750 5698 Carolus

161 5700 405 5767 ﬂagrans
427 5695 696 5753 summam
722 5695 904 5766 postea
930 5698 983 5750 in
1014 5696 1160 5750 Italia
1188 5702 1510 5767 potestatem
1536 5695 1743 5767 habuit.

253 5764 279 5809 ἀ
320 5771 500 5831 (2011),,
547 5764 876 5820 Rotltarium.
905 5768 1104 5822 Cltcsn.
1158 5764 1227 5819 al.
1265 5765 1455 5824 semel.
1492 5773 1545 5818 ct
1588 5764 1743 5835 Boln,

422 5885 689 5944 ΡΑΤιιοΙ..
744 5883 946 5942 LXXI.

1858 4721 2307 4778 Chrotaclmrium.
2336 4720 2507 4791 Vulgo
2536 4721 2832 4789 appellatur
2863 4721 3124 4778 Rotharis.

1936 4793 1951 4830 ί
1999 4794 2047 4848 is
2077 4804 2160 4847 e.t
2189 4792 2536 4847 Audobaldus
2569 4795 2746 4862 palatii
2774 4808 2988 4859 comes,
3027 4804 3086 4846 ut
3121 4807 3303 4851 censet
3336 4799 3431 4853 Pe-

1858 4864 2062 4928 raldus,
2092 4863 2181 4933 qui
2206 4875 2531 4933 memoratur
2562 4863 2613 4916 in
2630 4863 2813 4933 charta
2844 4863 3061 4933 Clutorii
3085 4864 3171 4931 ΙΙΙ,
3203 4882 3298 4931 ιιι-ο
3325 4884 3441 4919 mn.

1860 4931 2123 4990 nasterin'
2148 4932 2319 4999 sancti
2372 4931 2593 5002 Benigni
2646 4932 2999 4995 Divionensis,
3027 4932 3149 4986 data
3191 4948 3280 4987 an.
3312 4935 3436 4990 (illi.

1862 5004 2005 5059 idem
2054 5004 2331 5057 Audebcdo
2373 5020 2464 5057 seu
2504 5001 2810 5057 Audebellua
2846 5001 3041 5055 dicitur
3083 5002 3134 5055 in
3174 5003 3441 5062 Chronico
3489 5030 3501 5068 ί

1861 5074 2101 5145 eiusdem
2132 5073 2466 5137 monasterii,
2492 5084 2642 5137 tonio
2670 5070 2900 5141 lSpicil.
2933 5071 3241 5128 Acheriani.
3490 5090 3495 5095 ‘

1935 5176 1960 5213 ε
1998 5165 2197 5221 Confer
2222 5172 2383 5232 caput
2408 5164 2497 5227 50,
2526 5177 2707 5228 supra.
2728 5161 2815 5215 ubi
2843 5161 3031 5217 eadem
3064 5161 3282 5220 historia
3316 5184 3441 5222 nar-

1851 5246 2017 5291 ratur.
2053 5237 2189 5290 Editi
2213 5232 2749 5302 plerique,CItlotario
2775 5232 3103 5303 rege.Coib.,
3135 5234 3440 5295 Chloduvio,

1856 5308 1953 5363 llic
1984 5310 2036 5361 iu
2058 5305 2362 5366 Chronicis,
2390 5305 2559 5357 sancti
2593 5302 2807 5371 Benigni
2834 5302 2893 5357 et
2923 5303 3202 5372 Bosuensi,
3234 5307 3443 5363 Chlam-

1855 5380 1963 5431 rius
1992 5388 2048 5432 et
2071 5376 2388 5435 Citiodoucus
2418 5375 2714 5443 appellatus
2747 5375 2912 5430 fuisse
2938 5374 3153 5431 dicitur.

1924 5466 1951 5504 ιι
2001 5470 2181 5537 Papia,
2210 5468 2367 5536 vulgo
2399 5467 2579 5533 Panic,
2612 5468 2740 5522 urbs
2766 5468 3243 5538 Langobardorum
3268 5473 3428 5538 regia.

1862 5541 2043 5595 Flavia
2077 5542 2240 5595 etiam
2268 5538 2409 5593 dicta
2431 5578 2447 5601 ,
2488 5552 2541 5594 et
2579 5538 2824 5593 Ticinum
2854 5554 2884 5593 a
2911 5540 3096 5595 Ticino
3125 5540 3285 5597 iluvio
3319 5541 3438 5601 m4-

1861 5614 1987 5678 sin).
2022 5613 2109 5679 qui
2141 5625 2259 5665 eam
2289 5610 2470 5672 aliud;
2497 5611 2623 5670 sede
2660 5610 2947 5678 eni~cnpaii
2996 5610 3123 5662 nulli
3173 5611 3439 5678 archiepi-

1865 5697 2028 5749 scopo
2069 5682 2304 5752 subjocta
2329 5722 2343 5747 ,
2374 5681 2597 5736 ducatus
2629 5681 2811 5749 titulo,
2837 5690 2889 5735 et
2936 5679 3206 5734 academia
3247 5680 3442 5737 nobili-

1868 5762 1979 5807 ιιιω
1986 5770 2009 5806 l'

3052 5879 3147 5946 2L
