3982 6346
1480 216 1505 239 θ

503 300 598 359 651

1668 296 2080 351 ΡΙιΕῠΙῖΟΜῖΠ
2119 294 2563 349 SCIlIﬂ.ASTlCl

3661 296 3759 353 65')

500 417 825 472 Francorum
854 413 1075 475 habens,
1099 411 1249 481 jubet
1278 408 1454 477 egredi
1481 406 1651 474 foras,
1680 422 1734 462 et
1764 420 1884 477 post
1910 410 2074 477 quin-
2108 419 2151 467 Α
2187 418 2503 461 cmtcrornm
2537 403 2863 460 Sisenandus
2884 402 3098 475 quidam
3125 419 3191 460 ex
3221 404 3532 472 proceribus
3563 407 3630 461 ad
3664 406 3764 461 Da-

497 524 600 576 que
619 505 834 561 circiter
862 519 1050 562 annos.
1082 520 1173 571 per
1203 512 1366 556 totam
1390 499 1658 555 civitatem
1682 508 1737 554 et
1762 499 1894 554 foris
1925 498 2070 553 Guno

496 596 915 667 debergaregali
943 595 1132 650 ordine
1160 608 1254 662 per
1281 592 1407 646 Ioca-
1429 598 1737 645 sanctontm
1771 590 1835 643 ad
1864 591 2072 645 oratio-

495 704 621 743 nem
668 687 993 758 aggreditur.
1037 685 1112 739 De
1138 683 1274 737 villis
1314 692 1368 737 et
1415 681 1607 750 Opibus
1636 681 1748 736 ﬁsci
1796 681 1939 750 quod
1975 682 2072 735 Ita-

498 783 707 848 buerat,
723 780 1069 835 Chrotbarius
1079 778 1127 832 ei
1150 776 1435 832 restaurari
1460 775 1730 843 praecepit,
1750 775 1890 842 quod
1907 789 2075 842 usque

495 874 635 927 diem
668 872 845 927 obitus
868 870 973 932 sui,
1004 876 1058 922 et
1087 866 1306 935 gradum
1332 864 1630 934 dignitatis,
1659 874 1714 917 et
1732 864 1926 929 opibus
1960 863 2075 931 plu-

495 965 645 1017 ribus
677 964 862 1025 ditata,
890 961 1037 1029 regio
1066 959 1210 1012 cultu
1240 965 1359 1024 post
1386 956 1611 1010 feliciter
1635 953 2080 1008 tenuitcAubedo

497 1068 625 1106 vero
682 1068 709 1104 a
768 1050 1123 1117 Gundeberga
1183 1048 1365 1115 regina
1418 1045 1625 1099 fortiter
1672 1053 2067 1098 remuneratur.

496 1143 657 1213 6&5
710 1140 1058 1195 Chrmharius
1113 1153 1233 1191 cum
1277 1136 1513 1190 exercitu
1544 1136 1821 1188 Genavam
1871 1134 2077 1186 mariti-

494 1251 633 1287 tuam
663 1275 676 1297 ,
728 1231 1116 1298 Albinganum,
1160 1226 1508 1290 Varicottim,
1555 1226 1821 1288 Saonam,
1865 1221 2077 1277 Ubiter-

492 1324 634 1393 gium
655 1363 670 1387 ,
701 1331 753 1376 et
780 1320 982 1375 Lunam
1016 1329 1040 1354 ι
1070 1318 1311 1373 civitates
1341 1316 1537 1370 littoris
1558 1315 1723 1369 maris
1750 1315 1819 1368 de
1849 1313 2077 1382 imperio

492 1416 741 1471 auferens
770 1424 972 1477 vastat,
1007 1411 1239 1481 rumpit,
1277 1410 1527 1464 incendio
1554 1420 1936 1471 concremans,
1972 1420 2071 1474 po-

494 1511 673 1577 pulum
704 1507 913 1569 diripit,
947 1504 1138 1571 spoliat
1167 1513 1217 1555 et
1241 1499 1548 1568 captivitate
1567 1497 1922 1562 condemnat;
1956 1510 2074 1549 mu-

492 1612 686 1668 rosque
732 1612 914 1651 earum
962 1607 1132 1663 usque
1184 1591 1250 1644 ad
1294 1588 1700 1644 fundamentum
1743 1587 2026 1640 destruens
2052 1628 2069 1652 ,

492 1691 634 1742 vicos
669 1688 764 1740 has
789 1686 1038 1741 civitates
1066 1682 1345 1736 nominare
1367 1679 1643 1748 prmcepit.

2181 498 2459 566 gobertutn
2507 498 2713 567 expetit
2754 508 2810 551 ut
2852 497 2902 552 ei
2945 511 3068 551 cum
3096 499 3339 552 exercitu
3378 499 3763 564 auxiliaretur,

2177 588 2410 657 qualiter
2456 589 2805 644 Sintellanem
2854 588 3177 658 degradaret
3205 604 3235 643 a
3267 604 3469 659 regno:
3504 591 3555 644 in
3606 593 3763 659 hujus

2178 681 2420 736 beneﬁcii
2454 681 2826 750 repeusionem
2890 681 3195 737 missorium
3233 696 3453 739 aureum
3496 686 3762 741 nobilissi~

2179 788 2324 826 mum
2366 788 2433 828 ex
2463 774 2730 828 thesauris
2783 773 3104 829 Gottltorum
3128 815 3147 840 ,
3177 791 3334 845 quem
3366 777 3763 834 'I‘hursetnndus

2179 879 2269 918 rex
2318 866 2390 921 ab
2418 864 2567 920 Ᾱῖιιίο
2593 865 2621 902 ιι
2653 867 2879 936 patricio
2925 878 3212 937 acceperat
3234 910 3251 935 ,
3285 870 3581 938 Dagoberto
3627 870 3763 925 dare

2178 956 2442 1021 promisit,
2477 966 2791 1024 pensantem
2817 958 2932 1013 auri
2975 958 3184 1026 pondus
3224 956 3240 995 ί
3274 962 3612 1029 quingentos.
3641 962 3762 1029 Quo

2179 1047 2364 1101 audito
2385 1089 2399 1112 ,
2436 1037 2801 1117 Dagobertus,
2833 1058 2892 1104 ut
2928 1059 3045 1106 erat
3081 1052 3309 1118 cupidus
3331 1094 3347 1119 ,
3378 1054 3671 1109 exercitum
3702 1058 3758 1108 in

2179 1138 2434 1191 auxilium
2465 1139 2748 1211 Sisenandi
2796 1140 2866 1195 de
2916 1149 3028 1195 toto
3053 1156 3222 1212 regno
3266 1144 3584 1213 Burgundize
3624 1145 3761 1199 ban-

2178 1228 2296 1282 nire
2319 1230 2595 1298 pr:rcepit.
2625 1229 2874 1301 Cumque
2902 1232 2955 1286 in
2986 1233 3183 1300 Spauia
3210 1234 3539 1304 divulgatum
3573 1235 3764 1292 luisset

2178 1318 2473 1372 exercitum
2504 1318 2831 1373 Francorum
2862 1321 2917 1375 in
2956 1321 3211 1376 auxilium
3246 1323 3546 1379 Sisenando
3570 1341 3764 1396 aggre-

2176 1410 2338 1474 dere,
2376 1418 2554 1466 umnis
2599 1411 2918 1469 Gotthornm
2964 1416 3236 1471 exercitus
3280 1432 3340 1473 se
3377 1416 3563 1473 ditioui
3610 1421 3765 1475 Sise-

2178 1500 2336 1555 nandi
2365 1501 2593 1572 subegit.
2619 1505 2989 1560 Abundantius
3006 1516 3061 1560 et
3087 1506 3437 1562 VeneranJus
3464 1525 3582 1564 cum
3604 1524 3765 1565 exer-

2183 1593 2289 1648 citu
2326 1592 2634 1649 Tbolosano
2665 1603 2870 1649 tantum
2918 1611 3088 1665 usque
3125 1597 3585 1670 Caesaraugustam
3629 1602 3765 1655 civi-

2180 1695 2341 1741 tatem
2392 1702 2515 1743 cum
2565 1688 2868 1745 Sisenando
2919 1700 3295 1757 accesserunt,
3344 1694 3522 1764 ibique
3571 1710 3765 1750 omnes

566 1777 776 1831 LXXII.
834 1774 912 1827 Eo
958 1786 1098 1826 anno
1149 1771 1201 1825 in
1268 1768 1565 1823 Abarorum
1595 1765 1661 1829 δ,
1712 1774 2065 1834 cognomento

2187 1777 2357 1834 Sotthi
2395 1780 2463 1835 de
2500 1796 2667 1851 regno
2702 1782 2919 1851 Spaniar
2967 1783 3324 1839 Sisenandum
3373 1786 3668 1842 sublimant
3706 1790 3766 1842 in

488 1871 823 1932 Cbunorum,
858 1879 1025 1933 regno
1065 1864 1117 1915 in
1164 1860 1438 1915 Pannonia
1467 1868 1490 1898 α
1519 1857 1749 1912 surrexit
1779 1861 2073 1912 vehemens

487 1964 732 2028 intentio,
764 1977 830 2016 eo
867 1960 1007 2029 quod
1037 1958 1105 2013 de
1136 1972 1300 2023 regno
1328 1963 1618 2019 certarent,
1649 1953 1732 2007 cui
1781 1952 2071 2007 deberetur

487 2057 554 2112 ad
587 2053 1006 2118 suc-cedendum,
1039 2065 1179 2105 unus
1207 2065 1271 2105 ex
1305 2047 1497 2104 Abaris
1522 2057 1576 2101 et
1606 2048 1743 2100 alius
1770 2060 1835 2100 ex
1882 2046 2073 2116 Bulga-

489 2149 598 2212 ris;
632 2146 856 2200 collecta
883 2139 1221 2196 multitudine
1252 2147 1476 2208 uterque
1520 2138 1570 2190 in
1603 2136 1834 2190 invicem
1864 2136 2069 2204 pugnaé

499 2250 645 2295 runt.
671 2237 910 2293 Tandem
934 2233 1097 2289 Abari
1127 2232 1380 2302 Bulgaros
1408 2239 1681 2298 superant.
1715 2227 1957 2298 Bulgaria
1982 2244 2073 2283 su-

490 2341 709 2403 peratis,
739 2344 928 2383 novem
975 2325 1137 2380 millia
1165 2326 1399 2377 virorum
1429 2337 1549 2375 cum
1582 2319 1845 2375 uxoribus
1892 2328 1949 2374 et
2009 2321 2073 2372 li-

490 2422 633 2478 beris
656 2421 723 2475 de
745 2420 1017 2474 Pannonia
1050 2416 1286 2483 expulsi,
1318 2414 1382 2467 ad
1410 2412 1769 2484 Dagobertum
1790 2418 2064 2479 expetunt,

490 2524 733 2586 petentes
767 2520 824 2566 ut
853 2526 947 2565 eos
993 2512 1045 2563 in
1097 2518 1235 2563 terra
1278 2507 1606 2562 Francorum
1648 2504 1716 2559 ad
1742 2503 2067 2558 manendum

490 2607 772 2676 reciperet.
808 2602 1139 2673 Dagobertns
1165 2599 1316 2669 jubet
1344 2612 1438 2653 eos
1480 2597 1546 2651 ad
1589 2595 1930 2650 hietuandum
1972 2595 2071 2649 Ba-

490 2698 685 2767 ioarios
717 2695 978 2763 recipere,
1011 2687 1303 2744 dumn-odo
1330 2693 1679 2758 pertractant
1703 2699 1825 2739 cum
1854 2683 2071 2738 Francis

491 2786 616 2857 quid
660 2785 854 2840 exinde
887 2782 1056 2837 ﬂeret.
1080 2780 1325 2849 Cumque
1357 2777 1582 2844 dispersi
1627 2791 1720 2841 per
1749 2775 1934 2829 domos
1966 2776 2067 2828 Ba-

489 2878 777 2944 ioariorum
820 2873 886 2929 ad
919 2871 1258 2927 hiemandum
1293 2868 1549 2933 inissent,
1583 2867 1807 2922 consilio
1839 2867 2069 2921 FraﬂCU-

490 2983 604 3022 rum
632 2964 969 3036 Dagobertus
994 2959 1251 3029 Bajoariis
1275 2958 1425 3026 jubet
1453 2968 1510 3011 ut
1532 2957 1784 3027 Bnlgaros
1810 2957 1930 3012 illos
1947 2971 2067 3011 cum

491 3058 747 3113 moribus
779 3066 832 3110 et
866 3055 1047 3111 liberis
1076 3055 1449 3120 unusquisque
1478 3051 1532 3103 in
1573 3049 1736 3105 domo
1760 3064 1854 3104 sua
1883 3048 1934 3103 in
1965 3064 2068 3103 una

2176 1883 2421 1938 regnum.
2454 1870 2826 1927 Abundantius
2858 1873 2874 1923 i
2909 1883 2963 1927 et
2996 1872 3341 1928 Venerandus
3369 1890 3491 1929 cum
3519 1879 3765 1932 exercitu

2174 1957 2484 2014 Tholosano
2515 1962 2824 2016 muneribus
2855 1962 3101 2016 honorati
3149 1975 3499 2020 revertuntur
3533 1966 3601 2020 ad
3633 1981 3766 2034 pro-

2176 2048 2319 2113 prias
2349 2048 2524 2104 sedes.
2570 2050 2904 2121 Dagobertus
2937 2052 3259 2123 legationem
3292 2055 3359 2109 ad
3402 2056 3765 2112 Sisenandum

2174 2151 2379 2207 regem,
2412 2140 2775 2209 Amalgarittm
2818 2142 3006 2197 ducem
3038 2153 3093 2197 et
3137 2144 3512 2200 Venerandum
3542 2146 3720 2215 dirigit
3747 2188 3765 2213 ,

2175 2237 2234 2282 ut
2284 2229 2588 2285 missorium
2638 2231 2787 2287 illum
2818 2248 2976 2302 quem
3016 2237 3336 2302 promiserat
3360 2235 3532 2292 eidem
3563 2236 3765 2307 dirige-

2175 2327 2297 2374 ret:
2321 2334 2548 2390 cumque
2577 2337 2607 2376 a
2646 2322 2951 2377 Sisenando
2981 2338 3107 2393 rege
3139 2327 3415 2380 missorius
3444 2325 3530 2381 ille
3561 2327 3765 2397 legata-

2173 2410 2267 2465 riis
2297 2410 2481 2466 Iuisset
2509 2414 2758 2478 traditus,
2781 2429 2811 2469 a
2840 2413 3052 2469 Gottbis
3085 2433 3178 2484 per
3206 2419 3312 2470 vim
3341 2416 3367 2455 ¹ί
3405 2418 3626 2484 tollitur,
3660 2434 3765 2474 nec

2172 2518 2298 2558 eum
2344 2505 2542 2561 exinde
2594 2506 2849 2562 exhibere
2900 2510 3275 2578 permiserunt.
3327 2510 3513 2567 Postea
3550 2511 3767 2567 discur-

2173 2594 2411 2650 rentibus
2458 2596 2645 2665 legatis
2692 2597 2917 2652 ducenta
2969 2599 3134 2654 millia
3179 2600 3475 2655 solidorum
3521 2603 3764 2657 missorii

2178 2685 2344 2754 hujus
2368 2687 2521 2755 pretii
2541 2687 2873 2758 Dagolertus
2895 2704 2923 2742 a
2945 2689 3242 2745 Sisenando
3263 2692 3552 2761 accipiens,
3569 2692 3766 2760 ipsum-

2173 2790 2278 2845 que
2306 2776 2570 2845 pensavit.

2247 2868 2346 2919 ΛΝ.
2381 2882 2592 2920 ocxxxt.
2623 2897 2692 2909 -›
2721 2868 2954 2922 LXXIV.
2985 2870 3141 2924 Anno
3176 2870 3240 2925 10
3271 2873 3420 2941 regni
3448 2871 3765 2940 Dagoberti,

2173 2973 2293 3015 cum
2318 2959 2367 3013 ei
2400 2961 2698 3034 nuntiatum
2725 2961 2912 3015 fuisset
2937 2958 3233 3015 exercitum
3261 2961 3591 3017 Winidorum
3615 2964 3767 3017 Tho-

2176 3049 2406 3121 ringiam
2452 3049 2617 3104 fuisse
2660 3050 2821 3121 647
2861 3053 3158 3120 ingressum
3188 3093 3205 3119 ,
3238 3068 3358 3105 cum
3384 3056 3642 3131 exercitu
3690 3054 3766 3109 de
3860 3070 3863 3071 '

492 3160 648 3203 nocte
679 3144 905 3216 stoarii
935 3143 1320 3205 interﬁcerent,
1366 3138 1507 3209 quod
1540 3138 1781 3208 protinus
1807 3152 1838 3191 s
1881 3138 2067 3207 Bajna-
2098 3139 2147 3202 C
2182 3154 2346 3206 regno
2397 3139 2795 3195 Anstrasiorum
2851 3142 2918 3196 de
2970 3141 3149 3197 Meltis
3193 3142 3323 3197 urbe
3391 3159 3715 3213 promovens
3744 3186 3762 3207 ,

493 3242 588 3293 riis
634 3247 718 3294 est
765 3239 1065 3305 impletum.
1097 3235 1208 3289 Nec
1252 3232 1535 3303 quisquam
1565 3246 1633 3287 ex
1675 3231 1781 3286 illis
1810 3232 2071 3287 remansit

493 3330 761 3399 Bulgaria,
794 3327 894 3382 uisi
925 3336 1126 3380 tantum
1154 3322 1379 3377 Altiarus
1409 3318 1436 3358 δ
1469 3336 1591 3375 cum
1621 3320 1971 3389 septingentis
1998 3320 2075 3374 vi-

492 3423 589 3487 ris,
622 3430 676 3476 et
708 3419 961 3474 uxoribus
992 3433 1115 3472 cum
1156 3415 1361 3479 liberis,
1398 3412 1487 3483 qui
1519 3412 1575 3466 in
1617 3425 1793 3465 marca
1824 3409 2073 3466 Winido—

492 3530 609 3572 rum
642 3524 667 3553 ο
708 3513 945 3569 salvatus
987 3518 1091 3564 est.
1143 3509 1273 3562 Post
1302 3509 1414 3560 baac
1454 3519 1575 3559 cum
1608 3503 1854 3559 Walluco
1884 3501 1907 3542 ί
1937 3503 2075 3559 duce

496 3604 837 3661 Winidorum
868 3598 1025 3653 annis
1055 3596 1301 3667 plurimis
1329 3595 1461 3649 vixit
1486 3609 1605 3648 cum
1634 3594 1767 3653 suis.

564 3693 798 3749 LXXIII.
827 3692 903 3747 Eo
928 3706 1068 3744 anno
1090 3688 1217 3760 quid
1247 3688 1483 3757 partibus
1508 3686 1748 3757 Spaniaa,
1770 3686 1853 3741 vel
1882 3702 2071 3742 eorum

491 3788 710 3859 regibus
735 3785 1057 3854 contigerit,
1093 3797 1195 3835 non
1238 3780 1666 3850 praetermittam.
1704 3778 1961 3833 Defuncto
1989 3777 2075 3833 Si-

498 3878 693 3937 sibudo
726 3888 773 3943 s,
807 3892 931 3947 rege
960 3872 1382 3929 clementissimo
1403 3912 1419 3936 ,
1454 3871 1539 3926 cui
1582 3870 1781 3926 Sintela
1813 3881 1937 3925 ante
1980 3886 2072 3925 an-

494 3987 622 4027 num
650 3969 861 4024 circiter
888 3975 1221 4022 successerat
1252 3962 1304 4018 in
1328 3979 1573 4033 regnum,
1595 3962 1757 4034 646
1782 3978 1903 4017 cum
1928 3972 2075 4019 esset

496 4061 950 4121 Sintelanimium
985 4059 1036 4111 iu
1067 4059 1175 4112 suis
1207 4056 1441 4126 iniquus,
1474 4064 1527 4110 et
1554 4070 1675 4111 cum
1707 4055 1958 4110 omnibus
1988 4069 2073 4110 re-

491 4160 580 4231 gni
611 4157 693 4213 sui
739 4152 1051 4226 primatibus
1108 4151 1287 4206 odium
1318 4152 1651 4216 incurreret,
1685 4164 1804 4204 cum
1850 4147 2073 4203 consilio

568 4301 593 4328 ι
634 4288 689 4344 In
719 4286 878 4344 editis
900 4296 1150 4344 corrupta
1178 4294 1297 4338 sunt
1324 4283 1543 4336 omnino
1574 4282 1684 4335 haec
1709 4282 1943 4336 nomina.
1976 4281 2071 4335 Le-

495 4363 723 4417 ctionem
754 4359 1014 4418 Clarom.,
1045 4352 1243 4407 Chesn.
1275 4364 1329 4407 et
1354 4353 1517 4405 Freh.
1549 4353 1882 4409 retinnimns.
1913 4352 2064 4406 Colb.

494 4432 672 4493 habet,
707 4428 996 4497 Albingum,
1035 4421 1627 4497 Nouarinnt,_§altisam,
1645 4422 2067 4497 putavibilergio,

2179 3232 2401 3285 transita
2437 3231 2708 3295 Ardenna,
2759 3232 3080 3302 Magantiam
3129 3248 3321 3303 magno
3366 3248 3487 3301 cum
3518 3236 3767 3291 exercitu

2174 3322 2477 3391 aggreditur
2508 3318 2555 3389 ι,
2587 3321 2878 3392 disponens
2908 3324 3154 3378 Rhenum
3188 3325 3441 3390 transire,
3473 3340 3681 3381 scaram
3715 3335 3760 3364 ι·

2175 3413 2247 3466 de
2272 3413 2457 3467 electis
2486 3413 2617 3468 viris
2640 3413 2863 3468 fortibus
2887 3414 2955 3468 de
2980 3414 3206 3469 Neuster
3230 3425 3283 3470 et
3307 3415 3608 3487 Burgundia
3636 3432 3765 3472 cum

2175 3505 2400 3560 ducibus
2428 3514 2481 3559 et
2500 3505 2828 3574 graliouibus
2858 3520 3042 3561 secum
3076 3505 3300 3562 habens.
3333 3508 3577 3562 Saxones
3625 3509 3766 3564 mis—

2174 3612 2265 3651 sus
2291 3596 2357 3651 ad
2406 3596 2764 3668 Dagobertum
2797 3597 3050 3667 dirigunt,
3085 3607 3325 3666 petentes
3350 3606 3411 3653 ut
3449 3598 3532 3653 eis
3560 3598 3765 3653 tributa

2173 3704 2291 3760 quae
2315 3691 2424 3745 tisci
2448 3690 2735 3745 ditionibus
2756 3688 3121 3746 dissolvebant
3143 3690 3441 3760 indulgeret
3464 3708 3477 3744 :
3504 3690 3604 3759 ipsi
3629 3706 3767 3745 vero

2181 3798 2371 3838 eorum
2404 3783 2580 3838 studio
2602 3794 2654 3838 et
2682 3784 2908 3838 utilitate
2934 3783 3163 3839 Winidis
3192 3783 3441 3837 resistere
3468 3782 3766 3851 spondent,

2174 3885 2228 3928 rt
2267 3874 2592 3930 Francorum
2653 3874 2881 3928 limitem
2934 3874 3001 3929 de
3052 3875 3153 3928 illis
3204 3873 3440 3943 partibus
3487 3874 3769 3928 custodire

2176 3966 2509 4035 promittunt.
2540 3965 2692 4031 Quod
2746 3965 3105 4035 Dagohcrtus,
3143 3964 3369 4019 consilio
3411 3965 3763 4019 Neustrasio-

2173 4070 2290 4109 rum
2320 4056 2562 4123 adeptus,
2598 4056 2845 4125 praestitit
2872 4056 3175 4110 Saxowibus
3206 4056 3296 4127 qui
3320 4057 3402 4111 his
3428 4065 3455 4093 ιι
3487 4057 3770 4127 petitioni-

2174 4147 2271 4200 bus
2297 4147 2691 4217 suggerendum
2719 4157 2997 4204 venerant.
3022 4149 3453 4214 Sacramentum,
3483 4159 3541 4204 ut
3567 4164 3767 4205 coruus

2250 4293 2274 4320 ο
2316 4282 2508 4342 Hodie.
2540 4291 2595 4336 ut
2624 4291 2807 4337 monet
2836 4281 3124 4345 Freberus,
3155 4280 3647 4339 Windiscliemarek.

2249 4350 2268 4390 ί
2295 4354 2383 4410 Sic
2405 4354 2571 4419 Clar.,
2590 4352 3049 4416 Freh.et(2besn.,
3080 4352 3338 4419 Wauaeo;
3353 4355 3450 4417 al.,
3475 4351 3769 4409 Walduco.

2247 4433 2271 4469 8
2312 4425 2562 4479 Sisebuto
2590 4438 2729 4477 anno
2757 4422 2852 4477 0‘21
2889 4424 3152 4479 successit
3178 4424 3510 4478 liet'caredus
3540 4424 3606 4481 ll.
3638 4423 3769 4491 ejus

494 4489 670 4574 l_.una_.
696 4496 833 4574 Editi
860 4489 965 4548 'alii
984 4494 1250 4574 ιΑιιιὶηρᾳ
1275 4532 1291 4554 ,
1324 4490 1552 4544 Noraria
1572 4530 1587 4555 ,
1635 4489 2065 4574 Cottisaonia'nb:
2099 4508 2152 4566 D
2180 4495 2345 4574 Illius,
2371 4504 2425 4549 et
2445 4495 2691 4574 istipost
2717 4504 2823 4574 tres
2853 4508 3061 4574 menses
3091 4492 3363 4574 Scintilla,
3394 4495 3507 4574 sive
3534 4497 3622 4574 utsi
3669 4489 3772 4549 hic

494 4569 678 4636 Tcrgio
707 4574 752 4618 ct
789 4564 956 4617 Luna.
990 4560 1158 4636 Urbes
1187 4559 1302 4616 ista:
1332 4575 1460 4636 quas
1498 4559 1864 4614 recensuimus
1907 4562 2072 4616 notis-

494 4631 645 4692 sima:
685 4643 841 4696 sunt,
878 4643 1070 4699 prater
1106 4631 1425 4694 Varicouim,
1477 4646 1668 4685 nomen
1714 4640 2025 4697 corruptum
2052 4675 2069 4696 ,

494 4706 904 4778 quoddivinare
950 4702 1267 4778 non-licuit.
1312 4699 1523 4778 Genaﬁva
1567 4700 1832 4778 maritima
1860 4701 2071 4772 (Génes)

495 4769 573 4834 sic
601 4777 815 4841 dicitur,
849 4784 904 4828 ut
942 4772 1011 4826 ab
1055 4772 1404 4839 Allobrogum
1437 4769 1653 4825 Geneva
1692 4769 2068 4838 distinguatur.

495 4850 859 4918 Albenganum
884 4852 1272 4918 Avetus‘notnen
1290 4841 1500 4918 retinet
1522 4843 1775 4918 élbenga,
1806 4840 1934 4918 sede
1958 4842 2068 4909 epi-

493 4909 697 4988 scopali
728 4920 794 4969 ab
836 4913 1139 4988 Alexandro
1177 4912 1240 4966 III
1270 4909 1703 4988 donata.AS.iuna
1731 4920 1825 4988 _est
1854 4909 2072 4988 ‘quona

495 4980 981 5044 sub'Genueusium
1010 4986 1235 5048 ditione,
1274 4982 1622 5050 Opitergium,
1660 4980 1816 5049 vulgo
1845 4980 2063 5035 (Mersa.

495 5060 657 5112 Lunae
686 5057 849 5110 veteri
882 5054 995 5108 urbi
1026 5056 1283 5107 successit
1312 5052 1563 5107 Sarzana.
1600 5053 1746 5105 lianc
1775 5052 2070 5119 expeditio-

497 5144 617 5182 nem
650 5136 910 5180 memorat
938 5122 1131 5178 Paulus
1167 5123 1314 5177 Diac.
1351 5124 1440 5176 lib.
1483 5138 1533 5176 tv
1556 5137 1672 5188 cap.
1704 5121 1794 5184 47,
1821 5120 1908 5173 ubi
1934 5122 2010 5175 ait
2038 5138 2066 5174 a

497 5195 718 5252 ltothari
744 5203 923 5262 captas
951 5192 1114 5248 fuis~e
1146 5193 1503 5262 Romanorum
1534 5192 1790 5262 civitates
1803 5205 1992 5245 omnes
2015 5193 2066 5244 in

496 5270 674 5324 littore
704 5258 865 5319 maris
899 5263 962 5317 ab
992 5267 1111 5317 urbe
1158 5264 1355 5317 Tuscia
1395 5261 1618 5315 Lunensi
1645 5262 1713 5314 ad
1742 5258 2069 5314 Francorum

494 5341 725 5413 ﬁnes,_e_t
752 5335 1082 5413 Opitergium
1113 5336 1268 5413 abeo
1300 5334 1463 5413 fuisse
1488 5331 1748 5413 dirutum.

566 5408 595 5449 δ
633 5400 777 5465 Alias
802 5400 1103 5459 Averni-um.
1135 5404 1350 5470 Aliquot
1381 5416 1502 5454 cum
1538 5402 1861 5469 aspiratione
1894 5400 2075 5455 Haba-

493 5496 692 5534 rorum.
724 5477 815 5533 Sic
840 5485 893 5531 ct
922 5469 1351 5541 Hunnorum’pro
1375 5469 1693 5536 Chunorum,
1721 5481 1778 5524 ut
1797 5487 1943 5541 sape
1965 5488 2073 5528 mo-

497 5552 734 5605 ttttimus.

569 5630 590 5659 ο
632 5619 786 5672 Colb.
817 5624 871 5669 et
903 5613 1098 5667 Bohcr.
1121 5626 1243 5666 cum
1272 5608 1541 5678 plerisque
1565 5611 1752 5675 Editis,
1790 5611 2073 5681 Hispania.

568 5690 595 5726 s
632 5688 723 5744 sic
758 5686 990 5740 Claram.
1040 5682 1191 5749 Apud
1233 5682 1411 5745 Colb.,
1455 5682 1724 5744 Alliccus;
1774 5684 1974 5741 Chesn.
2021 5697 2076 5741 et

500 5758 687 5826 Freb.,
713 5756 946 5821 Atticus;
975 5751 1097 5819 alii,
1133 5754 1374 5812 Alticeus.
1409 5767 1530 5808 cunt
1560 5755 1679 5809 cod.
1710 5754 1885 5809 Palat.

2179 4564 2401 4631 Sintela,
2439 4563 2673 4627 Sintilla,
2700 4573 2753 4616 et
2782 4564 2835 4616 in
2874 4563 3031 4617 codd.
3065 4563 3381 4633 quibusdam
3423 4563 3636 4618 Seusila
3662 4578 3774 4631 ap-

2177 4637 2424 4701 pellatur,
2455 4644 2616 4702 atque
2644 4635 2695 4686 in
2721 4648 2787 4687 eo
2814 4633 3013 4688 desinit
3039 4632 3224 4687 lStdori
3256 4632 3581 4688 Chronicnn.
3612 4636 3776 4689 Sise-

2175 4706 2384 4758 nandus
2411 4719 2552 4758 anno
2577 4703 2677 4758 65I
2709 4702 3083 4757 Suintillanem
3114 4719 3145 4755 e
3170 4704 3305 4757 solio
3332 4704 3658 4758 exturbavit.

2248 4773 2272 4811 ιι
2317 4775 2481 4845 Illyr.,
2512 4790 2633 4845 quae
2673 4782 2789 4829 erat
2818 4777 2978 4827 etiam
3021 4773 3180 4828 lectio
3204 4773 3382 4838 Colb.,
3416 4775 3510 4845 sed
3536 4774 3775 4840 detrita,

2176 4843 2409 4915 zEgidio'.
2444 4850 2514 4898 At
2536 4843 2697 4915 ’(Ilar.
2740 4844 3143 4915 habet‘gtgecio,
3177 4847 3381 4908 centeri,
3417 4843 3584 4914 Ejicio
3605 4884 3621 4909 ,
3654 4860 3783 4914 quo

2179 4912 2413 4970 tmIdoiu
2461 4915 2587 4983 istis?
2603 4914 2760 4968 codd.
2795 4912 3193 4983 Egidii'nornen
3221 4915 3383 4968 scribi
3426 4912 3583 4969 solet.
3626 4912 3783 4972 Vide

2178 4986 2531 5054 fragmentum
2563 4982 2597 5036 4
2636 5000 2703 5038 ex
2748 4982 2867 5039 aliis
2911 4983 3218 5054 Fredegarii
3248 4985 3401 5039 libris
3430 4984 3571 5055 quod
3620 4985 3785 5041 infra

2178 5060 2526 5123 proferemus.

2254 5125 2269 5161 ί
2318 5126 2475 5190 Iiob.,
2506 5124 2621 5178 auri
2650 5124 2865 5179 solidos.

2252 5198 2264 5244 l
2314 5194 2467 5250 Colb.
2499 5206 2551 5249 et
2578 5195 2700 5257 Ed.,
2729 5193 3146 5265 Habundautius.
3172 5194 3318 5250 Hanc
3335 5196 3526 5264 capitis
3549 5194 3621 5250 73
3646 5211 3795 5265 par-

2178 5275 2284 5320 tem
2313 5266 2379 5320 ad
2412 5282 2605 5319 annum
2650 5281 2764 5333 seq.
2800 5280 3009 5319 tevocat
3039 5262 3300 5318 Coiuttus.

2251 5336 2274 5409 ει
2318 5336 2503 5409 Ed.et
2531 5337 2681 5390 Colb.
2714 5350 2834 5389 cum
2881 5336 3039 5398 Βοὴ..
3073 5350 3164 5404 per
3188 5339 3339 5391 viam.
3381 5335 3447 5391 Et
3493 5334 3633 5389 infra
3667 5337 3803 5409 aL,

2178 5408 2362 5461 exinde
2389 5408 2704 5460 abstrahere.

2260 5476 2275 5515 ι
2321 5477 2479 5541 Boh.,
2507 5476 2841 5546 Magantia...
2872 5476 3149 5546 egreditur.

2252 5558 2289 5584 τη
2330 5549 2493 5602 Scara
2522 5558 2603 5601 est
2640 5560 2807 5600 turma
2850 5545 3097 5613 militum,
3127 5554 3187 5599 ut
3202 5546 3311 5612 jam
3338 5545 3805 5609 observavimus.

2183 5619 2361 5677 lufra,‘
2388 5632 2481 5687 pro
2516 5617 2751 5680 Ncuster,
2784 5628 2893 5671 vet.
2928 5615 3025 5669 Ed.
3063 5620 3261 5670 habent
3288 5616 3519 5669 Austris.

2252 5699 2280 5726 α
2324 5683 2483 5755 Βόιιη
2515 5688 2687 5758 hujus.
2720 5688 2882 5743 Chcs.
2915 5697 2969 5744 et
2995 5688 3210 5754 czntcri,
3237 5687 3393 5759 hujus
3422 5683 3725 5758 peritiam.
