3982 6346
287 410 393 467 653

1634 418 1641 425 “
1725 400 2141 456 (ΣΙΙΙΖΟΧΙΜἪ.

3454 401 3560 464 δδι
3582 434 3589 437 -

287 548 409 586 mos
439 543 554 586 erat
585 537 637 594 ⁸,
690 544 854 598 super
900 541 1045 582 arma
1090 526 1305 596 placata
1336 525 1446 597 [AL
1501 523 1716 594 placita]
1766 539 1862 591 pro
1896 530 1940 586 Α
2042 522 2298 577 LXXVII.
2345 519 2600 576 Radullns
2631 520 2735 576 dux
2772 521 2909 575 tnins
2936 519 3223 585 Chamart,
3265 534 3422 590 quem
3456 519 3559 573 Da.
3634 534 3645 545 ο

285 624 552 678 universis
577 623 879 678 Saxonibus
910 622 1140 674 ﬁrmant.
1164 619 1270 673 Sed
1294 633 1478 686 parum
1508 617 1622 670 hmc
1649 616 1876 684 promis-

284 718 366 771 sio
390 714 613 771 sortitur
641 713 911 777 ell’ectum,
947 723 1125 766 tamen
1154 718 1409 765 trthutum
1441 709 1701 773 Saxones,
1735 709 1875 775 quod

285 807 521 861 reddere
544 814 961 869 consueverant,
990 802 1347 871 pra-ccptinne
1378 800 1656 868 Dagoberti
1682 799 1878 852 habent

288 900 583 955 indultum.
630 898 963 967 Quingentas
1011 910 1200 950 vaccas
1252 892 1609 949 inl'erendales
1650 891 1676 929 δ
1724 890 1877 943 annis

289 992 517 1054 singulis
542 1006 572 1046 a
594 991 915 1046 Chlothario
942 991 1154 1044 seniore
1177 987 1365 1043 censiti
1395 985 1710 1047 reddebant,
1734 981 1876 1051 quod

289 1098 323 1137 a
355 1082 658 1151 Dagoberto
688 1090 954 1136 cassatum
986 1088 1090 1134 est.

366 1177 467 1230 Aa.
502 1191 739 1230 ncxxxtt.
764 1203 834 1215 ——
856 1173 1069 1228 LXXV.
1096 1175 1252 1227 Anno
1284 1172 1341 1225 11
1375 1180 1397 1208 ε
1428 1167 1879 1239 regniDagober-

293 1266 370 1330 ti,
402 1280 522 1319 cum
550 1264 756 1319 Winidi
800 1263 949 1333 jussu
983 1263 1233 1318 Santonis
1266 1261 1479 1315 fortiter
1508 1261 1759 1315 smvirent
1782 1300 1798 1323 ,
1826 1267 1879 1311 ct

292 1371 439 1425 saepe
487 1364 804 1411 transcenso
852 1370 1043 1410 eorum
1076 1354 1246 1408 limite
1287 1367 1508 1422 regnum
1556 1352 1878 1406 Francorum

292 1447 638 1515 vastandum,
670 1446 1016 1516 Thoringiam
1062 1455 1117 1500 et
1162 1444 1401 1514 reliquos
1431 1458 1594 1512 pagos
1626 1442 1877 1512 ingrede-

294 1546 512 1601 rentur,
539 1536 872 1606 Dagobertus
902 1535 1077 1591 Mettis
1106 1536 1294 1591 urbem
1329 1535 1568 1596 veniens.
1600 1550 1720 1589 cum
1752 1549 1880 1589 cono

292 1628 421 1681 silio
450 1627 763 1696 pontiﬁcum
814 1641 909 1682 seu
939 1636 994 1682 et
1040 1640 1321 1696 procerum
1343 1665 1358 1692 ,
1389 1625 1745 1693 omnibusque
1778 1626 1885 1692 pri-

293 1720 531 1775 tnatibtts
561 1719 710 1788 regni
742 1719 821 1774 Stti
844 1716 1324 1779 consentientibus,
1358 1716 1682 1786 Sigibertum
1718 1715 1882 1769 lilium

298 1827 457 1867 suum
483 1812 537 1867 in
563 1812 809 1866 Austeris
829 1813 1007 1880 regem
1037 1808 1363 1873 sublimavit,
1395 1808 1683 1876 sedemque
1711 1805 1885 1859 Mettis

1979 613 2235 679 gobertus
2265 612 2574 679 Thoringiaa
2603 614 2792 668 ducem
2826 612 3072 673 instituit.
3101 611 3337 667 oloribus
3358 610 3561 668 vicibus

1978 720 2099 759 cum
2151 705 2389 759 exercitu
2435 704 2777 759 Winidorum
2826 704 3117 767 dimicans,
3150 718 3352 773 eosque
3391 704 3562 757 victos

1981 796 2137 849 vertit
2169 798 2219 849 in
2273 798 2470 864 fugam.
2508 796 2673 867 Hujus
2704 797 2941 850 victorias
2985 794 3235 864 superbia
3266 795 3436 850 elatus
3461 835 3476 858 ,
3509 804 3563 850 et

1980 895 2165 940 eontra
2197 887 2551 955 Adalgisclum
2581 888 2772 942 ducem
2804 887 3031 953 diversis
3057 886 3431 941 occasionibus
3457 889 3555 943 ini-

1984 977 2212 1031 micitias
2255 979 2513 1045 tendens,
2566 980 2819 1045 paulatim
2856 991 3039 1035 contra
3088 980 3412 1051 Sigibertum
3457 985 3565 1051 jam
3614 976 3617 983 ’

1984 1087 2105 1131 tunc
2134 1083 2369 1143 coeperat
2395 1073 2683 1128 rebellare.
2719 1073 2847 1144 Sed,
2878 1082 2934 1127 ut
2962 1073 3159 1127 dictmn
3186 1084 3299 1139 est,
3335 1075 3413 1130 sic
3440 1089 3567 1138 age‘

1987 1172 2071 1224 bat
2099 1186 2112 1223 :
2138 1170 2237 1236 Qui
2270 1169 2442 1239 diligit
2473 1169 2636 1234 rixas,
2673 1168 2958 1221 meditatur
2986 1167 3300 1223 discordias.

2056 1265 2155 1317 AN.
2199 1276 2432 1315 ncxxxv.
2472 1290 2541 1299 -—
2584 1258 2865 1313 LXXVIII.
2903 1263 3059 1313 Anno
3096 1261 3161 1313 14
3190 1260 3340 1329 regni
3387 1258 3567 1330 Dago-

1986 1357 2119 1411 berti
2141 1398 2155 1419 .
2188 1371 2306 1410 cum
2340 1354 2629 1409 Wascones
2668 1353 2877 1408 fortiter
2906 1354 3248 1417 rebellarent,
3280 1361 3336 1407 et
3368 1354 3566 1407 multas

1988 1448 2195 1517 praedas
2236 1450 2287 1501 in
2320 1462 2484 1507 regno
2512 1446 2677 1518 6&9
2710 1446 3037 1500 Francorum
3057 1488 3071 1511 ,
3103 1447 3244 1516 quod
3272 1448 3563 1501 Charibero

1990 1547 2366 1615 tnstenuerat,
2398 1537 2658 1603 facerent,
2684 1538 3014 1605 Dagobertus
3042 1538 3107 1589 de
3136 1538 3385 1592 universo
3408 1520 3571 1607 regno

1989 1613 2312 1699 Burgundiaa
2341 1631 2637 1684 exercitum
2674 1644 2988 1695 promovere
3013 1627 3197 1697 jubet,
3227 1639 3465 1682 statuens
3494 1631 3573 1683 eis

1987 1732 2148 1790 caput
2188 1723 2459 1778 exercitus
2486 1758 2501 1786 ,
2536 1721 2752 1775 numine
2799 1720 3170 1774 Chadoindum
3198 1763 3213 1788 ,
3262 1721 3574 1775 referenda-

1990 1815 2125 1866 rium
2163 1852 2179 1879 ,
2230 1812 2317 1881 qui
2370 1811 2699 1879 temporibus
2747 1809 3064 1865 Theudorici
3111 1811 3378 1880 quondam
3430 1812 3575 1883 regis

295 1905 570 1959 civitatem
610 1901 808 1957 habere
858 1899 1122 1970 permisit.
1165 1898 1555 1953 Chunibertum
1590 1896 1615 1935 ἀ
1644 1897 1883 1952 Coloniae
1922 1902 1969 1961 Β
1999 1904 2182 1957 multis
2214 1899 2413 1972 prteliis
2448 1901 2775 1970 probabatur
2801 1910 3051 1955 strenuus
3078 1917 3091 1964 ;
3116 1900 3203 1970 qni
3234 1916 3354 1955 cum
3385 1901 3575 1957 decent

302 1995 454 2049 urbis
482 1992 810 2064 pontiﬁcem,
840 1999 894 2047 et
939 1990 1299 2061 Adalgiselum
1330 1990 1519 2044 ducem
1554 1988 1805 2057 palatium
1835 1997 1889 2041 et

306 2100 532 2157 regnum
568 2094 592 2122 ι
618 2081 1021 2154 gubernandum
1069 2080 1319 2135 instituit.
1363 2080 1695 2135 Thesanrum
1746 2080 1887 2148 quod

303 2173 582 2230 sufﬁceret
607 2173 716 2227 tilio
740 2171 982 2237 tradens,
1005 2170 1301 2240 condigne,
1331 2178 1389 2223 ut
1417 2168 1615 2236 decuit,
1641 2183 1763 2224 eum
1795 2169 1890 2221 hu-

297 2266 388 2335 ius
414 2265 652 2320 culmine
681 2261 1011 2330 sublimavit,
1042 2271 1097 2317 et
1145 2262 1497 2330 quodcunque
1524 2259 1697 2314 eidem
1728 2260 1889 2328 largi-

306 2368 394 2412 tus
424 2356 623 2421 fuerat,
676 2353 990 2425 singillatim
1034 2351 1483 2422 prmeeptiouibus
1532 2350 1889 2405 roborandam

297 2448 561 2506 decrevit.
598 2448 860 2517 Deinceps
904 2446 1167 2501 Austrasii
1210 2459 1402 2515 eorum
1444 2444 1624 2499 studio
1666 2444 1888 2498 limitem

296 2553 357 2598 et
386 2556 607 2611 regnum
637 2538 802 2611 σεε
832 2537 1158 2594 Francorum
1186 2546 1369 2595 contra
1419 2532 1664 2592 Winidos
1693 2536 1894 2593 utiliter

299 2632 623 2690 defensasse
653 2642 963 2688 noscuntur.

375 2726 477 2780 An.
525 2738 781 2780 ncxxxnt.
818 2754 889 2765 —
936 2722 1169 2778 LXXVI.
1204 2720 1444 2791 Cumque
1472 2738 1613 2777 anno
1642 2722 1709 2776 1‘2
1753 2725 1893 2795 regis

297 2817 584 2887 Dagoberti
614 2818 786 2872 eidem
817 2816 978 2882 lllius,
1003 2816 1219 2872 nomine
1246 2812 1609 2884 Chlodovetts,
1640 2816 1708 2871 de
1737 2816 1887 2871 Nan-

298 2906 534 2962 techilde
582 2908 763 2976 regina
808 2915 968 2960 natus
1012 2905 1236 2970 fuis~et,
1284 2905 1509 2960 consilio
1546 2905 1891 2961 Neustrasio-

297 3012 419 3051 mm
458 2996 500 3063 ί,
534 3011 827 3064 eorumque
859 2996 1248 3060 admonitione,
1278 3011 1379 3067 per
1421 2997 1680 3066 pactiOnis
1709 2998 1895 3052 vincu-

298 3091 413 3145 lum
444 3104 565 3144 cum
598 3089 862 3159 Sigibertn
897 3090 1003 3143 ﬁlio
1054 3104 1154 3143 suo
1185 3088 1431 3143 ﬁrmasse
1479 3088 1794 3144 dinoscitur.
1833 3092 1895 3144 Et

302 3183 704 3239 Austrasiorum
750 3198 939 3237 omnes
972 3183 1225 3251 primates
1270 3183 1577 3251 pontilices,
1608 3181 1894 3252 czeterique

1991 1995 2219 2051 ducibus
2233 2010 2354 2050 cum
2378 1992 2723 2058 eXercitibus,
2752 1992 2803 2047 id
2830 2002 2933 2062 est,
2965 1992 3300 2061 Aritnbertns
3324 1990 3371 2060 ιι,
3399 1997 3576 2049 Λωειο

1992 2088 2173 2157 garius
2199 2128 2214 2153 ,
2247 2085 2612 2142 Leudebertus
2634 2128 2649 2154 ,
2698 2083 3112 2141 Wandalmarus
3138 2126 3152 2151 ,
3187 2084 3527 2143 Waldericus
3551 2125 3568 2154 ,

1996 2179 2283 2243 Ermenus,
2321 2177 2607 2242 Barontus,
2639 2175 2996 2231 Chairaardus
3025 2191 3089 2231 ex
3114 2191 3314 2246 genere
3338 2177 3576 2233 Franco-

1993 2285 2144 2335 rum,
2182 2267 2605 2323 Chramnelenus
2633 2282 2699 2322 ex
2742 2281 2939 2337 genere
2975 2266 3250 2333 Romano,
3282 2268 3577 2325 Wilibadus

1995 2359 2249 2429 patricius
2280 2374 2346 2413 ex
2389 2373 2586 2429 genere
2618 2359 3093 2429 Burgundionum,
3128 2360 3331 2431 Aigyna
3384 2377 3450 2416 ex
3487 2375 3577 2432 ge-

1995 2467 2121 2507 nere
2150 2452 2443 2518 Saxonum,
2475 2452 2715 2521 exceptis
2745 2451 3028 2507 comitibus
3056 2452 3323 2523 plurimis,
3355 2454 3446 2523 qui
3477 2454 3577 2510 (Ιιι⁴

1993 2562 2108 2601 cem
2157 2560 2319 2615 super
2364 2560 2423 2600 se
2474 2561 2579 2598 non
2627 2542 2894 2599 habebant
2940 2542 2980 2609 ί,
3036 2544 3089 2599 itt
3120 2543 3406 2600 Wasconia
3451 2562 3573 2601 cum

1994 2639 2231 2692 exercitu
2274 2635 2641 2713 perrexissent
2670 2675 2685 2701 ,
2718 2644 2773 2690 et
2813 2642 2920 2689 tota
2970 2633 3270 2690 Wasconite
3310 2635 3478 2705 patria
3506 2637 3576 2690 ab

1994 2729 2231 2785 exercitu
2280 2728 2599 2798 Burgundiae
2643 2727 2831 2783 luisset
2875 2728 3121 2798 repleta,
3169 2727 3469 2785 Wascones
3511 2730 3579 2786 de

1996 2824 2135 2877 inter
2165 2822 2426 2877 montium
2458 2820 2685 2891 rupibus
2716 2822 2915 2893 egressi
2943 2823 3010 2877 ad
3036 2823 3236 2878 bellum
3269 2833 3578 2893 properant.
3618 2860 3635 2875 .

1995 2913 2236 2979 Cumque
2264 2911 2490 2981 przeliari
2523 2910 2833 2980 crepissent.
2861 2921 2921 2966 ut
2944 2927 3128 2967 eorum
3158 2929 3273 2969 mos
3302 2922 3406 2979 est,
3431 2923 3580 2985 terga

1997 3008 2285 3064 vertentes,
2314 3000 2439 3055 dum
2465 3009 2751 3056 cernerent
2772 3016 2831 3055 se
2853 3016 2974 3057 esse
2996 3004 3347 3072 superandos,
3378 3003 3431 3058 in
3462 3003 3582 3059 fau-

2000 3106 2093 3147 ces
2126 3091 2364 3157 vallium,
2400 3102 2453 3145 et
2482 3100 2692 3147 montes
2721 3092 3010 3163 Pyrenaeos
3052 3094 3309 3148 latebram
3354 3094 3581 3161 dantes,

1996 3200 2055 3239 sc
2098 3185 2230 3239 locis
2280 3184 2561 3239 tutis~imis
2606 3197 2703 3253 per
2747 3199 2908 3252 rupes
2958 3184 3268 3239 eorumdetn
3323 3187 3581 3241 montium

301 3275 487 3330 lendes
534 3274 815 3345 Sigiberti,
866 3288 1054 3328 manus
1099 3288 1280 3328 eorum
1329 3281 1588 3342 ponentes
1642 3274 1885 3342 insuper,
1918 3270 1963 3332 Ο
2003 3278 2332 3331 collocantes
2364 3277 2659 3330 latitaruut.
2689 3274 2973 3341 Exercitus
3007 3284 3125 3344 post
3153 3287 3357 3344 tergum
3394 3291 3582 3333 eorum

304 3366 667 3419 sacramentis
699 3367 1050 3419 ﬁrmaverunt
1076 3373 1133 3419 ut
1163 3362 1468 3433 Neptricum
1494 3376 1549 3418 et
1592 3364 1892 3435 Burgundia

303 3455 539 3511 solidato
568 3454 756 3511 ordine
783 3455 847 3509 ad
879 3471 1101 3525 regnum
1133 3453 1427 3509 Chlodovei
1460 3465 1578 3523 post
1611 3455 1891 3525 Dagoberti

304 3547 602 3604 discessum
634 3547 940 3618 aspicerent
967 3564 979 3598 ε
1007 3548 1203 3611 Auster
1235 3560 1396 3614 vero,
1431 3545 1677 3602 idemque
1707 3547 1894 3602 ordine

305 3640 575 3706 solidato,
620 3656 685 3695 eo
714 3640 853 3709 quod
900 3651 951 3694 et
981 3639 1051 3694 de
1091 3639 1287 3709 populo
1337 3648 1391 3693 et
1429 3637 1499 3692 de
1525 3639 1697 3706 spatio
1740 3651 1894 3691 term:

313 3744 462 3787 esset
490 3746 797 3801 coaequans,
830 3731 895 3785 ad
926 3745 1145 3801 regnum
1177 3728 1428 3800 Sigiberti
1463 3728 1709 3798 idemque
1741 3733 1792 3783 in
1818 3729 1896 3782 in-

306 3824 563 3894 tegritate
592 3822 813 3878 deberet
839 3822 1122 3892 aspicere;
1156 3831 1213 3878 et
1256 3821 1513 3892 quidquid
1555 3823 1622 3875 ad
1672 3838 1893 3892 regnum

307 3915 713 3971 Austrasiorum
750 3914 860 3985 jam
894 3915 1020 3997 olim
1068 3915 1394 3985 pertinuerat
1418 3956 1434 3981 ,
1469 3917 1569 3969 hoc
1600 3915 1897 3985 Sigibertus

308 4024 403 4064 rex
435 4022 548 4062 suae
578 4007 764 4061 ditioni
792 4007 1082 4077 gerendum
1121 4006 1405 4073 reciperet,
1438 4015 1491 4061 et
1520 4018 1778 4075 perpetuo
1802 4008 1898 4060 do-

307 4097 621 4153 minandum
647 4097 889 4162 haberet,
919 4109 1142 4165 excepto
1163 4096 1355 4150 ducatu
1387 4095 1648 4150 Dentelini
1674 4104 1724 4161 ε,
1756 4096 1896 4165 quod

308 4188 392 4262 [id
419 4199 492 4244 est
517 4230 533 4256 ,
564 4187 677 4260 qui]
708 4187 776 4242 ab
801 4185 1092 4242 Austrasiis
1142 4187 1383 4257 iniquitet
1419 4187 1652 4241 abtultus
1684 4186 1854 4241 fuerat
1880 4228 1895 4253 ,

308 4284 507 4339 iterum
550 4282 617 4337 ad
665 4281 1003 4337 Neustrasios
1045 4280 1482 4350 subjungeretur,
1513 4290 1569 4336 et
1605 4280 1898 4336 Chlodovei

310 4375 560 4445 regimini
604 4375 981 4444 subjiceretur.
1037 4374 1142 4431 Sed
1185 4374 1282 4428 has
1314 4374 1586 4444 pactiones
1638 4374 1899 4429 Austrasii

310 4474 523 4521 terrore
550 4463 837 4535 Dagoberti
864 4464 1038 4519 coacti
1075 4464 1276 4519 vellent
1305 4463 1512 4520 nollent
1536 4464 1774 4521 ﬁrmasse
1802 4466 1898 4519 visi

309 4567 461 4611 sunt.
493 4554 647 4622 Quod
678 4564 862 4623 postea
916 4555 1248 4624 temporibus
1287 4554 1537 4625 Sigiberti
1570 4564 1625 4610 et
1666 4553 1899 4611 Chlodo-

310 4647 396 4700 vei
428 4660 613 4715 regunt
644 4656 1020 4699 conservatum
1051 4644 1217 4701 fuisse
1248 4655 1480 4699 c0nstat.

388 4772 416 4800 ι
457 4762 610 4816 iittnc
638 4776 838 4814 merent
870 4761 1118 4812 omnibus
1143 4759 1352 4826 populis
1378 4757 1899 4815 Sententrionalibus

312 4834 637 4955 familiiirem
654 4834 817 4885 luisse
837 4832 1086 4885 ob8ervat
1100 4829 1330 4899 Cangius
1356 4828 1406 4881 in
1424 4828 1715 4894 Glossario,
1737 4845 1898 4899 quem

312 4919 480 4955 consu
507 4920 554 4954 η.

310 4919 554 4962 consule.

386 4974 417 5013 ιι
459 4973 551 5027 Sic
583 4971 881 5033 Aimoinns.
910 4970 999 5023 lib.
1030 4985 1081 5021 tv
1109 4984 1225 5036 cap.
1257 4969 1358 5036 26,
1394 4969 1566 5023 dictas
1610 4965 1773 5023 fuisse
1798 4968 1895 5022 ad-

313 5046 500 5107 vertit,
533 5043 673 5111 quod
700 5042 854 5095 annis
885 5036 1108 5106 singulis
1138 5039 1485 5095 inferrentur.

390 5126 415 5153 ο
455 5109 701 5167 Cointius
747 5111 1023 5178 legendum
1069 5112 1152 5164 hic
1190 5126 1309 5165 esse
1358 5120 1541 5179 censet
1577 5126 1664 5162 an.
1714 5109 1800 5174 1'2,
1843 5116 1897 5162 et

322 5199 449 5251 cap.
488 5198 603 5251 seq.
646 5198 731 5232 an.
772 5182 870 5246 l3,
899 5179 994 5251 sed
1044 5180 1174 5234 nihil
1208 5183 1405 5250 absque
1433 5180 1630 5236 codicis
1670 5180 1895 5246 alicujus

322 5250 646 5322 auctoritate
677 5252 959 5322 immutare
982 5250 1146 5303 licuit.

394 5323 423 5363 δ
467 5319 621 5377 Colb.
654 5333 705 5375 et
727 5321 813 5374 alii
836 5361 852 5386 ,
881 5319 1243 5383 Humbertum,
1275 5321 1413 5390 quod
1442 5320 1660 5389 perinde
1685 5329 1786 5373 est.

391 5405 418 5433 ο
458 5394 548 5448 Sic
576 5393 851 5455 legendum
883 5406 1006 5445 esse
1045 5402 1226 5445 monet
1260 5387 1495 5445 Vale~itts
1524 5407 1589 5445 ex
1622 5391 1739 5444 cod.
1776 5387 1895 5444 Cla-

316 5480 483 5526 ronn,
514 5466 600 5516 cui
631 5462 892 5529 Chronica
924 5462 1192 5515 Besuense
1218 5474 1272 5514 et
1300 5462 1467 5515 sancti
1500 5464 1716 5529 Benigni
1739 5502 1755 5524 ,
1788 5463 1897 5513 An-

317 5538 468 5589 nales
501 5534 787 5587 Mettenses
813 5548 934 5586 cum
983 5533 1042 5586 Β.
1076 5531 1278 5600 Ρορνίιιί
1315 5531 1427 5583 Vita
1473 5543 1526 5584 et
1555 5532 1736 5583 ett-teri
1767 5544 1897 5584 con-

315 5608 581 5665 sentiunt,
613 5619 733 5656 cum
765 5603 954 5657 Bolter.
985 5613 1039 5657 et
1071 5601 1228 5656 Freh.
1261 5604 1346 5670 qui
1380 5602 1538 5655 habet
1566 5603 1766 5664 ducem,
1799 5618 1892 5667 ρας

318 5679 528 5740 latium,
560 5683 697 5735 etc;
742 5677 881 5727 sicut
925 5683 981 5726 et
1022 5673 1127 5736 ΙΙΙ..
1175 5673 1298 5726 licet
1347 5673 1539 5725 habent
1579 5672 1777 5741 ριιιιιιὶὶ.
1828 5673 1895 5724 At

315 5747 526 5799 Chesn.
566 5756 621 5796 et
659 5743 749 5797 alii
799 5744 894 5797 Ed.
926 5758 1046 5797 cum
1094 5743 1246 5797 Cnlb.
1274 5759 1286 5795 :
1315 5741 1665 5809 Adalgfselunt
1713 5746 1892 5793 ducem

318 5816 503 5883 palatii
526 5819 593 5866 ad
621 5814 1272 5884 regnumignbernandum,
1309 5822 1412 5867 etc.
1448 5812 1596 5884 Unde
1625 5813 1783 5884 aliqui
1813 5816 1891 5884 ing

320 5881 498 5941 tulere
544 5881 734 5940 novant
778 5900 807 5939 a
839 5881 1136 5954 Dagoberto
1178 5885 1490 5954 dignitatem
1533 5882 1681 5939 ducis
1712 5881 1890 5952 palatii

1996 3385 2118 3423 cum
2148 3369 2378 3423 ducibus
2408 3369 2718 3437 insequens,
2751 3367 2982 3437 plurimo
3004 3384 3227 3423 nurnero
3251 3370 3579 3438 captivorum

1996 3459 2288 3514 Wascones
2335 3469 2643 3528 superatos,
2683 3473 2777 3512 seu
2823 3466 2877 3513 ct
2917 3473 2989 3513 ex
3042 3458 3124 3514 his
3167 3474 3354 3529 magna
3399 3461 3584 3518 multis

1970 3552 2178 3605 .tutline
2208 3550 2548 3613 interiectos,
2591 3563 2780 3604 omnes
2829 3547 3021 3604 domus
3061 3564 3246 3604 eorum
3291 3552 3583 3623 incensas,

1999 3633 2219 3712 peculiis
2265 3642 2406 3715 [AI.,
2448 3639 2717 3713 pecuniis]
2767 3650 2822 3696 et
2873 3644 3033 3695 rebus
3073 3642 3393 3710 exspoliant.
3437 3641 3583 3698 Tan-

1997 3737 2119 3789 dem
2166 3734 2459 3789 Wascones
2506 3733 2746 3800 Oppressi
2793 3747 2885 3787 seu
2936 3733 3219 3802 perdomiti
3271 3735 3481 3791 veniam
3528 3746 3585 3793 et

1998 3840 2186 3895 pacem
2216 3840 2245 3877 a
2294 3822 2671 3892 superscriptis
2710 3822 2935 3877 ducibus
2966 3834 3228 3893 petentes,
3264 3826 3582 3895 promittunt

1999 3932 2057 3970 se
2087 3914 2271 3985 glorias
2299 3922 2354 3970 et
2392 3913 2705 3981 conspectui
2737 3912 3019 3982 Dagoberti
3052 3916 3195 3984 regis
3233 3925 3586 3984 praesentatu-

2001 4021 2110 4073 ros,
2141 4016 2193 4059 et
2221 4020 2336 4058 sua:
2364 4003 2551 4057 ditioni
2591 4003 2842 4069 traditos,
2875 4014 3063 4059 cuncta
3091 4005 3160 4059 ab
3186 4007 3375 4061 eodem
3407 4008 3586 4077 injun-

2000 4107 2085 4152 cta
2128 4096 2465 4162 impleturos.
2514 4095 2763 4149 Feliciter
2807 4093 2896 4149 hic
2931 4096 3201 4150 exercitus
3229 4096 3434 4166 absque
3479 4098 3583 4154 ulla

2004 4185 2223 4241 laesione
2253 4183 2317 4237 ad
2352 4183 2579 4253 patriam
2612 4182 2815 4237 fuerint
2845 4183 3111 4251 repedati,
3142 4185 3186 4237 si
3233 4185 3586 4241 Arembertus

2003 4276 2110 4331 dux
2133 4274 2366 4329 maxime
2390 4287 2510 4327 cum
2537 4271 2840 4328 senioribus
2864 4279 2917 4326 et
2938 4271 3286 4327 nobilioribus
3316 4275 3586 4330 exercitus

2003 4368 2086 4424 sui
2119 4382 2213 4436 per
2243 4363 2620 4436 negligentiam
2650 4377 2680 4417 a
2708 4360 3065 4418 Wasconibus
3087 4363 3140 4418 in
3176 4364 3309 4419 valle
3334 4364 3530 4420 Subota
3557 4367 3575 4417 ι

2006 4475 2111 4515 non
2143 4458 2336 4514 luisset
2361 4455 2695 4511 interfectus.
2734 4454 3019 4509 Exercitus
3045 4470 3173 4511 vero
3212 4456 3541 4512 Francorum
3566 4496 3586 4526 ,

2005 4553 2091 4623 qui
2123 4552 2192 4608 de
2223 4549 2524 4618 Burgundio
2555 4548 2605 4603 in
2632 4545 2917 4603 Wasconia
2947 4542 3113 4619 650
3137 4560 3462 4622 accesserat,
3496 4568 3589 4621 pa.

1930 4642 1980 4700 ι)
2009 4654 2146 4698 irata
2182 4642 2317 4715 [ΑΛ.
2352 4638 2521 4712 parta]
2570 4640 2791 4695 victoria
2822 4640 2962 4696 redit
3005 4641 3071 4696 ad
3117 4642 3354 4713 proprias
3399 4644 3582 4701 sedes.

2011 4766 2134 4810 tunc
2158 4755 2324 4827 fuisse
2353 4754 2490 4827 apud
2539 4751 2772 4827 Francos
2804 4752 3127 4808 institutam.
3178 4755 3338 4819 Boh.,
3365 4754 3579 4827 Atla/gi-

2008 4841 2152 4888 sum;
2178 4824 2298 4889 alii,
2330 4824 2686 4893 Adugysilum.

2081 4893 2100 4933 τ
2145 4895 2363 4962 Aliquot
2392 4895 2511 4959 Ed.,
2542 4894 2936 4955 Austrasiorum,
2964 4894 3101 4961 quod
3125 4893 3258 4947 forte
3280 4910 3466 4948 eorum
3495 4912 3585 4949 an-

2004 4975 2182 5020 ctores
2205 4966 2256 5019 in
2275 4966 2433 5020 codd.
2465 4963 2746 5019 inciderint
2769 4965 2859 5035 qui
2885 4963 3080 5018 habent
3112 4963 3381 5029 Neauster,
3417 4965 3585 5021 Neau-

2001 5038 2196 5089 stratii.

2075 5117 2099 5153 ε
2143 5104 2297 5166 Bob,
2327 5105 2510 5157 ducato
2542 5105 2837 5167 Dentileno,
2869 5106 2959 5167 al.,
2999 5104 3284 5159 Danzilem'.

2072 5174 2098 5213 ιι
2131 5177 2273 5230 ()lar.
2304 5177 2424 5228 cod.
2461 5175 2744 5231 lectionem
2777 5180 2942 5230 secuti
2976 5170 3189 5229 luimus.
3221 5177 3323 5231 Alii
3361 5195 3373 5231 :
3406 5179 3588 5232 Alma-

1998 5249 2195 5317 garins,
2227 5242 2580 5317 Har-ibertas“
2618 5244 2963 5317 Ermenrirus,
2997 5242 3274 5317 Barantus,
3311 5250 3584 5317 Arialdus,

1999 5312 2092 5370 Sen
2124 5312 2466 5369 Hariardus..
2502 5314 2808 5367 liamelentts
2828 5356 2842 5379 ,
2874 5330 2967 5370 seu
3003 5312 3278 5372 (lanienas.
3326 5312 3584 5374 Willibal;

2000 5394 2115 5449 dus,
2149 5388 2380 5457 Agltyno,
2410 5400 2504 5439 seu
2537 5385 2721 5457 Agino.

2078 5469 2091 5495 ι
2134 5455 2263 5510 llmc
2296 5466 2477 5521 postea
2513 5456 2736 5510 totidem
2759 5470 2823 5509 ex
2848 5455 3108 5525 ejusmodi
3137 5457 3419 5512 comitibus
3446 5458 3588 5513 inter

2002 5528 2160 5583 Pares
2204 5527 2440 5593 Francia:
2472 5527 2643 5581 allecti
2678 5537 2823 5588 sunt,
2852 5536 2982 5593 quot
3009 5529 3191 5581 duces.

2075 5601 2088 5649 i
2136 5597 2294 5651 Vallis
2319 5592 2509 5650 Subota
2537 5612 2703 5664 pagus
2729 5606 2810 5649 est
2839 5592 2905 5650 ad
2932 5598 3166 5667 l’yrenmi
3201 5596 3407 5651 radices
3430 5596 3585 5663 situs,

1999 5670 2247 5724 dimcesis
2274 5670 2404 5720 olim
2437 5667 2703 5736 Aquensis
2733 5668 2962 5736 (d‘Acqs)
2984 5708 2998 5733 ,
3033 5683 3171 5721 nunc
3220 5682 3345 5721 vero
3404 5669 3588 5723 Elero-

2000 5741 2184 5794 nensis
2230 5737 2544 5808 (d'Oléron).
2583 5738 2753 5804 Caput
2797 5738 2949 5791 habet
2974 5738 3226 5805 oppidum
3269 5740 3587 5793 Malleonem

1999 5808 2531 5876 (.lluuléoo),SaSOnc
2560 5810 2718 5861 lluvio
2749 5808 3044 5878 irrigatum.
3081 5809 3243 5863 Hodie
3268 5814 3596 5867 contractius

1998 5882 2188 5936 dicitur
2215 5876 2361 5949 Sola,
2395 5894 2490 5933 seu
2523 5880 2703 5945 Seula,
2733 5876 2886 5947 vulgo
2918 5880 2967 5931 tu
3006 5878 3182 5933 Senis.
