3982 6346
386 442 489 493 657

1804 428 2223 487 CIiRONlCUM.

3535 430 3643 485 658

387 552 521 620 Ega
542 551 826 606 verointer
853 558 1077 605 cteteros
1108 548 1363 619 primates
1392 548 1624 618 Neptrict
1654 545 1964 615 prudentius
1992 548 2040 604 Α
2069 558 2204 597 unus
2232 559 2296 597 ex
2329 541 2661 611 primatibus,
2696 556 2908 596 nomtne
2952 539 3353 605 Cbintasndns,
3393 540 3639 595 coileetis

386 660 573 715 agens,
590 656 638 697 et
660 641 985 711 plenitudine
999 641 1262 708 patientia:
1278 638 1383 711 [Αι.
1401 636 1696 707 sapientiml
1712 637 1965 698 imbutus,

385 735 593 790 cunctis
615 744 731 788 erat
776 731 1189 801 praecellentior.
1242 731 1471 799 Eratque
1508 741 1707 798 genere
1751 725 1965 790 nobilis,

389 829 583 895 opibus
611 826 887 881 abundans
910 866 924 889 ,
951 823 1213 891 justitiam
1240 832 1471 888 sectans,
1502 818 1741 875 eruditus
1770 819 1821 872 in
1853 833 1972 871 ver-

394 920 497 984 bis,
544 925 760 986 paratus
816 916 866 969 itt
914 910 1622 979 responsisuantummodo
1651 924 1681 963 a
1730 908 1971 979 plurimis

388 1008 875 1078 blasphemabatur,
892 1021 955 1058 eo
971 1004 1265 1074 quodut-sset
1282 1003 1517 1057 avaritizc
1528 1002 1757 1057 deditus.
1784 1001 1971 1056 Facul-

392 1112 527 1156 tates
549 1101 921 1169 plurimorum,
946 1112 1069 1165 quae
1094 1094 1247 1165 jussu
1275 1095 1554 1163 flagoberti
1577 1095 1627 1149 in
1660 1109 1823 1163 regno
1849 1093 1973 1148 Bur-

383 1194 599 1260 gundite
626 1202 679 1247 et
705 1191 955 1257 Neptrico
983 1190 1166 1243 illicite
1195 1187 1403 1243 fuerant
1446 1196 1711 1255 usurpata:
1731 1228 1745 1252 ,
1776 1195 1828 1241 et
1857 1185 1967 1260 ﬁsci

384 1285 684 1342 ditionibus
725 1292 911 1338 contra
938 1280 1157 1335 modum
1185 1278 1406 1349 justitia:
1453 1278 1701 1343 redactae,
1748 1256 1973 1331 consilio

391 1381 608 1453 [fganis
636 1379 745 1453 [AL
780 1373 1081 1448 Aiginanaa]
1108 1374 1356 1429 omnibus
1384 1380 1777 1425 restaurantur.

463 1471 697 1526 LXXXI.
735 1470 812 1523 Eo
850 1482 989 1523 anno
1038 1465 1423 1523 Constantinus
1475 1463 1763 1531 imperator
1803 1459 1969 1515 mori-

394 1575 483 1619 tur
511 1572 559 1615 κ.
588 1562 858 1616 Constans
899 1558 1037 1614 ﬁlius
1066 1557 1182 1625 ejus
1210 1556 1307 1611 sub
1336 1565 1513 1611 tenera
1545 1563 1702 1609 aetate
1748 1550 1972 1607 consilio

392 1664 613 1711 senatus
661 1655 711 1707 in
754 1652 978 1720 imperio
1005 1649 1348 1705 sublimatur.
1392 1645 1536 1700 Idem
1577 1645 1695 1712 ejus
1732 1652 1971 1712 tempore

391 1745 705 1816 gravissime
728 1759 758 1797 a
787 1740 1099 1798 Sarracenis
1126 1746 1362 1791 vastatur
1393 1737 1692 1805 imperium.
1724 1733 1971 1788 Hieroso-

394 1839 532 1907 lytna
561 1853 589 1889 a
612 1833 922 1888 Sarraeenis
945 1840 1121 1897 capta,
1145 1828 1719 1896 exterasquecivitates
1744 1837 1966 1887 eversa‘,

2076 634 2317 702 plurimis
2343 634 2680 689 senatoribus
2711 634 3051 700 Gottborum,
3083 643 3387 701 caloreque
3421 631 3638 701 populo,

2073 724 2125 777 in
2158 738 2378 791 regnum
2411 722 2625 792 Spaniae
2654 723 2997 787 sublimatur,
3030 722 3118 792 qui
3147 722 3435 791 Tulganem
3457 721 3641 790 degra~

2073 812 2253 865 datum
2283 811 2349 866 ad
2378 826 2512 866 onus
2537 821 2559 848 ε
2590 812 2873 867 clericatus
2910 810 3172 865 tonsorari
3203 811 3327 865 fecit
3359 827 3372 861 :
3415 824 3644 877 cumque

2072 918 2231 957 omne
2261 919 2483 971 regnum
2517 904 2727 972 Spanize
2758 919 2867 957 sua:
2897 903 3089 958 ditioni
3120 902 3405 967 ﬁrmasset,
3431 880 3644 970 cognito

2074 1002 2259 1052 morbo
2290 1000 2396 1071 [ΑΙ.
2424 996 2599 1069 more}
2627 997 2968 1061 Gotthorum,
2997 1011 3151 1067 quem
3193 995 3260 1051 de
3296 994 3510 1062 regibus
3553 993 3645 1047 de-

2072 1088 2358 1158 gradandis
2388 1088 2674 1154 habebant,
2704 1087 2844 1142 unde
2869 1086 3066 1155 smpius
3110 1100 3230 1140 cum
3263 1084 3391 1153 ipsis
3422 1084 3476 1136 in
3512 1098 3643 1136 con-

2073 1180 2193 1235 sitio
2224 1179 2416 1245 fuerat,
2446 1192 2793 1248 quoscunque
2821 1193 2884 1232 ex
2914 1177 2994 1232 eis
3017 1176 3178 1244 hujus
3208 1174 3317 1228 vitii
3343 1182 3641 1242 promptum

2072 1286 2255 1329 contra
2288 1290 2465 1344 reges,
2496 1274 2586 1344 qui
2615 1287 2645 1327 a
2673 1286 2838 1343 regno
2881 1272 3087 1341 expulsi
3119 1271 3347 1332 fuerant,
3380 1282 3649 1336 cognove-

2073 1380 2156 1423 rat
2206 1368 2372 1422 fuisse
2394 1368 2600 1431 noxios,
2648 1374 2788 1420 totos
2812 1363 3118 1433 singillatim
3146 1362 3298 1431 jubet
3326 1359 3551 1414 interﬁci
3600 1358 3643 1423 ί,

2072 1460 2313 1525 aliosque
2359 1456 2551 1511 exsilio
2597 1453 2972 1517 condemnari,
3020 1466 3315 1519 eorumque
3362 1464 3555 1503 uxores
3596 1460 3651 1504 ct

2072 1550 2208 1602 filias
2254 1547 2365 1601 suis
2429 1546 2674 1601 ﬁdelibus
2719 1561 2838 1597 cum
2887 1542 3225 1597 ficttltatibus
3266 1540 3430 1611 654
3471 1540 3647 1594 tradit.

2073 1645 2263 1700 Fertur
2304 1644 2373 1698 de
2420 1642 2730 1712 primatibus
2775 1641 3094 1696 Gottbnrum
3148 1640 3249 1692 hoc
3296 1638 3424 1690 vitio
3480 1633 3652 1699 repri-

2071 1734 2264 1788 mendo
2294 1732 2554 1787 ducentos
2586 1730 2750 1786 fuisse
2796 1730 3109 1784 interfectos
3147 1746 3159 1783 :
3190 1727 3259 1782 de
3295 1723 3651 1779 mediocribus
3698 1720 3700 1723 ’

2070 1833 2391 1891 quingentos
2423 1821 2725 1877 interficere
2749 1821 2923 1888 jussit.
2956 1820 3310 1886 Qttotdttsqtte
3345 1816 3485 1870 lntuc
3508 1829 3649 1867 mor«

394 1906 659 1997 Egyptus
680 1923 924 1993 superior
944 1932 993 1976 et
1019 1919 1236 1975 inferior
1256 1934 1283 1973 a
1308 1917 1617 1975 Sarracenis
1641 1914 1963 1983 pervaditur.
1998 1912 2045 1970 B
2075 1918 2194 1969 bum
2225 1915 2540 1972 Gotthorum
2575 1912 2959 1967 Chintasindus
2998 1910 3339 1977 cognovisset
3387 1906 3653 1974 perdomi-

396 2016 715 2071 Alexandria
742 2014 949 2082 capitur
974 2019 1027 2066 et
1054 2009 1337 2079 praedatur.
1369 2005 1543 2061 Africa
1578 2014 1681 2059 tota
1708 2012 1968 2068 vastatur,

393 2120 444 2163 et
472 2125 501 2161 δ
530 2105 845 2162 Sarraccnis
875 2102 1199 2173 possidetur.
1227 2099 1534 2159 Paululum,
1562 2097 1741 2167 ibique
1767 2095 1971 2165 Grego-

395 2201 505 2253 rius
536 2197 791 2265 patricius
819 2210 848 2248 a
878 2194 1185 2250 Sarracenis
1212 2198 1296 2245 est
1344 2187 1673 2242 interfectus.
1703 2186 1970 2240 Constan-

395 2288 644 2357 tinopolis
681 2295 883 2340 tantum
912 2300 1036 2339 cum
1066 2281 1358 2336 Thraciana
1388 2278 1549 2349 653
1597 2277 1871 2347 provincia
1917 2283 1972 2331 et

397 2380 580 2451 paucis
608 2379 825 2441 insulis,
856 2376 1018 2432 etiam
1048 2383 1103 2429 et
1129 2372 1366 2427 Romana
1395 2369 1421 2408 δ
1451 2369 1721 2439 provincia
1766 2368 1973 2438 imperii

395 2470 584 2526 tlitioni
609 2475 959 2524 remanserat.
992 2464 1121 2518 Nam
1155 2462 1388 2516 maxime
1419 2469 1587 2514 totum
1620 2459 1901 2528 imperium
1944 2470 1975 2511 a

394 2562 707 2619 Sari-scenis
726 2558 957 2629 graviter
978 2556 1072 2610 fuit
1093 2555 1330 2609 attritum
1353 2567 1371 2606 :
1390 2553 1549 2605 etiam
1563 2558 1617 2604 et
1633 2550 1684 2603 in
1708 2557 1975 2617 postremo

396 2658 687 2723 imperator
714 2652 980 2704 Constans
1006 2646 1325 2701 constrictus
1354 2653 1511 2713 atque
1538 2639 1865 2709 compulsus,
1897 2638 1977 2694 ef-

396 2748 573 2803 fectus
597 2754 679 2800 est
705 2742 1123 2798 Sarracenorum
1155 2734 1484 2797 tributarius,
1520 2741 1576 2785 ut
1604 2731 1687 2786 vel
1718 2728 1980 2785 Constan-

399 2840 649 2906 tinopolis
679 2851 800 2890 cum
825 2830 1009 2903 paucis
1051 2829 1339 2901 provinciis
1364 2836 1419 2882 et
1441 2825 1631 2881 insulis
1652 2838 1761 2881 sua
1788 2821 1977 2877 ditioni

398 2937 787 2987 re-ervaretur.
815 2923 1013 2979 Tribus
1059 2920 1215 2974 anuis
1242 2918 1476 2980 circiter,
1510 2925 1565 2968 et
1597 2916 1761 2969 fertur
1803 2910 1979 2965 adhuc

398 3023 649 3101 amplius,
676 3033 770 3088 per
794 3026 1223 3082 unumquemque
1250 3008 1391 3063 diem
1418 3017 1442 3045 ο
1468 3005 1612 3060 mille
1638 3002 1840 3059 solidos
1860 3000 1976 3055 auri

399 3088 1055 3171 arairiiskarraccnorum
1103 3102 1369 3157 Constans
1413 3095 1690 3166 implebat.
1740 3088 1977 3157 Tandem

401 3201 692 3272 resumptis
719 3196 919 3253 viribus
964 3193 1231 3249 Constans
1277 3187 1555 3257 imperium
1598 3182 1979 3261 aliquantisper

2073 2017 2207 2069 tum,
2233 2022 2337 2059 non
2368 2003 2596 2060 cessavit
2626 2017 2762 2072 quos
2791 2002 2841 2054 in
2871 2001 3176 2069 suspicione
3209 1997 3439 2052 habebat
3475 1995 3654 2062 gladio

2073 2098 2360 2153 trucidare.
2384 2095 2566 2151 Cottlti
2596 2068 2726 2149 vero
2748 2111 2779 2146 a
2805 2068 3162 2147 Chintasitulo
3189 2088 3496 2160 perdomiti,
3519 2086 3652 2141 nihil
3692 2068 3697 2071 ’

2071 2189 2330 2243 adversus
2370 2187 2620 2242 eumdem
2655 2185 2770 2239 ausi
2812 2195 2957 2248 sunt,
2989 2193 3046 2235 ut
3074 2183 3140 2236 de
3169 2181 3381 2249 regibus
3429 2192 3655 2233 consue-

2073 2288 2264 2334 verant
2294 2278 2428 2333 inire
2456 2276 2761 2331 consilium.
2794 2272 3177 2327 Cltintasiudus
3203 2286 3322 2326 cum
3354 2277 3503 2323 esset
3545 2268 3655 2335 ple—
3724 2320 3731 2333 ,

2074 2387 2173 2427 nus
2213 2372 2445 2436 dierum,
2480 2369 2642 2423 ﬁlium
2694 2383 2850 2421 suum
2901 2367 3117 2420 nomine
3170 2363 3553 2431 Richysmdum
3603 2360 3655 2413 iu

2074 2465 2218 2520 Ottttti
2263 2477 2434 2532 regno
2462 2461 2678 2529 Spanixe
2727 2476 2906 2530 regem
2957 2458 3233 2512 stabilivit.
3282 2454 3660 2510 Cbintasintlus

2078 2556 2443 2626 pestilentiam
2476 2569 2661 2625 agens,
2694 2554 3086 2622 eleetnosynam
3134 2549 3351 2605 multam
3382 2548 3450 2603 de
3499 2546 3660 2601 rebus

2078 2646 2306 2716 propriis
2344 2644 2564 2711 faciens,
2598 2645 2787 2711 plenus
2834 2649 3110 2697 senectute
3142 2639 3309 2695 fertur
3356 2652 3660 2707 nonagena-

2077 2740 2190 2795 rius
2218 2746 2461 2792 mortuus
2487 2752 2627 2790 esse.

2152 2834 2249 2885 AN.
2280 2845 2512 2885 bcxt..—
2530 2826 2813 2882 LXXXIII.
2846 2827 3001 2880 Anno
3030 2828 3063 2879 5
3090 2824 3239 2890 regni
3263 2820 3555 2878 Chlodovei
3582 2835 3664 2875 re-

2079 2923 2179 2990 gis,
2214 2921 2346 2990 Ega
2387 2919 2443 2976 in
2471 2918 2746 2987 Clippiaco
2776 2916 2896 2971 villa
2926 2924 3120 2969 vexato
3178 2930 3207 2966 a
3250 2914 3396 2968 febre
3420 2911 3664 2965 moritur.

2079 3012 2218 3067 Ante
2258 3025 2454 3080 paucos
2496 3009 2611 3064 dies
2644 3006 3046 3073 Ermenfredus,
3087 3008 3172 3074 qui
3230 3004 3391 3058 filiatn
3445 3001 3666 3071 [Eganis

2083 3120 2302 3160 uxorem
2349 3108 2651 3171 acceperat,
2704 3099 2976 3155 Enulfum
3016 3108 3042 3146 κ
3082 3099 3332 3150 comitem
3383 3095 3437 3149 in
3486 3094 3667 3149 Albio-

2080 3198 2214 3253 dero
2242 3200 2360 3252 vico
2388 3196 2442 3250 in
2473 3194 2633 3249 tnallo
2668 3191 2696 3230 ιι
2726 3192 3010 3247 interfecit.
3044 3192 3125 3246 0b
3156 3191 3293 3244 hanc
3314 3204 3425 3243 rem
3456 3187 3666 3262 gravis-

401 3307 767 3364 rw-cuperaus,
829 3282 1022 3342 tributa
1080 3279 1391 3340 Sarracenis
1448 3277 1715 3347 implenda
1764 3275 1976 3330 refutat.

2093 3287 2216 3342 sima
2245 3295 2453 3354 strages
2476 3284 2543 3338 de
2566 3282 2677 3337 suis
2702 3283 2881 3346 rebus,
2906 3279 3145 3349 jussione
3168 3287 3222 3333 et
3253 3278 3513 3347 permissu
3538 3276 3651 3330 Nan

400 3381 864 3455 Quemadmodum
912 3378 1013 3431 hoc
1042 3376 1234 3429 factum
1283 3371 1471 3426 fuisset
1518 3376 1790 3431 eventum,
1841 3380 1983 3418 anno

404 3483 458 3535 in
491 3494 599 3549 quo
625 3476 895 3545 expletum
921 3478 1025 3532 est,
1074 3469 1127 3523 in
1168 3466 1357 3521 ordine
1406 3462 1586 3516 debito
1632 3459 1885 3522 referam,
1928 3466 1984 3511 et

403 3571 640 3626 scribere
672 3582 773 3621 non
802 3562 997 3628 silebo,
1026 3561 1197 3615 donec
1225 3558 1292 3611 de
1324 3556 1406 3609 bis
1436 3564 1490 3609 et
1532 3553 1654 3607 aliis
1694 3561 1895 3619 optata,
1937 3550 1983 3604 si

407 3662 711 3732 permiserit
741 3658 902 3722 Deus,
947 3654 1237 3723 perﬁciam,
1273 3650 1397 3705 huic
1431 3647 1611 3703 libello
1639 3654 1828 3700 cuncta
1854 3644 1983 3699 mihi

405 3774 472 3812 ex
498 3753 722 3810 veritate
747 3751 960 3821 cognita
980 3749 1235 3803 inseram.

330 3838 331 3841 I
479 3845 739 3903 LXXXII.
772 3845 849 3899 Eo
876 3856 1015 3897 anno
1042 3837 1245 3894 Sintela
1267 3836 1296 3874 ά
1333 3849 1424 3888 rex
1453 3832 1687 3902 Spanius,
1716 3828 1807 3899 qui
1839 3830 1988 3884 Sise-

408 3937 585 3993 nando
604 3937 664 3991 in
692 3951 856 4004 regno
884 3938 1239 3995 successerat,
1270 3926 1555 3982 defunctus
1586 3931 1690 3980 est.
1724 3921 1892 3992 Hujus
1928 3923 1983 3974 li-

411 4032 532 4096 lius,
563 4027 780 4084 nomine
810 4025 995 4092 Tulga,
1040 4022 1142 4078 sub
1188 4031 1371 4075 tenera
1414 4025 1569 4070 :etate
1600 4014 1815 4083 Spaniis
1853 4012 1989 4082 peti-

411 4126 555 4177 tione
584 4119 747 4191 patris
778 4118 1093 4172 sublimatur
1111 4114 1164 4169 in
1188 4125 1373 4182 regno.
1391 4109 1709 4165 GOIIItOI‘um
1737 4120 1868 4175 gens
1889 4106 1990 4159 im-

411 4212 620 4282 patiens
635 4218 739 4274 est,
758 4206 970 4278 quando
983 4218 1146 4270 super
1162 4216 1223 4257 se
1246 4202 1382 4255 forte
1396 4199 1581 4268 jugum
1596 4212 1698 4251 non
1723 4195 1990 4250 habuerit.

411 4303 581 4371 llujus
600 4299 856 4370 'l‘ulganis
889 4295 1247 4352 adolescentia
1277 4292 1450 4346 omnis
1482 4288 1676 4358 Spauia
1708 4302 1858 4342 more
1895 4301 1989 4341 so-

412 4398 508 4451 lito
534 4395 769 4458 vitiatur,
800 4391 1009 4447 diversa
1038 4385 1380 4441 committens
1404 4381 1711 4437 insolentia.
1742 4376 1987 4432 Tandem

411 4546 593 4594 narrat
620 4534 791 4590 tribus
818 4533 900 4595 his
940 4532 1094 4584 annis
1132 4525 1492 4596 consignanda
1545 4524 1645 4577 sint
1681 4542 1695 4589 ;
1744 4523 1838 4578 sed
1881 4525 1994 4578 vult

410 4605 749 4663 solummodo
791 4604 980 4671 A‘lgatn
1012 4618 1105 4654 seu
1136 4599 1396 4666 :Eganem
1432 4596 1683 4671 palatium
1729 4597 1997 4671 primo_et

409 4679 647 4736 secundo
677 4691 817 4730 anno
843 4665 1191 4743 g'ubetnasse,
1220 4665 1494 4743 aciemin
1543 4666 1851 4743 imminente
1897 4665 1992 4743 de-

413 4733 650 4805 functum
672 4788 688 4811 ,
721 4757 777 4799 ut
805 4733 933 4798 dicit
962 4742 1118 4809 infra,
1149 4755 1269 4809 cap.
1294 4737 1382 4790 83.
1431 4736 1710 4791 Consentit
1759 4734 1987 4788 Chroni-
2020 4733 2070 4793 D

410 4836 532 4877 cum
561 4818 730 4872 sancti
761 4814 1001 4881 Benigni.

485 4901 513 4930 ⁸
533 4874 921 4947 Constantinus
937 4884 1175 4939 Heraclio
1199 4880 1332 4950 patri
1354 4878 1609 4934 successit
1627 4892 1715 4930 au.
1740 4874 1865 4950 6M,
1888 4889 1995 4943 quo

414 4944 718 5031 paulopost
750 4972 781 5010 a
811 4955 1032 5031 hlartina
1064 4944 1313 5031 noverca,
1343 4962 1397 5003 ut
1425 4950 1627 5031 fertur,
1659 4944 1993 5031 νοιιςῃξωρο-

416 5013 563 5086 iione
583 5013 792 5088 decato,
814 5025 1190 5090 lleracleonas,
1208 5039 1272 5076 ex
1298 5013 1410 5090 ipsa
1431 5020 1565 5075 alter
1588 5015 1811 5090 fleraclii
1831 5013 1991 5077 ﬁlius,

412 5104 693 5157 successit.
724 5097 828 5152 Sed
859 5094 960 5163 ipsi
1002 5104 1125 5163 post
1153 5087 1251 5147 sex
1299 5087 1529 5163 menses
1553 5087 1750 5163 edicto
1776 5094 1993 5163 senatus

415 5156 636 5233 naribus
660 5156 914 5238 praecisis,
941 5156 1186 5238 et'littgua
1212 5163 1363 5238 matri
1387 5156 1991 5238 abscissa,_substitutus

413 5225 497 5299 est
522 5225 820 5304 Constans,
850 5225 1184 5290 Constantini
1214 5235 1374 5298 ﬁlius,
1400 5229 1862 5286 Monothelitarum
1893 5225 1991 5280 de-

418 5314 623 5367 feusur.

486 5382 512 5420 δ
543 5383 711 5439 Hodie
752 5375 1012 5434 Romania
1056 5374 1268 5433 dicitur,
1300 5386 1419 5441 qure
1446 5368 1728 5425 Thraciam
1752 5365 1997 5441 proprie

412 5437 611 5508 dictam
635 5437 695 5511 et
720 5450 854 5505 alias
883 5446 1084 5500 vicinas
1127 5437 1375 5516 regiones
1398 5440 1827 5516 comprehendit.
1859 5437 1993 5516 Bob.

412 5536 467 5576 ct
500 5535 604 5580 vet.
773 5518 1066 5573 Thrucianu
1084 5508 1338 5586 prouincia
1360 5512 1578 5579 imperii,
1602 5508 1814 5564 caneris
1835 5508 1998 5562 omis-

414 5610 510 5648 SIS.

486 5674 509 5703 ε
532 5661 707 5726 Co‘b.,
736 5659 835 5711 alia
867 5672 1047 5714 manu.
1078 5671 1290 5726 annum.

489 5734 515 5770 ά
546 5732 668 5793 Alii,
692 5716 952 5792 'Sentela,
1001 5743 1093 5779 seu
1143 5725 1372 5782 Sintilla.
1406 5723 1580 5792 Vulgo
1603 5719 1822 5793 _dicitur
1868 5716 1994 5793 Cin-

422 5806 573 5865 tlt'tla,
607 5790 697 5853 aut
743 5790 1009 5854 Suintltila
1058 5798 1122 5863 ll,
1152 5797 1235 5851 eui
1285 5790 1542 5865 successit
1588 5791 1779 5865 Tulra,
1811 5790 1899 5857 qui
1942 5790 1993 5841 in

423 5861 851 5942 editfplcrisquc
879 5867 1067 5939 Talga,
1100 5861 1149 5923 in
1182 5866 1315 5924 Bob.
1350 5864 1545 5932 Tholgu
1585 5861 1885 5931 appellatur
1907 5865 2013 5922 ;at-

2091 3377 2359 3442 techildae,
2401 3390 2432 3429 a
2478 3373 2792 3443 parentibus
2819 3372 3017 3428 Eoum
3050 3380 3105 3426 et
3152 3370 3347 3440 populo
3379 3368 3668 3437 plurimum

2092 3469 2235 3523 ﬁtur.
2282 3463 2667 3521 Ermenfredus
2715 3464 2767 3517 in
2819 3464 3014 3516 Auster
3045 3459 3243 3514 Remus
3280 3459 3345 3512 ad
3394 3457 3670 3513 basilicam

2092 3560 2260 3615 sancti
2288 3557 2529 3613 Remedii
2569 3555 2696 3612 fecit
2722 3554 3047 3624 confugium,
3077 3554 3254 3622 ibique
3282 3551 3472 3607 diebus
3500 3550 3668 3619 pluri-

2092 3656 2195 3709 mis
2226 3653 2362 3707 hanc
2388 3650 2782 3707 infestationem
2811 3647 3105 3703 devitanda
3127 3656 3182 3702 et
3208 3647 3356 3717 regio
3386 3646 3583 3702 timore
3601 3658 3673 3698 re-

2091 3745 2248 3799 sedit.

2152 3760 2248 3796 (ιιι.

2120 3760 2445 3887 cLXXXIV.
2503 3831 2625 3885 Post
2673 3830 2967 3884 discessum
3020 3827 3241 3896 Aiganm
3291 3825 3676 3881 Erchinoaldus

2092 3925 2261 3994 major
2277 3925 2489 3987 domus,
2519 3924 2608 3991 qui
2630 3936 2696 3975 co
2721 3920 3057 3988 sanguineus
3080 3919 3251 3974 fuerat
3274 3920 3338 3969 tle
3365 3917 3623 3989 genitrice
3654 3915 3665 3951 ί

2092 4014 2399 4084 Dagoberti,
2431 4013 2603 4081 major
2647 4012 2839 4066 domus
2882 4011 3063 4080 palatii
3097 4010 3385 4063 CIIItrIOVCI
3427 4008 3675 4061 efﬁcitur.

2094 4107 2328 4174 Eratque
2371 4106 2530 4158 homo
2560 4104 2790 4171 patiens,
2833 4100 3071 4154 bonitate
3116 4100 3320 4166 plenus,
3372 4114 3492 4152 cum
3535 4109 3678 4152 esset

2095 4203 2303 4270 patiens
2330 4210 2384 4254 et
2411 4206 2622 4264 cautus,
2679 4195 2984 4249 humilitate
3027 4206 3081 4249 et
3131 4194 3355 4261 benigna
3405 4194 3679 4246 Voluntate

2097 4293 2239 4346 circa
2287 4289 2616 4351 sacerdotes,
2666 4287 3021 4355 omnibusque
3051 4286 3311 4354 patienter
3352 4294 3403 4337 et
3455 4284 3680 4354 benigno

2098 4379 2447 4451 respondens,
2480 4377 2731 4445 nullaque
2762 4387 2972 4432 tumens
3015 4375 3287 4445 superbia,
3335 4389 3506 4444 neque
3528 4374 3679 4442 cupi-

2096 4536 2196 4587 que
2216 4534 2338 4574 eum
2366 4533 2452 4571 an.
2492 4515 2596 4570 642
2617 4515 2922 4587 exturbavit
2944 4511 3418 4587 CIIIndztb‘WitttIlL‘i,
3455 4511 3542 4579 qui
3586 4525 3677 4587 an.

2095 4581 2200 4649 649
2250 4587 2684 4645 Receswinthutn
2738 4585 2902 4639 filium
2950 4600 3105 4638 suum
3152 4584 3498 4635 monarchatu
3553 4581 3681 4634 reli-

2094 4667 2230 4734 quit.

2170 4742 2194 4770 ⁸
2226 4730 2347 4792 Alii,
2378 4729 2561 4793 lienus,
2591 4741 2685 4793 pro
2708 4727 2969 4788 honorem,
2994 4734 3051 4778 ut
3074 4731 3182 4777 vet.
3220 4722 3380 4776 EtIIII.

2176 4801 2363 4855 fIdem
2414 4791 2619 4852 fecerat
2657 4797 3020 4861 Leuvigildus.
3067 4794 3197 4847 Vide
3227 4793 3449 4861 (ἴτε-εον.
3486 4791 3577 4845 lib.
3626 4809 3689 4847 nt-

2103 4873 2238 4927 llist.
2270 4886 2388 4936 cap.
2415 4868 2506 4935 50,
2537 4876 2591 4921 et
2622 4880 2774 4936 notas-
2803 4869 3091 4936 Alteserrze
3115 4865 3171 4936 in
3204 4863 3349 4936 idem
3381 4875 3559 4936 caput.

2171 4953 2195 4989 [ξ
2228 4931 2393 5003 illati,
2442 4931 2630 5000 setnel,
2681 4934 3047 5001 Chainulfum;
3079 4931 3551 5003 alias,‘_Aimt_Ifum
3582 4946 3679 5003 ap-

2101 5015 2281 5078 pellat.
2313 4999 2491 5073 Colln,
2545 4999 2834 5075 Aniulfum,
2882 4999 2979 5057 seu
3051 4999 3355 5072 Aginuffum
3408 5000 3461 5052 in
3509 5000 3683 5055 indico

2098 5085 2231 5138 Bob.
2246 5123 2260 5145 ,
2291 5082 2543 5148 Agnulfo.

2170 5151 2197 5189 ¹³
2228 5140 2421 5205 “alios
2460 5140 2736 5202 dicebatur
2764 5151 3063 5199 conventus
3092 5142 3255 5197 totius
3284 5140 3537 5209 regionis,
3587 5155 3681 5195 seu

2102 5222 2350 5291 placitum
2383 5216 2577 5291 tnajus,
2612 5217 2943 5291 inuquumres
2973 5214 3193 5291 majoris
3237 5214 3491 5291 momenti
3525 5227 3558 5264 a
3591 5228 3680 5266 co-

2105 5283 2230 5347 inite
2259 5283 2599 5343 ﬁniebantur.
2631 5284 2764 5340 Vide
2789 5284 3117 5339 Glossarium
3147 5283 3361 5352 Caugii.

2181 5360 2195 5398 ί
2224 5362 2348 5425 Alii,
2379 5371 2608 5430 ματρί
2625 5357 2866 5430 plerique
2882 5355 3156 5430 genetrice,
3187 5350 3281 5406 seti
3311 5368 3490 5430 genere
3516 5350 3681 5421 Bago-

2104 5434 2261 5485 berto.
2290 5424 2677 5484 Erebinoaltlus
2701 5427 3015 5480 Balthildem
3043 5434 3222 5494 postea
3252 5424 3481 5494 reginam
3511 5436 3684 5494 ccap-

2109 5504 2313 5556 tivitate
2362 5498 2613 5565 redemit,
2646 5508 2894 5553 sanctum
2944 5492 3201 5549 Furseum
3248 5492 3684 5565 _exc_epit,_eique

2088 5573 2433 5630 Latiniacum
2464 5584 2564 5640 pro
2585 5560 3297 5640 construendomonasterio
3328 5560 3566 5625 donavit,
3590 5576 3684 5615 ec-

2105 5645 2432 5706 clesiamque
2466 5630 2577 5693 ’διώ
2625 5640 2790 5704 ipsius
2823 5634 3038 5688 nomine
3066 5633 3222 5706 apud
3256 5630 3522 5706 l’eronaui
3560 5646 3683 5706 cou-

2105 5715 2320 5768 struxit.
2348 5701 2493 5765 Obiit
2527 5701 2683 5772 paulo
2713 5721 2833 5760 ante
2875 5713 3116 5758 sanctum
3148 5701 3374 5769 Eligitttn
3423 5716 3485 5754 ex
3513 5701 3689 5771 ipsius

2106 5781 2471 5906 ﬁgligii
2500 5778 2633 5835 Vitae
2663 5778 2754 5833 lib.
2802 5793 2860 5841 ιι,
2890 5792 3009 5843 cap.
3037 5772 3130 5837 25,
3176 5774 3225 5827 id
3275 5782 3356 5826 est
3403 5773 3545 5827 circa
3588 5787 3687 5827 an.

2106 5872 2230 5909 num
2258 5853 2384 5907 659.
