3982 6346
338 401 345 407 ’
370 399 474 457 639

1526 398 1945 454 FREDEGARII
1990 399 2435 454 SCll'.il..\STlCl

3522 398 3626 458 680

368 520 529 574 ditnte
555 514 801 571 stevtebat
832 529 847 571 :
883 522 1083 569 lantum
1129 514 1179 569 in
1210 530 1307 570 suo
1345 524 1585 584 tempore
1629 535 1809 586 pacem
1853 534 1937 571 ευ·
1975 518 2017 572 Α
2049 514 2412 568 Grimoaldum
2481 513 2725 583 superbia
2769 522 2999 577 tumens,
3056 521 3109 567 et
3158 513 3330 570 zelum
3376 513 3624 581 ducens,

367 620 517 660 ctaus
546 607 660 671 iuit,
692 615 750 659 ut
794 608 904 661 Deo
932 615 1077 662 esset
1107 609 1368 677 placibile.
1405 609 1533 661 Erat
1579 612 1813 680 sapiens,
1846 610 1939 664 sed

368 697 422 765 i_n
449 698 632 765 primis
662 702 886 754 maxima
918 713 1036 754 cum
1066 700 1424 768 simplicitate,
1458 700 1614 755 rebus
1660 716 1939 755 mensura-

370 792 463 847 tim
499 792 718 856 ditatus,
766 793 833 846 ab
877 793 1121 846 omnibus
1157 800 1273 845 erat
1325 790 1568 846 dilectus.
1622 791 1783 859 Igitur
1826 804 1942 858 post

291 882 299 887 ’
369 883 663 937 discessum
717 884 994 953 Dagoberli
1036 884 1197 956 655
1237 882 1393 951 regis,
1428 896 1533 951 quo
1573 882 1762 935 ordine
1792 883 1941 952 ejus-

371 972 492 1026 dem
524 973 759 1028 thesauri
793 976 928 1028 inter
946 975 1078 1028 filios
1107 976 1261 1028 divisi
1294 974 1507 1038 iuerint,
1534 992 1638 1029 non
1664 975 1903 1027 omittam
1928 990 1940 1025 :

369 1062 462 1115 sed
488 1062 779 1116 dilucidato
804 1064 990 1118 ordine
1011 1064 1133 1120 huic
1161 1065 1418 1120 volumini
1446 1066 1603 1119 inseri
1624 1065 1941 1135 procumbo.

443 1152 703 1207 LXXXV.
737 1156 868 1209 Cum
902 1156 1153 1225 Pippinus
1182 1158 1351 1224 major
1379 1158 1592 1221 domus,
1629 1166 1749 1227 post
1779 1158 1946 1223 Dago-

370 1239 506 1296 herti
538 1243 761 1308 obitum,
796 1255 846 1300 et
878 1247 1056 1300 casti-ri
1088 1246 1251 1301 duces
1282 1248 1704 1311 Austrasiorum,
1750 1248 1837 1317 qui
1864 1264 1948 1303 us-

372 1347 477 1392 que
506 1333 556 1386 iu
591 1335 815 1389 transitu
847 1335 1127 1405 Dagoberti
1156 1351 1268 1391 suae
1292 1336 1498 1392 fuerant
1518 1338 1705 1392 ditioni
1730 1339 1941 1403 retenti,

372 1420 694 1493 Sigibertum
723 1426 959 1479 unanimi
998 1427 1396 1495 conspiratione
1426 1429 1798 1496 expetilssent,
1824 1429 1949 1497 Pip-

372 1510 528 1576 pinus
556 1528 674 1566 cum
705 1514 1051 1577 Chuniberto,
1081 1518 1218 1570 sicut
1245 1527 1299 1571 et
1327 1517 1471 1582 prius
1502 1518 1753 1571 amicitizn
1800 1521 1944 1574 cultu

372 1602 424 1657 in
457 1604 683 1659 invicem
712 1606 952 1660 collocati
985 1605 1211 1671 fuerant,
1257 1616 1308 1661 et
1342 1622 1511 1677 nuper
1542 1608 1681 1662 sicut
1708 1618 1760 1663 et
1802 1610 1947 1677 prius

372 1694 601 1749 amicitia
653 1697 997 1751 vehementer
1040 1711 1099 1751 se
1148 1697 1371 1753 lirmiter
1417 1710 1675 1768 perpetuo
1726 1715 1947 1755 conser-

372 1783 537 1836 vanda
570 1783 824 1853 obligant,
862 1801 1154 1853 omnesque
1184 1787 1369 1842 leudes
1412 1790 1815 1845 Austrasiorum
1858 1807 1946 1846 se-

2046 621 2273 670 eumque
2304 605 2579 672 despicere
2606 612 2921 671 conaretur.
2957 602 3299 660 Grinioaldus
3320 618 3441 660 cum
3475 604 3628 661 Chu-

2048 698 2255 750 niberto
2279 696 2528 763 pontiﬁce
2569 710 2629 750 se
2659 696 2708 748 in
2752 695 3037 749 amicitiam
3084 697 3479 767 constringens,
3510 711 3626 753 cm-

2047 794 2197 855 perat
2220 788 2453 855 cogitare
2481 801 2587 855 quo
2615 786 2808 840 ordine
2836 788 2959 840 Otto
2985 785 3054 841 de
3095 787 3294 855 palatio
3316 788 3626 857 ejiceretur,

2052 886 2109 932 et
2138 878 2361 947 gradum
2396 878 2559 947 patris
2590 876 2927 931 Grimoaldus
2956 886 3270 932 assumeret.

2117 972 2216 1022 Au.
2250 984 2483 1023 ocxr..—
2516 967 2825 1023 LXXXVII.
2853 965 3094 1037 Cumque
3118 983 3257 1021 anno
3286 968 3318 1021 8
3342 966 3368 1005 ἀ
3396 968 3632 1039 Sigiber-

2047 1073 2130 1117 tus
2163 1073 2428 1131 regnaret,
2460 1073 2512 1115 et
2541 1060 2801 1114 Radulfus
2826 1060 2934 1113 dux
2956 1060 3260 1132 Thoringiaa
3285 1061 3631 1116 vehementer

2049 1154 2321 1225 Sigiberto
2354 1153 2609 1208 rebellare
2634 1152 3019 1219 disposuisset,
3043 1152 3195 1221 jussu
3223 1152 3472 1221 Sigibcrli
3510 1170 3627 1209 oin-

2050 1262 2145 1301 nes
2174 1247 2359 1301 leudes
2385 1245 2780 1300 Austrasiorum
2800 1244 2851 1299 in
2879 1247 3116 1299 exercitu
3134 1245 3485 1314 gradiendum
3511 1248 3631 1300 ban-

2050 1338 2145 1391 niti
2165 1345 2290 1391 sunt
2315 1344 2360 1388 0.
2378 1336 2675 1406 Sigibertus
2692 1334 2935 1389 Rhenum
2953 1350 3071 1389 cum
3085 1338 3323 1392 exercitu
3340 1338 3626 1402 transiens,

2050 1438 2234 1498 gentes
2284 1428 2519 1497 undique
2564 1426 2633 1482 de
2681 1425 2940 1482 universis
2975 1427 3125 1496 regni
3164 1426 3246 1482 sui
3302 1429 3448 1497 pagis
3489 1429 3627 1483 ultra

2054 1518 2293 1572 Rhenum
2318 1532 2437 1571 cum
2464 1518 2580 1585 ipso
2608 1515 2851 1572 adunatm
2874 1525 3018 1570 sunt.
3036 1516 3214 1570 Primo
3234 1516 3286 1571 in
3315 1516 3432 1572 loco
3460 1518 3627 1572 lilium

2050 1607 2398 1672 Chrodoaldi,
2427 1607 2643 1661 nomine
2668 1605 2860 1660 Farum
2891 1604 2910 1643 ί
2924 1642 2941 1668 ,
2983 1604 3075 1674 qui
3104 1620 3223 1659 eum
3256 1600 3480 1659 Radulfo
3512 1605 3630 1658 uni-

2054 1710 2161 1753 tum
2191 1699 2419 1753 hebebat
2446 1696 2751 1760 consilium,
2775 1697 3052 1751 exercitus
3076 1695 3325 1764 Sigiberti
3357 1695 3629 1750 trucidans

2054 1790 2214 1856 rupit,
2247 1789 2524 1856 ipsumque
2553 1784 2823 1840 interfecit
2868 1801 2882 1837 :
2913 1797 3125 1839 omnem
3172 1784 3421 1852 populum
3471 1783 3630 1854 hujus

372 1887 491 1929 cum
522 1883 742 1944 uterque
772 1876 1080 1944 prudenter,
1114 1887 1165 1932 et
1203 1892 1321 1932 cum
1350 1879 1633 1935 dulcedine
1676 1882 1949 1935 attrahen-
1984 1892 2030 1949 Β
2061 1880 2178 1933 Fari
2198 1879 2287 1947 qui
2314 1877 2543 1947 gladium
2576 1877 2770 1937 evasit,
2790 1874 3088 1944 captivitati
3111 1873 3627 1943 deputant.0mnes-

373 1974 475 2030 tes,
508 1966 858 2038 eos,benigne
886 1968 1267 2038 gubernantes,
1293 1984 1477 2024 eorum
1508 1972 1797 2025 amicitiam
1820 1987 1949 2026 conn

373 2054 661 2121 stringunt,
693 2071 1010 2125 semperque
1051 2067 1287 2112 servant.
1326 2057 1486 2126 Igitur
1527 2060 1951 2116 discurrentibus

374 2143 583 2212 legatis,
618 2153 820 2213 partem
854 2146 1116 2214 Sigiberto
1144 2147 1377 2201 debitam
1403 2149 1468 2203 de
1492 2150 1748 2205 thesauris
1783 2153 1950 2220 Daga-

376 2233 515 2287 herti
548 2235 911 2289 Nantechildze
953 2239 1148 2305 regina:
1188 2247 1245 2291 et
1284 2236 1589 2293 Chlodoveo
1619 2240 1785 2308 regia
1812 2241 1949 2309 Sigi-

374 2324 526 2380 berto
554 2327 859 2395 requiritur,
891 2327 954 2380 ad
995 2327 1133 2396 quod
1164 2327 1490 2382 reddendum
1537 2330 1762 2397 placitus
1800 2332 1953 2385 iusti-

375 2418 561 2472 tuitur.
589 2417 943 2471 Chunibertus
974 2419 1205 2486 pontifex
1237 2421 1383 2472 urbis
1410 2419 1663 2484 (Iolonite,
1697 2430 1751 2476 et
1775 2422 1949 2492 Pippi-

377 2520 477 2563 uus
506 2508 674 2577 major
694 2508 883 2563 domus
912 2525 1028 2564 cum
1061 2510 1327 2579 aliquibus
1355 2511 1665 2581 primatibus
1706 2518 1898 2569 Auster
1921 2532 1949 2569 a

376 2597 643 2666 Sigiberto
671 2599 858 2656 directi
889 2600 1065 2653 villam
1113 2602 1497 2671 Compen'lium
1519 2613 1544 2640 οι
1573 2618 1737 2671 usque
1765 2621 1951 2674 perve-

379 2689 549 2754 niunt,
596 2690 771 2758 ibique
817 2690 1096 2745 thesaurus
1142 2692 1444 2762 Dagoberti,
1488 2695 1707 2764 jubente
1755 2698 1953 2753 Naute-

377 2778 638 2834 childe'et
664 2781 998 2847 Chlodoven,
1029 2783 1281 2838 instantia
1332 2784 1553 2856 Eganis
1596 2788 1815 2857 majoris
1856 2791 1952 2845 do-

377 2884 494 2922 mus
524 2880 899 2938 praesentatur,
945 2882 999 2927 et
1031 2888 1178 2942 aequa
1212 2875 1363 2931 lance
1407 2877 1704 2934 dividitur:
1740 2883 1948 2937 tertiam

376 2968 550 3013 tamen
584 2969 809 3029 partem,
835 2965 901 3019 de
928 2965 1066 3035 quod
1090 2965 1420 3037 Dagobertus
1441 2971 1784 3041 acquirierat,
1813 2975 1953 3030 Nau-

374 3052 621 3107 techiidis
676 3055 854 3123 regina
901 3059 1154 3127 percepit.
1188 3058 1551 3138 tlltunihertus
1597 3072 1651 3117 et
1702 3064 1953 3133 Pippinus

376 3143 517 3200 hunc
544 3146 874 3212 thesaurum,
901 3164 1018 3219 quae
1060 3165 1179 3217 pars
1209 3150 1311 3205 fuit
1337 3152 1613 3223 Sigiberti,
1645 3156 1848 3211 Mettim
1876 3159 1954 3211 lac

2050 1985 2153 2038 que
2183 1969 2389 2037 primati
2421 1977 2474 2021 et
2500 1970 2769 2022 exercitus
2796 1966 3015 2021 dextras
3054 1965 3278 2019 invicem
3311 1964 3526 2030 dantes,
3572 1977 3629 2021 ut

2052 2062 2227 2114 nullus
2259 2056 2483 2112 ltaduli‘o
2510 2058 2673 2111 vitam
2703 2057 3044 2117 concederet,
3076 2056 3169 2109 sed
3198 2057 3311 2110 haec
3340 2057 3625 2123 promissio

2051 2167 2154 2204 nou
2182 2152 2401 2204 sortitur
2427 2147 2695 2203 elTectuut.
2744 2146 3043 2214 Sigibertus
3070 2146 3264 2200 deinde
3299 2146 3626 2200 Buchoniam

2049 2256 2171 2295 cum
2201 2242 2436 2295 exercitu
2470 2242 2757 2303 transiens,
2790 2237 3138 2305 Tbnringiam
3173 2251 3483 2305 preperans.
3522 2235 3628 2291 Ra-

2050 2335 2224 2388 dulfus
2257 2334 2367 2388 hinc
2394 2347 2619 2387 cernens
2644 2342 2875 2384 castrum
2912 2330 3069 2399 lignis
3102 2340 3363 2383 munitum
3393 2331 3444 2383 in
3491 2344 3625 2399 quo-

2051 2425 2170 2478 dam
2195 2435 2373 2478 monte
2400 2437 2561 2490 super
2584 2420 2879 2476 Uuestrude
2910 2420 3071 2473 ﬂuvio
3095 2421 3145 2471 in
3177 2419 3322 2474 Thnr
3346 2420 3467 2489 ugia
3487 2434 3621 2474 cou-

2053 2526 2286 2578 struens,
2329 2513 2619 2567 exercitum
2665 2510 2920 2579 undique,
2970 2517 3228 2577 quantum
3274 2509 3389 2578 plus
3437 2514 3629 2578 potuit,

2051 2606 2327 2675 eolligcus,
2370 2619 2490 2657 cum
2537 2616 2700 2657 uxore
2728 2610 2783 2655 et
2809 2590 2991 2654 liberis
3038 2599 3091 2652 in
3126 2600 3224 2654 hoc
3252 2612 3449 2667 castro,
3481 2601 3545 2653 ad
3572 2615 3630 2655 se

2052 2694 2432 2750 defensaudutn
2464 2692 2719 2746 stabilivit
2746 2709 2758 2745 :
2783 2692 2942 2763 657
2978 2690 3155 2759 ibique
3183 2691 3483 2759 Sigibertus
3504 2705 3629 2746 cum

2052 2788 2288 2844 exercitu
2316 2785 2461 2856 regni
2489 2786 2568 2838 sui
2604 2785 2845 2849 veniens,
2872 2794 3107 2837 casuum
3141 2783 3375 2850 undique
3403 2784 3632 2838 circum-

2054 2882 2143 2935 dat
2171 2881 2476 2945 exereitus;
2513 2873 2766 2931 Radull‘us
2797 2891 2919 2931 veri.
2949 2875 3269 2929 intrinsecus
3298 2874 3364 2928 ad
3396 2877 3632 2943 praelium

2053 2974 2263 3030 fortiter
2296 2980 2620 3041 praeparatus
2669 2969 2907 3023 sedebat.
2940 2969 3043 3022 Sed
3100 2969 3203 3020 hoc
3233 2966 3473 3034 praelium
3517 2969 3635 3020 sine

2054 3065 2277 3122 consilio
2309 3064 2498 3118 initum
2531 3070 2638 3116 est.
2684 3061 2794 3115 lloc
2821 3058 3182 3114 adolescentia
3213 3057 3467 3124 Sigiberti
3494 3060 3635 3127 regis

2056 3159 2301 3227 patravit,
2354 3172 2471 3214 cum
2504 3156 2588 3210 a'ii
2638 3154 2825 3209 eodem
2874 3151 2964 3207 die
2996 3151 3198 3205 vellent
3231 3149 3523 3217 procedere
3565 3150 3634 3202 ad

377 3237 523 3292 eiunt
571 3239 888 3307 perducere;
921 3243 1184 3312 Sigiberto
1215 3255 1567 3313 pricsentatur
1594 3256 1649 3303 et
1688 3249 1943 3305 describi-
1972 3256 2018 3318 C
2051 3252 2280 3321 bellum,
2310 3259 2362 3303 et
2387 3248 2472 3303 alii
2505 3249 2557 3301 in
2586 3246 2837 3309 crastino,
2870 3258 2968 3298 nec
2998 3242 3203 3295 unitum
3236 3241 3493 3296 habentes
3514 3255 3637 3295 con-

377 3338 484 3382 tur.
533 3329 662 3384 Post
706 3346 834 3386 vero
872 3329 898 3370 δ
944 3334 1068 3387 anni
1111 3334 1364 3388 circulum
1409 3336 1664 3407 Pippinus
1702 3341 1952 3407 moritur,

378 3434 475 3473 uec
503 3435 720 3487 parvum
750 3423 987 3477 dolorem
1016 3423 1253 3490 ejusdem
1287 3429 1543 3481 transitus
1567 3431 1774 3484 cunctis
1794 3447 1956 3500 geneo

379 3511 509 3563 ravit
537 3510 589 3564 in
618 3512 831 3577 Auster,
863 3528 929 3568 es
959 3528 1024 3568 eo
1053 3514 1192 3581 quod
1223 3516 1386 3584 656
1413 3520 1479 3569 ab
1510 3517 1641 3585 ipsis
1670 3534 1767 3588 pro
1791 3521 1955 3588 justi-

380 3603 465 3656 tia:
506 3604 648 3659 cultu
677 3614 732 3659 et
778 3605 1015 3659 bonitate
1044 3602 1283 3672 ejusdem
1329 3608 1557 3664 dilectus
1586 3609 1793 3666 fuisset.
1837 3613 1953 3669 Gri-

382 3692 624 3747 nioaldus
652 3693 787 3749 lilius
810 3695 941 3763 ejus,
972 3709 1090 3748 cum
1120 3705 1261 3749 esset
1289 3704 1559 3764 strenuus,
1592 3700 1655 3753 ad
1680 3703 1845 3756 instar
1863 3720 1953 3773 pa-

385 3788 478 3840 tris
506 3785 739 3854 diligitur
762 3802 792 3841 a
824 3785 1086 3855 plurimis.

456 3876 736 3931 LXXXVI.
767 3878 890 3932 Utta
916 3876 1132 3947 quidam
1177 3876 1313 3931 ﬁlius
1344 3878 1538 3935 Uronis
1581 3893 1602 3917 α
1642 3881 1953 3952 domestici,

384 3972 468 4041 qui
505 3971 716 4042 bajulus
742 3969 993 4041 Sigiberti
1024 3973 1091 4026 ab
1120 3972 1482 4028 adolescentia
1536 3974 1728 4037 fuerat,
1769 3988 1957 4032 contra

460 4096 483 4123 ⁸
509 4085 695 4141 Nullus
740 4086 962 4142 fortasse
1005 4087 1149 4141 locus
1188 4096 1371 4158 exstat
1421 4087 1472 4141 in
1522 4087 1764 4152 Francia,
1796 4105 1956 4158 quem

388 4157 563 4229 Reges
576 4158 899 4229 frequentius
924 4158 1277 4229 escoluerint.
1299 4157 1471 4228 Vulgo
1493 4158 1691 4213 dicitur
1715 4157 1955 4226 Conipié-

387 4227 499 4296 gae,
546 4228 679 4281 situs
722 4230 878 4297 paulo
906 4227 1037 4283 infra
1067 4227 1704 4283 conllttentes’Axo-iaiiu
1739 4230 1956 4283 lsaram.

389 4298 520 4361 Yide
568 4298 658 4352 lih.
707 4314 759 4353 tv
805 4301 871 4353 de
898 4299 974 4355 Re
1021 4297 1384 4366 Diplomatica.
1436 4299 1704 4367 Hodieque
1748 4301 1961 4353 celebre

387 4380 467 4423 est
490 4370 761 4435 oppidum,
796 4370 881 4424 ubi
913 4372 1132 4438 iuSIgnis
1160 4367 1367 4421 abbatia
1400 4371 1601 4422 ordinis
1636 4370 1959 4424 Benedictiui

387 4450 441 4563 ﬁt
458 4454 653 4562 ἕρπει’.
684 4440 851 4494 sancti
876 4441 1060 4503 Mauri,
1082 4455 1198 4507 quae
1222 4440 1426 4492 natales
1448 4452 1573 4492 suos
1589 4438 1779 4493 Carolo
1800 4441 1961 4492 Calvo

423 4526 453 4563 e
491 4518 563 4563 et.

394 4518 563 4570 delicto,

2060 3344 2256 3400 silium.
2286 3340 2624 3397 Grlmoaldus
2670 3348 2723 3393 et
2762 3335 3135 3407 ‘Adalegiselus
3164 3333 3471 3391 duces.hac
3515 3349 3639 3389 cer-

2060 3446 2271 3501 nentes,
2314 3433 2583 3509 Sigiberti
2610 3431 2901 3500 periculum
2948 3428 3208 3490 zelantes,
3236 3442 3356 3481 eum
3401 3426 3639 3495 undique

2057 3530 2173 3582 sine
2201 3524 2601 3581 intermissione
2649 3521 2980 3574 custodiunt.
3036 3519 3316 3573 Boboulux
3366 3520 3638 3571 Arvernus

2055 3632 2177 3672 cum
2202 3626 2355 3684 parte
2383 3613 2646 3668 exercitus
2670 3608 3008 3679 Adalegiseli,
3040 3617 3095 3663 et
3134 3605 3465 3662 Enovalaus
3497 3615 3521 3652 ε
3545 3620 3639 3659 co-

2060 3721 2173 3762 mes
2232 3704 2603 3775 Sogiontensis
2654 3716 2772 3755 cuni
2804 3699 3124 3769 pagensibus
3169 3698 3299 3763 suis,
3342 3706 3398 3751 et
3442 3709 3639 3750 caztera

2058 3796 2322 3853 exercitus
2352 3800 2541 3848 manus
2586 3790 2832 3862 plurima,
2866 3799 3053 3844 centra
3098 3787 3383 3842 Radulfutn
3423 3787 3491 3841 ad
3519 3801 3640 3853 por-

2061 3897 2169 3941 tam
2194 3885 2354 3940 castri
2394 3884 2632 3954 protinus
2661 3879 2997 3949 pugnandum
3030 3887 3401 3948 perrexerunt.
3434 3876 3639 3931 Redol-

2064 3977 2150 4031 ius
2176 3992 2295 4032 cum
2344 3976 2608 4044 aliquibus
2645 3972 2866 4027 ducibus
2912 3971 3181 4026 exercitus
3211 3969 3463 4039 Sigiberti
3507 3969 3641 4022 [idu-

2066 4098 2146 4142 tur
2172 4107 2205 4143 a
2233 4090 2371 4144 vobis
2402 4086 2691 4149 munitores,
2714 4101 2839 4151 quos
2863 4084 3058 4155 bajulos
3082 4083 3260 4151 vulgus
3288 4079 3519 4155 appellat
3539 4124 3552 4141 ,
3582 4099 3643 4136 ne

2065 4161 2281 4231 gloriam
2309 4170 2524 4231 vestram
2544 4158 2682 4231 inter
2709 4172 2762 4208 se
2804 4151 3233 4231 ipsi'pqrtiuntur.
3285 4151 3423 4231 Hinc
3454 4166 3641 4218 magna

2067 4223 2385 4283 auctoritate
2402 4226 2841 4293 pollebant,quod
2867 4234 2922 4277 ut
2945 4223 3227 4293 plurimum
3250 4223 3642 4293 omnia_eoruau

2069 4312 2197 4355 nutu
2232 4290 2438 4354 tierent.
2472 4297 2547 4352 De
2577 4296 2656 4350 his
2686 4290 2800 4350 fuse
2831 4302 2884 4349 et
2911 4294 3119 4349 erudite
3163 4290 3381 4346 disserit
3407 4290 3641 4360 Cangius

2069 4371 2119 4423 in
2150 4371 2439 4423 Clossariu.

2139 4438 2166 4477 ἀ
2195 4443 2343 4497 Coll».
2375 4456 2387 4491 :
2414 4437 2638 4508 cumque
2662 4451 2797 4508 anng
2817 4432 2871 4508 9ἶ
2894 4432 2984 4487 Sic
3010 4433 3134 4508 legit
3164 4431 3458 4501 Sigibertus
3478 4429 3641 4484 Gem-

2070 4511 2331 4565 blacensis
2360 4510 2412 4561 in
2440 4503 2703 4561 Chrnnico
2756 4504 2940 4567 Freh.,
2969 4520 3057 4555 an.
3091 4503 3141 4556 7.

466 4579 492 4615 ιι
514 4568 665 4630 COIh.
701 4587 753 4630 et
777 4577 938 4630 Freh.
965 4592 978 4628 :
1012 4575 1136 4629 Post
1172 4577 1334 4643 fertur
1359 4576 1481 4630 anni
1502 4577 1768 4631 circulum.
1800 4578 1956 4643 Boh.,
1990 4576 2041 4635 D
2139 4591 2161 4619 ο
2190 4581 2305 4634 .lam
2336 4578 2401 4633 de
2433 4578 2528 4631 hac
2558 4592 2687 4630 voce
2718 4573 2913 4642 aliquid
2960 4573 3361 4626 observavimus
3407 4569 3460 4623 in
3502 4568 3653 4643 notis

390 4650 628 4702 circulus.
659 4644 899 4700 Circulus
945 4646 1033 4700 ille
1063 4649 1182 4699 anni
1225 4657 1344 4714 post
1374 4647 1608 4700 thesauri
1642 4648 1959 4702 divisionem

392 4716 820 4783 interpretandus
864 4724 964 4777 est,
998 4731 1099 4767 non
1133 4731 1261 4768 vero
1301 4726 1417 4781 post
1447 4715 1668 4785 IEganis
1708 4728 1955 4784 mortem,

396 4798 620 4855 uterque
651 4787 792 4839 enim
824 4802 962 4840 anno
1004 4786 1108 4841 640
1136 4786 1282 4841 obiit.
1317 4786 1568 4854 Pippinus
1594 4789 1833 4853 sepultus
1879 4799 1960 4843 est

393 4857 588 4913 Laudis
616 4857 679 4911 ad
709 4856 894 4910 Getam
926 4872 1132 4910 amnem
1182 4858 1232 4909 in
1267 4856 1543 4911 Hashaniaz
1583 4868 1637 4912 et
1665 4858 1958 4913 Brabautia:

392 4928 644 5001 conﬁnio,
692 4926 1043 5001 llllllciejigll‘n
1072 4928 1288 5001 oppido,
1324 4928 1458 5001 haud
1503 4931 1748 5001 procula
1778 4944 1958 5001 mona-

395 4999 627 5052 ll'lSlel‘iO
670 5000 840 5051 sancti
875 4997 1156 5053 Trudonis.
1191 4998 1319 5052 Vide
1351 5000 1440 5051 lib.
1475 5014 1522 5050 iv
1564 5000 1630 5053 de
1664 4997 1738 5051 lie
1791 4999 1957 5065 Diplo-

397 5076 609 5129 tuatica.
643 5068 722 5139 A_b
751 5083 815 5122 eo
844 5068 960 5139 loco
992 5066 1245 5137 Pippinus
1290 5068 1623 5121 Laudinensis
1663 5086 1957 5139 cognomen

395 5140 620 5205 accepit.
652 5136 858 5204 Corpus
888 5137 1020 5205 ejus,
1060 5136 1250 5205 postea
1284 5138 1588 5206 Nivigellain
1619 5136 1958 5204 trau'slatum,

393 5210 539 5274 juxta
564 5215 802 5261 sanctam
827 5206 1143 5269 Gertrudem
1177 5225 1326 5263 suam
1355 5210 1518 5275 ipsius
1542 5210 1698 5272 liliatu
1732 5209 1959 5277 deposi—

400 5289 509 5330 tum
541 5288 653 5341 est;
698 5278 842 5345 quod
876 5281 1250 5335 monasterium
1283 5281 1374 5339 l2ta
1403 5280 1518 5344 ejus
1544 5296 1675 5331 uxor
1707 5295 1826 5331 cum
1850 5294 1961 5332 san-

393 5360 476 5401 cta
502 5347 765 5403 Gertrude
785 5358 1174 5409 construxerat.
1194 5350 1372 5403 Sancti
1392 5349 1591 5415 Pippini
1619 5348 1778 5401 vitam
1801 5349 1957 5401 (ὶιιαεμ.

396 5421 513 5473 nius
535 5429 678 5474 tonio
702 5419 743 5482 l,
766 5430 819 5472 et
846 5417 1128 5473 Bollandus
1152 5419 1237 5475 die
1262 5422 1321 5482 at
1350 5418 1647 5482 Februarii,
1672 5435 1774 5485 quo
1798 5418 1960 5484 ipsius

395 5490 585 5554 lectum
613 5490 820 5553 colitur,
844 5488 1115 5553 exhibent.
1916 5550 1919 5553 Α

471 5571 493 5597 ο
530 5560 712 5625 Ches.,
760 5559 1006 5620 Beronis;
1053 5560 1148 5623 al.,
1210 5557 1414 5617 Vronis,
1478 5557 1699 5619 Virouis,
1755 5556 1959 5620 Erom’s,

397 5627 600 5691 Amnis.
635 5630 791 5694 Boh.,
846 5627 1053 5683 γνοηες.
1105 5628 1319 5694 Bajulus
1364 5630 1503 5697 regis
1534 5629 1827 5686 dicrhatur,
1871 5629 1957 5693 qui

398 5698 517 5767 ejus
562 5698 891 5753 educationis
921 5712 1099 5748 curam
1152 5699 1409 5759 habebat;
1445 5698 1583 5750 unde
1633 5699 1818 5764 vulgus
1867 5712 1960 5750 eos

402 5769 672 5819 munitores
720 5769 1039 5835 appellabat,
1071 5776 1125 5818 ut
1156 5775 1299 5830 putet
1337 5782 1397 5819 ex
1433 5769 1560 5834 Lupi
1598 5767 1958 5820 Ferrarieusis

401 5837 607 5893 abbatis
636 5837 793 5906 epiSt.
820 5838 907 5900 Μ,
938 5837 1000 5889 ad
1031 5836 1273 5891 (Larcium
1302 5851 1477 5907 regem
1506 5854 1517 5891 :
1550 5837 1669 5906 Non
1701 5838 1962 5892 admitten-

2069 4653 2131 4704 ad
2164 4650 2496 4719 Gregorium.
2535 4647 2771 4719 Bannnm
2810 4640 2900 4719 est
2927 4643 3157 4699 edictum
3183 4656 3276 4719 seu
3306 4640 3643 4694 denuntiatio

2068 4713 2299 4789 alicujus
2320 4720 2417 4772 rei.
2452 4717 2783 4789 Quandoque
2824 4716 2989 4789 etiam
3026 4713 3334 4789 sumebatur
3364 4726 3460 4777 pro
3487 4724 3643 4789 pretia

2068 4792 2131 4849 iis
2160 4780 2248 4859 qui
2279 4804 2383 4843 non
2432 4780 2931 4859 obtetiijieraverant
2977 4782 3210 4859 inﬂicta;
3239 4780 3375 4833 sicut
3418 4792 3472 4834 et
3496 4780 3642 4859 heri:

2069 4849 2295 4914 haunum
2317 4849 2711 4930 (l‘arriére-bnn)
2734 4855 2981 4930 mulciam
2994 4852 3236 4930 signabat
3252 4865 3436 4930 eorum
3455 4851 3550 4930 ,ψη
3575 4849 3642 4903 ad

2065 4919 2355 4991 exc-rcitum
2385 4930 2461 4982 ire
2492 4919 2852 4996 neglexerant.
2884 4922 3000 4996 Non
3030 4919 3184 4989 plane
3204 4921 3437 4975 exolevit
3455 4919 3643 4996 harum

2066 4988 2254 5053 vecutu
2288 5015 2433 5054 usus.
2470 4988 2679 5050 Eteiiitn
2719 4995 2874 5047 hodie
2903 4988 3129 5051 dicimus
3157 4988 3515 5061 consequeris
3543 4988 3643 5041 ban

2067 5087 2109 5121 (ἰ
2143 5071 2513 5127 Farriére-ban,
2551 5076 2603 5119 et
2632 5067 2733 5119 étre
2755 5065 2847 5115 mis
2869 5080 2935 5114 au
2966 5065 3061 5114 (ian
3080 5065 3141 5113 de
3163 5059 3404 5129 l’empire.
3438 5059 3576 5124 Quin
3591 5068 3645 5113 et

2068 5144 2365 5208 nuptiarum
2418 5136 2858 5207 proclamatioues
2906 5134 2957 5186 iu
3010 5132 3251 5189 ecclesiis
3282 5128 3415 5185 ﬁeri
3458 5128 3647 5183 solitas

2066 5210 2257 5263 bunnos
2286 5209 2530 5262 dicimus.
3552 5252 3557 5257 .

2146 5279 2333 5333 fliditi
2382 5278 2646 5347 plerique,
2703 5272 2896 5347 Forum
2944 5272 3105 5347 [ilium
3143 5268 3399 5347 _Cliro.qldi
3443 5268 3648 5347 nomine

2068 5366 2201 5402 cum.
2233 5350 2356 5405 Mss.
2382 5337 2506 5402 cum
2532 5337 2718 5407 Frein,
2749 5337 2976 5405 Ferant;
3006 5352 3060 5394 et
3085 5342 3235 5403 inira,
3265 5337 3452 5404 Fam;
3472 5338 3640 5402 Clar.,

2073 5418 2263 5481 Ferant
2293 5419 2402 5483 ﬁlio
2431 5415 2784 5476 Chrodoaldo,
2816 5425 2920 5467 etc.
2950 5412 3100 5466 αοεδ.
3128 5420 3182 5465 et
3225 5409 3362 5483 ξ]ύίιὶ
3392 5407 3634 5483 compita.

2073 5505 2178 5549 res,
2205 5480 2478 5543 exercituita
2507 5485 2746 5555 Sigiberti
2798 5482 3079 5544 trucidatis,
3114 5480 3253 5547 quod
3297 5487 3383 5535 est
3429 5480 3644 5532 mendo-

2068 5576 2206 5613 sum.

2141 5638 2166 5675 6
2199 5629 2353 5692 Βοὴ..
2385 5625 2693 5696 Sogotinsis.
2719 5622 2871 5676 Colb.
2896 5619 3110 5696 ,ει-ς,ᾶίιί
3139 5619 3405 5696 plerique,
3436 5616 3638 5696 Euoca-

2069 5698 2182 5751 luus
2215 5687 2516 5769 Sigiotcnsvis
2546 5697 2614 5765 (le
2644 5693 2934 5769 Suntga-ty).
2965 5687 3161 5769 Chesu.
3191 5698 3246 5742 et
3276 5687 3459 5769 lfreh.2
3492 5687 3645 5741 Nau-

2069 5770 2246 5823 raluus
2264 5760 2388 5833 fat.
2441 5760 3165 5828 Innovalaus,'.Euavalatus,
3194 5769 3247 5814 ct
3275 5760 3355 5821 sic
3383 5760 3534 5815 intra.
