3982 6346
272 476 379 533 861

1704 474 2124 531 (ἸΙΙΒΟΝΙΕΙἚΜ.

3444 482 3546 540 669

274 597 416 652 ciam
449 594 686 663 haberet,
719 595 862 668 quod
889 610 1051 667 super
1080 594 1251 667 ipsum
1280 610 1387 652 non
1418 595 1709 650 voluissent
1738 596 1863 650 viri-
1894 591 1941 648 Α
1972 590 2199 661 ideoque
2225 606 2339 648 non.
2359 595 2963 665 mancipavitcll'ectum.
2983 598 3221 668 Cumque
3244 598 3550 655 Ercbiuoal-

277 690 381 745 bus
404 689 630 755 irruere,
652 689 722 745 de
740 699 919 744 castro
956 704 1053 758 per
1074 699 1281 759 portam
1306 701 1680 757 prorumpens,
1698 700 1863 755 super

274 781 577 835 exercitum
621 779 872 852 Sigiberti
900 796 1025 835 cum
1052 780 1165 835 suis
1192 780 1436 845 irruens,
1470 787 1615 834 tanta
1659 787 1865 849 strages

277 885 309 924 a
360 871 588 927 lladull'o
622 888 744 927 cum
785 873 897 927 suis
927 872 994 927 de
1039 874 1276 928 exercitu
1324 873 1574 942 Sigiberti
1621 872 1765 937 titur,
1810 879 1867 924 ut

276 963 475 1016 mirum
517 962 719 1020 inisset.
771 964 1147 1031 Magancenses
1178 966 1228 1018 in
1258 967 1360 1019 hoc
1383 962 1568 1033 prtelio
1592 977 1699 1017 non
1747 961 1864 1016 Ine-

276 1065 404 1109 runt
436 1054 642 1111 ﬁdeles.
690 1056 986 1125 Ferturque
1017 1058 1087 1111 ibi
1123 1057 1349 1125 plurima
1394 1054 1559 1110 millia
1589 1054 1864 1109 hominum

276 1143 447 1201 fuisse
490 1146 753 1201 trucidata
783 1148 977 1218 gladio.
1027 1149 1286 1203 Radulms
1315 1156 1521 1217 patrata
1549 1146 1770 1201 victoria
1814 1146 1864 1199 in

276 1245 521 1291 castrum
575 1237 888 1306 ingreditur.
944 1237 1241 1307 Sigibertus
1294 1252 1417 1291 cum
1460 1236 1573 1290 suis
1619 1234 1867 1289 ﬁdelibus

276 1328 432 1396 gravi
460 1327 836 1383 amaritudinis
880 1344 1113 1383 mmrore
1160 1336 1431 1396 arreptus,
1479 1340 1641 1393 super
1672 1339 1867 1394 equum

278 1420 500 1487 sedens,
527 1420 789 1491 lacrymas
818 1422 990 1476 oculis
1018 1434 1397 1491 prorumpens,
1422 1418 1707 1487 plangebat
1732 1431 1868 1487 quos

282 1510 592 1577 perdiderat
617 1527 633 1567 :
666 1504 721 1566 et
751 1512 897 1565 Ilobo
923 1510 1054 1583 [Αιη
1085 1509 1255 1581 Bodo]
1285 1512 1414 1577 dux,
1439 1519 1492 1564 et
1522 1507 1871 1563 Enovallaus

279 1617 489 1666 comes,
515 1609 572 1657 et
586 1604 767 1657 carteri
796 1603 1049 1658 nobilium
1080 1602 1359 1657 fortissimi
1394 1610 1715 1671 pugnatores
1736 1642 1751 1665 ,
1774 1615 1869 1654 seu

282 1704 343 1748 et
384 1696 613 1764 plurima
647 1712 831 1749 manus
860 1697 1128 1751 exercitus
1156 1693 1408 1764 Sigiberti
1437 1693 1597 1761 regis,
1630 1693 1717 1757 qui
1743 1706 1864 1745 cum

282 1785 419 1854 ipsis
447 1787 501 1841 in
527 1790 907 1857 congressione
932 1787 1243 1842 certaminis
1268 1794 1448 1840 essent
1471 1780 1727 1853 ag’gressi,
1744 1799 1870 1837 cnn-

284 1878 550 1948 spiciente
577 1879 865 1948 Sigiberto,
894 1878 993 1933 hoc
1021 1879 1204 1946 prmlio
1218 1878 1428 1932 fuerunt
1443 1877 1711 1931 trucidati.
1737 1875 1867 1929 Nam

1969 685 2068 738 dus
2087 697 2136 739 et
2158 686 2481 744 Elaocbatus
2503 689 2736 761 majores
2757 692 2948 747 domus
2971 693 3108 749 inter
3129 709 3189 749 se
3210 695 3364 763 quasi
3389 710 3549 749 unum

1969 775 2217 831 iniissent
2246 781 2531 834 consilium
2550 824 2564 849 ,
2597 784 3089 839 consentientesad
3120 783 3348 841 invicem
3370 825 3386 851 ,
3411 786 3553 839 nunc

1969 870 2191 940 gradum
2210 869 2449 939 honoris,
2468 874 2781 930 alterutrum
2810 877 3058 932 solatium
3090 878 3413 947 prebentes,
3434 876 3518 933 dis
3544 916 3549 917 κ

1971 971 2174 1029 ponunt
2220 962 2422 1018 habere
2461 964 2708 1021 Ieliciter.
2741 967 3063 1024 Flaocbatus
3089 969 3300 1024 cunctis
3325 969 3553 1025 ducibus

1968 1052 2039 1107 de
2079 1067 2244 1123 regno
2284 1054 2449 1125 659
2494 1055 2832 1126 Burgunditc,
2861 1074 2955 1115 seu
2994 1069 3048 1116 et
3088 1060 3426 1130 pontiﬁcibus
3457 1076 3554 1130 per

1972 1142 2297 1209 epistolam,
2325 1144 2486 1198 etiam
2516 1155 2569 1199 et
2596 1149 2948 1206 sacramentis
2980 1151 3208 1205 ﬁrmavit
3226 1192 3243 1219 ,
3269 1153 3554 1221 unicuique

1971 1236 2197 1303 gradum
2232 1235 2453 1291 honoris
2482 1246 2536 1293 et
2564 1239 2903 1307 dignitatem,
2922 1257 3015 1299 seu
3040 1252 3097 1297 et
3115 1243 3403 1298 amicitiam
3435 1258 3554 1311 per-

1978 1336 2140 1397 petuo
2166 1342 2508 1384 conservare.
2533 1328 2644 1385 Hac
2671 1332 2928 1399 dignitate
2954 1333 3275 1387 sublimatus
3299 1335 3553 1389 Flaoclta-

1974 1428 2060 1473 tus
2089 1435 2312 1491 regnum
2342 1423 2656 1491 Burgundite
2683 1436 3021 1493 pervagatur,
3040 1426 3319 1482 consilium
3343 1412 3555 1483 assidue

1973 1515 2168 1579 iniens,
2203 1518 2434 1582 priorem
2478 1516 2837 1582 inimicitiam,
2867 1533 2970 1587 qua
3010 1520 3189 1573 cordis
3226 1534 3422 1574 arcana
3461 1520 3552 1574 diu

1974 1607 2266 1672 celaverat,
2298 1622 2627 1673 memorans,
2649 1606 3010 1665 Willebadum
3046 1610 3326 1679 patricium
3355 1612 3554 1667 interli-

1972 1710 2096 1752 cere
2121 1697 2458 1765 disponebat.

2050 1787 2161 1842 XC.
2189 1787 2524 1844 Willebadus
2570 1805 2691 1844 cum
2739 1802 2887 1845 esset
2933 1792 3122 1860 Opibus
3168 1791 3467 1858 abundans,
3502 1802 3556 1857 et

1978 1880 2328 1947 plurimorum
2379 1879 2657 1935 facultates
2704 1880 2928 1950 ingeniis
2974 1882 3200 1937 diversis
3242 1882 3553 1948 abstollens,

283 1979 345 2022 ct
397 1968 676 2024 Fredulfus
700 1979 725 2006 ⁸
775 1970 1123 2033 domesticus,
1173 1968 1262 2038 qui
1307 1979 1361 2022 et
1409 1968 1615 2021 amicus
1662 1965 1870 2019 Radulii
1903 1976 1950 2035 Β
1977 1970 2179 2025 ditatus
2209 1971 2411 2041 inclyte
2443 1971 2657 2034 fuisset,
2688 1984 2738 2027 et
2774 1972 2910 2026 inter
2942 1972 3249 2041 patriciatus
3292 1975 3515 2045 gradum
3536 2015 3551 2038 ,

287 2062 460 2117 fusse
484 2064 776 2129 dicebatur,
814 2064 916 2118 hoc
946 2064 1129 2132 pratlio
1147 2063 1422 2118 occubuit.
1460 2062 1757 2131 Sigibertus
1781 2075 1871 2113 ea-

283 2167 411 2208 dem
444 2164 597 2209 nocte
630 2170 724 2209 nec
754 2155 937 2225 procul
966 2156 1033 2209 ab
1064 2155 1181 2224 ipso
1201 2163 1379 2208 castro
1404 2154 1454 2208 in
1488 2152 1735 2207 tentoriis
1754 2167 1874 2205 cum

284 2259 391 2299 suo
438 2247 690 2300 remansit
721 2247 983 2302 exercitu.
1016 2245 1072 2299 lu
1118 2249 1412 2301 crastinum
1464 2244 1708 2297 videntes
1735 2243 1875 2309 quod

285 2338 518 2392 Badulto
542 2338 671 2391 nihil
704 2339 1129 2408 prtevaluissent,
1161 2336 1342 2391 missis
1369 2333 1798 2390 discurrentibus
1820 2344 1881 2387 ut

286 2426 539 2482 Rhenum
582 2428 800 2497 paciiice
841 2428 1009 2499 658
1053 2428 1248 2483 iterum
1298 2410 1710 2490 transmearent,
1758 2439 1878 2479 cum

288 2517 504 2572 Redulii
532 2522 905 2573 convenientia
934 2519 1232 2590 Sigibertus
1259 2529 1315 2574 et
1340 2518 1581 2587 ejusdem
1608 2517 1882 2574 exercitus

286 2610 358 2664 ad
391 2612 634 2680 proprias
663 2612 821 2666 sedes
852 2620 1113 2666 remeant.
1142 2610 1397 2665 Badulius
1423 2609 1674 2679 superbia
1703 2608 1878 2664 elatus

289 2701 361 2754 ad
394 2702 607 2755 modum
641 2706 781 2772 regis
807 2702 859 2756 in
890 2702 1178 2772 Tltoringia
1211 2716 1271 2756 se
1295 2714 1416 2769 esse
1447 2698 1725 2767 censebat,
1749 2700 1883 2753 ami-

290 2792 449 2846 citias
470 2808 589 2846 cum
618 2791 845 2846 Winidis
872 2783 1115 2856 ﬁrmans,
1146 2802 1476 2859 catenisque
1506 2798 1718 2861 gentes,
1749 2802 1882 2857 quas

290 2886 498 2938 vicinas
528 2882 786 2947 habebat,
816 2884 962 2938 cuitu
1006 2882 1259 2937 amicitia:
1282 2881 1573 2951 obligabat.
1603 2881 1659 2934 In
1701 2881 1884 2935 verbis

292 2986 475 3031 tamen
504 2977 769 3043 Sigiberto
794 2976 1032 3046 regimen
1065 2991 1169 3031 non
1187 2975 1510 3042 denegabat,
1535 2974 1634 3029 sed
1655 2974 1705 3028 in
1731 2973 1886 3029 iactis

292 3070 507 3124 Iortiter
534 3070 777 3138 ejusdem
805 3058 1087 3125 resistebat
1110 3068 1485 3123 dominationi.

369 3164 470 3215 Att.
503 3176 678 3217 nexu.
721 3190 791 3201 -—
814 3159 1146 3214 LXXXVIII.
1170 3161 1326 3213 Anno
1356 3160 1415 3211 ll)
1440 3156 1587 3226 regni
1610 3156 1884 3225 Sigiberti,

298 3255 446 3317 Utto,
473 3253 562 3322 qui
594 3252 855 3307 adversus
884 3251 1249 3305 Grimoaldum
1281 3249 1550 3304 inimicitia
1584 3264 1676 3317 per
1701 3262 1886 3323 super-

1975 2071 2031 2115 et
2080 2061 2362 2116 nimiarum
2411 2060 2722 2117 facultatum
2772 2065 3052 2120 elationem
3100 2065 3363 2132 superbize
3410 2077 3555 2122 esset

1976 2154 2219 2217 deditus,
2248 2152 2504 2208 adversus
2536 2154 2880 2208 Flaochatum
2915 2157 3181 2219 tumebat,
3204 2172 3431 2225 eumque
3459 2157 3555 2211 de~

1978 2247 2189 2314 spicere
2217 2246 2532 2301 conabatur.
2558 2247 2876 2302 Flaoehatus
2907 2249 3141 2303 collectis
3170 2264 3352 2305 secum
3384 2253 3557 2319 ponti-

1982 2335 2169 2390 licibus
2212 2344 2275 2389 ct.
2312 2335 2536 2390 ducibus
2584 2336 2651 2390 de
2698 2354 2863 2408 regno
2911 2338 3248 2407 Burgundize,
3278 2338 3556 2394 Cabillono

1982 2438 2078 2492 pro
2098 2423 2326 2479 utilitate
2350 2427 2530 2494 patria:
2554 2429 2885 2481 tractandum
2910 2444 3096 2484 mense
3113 2430 3287 2485 Mallio
3306 2430 3554 2500 placitum

1980 2514 2229 2572 instituit.
2263 2517 2444 2586 Ibique
2479 2529 2531 2571 et
2558 2516 2890 2573 Willi-badus
2934 2520 3329 2578 multitudinem
3374 2537 3555 2579 secum
3608 2543 3616 2551 ·

1984 2608 2188 2662 habens
2227 2608 2461 2663 advenit.
2494 2608 2812 2665 Flaocbatus
2853 2612 3043 2665 ibidem
3070 2611 3431 2669 Willebadum
3471 2617 3556 2669 in-

1984 2699 2231 2755 terﬁcere
2255 2699 2541 2755 nitebatur.
2561 2700 2683 2755 llmc
2704 2716 2930 2756 cernens
2950 2703 3280 2758 Willebadus
3308 2707 3557 2764 palatium

1985 2790 2155 2845 noluit
2197 2791 2442 2846 introire.
2475 2790 2797 2847 Flam-Italus
2826 2794 2956 2849 I‘oris
2983 2807 3169 2849 contra
3195 2794 3555 2851 Willebadum

1988 2882 2342 2950 praeliandnm
2371 2883 2702 2951 aggreditur.
2735 2886 3089 2943 Amalbertus
3120 2903 3247 2941 vero
3276 2904 3559 2959 germanus

1988 2972 2263 3028 Flaochati
2312 2973 2380 3027 ad
2430 2974 2726 3042 pacandum
2776 2978 3169 3045 intercurrens,
3214 2979 3303 3034 ubi
3349 2978 3457 3049 jam
3505 2981 3559 3036 in

1988 3064 2366 3135 congressione
2394 3065 2705 3119 certaminis
2731 3065 3020 3137 conﬂigere
3042 3067 3559 3134 debuerant,Wille-

1988 3160 2159 3216 badus
2182 3159 2549 3215 Amalbertum
2576 3174 2756 3214 secum
2789 3161 3025 3215 retinens
3051 3161 3119 3215 de
3150 3162 3250 3216 boc
3274 3164 3445 3218 evasit
3474 3179 3561 3230 pe-

1992 3253 2185 3307 riculo.
2214 3252 2700 3308 lntereurrentibus
2730 3260 2797 3306 et
2809 3252 3284 3323 ctetcrispersonis
3312 3269 3563 3321 separan-

301 3347 445 3399 biam
477 3346 734 3407 tumebat,
766 3345 997 3399 factione
1026 3343 1344 3407 Grimoaldi,
1375 3358 1402 3393 a
1436 3342 1724 3398 Leutbario
1747 3341 1884 3395 duce
1912 3335 1959 3397 C
1994 3353 2077 3399 tur
2106 3344 2278 3398 illaesi.
2308 3342 2630 3417 Flaqchatus
2659 3343 2913 3412 deinceps
2944 3344 3313 3400 vehementem
3341 3345 3507 3400 inibat
3534 3358 3558 3384 ι

303 3437 731 3491 Alamannorum
785 3438 1122 3490 intrrlicitnr.
1154 3434 1359 3489 Gradus
1405 3437 1623 3489 bouoris
1668 3434 1884 3503 majoris

304 3531 499 3582 domus
530 3532 580 3583 in
615 3529 809 3598 palatio
837 3529 1109 3596 Sigiberti,
1137 3541 1190 3583 et
1219 3530 1363 3581 omni
1393 3543 1558 3596 regno
1584 3530 1889 3582 Anstrasio-

305 3636 423 3673 rem
446 3620 496 3671 in
520 3634 676 3673 manu
702 3618 992 3674 Grimoaldi
1016 3620 1359 3673 continuatus
1381 3616 1885 3672 estveliemeuterb.

383 3717 483 3767 Art.
517 3728 797 3768 nexun—
832 3713 1119 3766 LXXXIX.
1156 3715 1308 3766 Arno
1337 3711 1371 3764 Δ
1403 3713 1545 3781 regni
1576 3711 1886 3775 Chlodovei,

308 3822 537 3875 etuuque
566 3805 931 3860 Nantecbildis
959 3805 1136 3873 regina
1172 3820 1291 3856 cum
1328 3804 1433 3858 lilio
1459 3818 1554 3855 suo
1584 3803 1892 3861 Cblodoveo

310 3911 458 3963 rrge,
490 3904 610 3963 post
639 3894 936 3949 discessum
970 3893 1218 3963 AZg-mm,
1244 3892 1545 3946 Aurelianis
1570 3893 1621 3944 in
1655 3896 1893 3960 Burgun-

309 3988 414 4040 dia:
448 4001 669 4054 regnum
698 3987 952 4052 venisset,
975 3986 1150 4053 ibique
1180 3997 1366 4038 omnes
1393 3984 1653 4049 seniore=,
1680 3984 1893 4051 pontiﬁ-

310 4094 427 4140 ces,
456 4079 623 4132 duces
659 4086 715 4131 et
755 4078 1007 4145 primates
1048 4077 1117 4130 de
1160 4090 1326 4143 regno
1369 4073 1685 4135 Bur,unditn
1724 4073 1790 4127 ad
1836 4089 1895 4129 sc

314 4172 499 4224 venire
532 4170 781 4238 praecepit
810 4186 822 4221 :
859 4169 1039 4237 ibique
1070 4177 1292 4222 cunctos
1318 4165 1686 4221 Nantecbildis
1715 4167 1897 4236 singil-

314 4263 458 4317 latim
490 4260 787 4326 atlrabens,
813 4260 1127 4315 Flaocbatus
1154 4270 1199 4323 ι,
1221 4274 1414 4327 genere
1447 4258 1701 4322 Francus,
1729 4257 1899 4324 major

315 4352 512 4406 (lumnas
536 4353 587 4406 in
613 4368 836 4420 regnum
862 4352 1201 4421 But-gnndite,
1221 4351 1484 4405 electione
1514 4350 1818 4418 pontiﬁcum
1845 4359 1901 4404 et

316 4456 633 4499 cunctorum
685 4446 918 4506 ducum,
960 4460 987 4498 a
1039 4444 1388 4499 Nantechilde
1433 4444 1608 4511 regina
1661 4444 1711 4495 in
1759 4441 1901 4496 hunc

316 4536 542 4603 gradum
568 4534 785 4587 honoris
808 4534 1058 4590 nobiliter
1080 4533 1366 4600 stabilitur,
1383 4542 1703 4602 neptemque
1723 4545 1898 4595 suam,

317 4628 540 4681 nomine
599 4626 990 4693 Ragnobertam
1046 4623 1072 4662 ἀ
1136 4625 1429 4679 Flaochato
1485 4624 1827 4692 desponsavit
1884 4642 1898 4682 :

1987 3436 2271 3491 consilium
2301 3435 2371 3492 de
2403 3435 2619 3490 interitu
2655 3433 2958 3489 Willebadi.
2984 3434 3064 3489 Eo
3091 3450 3233 3488 anno
3261 3434 3567 3489 Nantecliilo

1987 3530 2072 3585 dis
2114 3531 2298 3600 regina
2347 3529 2572 3585 moritur
2606 3528 2650 3581 τ.
2684 3527 2802 3597 Ipso
2845 3540 2987 3582 anno
3029 3540 3219 3582 mense
3266 3527 3566 3594 Septembri

1993 3622 2308 3681 Fiaochatus
2358 3638 2478 3677 cum
2525 3620 2834 3676 Ctilodoveo
2886 3636 3041 3691 rege,
3082 3630 3137 3675 et
3184 3619 3568 3685 Erchinoaldo,

1992 3716 2281 3786 itidemque
2329 3716 2531 3783 majore
2578 3714 2801 3778 domus,
2844 3716 2898 3768 et
2945 3713 3206 3783 aliquibus
3258 3713 3570 3781 primatibus

1992 3807 2345 3869 Neustrasiis,
2373 3807 2440 3860 de
2484 3806 2749 3859 Parisiaco
2777 3819 3097 3873 promovens
3130 3818 3223 3871 per
3249 3804 3490 3871 Senonas
3517 3810 3572 3857 et

1995 3895 2454 3959 Autissiodorum,
2483 3893 2919 3963 Augustudunum
2963 3902 3346 3954 accesserunt;
3394 3893 3573 3962 ibique

1995 3986 2333 4040 Cblodoveus
2393 3983 2750 4038 Willebadum
2814 3982 3094 4052 patricium
3155 3984 3220 4037 ad
3272 4000 3332 4039 se
3392 3984 3575 4037 venire

1999 4079 2273 4146 prtecepit.
2319 4075 2655 4131 Willebadus
2708 4089 2938 4128 cernens
2994 4075 3232 4143 iniquutn
3293 4075 3574 4128 consilium

2000 4171 2305 4234 Flaoehati,
2333 4180 2385 4223 et
2425 4168 2664 4237 germani
2705 4169 2784 4221 sui
2828 4166 3153 4229 Amnliierti.
3190 4166 3476 4235 Amalgarii
3522 4180 3577 4221 et

1999 4258 2371 4313 Clitamneleni
2401 4268 2425 4305 κ
2459 4257 2673 4321 ducum,
2701 4256 2767 4310 de
2796 4270 2895 4309 suo
2924 4255 3139 4309 interitu
3171 4253 3334 4308 fuisse
3364 4255 3572 4323 initum,

2001 4353 2256 4423 Colligens
2286 4365 2465 4404 secum
2501 4346 2778 4415 p'urimam
2813 4346 3206 4400 multitudinem
3237 4346 3304 4399 de
3335 4346 3577 4411 patricia-

2005 4456 2088 4498 tus
2117 4443 2198 4497 sui
2230 4442 2457 4496 termino
2478 4481 2492 4505 ,
2527 4442 2684 4495 etiam
2713 4450 2767 4494 et
2798 4439 3077 4510 pontiﬁces
3098 4480 3112 4504 ,
3135 4453 3228 4494 seu
3260 4438 3497 4505 nobiles,
3525 4450 3580 4495 et

2005 4537 2202 4598 fortes,
2255 4547 2390 4601 quos
2436 4546 2763 4601 congregare
2807 4538 3083 4601 potuerat,
3136 4530 3579 4599 Augustudunum

2006 4624 2358 4697 gradiendum
2399 4624 2500 4678 iter
2530 4621 2777 4691 arripuit.
2804 4619 2899 4677 Cui
2928 4621 3092 4693 σεο
3116 4621 3333 4676 obviam
3358 4638 3388 4673 a
3420 4621 3583 4675 Chlo-

224 4778 234 4784 ,
317 4718 586 4786 sponsalia
621 4716 734 4771 haec
763 4719 945 4771 nescio
970 4732 1073 4785 qua
1107 4717 1330 4772 factione
1357 4716 1575 4770 Iiuntur.
1602 4715 1731 4770 Nam
1761 4716 1900 4772 aliud
1930 4704 1983 4764 Ῑ)
2007 4713 2923 4784 doveorege,Erchinoaldomajore
2946 4713 3159 4778 domus.
3185 4722 3239 4768 et
3270 4713 3579 4780 Plaocliato,

319 4809 609 4864 consilium
649 4818 859 4864 secrete
892 4808 1206 4862 Flaocbatus
1236 4818 1285 4862 et
1316 4801 1679 4862 Nantechildis
1723 4809 1902 4877 regina

320 4900 719 4965 tuacbittantur,
743 4901 880 4967 quod
912 4901 1149 4954 creditur
1177 4900 1284 4953 Deo
1316 4916 1419 4953 non
1448 4901 1609 4954 fuisse
1635 4900 1902 4971 placibile,

397 5022 422 5050 ⁸
452 5012 615 5068 (ἷΙιθς.
637 5023 688 5067 et
716 5014 901 5071 Frein.
933 5012 1266 5079 Freudolfus.

396 5082 424 5119 δ
460 5083 647 5135 Postea
679 5101 743 5139 eo
773 5084 1307 5158 inpolentizedcvenit
1333 5094 1436 5158 ,_ut
1470 5083 1723 5158 defuncto
1762 5085 1907 5158 Sigi-

325 5154 503 5214 Iierto,
539 5164 758 5221 ejusque
795 5156 901 5208 tilio
932 5154 1230 5215 Dagoberto
1261 5156 1310 5207 in
1342 5155 1574 5208 Scotiam
1602 5154 1909 5221 amanilaio,

330 5224 737 5278 Chaldcbertutn
774 5226 935 5294 lilium
968 5241 1123 5277 suum
1163 5225 1451 5277 Αιηδιτηςίςθ
1483 5239 1660 5294 regem
1688 5227 1909 5282 salutari

327 5294 577 5364 jusserit.
609 5295 760 5357 Quod
791 5292 997 5364 facinus
1032 5294 1181 5361 regni
1213 5296 1499 5360 optimates
1529 5292 1808 5362 detestati,
1833 5308 1913 5363 ty-

329 5363 504 5421 ranno
552 5366 871 5429 exturbato,
922 5363 1287 5417 Grimealdum
1339 5364 1556 5418 Parisiis
1607 5367 1655 5418 in
1699 5368 1908 5420 vincula

328 5435 631 5503 coniecere,
665 5436 754 5487 tibi
786 5436 1068 5487 defunctus
1096 5444 1178 5487 est
1221 5435 1474 5501 Tuncque
1507 5435 1905 5503 Dagobertus,a

331 5506 647 5575 proceribus
678 5506 823 5574 regni
859 5514 1169 5567 revocatus,
1196 5515 1474 5569 paternum
1506 5505 1797 5559 ltustrasize
1814 5524 1910 5575 _re-

332 5573 496 5646 gnum
530 5573 755 5643 accvpit.
780 5578 890 5640 Qua
922 5576 988 5627 de
1022 5590 1078 5627 re
1113 5576 1353 5646 Valesius
1384 5576 1476 5627 lib.
1500 5592 1566 5627 xx
1600 5584 1655 5629 et
1688 5573 1913 5631 xxul’te—

332 5645 454 5701 runt
486 5646 761 5707 Fiancic.;
791 5646 1155 5698 llensrhenius
1178 5645 1229 5697 in
1251 5645 1423 5698 Vitam
1447 5647 1614 5697 sancti
1639 5646 1911 5713 Sigiberti,

331 5718 422 5770 die
452 5720 473 5769 I
516 5716 705 5779 Fabia;
742 5716 1071 5769 Bollautliani
1120 5723 1172 5770 et
1212 5715 1485 5769 Mabillon.
1519 5714 1568 5767 iu
1604 5732 1692 5781 pra
1716 5716 1751 5769 I‘.
1787 5718 1913 5770 torni

337 5785 376 5840 Il
413 5789 591 5841 Actor.
623 5796 932 5840 sanctorum
967 5786 1085 5840 ord.
1119 5785 1471 5839 Benedictini.
1499 5785 1796 5848 Sigihe‘rtus
1826 5802 1915 5839 se-

340 5860 522 5921 pultus
563 5868 646 5912 est
692 5857 745 5911 in
785 5858 1110 5910 monasterio
1139 5858 1309 5910 sancti
1344 5856 1556 5909 Martini
1586 5856 1725 5924 quod
1756 5873 1918 5925 prope

344 5928 533 5985 licitas
577 5936 955 5985 comtruxerat
995 5927 1059 5982 ad
1108 5927 1279 5996 ripam
1329 5927 1596 5989 Mosella;
1618 5928 1706 5983 ubi
1753 5942 1919 5983 sacrae

2013 4810 2351 4866 Ermenricus
2376 4807 2699 4860 domesticus
2722 4805 2983 4875 dirigitur,
3005 4819 3071 4859 eo
3092 4804 3230 4873 quod
3251 4803 3583 4859 Willebadus

2017 4904 2339 4974 trepidabat,
2364 4911 2539 4956 utrum
2569 4900 2865 4965 accederet,
2894 4912 2960 4950 an
2991 4912 3144 4950 suum
3175 4895 3469 4950 devitando.
3489 4911 3583 4963 pe-

2010 5018 2127 5082 ejus
2150 5014 2387 5083 reliquis:
2412 5013 2476 5083 ad
2500 5027 2589 5066 au.
2617 5009 2751 5083 1552
2771 5016 2997 5083 servata:
3028 5006 3579 5083 {u_erunt._Qno‘anno,

2012 5076 2284 5143 destructa
2312 5078 2544 5138 funditus
2575 5082 2740 5135 sancti
2770 5077 2977 5133 Martini
3005 5076 3436 5141 abbatia,delat:c
3459 5088 3583 5132 sunt

2013 5159 2299 5213 Nanceium
2319 5197 2332 5219 ,
2363 5154 2449 5206 ubi
2481 5156 2531 5204 in
2560 5152 2788 5205 ecclesia
2819 5163 2978 5216 quam
3007 5147 3276 5215 appellant
3306 5149 3583 5211 nrimatia-

2012 5229 2140 5291 lem,
2170 5241 2233 5281 ex
2262 5223 2504 5293 ejusdem
2533 5219 2757 5293 abbatis:
2787 5220 3129 5293 aliorumque
3142 5233 3414 5293 sacrorum
3448 5221 3587 5272 loco-

2014 5287 2136 5352 rutn
2178 5287 2365 5372 spoliis
2399 5302 2465 5372 _et
2503 5291 2768 5372 reditibus
2795 5289 3012 5372 .dotata,
3042 5289 3346 5359 quicscunt.
3373 5287 3609 5343 Festum;

2016 5368 2134 5438 ejus
2163 5364 2353 5417 colitur
2381 5362 2467 5415 die
2498 5363 2520 5415 l
2556 5362 2851 5416 Februarii.

2091 5449 2112 5475 ο
2147 5436 2270 5497 Alii,
2299 5431 2617 5489 Flaucadns.
2643 5447 2735 5483 seu
2766 5428 3114 5492 Flnochndns,
3140 5440 3192 5483 et
3223 5431 3297 5483 sic
3326 5428 3475 5483 infra.

2087 5506 2297 5559 d-(iolb.
2320 5514 2385 5556 et-
2406 5504 2542 5556 Editi
2574 5502 2809 5565 nitidam,
2833 5501 3234 5570 Regimbertam;
3262 5500 3355 5563 aL,
3384 5498 3591 5566 Rugini.-

2021 5582 2244 5636 bertam;
2271 5578 2490 5637 thesin,
2524 5574 2922 5641 liaguobergam.

2094 5658 2117 5685 ε
2150 5646 2304 5702 tlolb.
2334 5653 2389 5699 et
2419 5645 2555 5697 Editi
2589 5636 2817 5711 aliquot,
2841 5642 3150 5695 vehementer
3174 5636 3396 5690 minabat
3426 5638 3599 5689 cousi~

2024 5720 2170 5771 lium.
2199 5717 2353 5781 Bnlt.,
2377 5717 2553 5768 em'itseo‘
2571 5724 2656 5773 at;
2683 5711 2792 5776 alii,
2820 5711 3130 5781 eliminaba‘t.

2105 5787 2123 5825 τ
2158 5776 2369 5849 Sepulta
2400 5793 2483 5837 est
2511 5788 2557 5834 in
2586 5782 2810 5836 basilica
2841 5780 3007 5832 sancti
3042 5776 3299 5849 Dionysii.

2097 5867 2119 5905 ε
2155 5846 2329 5919 Coll»,
2368 5854 2621 5907 Ramlen".
2673 5849 2813 5904 Editi
2857 5851 3082 5913 aliquot,
3136 5846 3466 5900 llomncleui:
3501 5847 3573 5900 ari.

2023 5927 2336 5983 Chramncli.
2359 5923 2683 5979 C'iralttlcni.
2700 5930 2755 5976 et
2780 5921 2862 5976 sic
2888 5920 3045 5973 inira.
