3982 6346
351 532 3592 577 M

619 699 1864 847 FREDEGARII
1970 692 3304 845 SCHOLASTICI

445 1163 454 1172 κ
549 962 1788 1170 (εἷῐιϊυηίειιιη

2027 966 3359 1166 ὐηῒίηαλιιιιω

1391 1321 2557 1377 ..ψ-

1431 1476 1838 1584 PARS
1892 1477 2459 1635 PRIMA,

1375 1716 1837 1796 AUCTOBE
1967 1718 2499 1796 ANONYMO.

403 2061 564 2132 663
585 2059 715 2115 XCI.
745 2059 906 2130 Igitur
936 2069 963 2097 ⁸
992 2059 1328 2115 Chlodoveus
1357 2059 1495 2114 Illius
1528 2058 1812 2129 Dagoberti
1842 2072 1905 2113 ex
1937 2061 1987 2119 Α
2015 2061 2212 2114 Auster
2258 2073 2288 2112 a
2335 2057 2559 2115 Francis
2629 2061 2684 2117 in
2752 2079 2974 2134 regnum
3019 2065 3258 2121 elevatus
3300 2076 3413 2136 est,
3457 2069 3597 2141 apud

336 2169 532 2222 genere
592 2153 1008 2224 alienigenarum
1056 2154 1293 2223 reginam
1344 2151 1647 2222 accipiens,
1695 2152 1910 2207 nomine

337 2243 732 2299 Baldecltildem
762 2244 814 2310 δ,
845 2245 1159 2313 prudentem
1188 2254 1345 2314 atque
1372 2245 1668 2314 elegantem
1687 2289 1701 2311 ,
1730 2243 1913 2313 genuit

335 2350 397 2389 sx
458 2349 522 2388 ea
585 2334 722 2389 ﬁlios
785 2343 932 2398 tres,
989 2333 1382 2397 Chlotharium,
1446 2333 1800 2388 Childericnm
1857 2341 1913 2388 et

335 2424 766 2478 Theodericum:
818 2423 1150 2492 habebatque
1197 2424 1453 2492 majorem
1500 2425 1689 2479 domus
1733 2425 1908 2492 palatii

335 2517 502 2573 uirum
549 2523 824 2569 strenuum
865 2522 1024 2584 atque
1069 2514 1386 2584 sapientem,
1421 2516 1635 2569 nomine
1675 2515 1912 2570 Erchan-

335 2609 568 2664 Waltlum
599 2617 646 2660 ο.
673 2606 1008 2662 Chlodoveus
1034 2607 1214 2676 itaque
1242 2608 1293 2660 in
1325 2622 1490 2678 regno
1515 2622 1698 2675 pacem
1731 2607 1912 2665 habuit

335 2702 534 2767 alteque
581 2699 738 2752 bello.
793 2698 845 2750 In
893 2699 1155 2753 extremis
1203 2713 1332 2752 vero
1370 2699 1492 2752 vita:
1536 2698 1689 2752 annis
1728 2713 1910 2754 amens

335 2790 553 2847 effectus
603 2789 708 2844 vita
755 2791 964 2858 caruit,
1018 2791 1365 2860 regnavitque
1411 2805 1580 2844 annos
1628 2790 1812 2846 decem
1857 2803 1910 2847 et

334 2891 455 2937 octo
481 2878 510 2918 ἀ

404 2973 552 3024 Asse
593 2987 769 3026 ocul.
793 3000 862 3012 —
889 2969 1043 3024 XCII.
1087 2970 1276 3025 Franci
1307 2986 1518 3040 quoque
1543 2971 1908 3032 Chlotharium

335 3062 498 3116 Illinrn
537 3063 653 3132 ejus
689 3063 943 3132 majorem
974 3063 1024 3118 in
1063 3078 1226 3134 regno
1256 3073 1513 3130 statuunt,
1541 3081 1661 3120 cum
1693 3068 1909 3137 praefata

335 3154 516 3218 regina
545 3163 732 3212 matre.
757 3154 954 3211 Eodem
981 3153 1143 3226 664
1171 3171 1382 3225 quoque
1413 3168 1651 3226 tempore
1667 3166 1910 3216 mortuus

338 3254 414 3301 ιιι
439 3244 851 3298 Erchanwaldus
877 3246 1046 3313 major
1067 3246 1257 3300 domus
1289 3245 1488 3313 palatii.
1514 3249 1699 3303 Franci
1729 3259 1906 3306 autem

336 3334 383 3389 In
419 3335 622 3390 incerto
648 3337 984 3402 vacillantes,
1014 3347 1230 3406 accepto
1260 3340 1503 3404 Consilio,
1534 3340 1825 3398 Ebruinum
1854 3344 1905 3397 in

337 3425 493 3492 hujus
522 3427 740 3481 honoris
771 3443 952 3482 curam
981 3443 1043 3482 ac
1069 3429 1380 3498 dignitatem
1415 3438 1674 3489 statuunt.

408 3523 506 3573 As.
548 3534 785 3574 ncu.—
807 3519 986 3576 XCIII.
1028 3521 1182 3576 Hisce
1207 3523 1394 3578 diebus
1421 3523 1764 3582 Cblotharius
1794 3543 1908 3597 rex,

337 3623 363 3664 ι
393 3611 563 3663 valida
605 3612 752 3665 febre
793 3621 1092 3681 correptus,
1123 3611 1255 3667 obiit
1303 3614 1356 3668 in
1389 3613 1687 3685 juventute,
1723 3631 1910 3687 regna-

340 3703 515 3767 vitqne
543 3717 707 3757 annos
734 3713 959 3774 quatuor
987 3713 1033 3760 °.

407 3795 507 3848 An.
549 3807 864 3852 ecutx.—
903 3797 1264 3853 Theodoricus
1307 3813 1436 3853 vero
1485 3798 1648 3854 frater
1693 3801 1812 3868 ejus
1856 3801 1908 3855 in

337 3902 558 3957 regnum
600 3890 882 3955 successit;
927 3888 1256 3944 Childericus
1284 3890 1426 3944 enim
1457 3891 1622 3946 frater
1650 3891 1766 3961 ejus
1803 3889 1822 3930 ⁸
1854 3891 1909 3946 in

409 4061 435 4089 ³
466 4051 631 4119 IIujus
675 4051 980 4118 appendicis
1019 4059 1202 4105 auctor
1240 4051 1283 4104 is
1315 4052 1426 4120 ipse
1455 4060 1557 4114 est,
1590 4059 1648 4103 ut
1677 4049 1909 4118 videtur,

341 4124 428 4197 qui
460 4126 600 4176 varia
629 4123 900 4197 Chronica
921 4123 972 4197 i_n
1005 4137 1386 4197 unum_corpus
1416 4121 1910 4197 collegit.-_lliatutu

342 4191 599 4251 initurum
648 4193 856 4246 circiter
886 4193 953 4246 59
983 4195 1068 4260 qui
1101 4193 1422 4247 efﬂuxerunt
1471 4206 1498 4244 a
1533 4191 1635 4245 line
1664 4191 1913 4245 Cltrnnici

342 4263 642 4332 Fredegarii
689 4264 753 4314 ad
801 4277 889 4315 an.
923 4262 1046 4328 680,
1074 4279 1178 4331 quo
1221 4263 1398 4328 incipit
1426 4277 1654 4328 sequens
1683 4261 1914 4316 Chroni-

343 4353 481 4399 cum,
515 4333 668 4393 infra,
701 4348 816 4400 cap.
847 4334 935 4396 97,
967 4332 1230 4396 supplevit
1263 4332 1592 4398 potissimum
1616 4348 1678 4385 ex
1709 4347 1918 4399 anony-

342 4417 430 4460 tuo
453 4449 466 4469 ,
501 4405 588 4472 qui
620 4403 774 4457 Gesta
801 4418 975 4472 regum
1012 4401 1325 4454 Francorum
1353 4403 1566 4468 scripsit
1608 4402 1709 4472 sub
1733 4401 1913 4454 Theo-

343 4471 528 4530 dorico
570 4474 810 4533 Calensi,
855 4471 908 4526 et
940 4474 1194 4526 Monaclto
1243 4472 1583 4540 Dionysiano,
1631 4471 1913 4527 Gestorum

344 4547 624 4615 Dagoberti
677 4541 897 4611 ejusque
944 4543 1034 4595 ﬁlii
1085 4543 1376 4615 Chloglovei
1428 4542 1710 4615 scriptore.
1767 4541 1916 4615 Unde

344 4611 462 4670 cum
495 4616 582 4669 isti
611 4622 859 4668 auctores
887 4615 1188 4680 complures
1214 4611 1429 4665 fabellas
1457 4615 1566 4665 suis
1595 4613 1809 4678 scriptis
1839 4613 1916 4663 in-

2014 2147 2372 2202 Wnlfoaldum
2404 2150 2618 2205 ducem.
2642 2214 2645 2217 I

2083 2238 2266 2294 XCIV.
2311 2239 2388 2294 Eo
2421 2252 2659 2309 tempore
2689 2241 2876 2299 Franci
2909 2246 3167 2300 adversus
3197 2248 3486 2302 Ebruinum
3515 2249 3598 2304 in-

2011 2331 2176 2386 sidias
2219 2344 2554 2402 praeparant;
2613 2344 2798 2390 contra
2848 2337 3240 2395 Theodericum
3292 2342 3594 2414 insurgunt,

2011 2437 2242 2491 eumque
2263 2423 2427 2494 665
2451 2439 2478 2476 a
2512 2440 2677 2495 regno
2701 2426 2960 2505 dejiciunt
2992 2447 3005 2482 :
3039 2429 3214 2486 crines
3253 2431 3447 2499 capitis
3477 2432 3595 2503 ejus

2010 2511 2387 2569 abscindentes
2437 2517 2812 2584 totonderunt,
2866 2519 3271 2594 Ebruinumque
3318 2531 3369 2577 et
3419 2522 3592 2592 ipsum

2015 2602 2258 2668 tondunt,
2291 2612 2346 2656 et
2390 2604 2440 2660 in
2473 2605 2829 2675 Burgundiam
2863 2609 3155 2666 Luxovium
3207 2614 3592 2668 monasterium

2010 2692 2230 2747 invitum
2259 2693 2514 2764 dirigunt.
2548 2697 2773 2766 Propter
2805 2699 3165 2755 Chiltlericum
3197 2702 3249 2755 in
3277 2703 3473 2758 Auster
3513 2704 3593 2757 Ie-

2008 2789 2277 2853 gationem
2308 2791 2554 2857 mittunt;
2603 2809 2706 2847 una
2736 2809 2856 2849 cum
2902 2795 3172 2852 Wnllaldo
3199 2796 3334 2852 duce
3372 2799 3593 2854 Venien-

2012 2891 2142 2948 tem,
2174 2873 2404 2953 eumque
2431 2901 2594 2953 super
2623 2897 2875 2942 cunctum
2917 2904 3139 2957 regnum
3171 2891 3485 2960 suscipiunt.

2083 2971 2238 3026 XCV.
2287 2974 2414 3028 Erat
2443 2976 2588 3030 enim
2617 2978 2731 3046 ipse
2760 2976 3100 3034 Childericus
3132 2995 3225 3033 rex
3273 2982 3404 3036 levis
3433 2991 3595 3047 atque

2008 3062 2200 3117 citatus
2233 3066 2410 3132 nimis,
2434 3077 2644 3136 gentem
2679 3067 3007 3122 Francorum
3041 3069 3092 3123 in
3125 3070 3441 3124 seditionem
3473 3072 3594 3127 mit-

2010 3164 2154 3223 tens,
2176 3167 2231 3210 et
2259 3157 2310 3211 in
2339 3157 2647 3212 scandalum
2695 3173 2756 3212 ac
2782 3158 3048 3225 derisum;
3077 3159 3250 3215 donec
3275 3162 3454 3216 odium
3488 3179 3592 3216 non

2009 3244 2274 3300 modicum
2306 3246 2447 3300 inter
2493 3247 2637 3315 ipsos
2675 3247 2843 3302 crevit
2889 3262 3058 3317 usque
3101 3249 3166 3303 ad
3198 3252 3509 3305 scandalum
3540 3263 3594 3306 ct

2007 3340 2239 3395 ruinam.
2282 3341 2398 3407 Quo
2423 3341 2826 3408 ingravescente
2852 3355 3016 3395 unum
3045 3341 3306 3397 Francum
3335 3344 3591 3411 nobilem,

1938 3433 1982 3493 Β
2011 3433 2226 3488 nomine
2254 3432 2590 3497 Bodilonem,
2618 3433 2684 3486 ad
2714 3432 2948 3502 stipitem
2990 3442 3199 3490 tensum
3229 3436 3438 3491 caedere
3467 3451 3594 3492 con-

2011 3533 2093 3581 tra
2145 3527 2316 3595 legem
2365 3527 2640 3594 praecepit.
2687 3523 2942 3582 Videntes
2991 3530 3105 3581 haec
3155 3527 3366 3592 Franci,
3418 3529 3470 3583 in
3519 3529 3595 3586 ira

2013 3633 2199 3687 tnagna
2224 3618 2498 3682 commoti,
2522 3617 2858 3689 Ingolbertus
2883 3619 3130 3676 videlicet
3157 3631 3212 3675 et
3233 3621 3592 3687 Amalbertus,

2011 3709 2094 3762 vel
2145 3709 2332 3778 reliqui
2393 3708 2622 3778 majores
2677 3717 2805 3764 natu
2849 3707 3219 3775 Francorum,
3273 3710 3592 3768 seditionem

2010 3809 2192 3855 contra
2226 3802 2398 3871 ipsum
2419 3801 2782 3857 Childericum
2811 3804 3234 3859 concitaverunt.

2083 3897 2182 3949 As.
2215 3909 2467 3949 necum.
2489 3924 2560 3935 —
2582 3893 2906 3949 Memoratus
2930 3894 3117 3950 Bodilo
3139 3908 3300 3965 super
3324 3909 3445 3950 eum
3472 3909 3594 3950 cum

2017 4052 2144 4126 rint.
2171 4052 2432 4108 C:r.terttm
2464 4053 2702 4126 Cointius
2732 4053 2956 4106 multum
2990 4053 3263 4126 invehitur
3304 4055 3360 4109 in
3388 4071 3479 4112 eos
3509 4056 3600 4126 qui

2016 4124 2409 4194 subsequentes
2438 4138 2590 4193 reges
2620 4125 2837 4194 ignavos
2863 4124 3285 4190 appellaverunt.

2092 4202 2114 4229 ο
2139 4193 2440 4262 chendum
2463 4192 2863 4260 quatno'rdrcim.
2898 4195 3000 4247 Sed
3031 4203 3149 4260 post
3175 4207 3343 4246 annos
3372 4206 3598 4260 quatuor

2019 4266 2166 4331 regni
2215 4262 2855 4327 Chlotarii,Childericus
2905 4263 3069 4326 ipsius
3115 4263 3276 4315 frater
3308 4267 3597 4317 Austrasiaa

2018 4348 2110 4386 rex
2144 4333 2312 4386 Iactus
2340 4343 2440 4397 est,
2475 4348 2613 4385 anno
2637 4333 2841 4386 scilicet
2869 4333 2990 4386 U60.
3024 4335 3178 4386 Anno
3203 4348 3328 4386 vero
3355 4335 3478 4396 669,
3507 4335 3597 4388 de-

2022 4401 2203 4457 functo
2243 4403 2544 4464 Chlotario,
2574 4402 2942 4456 Theudoricus
2989 4402 3072 4467 Ill,
3106 4403 3380 4470 utriusque
3410 4403 3598 4469 frater,

2023 4472 2074 4526 in
2125 4489 2341 4544 regnum
2388 4474 2645 4544 Neustria:
2690 4483 2744 4527 et
2763 4472 3085 4544 Burgundia:
3132 4473 3392 4544 elevatus,
3442 4477 3607 4542 paulo

2027 4553 2145 4612 post
2173 4543 2204 4598 e
2231 4544 2424 4598 throno
2452 4543 2720 4610 dejicitur,
2754 4543 3094 4611 Ebroiuoqne
3121 4543 3260 4609 apud
3307 4545 3606 4599 Luxovium

2025 4615 2289 4682 relegato.
2333 4613 2668 4668 Childericus
2717 4613 3082 4667 mouarchiatn
3133 4614 3400 4679 obtinuit,
3455 4615 3604 4684 quod

345 4688 713 4746 tersernerint,
745 4699 848 4737 non
880 4673 1065 4750 magna
1104 4692 1186 4735 est
1215 4683 1350 4751 apud
1385 4684 1524 4736 viros
1554 4673 1793 4736 eruditos
1820 4683 1915 4734 huc
1941 4673 1987 4734 C
2019 4673 2204 4738 auctor
2230 4673 2410 4738 noster
2442 4685 2543 4739 hoc
2569 4698 2686 4751 cnp.
2721 4694 2772 4735 et
2800 4699 2913 4750 seq.
2944 4687 3182 4749 exponit.
3214 4673 3607 4740 Ceterum-3m

365 4773 428 4810 us
451 4755 834 4811 contionatoris
863 4754 1172 4806 auctoritas.

414 4825 442 4864 δ
475 4825 750 4880 Balthildis
795 4839 858 4878 ex
898 4838 1092 4890 genere
1120 4823 1414 4883 Saxonum,
1441 4821 1529 4889 qui
1568 4823 1773 4877 scilicet
1796 4837 1916 4878 cum

347 4897 540 4961 Anglis
611 4906 664 4949 et
691 4894 828 4949 Jutis
876 4892 926 4945 in
973 4892 1293 4946 Britanniam
1339 4891 1592 4961 Major-em
1640 4894 1838 4947 sarculo
1887 4908 1916 4944 v

348 4966 687 5030 transierant,
718 4973 923 5026 exorta,
955 4979 1019 5016 ex
1053 4963 1256 5032 captiva
1307 4964 1356 5015 in
1391 4962 1592 5032 regium
1624 4963 1915 5017 thalamum

346 5038 510 5089 ascita
541 5047 644 5091 est.
673 5033 908 5102 Coniuge
945 5033 1195 5086 defuncto
1225 5047 1445 5102 regnum
1491 5032 1915 5096 administravit;

345 5115 400 5160 ct
439 5105 649 5164 tandem
699 5106 750 5159 in
787 5100 1167 5159 monasterium
1211 5100 1353 5156 Calan
1381 5102 1522 5170 quod
1565 5103 1919 5156 aedilicaverat

345 5174 589 5238 secessit,
623 5175 801 5242 ibique
849 5175 1094 5229 monialis
1139 5173 1304 5234 facta,
1337 5173 1466 5225 obiit
1495 5188 1634 5225 anno
1665 5171 1786 5237 630,
1832 5173 1917 5226 die

346 5247 415 5300 5U
447 5245 706 5307 Januarii,
739 5262 841 5314 quo
870 5245 1057 5314 [es-tnui
1090 5243 1208 5312 ejus
1252 5242 1749 5314 recolitttrtuvitam
1803 5243 1920 5314 ejus

347 5316 513 5368 habes
542 5315 738 5368 sacculo
758 5310 798 5367 ἰι
827 5310 1185 5376 llenedictino,
1215 5327 1334 5380 pag.
1361 5310 1484 5366 775.
1520 5311 1717 5365 Visitnr
1743 5313 1920 5368 etiam-

347 5400 488 5439 nunc
519 5385 589 5439 ibi
615 5384 731 5452 ejus
760 5386 1058 5448 sepulcrum
1087 5383 1138 5437 in
1159 5392 1348 5452 crvpta
1380 5382 1749 5452 subterranea.

421 5463 443 5490 ε
469 5455 558 5509 Sic
578 5450 726 5507 Coll).
752 5465 804 5506 et
828 5455 935 5507 Pal.
965 5453 1118 5517 Bolt.,
1146 5451 1476 5519 Baldiyilde..
1505 5450 1920 5506 llercltondaldo.

347 5523 564 5590 Caneri,
593 5522 963 5576 Erchoaldum.
1019 5523 1066 5576 Is
1097 5534 1174 5576 est
1206 5520 1590 5576 Erchinoaldus
1619 5537 1781 5588 supra
1813 5523 1926 5575 lau-

346 5596 523 5648 datus.

419 5663 443 5700 ἀ
482 5665 697 5728 Itoher.,
731 5680 890 5717 annos
925 5677 1056 5717 svnt.
1089 5661 1339 5729 Sepultus
1363 5669 1447 5715 est
1478 5660 1526 5712 in
1558 5659 1772 5713 basilica
1801 5675 1925 5714 san-

349 5738 416 5787 eti
454 5735 711 5804 Dionysii.
748 5735 824 5788 Eo
871 5742 1122 5802 regnante
1173 5735 1395 5804 multum
1447 5731 1684 5804 crevisse
1730 5731 1925 5804 dicitur

349 5799 607 5869 διηυτυυί
632 5805 820 5857 domus
848 5799 1098 5872 potentia,
1129 5817 1245 5870 quze
1272 5817 1334 5855 eo
1365 5802 1578 5872 demum
1609 5799 1840 5872 devenit,
1869 5812 1926 5854 ut

352 5874 447 5938 illi,
483 5875 644 5942 pulsis
676 5871 912 5945 regibus,
944 5887 1191 5928 coronam
1243 5872 1340 5928 sibi
1389 5871 1600 5927 tandem
1653 5871 1924 5940 imposue-

2021 4757 2108 4823 qtti
2142 4757 2468 4809 recentiores
2496 4754 2826 4808 Chlotarium
2861 4755 2912 4806 in
2945 4753 3164 4824 basilica
3198 4759 3368 4808 Sancti
3401 4756 3600 4824 Diony-

2020 4825 2084 4878 sii
2109 4826 2374 4893 sepultum
2403 4824 2566 4880 fuisse
2593 4824 2858 4893 scribunt;
2884 4824 2986 4893 sed
3006 4823 3345 4877 verisimilius
3371 4834 3452 4879 est
3478 4823 3604 4880 eum

2023 4896 2072 4948 in
2125 4891 2450 4950 monasterio
2487 4893 2699 4948 Calensi
2748 4891 2911 4945 fuisse
2959 4892 3283 4960 depositum,
3320 4893 3408 4946 ubi
3439 4893 3606 4947 etiam

2022 4981 2162 5018 nunc
2202 4965 2319 5032 ejus
2362 4966 2663 5033 sepulcrum
2704 4977 2824 5016 cum
2866 4962 3030 5033 ipsius
3077 4961 3250 5033 efﬁgie
3301 4962 3507 5033 lapidea
3529 4964 3603 5033 ab

2019 5037 2172 5088 annis
2198 5029 2536 5088 circiter'700
2567 5033 2767 5097 sculpta
2797 5031 3114 5084 ostenditur.
3146 5029 3409 5084 Caeterum
3440 5029 3602 5084 Chlo-

2019 5105 2138 5158 tarii
2185 5121 2383 5158 annum
2431 5106 2644 5158 tertium
2695 5101 2746 5154 in
2777 5115 2974 5155 annum
3005 5100 3108 5154 659
3139 5101 3392 5158 incidisse
3433 5101 3602 5156 fusius

2023 5175 2213 5242 probat
2251 5183 2432 5229 noster
2463 5173 2730 5242 Mabillon.
2761 5179 2905 5242 tome
2944 5169 3008 5223 III
3059 5173 3301 5242 Analect.
3334 5187 3398 5227 ex
3434 5173 3604 5226 veteri

2025 5239 2376 5318 inscriptione
2400 5241 2597 5297 codicis
2647 5239 3129 5318 tusiFossatensis,
3160 5258 3278 5318 qua:
3308 5244 3384 5318 sic
3413 5242 3566 5318 habet
3588 5259 3616 5318 ξ,

2023 5316 2168 5365 Anno
2193 5310 2462 5367 centesimo
2491 5321 2600 5378 post
2622 5311 2962 5379 explicionem
2991 5313 3188 5365 numeri
3217 5313 3379 5367 sancti
3415 5310 3616 5364 Victorii

2023 5385 2246 5454 episwpi
2272 5384 2457 5436 ciclum
2485 5383 3086 5454 recapitulantent,gamto
3115 5385 3265 5436 tertio
3293 5381 3464 5436 damni
3486 5379 3603 5433 Clo-

2026 5455 2176 5506 tharii
2195 5452 2335 5522 regis
2359 5453 2566 5515 indolis,
2593 5468 2655 5506 ex
2669 5455 2817 5522 justo
2848 5452 3004 5522 ipsius
3028 5455 3304 5522 principes,
3346 5457 3420 5504 ret
3455 5465 3594 5518 gene-

2026 5529 2165 5576 πήραν
2192 5521 2296 5577 suis
2324 5522 2579 5592 primum
2623 5521 2824 5592 deorum
2845 5521 3122 5575 Baltln'ldte
3154 5521 3358 5592 reginis.
3389 5528 3494 5592 etc.

2107 5592 2124 5630 ί
2157 5590 2361 5648 Omissa
2392 5609 2492 5647 una
2537 5593 2673 5647 linea
2720 5591 2847 5646 editi
2879 5593 2955 5645 sic
2987 5591 3183 5645 habent
3213 5609 3226 5643 :
3263 5590 3605 5643 Theodericus

2029 5681 2143 5716 vero
2173 5669 2330 5733 frater
2357 5663 2406 5716 in
2435 5663 2665 5725 Austria,
2692 5661 2830 5730 quod
2854 5677 2889 5733 _a
2923 5675 3050 5714 vero
3076 5663 3314 5733 aberrat;
3340 5674 3466 5733 nam
3483 5659 3604 5733 jam

2032 5729 2514 5786 ιιιηοίἷιιὶιιίετὶοηε
2553 5729 2806 5799 regnabat
2851 5731 2902 5782 in
2935 5731 3162 5783 Austria.
3199 5729 3448 5783 Mendum
3480 5732 3602 5790 hoc,

2029 5809 2167 5870 quod
2199 5804 2324 5856 viris
2350 5803 2572 5858 eruditis
2613 5801 2880 5872 negotium
2923 5800 3281 5864 Iacessiverat,
3324 5815 3426 5870 ope
3474 5801 3602 5870 nisa.

2030 5889 2353 5927 autumnus.
