4016 6344
427 430 523 490 867

1589 433 2003 491 FREDEGARII
2042 432 2486 491 SCIlOLASTlCi

3576 438 3683 493 668

424 547 641 619 reliquis
660 548 1068 619 quamplurimis
1090 548 1323 606 surrexit
1352 548 1781 619 insidiaturus,et
1814 566 1991 620 regem
2022 555 2070 615 Α
2098 551 2239 623 regis
2267 567 2363 622 per
2388 551 2564 621 fugam
2594 549 2832 621 dilapsus
2857 550 3047 619 evasit,
3076 565 3106 606 a
3136 550 3329 606 Bacivo
3349 547 3376 588 δ
3400 551 3526 608 villa
3556 568 3683 609 eva-

354 632 365 651 ‘
427 640 479 691 in
499 638 801 694 Laucbonia
825 649 850 677 ἰ
873 641 1027 707 silva,
1051 656 1155 696 una
1179 655 1309 697 cum
1331 642 1510 711 regina
1537 643 1655 711 ejus
1675 656 2021 714 praegnante,

384 756 393 789 μ
425 731 643 784 nomine
676 731 944 798 Bilibiltle,
987 732 1126 804 quod
1175 734 1280 789 dici
1327 734 1481 789 dolor
1508 733 1537 771 δ
1564 744 1666 800 est,
1718 735 2001 791 interfecit.

429 816 740 874 Vulfoaldus
788 837 998 891 quoque
1048 837 1142 891 per
1187 823 1361 892 fugam
1414 824 1593 891 lapsus
1638 825 1829 891 evasit,
1868 836 1920 880 et
1952 826 2003 879 in

428 914 622 967 Auster
660 928 914 968 reversus
950 926 1055 969 est.
1088 914 1276 969 Franci
1317 931 1445 970 vero
1477 915 1795 972 Leudesium
1838 917 2002 971 filium

431 1004 800 1059 lircltanwaldi
831 1005 1061 1061 norti'em
1093 1005 1145 1061 iii
1178 1006 1391 1076 majoris
1418 1008 1667 1060 domatus
1694 1006 2009 1077 dignitatem

428 1103 667 1149 statuunt
712 1111 806 1164 per
833 1099 1114 1152 consilium
1145 1099 1283 1152 beati
1315 1097 1624 1166 Leudegarii
1655 1107 1708 1151 et
1737 1099 2004 1153 sociorum

425 1183 558 1249 ejus.
1796 1242 1803 1255 .

494 1276 657 1345 666
695 1275 877 1330 XCVI.
922 1277 1183 1332 Ebruinus
1221 1278 1447 1332 audiens
1486 1279 1581 1331 has
1619 1278 2003 1345 dissensiones,

424 1368 643 1421 consitio
672 1378 914 1436 accepto,
940 1368 1175 1422 Francos
1207 1368 1327 1422 invii
1346 1385 1429 1424 em
1458 1370 1844 1433 discordantes,
1872 1384 2004 1422 con-

424 1462 623 1513 vocatis
671 1461 721 1513 in
763 1463 1016 1515 auxilium
1060 1461 1251 1527 sociis,
1285 1461 1523 1530 personis
1553 1475 1709 1530 quam
1740 1460 2002 1529 plurimis,

420 1566 538 1603 cunt
573 1555 740 1606 multo
764 1556 1019 1608 comitatu
1047 1556 1400 1620 exercituum,
1430 1570 1459 1608 a
1493 1555 1731 1608 Luxovio
1760 1553 2006 1608 cmuobio

418 1656 665 1708 egressus
710 1644 761 1697 in
796 1643 1074 1698 Franciam
1123 1645 1445 1713 regreditur,
1478 1658 1649 1711 usque
1693 1644 1857 1697 lsram
1907 1641 2006 1695 flu-

419 1736 559 1785 vium
593 1745 615 1772 ο
648 1734 871 1789 veniens
901 1718 1243 1805 peraceessit,
1272 1735 1524 1790 custodes
1553 1738 1881 1791 dormientes
1926 1738 2004 1790 in-

412 1829 627 1881 terfecit
658 1828 723 1881 ad
752 1827 1004 1883 Sanctam
1033 1828 1375 1894 ﬂuentiam,
1404 1838 1562 1898 atque
1592 1829 1753 1883 lsrani
1784 1828 2000 1884 fluvium

2107 642 2242 697 deus
2267 640 2470 711 aufugit
2501 657 2518 695 :
2552 641 2727 710 ibique
2755 640 3073 696 adveniente
3103 642 3362 707 Ebruino,
3400 643 3684 699 thesauros

2105 747 2240 803 quos
2270 730 2342 787 ibi
2374 732 2572 800 reperit
2598 732 2968 802 apprehendit.
3020 733 3149 788 lude
3174 747 3444 803 egressus,
3475 735 3688 791 Crisce-

2104 841 2225 882 cum
2254 835 2278 862 ο
2305 826 2486 880 villam
2533 826 2754 880 veniens
2794 825 2845 879 in
2883 824 3104 892 Pontio,
3153 824 3415 880 Lendesio
3459 827 3690 884 subdole

2109 918 2263 972 [idem
2311 917 2600 986 promittit,
2648 916 2909 972 simulans
2962 916 3163 976 fefellit.
3208 917 3349 972 facta
3391 919 3585 989 placito
3633 928 3689 974 ut

2106 1009 2478 1077 conjnraliou'e
2508 1009 2643 1063 facta
2690 1021 2812 1063 cum
2841 1018 2973 1077 pace
3003 1007 3319 1063 diseederet.
3351 1008 3456 1065 Sed
3486 1010 3686 1066 Ebrui-

2108 1113 2207 1151 nns
2234 1097 2491 1152 fallaciter
2516 1112 2700 1168 agens,
2731 1092 2787 1151 ut
2804 1097 3314 1168 solebat,'compatri
3338 1113 3435 1154 suo
3463 1101 3687 1157 insidias

2110 1201 2439 1256 praeparans,
2475 1188 2646 1257 ipsum
2679 1188 2997 1242 Leudesium
3046 1189 3262 1256 occidit,
3298 1204 3475 1259 regem
3508 1192 3686 1245 'I‘heo-

2107 1280 2349 1335 doricum
2387 1280 2440 1334 in
2485 1296 2705 1350 regnum
2745 1284 3072 1348 restitutum,
3104 1283 3218 1350 ipse
3248 1282 3267 1321 π
3298 1300 3452 1339 suum
3489 1286 3684 1354 princi-

2108 1381 2287 1440 patum
2320 1373 2584 1443 sagaciter
2627 1373 2965 1427 restauravit.
3016 1373 3267 1429 Sanctum
3298 1375 3681 1445 Leudegzirlum

2106 1466 2437 1535 epist-epam,
2486 1465 2872 1521 crudelissimis
2925 1468 3206 1523 tormentis
3257 1484 3474 1534 cat-sum,
3506 1471 3683 1538 gladio

2109 1561 2296 1629 perimi
2342 1560 2503 1630 jussit
2530 1568 2580 1613 ι.
2632 1560 2889 1615 Gerinum
2937 1576 3250 1631 germanum
3301 1564 3418 1631 ejus
3466 1563 3682 1617 diverso

2106 1659 2371 1706 tormento
2403 1650 2701 1706 trucidavit.
2731 1650 2935 1720 Reliqui
2968 1653 3064 1706 viri
3092 1654 3278 1710 Franci
3307 1671 3493 1711 eorum
3522 1656 3677 1726 socii,

2107 1758 2202 1812 per
2231 1743 2402 1813 fugam
2438 1743 2592 1811 lapsi,
2618 1741 2862 1813 Ligerem
2894 1749 3231 1818 transgressi,
3265 1763 3431 1819 usque
3454 1748 3680 1804 Wasco-

2108 1852 2205 1893 nes
2241 1838 2598 1907 cuttfugerunt
2626 1852 2640 1891 :
2672 1838 3045 1907 quamplurimi
3079 1855 3204 1895 vero
3235 1840 3287 1895 in
3315 1841 3502 1897 exsilio
3528 1842 3679 1897 dam-

408 1916 723 1981 transiens,
775 1932 911 1986 quos
966 1917 1037 1973 ibi
1087 1919 1291 1973 invenit
1337 1919 1405 1973 de
1452 1918 1846 1973 insidiatoribus
1893 1920 2004 1975 suis
2037 1931 2080 1992 Β
2112 1925 2243 1980 ιωιῦ
2298 1927 2432 1981 ultra
2464 1942 2569 1982 non
2597 1939 3029 1998 comparuerant.

408 2006 627 2058 occidit.
666 2004 957 2063 Leudesius
993 2008 1164 2080 major
1204 2010 1395 2063 domus
1433 2023 1535 2062 una
1573 2023 1694 2063 cum
1729 2010 1994 2065 thesauris

485 2152 509 2178 ⁸
535 2140 693 2217 Coll);
711 2155 777 2217 et
804 2145 976 2217 Boh.,
998 2146 1341 2217 insidiaturum
1385 2147 1437 2198 in
1463 2163 1630 2217 regem
1658 2148 1711 2200 in
1736 2148 1989 2200 Litucom's

404 2214 630 2268 silem...
656 2212 947 2269 Bilicltildc.
991 2216 1137 2269 Hanc
1157 2216 1341 2270 silvam
1372 2232 1490 2270 eam
1517 2212 1637 2271 esse
1668 2228 1852 2285 putant
1872 2234 1991 2285 qua:

412 2284 780 2356 interACalam,
814 2287 994 2341 villam
1029 2297 1152 2340 tunc
1199 2289 1420 2353 regiam,
1452 2297 1508 2342 et
1536 2284 1718 2342 Sancti
1748 2288 1989 2356 Dionysii

412 2354 663 2422 oppidum
716 2357 1023 2423 interjacet;
1067 2356 1229 2411 hodie
1271 2356 1660 2412 Liberiacensis
1690 2358 1821 2413 silva
1849 2354 1989 2412 dici-

413 2424 783 2507 tiir;vullgo‘l.a
811 2427 944 2507 [oret
982 2428 1044 2479 de
1084 2425 1364 2507 L‘ivrgnaut
1395 2437 1543 2507 certe
1574 2428 1985 2507 llungiat'ensis,

411 2495 473 2545 de
494 2493 680 2548 Beudi.
716 2493 828 2550 Non
860 2499 1001 2551 enim
1027 2498 1275 2551 audiendi
1309 2508 1433 2550 sunt
1453 2501 1539 2567 qui
1575 2498 1674 2552 hoc
1699 2493 1989 2564 contigisse

412 2579 781 2634 pu’antvprope
813 2568 1184 2634 Rotomagum,
1205 2567 1292 2621 ubi
1320 2571 1463 2621 aiu‘nt
1486 2567 1986 2623 Cltidericnmicum

411 2650 582 2706 uxore
610 2651 704 2690 sua
734 2637 1024 2693 Bdechilde
1050 2639 1215 2693 fuisse
1235 2641 1497 2706 sepultum
1529 2639 1582 2693 iti
1610 2640 1839 2694 ecclesia
1866 2653 1992 2693 sau-

411 2705 479 2757 cti
516 2706 678 2772 Petri,
717 2723 834 2773 qua:
886 2709 1041 2762 hodie
1082 2705 1397 2775 protectoris
1436 2711 1519 2762 siti
1564 2711 1779 2763 nomine
1819 2712 1985 2763 sancti

413 2777 651 2830 Audoeni
682 2777 1001 2846 appellatur.
1035 2779 1146 2834 Hoc
1174 2795 1363 2844 nempe
1392 2789 1538 2833 extra
1567 2785 1984 2835 controversiain

410 2860 526 2898 ese
564 2848 744 2913 debet,
785 2866 850 2903 ex
881 2864 987 2917 quo
1016 2864 1203 2904 eorum
1245 2850 1489 2917 sepulcra
1513 2850 1725 2904 detecta
1765 2859 1892 2903 sunt
1932 2850 1984 2903 in

409 2918 632 2973 etclesia
681 2922 848 2974 sancti
897 2920 1146 2975 Germani
1198 2938 1225 2970 a
1262 2921 1451 2985 Pratis,
1482 2935 1603 2985 cum
1644 2931 1769 2975 ante
1814 2936 1983 2973 annos

410 2987 717 3059 cmi-iterm
760 3000 1174 3045 restauraretur.
1224 2991 1423 3044 Praeter
1468 2991 1689 3058 insignia
1743 2992 1885 3059 regia
1931 2991 1984 3044 in
2056 3009 2064 3025 ν

411 3058 692 3112 (.‘hilderici
716 3063 983 3129 sepulcro,
1008 3059 1123 3115 haec
1155 3061 1432 3129 inscriptio
1459 3061 1647 3115 litteris
1679 3061 1988 3127 majuscnlis

410 3140 625 3181 exarata
671 3129 885 3184 inventa
917 3132 1035 3192 fuit.
1067 3131 1339 3185 CHILllR.
1385 3131 1549 3185 REX.
1597 3130 1802 3186 Videsis
1836 3130 1989 3186 Vale-

409 3199 542 3249 sitim
573 3213 634 3252 ea
664 3201 732 3253 de
760 3172 1199 3257 ιῗέὶιίὲἔὲἱιὲιῖιθιη
1224 3203 1316 3255 lib.
1345 3172 1643 3256 χέὶκέιῖηηι
1668 3172 1910 3255 Εηῖιοιο.
1934 3172 1961 3186 ”
2015 3172 2062 3234 C

477 3266 504 3304 λ’
536 3270 661 3333 Alii,
693 3272 841 3325 dolus
868 3282 962 3341 est,
994 3289 1111 3342 qua:
1142 3288 1242 3327 vos
1266 3288 1363 3341 pro
1388 3274 1534 3326 dolor
1563 3287 1669 3326 non
1700 3272 1865 3327 semel
1897 3286 1989 3327 oc-

408 3342 592 3394 citrt‘il.

482 3420 503 3446 ο
532 3410 691 3475 Editi,
722 3409 920 3476 Issam;
951 3413 1048 3476 al.,
1078 3411 1301 3467 lituram.
1332 3414 1423 3467 Esi
1445 3413 1605 3479 lsara,
1628 3411 1784 3480 vulgo
1806 3410 1985 3476 l‘Oise,

408 3479 470 3531 ad
504 3496 659 3547 quam
697 3483 1003 3537 etiamnunc
1044 3483 1200 3537 hodie
1239 3492 1439 3552 perstit
1474 3479 1737 3552 oppidum
1769 3496 1797 3533 a
1831 3492 1991 3549 ponte

408 3560 463 3602 et
490 3553 681 3604 Saneta
714 3553 974 3606 Maxentio
1004 3555 1158 3621 vulgo
1187 3557 1235 3608 le
1266 3551 1885 3606 Pont-Sainte-Maxeuce
1909 3552 1991 3604 tli-

409 3628 573 3673 ctutn.
625 3622 791 3675 l’urro
834 3625 932 3676 ltac
966 3625 1248 3677 occasione
1292 3622 1656 3676 Chlodoveutn
1692 3621 1986 3685 .qttemdam

409 3693 680 3755 parvulum
709 3691 970 3745 Ebroinus
1002 3694 1051 3746 in
1086 3709 1261 3761 regem
1295 3694 1509 3755 extulit,
1543 3706 1700 3760 quem
1727 3690 1987 3746 Chlntarii

410 3762 576 3813 lilium
625 3776 745 3822 esse
792 3765 1168 3816 mentiebatur.
1226 3763 1556 3832 Dagobertns
1594 3777 1721 3815 vero
1763 3762 1801 3815 ll
1842 3761 1895 3814 in
1924 3776 1988 3814 ea

410 3844 558 3903 parte
607 3834 896 3903 Austrasiat
953 3849 1070 3901 qua:
1124 3834 1204 3887 cis
1258 3835 1506 3903 ultraque
1544 3833 1823 3903 lib-inuiti
1868 3832 1989 3886 huic

410 3900 569 3973 fluvio
612 3900 783 3973 vicina
815 3900 1220 3973 erat,regnavtt
1264 3903 1329 3957 ad
1370 3900 1459 3959 an.
1494 3902 1617 3959 680.
1670 3903 1745 3957 De
1780 3902 1898 3973 ejus
1937 3905 1989 3957 in

410 3967 607 4024 Gallias
631 3972 827 4037 reditu,
844 3967 991 4028 caede
1005 3967 1067 4029 εἰ
1076 3978 1370 4039 sepultura,
1389 3976 1502 4029 fuse
1516 3973 1729 4028 disserit
1746 3967 1986 4027 blabillo-

410 4054 527 4090 nius
568 4042 618 4096 in
663 4042 976 4109 praefatione
1022 4046 1203 4100 saeculi
1251 4061 1327 4109 tv,
1362 4048 1478 4100 Act.
1514 4054 1817 4098 sanctorum
1868 4041 1987 4097 0rd.

411 4109 609 4186 turned.
636 4123 781 4185 parte
810 4129 846 4180 ι,
880 4114 906 4186 §
934 4116 988 4181 9,
1022 4132 1169 4170 num.
1190 4114 1290 4171 198
1321 4126 1374 4171 et
1404 4132 1554 4185 seqq.
1610 4115 1659 4169 Is
1683 4125 1765 4168 est
1786 4122 1991 4186 sanctus

410 4179 730 4251 Dagobertits
766 4179 861 4241 rea:
883 4179 942 4240 ξι
974 4179 1192 4257 martyr,
1226 4189 1313 4258 qui
1350 4179 1542 4241 colitur
1570 4186 1820 4242 Satauaci
1851 4183 1995 4255 (Ste-

2095 2146 2239 2216 nay).
2281 2147 2599 2203 Memoratur
2639 2147 2691 2203 in
2719 2147 3025 2204 kalendaria
3056 2151 3256 2206 Emmtn
3283 2153 3497 2220 regium,
3526 2154 3676 2220 quod

2094 2216 2314 2289 Bbemis
2333 2220 2384 2274 in
2409 2220 2725 2274 bibliotheca
2746 2222 3091 2289 llltetmgiana
3114 2232 3375 2286 servatur,
3393 2224 3480 2277 die
3498 2240 3526 2277 χ
3551 2225 3667 2281 Kal.

2093 2287 2377 2362 Januarii,
2403 2304 2510 2359 quo
2537 2306 2659 2362 eum
2696 2287 3006 2362 martyrium
3038 2293 3319 2359 pertulisse
3346 2293 3477 2348 dicit
3512 2305 3670 2352 vetus

2092 2369 2298 2430 auctor,
2329 2359 2507 2430 idque,
2534 2372 2589 2414 ut
2614 2359 2945 2430 Mabillonius
2976 2361 3182 2429 probat,
3210 2378 3296 2416 an.
3325 2365 3453 2418 679.

2164 2428 2192 2465 ἀ
2232 2431 2321 2486 Sic
2357 2428 2577 2485 omnino
2615 2428 2909 2497 iegendum
2949 2428 3069 2501 esse
3108 2430 3245 2487 baud
3295 2433 3512 2488 dubium
3563 2446 3669 2501 est,

2097 2514 2398 2569 quanquam
2451 2502 2610 2565 Vulgo
2649 2501 2869 2553 Αὑασὶυο
2919 2499 3204 2566 prazferant
3245 2503 3478 2566 codices,
3527 2499 3671 2561 unde

2097 2571 2325 2625 Samson
2356 2570 2714 2626 Abbavillteus
2749 2581 2807 2626 et
2832 2570 3076 2626 Cointius
3131 2572 3218 2626 hic
3242 2573 3665 2640 Abbatisvillam,

2096 2640 2255 2709 vulgo
2274 2640 2548 2705 Abbeville,
2570 2641 2833 2711 designari
2856 2651 3190 2709 putaverunt.
3215 2643 3282 2697 At
3306 2643 3520 2699 Bacium
3542 2647 3673 2699 villa
3760 2656 3763 2657 '

2094 2719 2178 2765 est
2204 2712 2345 2779 regia
2375 2712 2501 2765 olim
2530 2712 2778 2778 celebris,
2810 2722 3092 2780 antequam
3124 2729 3155 2767 a
3182 2713 3524 2769 Nortmannis
3552 2716 3670 2770 vio-

2096 2782 2316 2847 laretur,
2341 2796 2505 2851 prope
2528 2779 2806 2837 Corbeiam
2835 2779 2962 2847 sita,
2985 2785 3135 2848 cujus
3160 2783 3349 2837 rudera
3369 2782 3672 2839 etiamnunc

2096 2855 2357 2919 visuntur,
2405 2854 2660 2919 vicusqne
2703 2868 2895 2907 nomen
2928 2851 3106 2907 Baiaiu
3136 2854 3352 2908 retinet.
3385 2853 3515 2909 Vide
3545 2856 3669 2909 libr.

2096 2939 2149 2977 tv
2183 2923 2253 2976 de
2281 2921 2359 2977 Re
2386 2922 2667 2986 diplomat.
2696 2939 2844 2979 num.
2866 2921 2952 2978 12.

2164 3001 2189 3029 ⁸
2220 2994 2367 3064 Alias
2412 2990 2743 3064 Crecjat-um,
2782 3008 2903 3064 cum
2935 2993 3062 3046 silva
3100 2994 3401 3064 cognomini
3445 2995 3497 3048 in
3527 2994 3669 3049 Pon-

2094 3064 2202 3118 tivo
2231 3061 2413 3134 (στάσει
2442 3060 2827 3134 εηίΡοηιΙιὶειι),
2857 3077 2961 3117 non
2982 3063 3068 3134 ad
3093 3060 3338 3127 Alteiam.
3368 3076 3427 3120 ut
3456 3064 3674 3120 Valesio

2094 3136 2263 3188 visum
2293 3146 2397 3201 est,
2429 3133 2522 3189 sed
2551 3137 2616 3186 ad
2648 3135 2839 3189 Maiam
2869 3133 3107 3188 ﬂuvium.
3144 3133 3272 3190 Vide
3296 3134 3388 3191 lib.
3422 3151 3474 3191 tv
3496 3136 3564 3191 de
3590 3135 3679 3191 Re

2094 3205 2372 3272 diplomat.
2403 3218 2552 3258 num.
2575 3202 2669 3260 46.

2173 3275 2192 3314 ί
2228 3275 2383 3345 Bob.,
2415 3276 2468 3328 in
2495 3290 2650 3345 regno
2674 3275 2966 3337 constituto,
2997 3274 3097 3342 ipsi
3123 3290 3293 3329 suum.

2170 3344 2440 3399 sOccisus
2491 3343 2573 3399 est
2626 3346 2676 3398 in
2728 3360 2863 3415 pago
2908 3344 3243 3399 Atrebatensi
3292 3344 3379 3399 die
3415 3361 3447 3398 v
3495 3343 3676 3400 Nonas

2097 3416 2373 3480 Octobris,
2422 3429 2563 3469 anno
2604 3416 2743 3475 678.
2810 3426 2864 3467 et
2905 3415 3142 3481 sepultus
3184 3414 3321 3483 apud
3366 3415 3673 3484 Sarcingam

2099 3486 2356 3557 (Sorcin).
2391 3484 2706 3557 Videliujus
2730 3484 2899 3557 Vitam
2937 3484 3199 3557 duplicem
3253 3500 3282 3539 a
3316 3485 3677 3557 coaequalitius

2098 3553 2406 3610 auctoribus
2434 3555 2683 3623 scriptam
2732 3556 2785 3609 in
2812 3554 3008 3609 saeculo
3038 3570 3077 3623 it
3109 3555 3472 3610 Benedictino.
3523 3553 3677 3608 Geri-

2101 3641 2199 3679 nus
2235 3640 2384 3693 vero,
2424 3640 2519 3679 seu
2545 3622 2842 3688 Guarinus,
2876 3624 2990 3691 ejus
3026 3622 3211 3689 frater,
3252 3627 3436 3681 eadem
3473 3624 3561 3679 die
3599 3623 3678 3678 uti

2099 3697 2298 3764 Martyr
2346 3697 2505 3750 etiam
2552 3696 2746 3749 colitur
2787 3696 2837 3747 in
2879 3695 3251 3764 Martyrologio
3296 3696 3556 3759 llomano,
3587 3693 3679 3757 qui

2099 3766 2358 3830 lapidibus
2388 3766 2610 3819 obrutus
2644 3766 2807 3820 fuisse
2828 3765 3023 3818 dicitur
3063 3768 3114 3819 in
3149 3764 3381 3820 secunda
3408 3764 3523 3819 Vita
3553 3778 3681 3817 sau-

2096 3838 2170 3890 cti
2219 3837 2549 3906 Leodegarii,
2602 3851 2749 3889 nutu.
2794 3835 2880 3889 ll.
2917 3835 3070 3906 Rem
3118 3834 3284 3891 fusius
3340 3843 3522 3890 narrat
3566 3836 3684 3906 ipse

2100 3902 2456 3976 Leodegarius
2496 3907 2546 3959 in
2587 3907 2813 3974 epistola
2863 3904 2944 3976 ad
2975 3920 3124 3958 suam
3170 3915 3392 3960 matrem
3430 3906 3575 3959 data.
3610 3902 3684 3976 rln

2101 3973 2408 4031 kalendario
2442 3976 2607 4032 veteri
2628 3973 2949 4030 monasterii
2970 3976 3327 4037 Murbacensis
3363 3976 3414 4029 in
3440 3975 3684 4040 Elisatia,

2097 4050 2165 4101 ab
2193 4050 2345 4101 annis
2373 4048 2587 4101 circiter
2618 4046 2916 4115 quingentis
2956 4048 3175 4114 scripto,
3204 4048 3528 4101 memoratur
3551 4059 3682 4100 san-

2094 4129 2213 4175 ctus
2244 4118 2470 4175 Gerinus
2497 4126 2699 4189 martyr
2729 4131 2822 4172 vni
2850 4116 2970 4172 Kal.
2995 4116 3350 4186 Septembris.

2885 4362 3639 4379 ~~M
3652 4360 3679 4378 η

1381 4528 1787 4636 mus
1859 4522 2691 4677 SECUNDA,

1179 4771 1642 4851 AUCTORE
1699 4770 2201 4851 ANONYMO
2251 4766 2846 4880 AUSTRASIO.

472 4974 632 5046 637
655 4972 805 5029 Anno
836 4971 1370 5028 nonan—XCVII.
1406 4969 1460 5024 lu
1486 4969 1686 5025 Auster
1709 4978 1732 5004 ἰ
1757 4981 1990 5038 quoque,
2024 4972 2077 5034 Ι)
2103 4965 2280 5036 pihtts,
2332 4964 2589 5029 Ebruino,
2640 4962 2865 5019 Martino
2910 4972 3071 5032 atque
3122 4960 3366 5031 l’ippino,
3422 4961 3683 5016 adversus

408 5076 619 5121 mortuo
651 5064 905 5121 Ulfoaldo
948 5063 1115 5129 duce,
1147 5065 1409 5119 Martinus
1437 5062 1464 5101 ιι
1492 5064 1624 5129 dux,
1656 5071 1711 5115 et
1738 5061 1992 5131 Pippinus

411 5161 547 5215 tilius
568 5158 863 5230 Ansegiseli
891 5159 1157 5228 quondam
1183 5157 1373 5212 Franci
1407 5155 1621 5219 nobilis,
1645 5147 1994 5208 dominaban-

407 5261 512 5305 tur.
572 5250 841 5307 Defunetis
870 5251 1148 5321 regibusC,
1186 5248 1490 5304 commissis
1534 5245 1764 5301 invicem
1796 5241 1994 5312 princi-

481 5394 505 5421 ι
542 5384 635 5439 llie
664 5398 762 5438 auc
788 5400 850 5437 or
881 5384 1057 5453 priore
1085 5380 1254 5453 multo
1283 5389 1365 5453 est
1394 5377 1737 5453 accuratior“:
1781 5383 1990 5453 aetatem

408 5471 555 5508 suam
582 5455 756 5526 prodit
785 5444 940 5517 infra.
964 5470 1082 5523 cap.
1111 5451 1234 5517 109,
1259 5451 1349 5504 ubi
1378 5465 1436 5503 se
1464 5466 1605 5501 anno
1626 5444 1728 5502 735
1757 5447 1992 5500 scribere

407 5528 805 5652 .u‘iicgiartinus
840 5596 925 5649 hic
964 5600 1291 5647 memoratus
1332 5589 1469 5642 illius
1501 5594 1616 5639 erat
1655 5585 1827 5639 sancti
1864 5584 1987 5641 Clo-

408 5666 561 5731 dnlfi,
599 5683 766 5735 nepos
811 5666 978 5721 sancti
1012 5662 1245 5726 Arnnlti;
1272 5670 1340 5735 Aet
1382 5658 1635 5735 Pippinus
1684 5658 1846 5735 frater
1876 5671 1990 5735 θλιιξ

408 5748 527 5789 erat
548 5726 843 5805 patruelis,
873 5735 1120 5802 idemque
1157 5745 1226 5789 ex
1254 5728 1557 5797 Ansegisilo
1586 5726 1759 5781 sancti
1787 5726 1991 5782 Aruu'fi

412 5821 860 5947 mimiiagoberio
895 5871 1101 5929 scilicet
1144 5870 1223 5939 ll,‘
1258 5877 1310 5925 et
1353 5868 1489 5925 forte
1534 5865 1657 5924 tilio
1688 5864 1803 5936 ejus
1850 5866 1993 5937 Sigi-

2098 5058 2484 5113 Theodericum
2516 5072 2694 5127 regem
2723 5057 3027 5111 excitantur
3056 5055 3122 5108 ad
3154 5054 3370 5108 bellum.
3395 5051 3682 5109 Commota

2097 5150 2336 5204 exercitu
2375 5148 2440 5201 ad
2488 5148 2659 5202 locum
2691 5147 2775 5200 cui
2807 5145 3126 5221 vocabulum
3153 5154 3235 5199 est
3265 5143 3495 5199 Locofao
3517 5140 3564 5207 J,
3601 5145 3681 5197 in-

2100 5241 2253 5296 terim
2285 5238 2557 5295 commiSsi
2589 5241 2828 5309 praelium
2861 5241 3063 5301 ineunt,
3094 5237 3266 5305 ibique
3290 5250 3481 5304 magno
3502 5246 3682 5290 certa-

2105 5374 2277 5429 berto.
2324 5374 2453 5429 Belli
2493 5374 2668 5446 civilis
2712 5375 2853 5428 inter
2886 5371 3274 5446 'l‘lieodorietnn
3314 5383 3369 5427 et
3410 5372 3681 5446 Dagotier-

2102 5456 2209 5515 tum
2243 5449 2370 5499 moti
2399 5445 2643 5515 meminit
2680 5454 2866 5498 auctor
2901 5459 3115 5515 caterua
3138 5442 3268 5515 Vita:
3293 5442 3680 5500 saticuu'Sala-

2098 5514 2296 5585 bergr,
2341 5531 2465 5569 sate.
2500 5515 2541 5569 ll
2568 5516 2928 5596 Benedictino.
2969 5513 3051 5566 Al.
3079 5513 3201 5577 EtL,
3237 5513 3623 5570 Decadentibtta.

2167 5583 2193 5623 (ί
2238 5588 2326 5641 Sic
2364 5586 2557 5641 Bober.
2595 5585 2761 5648 Editi,
2809 5584 3065 5650 Loco/ica.
3097 5583 3258 5639 Gesm
3302 5583 3432 5648 Reg.
3462 5583 3634 5639 Franc

2095 5668 2214 5726 cap.
2238 5622 2338 5721 ,
2567 5666 2584 5708 t
2595 5622 2794 5721 uiitde
2809 5622 2922 5720 ξωίῆ
2994 5622 3245 5723 Lucerna,
3256 5723 3269 5726 Α
3279 5622 3687 5726 ιυῖ’ῖ[α³ῃο,’ξιλῖ

2096 5725 2245 5780 lorus
2278 5726 2769 5797 Valesiouignotns,
2823 5726 3034 5797 videtur
3084 5739 3205 5797 esse
3246 5723 3394 5780 Loiazi
3446 5723 3496 5777 in
3548 5723 3685 5797 pago

2100 5796 2458 5851 Lattdunensi.
2489 5793 2620 5851 Vide
2668 5796 2761 5848 lib.
2795 5810 2847 5848 tv
2890 5794 2959 5848 de
2988 5794 3063 5846 Re
3093 5793 3381 5862 Diplotnat.
3417 5811 3562 5847 nunt.
3590 5796 3625 5850 5

2101 5867 2296 5922 Locum
2343 5872 2540 5932 tamen,
2584 5866 2670 5935 qui
2693 5864 2893 5937 Lufatu
2935 5864 3213 5919 dicitar'itt
3252 5882 3385 5937 pago
3427 5863 3688 5922 Tuflenst'.
