3982 6346
545 453 635 508 571

1704 439 2122 498 FREIlEGARII
2162 439 2603 494 SIIIIOIASTICI

3677 451 3770 505 679.

544 570 709 618 lect-us
735 531 846 629 esi,
889 563 1172 630 instigante
1222 559 1474 614 Ansﬂede
1511 569 1752 613 matrona
1808 574 1964 614 socru
1997 574 2111 613 sua.
2148 557 2192 616 A
2220 555 2462 622 sepultus
2511 556 2561 610 in
2595 555 2806 610 basilica
2841 554 2980 610 beati
3013 556 3214 611 Amulli
3253 561 3575 616 confessoris
3616 563 3771 617 Mettis

461 652 469 668 '
543 654 669 708 Post
698 655 812 708 haec
841 664 1015 708 autem
1051 653 1303 720 l’ippinus
1339 651 1729 705 Theodericum
1761 667 1941 720 regem
1974 651 2113 706 acci—

492 779 496 783 ε
543 746 693 815 piens
719 762 841 802 cum
870 745 1155 808 thesauris,
1202 753 1256 797 et
1281 744 1498 797 domum
1549 743 1725 813 palatii
1776 745 1952 798 munia
1994 759 2114 812 per-

541 860 724 913 agens,
748 845 800 900 in
833 846 1029 899 Auster
1057 843 1332 897 remeavit.
1365 843 1599 911 Eratque
1643 841 1690 895 ei
1737 856 1885 895 uxor
1922 839 2114 900 nobilis

541 944 597 988 ot
622 935 1051 1003 prudentissima,
1104 934 1318 987 nomine
1360 931 1694 987 Plectltrndis
1721 941 1749 968 ι
1773 970 1788 995 ,
1831 929 2115 996 genuitque
2149 963 2156 970 -

541 1040 604 1078 ex
628 1040 688 1078 ea
719 1023 1006 1078 filiosduos
1035 1040 1047 1075 :
1091 1037 1282 1077 nomen
1323 1022 1549 1078 senioris
1582 1023 1786 1076 Drocus
1812 1021 1838 1060 δ
1860 1063 1876 1087 ,
1917 1034 2109 1076 nomen

541 1130 670 1167 vero
689 1115 914 1180 junioris
949 1113 1311 1168 Grimoaldus.

613 1204 711 1258 An.
745 1219 899 1259 ncxc.
943 1232 1015 1244 —
1051 1202 1135 1256 CI.
1173 1204 1409 1257 Mortuus
1433 1211 1514 1257 est
1542 1214 1718 1257 autem
1748 1201 2113 1257 Theodericus

540 1308 656 1356 rex,
691 1295 929 1362 regnavit
972 1303 1148 1347 autem
1190 1308 1360 1348 annos
1385 1293 1764 1361 septemdecim
1800 1303 1854 1356 ε,
1885 1291 2116 1346 Chlodo-

539 1400 695 1437 vettm
726 1385 889 1438 lilium
919 1385 1035 1454 ejus
1063 1386 1336 1454 parvulum
1361 1386 1636 1454 elegerunt
1655 1387 1707 1438 in
1732 1401 1973 1453 regnum.
1999 1385 2112 1438 Non

540 1483 664 1542 post
710 1475 907 1528 multos
938 1489 1062 1529 vero
1107 1490 1277 1528 annos
1308 1476 1589 1543 prtedictus
1637 1489 1730 1527 rex
1779 1475 2116 1528 Chlodoveus

548 1576 815 1633 aegrotans
863 1575 1106 1620 mortuus
1148 1573 1254 1633 est,
1299 1567 1543 1634 regnavit
1569 1574 1748 1618 autem
1788 1577 1957 1618 annos
1988 1580 2118 1633 qua-

541 1664 682 1708 tuor.

615 1748 714 1800 Att.
748 1761 958 1800 ncxcw.
981 1775 1051 1786 -—-
1076 1744 1446 1800 Childebertus
1484 1745 1649 1800 frater
1667 1745 1784 1814 ejus
1809 1746 1863 1801 in
1892 1761 2114 1817 regnum

536 1837 737 1889 resedit
765 1835 814 1888 ά.
857 1837 1055 1891 Drocus
1094 1851 1223 1890 vero
1249 1852 1277 1890 a
1316 1835 1540 1904 Pippino
1575 1837 1818 1906 genitore
1846 1838 2110 1904 eruditus,

537 1930 782 1982 ducatum
805 1927 1230 1995 Campanettsem
1255 1929 1481 1994 accepit.

610 2022 706 2071 AN.
744 2033 932 2072 ncxcv.
965 2047 1034 2057 —
1058 2019 1394 2072 (iritnoaldus
1417 2019 1598 2087 junior
1623 2033 1742 2073 cum
1771 2017 2111 2074 Cbildeber'o

536 2127 662 2177 rege
693 2111 861 2179 major
883 2112 1073 2165 domus
1097 2111 1276 2179 palatii
1302 2127 1462 2178 super
1491 2110 1730 2165 Francos
1756 2113 1960 2166 electus
1988 2121 2071 2165 est
2097 2130 2109 2164 ε

534 2204 736 2270 fuitque
775 2203 853 2255 vir
892 2203 1203 2256 mitissimus
1225 2243 1242 2267 ,
1287 2203 1430 2257 omni
1461 2202 1696 2256 bonitate
1722 2211 1777 2256 et
1809 2217 2114 2258 mansuetu-

535 2292 656 2344 dine
688 2291 942 2360 repletus,
973 2293 1148 2361 largus
1173 2291 1330 2362 671
1355 2292 1406 2345 in
1435 2293 1795 2361 eleemosynis
1822 2300 1878 2347 et
1908 2293 1960 2345 in
1991 2307 2115 2346 ora-

535 2384 765 2436 tionibus
799 2391 1097 2450 promptus.

605 2478 712 2528 Cll.
755 2476 1009 2545 I’ippinus
1027 2486 1211 2531 contra
1245 2476 1542 2531 Ratbodum
1576 2486 1599 2514 θ
1645 2478 1833 2532 ducem
1859 2479 2109 2546 gentiletn

533 2567 834 2622 Frisionutn
879 2569 1051 2636 gentis
1079 2568 1336 2622 adversus
1355 2571 1663 2623 alterutrum
1694 2569 1886 2623 bellum
1914 2569 2108 2624 intule-

534 2673 678 2724 runt,
720 2671 895 2720 castro
927 2662 1204 2716 Dorestate
1238 2659 1257 2698 ί
1296 2661 1403 2714 illic
1445 2661 1821 2729 belligerantes
1851 2661 2105 2715 invicem.

535 2753 788 2819 l’ippittus
815 2753 982 2807 victor
1009 2753 1229 2817 exstitit,
1260 2749 1540 2820 fugatoque
1559 2750 1800 2803 Itatbodo
1821 2750 1957 2804 duce
1985 2765 2105 2804 cum

534 2842 871 2900 Frisionibus
894 2843 982 2912 qui
1009 2848 1323 2909 evaserant,
1359 2842 1496 2896 idem
1547 2840 1799 2909 Pippinus
1824 2856 1944 2895 cum
1974 2842 2109 2894 mul-

532 2936 601 2987 tis
629 2935 814 3001 spoliis
843 2945 896 2989 et
922 2935 1100 3004 przeda
1147 2949 1399 2988 reversus
1449 2943 1551 2988 est.
1613 2933 1858 2988 Posthacc
1911 2933 2112 2987 Drocus

537 3024 676 3078 lilius
709 3024 916 3094 Pippini
944 3040 973 3080 a
1011 3023 1187 3078 valida
1228 3023 1378 3097 febre
1416 3032 1694 3092 correptus
1722 3032 1964 3078 mortuus
1988 3033 2069 3078 est
2093 3067 2107 3091 ,

2215 650 2366 703 urbe.
2399 648 2742 704 Grimoaldus
2770 665 2979 720 quoque
3008 665 3073 702 ex
3107 653 3333 721 quadam
3373 655 3660 712 concubina
3687 672 3768 726 ge-

2213 739 2326 794 nuit
2355 739 2540 806 lilium,
2565 739 2782 794 nomine
2804 741 3228 797 Thendoaldum.

2283 830 2412 883 CIII.
2434 832 2595 901 Igitur
2618 830 2872 900 praefatus
2898 832 3151 902 Pippinns
3175 836 3332 888 aliam
3363 835 3518 892 duxit
3545 854 3772 904 uxorem,

2219 921 2452 976 nobilem
2502 932 2556 976 et
2582 923 2910 993 elegantem,
2960 926 3174 978 nomine
3222 926 3564 993 Alplteidam,
3594 944 3652 983 ex
3679 945 3773 999 qua

2215 1011 2396 1082 genuit
2444 1012 2630 1080 lilium,
2681 1014 3006 1083 vocavitque
3055 1031 3251 1071 nomen
3309 1018 3425 1085 ejus
3467 1019 3774 1090 Iinguapro-

2219 1101 2325 1166 pria
2351 1113 2376 1148 ε
2400 1100 2639 1171 Carlum,
2670 1107 2943 1175 crevitque
2963 1121 3097 1174 puer
3114 1107 3352 1176 elegans,
3372 1116 3530 1178 atque
3549 1111 3774 1178 egregius

2217 1193 2438 1248 cﬂ'ecttts
2467 1205 2572 1251 est.

2287 1289 2420 1343 CIV.
2471 1289 2708 1343 Mortuus
2740 1300 2822 1344 est
2853 1290 2934 1344 Itis
2969 1290 3158 1345 diebus
3199 1291 3576 1349 Childcberlus
3595 1312 3700 1360 rex,
3730 1308 3775 1351 et

2216 1380 2455 1450 sepultus
2495 1380 2738 1435 Cauciaci
2773 1378 2801 1417 ιι
2837 1380 2889 1435 in
2921 1381 3134 1438 basilica
3163 1386 3335 1437 sancti
3367 1384 3616 1454 Stephani
3646 1403 3775 1438 mar-

2219 1473 2372 1542 tyris.
2399 1470 2659 1540 Regnavit
2678 1483 2854 1527 autem
2880 1487 3052 1527 annos
3085 1475 3350 1530 sexdecim
3396 1473 3438 1529 ί.

2289 1564 2387 1617 Διι.
2421 1578 2574 1618 nccx.
2607 1587 2679 1607 ο·-
2733 1561 3061 1632 Dagobertus
3111 1563 3251 1617 lilius
3276 1565 3393 1629 eius
3432 1565 3613 1618 sedem
3643 1565 3776 1632 regni

2216 1656 2380 1726 patris
2399 1657 2482 1710 sui
2510 1656 2736 1724 accepit.
2770 1654 3291 1724 lgiturGrimoaIdus
3316 1658 3476 1711 tiliam
3507 1669 3522 1707 ι
3564 1658 3777 1712 Ratbodi

2216 1748 2366 1800 ducis
2397 1746 2702 1800 Frisionum
2727 1745 2885 1799 duxit
2912 1761 3155 1799 uxorem.

2287 1840 2386 1891 AN.
2419 1852 2625 1892 nccruv.
2677 1867 2746 1877 —
2784 1835 3099 1903 lEgrotante
3143 1852 3354 1904 quoque
3384 1836 3606 1905 Pippino
3659 1838 3780 1892 Iobii

2150 1926 2190 1983 Β
2222 1929 2340 1982 villa
2370 1927 2395 1964 ιι
2427 1944 2590 1995 sUper
2615 1929 2814 1982 Mosam
2839 1929 3077 1991 ﬂuvium,
3103 1944 3221 1982 cum
3244 1933 3307 1980 ad
3330 1943 3450 1981 cum
3477 1931 3782 1983 visitandam

2220 2025 2356 2076 idem
2381 2020 2723 2075 Grimoaldus
2755 2021 3012 2085 venisset,
3041 2036 3160 2074 cum
3188 2023 3252 2072 ad
3295 2022 3586 2075 orationem
3617 2022 3665 2075 in
3692 2023 3753 2076 ba

2217 2113 2370 2166 silica
2399 2111 2570 2166 sancti
2599 2110 2869 2164 Lantberti
2893 2111 3143 2181 martyris
3174 2113 3544 2179 processisset,
3596 2127 3623 2164 a
3665 2128 3755 2167 cru

2218 2201 2492 2255 delissimo
2520 2202 2634 2255 viro
2665 2201 2848 2270 impio,
2883 2201 3167 2269 Rantgario
3195 2201 3429 2267 nomine,
3468 2203 3772 2258 interiectus

2219 2306 2320 2347 est.
2353 2293 2598 2347 Po~thtec
2616 2292 2994 2348 Tlteudoaldus
3021 2295 3159 2348 lilius
3172 2294 3288 2362 ejus
3312 2295 3578 2363 parvulus,
3601 2297 3648 2349 in
3673 2296 3786 2349 locu

2219 2385 2386 2454 ip~ius
2429 2400 2552 2440 cum
2604 2385 2862 2454 prmdicto
2911 2399 3036 2453 rege
3085 2385 3381 2455 Dagoberto
3411 2389 3578 2456 major
3606 2389 3787 2442 domus

2220 2479 2396 2546 palatii
2419 2477 2640 2533 effectus
2669 2486 2752 2532 est
2783 2475 2828 2531 1.
2861 2478 3105 2532 lnsecuto
3134 2494 3346 2549 quoque
3377 2488 3616 2554 tempore
3649 2481 3788 2536 idem

2213 2571 2374 2640 672
2393 2571 2645 2640 Pippinus
2664 2571 2770 2626 dux
2793 2579 3057 2640 mgrotans
3081 2581 3318 2625 mortuus
3343 2583 3426 2626 est
3445 2581 3506 2624 ιιι.
3533 2572 3791 2641 Rexitquc

2215 2665 2465 2732 populum
2515 2663 2842 2720 Francorum
2881 2677 3051 2718 annos
3081 2664 3267 2733 viginti
3299 2676 3527 2734 septem.
3564 2666 3793 2735 Reliquit

2215 2755 2555 2822 superstitem
2579 2753 2796 2810 Carlum
2825 2755 3011 2809 lilium.
3059 2755 3187 2812 Post
3212 2756 3410 2811 obitum
3438 2774 3645 2828 quoque
3672 2760 3792 2831 ejus

2218 2847 2552 2902 Pleclttrudis
2598 2855 2836 2901 matrona
2881 2846 3097 2913 praefata
3145 2862 3242 2901 suo
3271 2849 3494 2902 consi'io
3519 2859 3673 2914 atque
3705 2867 3796 2904 re-

2216 2938 2417 3008 gimine
2437 2948 2628 2992 cuncta
2657 2953 2776 2992 sese
2810 2940 3020 3006 agebat.
3069 2939 3288 2991 Dcmutn
3318 2940 3501 2996 Franci
3533 2954 3717 2995 mutuo
3743 2947 3795 2997 itt

2216 3030 2534 3086 seditionem
2564 3030 2728 3093 versi,
2758 3028 2983 3082 consilio
3011 3029 3184 3083 inutili
3209 3039 3428 3098 accepto
3446 3069 3460 3093 ,
3509 3035 3796 3087 commissa

535 3155 1225 3229 gustaViromanduorum,
1257 3172 1372 3229 quae
1403 3170 1431 3229 a
1464 3155 1660 3210 celebri
1695 3165 1936 3229 martyre
1961 3155 2108 3210 urbis
2140 3157 2186 3221 α
2220 3159 2325 3212 tilis
2365 3159 2515 3224 obiit,
2545 3161 2753 3228 populis
2809 3160 2927 3214 lidei
2977 3162 3329 3229 suscipienda;
3381 3162 3675 3218 libertatem
3715 3181 3796 3221 re-

530 3241 578 3278 ιιι
611 3226 837 3294 regionis
863 3239 1103 3295 patrono,
1134 3234 1289 3293 vulgo
1332 3226 1738 3290 Saint-Qnentt’n
1768 3228 2065 3293 appellatur
2091 3243 2105 3291 ;

529 3313 593 3351 an
645 3313 772 3351 vero
803 3301 948 3354 vicus
980 3299 1240 3367 hodieque
1289 3300 1516 3365 priscum
1567 3297 1917 3351 Veromandni
1955 3295 2113 3365 (Ver-

529 3370 949 3441 mmtilajnomen
979 3371 1239 3430 retinens,
1292 3369 1503 3441 abbatia
1545 3368 1661 3441 0rd.
1721 3368 2109 3441 I’razmonstra-

536 3437 699 3493 tensis
751 3440 1064 3503 illustratus,
1117 3455 1146 3491 a
1187 3455 1293 3506 quo
1323 3441 1438 3491 loco
1480 3437 1616 3490 haud
1667 3439 1888 3490 multum
1946 3437 2111 3491 distat

531 3509 853 3562 'l‘extricium
899 3513 965 3562 ad
1012 3509 1409 3562 Dalmanionem
1443 3507 1682 3572 ﬂuvium,
1733 3509 1890 3575 vulgo
1921 3506 2106 3571 Tertri,

528 3596 621 3632 seu
669 3578 1337 3649 Tcslri-sur-Daumignon,
1371 3579 1521 3632 vicus
1569 3578 1710 3631 inter
1762 3577 2019 3631 I’eronam
2052 3589 2105 3633 et

527 3650 706 3701 Sam-ti
731 3650 966 3715 Quinlini
996 3648 1249 3718 oppidum
1281 3648 1438 3701 situs.

600 3728 623 3753 η
668 3718 756 3772 Sic
802 3715 1114 3773 Boh.t10lb.
1165 3716 1451 3772 Blidrudis.
1505 3724 1559 3769 ct
1598 3715 1753 3775 infra,
1807 3715 2103 3771 Bliclrudis.

527 3788 650 3853 ML,
679 3787 982 3852 Plit-trudit,
1013 3797 1069 3843 et
1091 3789 1342 3841 sicinlra.
1383 3788 1528 3841 Ilanc
1557 3798 1740 3854 poSlea
1762 3786 1965 3840 dimisit
1985 3787 2108 3856 Pip-

530 3859 705 3925 pinus,
739 3871 795 3912 ut
815 3859 1093 3928 Alpaidem
1125 3869 1458 3921 assumeret;
1489 3857 1580 3913 sed
1603 3856 1670 3910 ab
1700 3856 1966 3928 episcopis
1988 3873 2107 3912 cor-

526 3937 731 3994 reptus,
778 3926 1000 3998 Alpaide
1050 3931 1099 3982 in
1156 3929 1538 3982 monasterium
1594 3926 1739 3996 Orpii
1794 3928 2101 3997 secedente,

525 3999 901 4054 l'lechtrudetn
933 4004 1153 4067 recepit.

601 4070 624 4105 δ
673 4071 760 4126 Sic
809 4071 943 4126 Rob.
976 4071 1126 4124 Colb.
1160 4085 1289 4124 vero
1317 4084 1434 4122 cum
1470 4067 1570 4123 Ed.
1614 4067 1881 4138 plerisque
1905 4067 2100 4138 Drogo,

526 4141 612 4208 qui
646 4140 778 4195 intra
812 4143 1006 4197 habent
1035 4138 1231 4194 Drocus
1251 4151 1304 4194 et
1331 4139 1520 4206 Drogo.

605 4223 626 4248 ο
653 4212 740 4267 Sic
769 4215 926 4277 Buh.,
954 4214 1106 4266 Colb.
1135 4223 1184 4264 et
1208 4214 1326 4264 cod.
1358 4208 1642 4263 (Ihristina:
1685 4212 1904 4280 regina).
1939 4209 2098 4274 Editi,

526 4287 931 4349 quutuot'decim.
984 4288 1184 4337 Auctor
1215 4282 1494 4337 Gestorum
1525 4280 1652 4348 lit-g.
1704 4280 1894 4334 Frattc.
1927 4297 2102 4333 novem

524 4356 706 4419 derint,
740 4356 813 4409 al.
859 4364 968 4408 octo
997 4355 1180 4407 decim.
1217 4353 1426 4408 Nostris
1459 4365 1590 4403 mss.
1621 4350 1798 4404 lavent
1835 4349 2099 4404 Chronica

525 4425 727 4491 aliquot
757 4441 786 4478 a
815 4425 1048 4485 Chcsnio
1082 4424 1246 4477 edita.
1299 4420 1539 4491 Cointius
1587 4422 1634 4473 vi
1683 4433 1852 4474 annos
1900 4434 2099 4491 novem

525 4489 700 4547 decim
733 4495 939 4558 tribuit,
976 4505 1030 4547 et
1055 4492 1325 4546 Clnduveo
1360 4490 1422 4543 Ill
1470 4491 1584 4554 ejus
1614 4489 1911 4543 successori
1941 4491 2094 4543 duos.

524 4566 623 4642 Qui
653 4575 931 4642 computus
952 4565 1012 4642 _iu
1042 4577 1246 4616 summa
1271 4577 1299 4614 a
1343 4568 1770 4642 nostromtctore
1799 4559 2097 4640 npndissi-
2126 4583 2174 4642 ι)

523 4634 612 4685 det
637 4673 650 4696 ,
683 4635 774 4701 qui
807 4633 965 4700 priori
997 4647 1166 4685 annos
1193 4642 1395 4699 septem
1425 4631 1616 4692 decim,
1653 4630 1931 4701 posteriori
1969 4645 2096 4701 vero

523 4698 748 4771 quatuor
771 4698 970 4758 tribuit.
999 4698 1365 4756 Theodericus
1391 4701 1631 4771 sepulttts
1671 4709 1752 4754 est
1775 4698 2011 4753 Atrabati
2046 4701 2096 4754 in

523 4769 847 4829 monasterio
875 4774 1038 4828 sancti
1092 4772 1299 4828 Vedasti
1337 4769 1738 4842 (Sainl-Viaast),
1783 4771 1921 4837 quod
1943 4771 2011 4823 ab
2033 4785 2097 4824 eo

523 4856 887 4899 Constructutn
919 4855 1010 4900 aut
1035 4845 1224 4898 saltem
1255 4841 1494 4896 dolatum
1519 4841 1680 4894 fuisse
1721 4841 1953 4893 tradunt.

592 4919 615 4950 α
649 4915 725 4969 Ex
755 4915 1102 4984 inscriptione
1131 4920 1252 4969 cod.
1284 4929 1385 4966 ms.
1431 4911 1615 4966 Jacobi
1653 4911 1922 4984 Bongarsii
1956 4919 2097 4984 patet

521 4998 714 5040 annum
745 4986 777 5038 5
807 4978 1129 5041 Cllildeberti
1159 4985 1223 5038 lll
1250 5000 1368 5037 cum
1402 4999 1543 5037 anno
1569 4997 1691 5036 tera:
1713 4979 1945 5050 vulgaris
1967 4978 2092 5044 699,

522 5070 626 5123 quo
675 5056 876 5112 Pascha
931 5057 1016 5111 die
1061 5057 1130 5113 25
1165 5054 1330 5112 Martii
1357 5054 1678 5109 celebratum
1710 5051 1828 5123 fuit,
1872 5066 2096 5123 concur-

522 5120 675 5180 risse.
707 5127 1107 5197 Inscriptiunem
1136 5127 1220 5182 hic
1260 5125 1424 5197 habes
1451 5139 1517 5197 et;
1547 5120 2092 5176 auimadversiouibus

522 5197 775 5268 Scaligeri
810 5185 1290 5268 iit-chronologiam
1320 5185 1692 5268 Ettseltiartanl.

596 5261 921 5323 INRANNVM
964 5268 1028 5321 V.
1062 5261 1512 5322 Clll'LllltlllﬂRTl
1553 5262 1753 5316 REGIS
1797 5261 2092 5318 FRANCO—

523 5334 664 5391 Rvst
711 5339 928 5394 l'lPlNU
957 5339 1248 5393 Ivntztv'rts
1283 5337 1371 5390 AR
1404 5335 1589 5388 anan
1625 5333 1800 5388 svxr
1832 5324 1991 5388 ANNI
2026 5333 2087 5383 v.

522 5410 752 5464 MILIJA
818 5425 1000 5465 acccc.
1055 5409 1208 5462 FVIT
1272 5405 1531 5459 PASCI‘IA
1585 5405 1650 5457 Χ.
1697 5403 1758 5456 Κ.
1805 5402 2087 5459 ιιριιιιιδ.

522 5480 853 5544 ΑδαΕΝδιο
870 5481 1097 5534 ΟΟΜΙΝΙ
1131 5477 1282 5532 ι’νιτ
1311 5475 1352 5529 Κ
1375 5475 1693 5528 .MAR'I‘IAS
1715 5473 1859 5544 [Leq
1898 5471 2088 5542 Maus]

523 5548 654 5606 PER
677 5550 1045 5605 CYCLURVM
1080 5547 1418 5602 NVMERVM
1456 5545 1636 5599 ΑΝΝο
1675 5545 1742 5598 Μ.
1789 5545 1939 5602 καί..
1971 5544 2087 5597 lili-

522 5619 792 5676 PE'l'l'fIO
825 5623 866 5674 A
897 5621 1143 5672 (ZAI'ITE
1169 5617 1382 5671 CYCLI.

591 5701 618 5728 ε
664 5693 709 5746 Is
734 5701 818 5747 est
842 5689 1238 5757 llatbodus,qtti
1271 5687 1445 5754 agnita
1462 5686 1779 5739 Christiana}
1817 5681 2086 5757 religionis

523 5763 769 5826 veritate,
800 5762 987 5814 maluit
1013 5774 1135 5812 cum
1171 5752 1534 5824 superioribus
1573 5758 1787 5825 regibus
1815 5767 1866 5810 et
1891 5752 2085 5823 princi‘

525 5834 683 5901 pilius
712 5833 764 5884 itt
791 5831 1054 5884 infernum
1084 5831 1318 5901 dctuergi
1338 5868 1362 5901 ,_
1390 5842 1547 5894 quam
1577 5830 1644 5901 ab
1676 5826 1779 5901 illis
1808 5834 2084 5893 separatus

531 5897 591 5966 sd
619 5901 812 5958 omium
836 5901 1213 5956 conscendere.
1253 5897 1401 5952 Unde
1420 5905 1598 5966 spreto
1626 5897 1939 5966 baptismate
1955 5909 2083 5964 gen-

2216 3230 2481 3297 Iinqttens.
2511 3230 2640 3287 Vide
2675 3230 2843 3284 Vitam
2876 3235 3042 3288 sancti
3078 3232 3333 3286 Ull‘ratutti
3383 3248 3508 3286 smc.
3538 3249 3588 3286 III
3631 3236 3798 3292 Rene-

2212 3300 2412 3371 dictino
2439 3301 2506 3353 ad
2537 3315 2624 3355 an.
2650 3300 2773 3354 720.
2803 3300 3094 3366 Frisiones,
3127 3304 3342 3370 antiqua
3365 3317 3492 3371 gens
3522 3304 3797 3360 inferioris

2214 3367 2533 3440 Germaniae,
2585 3373 2634 3426 in
2674 3373 2942 3427 Bataviam
2976 3372 3128 3427 effusi
3159 3367 3292 3440 parta
3315 3367 3508 3440 m'ejus
3539 3390 3644 3429 non
3679 3393 3799 3429 nio—

2211 3439 2382 3511 dicam
2409 3451 2826 3510 occupaverunt,
2861 3459 2980 3511 qua:
3009 3439 3167 3496 abiis
3198 3441 3366 3495 Frisia
3409 3439 3548 3498 dicta
3582 3455 3684 3498 est.
3723 3446 3801 3502 De

2211 3509 2274 3564 iis
2297 3513 2416 3564 vide
2446 3509 2735 3567 Mabillonii
2763 3509 3162 3568 observationes
3187 3514 3237 3565 in
3253 3511 3429 3566 Vitam
3459 3515 3628 3570 sancti
3664 3516 3802 3571 th-

2212 3581 2458 3645 lihrordi,
2492 3597 2639 3636 num.
2673 3582 2704 3634 7
2741 3597 2866 3638 saec.
2898 3599 2952 3637 III
2984 3584 3181 3638 Bened.
3214 3584 3277 3634 ad
3310 3597 3398 3635 an.
3434 3583 3556 3638 759.

2291 3649 2308 3723 l
2343 3653 2506 3717 Iloh.,
2537 3651 2816 3723 ραι-ἰδίαις,
2841 3655 2999 3723 vulgo
3023 3652 3417 3716 Durosuidium,
3451 3653 3606 3709 hodie
3639 3655 3801 3709 Bata-

2208 3721 2466 3774 vodurutn
2521 3721 2714 3777 dicitur
2769 3721 2954 3790 (νγὶεῆ
2983 3735 3028 3777 te
3059 3725 3413 3792 Duersteden),
3475 3726 3526 3778 in
3556 3727 3800 3784 Geldrim

2207 3792 2398 3845 ducatu
2423 3794 2487 3846 ad
2521 3792 2703 3848 Licum
2734 3793 2906 3848 Rheni
2938 3795 3159 3848 fossam.

2281 3871 2305 3935 ις
2340 3862 2389 3915 Id
2418 3874 2499 3935 est
2532 3864 2730 3935 patria,
2771 3865 2976 3919 scilicet
2999 3864 3300 3935 Theotisca
3325 3863 3475 3920 It'arl.
3522 3865 3571 3920 Is
3601 3876 3799 3935 postea

2207 3933 2434 3985 (ουιοιιιι-ιε
2464 3931 2565 3986 fuit
2588 3933 2817 3989 Carolus
2847 3935 3137 4001 Martellus,
3169 3936 3257 4001 qui
3289 3934 3340 3986 in
3370 3937 3528 3991 codd.
3572 3931 3712 3990 linit.
3741 3949 3800 3992 et

2209 4005 2360 4054 tolli.
2407 4018 2624 4077 semper
2657 4004 3086 4077 diciturCarltu.
3119 4004 3280 4070 Editi,
3309 4005 3550 4072 Carolus,
3585 4017 3644 4062 et
3673 4010 3800 4077 ejus

2205 4084 2374 4126 tltzttcr
2404 4074 2456 4127 ill
2491 4074 2621 4127 Βοὴ.
2644 4074 2918 4138 Calpaida.

2279 4141 2303 4178 h
2340 4143 2470 4198 Villa
2492 4144 2618 4197 olim
2652 4147 2793 4213 regia
2829 4149 2882 4199 in
2932 4161 3064 4210 pago
3096 4144 3436 4199 Noviomensi
3474 4156 3529 4200 et
3560 4147 3798 4204 dimcesi

2206 4211 2579 4267 Sm-ssionensi
2601 4215 2700 4268 sita
2716 4211 2872 4268 'hand
2913 4221 3092 4281 procul
3124 4231 3153 4268 a
3180 4215 3512 4281 Compendio
3541 4227 3596 4270 et
3636 4219 3797 4273 Co..-

2205 4284 2491 4337 llnentibus
2521 4286 2722 4339 Axonte
2753 4301 2872 4339 cum
2903 4288 3065 4348 Isara,
3102 4287 3258 4352 vulgo
3286 4285 3504 4355 Choisy,
3541 4288 3630 4340 ubi
3678 4308 3797 4342 tuo.

2204 4356 2495 4406 nasterium
2540 4358 2665 4408 olim
2720 4357 2954 4422 celebre,
2987 4358 3249 4422 luulieque
3296 4371 3483 4409 sancto
3522 4358 3800 4412 Medatd-i

2202 4423 2915 4497 Sttcssionensisubjectum.
2957 4426 3082 4497 Vide
3115 4426 3207 4497 lib.
3234 4441 3284 4478 tv
3301 4426 3368 4480 de
3395 4428 3474 4482 Re
3497 4427 3798 4497 diplom-at.

2201 4504 2253 4548 ct
2290 4494 2551 4556 Valesium
2580 4496 2672 4548 lib.
2705 4511 2834 4550 χχιιι
2864 4495 2991 4552 Rer.
3018 4495 3416 4550 Francicarum.

2277 4564 2288 4600 ί
2323 4567 2409 4617 Sic
2436 4564 2568 4617 Βοὴ.
2597 4574 2652 4619 et
2677 4563 2830 4620 Colb.
2883 4567 3020 4619 Editi
3045 4604 3061 4630 ,
3117 4567 3381 4619 tredecim.
3415 4565 3602 4620 Lectio
3655 4583 3802 4624 mss.

2202 4640 2480 4687 con'irmat
2505 4634 2703 4690 Labbei
2732 4637 3048 4691 sententi-un
3082 4636 3134 4690 itt
3177 4636 3530 4690 Miscellaneis
3559 4638 3799 4703 histor.,

2205 4720 2321 4771 pag.
2351 4704 2439 4769 (ii,
2488 4712 2544 4758 et
2596 4705 2806 4760 Cointio
2850 4707 3008 4769 lavet,
3049 4707 3170 4760 licet
3211 4706 3558 4760 Childeberto
3607 4723 3804 4764 annos

2201 4789 2402 4854 septem
2433 4775 2604 4856 decim
2638 4776 2853 4857 tribuat,
2883 4792 3002 4832 nam
3034 4777 3191 4830 biduo
3215 4785 3416 4829 tantum
3446 4777 3621 4832 ultimi
3649 4782 3800 4835 anni

2200 4848 2370 4912 ipson
2401 4848 2598 4899 vixisse
2627 4848 2827 4899 scrihtt.

2201 4983 2208 4985 _
2275 4918 2286 4963 ι
2326 4915 2547 4969 Nomine
2576 4915 2942 4981 Teutsindam,
2969 4932 3032 4970 ex
3059 4916 3236 4970 Gestis
3267 4915 3467 4985 Regum
3499 4915 3705 4973 Franc.
3746 4930 3808 4976 ct

2199 4983 2290 5038 lib.
2324 4987 2390 5039 de
2414 4986 2696 5054 Majoribus
2717 4987 2925 5040 domus.

2271 5055 2292 5092 ⁸
2337 5057 2492 5126 ΒρΙι..
2548 5055 2646 5109 Job
2703 5057 3062 5126 vium-Alias,
3105 5055 3315 5125 .lopila,
3365 5069 3460 5110 seu
3503 5056 3761 5126 Jopilum
3794 5101 3810 5120 ,

2199 5126 2359 5198 vulgo
2376 5124 2541 5195 Jupil,
2575 5128 2690 5180 sive
2719 5125 2859 5193 Jopil
2889 5124 3214 5198 appellatur;
3247 5127 3348 5198 sita
3370 5138 3452 5180 est
3494 5143 3529 5198 re
3559 5124 3810 5198 regione

2196 5196 2462 5251 IIct-istalii
2506 5212 2670 5265 prope
2725 5199 3044 5252 Leodicum.‘
3089 5197 3220 5250 Vide
3258 5197 3351 5250 lib.
3383 5212 3433 5250 tv
3472 5197 3542 5250 de
3583 5196 3666 5251 Re
3706 5199 3775 5251 Di

2197 5268 2415 5333 plomat.
2446 5283 2594 5320 num.
2628 5266 2716 5319 71.
2753 5269 2973 5321 Basilica
2996 5268 3167 5321 sancti
3202 5266 3469 5320 Lantberti
3499 5268 3668 5321 hodie
3703 5284 3807 5322 ca-

2195 5338 2448 5392 tltodralis
2474 5347 2557 5391 est
2587 5337 2946 5392 Leodicensis.
2973 5337 3068 5390 Hic
3097 5346 3311 5391 sant-tus
3343 5347 3568 5391 necatus
3600 5336 3806 5394 fuerat

2191 5420 2332 5460 anno
2363 5409 2497 5462 circ.
2530 5408 2653 5460 708.
2688 5408 2814 5474 Ejus
2843 5407 2950 5460 vita
2983 5408 3206 5461 habetur
3234 5408 3371 5461 inter
3397 5413 3528 5462 Acta
3559 5418 3808 5464 sancto-

2191 5492 2307 5530 rutn
2342 5477 2695 5544 Renedictin.,
2729 5493 2854 5531 saec.
2890 5492 2968 5540 ιιι,
3001 5487 3150 5546 parte
3178 5492 3213 5530 ι.

2269 5545 2282 5584 ¹
2317 5546 2472 5602 colu.
2492 5556 2548 5602 et
2572 5547 2726 5619 Bch"
2753 5545 3231 5619 mttjorentdomatu
3251 5547 3433 5615 palatii
3457 5549 3690 5619 accepit.

2261 5619 2452 5672 mObtit
2473 5633 2562 5671 an.
2587 5618 2711 5680 7M,
2740 5633 2922 5671 mense
2947 5618 3244 5682 Decembri,
3267 5620 3423 5686 paulo
3437 5629 3558 5686 post
3575 5618 3679 5671 lilii
3701 5622 3807 5675 sui

2191 5703 2398 5742 necent.
2431 5688 2612 5741 Dictus
2662 5699 2754 5756 esti
2789 5687 3014 5756 junior,
3067 5690 3208 5755 quod
3248 5705 3403 5741 avum
3447 5699 3792 5742 maternum

2191 5759 2435 5814 habuerit
2460 5756 2738 5826 Pippinum
2767 5758 3192 5822 Landittensetn;
3219 5761 3402 5814 senior
3431 5774 3560 5813 vero
3583 5759 3663 5813 ob
3691 5775 3811 5816 nc-

2189 5840 2387 5898 poteut,
2420 5830 2508 5903 qui
2537 5837 2721 5898 postea
2753 5842 2976 5900 regitqu
3009 5829 3262 5885 obtinuit.
