3982 6346
274 338 372 361 ειν-ιν

270 355 376 391 δέ.)

1130 332 1525 389 (ζιιηυκιεωι
1560 333 2074 389 CONTINUATUM.
2119 334 2294 390 PARS
2332 334 2673 391 SECUNDA.

3414 340 3521 394 67/.

267 452 385 505 acie
415 452 465 503 in
496 448 679 502 Coatia
702 448 722 470 '
744 446 895 509 silva,
929 458 1111 499 contra
1140 446 1635 508 Tlicudoaldum.et
1657 445 1840 500 ietules
1869 447 1919 505 Α
2012 446 2164 498 CVil.
2204 447 2399 500 Deéutle
2422 449 2697 502 Coloniam
2722 449 2906 502 urbem
2937 464 3203 515 reversus,
3234 452 3402 519 ipsam
3434 456 3520 507 ci-

272 540 482 609 Pippini
509 539 801 607 quondam,
843 548 1003 606 atque
1026 534 1390 590 Grimealdnm
1422 537 1447 573 δ
1479 537 1647 591 iniere
1674 548 1847 589 certa-

272 650 419 689 nien.
471 632 790 700 Corruitque
834 629 903 684 ibi
962 628 1281 684 immodicus
1328 628 1615 685 exercitus.
1670 629 1846 683 'l‘hen-

268 725 499 779 dualdus
545 723 722 791 itaque
775 734 806 773 a
852 719 1126 773 sodalibus
1154 718 1267 775 suis
1317 733 1409 787 per
1450 718 1625 788 fugam
1669 719 1848 785 lapsus

270 820 467 873 evasit.
518 818 705 883 Magna
764 820 820 868 et
865 812 1036 867 valida
1088 810 1418 879 perturbatio
1451 820 1507 865 et
1549 812 1849 880 persecutio

272 910 483 965 exstitit
511 908 648 978 apud
678 914 888 976 gentem
923 904 1276 960 Francorum.

353 997 465 1052 CV.
491 995 694 1051 Eodem
744 1005 980 1064 tempore
1035 1005 1161 1048 tunc
1187 994 1464 1063 elegerunt
1500 995 1552 1050 in
1590 994 1850 1052 honorem

274 1087 498 1157 maioris
552 1086 801 1140 domatus
846 1085 1126 1153 quemdam
1168 1084 1448 1148 Francum,
1501 1085 1714 1141 nomine
1745 1090 1849 1138 tta-

274 1179 577 1250 ganfridum
624 1187 695 1242 ⁶;
744 1186 1117 1245 commotoque
1171 1179 1406 1230 exercitu
1461 1175 1636 1231 hostili
1686 1191 1851 1246 usque

278 1275 482 1327 illo-am
539 1269 753 1325 ﬂuvium
804 1276 1110 1339 properant,
1160 1278 1349 1323 cuncta
1380 1276 1666 1323 vastantes.
1715 1266 1850 1323 Cum

275 1360 535 1416 Radbede
562 1359 698 1413 duce
725 1358 892 1413 ltedus
918 1356 1169 1410 inierunt.
1201 1356 1292 1411 liis
1316 1357 1507 1412 diebus
1527 1356 1717 1411 Carius
1740 1357 1851 1414 dux

275 1470 308 1510 a
344 1453 559 1522 praelata
605 1450 797 1505 femina
837 1446 1155 1503 Plechtrude
1182 1448 1283 1504 sub
1314 1447 1554 1503 custodia
1584 1449 1851 1517 detentus,

277 1544 377 1602 Dei
400 1542 601 1599 auxilio
631 1541 885 1598 liberatus
912 1548 1014 1593 est.

350 1639 452 1692 Art.
490 1650 684 1692 nccxv.
714 1661 785 1674 —-
828 1631 961 1688 CVI.
1013 1630 1213 1686 Eodem
1246 1641 1483 1701 tempore
1525 1630 1854 1703 Dagubertris

275 1745 374 1785 rex
404 1729 556 1795 obiit,
602 1726 947 1796 regnavitque
982 1738 1152 1777 annos
1177 1723 1430 1792 quinque.
1482 1720 1670 1779 Franci
1721 1734 1851 1776 vero

1949 535 2164 588 vitalem
2194 536 2335 603 cepit
2359 550 2694 591 reseratam:
2746 537 2963 604 praelata
3011 537 3343 593 Plechtrudis
3401 541 3523 594 the-

1949 635 2135 679 sauros
2166 624 2329 691 patris
2365 624 2448 681 sui
2472 626 2523 681 ei
2554 625 2803 695 reddidit,
2848 636 2904 683 et
2926 636 3116 681 cuncta
3146 642 3245 681 suo
3285 628 3525 683 dominio

1948 712 2201 768 ι’θμιίιυῑι.

2025 826 2122 876 An.
2165 838 2414 879 nccxvm.
2444 855 2515 865 —
2555 825 2752 895 Regem
2801 827 2901 882 sibi
2950 827 3252 894 constituit,
3298 831 3513 883 nomine

1950 912 2341 971 Chlotbarittm.
2389 914 2725 989 Cbilpericus
2768 919 2946 989 itaque
2974 933 3029 976 et
3069 921 3418 992 Raganfridus
3450 926 3522 978 le—

1949 1003 2217 1071 gationem
2257 1006 2321 1059 ad
2372 1005 2646 1062 Eudonem
2693 1010 2881 1064 ducem
2931 1010 3187 1081 dirigunt,
3220 1011 3336 1081 ejus
3373 1014 3525 1067 anxi-

1953 1090 2081 1144 lium
2116 1092 2446 1160 postulantes
2472 1105 2679 1165 rogant,
2713 1112 2932 1166 regnum
2963 1110 2988 1146 κ
3045 1112 3099 1155 et
3150 1117 3368 1156 munera
3415 1113 3525 1155 tra-

1951 1179 2105 1234 dunt.
2137 1180 2227 1237 Ille
2253 1178 2465 1252 quoique
2511 1184 2665 1239 hoste
2701 1183 2789 1255 [Id
2810 1196 2901 1250 est,
2947 1188 3209 1260 exercitu]
3234 1190 3527 1243 Wascene-

1953 1284 2069 1323 sum
2102 1279 2371 1325 commoto
2425 1268 2451 1308 δ
2496 1272 2565 1328 ad
2610 1288 2704 1329 eos
2734 1277 2973 1341 veniens,
3023 1282 3222 1346 pariter
3266 1280 3527 1334 adversus

1954 1357 2166 1413 Curium
2198 1369 2569 1428 perrexerunt.
2599 1362 2669 1416 At
2694 1362 2787 1417 ille
2810 1375 3122 1420 eorrstanter
3149 1375 3206 1421 et
3228 1366 3529 1435 intrepidus

1954 1444 2033 1499 eis
2052 1460 2336 1502 occurrere
2364 1456 2631 1517 properat.
2665 1449 2818 1505 Eudo
2849 1452 3067 1507 territus
3091 1454 3233 1521 quod
3278 1458 3529 1511 resistere

1957 1550 2062 1589 non
2115 1537 2338 1602 valeret,
2386 1536 2611 1607 aufugit.
2640 1539 2834 1595 Carius
2886 1541 3164 1598 insecutus
3186 1558 3308 1599 eum
3364 1561 3533 1617 usque

1958 1624 2212 1691 Parisios,
2241 1626 2449 1695 Segona
2496 1628 2659 1683 ﬂuvie
2690 1640 2934 1697 transito,
2974 1648 3144 1704 usque
3179 1636 3530 1691 Aurelianen-

1958 1726 2070 1767 sem
2099 1714 2282 1769 urbem
2309 1718 2653 1785 peraccessit,
2682 1727 2740 1774 et
2767 1720 2855 1774 vix
2884 1721 3141 1789 evadatis,
3167 1725 3425 1780 terminos
3447 1742 3530 1781 re-

279 1821 596 1878 Danihelem
624 1816 892 1887 quondam
920 1814 1199 1878 clericum,
1257 1814 1481 1868 caasarie
1527 1812 1715 1883 capitis
1739 1826 1855 1866 cre-
1886 1805 1933 1865 B
1957 1807 2129 1878 gienis
2153 1822 2265 1865 sua:
2293 1809 2615 1877 penetravit.

277 1924 466 1968 scente
488 1910 540 1964 in
573 1923 791 1979 regnum
817 1907 1112 1970 stabiliunt,
1142 1912 1299 1974 atque
1325 1903 1681 1974 Cbilpericum
1720 1918 1853 1956 nnn-

275 2012 474 2072 cupant
499 1998 548 2055 ά.
575 2001 767 2054 lterate
796 1997 1004 2068 quidem
1039 2005 1278 2064 tempore
1322 2003 1590 2050 commoto
1615 1993 1854 2049 exercitu

277 2104 470 2149 contra
511 2101 862 2147 memoratum
910 2090 1122 2147 Carlum
1171 2084 1428 2157 dirigunt.
1465 2088 1542 2140 Ex
1573 2087 1675 2142 alia
1708 2095 1855 2154 parte

274 2188 443 2242 iidem
471 2200 595 2240 cum
619 2183 772 2237 hoste
810 2180 900 2255 [Id
931 2190 1025 2243 est,
1071 2178 1334 2251 exercitu]
1386 2178 1690 2233 Frisienutn
1722 2193 1853 2233 ven-

279 2286 406 2330 tnro
433 2273 744 2328 Radliodum
775 2272 964 2326 ducem
1011 2271 1253 2323 invitant.
1286 2266 1484 2325 Contra
1528 2285 1687 2337 quem
1719 2285 1855 2338 pra:-

275 2370 456 2421 dictns
478 2366 557 2419 vir
584 2366 770 2418 Carius
798 2378 917 2416 cum
948 2360 1191 2417 exercitu
1219 2375 1317 2415 suo
1355 2374 1705 2433 consurgens,
1733 2377 1853 2417 cer-

274 2468 461 2511 tamen
503 2454 729 2510 invicem
761 2453 994 2509 inierunt
1024 2469 1039 2506 :
1088 2452 1181 2507 sed
1213 2466 1318 2509 non
1361 2454 1627 2508 modicum
1659 2453 1854 2508 ibidem

276 2562 568 2622 perpessus
591 2559 673 2603 est
697 2548 950 2600 damnum
972 2544 1040 2599 de
1068 2544 1196 2598 viris
1223 2544 1452 2598 strenuis
1480 2555 1639 2612 atque
1662 2544 1857 2599 nobili-

276 2643 408 2707 bus;
441 2654 772 2709 cernensque
799 2638 979 2691 laesum
1008 2636 1304 2690 eXcrcitum
1325 2643 1474 2704 terga
1494 2635 1657 2706 673
1676 2643 1849 2689 vertit.

287 2731 630 2801 Ctiiiperirns
653 2730 890 2800 pustliazc
908 2726 960 2780 et
994 2726 1367 2805 iiaganlridus,
1414 2725 1645 2781 adunata
1678 2716 1853 2781 hostiii

276 2822 453 2892 plebe,
490 2820 832 2875 Arduennam
860 2818 1048 2872 silvam
1098 2824 1395 2879 transeunt,
1444 2815 1515 2871 ab
1564 2815 1665 2870 alia
1708 2825 1856 2884 parte

274 2915 628 2985 prarstolante
643 2911 899 2966 Radbode
919 2911 1071 2973 duce,
1089 2924 1209 2962 cum
1227 2908 1462 2963 exercitu
1482 2922 1580 2963 suo
1601 2908 1855 2962 hactenus

278 3006 566 3061 Coloniam
601 3005 784 3058 urbem
841 3017 999 3070 super
1052 3001 1292 3055 Rhenum
1343 2999 1559 3055 ﬂuvium
1603 3014 1857 3068 pervene-

276 3110 429 3161 runt,
452 3095 699 3164 regiones
730 3093 847 3146 illas
891 3093 1087 3159 pariter
1114 3100 1400 3146 vastantes.
1434 3091 1649 3146 Munera
1688 3093 1850 3145 multa

2025 1920 2127 1975 Art.
2172 1935 2387 1975 nccxtx.
2420 1948 2491 1961 -
2536 1921 2898 1990 Cbilpericum
2950 1937 3131 1993 regem
3176 1934 3359 1979 secum
3412 1940 3530 1979 cum

1954 2010 2217 2066 thesauris
2247 2012 2514 2064 sublatum
2541 2010 2746 2067 evexit.
2795 2010 3137 2069 Cblotharius
3164 2012 3341 2084 itaque
3367 2014 3530 2085 674

1954 2116 2051 2157 rex
2074 2115 2140 2157 ee
2166 2115 2314 2156 anno
2340 2102 2474 2156 obiit
2506 2098 2553 2157 ι.

2026 2219 2127 2269 Art.
2174 2227 2369 2270 nccxx.
2405 2224 2486 2254 '—
2512 2223 2669 2269 Anne
2726 2214 2968 2271 inseeuto
2989 2216 3175 2272 Carius
3222 2232 3316 2288 per
3345 2221 3529 2281 missos

1954 2316 2081 2358 suos
2111 2303 2369 2357 amicitias
2390 2316 2511 2358 cum
2542 2303 2762 2360 Eudene
2789 2305 2925 2361 duce
2951 2308 3176 2376 lactens,
3202 2309 3271 2365 ab
3296 2323 3362 2365 eo
3394 2325 3530 2379 pra:-

1955 2398 2154 2453 dictum
2185 2397 2543 2466 Chilperieum
2583 2413 2761 2469 regem
2809 2414 2931 2455 cum
2989 2403 3173 2458 multis
3222 2405 3531 2458 muneribus

1954 2489 2174 2558 recepit.
2228 2486 2565 2558 Veniensque
2613 2489 2795 2544 urbem
2845 2489 3112 2547 Noviome
3167 2502 3233 2561 ι,
3257 2501 3393 2586 ‘post
3423 2509 3528 2548 non

1930 2629 1940 2639 η
1955 2577 2177 2630 multum
2206 2586 2412 2645 tempus
2452 2592 2665 2633 cursum
2697 2577 2821 2633 vitae
2852 2592 2906 2635 et
2956 2595 3179 2650 regnum
3225 2577 3428 2649 amisit,
3480 2594 3533 2640 et

1954 2677 2197 2722 mortuus
2221 2678 2321 2735 est,
2353 2670 2701 2739 regnavitque
2727 2686 2896 2727 annos
2922 2686 3037 2727 ses.

2026 2784 2124 2837 ΑΝ.
2160 2797 2368 2837 nccxxt.
2395 2813 2465 2822 —
2503 2783 2621 2851 Quo
2653 2792 2884 2850 mortue,
2917 2785 3311 2843 Theodericum
3338 2804 3520 2859 regem

1955 2882 2253 2928 statuerunt
2283 2875 2334 2927 in
2358 2874 2540 2929 sedem
2568 2876 2737 2945 regni,
2768 2880 2855 2946 qui
2887 2876 3030 2931 hunc
3058 2879 3231 2934 locum
3277 2882 3397 2936 solii
3450 2899 3542 2939 nev

1956 2965 2089 3034 galis
2116 2965 2323 3020 obtinet
2349 2963 2397 3033 ιι,
2430 2967 2585 3022 annis
2619 2970 2739 3021 vita:
2761 2969 2918 3022 simul
2944 2971 3280 3049 pnestolatis.

2028 3082 2126 3136 AN.
2171 3095 2416 3134 nccxxiv.
2459 3108 2530 3120 -ο
2573 3079 2666 3135 llis
2696 3081 2768 3134 ita
2794 3082 3012 3147 evulsis,
3046 3081 3233 3139 Carius
3277 3086 3523 3154 princeps

275 3196 334 3242 et
365 3190 638 3239 thesauros
679 3198 707 3235 a
752 3183 965 3252 praelata
1019 3180 1335 3235 Plechtrude
1381 3180 1705 3249 accipientes
1760 3198 1849 3237 re-
1884 3172 1928 3233 C
1960 3173 2226 3226 insecutus
2266 3174 2403 3227 idem
2450 3173 2848 3242 ltaganfridum,
2902 3174 3205 3246 Audegivis
3258 3182 3547 3235 civitatem

277 3276 425 3331 versi
448 3284 573 3327 sunt
597 3281 647 3328 ⁸.
676 3272 782 3329 Sed
810 3273 861 3325 in
886 3273 989 3336 via,
1020 3272 1070 3326 in
1094 3272 1239 3338 loco,
1260 3273 1346 3341 qui
1365 3271 1559 3327 dicitur
1578 3270 1855 3338 Amblava,

275 3367 349 3421 ab
375 3367 613 3421 exercitu
632 3362 772 3419 Carli
801 3362 1003 3432 grande
1023 3366 1259 3431 perpessi
1280 3371 1406 3417 sunt
1422 3362 1697 3417 damnum.
1730 3364 1859 3417 Stic-

275 3458 493 3512 redenti
525 3466 786 3523 tempore,
807 3454 1019 3513 Carius.
1050 3466 1319 3508 commuto
1363 3453 1625 3523 exercitu,
1672 3468 1860 3511 contra

286 3548 650 3617 Cbilpericunt
680 3557 732 3600 et
764 3544 1141 3614 Raganl‘ridum
1173 3544 1386 3599 direxit.

351 3639 455 3692 Ax.
496 3648 726 3689 nccxvtt.
766 3663 837 3674 —
876 3633 1076 3687 Bellum
1108 3634 1336 3687 inierunt
1364 3632 1451 3688 die
1492 3633 1762 3690 Dominica
1801 3637 1853 3690 in

275 3725 713 3795 Quadragesitna.
742 3722 1060 3777 duodecimo
1087 3722 1350 3777 Kalendas
1382 3722 1599 3792 Aprilis,
1644 3724 1696 3779 in
1742 3724 1860 3778 luce

277 3829 586 3887 nuncupata
610 3814 863 3869 Vinciaco
898 3812 943 3879 τ,
990 3814 1041 3867 in
1090 3828 1223 3884 pago
1269 3810 1666 3881 Cameracensi,
1700 3818 1859 3870 nimia

277 3910 427 3964 ca-de
467 3908 695 3962 invicem
742 3905 912 3959 collisi
940 3914 1081 3959 sunt.
1123 3903 1458 3971 Ciiil,-ericus
1487 3913 1542 3959 et
1581 3903 1861 3975 Ragant‘ri-

277 3999 381 4053 dus
409 3996 624 4062 devicti,
653 3997 705 4049 in
726 3993 901 4064 fugam
926 3992 1059 4061 lapsi
1091 4002 1231 4060 terga
1259 3999 1530 4046 vertentes
1553 4005 1858 4058 evaserunt,

278 4109 419 4164 quos
437 4092 625 4148 Carius
646 4099 977 4160 persecutus,
1007 4101 1175 4156 usque
1199 4086 1428 4142 Parisios
1449 4087 1714 4143 civitatem
1739 4105 1862 4160 pre-

281 4188 513 4258 peravit.

371 4312 397 4340 ι
431 4299 649 4362 Cliesn.,
675 4297 849 4358 Catia;
880 4295 1053 4358 Cultu,
1085 4311 1135 4349 tn
1160 4295 1349 4361 indice,
1373 4293 1544 4346 Gotia.
1578 4293 1668 4348 Est
1699 4294 1856 4350 Curia

282 4373 417 4427 silva
464 4384 585 4440 cum
628 4369 745 4440 vice
789 4367 1104 4440 cognomine
1145 4379 1307 4433 prope
1353 4365 1736 4432 Cetnpendium
1784 4370 1858 4440 (la

285 4441 511 4512 {erétpde
539 4438 733 4512 Caice),
759 4452 821 4491 ex
853 4438 1030 4512 Gestts
1060 4436 1250 4512 lj‘ranc.

1959 3264 2189 3329 obsedit,
2215 3272 2416 3319 vastata
2444 3264 2630 3320 eadem
2658 3264 2894 3335 regione,
2926 3281 3047 3323 cum
3076 3267 3319 3337 plurimis
3348 3273 3549 3341 spoliis.

1960 3355 2248 3412 remeavit.

2030 3469 2205 3526 CVili.
2253 3468 2354 3524 Per
2380 3469 2519 3525 idem
2556 3476 2766 3539 tempus
2797 3469 3176 3525 rebellantibus
3204 3472 3525 3538 Saxonibus,

1960 3561 2150 3619 Carius
2180 3563 2428 3630 princeps
2450 3564 2670 3615 veniens
2698 3576 2792 3616 eos
2825 3564 3217 3630 praeoccupavit
3256 3578 3319 3619 ac
3349 3564 3536 3621 debel-

1964 3654 2108 3719 lavit,
2137 3653 2411 3722 victorque
2452 3654 2758 3707 revertitur.

2036 3773 2388 3825 An.nccxxv.
2430 3797 2503 3811 --
2550 3766 2829 3824 Succiduis
2884 3767 3092 3833 diebus,
3146 3771 3365 3824 evoluta
3410 3785 3536 3825 anui

1964 3864 2191 3927 circulo,
2241 3861 2538 3916 coadunata
2584 3861 2855 3930 agminum
2898 3850 3254 3926 multitudine,
3297 3860 3539 3916 Rhenum

1964 3954 2184 4009 ﬂuvium
2218 3952 2443 4016 transiit,
2482 3952 2910 4017 Alamannosiue
2965 3961 3019 4005 et
3070 3952 3278 4008 Suaves
3321 3954 3539 4020 lustrat,

1966 4063 2133 4115 usque
2164 4044 2457 4100 Danubium
2486 4044 2831 4113 peraceessit,
2856 4044 3055 4112 illoque
3096 4028 3455 4107 transmeato,
3477 4048 3534 4098 li-

1966 4150 2062 4193 nes
2090 4138 2436 4191 Baiearenses
2470 4130 2489 4171 ι
2539 4134 2836 4202 occupavit.
2887 4133 3117 4189 Subacta
3160 4135 3377 4205 regione
3422 4136 3537 4199 illa,

1964 4304 2144 4350 censet
2173 4300 2228 4346 ut
2248 4303 2455 4343 summo
2479 4296 2531 4342 et
2556 4287 2702 4355 regio
2724 4285 2845 4353 jure
2874 4286 2925 4340 in
2954 4286 3235 4355 Aquitania
3274 4300 3536 4346 uteretur.

1966 4366 2205 4421 Cuintius
2242 4376 2370 4414 vero
2399 4357 2527 4411 nihil
2576 4356 2721 4411 aliud
2752 4372 2817 4411 ex
2849 4358 2948 4411 hoc
2996 4357 3112 4430 loco
3155 4358 3337 4414 inferri
3383 4377 3545 4430 pesse

1965 4432 2260 4499 contendit,
2295 4444 2450 4499 quam
2481 4442 2757 4499 eurenatn,
2804 4428 3163 4499 quispassim
3207 4430 3345 4498 apud
3376 4428 3539 4486 medii

356 4494 385 4550 δ
416 4510 509 4565 Sic
558 4494 756 4563 habent
797 4507 1145 4573 exemplaria,
1185 4503 1466 4576 legendum
1514 4511 1689 4576 tamen
1738 4504 1860 4560 Gri-
1893 4517 1940 4576 ι)
1966 4507 2061 4559 aevi
2093 4494 2337 4558 auctores
2364 4494 2831 4576 regnum‘divitnr,
2867 4494 3086 4550 honoris
3113 4494 3271 4554 causa
3314 4501 3379 4554 ad
3424 4502 3541 4555 En.-

282 4582 515 4645 moaldi;
563 4593 681 4632 nam
710 4577 1048 4630 Grimeatdus
1077 4585 1221 4639 tunc,
1254 4573 1410 4628 sicut
1458 4583 1513 4628 et
1560 4573 1677 4644 ejus
1707 4590 1857 4645 pater

287 4652 568 4720 Pippinus.
592 4648 827 4720 defuncti
850 4654 1023 4720 erant.

362 4712 553 4774 'c'Cod.
587 4719 770 4781 (10th.,
806 4715 1182 4784 ltagiafridum,
1205 4722 1264 4784 et
1294 4713 1372 4769 sic
1393 4726 1608 4784 semper
1629 4712 1783 4784 intra.

356 4789 384 4827 ει
416 4790 509 4846 Sic
536 4789 735 4844 (Shesn.
765 4786 868 4840 Alii
885 4782 1027 4840 Editi
1056 4800 1177 4839 cum
1201 4783 1334 4838 Bob.
1359 4792 1414 4837 et
1437 4783 1588 4838 Celb.
1617 4800 1632 4836 :
1657 4782 1855 4837 Franci

287 4878 405 4916 ure
433 4858 779 4929 Chilpa-lcum
824 4857 1090 4925 quemdam
1130 4869 1301 4924 regem
1329 4854 1721 4908 constituerunt.
1752 4853 1859 4908 Iteb

286 4942 419 4985 νοω.

362 5010 387 5037 ο
428 4997 606 5061 Colb.,
635 4994 933 5049 Blictrudte.
962 4992 1103 5047 Idem
1129 5001 1181 5047 et
1200 4992 1364 5055 Boh.,
1396 5002 1603 5062 accepta
1631 5008 1860 5047 reversus

289 5081 454 5125 ean...
479 5070 674 5136 grande
702 5068 897 5134 accepit
937 5065 1201 5136 damnum.
1234 5062 1407 5136 Porro
1429 5063 1564 5116 inter
1597 5063 1748 5116 villas
1776 5079 1860 5117 re-

320 5142 400 5193 ias
430 5133 719 5192 Austrnsite
749 5133 1041 5204 Sigibertus
1058 5133 1237 5202 jnnior
1260 5133 1571 5204 Amblavain
1594 5145 1858 5197 recenset,

326 5224 452 5262 nvio
477 5206 782 5277 cognomini
812 5201 1138 5277 impositam.
1169 5201 1422 5277 Ambiava
1453 5202 1665 5277 tlnvins,
1694 5204 1857 5277 vulgo

292 5276 513 5344 Amblcf,
544 5272 683 5328 haud
714 5276 891 5341 procul
941 5289 973 5326 a
1015 5272 1328 5344 AStabuiensi
1372 5282 1431 5344 et
1474 5272 1857 5344 Maltnttndarto

290 5341 627 5401 monasteriis
655 5345 793 5409 linit,
834 5342 1166 5411 proindeQue
1190 5343 1333 5395 circa
1364 5342 1496 5395 lines
1523 5341 1859 5397 Coloniensis

289 5428 339 5471 et
374 5413 689 5468 Leodiensis
720 5414 1046 5464 dimceseen.

365 5484 386 5523 ί
425 5481 585 5544 Beb.,
641 5480 885 5536 Vinceco.
944 5477 1250 5533 Vinciactnn
1294 5474 1456 5530 hodie
1507 5477 1719 5531 vicu'us
1772 5487 1875 5542 est,

289 5556 409 5625 qui,
446 5542 675 5625 testante
730 5554 947 5625 Aliraeo,
975 5542 1373 5625 appellatur‘lu
1399 5545 1558 5600 Cense
1604 5546 1877 5625 de‘Vt‘nci,

477 5622 663 5691 procul
695 5639 723 5675 a
752 5620 1047 5691 Cicparrdio
1075 5617 1663 5691 (ξρρὶὠξ((Ινεινειῖιειιν).⁸
1676 5617 1747 5670 De
1781 5623 1877 5673 hac

294 5627 436 5679 haud
477 5627 663 5691 procul
695 5639 723 5675 a
752 5627 1047 5689 Cicpardio
1075 5627 1270 5685 oppido
1291 5627 1648 5687 (orerentur).
1677 5627 1690 5670 I

293 5712 467 5768 pugna
497 5693 690 5768 Paulus
722 5693 869 5768 Diae.
903 5690 1065 5768 lib.“
1095 5687 1430 5768 Hist._Laug.
1454 5701 1573 5768 cap:
1603 5688 1692 5768 ῳ.

368 5758 669 5820 Et‘alesius
724 5764 806 5819 bis
856 5762 1033 5818 verbis
1086 5758 1409 5830 permissum
1463 5758 1667 5815 Eudeni
1712 5759 1874 5814 fuisse

1962 4576 2156 4630 donem
2189 4571 2552 4627 transutissam
2581 4568 2767 4621 fuisse.

2034 4644 2064 4683 λ
2090 4642 2220 4699 Bob.
2256 4657 2269 4694 :
2305 4636 2393 4693 Illi
2419 4640 2580 4708 (forte
2609 4651 2701 4706 pro
2726 4634 2844 4706 Ille)
2874 4652 3072 4706 quoque
3093 4637 3285 4694 hostem
3314 4656 3543 4695 cemmm

1961 4725 2069 4770 tam
2092 4717 2208 4784 (pro
2248 4710 2585 4784 commutatis)
2613 4711 2680 4761 ad
2721 4709 3061 4772 eosveniens,
3100 4711 3312 4778 pariter.
3347 4712 3488 4766 Editi
3518 4731 3535 4766 :

1962 4784 2051 4855 Illi
2080 4779 2343 4855 quoque...
2378 4779 2651 4855 venientes.

2036 4853 2054 4892 ί
2091 4843 2205 4910 ’816
2230 4850 2428 4905 Cbesn.
2472 4848 2660 4902 Ceteri
2706 4861 2828 4900 cum
2876 4843 3031 4915 Gelli.
3062 4861 3075 4897 :
3112 4844 3221 4901 Rex
3263 4847 3537 4915 defunctus

1960 4924 2187 4978 decessit.
2208 4919 2425 4976 Carolus
2446 4917 2723 4983 permissos
2743 4930 2861 4968 suos
2886 4914 2949 4965 ab
2978 4911 3188 4968 Eudene
3213 4911 3341 4970 duce
3370 4919 3537 4971 idem-

1962 5010 2057 5063 que
2086 4994 2382 5063 prtedictum
2410 4985 2749 5063 Cltilpericunt
2773 4998 2939 5063 regem
2966 4984 3165 5063 recipit.

2038 5065 2051 5114 i
2086 5052 2250 5119 'Urbs
2287 5052 2614 5130 episcopalis;
2644 5053 2947 5130 mitissima,
2975 5055 3129 5123 vulgo
3179 5052 3390 5130 Noyon,
3437 5057 3539 5130 sub

1968 5135 2302 5187 “tremerem
2324 5125 2637 5193 metropoli.
2671 5125 2773 5179 Alii
2818 5125 3056 5177 scribunt
3101 5138 3222 5178 eum
3286 5128 3538 5182 Attiniaci

1963 5204 2185 5258 obiisse.

2034 5272 2057 5309 ¹ι
2098 5270 2185 5325 Sic
2214 5270 2374 5331 Buta,
2392 5265 2479 5317 alti
2512 5278 2656 5328 vero,
2681 5279 2883 5317 nunc...
2909 5265 3141 5320 obtinuit.
3166 5265 3353 5321 Nostra
3379 5267 3541 5320 lectio

1966 5343 2153 5396 melior
2183 5348 2285 5393 est.
2334 5336 2608 5402 liegnante
2651 5335 2791 5387 enim
2832 5335 3167 5390 Theoderico
3209 5351 3280 5403 tv,
3327 5336 3537 5389 Calensi

1960 5412 2121 5476 dicto,
2158 5410 2311 5477 huius
2338 5406 2800 5477 CbrtiniciAanctur
2840 5407 3070 5472 vivebat,
3120 5408 3329 5477 utipse
3368 5414 3535 5457 testa-

1963 5492 2067 5545 tur,
2101 5473 2256 5543 inlra',
2289 5492 2405 5543 cap.
2439 5478 2491 5530 9.
2525 5473 2688 5540 inira,
2716 5490 2810 5542 pro
2832 5477 3163 5546 prwstelatis,
3189 5474 3430 5529 Labbens
3463 5478 3537 5527 Ie-

1962 5550 2347 5622 gil‘prelelatis.

2046 5612 2178 5674 l'Sic
2208 5619 2338 5671 Buh.
2367 5613 2517 5669 Culb.
2552 5628 2700 5675 vero,
2731 5614 3103 5683 Baguarenses,
3158 5612 3312 5663 liabet
3362 5623 3539 5668 tamen

1968 5691 2021 5745 in
2054 5692 2226 5745 indice
2253 5701 2405 5761 capp.
2438 5674 2976 5749 Bajearenses.'i£diti,
3010 5674 3330 5751 Bujomtses.
