3982 6346
789 403 3571 428 -ΨΨ--ῄ--σσ--ψ--Μ

1378 537 1786 643 PARS
1850 535 2156 642 TER
2177 535 2463 646 ΤΙΑ
2482 628 2511 663 ,

1070 785 1533 864 AUCTORE
1611 783 2110 862 ANONYMO
2161 786 2723 867 AUSTRASIO
2757 843 2786 889 ,

1224 968 1345 1038 Qui
1390 964 1575 1040 jussu
1615 963 2066 1022 Cliildebrandi
2099 965 2347 1023 cornitis
2379 968 2651 1043 scripsit.

375 1137 535 1208 677
572 1137 722 1189 Ακκο
756 1138 1330 1208 vacuum—Itaque
1356 1149 1382 1174 ⁸
1407 1138 1779 1206 sagacissimus
1808 1136 1888 1190 vir
1918 1146 1962 1202 Α
1996 1137 2099 1190 illis
2143 1140 2380 1204 partibus
2428 1154 2548 1191 cuni
2597 1152 2851 1208 apparatu
2902 1144 3075 1198 hostili
3123 1145 3332 1213 dirigit;
3377 1148 3573 1214 quique

312 1230 535 1284 Carolus
567 1230 694 1292 dux,
725 1240 993 1284 commoto
1015 1232 1282 1295 exercitu,
1310 1232 1376 1285 ad
1419 1240 1596 1300 partes
1646 1231 1883 1297 Burgun-

312 1325 408 1377 il‘a:
430 1323 630 1391 dirigit,
668 1321 980 1390 Lugdunum
1029 1323 1215 1378 Gallia
1269 1325 1476 1386 urbem,
1510 1323 1740 1390 majores
1763 1333 1889 1376 natu

311 1425 472 1482 atque
495 1416 777 1485 praefectos
806 1415 1044 1480 ejusdem
1064 1416 1349 1484 provincia:
1373 1431 1481 1469 suae
1503 1415 1689 1469 ditioni
1714 1415 1889 1482 reipu-

223 1579 232 1589 ε
313 1509 466 1562 blicaa
522 1507 861 1576 subiugavit;
917 1521 1084 1576 usque
1140 1508 1520 1562 Massiliensem
1571 1508 1780 1571 urbem,
1811 1508 1890 1561 vel

313 1599 590 1653 Art-latum
621 1597 733 1650 suis
760 1596 1031 1664 jtidicibus
1053 1597 1360 1661 constituit;
1390 1612 1510 1650 cum
1543 1597 1748 1666 magnis
1772 1597 1892 1650 the-

315 1695 488 1746 sauris
513 1701 566 1744 et
598 1688 913 1744 muneribus
952 1689 1004 1743 iti
1036 1688 1364 1744 Fiancoruni
1389 1704 1610 1758 regnum
1638 1689 1898 1743 remeavit

315 1785 366 1837 itt
392 1784 572 1836 sedent
608 1782 938 1851 principatus
962 1782 1064 1834 sui.

393 1881 491 1929 As.
518 1873 1170 1941 licentum—Itemque
1200 1871 1580 1926 rebellantibus
1599 1870 1898 1924 Saxonibus

325 1966 725 2035 paganissimis,
757 1966 846 2035 qui
880 1965 1016 2018 ultra
1045 1963 1284 2017 Rhenum
1330 1961 1544 2018 ﬂuvium
1575 1961 1895 2024 consistunt,

318 2066 572 2110 strenuus
601 2057 683 2109 vir
704 2055 928 2109 Carolus
961 2055 1067 2108 dux
1097 2063 1368 2108 commoto
1399 2053 1634 2107 exercitu
1665 2052 1898 2106 Franco-

318 2164 433 2202 rum
468 2147 521 2201 in
551 2147 667 2200 loco
694 2147 781 2200 ubi
809 2145 992 2216 Lippia
1018 2144 1046 2182 δ
1070 2145 1258 2199 ﬂuvius
1287 2145 1528 2198 Rhenum
1577 2159 1787 2198 amnem
1818 2145 1897 2197 in-

319 2239 579 2310 greditur,
612 2239 787 2307 sagaci
813 2239 1108 2292 intentione
1155 2235 1524 2290 transmeavit.
1568 2234 1792 2289 Maxima
1824 2250 1891 2289 ex

321 2342 475 2397 parte
504 2330 777 2400 regionem
805 2331 946 2383 illam
979 2328 1298 2382 dirissitnam
1344 2328 1550 2394 stravit,
1574 2337 1898 2396 gentemque

321 2423 466 2476 illam
489 2422 837 2475 saevissimam
869 2436 935 2475 ex
967 2430 1114 2489 parte
1137 2419 1444 2472 tributarios
1472 2431 1592 2472 esse
1621 2418 1894 2486 praacepit,

1996 1243 2335 1297 prmpropere
2362 1229 2426 1282 ad
2460 1231 2703 1286 eamdem
2732 1234 2917 1288 urbem
2947 1237 3316 1301 i'ervenientcs
3345 1241 3572 1292 tentoria

1995 1320 2282 1376 instruunt.
2340 1322 2584 1392 Undique
2636 1326 2809 1393 ipsum
2864 1328 3115 1398 oppidum
3163 1338 3217 1383 et
3272 1329 3573 1384 suburbana

1997 1423 2401 1482 praeoccupant,
2478 1415 2890 1470 munitissimam
2956 1416 3227 1471 civitatem
3305 1419 3575 1487 obsident,

1996 1511 2166 1562 aciem
2222 1509 2718 1573 instruunt,donec
2774 1513 3043 1566 insecutus
3098 1513 3177 1566 vir
3237 1513 3578 1584 belligerator

1996 1597 2216 1654 Cnrolus
2271 1602 2576 1668 prazdictam
2639 1601 2821 1656 urbem
2873 1602 3196 1673 aggreditur,
3232 1618 3412 1656 muros
3460 1605 3572 1657 eir-

1996 1691 2232 1756 cnmdat,
2255 1701 2428 1746 castra
2457 1695 2647 1761 ponit,
2677 1693 3013 1747 obsidionem
3041 1703 3348 1761 coacervat,
3379 1695 3430 1747 in
3463 1708 3580 1747 mo-

1997 1781 2124 1835 dum
2154 1781 2405 1836 Hiericho
2431 1797 2551 1836 cum
2576 1783 2801 1849 strepitu
2848 1782 3077 1837 hostium
3107 1792 3162 1837 et
3209 1789 3386 1837 sonitu
3417 1783 3573 1837 tuba-

1997 1887 2136 1939 rum,
2170 1886 2290 1926 cum
2322 1871 2585 1926 machinis
2612 1880 2668 1926 et
2695 1873 2920 1927 restium
2953 1871 3167 1926 funibus
3191 1887 3351 1942 super
3390 1888 3573 1928 moros

1999 1973 2054 2015 et
2081 1961 2273 2016 aedium
2309 1963 2510 2018 mmnia-
2537 1964 2748 2016 irruunt
2774 2007 2787 2029 ,
2817 1964 3003 2018 urbem
3055 1964 3464 2017 munitissimam
3497 1965 3581 2018 iii-

1999 2054 2303 2123 gredientes
2333 2056 2684 2121 succendunt,
2721 2056 2899 2110 llOSleS
2919 2055 3162 2110 inimicos
3190 2070 3314 2111 suos
3337 2059 3577 2128 capiunt,

2003 2146 2385 2199 iiiterlicientes
2413 2147 2678 2198 trucidant
2703 2157 2862 2214 atque
2890 2153 3254 2213 prosternunt,
3274 2157 3328 2201 et
3354 2150 3404 2200 in
3427 2163 3582 2203 suam

1999 2236 2259 2289 ditionem
2304 2236 2595 2290 efﬁcaciter
2642 2239 2946 2290 restituunt.
2980 2236 3162 2290 Victor
3220 2239 3376 2306 igitur
3424 2248 3584 2305 atque

2002 2327 2228 2381 bellator
2259 2329 2482 2398 insignis
2513 2329 2806 2396 intrepidus
2830 2326 3052 2381 Carolus
3081 2328 3395 2382 lthodanuin
3420 2331 3584 2401 679

2005 2420 2221 2472 ﬂuvium
2247 2436 2367 2474 cum
2414 2421 2654 2475 exercitu
2685 2435 2783 2473 suo
2838 2421 3065 2487 transiit,
3100 2421 3419 2477 Gotthorum
3453 2428 3588 2479 lines

241 2530 246 2532 ·
321 2526 481 2584 atque
511 2516 858 2583 quampliires
897 2513 1116 2569 obsides
1160 2516 1226 2566 ab
1271 2512 1350 2565 eis
1393 2514 1634 2580 accepit;
1693 2513 1896 2582 sicque,
1933 2511 1978 2567 B
2008 2511 2326 2576 penetravit,
2352 2525 2521 2578 usque
2548 2509 2949 2564 Narbonensem
2980 2510 3207 2565 Galliam
3241 2515 3584 2581 peraciessit,

322 2604 620 2672 opitulante
649 2605 891 2671 Domino,
925 2605 1093 2657 victor
1122 2602 1379 2656 remeavit
1407 2602 1470 2654 ad
1501 2602 1736 2669 proiiria.

393 2699 494 2750 AN.
525 2711 804 2752 occxxxvt.
835 2728 905 2740 —
931 2695 1114 2749 Denuo
1162 2695 1452 2748 rebellante
1499 2703 1655 2762 gente
1683 2692 1894 2748 validis-

325 2782 459 2836 siina
479 2780 926 2846 lsmahelitarum,
949 2796 1085 2852 quos
1112 2782 1271 2835 modo
1289 2782 1616 2835 Sarracenos
1640 2781 1903 2836 vocabulo

323 2884 576 2943 Corrupto
603 2883 908 2942 nuncupant
930 2915 946 2939 ,
970 2876 1432 2941 irrumpentesque
1464 2872 1776 2926 Rhodanum
1804 2875 1902 2926 ﬂu-

326 2968 489 3028 vium,
520 2968 893 3021 insidiantibus
939 2966 1241 3020 inﬁdelibus
1288 2965 1587 3018 hominibus
1629 2967 1728 3019 sub
1779 2965 1902 3018 dolo

326 3058 488 3127 678
518 3069 573 3112 ct
602 3059 788 3113 fraude
816 3059 1090 3112 Mauronio
1124 3068 1144 3094 ο
1179 3057 1405 3126 quodam
1434 3071 1554 3110 cum
1577 3057 1737 3110 sociis
1766 3058 1900 3120 suis,

330 3153 666 3209 AVenionem
718 3151 901 3204 urbem
961 3149 1367 3202 munitissimam
1425 3163 1488 3201 ac
1547 3155 1899 3214 montuosam,

329 3251 424 3318 ip5i
455 3244 759 3308 Sarraceni,
786 3243 1006 3298 collecto
1032 3241 1206 3294 hostili
1237 3241 1467 3309 agmine,
1497 3241 1898 3311 ingrediuntur;

333 3340 543 3407 illisque
572 3336 954 3390 rebellantibus
982 3349 1045 3388 ea
1072 3335 1217 3400 regio
1247 3339 1472 3387 vastata.
1610 3323 1612 3326 ’

399 3436 500 3487 As.
535 3443 834 3484 nccxuvu.
867 3456 936 3467 ——
967 3427 1032 3478 At
1058 3435 1240 3479 contra
1286 3423 1364 3476 vir
1405 3424 1653 3493 egregius
1679 3423 1902 3479 Carolus

329 3527 431 3579 dux
480 3535 792 3591 germanum
823 3531 1000 3580 suum,
1063 3518 1231 3569 viruin
1282 3515 1598 3568 industrium
1627 3557 1641 3578 ,
1689 3516 1904 3570 Cbilde-

330 3616 590 3672 brandum
612 3611 638 3648 ἀ
662 3613 874 3674 ducem,
897 3624 1016 3662 cum
1046 3608 1263 3676 reliquis
1285 3608 1507 3662 ducibus
1529 3615 1583 3660 et
1597 3607 1900 3672 c0iiiitibus,

397 3784 424 3813 ι
469 3773 618 3827 lianc
645 3766 896 3824 Cltronici
939 3772 1143 3834 partem
1181 3762 1558 3834 Childebi'andi
1593 3763 1742 3832 jussu
1773 3766 1906 3818 scri-

331 3856 470 3914 ptam
523 3833 1080 3914 fuissedicimusaob
1126 3833 1522 3914 inscriptionem
1567 3849 1724 3901 quam
1767 3837 1901 3914 intra

330 3905 447 3983 post
480 3927 629 3966 num.
656 3910 754 3964 H7
780 3905 1170 3983 exhibebimus.
1196 3905 1252 3959 Si
1281 3905 1399 3983 quis
1421 3917 1545 3956 vero
1565 3905 1903 3983 contenderit

329 3971 488 4040 etiam
517 3993 572 4036 et
603 3980 992 4049 praecedentem
1027 3971 1491 4049 partemyj’nsdem
1516 3974 1725 4049 comitis
1750 3973 1902 4043 jussu

330 4057 490 4110 luisse
525 4042 830 4116 exaratam,
881 4062 984 4100 non
1027 4042 1432 4116 refragabimur,
1484 4044 1641 4116 modo
1680 4042 1904 4116 fateatur

330 4143 416 4180 eas
448 4124 530 4178 vel
559 4137 588 4175 a
617 4115 824 4175 duobus
867 4118 1092 4170 diversis
1119 4115 1424 4168 auctoribus
1449 4115 1672 4182 scriptas
1699 4115 1862 4169 fuisse
1885 4156 1901 4180 ,

329 4205 416 4250 aut
443 4202 592 4248 certe
618 4190 853 4256 ejusdem
877 4186 1109 4241 auctoris
1135 4186 1239 4239 duo
1262 4185 1614 4256 ressefdiversa
1644 4195 1697 4238 et
1723 4185 1904 4256 diver-

331 4269 401 4320 sis
455 4253 784 4331 temporibus
817 4260 1010 4325 si-ripta
1054 4255 1354 4331 0pusc_ula._
1382 4254 1512 4331 B_ob.
1538 4253 1738 4331 incipit
1765 4272 1778 4307 :
1811 4254 1907 4308 ld-

331 4342 485 4400 ci'rco,
517 4323 621 4388 etc.
641 4349 655 4397 ;
677 4340 731 4385 et
756 4323 1037 4400 iiil'ra,'pro
1067 4323 1310 4400 eaet-cita,
1343 4323 1496 4400 habet
1529 4323 1690 4384 hoste.

396 4405 426 4445 ιι
468 4395 591 4459 Alio
617 4395 828 4456 nomine
851 4395 1014 4465 Lupia
1047 4411 1139 4452 seu
1163 4397 1354 4465 Lupias
1385 4397 1594 4458 dicitur,
1626 4409 1746 4449 cum
1773 4395 1906 4465 urbe

331 4473 648 4546 cognomine
679 4474 730 4525 in
761 4464 1057 4546 Westlalia,
1089 4464 1337 4546 quiapud
1369 4465 1653 4546 Wesaliam
1684 4467 1734 4518 in
1767 4464 1906 4546 (the:

332 4535 455 4602 nuin
499 4542 671 4598 inﬂuit
692 4583 706 4605 ,
736 4542 896 4609 vulgo
928 4539 1121 4592 dicitur
1161 4536 1340 4605 Lippa.
1377 4536 1579 4604 Lipiam
1611 4535 1906 4609 tamenalii

333 4619 513 4672 dicunt
544 4629 663 4669 esse
681 4606 853 4673 Llion,
881 4609 1080 4664 Hessius
1107 4609 1348 4669 lluviutn,
1366 4610 1452 4674 qui
1485 4609 1623 4661 inter
1652 4606 1909 4660 Bodobri-a

332 4703 448 4760 gain
475 4684 896 4760 etponﬂueiites
930 4681 1114 4760 Rheno
1137 4681 1502 4760 perituscetur.

408 4768 431 4796 ο
477 4755 601 4820 Alii,
639 4752 944 4811 Mauronte;
975 4750 1131 4820 Bob,
1158 4747 1416 4820 Moronto.
1446 4748 1499 4820 Is
1533 4746 1662 4800 infra
1692 4751 1796 4820 dua:
1817 4763 1910 4816 ap-

333 4817 828 4899 pellaturaFuerat,
862 4832 915 4874 ut
945 4817 1585 4899 conjicinius,”aliquibus
1624 4819 1909 4899 provinciae

332 4888 634 4954 civitatibus
666 4897 970 4963 praefectus,
1004 4895 1090 4958 qui
1122 4888 1358 4963 rebellis,
1385 4904 1449 4963 es
1479 4889 1745 4963 Chronico
1774 4888 1910 4941 Fou-

334 4968 634 5030 tanellrnsi,
665 4957 784 5031 cap.
818 4965 904 5027 ll,
936 4957 1262 5015 Sarracenos
1293 4961 1342 5012 in
1372 4959 1451 5011 sui
1489 4957 1790 5026 prasidium
1821 4972 1910 5011 ai-

332 5043 556 5094 civcrat.

403 5107 428 5145 ἀ
470 5106 738 5163 Nonnulli.
785 5101 1188 5163 Ilildcbrandus,
1222 5108 1274 5153 et
1319 5099 1396 5152 sic
1426 5100 1578 5162 infra,
1621 5096 1759 5165 quod
1790 5112 1908 5165 per-

335 5181 457 5233 inde
478 5186 580 5232 est.
607 5174 757 5228 Hunc
773 5190 838 5226 ex
869 5186 1014 5240 ιλειιθ
1037 5181 1090 5224 et
1113 5181 1280 5223 matre
1301 5171 1473 5226 Caroli
1507 5168 1539 5220 fi
1555 5178 1721 5222 atrem
1750 5170 1911 5240 luisse

331 5246 608 5304 contendit
635 5238 897 5320 Cointius,
929 5243 1068 5320 quod
1121 5243 1203 5319 hic
1231 5242 1344 5307 ejus
1376 5256 1646 5320 germanus
1671 5238 1907 5320 appelle-

334 5330 441 5385 tur,
468 5331 627 5387 quam
659 5329 842 5387 vocem
877 5316 1038 5387 hujus
1065 5315 1240 5387 tertia;
1264 5311 1422 5379 partis
1447 5311 1909 5387 Cliriiiiici_auctor

333 5379 603 5454 nunquam
627 5384 734 5438 alio
763 5400 922 5440 sensu
945 5379 1190 5454 adhibet.
1225 5382 1399 5454 Ipsum
1433 5379 1907 5454 veroChil'ﬂetius,

332 5461 385 5515 in
415 5451 554 5514 libro
581 5457 648 5510 de
679 5455 894 5523 Origine
918 5452 1314 5512 Childebrandi,
1350 5451 1626 5505 contundit
1652 5466 1772 5523 cuin
1803 5451 1908 5523 alio

331 5531 571 5600 ejusdem
623 5519 851 5600 nominis
901 5523 1270 5600 Langobardo,
1315 5519 1756 5600 qui_t.iutprando
1799 5521 1912 5600 regi

331 5589 591 5655 successit
621 5614 634 5649 :
677 5597 770 5650 Sed
805 5601 940 5650 hanc
969 5589 1269 5664 opinionem
1297 5589 1537 5647 conlutat
1573 5589 1815 5644 Cointius
1843 5593 1912 5641 ad

338 5689 432 5728 an.
463 5671 582 5725 757-

430 5745 452 5774 ⁸
480 5741 644 5814 Vulgo
670 5737 872 5794 l‘Aude.
903 5736 1003 5794 Ch.
1028 5736 1124 5802 al.,
1169 5735 1342 5802 Atace,
1378 5742 1431 5790 et
1461 5732 1673 5804 quidem
1705 5729 1787 5787 hic
1814 5728 1910 5786 ﬂii.

1927 3881 1974 3940 C

2009 2602 2179 2664 ipsam
2233 2601 2418 2654 urbem
2472 2600 3088 2671 celeberrimam,atque
3137 2607 3584 2674 metiopolinieo-

2006 2705 2122 2742 rum
2149 2689 2359 2743 obsedit
2405 2706 2420 2742 :
2475 2705 2636 2760 super
2686 2691 2855 2745 Adice
2887 2701 2908 2727 ο
2945 2692 3102 2746 ﬂuvio
3153 2696 3504 2750 munitionem
3535 2700 3588 2751 in

2005 2797 2192 2851 gyrum
2222 2781 2274 2834 in
2307 2780 2524 2835 modum
2554 2782 2780 2836 arietum
2818 2784 3087 2848 instruxit,
3121 2801 3298 2856 regem
3331 2789 3586 2842 Sarrace-

2006 2889 2218 2939 norum,
2245 2875 2459 2928 nomine
2491 2875 2725 2936 Atliiina,
2758 2891 2877 2929 enm
2908 2878 3225 2932 satellitibus
3254 2880 3364 2932 suis
3394 2881 3587 2934 ibidem

2006 2966 2245 3031 reclusit,
2271 2975 2553 3034 castraque
2576 2976 2802 3022 metatus
2826 2979 2906 3022 est
2935 2971 3188 3040 undique.
3221 2971 3351 3025 Haec.
3371 2973 3586 3027 audien-

2007 3064 2087 3109 tes
2139 3055 2370 3124 majores
2421 3067 2547 3110 natu
2579 3067 2632 3110 et
2691 3058 2958 3125 pi-invipvs
3010 3060 3448 3128 Sarracenorum,
3495 3065 3588 3134 qui

2003 3148 2479 3203 coniniorabantur
2509 3164 2571 3202 eo
2595 3158 2836 3217 tempore
2860 3152 2910 3204 in
2946 3153 3164 3220 regione
3190 3153 3589 3226 Hispaniarum,

2008 3238 2309 3292 coridunato
2338 3240 2576 3294 exercitu
2603 3240 2834 3294 hostium
2889 3257 3009 3294 cum
3041 3244 3144 3296 alio
3201 3259 3341 3313 rege,
3373 3247 3538 3301 Amor
3564 3243 3586 3286 ί

2006 3333 2244 3396 nomine,
2275 3332 2536 3386 machinis
2562 3331 2820 3386 adversus
2859 3333 3107 3386 Caroluin
3150 3334 3371 3390 viriliter
3399 3340 3591 3394 armati

2004 3431 2360 3491 consnigunt,
2394 3433 2761 3492 praeparantur
2816 3424 2880 3476 ad
2932 3425 3167 3491 prielium
3193 3443 3206 3477 :
3233 3437 3417 3480 contra
3450 3445 3585 3497 quos

2007 3514 2254 3582 praslatus
2300 3515 2407 3567 dux
2457 3514 2680 3567 Carolus
2731 3514 3084 3582 triumphator
3131 3519 3403 3584 occurrit,
3434 3535 3591 3589 super

2009 3608 2170 3660 tiuvio
2217 3604 2366 3659 Birra
2401 3614 2449 3672 ε,
2499 3614 2554 3659 et
2609 3605 2751 3659 valle
2800 3605 3054 3660 (Jorbaria
3110 3606 3345 3674 Pa’aiio;
3387 3610 3594 3680 illisque

2011 3761 2130 3814 vius
2161 3762 2379 3830 proprio
2418 3761 2642 3833 nomine
2687 3770 2914 3833 vocatur
2959 3761 3113 3826 Atax,
3157 3764 3247 3833 qni
3291 3764 3594 3825 Narbonem

2009 3829 2176 3900 ipsam
2207 3833 2380 3885 alluit.
2415 3832 2575 3898 Infra,
2607 3829 2786 3897 Colb.,
2819 3831 3054 3886 Alliama.

2084 3901 2100 3939 ί
2130 3903 2286 3965 Boii.,
2315 3903 2661 3970 Amurmagna
2686 3903 2905 3964 nomine,
2928 3906 3170 3957 adt-enus
3190 3904 3451 3961 Carolum.
3471 3906 3594 3964 Ἴθι.

2008 3972 2103 4027 Ed.
2124 4014 2137 4037 ,
2175 3971 2467 4037 Machiuis,
2498 3973 2647 4040 quasi
2695 3974 2964 4040 proprium
2997 3989 3188 4028 nomen
3237 3977 3422 4040 fuerit,
3456 3979 3592 4032 serio

2009 4043 2155 4096 bunt.
2192 4042 2350 4105 Infra,
2383 4057 2499 4111 cap.
2535 4041 2654 4105 154,
2699 4052 3026 4096 memoratur
3066 4047 3379 4100 Amormuni
3411 4054 3594 4102 barza-

2006 4128 2260 4166 (ΣΘΙΙΗΙἸΙΙΙΙ
2291 4127 2408 4164 rex.

2079 4192 2101 4227 ε
2143 4181 2301 4234 Ches.
2342 4182 2418 4232 al.
2463 4189 2516 4233 et
2547 4177 2706 4232 Freli.
2737 4178 2839 4240 al.,
2879 4179 3060 4245 Birsa,
3105 4191 3152 4235 et
3183 4185 3312 4236 valle
3355 4183 3595 4241 ϐου-ὑανία

2008 4257 2329 4319 prwliaturus
2355 4292 2369 4314 ,
2409 4251 2637 4320 illisque,
2670 4258 2776 4320 etc.
2825 4250 3001 4320 Birra,
3039 4253 3194 4320 vulgo
3240 4252 3424 4318 Beri‘e,
3459 4257 3594 4311 inter

2007 4317 2305 4375 Narbonem
2341 4327 2396 4372 ιιι
2434 4319 2729 4392 Leucatam
2759 4317 2873 4370 ﬂuit
2907 4335 2998 4382 per
3031 4317 3218 4374 valletu
3247 4323 3592 4392 Cui-bariani,

2007 4407 2069 4446 ac
2096 4394 2306 4445 demum
2334 4405 2457 4450 sese
2484 4393 2532 4442 in
2558 4387 2879 4441 marititnum
2907 4399 3149 4457 stagnum
3171 4403 3450 4448 exonerat.
3478 4387 3595 4449 Ori-

2008 4473 2093 4517 tur
2122 4479 2187 4514 ex
2223 4475 2404 4532 monte
2441 4460 2560 4510 valli
2592 4459 2938 4532 cognomine,
2971 4462 3017 4532 le
3062 4472 3202 4513 mmit
3254 4463 3316 4515 de
3344 4464 3596 4532 Corbiére,

2009 4550 2036 4586 a
2062 4533 2252 4598 quibus
2289 4531 2454 4584 etiam
2494 4529 2953 4584 archidiaconatiis
2984 4531 3348 4587 Corbariensis
3381 4535 3429 4587 in
3461 4529 3596 4590 Nar;

2011 4605 2230 4657 bonensi
2256 4601 2480 4674 dimcesi
2509 4601 2809 4674 dictusest:
2838 4602 3149 4674 Baudratius
3175 4603 3386 4674 Cernera
3415 4607 3598 4674 appel-

2010 4674 2100 4728 lat.
2119 4674 2254 4739 Quid
2282 4688 2407 4728 vero
2430 4673 2518 4725 his
2537 4669 2734 4744 _verbis
2773 4671 3017 4725 Corbaria
3046 4676 3240 4744 palatio
3267 4669 3595 4744 designetur,

2011 4761 2132 4801 nam
2159 4747 2270 4798 hinc
2298 4754 2381 4797 est
2421 4741 2586 4811 lectio
2612 4750 2717 4793 tam
2751 4745 2877 4799 Mss.
2909 4741 3066 4811 quam
3099 4741 3406 4809 Editorum,
3424 4741 3594 4800 inceré

2013 4825 2121 4870 toni
2153 4828 2256 4869 est.
2306 4814 2500 4869 Censet
2554 4810 2794 4867 Valesius
2845 4810 2936 4866 his
2977 4814 3194 4866 indicari
3242 4816 3489 4881 palatium
3541 4818 3593 4869 iu

2013 4885 2148 4940 valle
2174 4885 2428 4939 Corburia
2458 4886 2755 4950 exstitisse,
2790 4882 3114 4952 proindeqne
3144 4885 3281 4937 inter
3323 4887 3471 4937 villas
3504 4902 3589 4939 re-

2012 4957 2121 5024 gias
2153 4955 2417 5009 recetiseri
2459 4952 2697 5013 debere;
2741 4969 2846 5024 quo
2876 4952 3086 5004 nomine
3129 4954 3298 5007 locum
3340 4954 3500 5008 habet
3541 4955 3596 5010 in

2015 5023 2105 5078 lib.
2140 5042 2188 5078 iv
2215 5025 2281 5096 de
2306 5026 2382 5079 Re
2411 5024 2777 5096 diplomatica.
2808 5023 2970 5096 Favet
2997 5030 3176 5096 noster
3218 5032 3421 5096 auctor,
3452 5027 3540 5096 qui
3574 5069 3594 5096 ,

2017 5097 2171 5160 inita,
2202 5090 2514 5149 Carisiacum
2557 5091 2735 5146 tsi/lam
2765 5095 2940 5157 palatii
2972 5090 3220 5158 appellat.
3242 5123 3312 5134 —
3332 5090 3592 5150 Palatium

2015 5167 2064 5218 in
2101 5169 2213 5219 istis
2246 5165 2480 5232 partibus
2511 5165 2692 5217 adhuc
2719 5169 2913 5215 saecu'o
2935 5177 3002 5215 xu
3032 5163 3130 5214 sub
3161 5161 3351 5218 Palatii
3380 5165 3597 5219 Cattho-

1940 5257 1989 5314 Ι)
2013 5252 2126 5314 rum
2151 5239 2362 5314 nomine
2380 5235 2590 5314 celebre
2613 5236 2859 5314 agito-cit
2874 5233 3430 5314 Uttlio’it‘risingensis,
3455 5237 3595 5314 quod

2018 5304 2295 5358 Athaull‘us
2347 5305 2549 5371 primus
2578 5305 2628 5357 iii
2659 5304 2991 5371 Septimania
3040 5302 3355 5358 Gottlttirutn
3390 5302 3481 5358 res
3526 5307 3597 5358 ibi

2013 5376 2336 5438 coiisederit,
2361 5378 2433 5428 uti
2453 5377 2701 5429 observat
2721 5372 3019 5431 Alteset‘t‘a.
3046 5378 3112 5426 At
3133 5374 3301 5442 ipsum
3324 5376 3597 5430 exstitisse

2016 5456 2200 5515 putant
2230 5447 2280 5499 in
2311 5445 2508 5514 oppido
2535 5447 2716 5502 Sancti
2748 5443 2986 5514 Egidii,
3031 5445 3291 5512 hodieque
3317 5448 3597 5515 UDUKIIOIIJI-

2016 5513 2257 5581 sterium,
2283 5513 2423 5585 quod
2465 5518 2516 5569 in
2550 5513 2886 5570 saaculariiiin
2909 5516 3284 5585 canonicorum
3315 5513 3598 5585 co_llegium

2017 5581 2335 5640 conversum
2381 5597 2484 5650 est,
2529 5589 2746 5641 celebri.
2795 5585 2917 5642 Fuit
2948 5593 3000 5638 et
3034 5583 3291 5636 Palatium
3324 5581 3598 5636 xEniilintti

2020 5661 2070 5711 in
2103 5659 2394 5722 Levitania,
2422 5658 2506 5710 cui
2535 5660 2792 5713 successit
2811 5654 2985 5713 sancti
3017 5653 3191 5708 Savinl
3219 5662 3598 5710 monasterium

2021 5745 2183 5799 [ii-0pc
2220 5729 2521 5797 Baregiuut.
2563 5731 2721 5788 Certe
2758 5724 2988 5789 concilio
3029 5723 3317 5794 Agathensi
3366 5728 3591 5783 subseri
