4016 6344
99 459 190 515 681

993 435 1390 504 CIIRONICUM
1429 429 1939 496 CONTINUATU“.
1985 435 2159 490 PARS
2196 431 2466 491 TERTIA.

3261 433 3364 491 68?.

98 581 155 628 ει
199 568 470 630 Sumam,
519 574 639 632 quas,
675 572 816 614 nunc
869 556 1186 613 Alamannia
1235 555 1466 618 dicitur,
1522 560 1680 618 atque
1707 551 1752 604 A
1783 549 2022 616 captivus
2050 547 2341 602 duxerunt.
2376 548 2500 602 Inde
2529 547 2727 603 reversi
2758 549 2898 604 circa
2922 557 3130 618 tempus
3154 559 3364 604 autum-

97 656 442 727 Thoringiam
502 651 724 708 tradidit
750 659 804 703 ⁸.
836 648 1079 702 Alterum
1117 659 1246 699 vero
1298 642 1592 698 secundant
1624 641 1684 692 ti-

101 753 253 818 lium,
273 746 561 817 Pippinum
595 741 840 804 nomine,
864 737 1204 808 Burgundite,
1230 735 1456 790 Neuster
1483 741 1537 788 et
1561 730 1684 786 Pro-

100 840 294 898 vinciae
315 835 577 908 praefecit.

169 934 248 988 Eo
282 945 425 985 anno
453 927 710 997 Pippinus
751 923 855 980 dux
882 961 899 987 ,
938 928 1208 975 commoto
1242 916 1484 974 exercitu
1507 955 1522 979 ,
1563 927 1683 970 eum

99 1021 363 1077 avunculo
392 1031 491 1074 suo
515 1011 914 1072 Cbildebrando
939 1012 1076 1066 duce
1104 1018 1159 1064 et
1199 1006 1539 1063 multitudine
1563 1005 1684 1092 pri-

101 1124 301 1168 rnatum
334 1118 390 1164 et
416 1108 686 1180 agminum
716 1103 1003 1159 satellitum
1043 1101 1400 1171 plurimorum
1445 1097 1513 1152 ad
1555 1097 1688 1151 Bur-

101 1205 350 1274 guudiam
393 1202 628 1271 dirigant
650 1238 666 1262 ,
699 1198 832 1251 lines
859 1195 1140 1263 regionum
1183 1197 1577 1261 przeoccupant.
1606 1189 1690 1242 In-

103 1295 295 1358 terim,
348 1292 488 1362 quod
543 1288 652 1344 dici
691 1287 844 1342 dolor
896 1294 951 1340 et
1003 1299 1225 1351 maeror,
1279 1282 1531 1337 sollicitat
1578 1279 1685 1351 [AL

100 1386 344 1457 stiscitat|
376 1386 605 1440 ruinam.
633 1382 690 1436 In
722 1380 835 1435 sole
861 1388 915 1434 et
943 1378 1067 1432 luna
1099 1387 1154 1433 et
1179 1376 1349 1431 stellis
1371 1390 1508 1430 nova
1537 1375 1687 1441 signa

101 1487 483 1550 apparuerunt,
503 1490 596 1529 seu
612 1483 666 1528 et
684 1471 949 1542 paschalis
970 1468 1102 1524 ordo
1119 1467 1510 1523 sacratissimus
1526 1467 1689 1537 682

104 1575 350 1628 turbatus
374 1571 488 1625 fuit.
513 1569 738 1624 Carolus
766 1565 942 1638 [Vat.,
970 1562 1183 1635 Karlus]
1213 1577 1406 1630 nempe
1441 1562 1692 1632 princeps

106 1665 344 1720 Parisios
373 1660 647 1715 basilicam
692 1658 861 1713 sancti
909 1657 1078 1727 Dyoni
1114 1655 1148 1710 ii
1196 1654 1448 1724 martyris
1498 1649 1683 1708 multis

105 1757 418 1812 muneribus
459 1754 675 1817 ditavit;
714 1751 1042 1820 veniensque
1085 1748 1415 1802 Carisiacum
1447 1744 1474 1783 δ
1509 1746 1687 1800 villam

105 1848 288 1916 palatii
321 1862 483 1914 super
503 1846 730 1900 Issaram
760 1843 981 1898 ﬂuvium
1001 1882 1017 1906 ,
1043 1840 1217 1894 valida
1244 1839 1389 1894 febre
1411 1850 1692 1907 correptus

1789 640 1870 708 ni,
1905 641 2095 696 eodem
2121 655 2264 694 anno
2293 641 2482 695 iterum
2509 642 2804 697 exercitum
2847 643 3195 697 admos'erunt
3227 644 3367 699 ultra

1791 731 2033 786 Rhenum
2065 740 2250 786 contra
2277 733 2621 787 Alatttanuos.
2647 732 3021 803 Sederuntqtte
3048 744 3223 790 castra
3255 751 3365 789 me-

1790 826 1882 880 tati
1907 841 2065 893 super
2097 823 2318 880 ﬂuvium
2353 827 2603 893 Danuvii,
2639 827 2691 880 in
2724 827 2841 881 Ioco
2868 827 3224 898 nuncupatok
3258 829 3369 885 Us-

1789 931 2018 986 quequo.
2061 917 2399 973 Ilabitatores
2443 918 2720 972 Alamanni
2769 934 2829 972 se
2870 920 3039 974 victos
3088 921 3364 988 videntes,

1789 1007 2001 1061 obsides
2029 1008 2246 1068 donant,
2273 1008 2393 1076 jura
2423 1010 2759 1076 promittttnt,
2791 1026 3012 1066 munera
3038 1012 3292 1079 oﬂ‘erunt,
3317 1021 3373 1067 ct

1791 1113 1972 1166 pacem
2006 1106 2246 1165 petentes
2273 1114 2457 1154 eorum
2490 1116 2548 1154 se
2573 1100 2762 1155 ditioni
2789 1103 3130 1157 submittunt.

1861 1193 1962 1246 AN.
1992 1204 2241 1246 ncchttt.
2266 1221 2334 1231 —
2358 1191 2515 1246 CXII.
2546 1192 2675 1246 Inde
2709 1195 2912 1248 reversi
2954 1211 3094 1249 anno
3134 1197 3368 1250 secundo

1791 1283 1939 1352 regni
1989 1298 2208 1350 eorum,
2238 1295 2496 1352 cognatus
2528 1299 2714 1339 eorum
2753 1285 2908 1339 Odilo
2943 1286 3049 1340 dux
3085 1288 3375 1356 Bagoario-

1790 1391 1907 1431 rum
1937 1384 2123 1430 contra
2161 1378 2304 1445 ipsos
2335 1375 2683 1432 rebellionem
2713 1378 2946 1432 excitat:
2971 1381 3229 1447 compulsi
3253 1390 3378 1434 sunt

1789 1468 2092 1539 generalem
2122 1456 2241 1524 cum
2267 1469 2486 1524 Francis
2522 1471 2572 1524 in
2605 1471 2861 1541 Bagoaria
2898 1472 3186 1528 admovere
3216 1489 3373 1529 exer-

1791 1561 1976 1615 citum.
1993 1559 2391 1631 Venientesque
2411 1575 2573 1627 super
2590 1561 2808 1617 ﬂuvium
2831 1563 2918 1630 qui
2943 1564 3140 1619 dicitur
3168 1564 3308 1620 Lech
3325 1562 3342 1603 ι
3360 1607 3376 1631 ,

1791 1651 2045 1708 sederunt
2095 1665 2257 1721 super
2303 1654 2474 1719 ripam
2523 1653 2759 1709 ﬂuminis
2803 1665 3030 1725 uterque
3073 1659 3377 1726 exercitus,

1792 1741 2053 1796 hineinde
2079 1757 2138 1797 se
2162 1751 2344 1796 mutuo
2369 1744 2611 1798 videntes
2641 1760 2808 1813 usque
2825 1746 2889 1800 ad
2915 1747 3028 1800 dies
3045 1749 3373 1816 quindecim,

1792 1837 1882 1906 qui
1925 1836 2258 1890 tantumdem
2291 1838 2564 1904 provocati
2608 1836 2949 1892 irrisionibus
2977 1840 3152 1908 gentis
3192 1840 3372 1905 illius,

103 1941 238 1994 obiit
286 1943 341 1994 in
391 1955 542 2009 pace,
589 1938 796 1992 cunctis
841 1937 892 1990 in
943 1947 1075 2005 gyro
1119 1933 1300 2001 regnis
1344 1928 1618 2002 acquisitis
1644 1941 1691 1983 ο.
1725 1925 1774 1986 Β
1801 1926 2169 1996 indignatione
2199 1929 2455 1982 commoti
2488 1927 2726 1996 pericqu
2754 1943 2812 1983 se
2853 1927 3116 1983 dederont
3145 1945 3240 1998 per
3265 1931 3381 1985 loca

106 2032 269 2086 Rexit
285 2043 463 2084 autem
486 2038 708 2098 utraque
728 2041 888 2096 regna
914 2040 1081 2080 annos
1103 2024 1338 2094 quinque
1358 2034 1406 2078 et
1437 2023 1620 2094 viginti
1642 2019 1690 2085 ιι,

106 2122 324 2176 transiit
345 2123 522 2190 itaque
543 2119 826 2174 undecimo
850 2116 964 2170 Kal.
989 2114 1326 2178 Novembris,
1345 2113 1696 2182 sepultusque

107 2223 192 2268 est
233 2212 473 2266 Parisios
499 2210 554 2263 in
582 2208 799 2263 basilica
821 2207 993 2262 sancti
1019 2202 1260 2273 Dionysii
1291 2205 1544 2274 martyris
1577 2213 1622 2256 θ.

182 2301 282 2354 An.
313 2315 541 2354 nccxut.
564 2328 633 2339 —
661 2297 790 2350 CXI.
822 2295 1118 2351 Chiltrudis
1146 2292 1166 2332 τ
1192 2309 1401 2365 quoque
1427 2294 1529 2347 tilia
1556 2294 1694 2361 ejus,

109 2392 349 2446 faciente
378 2388 607 2443 consilio
639 2385 845 2441 nefario
877 2398 1119 2440 novercae
1155 2398 1265 2437 sate
1285 2425 1299 2447 ,
1335 2381 1699 2438 fraudulenter

109 2500 205 2553 per
236 2497 431 2537 manus
457 2481 718 2535 sodalium
746 2493 962 2532 suorum
989 2477 1235 2531 Rhenum
1268 2475 1512 2540 transiit,
1549 2487 1603 2531 et
1631 2476 1698 2531 ad

108 2576 397 2630 OdiIonem
434 2583 458 2620 ε
481 2572 669 2626 ducem
701 2569 974 2638 Bagoarize
1005 2568 1284 2636 pervenit:
1315 2567 1403 2622 ille
1426 2581 1553 2621 vero
1579 2582 1696 2621 eam

110 2665 177 2719 ad
208 2664 522 2733 coniugium
553 2662 822 2731 capulavit
845 2669 1034 2714 contra
1058 2659 1382 2713 voluntatem
1408 2658 1491 2712 vel
1518 2660 1702 2714 consi-

114 2757 243 2809 lium
269 2753 494 2808 fratrum
523 2765 761 2805 suorum.
793 2749 997 2805 Interea
1018 2747 1402 2803 rebellantibus
1420 2747 1703 2803 Wasconi-

115 2847 212 2900 bus
253 2845 310 2898 in
350 2843 566 2911 regione
611 2840 945 2910 Aquitaniae,
985 2853 1107 2894 cum
1136 2834 1504 2894 Chunoaldo‘
1531 2839 1702 2907 duce,

117 2936 226 2989 lilio
254 2931 480 2988 Eudone
507 2931 809 3001 quondam,
835 2929 1229 2985 Carlomannus
1257 2937 1418 3000 atque
1449 2927 1706 3001 Pippinus

118 3025 393 3094 principes
422 3022 683 3092 germani,
715 3031 1038 3091 congregato
1067 3023 1308 3078 exercitu
1343 3063 1358 3087 ,
1391 3021 1599 3091 Ligeris
1627 3023 1706 3077 al-

119 3131 276 3171 veum
310 3113 602 3168 Aurilianis
625 3112 756 3166 urbe
780 3118 1078 3176 transeunt,
1098 3103 1370 3167 Romanos
1400 3120 1704 3181 proterunt,

120 3221 294 3277 sqe
324 3204 600 3274 Beturigas
630 3207 818 3259 urbem
855 3204 1147 3271 accedunt,
1194 3205 1502 3261 suburbana
1536 3202 1708 3275 ipsius

1799 2019 2013 2076 deserta
2042 2030 2096 2075 et
2126 2020 2509 2089 palustria,ubi
2535 2035 2651 2075 mos
2675 2022 2984 2076 transeundi
3007 2029 3046 2060 ω
3078 2023 3384 2078 nullatenus

1798 2111 1983 2166 aderat
2009 2129 2022 2167 :
2053 2121 2315 2180 nocteque
2345 2111 2646 2176 irruentes,
2680 2111 2865 2166 divisis
2897 2116 3252 2180 exercitibus,
3285 2129 3383 2169 eos

1800 2203 2121 2272 impl'tWiSllS
2143 2212 2561 2272 occupaverunt.
2582 2203 2996 2274 Commissaque
3019 2206 3226 2274 prtelio,
3249 2220 3386 2273 prte-

1799 2295 1975 2350 dictus
1998 2295 2102 2348 duit
2133 2294 2310 2362 Odiis),
2342 2310 2486 2350 caeso
2511 2295 2752 2351 exercitu
2785 2311 2904 2363 suo,
2937 2299 3022 2352 vix
3054 2313 3173 2352 cum
3205 2299 3387 2367 paucis

1802 2385 2029 2454 turpiter
2059 2385 2203 2440 ultra
2255 2386 2380 2453 Igne
2413 2394 2439 2422 η
2489 2386 2706 2441 ﬂuvium
2758 2387 3008 2456 fugiendo
3054 2389 3242 2444 evasit.
3296 2390 3389 2446 llis

1801 2479 2083 2547 triumphis
2110 2479 2336 2548 peractis
2370 2496 2472 2534 non
2499 2481 2615 2535 sine
2641 2481 2922 2550 dispendio
2955 2484 3269 2552 multorum,
3303 2493 3387 2539 ta-

1802 2585 1924 2625 men
1953 2571 2178 2626 feliciter
2209 2571 2441 2625 victores
2467 2571 2530 2625 ad
2561 2573 2776 2640 prapria
2806 2585 3202 2630 remeaveruut.

1874 2664 1978 2718 AN.
2021 2675 2264 2716 nccxuv.
2297 2691 2366 2702 —
2394 2660 2578 2716 CXIII.
2630 2663 2855 2717 Evoluto
2899 2665 3132 2720 triennio
3188 2665 3384 2722 iterum

1803 2751 2195 2807 Carlomannus
2221 2751 2514 2807 confinium
2541 2752 2876 2808 Saxonorum
2895 2795 2910 2820 ,
2945 2757 3075 2823 ipsis
3115 2757 3388 2812 rebellan.

1805 2843 1968 2908 tibus,
1995 2858 2115 2898 cum
2149 2842 2386 2898 exercitu
2413 2844 2643 2912 irrupit;
2689 2845 2870 2914 ibique
2909 2849 3080 2916 captis
3113 2849 3384 2904 habitato-

1805 2934 1977 3003 ribus,
2003 2934 2093 3003 qui
2123 2947 2222 2988 suo
2243 2948 2409 3004 regno
2437 2932 2628 2990 afliaes
2664 2950 2788 2991 esse
2823 2937 3160 3005 videbantur,
3189 2941 3392 3011 absque

1807 3023 1930 3079 belli
1952 3024 2263 3079 discrimine
2288 3024 2514 3079 feliciter
2534 3026 2840 3095 acquisivit,
2859 3035 2914 3082 et
2937 3030 3149 3098 plurimi
3174 3048 3387 3096 eorum.

1807 3116 2021 3173 Christo
2048 3116 2216 3185 duce,
2257 3115 2506 3184 baptismi
2555 3127 2893 3173 sacramento
2935 3123 3234 3178 euasecrati
3280 3125 3394 3181 fue-

1808 3216 1953 3262 runt.
1984 3206 2085 3261 Per
2109 3206 2249 3261 idem
2280 3215 2491 3268 tempus
2521 3206 2819 3264 rebellante
2859 3211 3026 3282 685
3052 3212 3395 3270 Theudebal—

120 3297 245 3367 igne
280 3296 626 3353 comburunt.
673 3293 1044 3349 Chunoaldum
1087 3295 1278 3350 ducem
1322 3284 1782 3368 persequentesc
1812 3297 1970 3358 do“.
2016 3297 2126 3351 lilio
2173 3295 2426 3353 Godfredi
2455 3297 2604 3353 ducis
2631 3340 2646 3364 ,
2707 3299 2965 3368 Pippinus
3013 3317 3134 3358 cum
3189 3306 3395 3362 virtute

121 3391 332 3462 fugant,
356 3397 550 3445 cuncta
582 3398 875 3443 vastantes.
901 3387 1065 3458 683
1096 3387 1267 3442 Lucca
1301 3387 1316 3426 ί
1351 3399 1594 3446 castrum
1623 3391 1706 3446 di-

124 3490 324 3548 ruunt,
375 3489 537 3549 atque
583 3477 821 3533 funditus
869 3478 1226 3547 subvertunt,
1275 3483 1525 3538 custodes
1565 3483 1710 3539 illius

125 3570 288 3625 castri
317 3569 572 3637 capiunt,
616 3576 670 3623 et
695 3565 830 3623 inibi
869 3568 1104 3624 victores
1147 3570 1432 3626 exsistunt.
1467 3572 1707 3630 Pra-dam

127 3664 230 3718 sibi
279 3663 621 3729 dividentes,
663 3662 993 3718 habitatores
1041 3663 1281 3734 ejusdem
1333 3666 1473 3721 locil
1525 3682 1706 3724 secum

126 3799 377 3866 cundiam
403 3839 420 3864 ,
461 3807 515 3851 et
557 3797 973 3867 unumquodque
1020 3811 1175 3852 suum
1222 3797 1478 3866 majorem
1525 3800 1708 3867 palatii

131 3870 396 3940 habebat,
425 3869 634 3940 etiamsi
661 3870 768 3940 duo
794 3877 885 3920 aut
921 3868 1018 3940 t_ria
1058 3867 1146 3940 illa
1187 3882 1350 3940 regna
1388 3871 1708 3940 quandoque

129 3940 352 3994 unicum
383 3939 581 4006 Regem
613 3939 891 3992 haberent.
922 3937 1056 4008 Tum
1087 3937 1552 4008 Burgundionibus
1580 3937 1711 3996 Nett-

130 4007 342 4063 strasize
373 4009 552 4067 unitis.
581 4007 688 4061 duo
715 4007 1052 4062 solummodo
1078 4007 1225 4061 fuere
1250 4022 1440 4076 regna;
1469 4019 1521 4063 et
1545 4011 1710 4064 Caro-

131 4080 213 4132 lus
235 4119 250 4140 ,
281 4081 494 4133 devicto
539 4078 882 4147 Raginfredo,
917 4077 1105 4130 unicus
1145 4076 1247 4130 fuit
1283 4078 1335 4131 in
1368 4089 1594 4145 utroque
1619 4081 1710 4135 illo

133 4162 300 4218 regno
343 4147 515 4217 tnajor
562 4148 760 4217 palatii.
812 4148 939 4202 I'Iazc
985 4157 1160 4200 autem
1210 4161 1406 4215 regna,
1448 4148 1562 4204 sive
1600 4160 1707 4205 tota

131 4218 396 4280 Francia,
447 4227 568 4289 octo
616 4218 863 4289 regiones
914 4219 1145 4289 majores
1199 4220 1712 4289 complectebantur,

128 4289 406 4369 Austriam
425 4329 439 4348 ,
468 4287 717 4369 Sueviatit
740 4328 754 4351 ,
776 4287 1129 4369 Ilturingiam
1147 4327 1181 4369 ,.
1206 4288 1500 4369 llajoariam
1528 4290 1717 4369 ,_Neu-

128 4360 344 4423 striam,
371 4357 750 4427 Burgundiam,
776 4357 1128 4421 Provinciam,
1155 4358 1519 4426 Aquitaniam;
1543 4361 1717 4427 Septi-

133 4428 316 4499 mania
335 4435 533 4490 autem,
560 4443 678 4496 quae
705 4429 1217 4499 intra_Galliaserat,
1243 4429 1462 4496 parebat
1482 4429 1718 4499 Gottliis,

129 4500 247 4550 sive
278 4497 552 4565 Hispanias
584 4500 813 4565 regibus.
839 4495 896 4550 In
923 4496 1185 4551 divisione
1211 4495 1385 4550 autem
1417 4499 1552 4553 faeta
1580 4495 1717 4556 inter

129 4569 312 4639 Caroli
348 4568 492 4639 filios,
517 4568 660 4620 nulla
687 4567 890 4639 mentio
916 4568 1149 4639 occurrit
1188 4569 1440 4636 Bajoaria:
1465 4581 1518 4623 et
1548 4573 1716 4639 Aqui-

131 4637 320 4699 taniar,
352 4637 494 4705 quod
530 4638 801 4691 llunoldus
827 4637 1122 4704 Aquitaniae
1150 4639 1252 4690 dux
1288 4652 1378 4693 seu
1413 4637 1714 4706 praefectus,

131 4718 191 4762 et
213 4707 380 4776 Udilo
409 4707 690 4775 Bajoarize.
734 4710 1105 4760 auctoritatem
1137 4708 1386 4771 nimiam,
1415 4725 1576 4776 quam
1617 4713 1716 4766 sibi

133 4778 239 4831 sub
265 4773 489 4846 Majoris
513 4778 704 4847 domus
736 4777 890 4831 titulo
921 4777 1142 4832 Carolus
1183 4773 1498 4847 arrogaba't,
1531 4783 1712 4846 exosi,

132 4862 261 4902 sese
291 4847 391 4914 ipsi
413 4846 640 4901 subdere
670 4847 968 4901 noluerant.

215 4927 240 4953 ⁸
274 4917 407 4988 Bob.
437 4926 491 4970 et
520 4919 697 4988 Colb.,
722 4919 774 4969 in
804 4916 1134 4988 Tltoringiqm
1164 4919 1468 4972 sublimauit.
1501 4922 1566 4974 Et
1586 4923 1718 4976 infra

131 4986 240 5039 Cb.
270 4995 325 5039 et.
369 4986 524 5052 Iloh.,
569 4986 924 5055 Burgundiam
959 4986 1012 5040 ei
1047 4987 1267 5040 Nauster
1307 4997 1353 5041 et
1396 4989 1720 5046 Provinciam

173 5058 392 5108 "irrisit.

134 5073 434 5186 "imiimi"
454 5124 662 5199 Cariam
684 5127 822 5181 villa.
849 5125 1088 5199 Celebris
1114 5127 1208 5199 illi!
1231 5130 1342 5182 "me
1365 5130 1507 5199 regis
1531 5131 1720 5186 domus

136 5199 242 5250 sub
271 5198 504 5269 secunda
536 5210 718 5269 regum
748 5199 934 5269 stirpe,
968 5198 1125 5264 vulgo
1153 5196 1340 5269 It'icrsi,
1370 5196 1564 5256 ut'fnsc
1601 5218 1721 5269 pro-

136 5271 299 5319 batur
325 5267 416 5319 lib.
447 5281 496 5318 Iv
521 5265 589 5318 tle
621 5267 696 5320 Rc
718 5265 990 5335 diplomat.
1025 5284 1170 5322 Itum.
1203 5267 1289 5322 50.

217 5349 240 5374 ε
279 5336 425 5394 Vat.,
459 5346 640 5387 cuncta
670 5338 720 5388 in
751 5353 878 5406 gyro
899 5339 1147 5407 acquisita
1170 5355 1354 5408 regna,
1377 5341 1616 5395 additum
1647 5342 1719 5395 al.

133 5419 325 5464 manu,
359 5408 666 5471 relinquens.

213 5474 341 5547 {Id
371 5482 452 5547 est
496 5490 524 5526 a
571 5488 738 5543 pugna
764 5474 1103 5547 )inciacensi
1127 5516 1142 5538 ,
1171 5477 1224 5530 in
1262 5494 1364 5545 qtta
1404 5479 1612 5547 fugatus
1641 5491 1725 5535 est

133 5543 520 5610 Ragiufridus;
562 5560 681 5597 nam
726 5544 857 5598 alias
895 5560 1038 5599 anno
1067 5550 1146 5598 sui
1187 5543 1412 5602 ducatus
1441 5543 1511 5601 26
1537 5561 1628 5603 aut
1653 5551 1722 5603 Ἥ

130 5616 433 5668 defunctus
459 5625 560 5674 cst,
594 5624 650 5666 nt
674 5614 870 5667 habent
889 5615 975 5668 alii
1005 5618 1534 5673 auctores.Nonnu|li
1563 5620 1720 5674 etiam

125 5688 396 5739 eumdem
428 5683 557 5736 Idib.
577 5682 821 5736 Octobris
849 5685 1178 5749 del’uncutm,
1201 5705 1260 5740 ae
1289 5704 1337 5741 ιι
1366 5689 1482 5743 Kal.
1513 5691 1728 5743 Decem-

127 5757 254 5808 bris
271 5754 547 5830 sepultum
573 5754 759 5830 volunt
786 5754 837 5806 in
862 5754 1078 5830 basilica
1099 5759 1265 5809 sancti
1285 5758 1542 5830 Donysii,
1568 5775 1724 5830 quam

131 5832 226 5896 tne
260 5823 810 5896 Parisiusexsiitisse
859 5826 932 5876 ait
977 5836 1184 5896 auctor,
1232 5823 1474 5896 quamvis
1521 5823 1725 5883 duabus

129 5895 310 5950 μεθείς
342 5896 414 5947 ab
444 5893 575 5946 urbe
606 5893 868 5958 distaret,
901 5903 958 5948 ut
987 5893 1344 5956 observarunt
1373 5899 1470 5954 viri
1509 5898 1724 5955 eruditi.

421 5987 690 6046 Parant.
737 5984 941 6045 LXXI

1812 3388 2079 3446 exercitus
2106 3388 2190 3442 sui
2221 3387 2289 3442 ab
2317 3387 2595 3444 obsidione
2627 3390 2838 3459 Alpium
2873 3399 2898 3441 ti
2927 3396 3157 3461 turpiter
3187 3397 3396 3465 expulit

1811 3479 2130 3550 fugientem:
2182 3487 2539 3548 revocatoque
2588 3478 2690 3535 sibi
2738 3482 2979 3551 ejusdem
3021 3485 3124 3540 loci
3163 3486 3392 3557 ducatu,

1812 3571 1985 3626 victor
2008 3568 2074 3623 ad
2107 3568 2323 3637 propria
2355 3571 2636 3626 remeavit.

1886 3666 1985 3718 AN.
2020 3676 2239 3716 κνίσην.
2263 3660 2536 3717 —-CXIV.
2569 3661 2696 3718 Iade
2740 3667 2940 3721 reversi
2985 3668 3129 3737 prazd
3153 3670 3224 3724 cti
3265 3686 3392 3742 ger-

1815 3800 1940 3860 Ch.,
1969 3797 2039 3849 aI.
2065 3796 2168 3848 duo
2190 3805 2236 3848 et
2264 3794 2457 3861 viginti.

1895 3877 1920 3906 ο
1956 3867 2053 3920 llic
2073 3865 2324 3919 desinunt
2351 3864 2563 3918 codices
2592 3864 2776 3934 scripti
2801 3865 2953 3922 Colb.
2993 3867 3185 3931 Vatic.,
3218 3885 3270 3927 et
3297 3875 3399 3930 Na-

1816 3941 2061 3992 zariantts
2089 3950 2152 4008 ex
2175 3934 2511 4008 Bibliotheca
2541 3936 2920 4008 archipalatina
2966 3939 3104 4005 apud
3140 3940 3392 4008 Fratrem,

1816 4011 1956 4063 sicut
1982 4013 2037 4060 et
2062 4005 2190 4059 editi
2218 4003 2359 4068 Col.,
2394 4004 2568 4075 Bign.,
2605 4006 2752 4068 Bar.,
2790 4006 2932 4075 lIlyr.
2966 4003 3019 4063 et
3045 4011 3211 4066 Bocll.
3245 4003 3398 4071 omni

1818 4095 1938 4147 qua:
1964 4086 2260 4147 sequuntur
2293 4075 2399 4147 alio
2440 4073 2689 4147 tituloah
2720 4078 2823 4147 hac
2847 4073 2996 4144 parte
3039 4086 3402 4146 separavissc~

1818 4142 1959 4211 mus,
1993 4142 2092 4199 nisi
2118 4143 2418 4198 obstitisset
2442 4142 2719 4210 inscriptio
2743 4142 2965 4201 inferius
2990 4142 3289 4206 referenda.

1902 4218 1919 4256 ί
1954 4215 2079 4281 Alii,
2108 4213 2666 4288 Hittrudis._Numeros
2696 4213 2946 4288 deinceps
2973 4217 3235 4283 capitibus
3265 4239 3400 4288 pra--

1823 4289 2037 4343 ﬁxitnus
2075 4287 2143 4339 ob
2169 4283 2439 4338 citationis
2468 4284 2826 4347 commodum,
2861 4287 2985 4340 licet
3009 4289 3139 4342 nulli
3163 4283 3314 4346 antea
3346 4296 3397 4348 in

1821 4358 1980 4415 editis
2007 4363 2100 4409 aut
2122 4353 2337 4415 scriptis
2367 4353 2708 4408 haberentur.

1896 4438 1921 4475 ε
1957 4427 2092 4480 Boh.
2111 4434 2165 4478 et
2191 4422 2278 4476 alii
2311 4423 2585 4487 mendose,
2611 4422 2936 4490 Dodilonem,
2961 4438 3013 4482 οι
3039 4427 3173 4483 infra
3204 4431 3401 4487 Ῑιοάξιο

1827 4499 2042 4553 dicitur.
2070 4495 2116 4548 Is
2146 4503 2228 4548 est
2254 4493 2409 4547 UdiIo
2435 4494 2555 4565 sub,
2576 4496 2730 4561 cujus
2777 4495 3036 4565 regimine
3068 4500 3200 4555 lides
3239 4502 3397 4558 Cliti.

1826 4574 1995 4624 stiana
2019 4567 2242 4619 multum
2272 4565 2440 4618 crevit
2464 4562 2517 4618 in
2543 4564 2779 4618 Bavaria.

1895 4636 1923 4675 ιι
1956 4635 2443 4709 Alii,_ﬂuit_at_dum,
2472 4650 2566 4690 seu
2596 4635 2922 4706 llunoldum,
2954 4640 3244 4709 appellant.
3270 4642 3398 4699 Can.

1822 4708 2009 4772 semel,
2045 4706 2454 4761 C/tunobaldtsm.

1904 4778 1914 4817 ί
1959 4779 2123 4846 Vulgo
2156 4774 2369 4840 Laches,
2401 4775 2537 4846 apud
2566 4775 2842 4846 Turones,
2876 4778 2942 4833 de
2970 4795 3076 4849 quo
3099 4782 3231 4837 alias
3263 4785 3403 4838 dixi-

1823 4865 1959 4903 ηιης.

1897 4921 1910 4969 t'
1951 4921 2038 4972 Sic
2066 4933 2130 4970 es
2159 4916 2285 4968 Rolt.
2315 4916 2666 4982 reStituitnus,
2691 4919 2781 4987 qui
2808 4919 2962 4971 habet
2986 4920 3211 4988 ejusdem
3241 4921 3401 4984 locis;

1823 4989 2026 5052 caueri,
2055 4989 2244 5040 eisdem
2277 4989 2418 5039 locis.

1895 5059 1917 5096 ¹¹
1949 5059 2136 5120 (lites,
2184 5067 2527 5125 nuncupante.
2573 5054 2732 5110 Freh.
2781 5071 2964 5110 vocem
2995 5055 3266 5126 Usqmquo
3308 5076 3404 5127 pro

1824 5129 2079 5184 adverbio
2107 5131 2291 5194 sumit,
2326 5135 2611 5194 monetque
2642 5142 2835 5180 nomen
2869 5127 2966 5180 loci
2998 5131 3273 5198 proprium
3307 5133 3396 5186 de-

1825 5216 1964 5256 esse.

1907 5269 1918 5306 ί
1954 5269 2228 5334 Hodieque
2255 5266 2383 5319 Lech
2417 5279 2509 5320 seu
2547 5265 2679 5319 Lccx
2707 5268 3012 5321 nominatur
3039 5312 3050 5333 ,
3098 5269 3282 5327 Latine
3309 5271 3405 5327 Lc-

1824 5341 1990 5404 chus,
2023 5341 2214 5402 Licus,
2239 5349 2292 5391 et
2321 5337 2506 5404 Lycias
2536 5337 2744 5401 dictus,
2776 5341 2913 5392 inter
2943 5341 3193 5394 Suc'viam
3223 5355 3274 5395 et
3302 5347 3402 5398 Ba-

1827 5413 2023 5464 vatiant
2051 5410 2255 5470 ﬂuens;
2297 5406 2533 5460 Danubio
2563 5408 2819 5462 miscetur
2845 5411 2982 5478 apud
3019 5410 3292 5467 Werdam.

1899 5489 1937 5517 ω
1974 5478 2134 5543 Editi,
2161 5478 2240 5529 ubi
2273 5492 2397 5545 pons
2426 5479 2756 5532 transeundo.

1900 5559 1932 5621 n_
1958 5550 2006 5621 Is
2037 5558 2120 5603 est
2152 5547 2344 5612 Eous,
2369 5562 2464 5600 seu
2489 5547 2709 5621 (linus,
2737 5549 2895 5619 vulgo
2921 5547 2985 5603 In
3019 5566 3111 5604 seu
3144 5551 3242 5605 lim
3270 5593 3285 5616 ,
3317 5555 3405 5621 qui

1829 5620 1882 5743 iin
1908 5619 2129 5686 Alpibus
2154 5628 2303 5672 ortus
2325 5661 2338 5682 ,
2384 5628 2440 5670 ut
2471 5620 2663 5673 dicitur
2693 5620 2857 5685 infra,
2898 5621 3091 5675 labitur
3130 5623 3179 5674 in
3225 5619 3406 5676 Dan—u-

1869 5706 1993 5742 Illlll.

1915 5767 1938 5794 °
1966 5758 2172 5813 Suevite
2199 5774 2290 5812 seu
2321 5757 2645 5814 Alemannize
2675 5761 2830 5814 duae.

1906 5838 1932 5876 ρ
1964 5830 2161 5896 Alpes,
2209 5829 2267 5902 _r_ii_
2317 5828 2488 5902 fallo_r,
2535 5832 2770 5902 appellat
2802 5831 2988 5900 Vosagi
3013 5841 3241 5896 montes,
3275 5849 3411 5902 quos

1838 5906 2167 5955 transmeato
2208 5897 2393 5954 Rheno
2429 5897 2772 5955 Theobaldus
2801 5897 3067 5967 occupare
3096 5897 3410 5966 conabitur.-

2895 5994 2976 6054 29
