4016 6344
631 420 729 472 τΒῦ

1251 419 1675 477 FREDEGARII
1715 421 2153 478 SCIIOLASTICI
2183 422 2430 477 CIIRON.
2461 421 2726 478 CONTIN.
2771 421 2946 478 PARS
2973 422 3250 481 TERTIA.

3790 421 3889 477 ὕδὶ

626 533 792 596 matti,
820 539 1077 600 sequente
1107 547 1247 584 anno
1267 571 1282 594 ,
1308 542 1594 600 provocato
1615 537 1879 588 cothurno
1903 536 2199 589 \Vascnno-
2224 543 2274 597 Α
2303 539 2548 591 stiterant
2586 546 2638 601 ο,
2676 536 2980 604 plenissima
3002 539 3268 595 solutione
3291 541 3360 595 ab
3377 541 3540 612 685
3562 557 3629 598 eo
3651 551 3889 612 tempore

625 637 785 685 rum,
835 623 1024 676 iterum
1057 631 1279 690 ‘usque
1329 623 1394 676 ad
1449 623 1674 691 Ligerim
1725 624 1944 679 ﬂuvium
1999 627 2202 695 pariter

624 711 840 764 adunati
875 722 1151 766 venerunt.
1176 712 1328 778 Quod
1365 713 1608 767 videntes
1638 713 1964 782 Wasconcs,
1997 731 2197 785 praeoc-

622 812 971 870 cupaverunt,
1008 818 1191 872 pacem
1221 813 1482 872 petentes,
1523 814 1578 859 et
1617 807 1945 861 voluntatem
1992 807 2200 878 Pippiui

627 915 677 950 tn
705 900 954 952 omnibus
984 908 1365 970 exsequentes,
1395 909 1729 954 muneratum
1763 915 1888 955 eum
1929 915 1959 956 a
2003 902 2200 957 ﬁnibus

623 991 733 1043 suis
764 998 822 1043 ut
852 990 1051 1044 rediret
1083 990 1332 1058 precibus
1360 990 1735 1047 obtinuerunt.

697 1083 796 1134 AN.
849 1078 1368 1136 necum—CXV.
1420 1081 1512 1135 llis
1563 1083 1885 1148 transactis,
1940 1093 2203 1152 sequente

625 1188 800 1236 anno,
827 1173 953 1226 dum
983 1172 1266 1226 Alamanni
1316 1184 1502 1227 contra
1544 1172 1962 1228 Carlomaunum
2014 1190 2201 1230 eorum

625 1266 780 1319 titlcnt
811 1264 1148 1340 fefellissent,
1182 1265 1295 1332 ipse
1321 1279 1443 1318 cum
1473 1280 1664 1333 magno
1696 1265 1875 1320 furore
1895 1282 2016 1320 cum
2048 1282 2204 1322 exer-

623 1355 728 1408 citu
760 1357 810 1408 iu
838 1370 1020 1408 eorum
1055 1355 1278 1422 patriam
1310 1358 1634 1424 peraccessit
1655 1395 1671 1418 ,
1718 1365 1774 1409 et
1816 1356 2073 1423 plurimos
2110 1371 2203 1409 eo-

624 1459 773 1508 rum,
814 1445 902 1508 qni
950 1453 1136 1497 contra
1186 1444 1361 1512 ipsum
1393 1444 1624 1498 rebelles
1651 1445 1990 1508 existebant,
2024 1445 2203 1513 gladio

624 1535 928 1589 trucidavit.

697 1632 800 1681 Au.
843 1641 1200 1680 ncchvn.-—
1229 1624 1413 1679 CXVI.
1451 1625 1543 1680 llis
1588 1627 1657 1678 ita
1707 1628 1910 1694 gestis,
1953 1629 2197 1694 sequenti

625 1719 896 1786 curriculo
936 1733 1226 1783 annorum,
1259 1718 1646 1772 Carlomaunus
1685 1719 1988 1774 devotionis
2037 1736 2198 1776 causa

618 1810 946 1864 inexstinctu
976 1808 1002 1847 δ
1030 1824 1353 1878 succensus,
1387 1825 1608 1879 regnum
1652 1825 1755 1864 una
1802 1825 1921 1865 cum
1967 1812 2073 1866 ﬁlio
2100 1828 2199 1868 suo

2307 630 2559 696 deinceps
2587 642 2708 683 esse
2737 643 2798 683 se
2827 629 3130 684 reddituros
3161 634 3543 700 promiserunt.
3586 634 3666 689 E-x
3693 637 3885 706 quibus

2307 717 2533 785 plurima
2563 717 2850 772 multitudo
2880 720 3122 775 videntes
3141 737 3202 776 se
3229 733 3412 776 contra
3443 724 3699 794 impetum
3720 726 3886 781 Frau-

2304 823 2489 864 corum
2513 809 2778 865 rebellare
2801 826 2905 867 non
2931 827 3114 880 posse,
3141 815 3369 883 propriis
3393 816 3592 871 viribus
3619 817 3886 882 destituti,

2307 901 2579 967 petierunt
2622 901 2722 955 sibi
2766 900 3188 957 Christianitatis
3229 918 3561 960 sacramenta
3608 908 3878 962 conterre.

2305 991 2421 1056 Quo
2445 1001 2660 1058 peracto
2685 1000 2923 1059 tempore
2949 993 3189 1061 Bagoarii
3208 995 3434 1049 consilio
3456 995 3806 1051 nefandorum
3837 997 3857 1035 ί
3871 1037 3886 1060 ,

2306 1081 2498 1135 iterum
2528 1095 2712 1135 eorum
2747 1080 2902 1135 tidem
2935 1081 3266 1148 fefellerunt,
3291 1094 3346 1138 et
3372 1093 3557 1139 contra
3599 1086 3880 1153 prtefatum

2307 1172 2598 1240 principem
2626 1188 2810 1228 eorum
2842 1174 2999 1227 ﬁdem
3029 1174 3238 1228 mentiti
3265 1186 3410 1229 sunt.

2377 1265 2476 1316 AN.
2515 1277 2758 1317 nccxux.
2782 1293 2851 1316 .—
2872 1265 2983 1328 Qua
3012 1264 3078 1317 de
3104 1280 3161 1318 re
3180 1274 3450 1319 commoto
3479 1276 3718 1321 exercitu
3756 1283 3883 1322 cum

2307 1369 2499 1422 magno
2541 1356 2753 1422 agmine
2797 1363 3053 1423 apparato
3083 1371 3269 1410 eorum
3298 1358 3496 1426 patrias
3541 1362 3884 1426 peraccessit.

2306 1445 2409 1512 Ipsi
2437 1459 2566 1498 vero
2597 1454 2802 1498 terrore
2830 1446 3089 1514 compulsi
3133 1447 3271 1500 ultra
3320 1449 3538 1504 ﬂuvium
3569 1452 3674 1521 lgni
3707 1461 3733 1499 8
3763 1467 3888 1506 cum

2308 1536 2560 1590 ttxoribus
2604 1551 2667 1590 ac
2696 1536 2876 1591 liberis
2920 1552 3106 1592 eorum
3152 1537 3444 1608 fugientes,
3469 1552 3520 1596 et
3554 1559 3887 1599 memoratus

2306 1626 2552 1696 princeps
2599 1642 2760 1695 super
2809 1627 2980 1695 ripam
3029 1629 3138 1697 Igni
3185 1640 3362 1684 castra
3394 1643 3656 1699 metatus,
3693 1639 3885 1691 navale

2304 1720 2542 1788 praelium
2589 1719 2939 1789 praeparavit,
2967 1721 3196 1789 qualiter
3235 1737 3328 1777 eos
3362 1724 3885 1780 ad-internecinnetn

2302 1821 2728 1880 persequeretur.
2762 1810 2912 1876 Quod
2944 1812 3182 1867 videntes
3209 1814 3373 1885 686
3400 1814 3663 1884 Bagoarii,
3691 1831 3883 1870 eorum

636 1902 883 1970 Drogone
913 1901 1162 1954 manibus
1202 1901 1442 1971 germani
1475 1902 1554 1954 sui
1586 1901 1793 1970 Pippini
1834 1905 2204 1969 committens,
2239 1909 2285 1968 Β
2314 1901 2513 1955 viribus
2544 1917 2603 1956 se
2634 1903 2894 1957 auxiliare
2921 1918 3024 1957 nou
3057 1918 3233 1972 posse,
3261 1905 3465 1974 legatos
3487 1921 3606 1960 cum
3639 1912 3885 1962 muneri-

627 1991 694 2044 ad
729 1990 910 2044 limina
941 1991 1218 2046 beatorum
1249 1990 1616 2060 apostolorum
1650 1991 1791 2046 Petri
1831 2002 1886 2047 et
1916 1991 2066 2046 Pauli
2099 1993 2201 2047 Ro-

620 2095 782 2145 mam,
817 2080 870 2134 itt
899 2080 1283 2135 monachorum
1309 2080 1501 2135 ordine
1526 2091 1965 2150 perseveraturus
1991 2092 2013 2120 °
2040 2082 2201 2138 adve-

619 2172 717 2225 nit.
749 2172 862 2236 Qua
892 2172 1232 2227 successione
1265 2171 1523 2240 Pippinus
1551 2171 1838 2226 roboratur
1871 2173 1922 2226 in
1951 2186 2197 2243 regnum.

693 2263 898 2318 CXVII.
922 2263 1120 2318 Eodem
1143 2263 1559 2328 annoSaxones,
1577 2278 1724 2317 more
1741 2273 2018 2327 consueto,
2038 2262 2197 2318 tidem

621 2368 782 2416 quam
809 2368 1063 2422 germano
1100 2367 1200 2408 suo
1231 2352 1590 2422 promiserant
1610 2352 1824 2407 mentiri
1853 2353 2028 2407 conati
2051 2363 2196 2409 sunt.

619 2445 729 2512 Qua
753 2444 820 2499 de
843 2460 999 2498 causa
1022 2447 1255 2498 auluuato
1280 2446 1538 2508 exercitu,
1563 2459 1656 2499 eos
1678 2447 1970 2512 prmvenire
1999 2444 2026 2483 ἀ
2047 2461 2195 2502 com-

619 2537 803 2602 pulsus
828 2543 928 2590 est.
961 2535 1055 2589 Cui
1087 2535 1248 2589 etiam
1297 2549 1450 2603 reges
1488 2534 1823 2588 Wiuidorum
1863 2548 1956 2588 seu
1998 2535 2193 2589 Frisio-

618 2641 746 2679 num
774 2625 839 2678 ad
872 2625 1236 2680 auxiliandum
1265 2639 1376 2678 uno
1409 2625 1589 2678 animo
1627 2635 2014 2678 convenerunt.
2043 2624 2195 2692 Quod

619 2720 858 2774 videntes
887 2718 1148 2782 Saxones,
1171 2728 1430 2773 consueto
1460 2718 1652 2771 timore
1675 2719 1974 2786 compulsi,
2013 2719 2195 2775 multis

619 2827 683 2866 ex
708 2811 793 2866 eis
818 2812 924 2880 jam
950 2811 1254 2877 trucidatis,
1287 2820 1343 2864 et
1377 2810 1428 2863 in
1457 2811 1765 2877 captivitate
1793 2811 1992 2876 mISsIS,
2023 2813 2195 2880 regio-

619 2905 773 2957 uihus
790 2919 982 2958 eorum
1026 2905 1253 2972 igneque
1292 2902 1670 2962 concrematis.
1720 2917 1905 2972 pacem
1950 2914 2196 2972 petentes

617 2994 718 3066 [uri
751 2996 1074 3050 Francorum
1105 3009 1247 3060 sese,
1280 3003 1335 3049 ut
1356 2994 1651 3059 antiquitus
1675 3008 1794 3048 mos
1821 2995 1991 3050 fuerat
2015 3035 2031 3057 ,
2072 2995 2198 3050 sub-

618 3086 866 3142 diderunt
890 3103 904 3140 :
933 3096 989 3144 et
1009 3103 1070 3143 ea
1102 3087 1294 3142 tributa
1322 3103 1442 3158 qua:
1470 3087 1742 3142 Chlotario
1769 3086 2035 3158 quondam
2057 3102 2199 3158 pm-

2307 1996 2402 2048 hns
2429 1996 2610 2048 multis
2641 1997 3040 2059 transmittunt,
3081 2007 3134 2051 et
3181 1998 3232 2051 in
3279 1998 3398 2065 ejus
3435 1999 3642 2054 ditione
3670 2016 3726 2054 se
3754 2001 3887 2054 sub-

2303 2087 2455 2152 dunt,
2484 2097 2538 2140 et
2564 2096 2896 2142 sacramenta
2920 2087 3003 2142 vel
3035 2089 3252 2144 obsides
3280 2088 3482 2144 donant
3506 2131 3522 2156 ,
3569 2100 3714 2146 utne
3744 2092 3888 2145 ultc-

2308 2181 2420 2231 rius
2447 2177 2680 2232 rebelles
2707 2180 2959 2234 existant.

2381 2273 2498 2338 lpse
2539 2287 2666 2325 vero
2712 2271 2848 2326 duce
2893 2271 3106 2327 Christo
3135 2285 3255 2327 cum
3295 2287 3487 2342 magno
3514 2273 3782 2342 triumpho
3829 2274 3886 2326 in

2307 2365 2582 2418 Franciam
2615 2365 2682 2417 ad
2713 2365 2976 2434 propriam
3019 2365 3198 2420 sedem
3246 2365 3473 2421 feliciter
3511 2369 3785 2421 remeavit.
3819 2367 3889 2420 Et

2303 2456 2503 2525 quievit
2546 2464 2684 2510 terra
2711 2471 2740 2509 a
2769 2456 2965 2524 prmliis
2993 2457 3147 2510 annis
3184 2457 3414 2512 duobus.

2374 2551 2472 2601 Att.
2506 2562 2697 2602 nccut.
2731 2548 2846 2614 Quo
2876 2555 3118 2616 tempore
3141 2565 3245 2603 una
3274 2563 3396 2603 cum
3422 2551 3651 2605 consnlio
3676 2559 3729 2605 et
3752 2564 3889 2603 CO'I-

2301 2650 2460 2690 sensu
2501 2637 2738 2691 omnium
2774 2637 3098 2692 Francorum
3119 2679 3134 2703 ,
3167 2640 3327 2694 missa
3359 2641 3644 2701 relatione,
3691 2655 3720 2693 a
3751 2641 3889 2693 st-de

2301 2727 2593 2796 apostolica
2625 2728 2947 2782 auctoritate
2979 2738 3258 2795 percepta,
3312 2730 3597 2797 prtt‘celsus
3627 2729 3890 2799 Pippinus

2301 2817 2564 2872 electione
2605 2817 2766 2870 totius
2794 2817 3029 2872 Francia;
3060 2819 3113 2872 in
3143 2819 3325 2873 sedem
3354 2820 3502 2890 regni
3530 2834 3650 2874 cum
3688 2834 3891 2876 conse-

2302 2907 2540 2962 cratione
2567 2908 2962 2975 episcoporum,
2987 2920 3036 2963 et
3071 2909 3406 2978 subjectione
3433 2912 3753 2981 principum,
3781 2928 3890 2966 una

2303 3011 2422 3053 cum
2451 2996 2632 3070 regina
2675 2997 3022 3064 Bertradane,
3055 3011 3111 3053 ut
3137 3001 3429 3070 antiquitus
3455 3002 3588 3056 mdo
3615 3001 3890 3070 deposcit.

2305 3088 2624 3144 sublimatur
2653 3091 2704 3142 in
2743 3073 2910 3160 regno
2944 3088 2992 3146 ι’.

622 3221 824 3303 Usque
859 3241 1025 3303 nunc
1051 3221 1306 3303 illusis:
1331 3225 1432 3282 vir
1458 3221 1954 3303 Childebrandus
1980 3240 2213 3303 cantes,
2267 3224 2628 3284 Avunculus
2659 3224 2951 3302 pradicti
2984 3226 3146 3303 regis
3176 3222 3462 3303 Pippini,
3497 3225 3656 3286 hanc
3689 3225 3890 3287 histo-

701 3302 882 3381 riam,
914 3301 1011 3362 vel
1041 3302 1224 3381 Gesta
1254 3301 1663 3381 Francorum,
1699 3301 2176 3381 diligentissime
2223 3303 2418 3362 scribi
2470 3299 2861 3381 proetiravit.
2923 3299 3159 3365 Abhinc
3190 3299 3270 3363 αὖ
3295 3299 3539 3367 illustre
3583 3306 3719 3366 viro
3751 3304 3890 3367 Ni-

700 3378 989 3459 belungo,
1027 3381 1159 3459 ﬁlio
1187 3380 1391 3458 ipsius
1421 3379 1895 3457 Childebrandi,
1926 3381 2188 3441 itemaue
2220 3378 2784 3454 comite,'succedat
2819 3383 3168 3443 auctoritas
3201 3388 3245 3442 ί.

698 3555 725 3582 ι
755 3546 1004 3614 Aquitani
1026 3559 1145 3599 cum
1176 3557 1274 3597 suo
1298 3543 1434 3597 duce
1465 3541 1762 3614 Ilunoaldo.

695 3615 724 3655 δ
747 3611 836 3670 Sic
866 3615 1022 3674 Boh.:
1052 3614 1139 3668 alii
1164 3653 1176 3677 ,
1198 3614 1534 3675 inexstt'ucto,
1567 3612 1618 3665 id
1648 3622 1728 3666 est
1766 3611 2046 3682 instinctu;
2072 3626 2193 3682 quae

629 3687 854 3741 mutatio
884 3685 1074 3752 prodiit
1103 3699 1166 3739 ex
1189 3696 1338 3737 more
1358 3683 1589 3736 litteram
1610 3698 1655 3746 s,
1683 3695 1746 3735 ac
1763 3681 1806 3735 si
1831 3681 1987 3736 fuerit
2006 3697 2058 3735 es
2077 3681 2199 3752 pro-

627 3754 925 3810 nunuandh

699 3834 722 3862 ο
756 3823 1099 3878 Monasticam
1140 3831 1344 3875 vestem
1372 3819 1556 3874 Romae
1589 3820 1792 3884 induit,
1825 3830 1934 3873 tum
1967 3822 2018 3874 in
2048 3837 2200 3875 mon-

626 3903 734 3949 tem
762 3895 1033 3948 Soractem
1058 3907 1119 3946 ac
1149 3903 1329 3960 postea
1359 3891 1610 3945 Casinum
1642 3892 1884 3946 secessit.
1914 3891 2043 3959 Ejus
2087 3892 2200 3945 elo-

621 3965 766 4033 giom
797 3963 911 4033 lege
933 3965 982 4016 in
1005 3977 1128 4033 sec.
1156 3977 1209 4016 ut
1235 3961 1597 4033 Benedictino,
1619 3969 1769 4033 parte
1794 3960 1929 4033 It,ad
1955 3977 2045 4033 an.
2071 3961 2197 4028 755',

626 4026 735 4103 quo
758 4026 974 4088 Vienna:
1003 4026 1345 4103 Allobrogum
1375 4029 1525 4103 obiit.
1553 4026 1834 4085 Za'cltarias
1861 4032 1924 4083 ad
1952 4026 2195 4103 FrancoQ

622 4100 739 4158 rum
768 4104 1048 4173 episcopos
1077 4103 1142 4157 de
1165 4101 1360 4173 ejus_in
1395 4100 1593 4156 Callias
1638 4115 1858 4173 accessu
1900 4100 1964 4154 ad
2008 4115 2193 4166 pacem

624 4176 763 4230 inter
789 4170 1066 4244 Pippinum
1096 4181 1150 4227 et
1178 4171 1456 4227 Critonem
1484 4170 1930 4250 componendam,
1956 4179 2068 4252 tum
2095 4186 2197 4294 Ero

624 4245 952 4294 restituendo
981 4243 1360 4294 Casinensibus
1403 4255 1634 4294 corpore
1677 4249 1848 4294 sanctt
1893 4249 2059 4294 natrts
2139 4256 2196 4294 e-

621 4240 952 4299 restituendo
981 4243 1360 4299 Casinensibus
1403 4255 1634 4311 corpore
1677 4240 1848 4295 sancti
1893 4241 2059 4294 na‘tris
2095 4240 2196 4296 Be-

621 4315 820 4370 nedicti
847 4315 1078 4383 scripsit.

698 4383 725 4420 ἀ
758 4385 881 4446 Ed.,
909 4381 978 4437 ad
1004 4399 1090 4437 eos
1120 4381 1397 4449 pervenire.

704 4465 728 4491 ε
759 4454 1083 4523 Quiugentas
1107 4447 1295 4507 vaccas
1315 4450 1539 4520 singulis
1561 4449 1715 4504 anuis
1740 4449 2042 4503 solvebant.
2066 4447 2199 4505 Vide

704 4524 871 4574 edem.
904 4539 1021 4574 can.
1055 4521 1145 4574 τι.

623 4524 872 4579 Fredca..
904 4539 1021 4579 can.
1055 4523 1145 4574 τι.

705 4538 872 4646 iam
903 4538 1145 4646 mihi:
1171 4589 1465 4658 Grippone,
1509 4578 1604 4658 seu
1648 4587 1866 4642 Griloue
1896 4587 2101 4655 Pippini
2131 4604 2196 4643 ex

625 4673 794 4717 matre
825 4663 988 4714 altera
1023 4661 1202 4724 lratre,
1234 4657 1513 4713 suscitatas
1545 4657 1705 4712 fuisse
1744 4657 1960 4712 tradunt
1990 4667 2198 4715 veteres

622 4733 931 4799 scriptores.
983 4731 1076 4784 llic
1129 4743 1319 4797 nempe
1363 4745 1392 4782 e
1439 4741 1656 4782 carcere
1708 4729 1912 4782 solutus
1959 4727 2198 4799 Saxones

626 4797 797 4869 primo
827 4801 892 4854 ad
935 4813 1059 4854 suas
1092 4807 1268 4866 partes
1299 4799 1485 4863 traxit;
1520 4809 1661 4862 tum,
1707 4807 1916 4851 mortuo
1945 4797 2192 4869 pdilone,

629 4867 990 4959 Itajlnariorultn
1015 4871 1261 4959 ducatum
1294 4870 1514 4959 invasit;
1548 4869 1640 4949 sed
1673 4870 1914 4959 {ictus}
1949 4867 2192 4959 {’ippi‘nn,
2227 4901 2273 4959 Β

623 4953 676 4997 et
701 4937 891 4995 ducatu
920 4940 1195 4994 duodecim
1222 4939 1565 4992 comitatuum
1597 4939 1647 4991 in
1676 4937 1915 4991 Neustria
1941 4937 2190 5002 donatus,

625 5014 678 5066 in
706 5011 1043 5081 Aquitaniam
1073 5009 1324 5081 secessit;
1354 5009 1544 5081 exinde
1575 5009 1786 5081 fugatus
1807 5047 1822 5070 ,
1875 5006 2084 5081 tandem
2139 5007 2190 5061 in

627 5077 824 5135 ltaliain
864 5079 1122 5134 transiens
1151 5079 1216 5132 ad
1259 5077 1539 5132 Aismlfum
1592 5077 2058 5145 Langobardorum
2109 5091 2193 5130 re-

622 5166 764 5222 gem,
786 5151 838 5205 in
863 5151 1005 5222 valle
1028 5148 1422 5204 Mauriennensi
1455 5147 1763 5203 interfectus
1783 5155 1885 5212 est,
1913 5155 1969 5198 ut
1997 5145 2192 5198 dicitur

621 5220 739 5288 cap.
769 5220 1030 5288 sequenti.

696 5282 722 5337 ὲ
760 5289 815 5342 Id
847 5282 928 5344 est
949 5287 1102 5342 αῑηὶ.
1135 5287 1317 5344 (Eous
1345 5287 1557 5356 quippe,
1581 5285 1740 5356 vulgo
1766 5282 1884 5356 Iun,
1919 5299 1981 5336 ex
2011 5292 2192 5356 monte

623 5359 846 5413 Bernina
877 5361 925 5412 in
950 5360 1167 5424 Alpibus
1196 5353 1378 5413 versus
1400 5353 1810 5420 septentrionem
1834 5353 2185 5424 descendens,

622 5431 932 5485 comitatum
977 5421 1328 5489 Tiroleusem,
1358 5426 1448 5480 tibi
1479 5424 1764 5492 (Eniponti
1796 5421 2070 5493 (lttspruc)
2099 5439 2196 5476 no-

624 5514 745 5556 men
775 5499 990 5568 tribuit,
1036 5508 1145 5554 tum
1177 5497 1455 5552 Bavariatn
1487 5493 1671 5560 alluit,
1723 5492 2031 5548 ac'demutu
2075 5493 2193 5548 aliis

2219 3542 2267 3604 C
2301 3543 2472 3598 ﬁuviis
2503 3552 2691 3597 auctus
2728 3542 2966 3598 Danubio
2994 3542 3267 3599 miscetur.

2381 3612 2406 3650 δ
2451 3614 2543 3666 llis
2570 3614 2745 3668 verbis
2773 3622 2957 3682 aperte
2998 3613 3235 3668 declarat
3279 3614 3434 3682 hujus
3479 3615 3731 3670 Chronici
3782 3631 3891 3672 au-

2301 3693 2437 3747 ctor,
2469 3684 2761 3736 [totnanutn
2795 3683 3119 3750 pontiﬁcem,
3152 3684 3241 3752 qui
3273 3694 3398 3738 tunc
3423 3696 3538 3739 erat
3563 3685 3888 3750 Zacharl-s.

2302 3769 2425 3808 sese
2475 3753 2683 3822 Pippiui
2726 3754 2972 3823 electioni
3007 3754 3358 3809 immiscuisse
3383 3798 3398 3821 ,
3451 3765 3610 3823 atque
3635 3757 3891 3813 eumdem

2303 3821 2594 3892 principem
2639 3821 2945 3891 pontiﬁcum
2974 3824 3377 3878 consecratione
3405 3825 3458 3877 in
3487 3821 3666 3892 regem
3712 3827 3889 3881 fuisse

2300 3893 2789 3964 sublitnatumaCui
2821 3894 3160 3964 consentiunt
3187 3896 3476 3961 scriptores
3524 3905 3630 3948 tam
3661 3898 3877 3964 antiqui

2300 3979 2458 4028 quam
2492 3963 2839 4017 recentiores.
2891 3961 3134 4017 Cointius
3190 3972 3368 4018 tamen
3415 3966 3555 4019 hunc
3596 3966 3773 4019 locum
3794 3961 3892 4019 in-

2301 4032 2621 4099 terpolatum
2677 4032 2840 4086 luisse
2867 4033 3172 4098 contendit,
3215 4042 3374 4098 atque
3412 4036 3488 4088 sic
3537 4036 3746 4090 restitui
3787 4037 3893 4089 de-

2301 4101 2427 4156 bere
2459 4121 2472 4156 :
2507 4102 2705 4169 Quievit
2737 4110 2873 4169 terra
2899 4119 2936 4154 a
2965 4103 3155 4169 prwliis
3185 4105 3334 4156 annis
3355 4104 3570 4157 duobus.
3607 4104 3723 4168 Quo
3759 4119 3894 4158 lem-

2301 4188 2422 4238 pore
2472 4167 2742 4238 praecelsus
2780 4167 3037 4239 Pippiuus
3065 4171 3306 4225 electione
3343 4175 3495 4227 totius
3539 4167 3800 4241 Francia,
3830 4177 3894 4229 iss

2297 4243 2466 4294 sedem
2517 4245 2661 4313 regni
2691 4257 2935 4313 una_cum
2971 4242 3166 4313 regina,
3197 4243 3438 4313 elc.i_Sed
3467 4259 3578 4297 suae
3605 4244 3894 4312 conjecta-

2301 4314 2462 4382 tiouis
2482 4351 2497 4377 ,
2529 4311 2646 4382 quae
2675 4311 2920 4365 omnibus
2949 4311 3159 4380 scriptis
3187 4321 3240 4365 et
3268 4311 3423 4366 editis
3463 4311 3731 4367 contraria
3761 4326 3850 4367 est
3875 4358 3891 4379 ,

2302 4381 2498 4435 nttllam
2531 4381 2791 4435 rationem
2821 4382 2997 4444 allen,
3026 4384 3122 4435 nisi
3153 4382 3317 4450 quod,
3351 4392 3408 4435 ut
3435 4384 3646 4450 quidem
3695 4384 3892 4437 cxiSti-

2300 4463 2429 4517 ntat,
2461 4451 2646 4506 Franci
2678 4450 2982 4518 pontiﬁcem
3008 4450 3076 4506 de
3099 4453 3238 4520 regis
3264 4452 3524 4507 electione
3549 4469 3654 4506 non
3682 4467 3894 4506 consu-

2299 4521 2528 4586 luerint,
2560 4536 2657 4575 nec
2709 4533 2840 4590 tunc
2861 4522 3190 4575 consuetudo
3238 4521 3396 4575 fuerit
3424 4536 3576 4589 reges
3604 4524 3843 4590 ungendn
3875 4544 3891 4586 ;

2299 4599 2582 4660 utrumque
2610 4605 2735 4645 vero
2764 4589 3021 4660 relellitur
3064 4605 3128 4644 ex
3161 4590 3392 4644 clau~ula
3426 4593 3621 4644 veteris
3670 4589 3892 4647 Codicis

2301 4659 2604 4730 Dienysiaui
2622 4700 2637 4722 ,
2671 4662 2808 4730 ipso_
2830 4659 3052 4730 Pippino
3078 4669 3334 4730 regnante
3356 4661 3570 4730 scripti,
3603 4676 3766 4728 quam
3794 4663 3891 4715 iu-

2297 4729 2375 4852 {ra
2409 4727 2524 4796 post
2548 4732 2739 4783 Iibrutn
2771 4727 3007 4797 Gregorii
3038 4730 3105 4785 de
3134 4727 3312 4784 Gloria
3344 4727 3722 4785 Coufessorum
3755 4746 3895 4799 pro-

2317 4814 2549 4852 ert-mus.

2317 4814 2549 4852 ert-mus.

2377 4867 2390 4905 ί
2440 4869 2584 4921 lIanc
2627 4867 3053 4933 inscriptionem,
3103 4884 3259 4931 quam
3300 4869 3481 4922 caeteri
3512 4868 3724 4923 codices
3769 4885 3894 4926 non

2300 4938 2516 5002 habent,
2544 4954 2573 4990 e
2601 4938 2883 4991 Petavtano
2925 4939 3091 4992 edidit
3121 4938 3400 4992 Chesnius.
3431 4940 3523 4993 Ille
3557 4947 3734 4992 autem
3783 4956 3898 4995 co-

2303 5006 2447 5074 dex,
2509 5009 2595 5074 qui
2649 5021 2680 5060 e
2731 5007 3012 5061 Petaviana
3063 5007 3380 5061 bibliotheca
3433 5011 3498 5062 ad
3550 5007 3895 5064 Cltristinam

2301 5077 2504 5131 Suecite
2536 5077 2768 5146 reginam
2801 5077 3028 5140 transiit,
3060 5075 3220 5131 hodie
3249 5077 3433 5131 Romae
3465 5089 3773 5132 asservatur
3832 5082 3896 5134 in

2302 5147 2544 5200 biblioth.
2574 5146 2907 5200 eminentiss.
2951 5147 3100 5199 card.
3127 5147 3376 5200 Ottoboni
3408 5164 3420 5198 :
3451 5148 3579 5200 olim
3626 5147 3726 5201 luit
3763 5165 3897 5202 mo-

2302 5217 2518 5270 nasterii
2564 5215 2834 5279 .Inrensis,
2878 5215 2942 5269 ad
2969 5217 3138 5270 sancti
3165 5215 3404 5285 Augendi
3433 5216 3728 5282 tumulum,
3776 5235 3895 5271 sm-

2301 5288 2422 5340 culo
2452 5302 2501 5339 tx
2535 5287 2764 5351 labente,
2791 5299 2820 5337 a
2849 5286 3110 5339 Mannone
3136 5288 3365 5350 oblatus,
3400 5286 3476 5340 uti
3505 5286 3764 5340 discimus
3817 5307 3892 5344 ex

2305 5357 2646 5421 inscriptione
2669 5357 2766 5422 ipsi
2799 5356 3010 5421 praﬁisa
3038 5370 3051 5408 :
3088 5352 3214 5408 Vota
3257 5358 3398 5408 bona
3435 5358 3692 5408 memoria:
3725 5357 3885 5412 lass-

2295 5427 2441 5480 nostt's
2472 5426 2597 5479 liber
2622 5430 2689 5476 ad
2720 5425 3010 5493 sepulcrum
3035 5425 3195 5480 sancti
3224 5424 3458 5496 Augendi
3487 5425 3707 5482 oblatus.
