  <div class='ocr_page' id='page_1' title='image "/cluster/home/n/w/nwhite01/storage/ocr_20150623/71/hvd.32044054758743/350.png"; bbox 0 0 3982 6346; ppageno 0'>
   <div class='ocr_carea' id='block_1_1' title="bbox 2295 449 3442 477">
    <p class='ocr_par' dir='ltr' id='par_1_1' title="bbox 2295 449 3442 477">
     <span class='ocr_line' id='line_1_1' title="bbox 2295 449 3442 477; baseline 0.003 -12"><span class='ocrx_word' id='word_1_1' title='bbox 2295 449 3442 477; x_wconf 58' lang='lat' dir='ltr'>W</span> 
     </span>
    </p>
   </div>
   <div class='ocr_carea' id='block_1_2' title="bbox 1193 625 2450 755">
    <p class='ocr_par' dir='ltr' id='par_1_2' title="bbox 1193 625 2450 755">
     <span class='ocr_line' id='line_1_2' title="bbox 1193 625 2450 755; baseline 0.014 -25"><span class='ocrx_word' id='word_1_2' title='bbox 1193 625 1608 734; x_wconf 73' lang='lat' dir='ltr'><strong>PARS</strong></span> <span class='ocrx_word' id='word_1_3' title='bbox 1693 625 2142 755; x_wconf 66' lang='lat' dir='ltr'><strong>QU&#39;ﬂR</strong></span> <span class='ocrx_word' id='word_1_4' title='bbox 2171 625 2384 735; x_wconf 77' lang='grc' dir='ltr'><strong>ΤΑ</strong></span> <span class='ocrx_word' id='word_1_5' title='bbox 2418 704 2450 748; x_wconf 66' lang='grc' dir='ltr'><em>ι</em></span> 
     </span>
    </p>
   </div>
   <div class='ocr_carea' id='block_1_3' title="bbox 987 858 2616 967">
    <p class='ocr_par' dir='ltr' id='par_1_3' title="bbox 987 858 2616 967">
     <span class='ocr_line' id='line_1_3' title="bbox 987 858 2616 967; baseline 0.005 -7"><span class='ocrx_word' id='word_1_6' title='bbox 987 858 1732 964; x_wconf 78' lang='lat' dir='ltr'><strong>AUCTORE</strong></span> <span class='ocrx_word' id='word_1_7' title='bbox 1852 863 2616 967; x_wconf 83' lang='lat' dir='ltr'><strong>ANONYMO</strong></span> 
     </span>
    </p>
   </div>
   <div class='ocr_carea' id='block_1_4' title="bbox 1253 1024 2383 1118">
    <p class='ocr_par' dir='ltr' id='par_1_4' title="bbox 1253 1024 2383 1118">
     <span class='ocr_line' id='line_1_4' title="bbox 1253 1024 2383 1118; baseline 0.004 -10"><span class='ocrx_word' id='word_1_8' title='bbox 1253 1051 1368 1118; x_wconf 80' lang='lat' dir='ltr'><strong>QUI</strong></span> <span class='ocrx_word' id='word_1_9' title='bbox 1407 1024 1610 1110; x_wconf 71' lang='lat' dir='ltr'><strong>iussu</strong></span> <span class='ocrx_word' id='word_1_10' title='bbox 1650 1053 2018 1110; x_wconf 79' lang='lat' dir='ltr'><strong>NlllELUNGI</strong></span> <span class='ocrx_word' id='word_1_11' title='bbox 2061 1054 2383 1112; x_wconf 78' lang='lat' dir='ltr'><strong>SCRIPSIT.</strong></span> 
     </span>
    </p>
   </div>
   <div class='ocr_carea' id='block_1_5' title="bbox 253 1252 3432 1330">
    <p class='ocr_par' dir='ltr' id='par_1_5' title="bbox 253 1252 3432 1330">
     <span class='ocr_line' id='line_1_5' title="bbox 253 1252 3432 1330; baseline -0 -17"><span class='ocrx_word' id='word_1_12' title='bbox 253 1254 1060 1328; x_wconf 72' lang='lat' dir='ltr'><strong>687An.occuu.—CX\&#39;III.</strong></span> <span class='ocrx_word' id='word_1_13' title='bbox 1082 1254 1172 1308; x_wconf 84' lang='lat' dir='ltr'><strong>His</strong></span> <span class='ocrx_word' id='word_1_14' title='bbox 1191 1252 1753 1321; x_wconf 84' lang='lat' dir='ltr'><strong>transactis,seqnenti</strong></span> <span class='ocrx_word' id='word_1_15' title='bbox 1783 1255 1833 1312; x_wconf 79' lang='grc' dir='ltr'><strong>Α</strong></span> <span class='ocrx_word' id='word_1_16' title='bbox 1861 1252 1947 1319; x_wconf 88' lang='lat' dir='ltr'><strong>qni</strong></span> <span class='ocrx_word' id='word_1_17' title='bbox 1982 1266 2147 1320; x_wconf 87' lang='lat' dir='ltr'><strong>usque</strong></span> <span class='ocrx_word' id='word_1_18' title='bbox 2172 1253 2236 1305; x_wconf 79' lang='lat' dir='ltr'><strong>ad</strong></span> <span class='ocrx_word' id='word_1_19' title='bbox 2266 1252 2484 1307; x_wconf 85' lang='lat' dir='ltr'><strong>Pontem</strong></span> <span class='ocrx_word' id='word_1_20' title='bbox 2511 1252 2713 1322; x_wconf 84' lang='lat' dir='ltr'><strong>Ugoue,</strong></span> <span class='ocrx_word' id='word_1_21' title='bbox 2749 1255 2870 1309; x_wconf 84' lang='lat' dir='ltr'><strong>villa</strong></span> <span class='ocrx_word' id='word_1_22' title='bbox 2901 1258 3105 1325; x_wconf 82' lang='lat' dir='ltr'><strong>publica</strong></span> <span class='ocrx_word' id='word_1_23' title='bbox 3140 1256 3188 1323; x_wconf 73' lang='grc' dir='ltr'><strong>δ,</strong></span> <span class='ocrx_word' id='word_1_24' title='bbox 3219 1258 3286 1314; x_wconf 88' lang='lat' dir='ltr'><strong>ad</strong></span> <span class='ocrx_word' id='word_1_25' title='bbox 3311 1265 3432 1330; x_wconf 74' lang='lat' dir='ltr'><strong>ejus</strong></span> 
     </span>
    </p>
   </div>
   <div class='ocr_carea' id='block_1_6' title="bbox 183 1343 1761 1412">
    <p class='ocr_par' dir='ltr' id='par_1_6' title="bbox 183 1343 1761 1412">
     <span class='ocr_line' id='line_1_6' title="bbox 183 1343 1761 1412; baseline -0.003 -13"><span class='ocrx_word' id='word_1_26' title='bbox 183 1362 324 1400; x_wconf 83' lang='lat' dir='ltr'><strong>anno</strong></span> <span class='ocrx_word' id='word_1_27' title='bbox 347 1351 537 1404; x_wconf 85' lang='lat' dir='ltr'><strong>iterum</strong></span> <span class='ocrx_word' id='word_1_28' title='bbox 566 1350 803 1400; x_wconf 77' lang='lat' dir='ltr'><strong>Saxones</strong></span> <span class='ocrx_word' id='word_1_29' title='bbox 825 1354 1006 1399; x_wconf 90' lang='lat' dir='ltr'><strong>contra</strong></span> <span class='ocrx_word' id='word_1_30' title='bbox 1029 1359 1212 1398; x_wconf 89' lang='lat' dir='ltr'><strong>eorum</strong></span> <span class='ocrx_word' id='word_1_31' title='bbox 1240 1343 1421 1404; x_wconf 82' lang='lat' dir='ltr'><strong>fidem,</strong></span> <span class='ocrx_word' id='word_1_32' title='bbox 1445 1359 1602 1412; x_wconf 89' lang='lat' dir='ltr'><strong>quam</strong></span> <span class='ocrx_word' id='word_1_33' title='bbox 1627 1357 1761 1412; x_wconf 66' lang='lat' dir='ltr'><strong>prte-</strong></span> 
     </span>
    </p>
   </div>
   <div class='ocr_carea' id='block_1_7' title="bbox 183 1435 1758 1508">
    <p class='ocr_par' dir='ltr' id='par_1_7' title="bbox 183 1435 1758 1508">
     <span class='ocr_line' id='line_1_7' title="bbox 183 1435 1758 1508; baseline -0.001 -18"><span class='ocrx_word' id='word_1_34' title='bbox 183 1439 291 1493; x_wconf 84' lang='lat' dir='ltr'><strong>fato</strong></span> <span class='ocrx_word' id='word_1_35' title='bbox 323 1442 433 1508; x_wconf 88' lang='lat' dir='ltr'><strong>regi</strong></span> <span class='ocrx_word' id='word_1_36' title='bbox 459 1441 658 1492; x_wconf 88' lang='lat' dir='ltr'><strong>dudum</strong></span> <span class='ocrx_word' id='word_1_37' title='bbox 687 1437 1058 1506; x_wconf 89' lang='lat' dir='ltr'><strong>promiserant,</strong></span> <span class='ocrx_word' id='word_1_38' title='bbox 1091 1436 1250 1489; x_wconf 90' lang='lat' dir='ltr'><strong>solito</strong></span> <span class='ocrx_word' id='word_1_39' title='bbox 1274 1450 1419 1489; x_wconf 90' lang='lat' dir='ltr'><strong>more</strong></span> <span class='ocrx_word' id='word_1_40' title='bbox 1450 1435 1639 1489; x_wconf 72' lang='lat' dir='ltr'><strong>iterum</strong></span> <span class='ocrx_word' id='word_1_41' title='bbox 1671 1450 1758 1490; x_wconf 88' lang='lat' dir='ltr'><strong>re-</strong></span> 
     </span>
    </p>
   </div>
   <div class='ocr_carea' id='block_1_8' title="bbox 185 1525 1760 1598">
    <p class='ocr_par' dir='ltr' id='par_1_8' title="bbox 185 1525 1760 1598">
     <span class='ocr_line' id='line_1_8' title="bbox 185 1525 1760 1598; baseline -0.004 -12"><span class='ocrx_word' id='word_1_42' title='bbox 185 1532 346 1586; x_wconf 81' lang='lat' dir='ltr'><strong>belles</strong></span> <span class='ocrx_word' id='word_1_43' title='bbox 357 1541 544 1585; x_wconf 78' lang='lat' dir='ltr'><strong>contra</strong></span> <span class='ocrx_word' id='word_1_44' title='bbox 564 1532 734 1598; x_wconf 85' lang='lat' dir='ltr'><strong>ipsum</strong></span> <span class='ocrx_word' id='word_1_45' title='bbox 747 1530 1027 1582; x_wconf 86' lang='lat' dir='ltr'><strong>exsistunt.</strong></span> <span class='ocrx_word' id='word_1_46' title='bbox 1046 1525 1196 1580; x_wconf 85' lang='lat' dir='ltr'><strong>Unde</strong></span> <span class='ocrx_word' id='word_1_47' title='bbox 1211 1537 1264 1581; x_wconf 90' lang='lat' dir='ltr'><strong>et</strong></span> <span class='ocrx_word' id='word_1_48' title='bbox 1281 1527 1532 1593; x_wconf 86' lang='lat' dir='ltr'><strong>Pippinns</strong></span> <span class='ocrx_word' id='word_1_49' title='bbox 1549 1542 1662 1591; x_wconf 83' lang='lat' dir='ltr'><strong>rex,</strong></span> <span class='ocrx_word' id='word_1_50' title='bbox 1684 1526 1760 1579; x_wconf 86' lang='lat' dir='ltr'><strong>ira</strong></span> 
     </span>
    </p>
   </div>
   <div class='ocr_carea' id='block_1_9' title="bbox 181 1618 1762 1692">
    <p class='ocr_par' dir='ltr' id='par_1_9' title="bbox 181 1618 1762 1692">
     <span class='ocr_line' id='line_1_9' title="bbox 181 1618 1762 1692; baseline -0.003 -14"><span class='ocrx_word' id='word_1_51' title='bbox 181 1634 506 1692; x_wconf 85' lang='lat' dir='ltr'><strong>commotus,</strong></span> <span class='ocrx_word' id='word_1_52' title='bbox 533 1631 802 1677; x_wconf 86' lang='lat' dir='ltr'><strong>commoto</strong></span> <span class='ocrx_word' id='word_1_53' title='bbox 841 1622 985 1673; x_wconf 92' lang='lat' dir='ltr'><strong>omni</strong></span> <span class='ocrx_word' id='word_1_54' title='bbox 1013 1620 1250 1674; x_wconf 85' lang='lat' dir='ltr'><strong>exercitu</strong></span> <span class='ocrx_word' id='word_1_55' title='bbox 1285 1618 1629 1682; x_wconf 91' lang='lat' dir='ltr'><strong>Fraucorum,</strong></span> <span class='ocrx_word' id='word_1_56' title='bbox 1661 1618 1762 1673; x_wconf 84' lang='lat' dir='ltr'><strong>ite-</strong></span> 
     </span>
    </p>
   </div>
   <div class='ocr_carea' id='block_1_10' title="bbox 181 1708 1760 1780">
    <p class='ocr_par' dir='ltr' id='par_1_10' title="bbox 181 1708 1760 1780">
     <span class='ocr_line' id='line_1_10' title="bbox 181 1708 1760 1780; baseline -0.005 -12"><span class='ocrx_word' id='word_1_57' title='bbox 181 1729 296 1768; x_wconf 87' lang='lat' dir='ltr'><strong>rutu</strong></span> <span class='ocrx_word' id='word_1_58' title='bbox 332 1714 520 1768; x_wconf 78' lang='lat' dir='ltr'><strong>Rheno</strong></span> <span class='ocrx_word' id='word_1_59' title='bbox 549 1711 859 1780; x_wconf 86' lang='lat' dir='ltr'><strong>transjecto,</strong></span> <span class='ocrx_word' id='word_1_60' title='bbox 893 1711 942 1764; x_wconf 93' lang='lat' dir='ltr'><strong>iu</strong></span> <span class='ocrx_word' id='word_1_61' title='bbox 975 1708 1260 1764; x_wconf 85' lang='lat' dir='ltr'><strong>Saxoniam</strong></span> <span class='ocrx_word' id='word_1_62' title='bbox 1285 1723 1407 1762; x_wconf 91' lang='lat' dir='ltr'><strong>cum</strong></span> <span class='ocrx_word' id='word_1_63' title='bbox 1441 1721 1633 1776; x_wconf 89' lang='lat' dir='ltr'><strong>magno</strong></span> <span class='ocrx_word' id='word_1_64' title='bbox 1661 1723 1760 1774; x_wconf 87' lang='lat' dir='ltr'><strong>ap-</strong></span> 
     </span>
    </p>
   </div>
   <div class='ocr_carea' id='block_1_11' title="bbox 184 1798 1761 1874">
    <p class='ocr_par' dir='ltr' id='par_1_11' title="bbox 184 1798 1761 1874">
     <span class='ocr_line' id='line_1_11' title="bbox 184 1798 1761 1874; baseline -0.003 -16"><span class='ocrx_word' id='word_1_65' title='bbox 184 1815 368 1874; x_wconf 83' lang='lat' dir='ltr'><strong>paratu</strong></span> <span class='ocrx_word' id='word_1_66' title='bbox 408 1804 646 1867; x_wconf 86' lang='lat' dir='ltr'><strong>veniens,</strong></span> <span class='ocrx_word' id='word_1_67' title='bbox 678 1803 857 1870; x_wconf 85' lang='lat' dir='ltr'><strong>ibique</strong></span> <span class='ocrx_word' id='word_1_68' title='bbox 903 1815 1086 1854; x_wconf 91' lang='lat' dir='ltr'><strong>eorum</strong></span> <span class='ocrx_word' id='word_1_69' title='bbox 1120 1801 1339 1865; x_wconf 85' lang='lat' dir='ltr'><strong>patriam</strong></span> <span class='ocrx_word' id='word_1_70' title='bbox 1373 1798 1607 1852; x_wconf 79' lang='lat' dir='ltr'><strong>maxime</strong></span> <span class='ocrx_word' id='word_1_71' title='bbox 1639 1798 1761 1868; x_wconf 86' lang='lat' dir='ltr'><strong>igne</strong></span> 
     </span>
    </p>
   </div>
   <div class='ocr_carea' id='block_1_12' title="bbox 182 1891 1758 1963">
    <p class='ocr_par' dir='ltr' id='par_1_12' title="bbox 182 1891 1758 1963">
     <span class='ocr_line' id='line_1_12' title="bbox 182 1891 1758 1963; baseline -0.004 -13"><span class='ocrx_word' id='word_1_72' title='bbox 182 1896 470 1959; x_wconf 73' lang='lat' dir='ltr'><strong>cremavit,</strong></span> <span class='ocrx_word' id='word_1_73' title='bbox 513 1896 752 1963; x_wconf 86' lang='lat' dir='ltr'><strong>captivos</strong></span> <span class='ocrx_word' id='word_1_74' title='bbox 796 1903 903 1947; x_wconf 90' lang='lat' dir='ltr'><strong>tam</strong></span> <span class='ocrx_word' id='word_1_75' title='bbox 943 1893 1086 1946; x_wconf 91' lang='lat' dir='ltr'><strong>viros</strong></span> <span class='ocrx_word' id='word_1_76' title='bbox 1114 1907 1270 1960; x_wconf 88' lang='lat' dir='ltr'><strong>quam</strong></span> <span class='ocrx_word' id='word_1_77' title='bbox 1313 1891 1538 1946; x_wconf 80' lang='lat' dir='ltr'><strong>feminas</strong></span> <span class='ocrx_word' id='word_1_78' title='bbox 1579 1906 1758 1945; x_wconf 85' lang='lat' dir='ltr'><strong>secum</strong></span> 
     </span>
    </p>
   </div>
   <div class='ocr_carea' id='block_1_13' title="bbox 182 1983 1761 2054">
    <p class='ocr_par' dir='ltr' id='par_1_13' title="bbox 182 1983 1761 2054">
     <span class='ocr_line' id='line_1_13' title="bbox 182 1983 1761 2054; baseline -0.004 -11"><span class='ocrx_word' id='word_1_79' title='bbox 182 1989 350 2053; x_wconf 87' lang='lat' dir='ltr'><strong>duxit,</strong></span> <span class='ocrx_word' id='word_1_80' title='bbox 385 2003 504 2041; x_wconf 91' lang='lat' dir='ltr'><strong>cum</strong></span> <span class='ocrx_word' id='word_1_81' title='bbox 538 1988 753 2039; x_wconf 88' lang='lat' dir='ltr'><strong>nmltam</strong></span> <span class='ocrx_word' id='word_1_82' title='bbox 787 1983 1016 2054; x_wconf 68' lang='lat' dir='ltr'><strong>praedam</strong></span> <span class='ocrx_word' id='word_1_83' title='bbox 1053 1984 1248 2038; x_wconf 84' lang='lat' dir='ltr'><strong>ibidem</strong></span> <span class='ocrx_word' id='word_1_84' title='bbox 1280 1983 1522 2042; x_wconf 88' lang='lat' dir='ltr'><strong>fecisset.</strong></span> <span class='ocrx_word' id='word_1_85' title='bbox 1551 1992 1605 2038; x_wconf 91' lang='lat' dir='ltr'><strong>et</strong></span> <span class='ocrx_word' id='word_1_86' title='bbox 1645 1983 1761 2050; x_wconf 91' lang='lat' dir='ltr'><strong>plu-</strong></span> 
     </span>
    </p>
   </div>
   <div class='ocr_carea' id='block_1_14' title="bbox 181 2073 1760 2144">
    <p class='ocr_par' dir='ltr' id='par_1_14' title="bbox 181 2073 1760 2144">
     <span class='ocr_line' id='line_1_14' title="bbox 181 2073 1760 2144; baseline -0.003 -14"><span class='ocrx_word' id='word_1_87' title='bbox 181 2080 343 2132; x_wconf 93' lang='lat' dir='ltr'><strong>rimos</strong></span> <span class='ocrx_word' id='word_1_88' title='bbox 373 2077 612 2133; x_wconf 76' lang='lat' dir='ltr'><strong>Saxones</strong></span> <span class='ocrx_word' id='word_1_89' title='bbox 640 2075 835 2129; x_wconf 82' lang='lat' dir='ltr'><strong>ibidem</strong></span> <span class='ocrx_word' id='word_1_90' title='bbox 866 2075 1264 2144; x_wconf 86' lang='lat' dir='ltr'><strong>prostravisset.</strong></span> <span class='ocrx_word' id='word_1_91' title='bbox 1287 2073 1437 2140; x_wconf 85' lang='lat' dir='ltr'><strong>Quod</strong></span> <span class='ocrx_word' id='word_1_92' title='bbox 1471 2073 1711 2127; x_wconf 90' lang='lat' dir='ltr'><strong>videntes</strong></span> <span class='ocrx_word' id='word_1_93' title='bbox 1733 2082 1760 2109; x_wconf 69' lang='grc' dir='ltr'>ἰ</span> 
     </span>
    </p>
   </div>
   <div class='ocr_carea' id='block_1_15' title="bbox 180 2163 1761 2235">
    <p class='ocr_par' dir='ltr' id='par_1_15' title="bbox 180 2163 1761 2235">
     <span class='ocr_line' id='line_1_15' title="bbox 180 2163 1761 2235; baseline -0.004 -11"><span class='ocrx_word' id='word_1_94' title='bbox 180 2170 457 2233; x_wconf 78' lang='lat' dir='ltr'><strong>Saxones,</strong></span> <span class='ocrx_word' id='word_1_95' title='bbox 507 2166 833 2235; x_wconf 63' lang='lat' dir='ltr'><strong>paenitentia-</strong></span> <span class='ocrx_word' id='word_1_96' title='bbox 864 2164 1152 2228; x_wconf 78' lang='lat' dir='ltr'><strong>commoti,</strong></span> <span class='ocrx_word' id='word_1_97' title='bbox 1203 2179 1324 2218; x_wconf 93' lang='lat' dir='ltr'><strong>cum</strong></span> <span class='ocrx_word' id='word_1_98' title='bbox 1357 2163 1516 2218; x_wconf 89' lang='lat' dir='ltr'><strong>solito</strong></span> <span class='ocrx_word' id='word_1_99' title='bbox 1567 2164 1761 2217; x_wconf 86' lang='lat' dir='ltr'><strong>timore</strong></span> 
     </span>
    </p>
   </div>
   <div class='ocr_carea' id='block_1_16' title="bbox 179 2254 1762 2327">
    <p class='ocr_par' dir='ltr' id='par_1_16' title="bbox 179 2254 1762 2327">
     <span class='ocr_line' id='line_1_16' title="bbox 179 2254 1762 2327; baseline -0.005 -13"><span class='ocrx_word' id='word_1_100' title='bbox 179 2260 516 2314; x_wconf 88' lang='lat' dir='ltr'><strong>clementiam</strong></span> <span class='ocrx_word' id='word_1_101' title='bbox 542 2259 680 2327; x_wconf 89' lang='lat' dir='ltr'><strong>regis</strong></span> <span class='ocrx_word' id='word_1_102' title='bbox 709 2266 913 2326; x_wconf 89' lang='lat' dir='ltr'><strong>petunt,</strong></span> <span class='ocrx_word' id='word_1_103' title='bbox 942 2265 999 2308; x_wconf 90' lang='lat' dir='ltr'><strong>ut</strong></span> <span class='ocrx_word' id='word_1_104' title='bbox 1029 2270 1208 2324; x_wconf 88' lang='lat' dir='ltr'><strong>pacem</strong></span> <span class='ocrx_word' id='word_1_105' title='bbox 1237 2255 1316 2308; x_wconf 88' lang='lat' dir='ltr'><strong>eis</strong></span> <span class='ocrx_word' id='word_1_106' title='bbox 1343 2254 1682 2319; x_wconf 81' lang='lat' dir='ltr'><strong>concederet,</strong></span> <span class='ocrx_word' id='word_1_107' title='bbox 1707 2262 1762 2306; x_wconf 84' lang='lat' dir='ltr'><strong>et</strong></span> 
     </span>
    </p>
   </div>
   <div class='ocr_carea' id='block_1_17' title="bbox 179 2345 1760 2417">
    <p class='ocr_par' dir='ltr' id='par_1_17' title="bbox 179 2345 1760 2417">
     <span class='ocr_line' id='line_1_17' title="bbox 179 2345 1760 2417; baseline -0.002 -14"><span class='ocrx_word' id='word_1_108' title='bbox 179 2361 512 2403; x_wconf 87' lang='lat' dir='ltr'><strong>sacramenta</strong></span> <span class='ocrx_word' id='word_1_109' title='bbox 544 2361 703 2417; x_wconf 88' lang='lat' dir='ltr'><strong>atque</strong></span> <span class='ocrx_word' id='word_1_110' title='bbox 748 2348 974 2410; x_wconf 88' lang='lat' dir='ltr'><strong>tributa,</strong></span> <span class='ocrx_word' id='word_1_111' title='bbox 1006 2347 1174 2400; x_wconf 85' lang='lat' dir='ltr'><strong>Innlto</strong></span> <span class='ocrx_word' id='word_1_112' title='bbox 1205 2345 1408 2412; x_wconf 79' lang='lat' dir='ltr'><strong>majora</strong></span> <span class='ocrx_word' id='word_1_113' title='bbox 1453 2360 1609 2414; x_wconf 86' lang='lat' dir='ltr'><strong>quam</strong></span> <span class='ocrx_word' id='word_1_114' title='bbox 1636 2355 1760 2400; x_wconf 90' lang='lat' dir='ltr'><strong>aute</strong></span> 
     </span>
    </p>
   </div>
   <div class='ocr_carea' id='block_1_18' title="bbox 184 2438 1754 2510">
    <p class='ocr_par' dir='ltr' id='par_1_18' title="bbox 184 2438 1754 2510">
     <span class='ocr_line' id='line_1_18' title="bbox 184 2438 1754 2510; baseline -0.001 -19"><span class='ocrx_word' id='word_1_115' title='bbox 184 2443 560 2510; x_wconf 75' lang='lat' dir='ltr'><strong>promiserant,</strong></span> <span class='ocrx_word' id='word_1_116' title='bbox 603 2441 920 2502; x_wconf 84' lang='lat' dir='ltr'><strong>redderent,</strong></span> <span class='ocrx_word' id='word_1_117' title='bbox 950 2450 1002 2492; x_wconf 90' lang='lat' dir='ltr'><strong>et</strong></span> <span class='ocrx_word' id='word_1_118' title='bbox 1048 2453 1314 2506; x_wconf 89' lang='lat' dir='ltr'><strong>nunquam</strong></span> <span class='ocrx_word' id='word_1_119' title='bbox 1349 2441 1486 2490; x_wconf 89' lang='lat' dir='ltr'><strong>ultra</strong></span> <span class='ocrx_word' id='word_1_120' title='bbox 1513 2438 1620 2505; x_wconf 89' lang='lat' dir='ltr'><strong>jam</strong></span> <span class='ocrx_word' id='word_1_121' title='bbox 1671 2452 1754 2491; x_wconf 82' lang='lat' dir='ltr'><strong>re-</strong></span> 
     </span>
    </p>
   </div>
   <div class='ocr_carea' id='block_1_19' title="bbox 181 2526 1753 2596">
    <p class='ocr_par' dir='ltr' id='par_1_19' title="bbox 181 2526 1753 2596">
     <span class='ocr_line' id='line_1_19' title="bbox 181 2526 1753 2596; baseline -0.004 -10"><span class='ocrx_word' id='word_1_122' title='bbox 181 2533 344 2586; x_wconf 86' lang='lat' dir='ltr'><strong>belles</strong></span> <span class='ocrx_word' id='word_1_123' title='bbox 385 2533 725 2586; x_wconf 78' lang='lat' dir='ltr'><strong>exsisterent.</strong></span> <span class='ocrx_word' id='word_1_124' title='bbox 757 2528 867 2582; x_wconf 84' lang='lat' dir='ltr'><strong>Rex</strong></span> <span class='ocrx_word' id='word_1_125' title='bbox 910 2528 1198 2596; x_wconf 86' lang='lat' dir='ltr'><strong>Pippiuus,</strong></span> <span class='ocrx_word' id='word_1_126' title='bbox 1245 2526 1461 2581; x_wconf 84' lang='lat' dir='ltr'><strong>Christo</strong></span> <span class='ocrx_word' id='word_1_127' title='bbox 1489 2526 1753 2596; x_wconf 89' lang='lat' dir='ltr'><strong>propitio,</strong></span> 
     </span>
    </p>
   </div>
   <div class='ocr_carea' id='block_1_20' title="bbox 1867 1343 2778 1412">
    <p class='ocr_par' dir='ltr' id='par_1_20' title="bbox 1867 1343 2778 1412">
     <span class='ocr_line' id='line_1_20' title="bbox 1867 1343 2778 1412; baseline 0.005 -17"><span class='ocrx_word' id='word_1_128' title='bbox 1867 1343 2199 1412; x_wconf 68' lang='lat' dir='ltr'><strong>prsesentiam</strong></span> <span class='ocrx_word' id='word_1_129' title='bbox 2239 1344 2504 1398; x_wconf 77' lang='lat' dir='ltr'><strong>adducere</strong></span> <span class='ocrx_word' id='word_1_130' title='bbox 2533 1344 2778 1400; x_wconf 89' lang='lat' dir='ltr'><strong>deberet.</strong></span> 
     </span>
    </p>
   </div>
   <div class='ocr_carea' id='block_1_21' title="bbox 1938 1434 3440 1507">
    <p class='ocr_par' dir='ltr' id='par_1_21' title="bbox 1938 1434 3440 1507">
     <span class='ocr_line' id='line_1_21' title="bbox 1938 1434 3440 1507; baseline 0.009 -22"><span class='ocrx_word' id='word_1_131' title='bbox 1938 1437 2034 1486; x_wconf 78' lang='lat' dir='ltr'><strong>All.</strong></span> <span class='ocrx_word' id='word_1_132' title='bbox 2068 1448 2271 1488; x_wconf 81' lang='lat' dir='ltr'><strong>nccuv.</strong></span> <span class='ocrx_word' id='word_1_133' title='bbox 2317 1434 2494 1504; x_wconf 88' lang='lat' dir='ltr'><strong>Ibique</strong></span> <span class='ocrx_word' id='word_1_134' title='bbox 2536 1435 2839 1504; x_wconf 77' lang='lat' dir='ltr'><strong>Stephanus</strong></span> <span class='ocrx_word' id='word_1_135' title='bbox 2880 1453 3010 1507; x_wconf 86' lang='lat' dir='ltr'><strong>papa</strong></span> <span class='ocrx_word' id='word_1_136' title='bbox 3057 1438 3337 1495; x_wconf 75' lang='lat' dir='ltr'><strong>[inmensis</strong></span> <span class='ocrx_word' id='word_1_137' title='bbox 3376 1443 3440 1499; x_wconf 81' lang='lat' dir='ltr'><strong>ad</strong></span> 
     </span>
    </p>
   </div>
   <div class='ocr_carea' id='block_1_22' title="bbox 1866 1526 3440 1600">
    <p class='ocr_par' dir='ltr' id='par_1_22' title="bbox 1866 1526 3440 1600">
     <span class='ocr_line' id='line_1_22' title="bbox 1866 1526 3440 1600; baseline 0.008 -25"><span class='ocrx_word' id='word_1_138' title='bbox 1866 1526 2204 1593; x_wconf 66' lang='lat' dir='ltr'><strong>prieseutiam</strong></span> <span class='ocrx_word' id='word_1_139' title='bbox 2229 1527 2367 1592; x_wconf 85' lang='lat' dir='ltr'><strong>regis</strong></span> <span class='ocrx_word' id='word_1_140' title='bbox 2397 1527 2633 1590; x_wconf 85' lang='lat' dir='ltr'><strong>veniens,</strong></span> <span class='ocrx_word' id='word_1_141' title='bbox 2667 1529 2847 1582; x_wconf 89' lang='lat' dir='ltr'><strong>multis</strong></span> <span class='ocrx_word' id='word_1_142' title='bbox 2871 1531 3181 1585; x_wconf 89' lang='lat' dir='ltr'><strong>muneribus</strong></span> <span class='ocrx_word' id='word_1_143' title='bbox 3203 1542 3309 1585; x_wconf 87' lang='lat' dir='ltr'><strong>tam</strong></span> <span class='ocrx_word' id='word_1_144' title='bbox 3343 1533 3440 1600; x_wconf 83' lang='lat' dir='ltr'><strong>ipsi</strong></span> 
     </span>
    </p>
   </div>
   <div class='ocr_carea' id='block_1_23' title="bbox 1866 1618 3442 1693">
    <p class='ocr_par' dir='ltr' id='par_1_23' title="bbox 1866 1618 3442 1693">
     <span class='ocr_line' id='line_1_23' title="bbox 1866 1618 3442 1693; baseline 0.006 -24"><span class='ocrx_word' id='word_1_145' title='bbox 1866 1618 1975 1684; x_wconf 81' lang='lat' dir='ltr'><strong>regi</strong></span> <span class='ocrx_word' id='word_1_146' title='bbox 2007 1631 2165 1684; x_wconf 82' lang='lat' dir='ltr'><strong>quam</strong></span> <span class='ocrx_word' id='word_1_147' title='bbox 2215 1627 2268 1671; x_wconf 84' lang='lat' dir='ltr'><strong>et</strong></span> <span class='ocrx_word' id='word_1_148' title='bbox 2298 1618 2515 1672; x_wconf 83' lang='lat' dir='ltr'><strong>Francis</strong></span> <span class='ocrx_word' id='word_1_149' title='bbox 2548 1621 2768 1689; x_wconf 79' lang='lat' dir='ltr'><strong>largitus</strong></span> <span class='ocrx_word' id='word_1_150' title='bbox 2797 1631 2879 1674; x_wconf 89' lang='lat' dir='ltr'><strong>est</strong></span> <span class='ocrx_word' id='word_1_151' title='bbox 2903 1663 2916 1681; x_wconf 86' lang='lat'><strong>,</strong></span> <span class='ocrx_word' id='word_1_152' title='bbox 2969 1624 3221 1676; x_wconf 86' lang='lat' dir='ltr'><strong>auxilium</strong></span> <span class='ocrx_word' id='word_1_153' title='bbox 3257 1639 3442 1693; x_wconf 86' lang='lat' dir='ltr'><strong>petens</strong></span> 
     </span>
    </p>
   </div>
   <div class='ocr_carea' id='block_1_24' title="bbox 1864 1710 3446 1783">
    <p class='ocr_par' dir='ltr' id='par_1_24' title="bbox 1864 1710 3446 1783">
     <span class='ocr_line' id='line_1_24' title="bbox 1864 1710 3446 1783; baseline 0.004 -20"><span class='ocrx_word' id='word_1_154' title='bbox 1864 1719 2046 1763; x_wconf 90' lang='lat' dir='ltr'><strong>contra</strong></span> <span class='ocrx_word' id='word_1_155' title='bbox 2081 1718 2293 1777; x_wconf 87' lang='lat' dir='ltr'><strong>gentem</strong></span> <span class='ocrx_word' id='word_1_156' title='bbox 2341 1710 2803 1778; x_wconf 84' lang='lat' dir='ltr'><strong>Langobardorum</strong></span> <span class='ocrx_word' id='word_1_157' title='bbox 2836 1723 2888 1766; x_wconf 91' lang='lat' dir='ltr'><strong>ct</strong></span> <span class='ocrx_word' id='word_1_158' title='bbox 2916 1729 3098 1767; x_wconf 91' lang='lat' dir='ltr'><strong>eorum</strong></span> <span class='ocrx_word' id='word_1_159' title='bbox 3146 1731 3326 1783; x_wconf 83' lang='lat' dir='ltr'><strong>regem</strong></span> <span class='ocrx_word' id='word_1_160' title='bbox 3354 1717 3446 1770; x_wconf 46' lang='lat' dir='ltr'><strong>Ai‘</strong></span> 
     </span>
    </p>
   </div>
   <div class='ocr_carea' id='block_1_25' title="bbox 1863 1799 3444 1873">
    <p class='ocr_par' dir='ltr' id='par_1_25' title="bbox 1863 1799 3444 1873">
     <span class='ocr_line' id='line_1_25' title="bbox 1863 1799 3444 1873; baseline 0.003 -20"><span class='ocrx_word' id='word_1_161' title='bbox 1863 1799 2111 1862; x_wconf 69' lang='lat' dir='ltr'><strong>stultum,</strong></span> <span class='ocrx_word' id='word_1_162' title='bbox 2142 1810 2200 1853; x_wconf 90' lang='lat' dir='ltr'><strong>ut</strong></span> <span class='ocrx_word' id='word_1_163' title='bbox 2241 1814 2332 1867; x_wconf 91' lang='lat' dir='ltr'><strong>per</strong></span> <span class='ocrx_word' id='word_1_164' title='bbox 2363 1801 2478 1865; x_wconf 83' lang='lat' dir='ltr'><strong>ejus</strong></span> <span class='ocrx_word' id='word_1_165' title='bbox 2520 1800 2841 1866; x_wconf 64' lang='lat' dir='ltr'><strong>adjutori&#39;in:</strong></span> <span class='ocrx_word' id='word_1_166' title='bbox 2895 1802 2961 1856; x_wconf 89' lang='lat' dir='ltr'><strong>ab</strong></span> <span class='ocrx_word' id='word_1_167' title='bbox 2995 1819 3180 1857; x_wconf 88' lang='lat' dir='ltr'><strong>eorum</strong></span> <span class='ocrx_word' id='word_1_168' title='bbox 3221 1821 3444 1873; x_wconf 72' lang='lat' dir='ltr'><strong>oppres-</strong></span> 
     </span>
    </p>
   </div>
   <div class='ocr_carea' id='block_1_26' title="bbox 1865 1891 3437 1962">
    <p class='ocr_par' dir='ltr' id='par_1_26' title="bbox 1865 1891 3437 1962">
     <span class='ocr_line' id='line_1_26' title="bbox 1865 1891 3437 1962; baseline 0.006 -19"><span class='ocrx_word' id='word_1_169' title='bbox 1865 1891 2104 1945; x_wconf 80' lang='lat' dir='ltr'><strong>sionibus</strong></span> <span class='ocrx_word' id='word_1_170' title='bbox 2141 1891 2308 1962; x_wconf 74' lang='lat'><strong>689</strong></span> <span class='ocrx_word' id='word_1_171' title='bbox 2343 1891 2425 1946; x_wconf 93' lang='lat' dir='ltr'><strong>vel</strong></span> <span class='ocrx_word' id='word_1_172' title='bbox 2475 1892 2824 1947; x_wconf 88' lang='lat' dir='ltr'><strong>fraudulentia</strong></span> <span class='ocrx_word' id='word_1_173' title='bbox 2866 1896 2932 1948; x_wconf 92' lang='lat' dir='ltr'><strong>de</strong></span> <span class='ocrx_word' id='word_1_174' title='bbox 2983 1897 3224 1949; x_wconf 87' lang='lat' dir='ltr'><strong>manibus</strong></span> <span class='ocrx_word' id='word_1_175' title='bbox 3252 1911 3437 1952; x_wconf 81' lang='lat' dir='ltr'><strong>eorum</strong></span> 
     </span>
    </p>
   </div>
   <div class='ocr_carea' id='block_1_27' title="bbox 1866 1982 3438 2057">
    <p class='ocr_par' dir='ltr' id='par_1_27' title="bbox 1866 1982 3438 2057">
     <span class='ocr_line' id='line_1_27' title="bbox 1866 1982 3438 2057; baseline 0.006 -22"><span class='ocrx_word' id='word_1_176' title='bbox 1866 1982 2216 2047; x_wconf 85' lang='lat' dir='ltr'><strong>liberaretur,</strong></span> <span class='ocrx_word' id='word_1_177' title='bbox 2256 1994 2310 2036; x_wconf 89' lang='lat' dir='ltr'><strong>et</strong></span> <span class='ocrx_word' id='word_1_178' title='bbox 2358 1984 2550 2037; x_wconf 82' lang='lat' dir='ltr'><strong>tributa</strong></span> <span class='ocrx_word' id='word_1_179' title='bbox 2580 1995 2632 2038; x_wconf 90' lang='lat' dir='ltr'><strong>et</strong></span> <span class='ocrx_word' id='word_1_180' title='bbox 2663 2001 2901 2049; x_wconf 83' lang='lat' dir='ltr'><strong>munera,</strong></span> <span class='ocrx_word' id='word_1_181' title='bbox 2945 2002 3062 2055; x_wconf 76' lang='lat' dir='ltr'><strong>qurc</strong></span> <span class='ocrx_word' id='word_1_182' title='bbox 3092 1999 3277 2041; x_wconf 87' lang='lat' dir='ltr'><strong>contra</strong></span> <span class='ocrx_word' id='word_1_183' title='bbox 3309 1989 3438 2057; x_wconf 75' lang='lat' dir='ltr'><strong>legis</strong></span> 
     </span>
    </p>
   </div>
   <div class='ocr_carea' id='block_1_28' title="bbox 1866 2072 3439 2143">
    <p class='ocr_par' dir='ltr' id='par_1_28' title="bbox 1866 2072 3439 2143">
     <span class='ocr_line' id='line_1_28' title="bbox 1866 2072 3439 2143; baseline 0.008 -19"><span class='ocrx_word' id='word_1_184' title='bbox 1866 2072 2108 2126; x_wconf 89' lang='lat' dir='ltr'><strong>ordinem</strong></span> <span class='ocrx_word' id='word_1_185' title='bbox 2141 2087 2168 2123; x_wconf 90' lang='lat' dir='ltr'><strong>a</strong></span> <span class='ocrx_word' id='word_1_186' title='bbox 2206 2074 2458 2127; x_wconf 83' lang='lat' dir='ltr'><strong>Itomanis</strong></span> <span class='ocrx_word' id='word_1_187' title='bbox 2487 2075 2826 2143; x_wconf 85' lang='lat' dir='ltr'><strong>requirebant</strong></span> <span class='ocrx_word' id='word_1_188' title='bbox 2858 2078 3063 2142; x_wconf 83' lang='lat' dir='ltr'><strong>facere,</strong></span> <span class='ocrx_word' id='word_1_189' title='bbox 3098 2079 3439 2136; x_wconf 76' lang='lat' dir='ltr'><strong>desisterent.</strong></span> 
     </span>
    </p>
   </div>
   <div class='ocr_carea' id='block_1_29' title="bbox 1837 2161 3440 2241">
    <p class='ocr_par' dir='ltr' id='par_1_29' title="bbox 1837 2161 3440 2241">
     <span class='ocr_line' id='line_1_29' title="bbox 1837 2161 3440 2241; baseline 0.004 -25"><span class='ocrx_word' id='word_1_190' title='bbox 1837 2161 2014 2241; x_wconf 43' lang='lat' dir='ltr'><strong>.Tunc</strong></span> <span class='ocrx_word' id='word_1_191' title='bbox 2045 2163 2298 2230; x_wconf 83' lang='lat' dir='ltr'><strong>Pippiuus</strong></span> <span class='ocrx_word' id='word_1_192' title='bbox 2328 2179 2417 2218; x_wconf 88' lang='lat' dir='ltr'><strong>rex</strong></span> <span class='ocrx_word' id='word_1_193' title='bbox 2465 2168 2682 2231; x_wconf 66' lang='lat' dir='ltr'><strong>prsefato</strong></span> <span class='ocrx_word' id='word_1_194' title='bbox 2709 2165 2978 2234; x_wconf 85' lang='lat' dir='ltr'><strong>Stephano</strong></span> <span class='ocrx_word' id='word_1_195' title='bbox 3005 2183 3138 2238; x_wconf 83' lang='lat' dir='ltr'><strong>papa</strong></span> <span class='ocrx_word' id='word_1_196' title='bbox 3176 2170 3313 2236; x_wconf 86' lang='lat' dir='ltr'><strong>apud</strong></span> <span class='ocrx_word' id='word_1_197' title='bbox 3345 2170 3440 2224; x_wconf 85' lang='lat' dir='ltr'><strong>Pa-</strong></span> 
     </span>
    </p>
   </div>
   <div class='ocr_carea' id='block_1_30' title="bbox 1865 2255 3440 2328">
    <p class='ocr_par' dir='ltr' id='par_1_30' title="bbox 1865 2255 3440 2328">
     <span class='ocr_line' id='line_1_30' title="bbox 1865 2255 3440 2328; baseline 0.005 -22"><span class='ocrx_word' id='word_1_198' title='bbox 1865 2258 2025 2308; x_wconf 87' lang='lat' dir='ltr'><strong>rlsius</strong></span> <span class='ocrx_word' id='word_1_199' title='bbox 2054 2255 2324 2309; x_wconf 85' lang='lat' dir='ltr'><strong>civitatem</strong></span> <span class='ocrx_word' id='word_1_200' title='bbox 2355 2259 2404 2310; x_wconf 86' lang='lat' dir='ltr'><strong>in</strong></span> <span class='ocrx_word' id='word_1_201' title='bbox 2439 2259 2766 2312; x_wconf 84' lang='lat' dir='ltr'><strong>monasterio</strong></span> <span class='ocrx_word' id='word_1_202' title='bbox 2813 2261 2984 2312; x_wconf 86' lang='lat' dir='ltr'><strong>sancti</strong></span> <span class='ocrx_word' id='word_1_203' title='bbox 3029 2261 3259 2328; x_wconf 88' lang='lat' dir='ltr'><strong>Dionysii</strong></span> <span class='ocrx_word' id='word_1_204' title='bbox 3301 2277 3440 2314; x_wconf 72' lang='lat' dir='ltr'><strong>mar-</strong></span> 
     </span>
    </p>
   </div>
   <div class='ocr_carea' id='block_1_31' title="bbox 1866 2344 3444 2418">
    <p class='ocr_par' dir='ltr' id='par_1_31' title="bbox 1866 2344 3444 2418">
     <span class='ocr_line' id='line_1_31' title="bbox 1866 2344 3444 2418; baseline 0.006 -21"><span class='ocrx_word' id='word_1_205' title='bbox 1866 2347 1996 2414; x_wconf 79' lang='lat' dir='ltr'><strong>tyris</strong></span> <span class='ocrx_word' id='word_1_206' title='bbox 2028 2344 2074 2409; x_wconf 74' lang='grc' dir='ltr'><strong>ί,</strong></span> <span class='ocrx_word' id='word_1_207' title='bbox 2099 2361 2218 2399; x_wconf 91' lang='lat' dir='ltr'><strong>cum</strong></span> <span class='ocrx_word' id='word_1_208' title='bbox 2246 2346 2443 2415; x_wconf 82' lang='lat' dir='ltr'><strong>ingenti</strong></span> <span class='ocrx_word' id='word_1_209' title='bbox 2467 2361 2591 2400; x_wconf 88' lang='lat' dir='ltr'><strong>cura</strong></span> <span class='ocrx_word' id='word_1_210' title='bbox 2621 2360 2675 2402; x_wconf 92' lang='lat' dir='ltr'><strong>et</strong></span> <span class='ocrx_word' id='word_1_211' title='bbox 2704 2349 2866 2401; x_wconf 90' lang='lat' dir='ltr'><strong>multa</strong></span> <span class='ocrx_word' id='word_1_212' title='bbox 2887 2349 3181 2418; x_wconf 76' lang='lat' dir='ltr'><strong>diligentia,</strong></span> <span class='ocrx_word' id='word_1_213' title='bbox 3207 2351 3444 2407; x_wconf 88' lang='lat' dir='ltr'><strong>hiemare</strong></span> 
     </span>
    </p>
   </div>
   <div class='ocr_carea' id='block_1_32' title="bbox 1867 2438 3441 2513">
    <p class='ocr_par' dir='ltr' id='par_1_32' title="bbox 1867 2438 3441 2513">
     <span class='ocr_line' id='line_1_32' title="bbox 1867 2438 3441 2513; baseline 0.002 -22"><span class='ocrx_word' id='word_1_214' title='bbox 1867 2439 2144 2507; x_wconf 79' lang='lat' dir='ltr'><strong>praecepit.</strong></span> <span class='ocrx_word' id='word_1_215' title='bbox 2191 2438 2534 2509; x_wconf 86' lang='lat' dir='ltr'><strong>Legationem</strong></span> <span class='ocrx_word' id='word_1_216' title='bbox 2575 2439 2640 2494; x_wconf 90' lang='lat' dir='ltr'><strong>ad</strong></span> <span class='ocrx_word' id='word_1_217' title='bbox 2690 2441 2973 2495; x_wconf 88' lang='lat' dir='ltr'><strong>Aistnlfnm</strong></span> <span class='ocrx_word' id='word_1_218' title='bbox 3012 2458 3189 2513; x_wconf 80' lang='lat' dir='ltr'><strong>regem</strong></span> <span class='ocrx_word' id='word_1_219' title='bbox 3238 2446 3441 2513; x_wconf 84' lang='lat' dir='ltr'><strong>Lango-</strong></span> 
     </span>
    </p>
   </div>
   <div class='ocr_carea' id='block_1_33' title="bbox 1867 2528 3439 2602">
    <p class='ocr_par' dir='ltr' id='par_1_33' title="bbox 1867 2528 3439 2602">
     <span class='ocr_line' id='line_1_33' title="bbox 1867 2528 3439 2602; baseline 0.006 -22"><span class='ocrx_word' id='word_1_220' title='bbox 1867 2528 2150 2582; x_wconf 81' lang='lat' dir='ltr'><strong>bardorum</strong></span> <span class='ocrx_word' id='word_1_221' title='bbox 2199 2536 2454 2595; x_wconf 79' lang='lat' dir='ltr'><strong>mittens,</strong></span> <span class='ocrx_word' id='word_1_222' title='bbox 2511 2542 2698 2600; x_wconf 80' lang='lat' dir='ltr'><strong>petens</strong></span> <span class='ocrx_word' id='word_1_223' title='bbox 2730 2543 2786 2587; x_wconf 89' lang='lat' dir='ltr'><strong>ut</strong></span> <span class='ocrx_word' id='word_1_224' title='bbox 2827 2545 3040 2602; x_wconf 89' lang='lat' dir='ltr'><strong>propter</strong></span> <span class='ocrx_word' id='word_1_225' title='bbox 3088 2539 3439 2591; x_wconf 84' lang='lat' dir='ltr'><strong>reverentiam</strong></span> 
     </span>
    </p>
   </div>
   <div class='ocr_carea' id='block_1_34' title="bbox 178 2620 3444 2694">
    <p class='ocr_par' dir='ltr' id='par_1_34' title="bbox 178 2620 3444 2694">
     <span class='ocr_line' id='line_1_34' title="bbox 178 2620 3444 2694; baseline 0.001 -15"><span class='ocrx_word' id='word_1_226' title='bbox 178 2640 298 2679; x_wconf 85' lang='lat' dir='ltr'><strong>cum</strong></span> <span class='ocrx_word' id='word_1_227' title='bbox 330 2638 522 2693; x_wconf 80' lang='lat' dir='ltr'><strong>magno</strong></span> <span class='ocrx_word' id='word_1_228' title='bbox 551 2623 819 2692; x_wconf 91' lang='lat' dir='ltr'><strong>triumpho</strong></span> <span class='ocrx_word' id='word_1_229' title='bbox 842 2623 1033 2674; x_wconf 88' lang='lat' dir='ltr'><strong>iterum</strong></span> <span class='ocrx_word' id='word_1_230' title='bbox 1057 2620 1120 2673; x_wconf 91' lang='lat' dir='ltr'><strong>ad</strong></span> <span class='ocrx_word' id='word_1_231' title='bbox 1150 2621 1389 2674; x_wconf 75' lang='lat' dir='ltr'><strong>Rhenum</strong></span> <span class='ocrx_word' id='word_1_232' title='bbox 1413 2620 1478 2673; x_wconf 91' lang='lat' dir='ltr'><strong>ad</strong></span> <span class='ocrx_word' id='word_1_233' title='bbox 1503 2631 1757 2686; x_wconf 63' lang='lat' dir='ltr'><strong>cedrum,</strong></span> <span class='ocrx_word' id='word_1_234' title='bbox 1795 2623 1840 2682; x_wconf 86' lang='lat' dir='ltr'><strong>B</strong></span> <span class='ocrx_word' id='word_1_235' title='bbox 1866 2620 2296 2676; x_wconf 88' lang='lat' dir='ltr'><strong>beatissimorum</strong></span> <span class='ocrx_word' id='word_1_236' title='bbox 2324 2624 2684 2691; x_wconf 85' lang='lat' dir='ltr'><strong>apostolorum</strong></span> <span class='ocrx_word' id='word_1_237' title='bbox 2715 2625 2852 2678; x_wconf 87' lang='lat' dir='ltr'><strong>Petri</strong></span> <span class='ocrx_word' id='word_1_238' title='bbox 2883 2639 2934 2680; x_wconf 88' lang='lat' dir='ltr'><strong>et</strong></span> <span class='ocrx_word' id='word_1_239' title='bbox 2959 2625 3104 2680; x_wconf 84' lang='lat' dir='ltr'><strong>Pauli</strong></span> <span class='ocrx_word' id='word_1_240' title='bbox 3128 2627 3178 2680; x_wconf 90' lang='lat' dir='ltr'><strong>in</strong></span> <span class='ocrx_word' id='word_1_241' title='bbox 3206 2629 3444 2694; x_wconf 88' lang='lat' dir='ltr'><strong>partibus</strong></span> 
     </span>
    </p>
   </div>
   <div class='ocr_carea' id='block_1_35' title="bbox 179 2711 1760 2782">
    <p class='ocr_par' dir='ltr' id='par_1_35' title="bbox 179 2711 1760 2782">
     <span class='ocr_line' id='line_1_35' title="bbox 179 2711 1760 2782; baseline -0.003 -13"><span class='ocrx_word' id='word_1_242' title='bbox 179 2716 329 2782; x_wconf 89' lang='lat' dir='ltr'><strong>cujus</strong></span> <span class='ocrx_word' id='word_1_243' title='bbox 355 2727 436 2769; x_wconf 79' lang='lat' dir='ltr'><strong>eSt</strong></span> <span class='ocrx_word' id='word_1_244' title='bbox 465 2730 657 2767; x_wconf 87' lang='lat' dir='ltr'><strong>nomen</strong></span> <span class='ocrx_word' id='word_1_245' title='bbox 695 2714 872 2766; x_wconf 78' lang='lat' dir='ltr'><strong>Bonna</strong></span> <span class='ocrx_word' id='word_1_246' title='bbox 898 2711 949 2778; x_wconf 75' lang='grc' dir='ltr'><strong>ι),</strong></span> <span class='ocrx_word' id='word_1_247' title='bbox 983 2713 1223 2766; x_wconf 86' lang='lat' dir='ltr'><strong>veniens.</strong></span> <span class='ocrx_word' id='word_1_248' title='bbox 1255 2713 1384 2766; x_wconf 92' lang='lat' dir='ltr'><strong>Dum</strong></span> <span class='ocrx_word' id='word_1_249' title='bbox 1421 2713 1534 2766; x_wconf 60' lang='lat' dir='ltr'><strong>hac</strong></span> <span class='ocrx_word' id='word_1_250' title='bbox 1556 2722 1760 2781; x_wconf 77' lang='lat' dir='ltr'><strong>ageret,</strong></span> 
     </span>
    </p>
   </div>
   <div class='ocr_carea' id='block_1_36' title="bbox 181 2802 1766 2872">
    <p class='ocr_par' dir='ltr' id='par_1_36' title="bbox 181 2802 1766 2872">
     <span class='ocr_line' id='line_1_36' title="bbox 181 2802 1766 2872; baseline 0.001 -14"><span class='ocrx_word' id='word_1_251' title='bbox 181 2806 394 2858; x_wconf 90' lang='lat' dir='ltr'><strong>nuntius</strong></span> <span class='ocrx_word' id='word_1_252' title='bbox 422 2806 641 2857; x_wconf 82' lang='lat' dir='ltr'><strong>veniens</strong></span> <span class='ocrx_word' id='word_1_253' title='bbox 672 2803 737 2855; x_wconf 89' lang='lat' dir='ltr'><strong>ad</strong></span> <span class='ocrx_word' id='word_1_254' title='bbox 765 2802 1039 2872; x_wconf 79' lang='lat' dir='ltr'><strong>pr.nfatum</strong></span> <span class='ocrx_word' id='word_1_255' title='bbox 1069 2816 1248 2870; x_wconf 83' lang='lat' dir='ltr'><strong>regem</strong></span> <span class='ocrx_word' id='word_1_256' title='bbox 1275 2816 1340 2857; x_wconf 89' lang='lat' dir='ltr'><strong>ex</strong></span> <span class='ocrx_word' id='word_1_257' title='bbox 1374 2803 1613 2871; x_wconf 84' lang='lat' dir='ltr'><strong>partibus</strong></span> <span class='ocrx_word' id='word_1_258' title='bbox 1640 2804 1766 2860; x_wconf 81' lang='lat' dir='ltr'><strong>Bur-</strong></span> 
     </span>
    </p>
   </div>
   <div class='ocr_carea' id='block_1_37' title="bbox 179 2893 1758 2963">
    <p class='ocr_par' dir='ltr' id='par_1_37' title="bbox 179 2893 1758 2963">
     <span class='ocr_line' id='line_1_37' title="bbox 179 2893 1758 2963; baseline 0.002 -17"><span class='ocrx_word' id='word_1_259' title='bbox 179 2895 409 2963; x_wconf 69' lang='lat' dir='ltr'><strong>gundiaa,</strong></span> <span class='ocrx_word' id='word_1_260' title='bbox 439 2893 579 2962; x_wconf 85' lang='lat' dir='ltr'><strong>quod</strong></span> <span class='ocrx_word' id='word_1_261' title='bbox 610 2908 895 2961; x_wconf 85' lang='lat' dir='ltr'><strong>germanus</strong></span> <span class='ocrx_word' id='word_1_262' title='bbox 927 2893 1094 2958; x_wconf 82' lang='lat' dir='ltr'><strong>ipsius</strong></span> <span class='ocrx_word' id='word_1_263' title='bbox 1137 2893 1310 2962; x_wconf 83' lang='lat' dir='ltr'><strong>regis,</strong></span> <span class='ocrx_word' id='word_1_264' title='bbox 1343 2895 1560 2948; x_wconf 89' lang='lat' dir='ltr'><strong>nomine</strong></span> <span class='ocrx_word' id='word_1_265' title='bbox 1589 2895 1758 2962; x_wconf 88' lang='lat' dir='ltr'><strong>Grifo,</strong></span> 
     </span>
    </p>
   </div>
   <div class='ocr_carea' id='block_1_38' title="bbox 176 2981 1759 3054">
    <p class='ocr_par' dir='ltr' id='par_1_38' title="bbox 176 2981 1759 3054">
     <span class='ocr_line' id='line_1_38' title="bbox 176 2981 1759 3054; baseline 0.002 -18"><span class='ocrx_word' id='word_1_266' title='bbox 176 2986 262 3050; x_wconf 83' lang='lat' dir='ltr'><strong>qui</strong></span> <span class='ocrx_word' id='word_1_267' title='bbox 295 2984 496 3035; x_wconf 88' lang='lat' dir='ltr'><strong>dudum</strong></span> <span class='ocrx_word' id='word_1_268' title='bbox 522 2985 572 3036; x_wconf 93' lang='lat' dir='ltr'><strong>in</strong></span> <span class='ocrx_word' id='word_1_269' title='bbox 604 2983 945 3036; x_wconf 87' lang='lat' dir='ltr'><strong>Wascouiam</strong></span> <span class='ocrx_word' id='word_1_270' title='bbox 983 2993 1003 3020; x_wconf 74' lang='grc' dir='ltr'><strong>ε</strong></span> <span class='ocrx_word' id='word_1_271' title='bbox 1033 2984 1098 3035; x_wconf 87' lang='lat' dir='ltr'><strong>ad</strong></span> <span class='ocrx_word' id='word_1_272' title='bbox 1123 2981 1434 3037; x_wconf 87' lang='lat' dir='ltr'><strong>Waifarium</strong></span> <span class='ocrx_word' id='word_1_273' title='bbox 1469 2985 1759 3054; x_wconf 87' lang='lat' dir='ltr'><strong>principem</strong></span> 
     </span>
    </p>
   </div>
   <div class='ocr_carea' id='block_1_39' title="bbox 178 3071 1752 3144">
    <p class='ocr_par' dir='ltr' id='par_1_39' title="bbox 178 3071 1752 3144">
     <span class='ocr_line' id='line_1_39' title="bbox 178 3071 1752 3144; baseline 0.001 -18"><span class='ocrx_word' id='word_1_274' title='bbox 178 3073 343 3143; x_wconf 74' lang='lat'><strong>688</strong></span> <span class='ocrx_word' id='word_1_275' title='bbox 371 3072 675 3142; x_wconf 85' lang='lat' dir='ltr'><strong>confugium</strong></span> <span class='ocrx_word' id='word_1_276' title='bbox 735 3071 969 3137; x_wconf 83' lang='lat' dir='ltr'><strong>fecerat,</strong></span> <span class='ocrx_word' id='word_1_277' title='bbox 1019 3086 1047 3124; x_wconf 92' lang='lat' dir='ltr'><strong>a</strong></span> <span class='ocrx_word' id='word_1_278' title='bbox 1076 3071 1369 3126; x_wconf 87' lang='lat' dir='ltr'><strong>Theodone</strong></span> <span class='ocrx_word' id='word_1_279' title='bbox 1414 3072 1528 3144; x_wconf 78' lang='lat' dir='ltr'><strong>[AL</strong></span> <span class='ocrx_word' id='word_1_280' title='bbox 1576 3074 1752 3129; x_wconf 86' lang='lat' dir='ltr'><strong>Then-</strong></span> 
     </span>
    </p>
   </div>
   <div class='ocr_carea' id='block_1_40' title="bbox 179 3161 1757 3235">
    <p class='ocr_par' dir='ltr' id='par_1_40' title="bbox 179 3161 1757 3235">
     <span class='ocr_line' id='line_1_40' title="bbox 179 3161 1757 3235; baseline -0.001 -17"><span class='ocrx_word' id='word_1_281' title='bbox 179 3161 376 3233; x_wconf 85' lang='lat' dir='ltr'><strong>doeno]</strong></span> <span class='ocrx_word' id='word_1_282' title='bbox 403 3162 599 3218; x_wconf 89' lang='lat' dir='ltr'><strong>comite</strong></span> <span class='ocrx_word' id='word_1_283' title='bbox 627 3162 947 3226; x_wconf 80' lang='lat' dir='ltr'><strong>Viennense,</strong></span> <span class='ocrx_word' id='word_1_284' title='bbox 979 3176 1074 3217; x_wconf 90' lang='lat' dir='ltr'><strong>seu</strong></span> <span class='ocrx_word' id='word_1_285' title='bbox 1125 3173 1179 3216; x_wconf 89' lang='lat' dir='ltr'><strong>et</strong></span> <span class='ocrx_word' id='word_1_286' title='bbox 1209 3161 1495 3217; x_wconf 85' lang='lat' dir='ltr'><strong>Fredorico</strong></span> <span class='ocrx_word' id='word_1_287' title='bbox 1525 3163 1757 3235; x_wconf 81' lang='lat' dir='ltr'><strong>Ultraju-</strong></span> 
     </span>
    </p>
   </div>
   <div class='ocr_carea' id='block_1_41' title="bbox 179 3252 1762 3322">
    <p class='ocr_par' dir='ltr' id='par_1_41' title="bbox 179 3252 1762 3322">
     <span class='ocr_line' id='line_1_41' title="bbox 179 3252 1762 3322; baseline 0.003 -14"><span class='ocrx_word' id='word_1_288' title='bbox 179 3270 310 3308; x_wconf 74' lang='lat' dir='ltr'><strong>uno</strong></span> <span class='ocrx_word' id='word_1_289' title='bbox 357 3253 588 3320; x_wconf 88' lang='lat' dir='ltr'><strong>comite,</strong></span> <span class='ocrx_word' id='word_1_290' title='bbox 617 3253 741 3306; x_wconf 88' lang='lat' dir='ltr'><strong>dum</strong></span> <span class='ocrx_word' id='word_1_291' title='bbox 777 3262 953 3321; x_wconf 88' lang='lat' dir='ltr'><strong>partes</strong></span> <span class='ocrx_word' id='word_1_292' title='bbox 1001 3252 1383 3322; x_wconf 74' lang='lat' dir='ltr'><strong>Langobardire</strong></span> <span class='ocrx_word' id='word_1_293' title='bbox 1415 3266 1656 3322; x_wconf 90' lang='lat' dir='ltr'><strong>peteret,</strong></span> <span class='ocrx_word' id='word_1_294' title='bbox 1706 3267 1762 3313; x_wconf 89' lang='lat' dir='ltr'><strong>et</strong></span> 
     </span>
    </p>
   </div>
   <div class='ocr_carea' id='block_1_42' title="bbox 182 3344 1757 3419">
    <p class='ocr_par' dir='ltr' id='par_1_42' title="bbox 182 3344 1757 3419">
     <span class='ocr_line' id='line_1_42' title="bbox 182 3344 1757 3419; baseline 0.002 -20"><span class='ocrx_word' id='word_1_295' title='bbox 182 3347 402 3399; x_wconf 87' lang='lat' dir='ltr'><strong>insidias</strong></span> <span class='ocrx_word' id='word_1_296' title='bbox 451 3356 636 3399; x_wconf 88' lang='lat' dir='ltr'><strong>contra</strong></span> <span class='ocrx_word' id='word_1_297' title='bbox 687 3346 857 3414; x_wconf 87' lang='lat' dir='ltr'><strong>ipsum</strong></span> <span class='ocrx_word' id='word_1_298' title='bbox 903 3344 1218 3414; x_wconf 65' lang='lat' dir='ltr'><strong>praedictum</strong></span> <span class='ocrx_word' id='word_1_299' title='bbox 1275 3362 1454 3416; x_wconf 85' lang='lat' dir='ltr'><strong>regem</strong></span> <span class='ocrx_word' id='word_1_300' title='bbox 1505 3359 1757 3419; x_wconf 85' lang='lat' dir='ltr'><strong>pararet,</strong></span> 
     </span>
    </p>
   </div>
   <div class='ocr_carea' id='block_1_43' title="bbox 179 3437 1758 3506">
    <p class='ocr_par' dir='ltr' id='par_1_43' title="bbox 179 3437 1758 3506">
     <span class='ocr_line' id='line_1_43' title="bbox 179 3437 1758 3506; baseline 0.004 -15"><span class='ocrx_word' id='word_1_301' title='bbox 179 3438 314 3505; x_wconf 84' lang='lat' dir='ltr'><strong>apud</strong></span> <span class='ocrx_word' id='word_1_302' title='bbox 349 3438 708 3490; x_wconf 80' lang='lat' dir='ltr'><strong>Maiiriennam</strong></span> <span class='ocrx_word' id='word_1_303' title='bbox 731 3438 916 3492; x_wconf 91' lang='lat' dir='ltr'><strong>urbem</strong></span> <span class='ocrx_word' id='word_1_304' title='bbox 941 3450 1100 3506; x_wconf 90' lang='lat' dir='ltr'><strong>super</strong></span> <span class='ocrx_word' id='word_1_305' title='bbox 1126 3438 1345 3491; x_wconf 83' lang='lat' dir='ltr'><strong>fluvium</strong></span> <span class='ocrx_word' id='word_1_306' title='bbox 1377 3438 1600 3496; x_wconf 84' lang='lat' dir='ltr'><strong>Arboris</strong></span> <span class='ocrx_word' id='word_1_307' title='bbox 1623 3437 1650 3477; x_wconf 68' lang='grc' dir='ltr'>ἀ</span> <span class='ocrx_word' id='word_1_308' title='bbox 1678 3442 1758 3496; x_wconf 80' lang='lat' dir='ltr'><strong>in-</strong></span> 
     </span>
    </p>
   </div>
   <div class='ocr_carea' id='block_1_44' title="bbox 179 3528 1759 3598">
    <p class='ocr_par' dir='ltr' id='par_1_44' title="bbox 179 3528 1759 3598">
     <span class='ocr_line' id='line_1_44' title="bbox 179 3528 1759 3598; baseline 0.005 -16"><span class='ocrx_word' id='word_1_309' title='bbox 179 3530 440 3584; x_wconf 68' lang='lat' dir='ltr'><strong>terret-tus</strong></span> <span class='ocrx_word' id='word_1_310' title='bbox 465 3538 564 3582; x_wconf 89' lang='lat' dir='ltr'><strong>est.</strong></span> <span class='ocrx_word' id='word_1_311' title='bbox 609 3528 738 3582; x_wconf 83' lang='lat' dir='ltr'><strong>Nam</strong></span> <span class='ocrx_word' id='word_1_312' title='bbox 768 3539 821 3582; x_wconf 90' lang='lat' dir='ltr'><strong>et</strong></span> <span class='ocrx_word' id='word_1_313' title='bbox 854 3529 950 3595; x_wconf 88' lang='lat' dir='ltr'><strong>ipsi</strong></span> <span class='ocrx_word' id='word_1_314' title='bbox 977 3529 1325 3598; x_wconf 89' lang='lat' dir='ltr'><strong>superscripii</strong></span> <span class='ocrx_word' id='word_1_315' title='bbox 1359 3533 1583 3588; x_wconf 88' lang='lat' dir='ltr'><strong>comites</strong></span> <span class='ocrx_word' id='word_1_316' title='bbox 1610 3533 1662 3589; x_wconf 94' lang='lat' dir='ltr'><strong>in</strong></span> <span class='ocrx_word' id='word_1_317' title='bbox 1692 3549 1759 3590; x_wconf 91' lang='lat' dir='ltr'><strong>eo</strong></span> 
     </span>
    </p>
   </div>
   <div class='ocr_carea' id='block_1_45' title="bbox 179 3619 1046 3689">
    <p class='ocr_par' dir='ltr' id='par_1_45' title="bbox 179 3619 1046 3689">
     <span class='ocr_line' id='line_1_45' title="bbox 179 3619 1046 3689; baseline 0.001 -17"><span class='ocrx_word' id='word_1_318' title='bbox 179 3622 364 3689; x_wconf 67' lang='lat' dir='ltr'><strong>prmlio</strong></span> <span class='ocrx_word' id='word_1_319' title='bbox 391 3620 586 3684; x_wconf 59' lang='lat' dir='ltr'><strong>pariter</strong></span> <span class='ocrx_word' id='word_1_320' title='bbox 614 3619 878 3673; x_wconf 78' lang='lat' dir='ltr'><strong>interfecti</strong></span> <span class='ocrx_word' id='word_1_321' title='bbox 905 3628 1046 3673; x_wconf 91' lang='lat' dir='ltr'><strong>sunt.</strong></span> 
     </span>
    </p>
   </div>
   <div class='ocr_carea' id='block_1_46' title="bbox 247 3711 1757 3782">
    <p class='ocr_par' dir='ltr' id='par_1_46' title="bbox 247 3711 1757 3782">
     <span class='ocr_line' id='line_1_46' title="bbox 247 3711 1757 3782; baseline 0.005 -18"><span class='ocrx_word' id='word_1_322' title='bbox 247 3711 436 3766; x_wconf 79' lang='lat' dir='ltr'><strong>CXIX.</strong></span> <span class='ocrx_word' id='word_1_323' title='bbox 483 3711 580 3765; x_wconf 81' lang='lat' dir='ltr'><strong>Per</strong></span> <span class='ocrx_word' id='word_1_324' title='bbox 610 3712 948 3765; x_wconf 84' lang='lat' dir='ltr'><strong>Arduennam</strong></span> <span class='ocrx_word' id='word_1_325' title='bbox 983 3712 1174 3766; x_wconf 87' lang='lat' dir='ltr'><strong>silvam</strong></span> <span class='ocrx_word' id='word_1_326' title='bbox 1204 3727 1322 3767; x_wconf 90' lang='lat' dir='ltr'><strong>cum</strong></span> <span class='ocrx_word' id='word_1_327' title='bbox 1369 3713 1482 3782; x_wconf 90' lang='lat' dir='ltr'><strong>ipse</strong></span> <span class='ocrx_word' id='word_1_328' title='bbox 1525 3727 1616 3769; x_wconf 89' lang='lat' dir='ltr'><strong>rex</strong></span> <span class='ocrx_word' id='word_1_329' title='bbox 1665 3732 1757 3772; x_wconf 88' lang='lat' dir='ltr'><strong>ve-</strong></span> 
     </span>
    </p>
   </div>
   <div class='ocr_carea' id='block_1_47' title="bbox 179 3802 1758 3871">
    <p class='ocr_par' dir='ltr' id='par_1_47' title="bbox 179 3802 1758 3871">
     <span class='ocr_line' id='line_1_47' title="bbox 179 3802 1758 3871; baseline 0.001 -13"><span class='ocrx_word' id='word_1_330' title='bbox 179 3804 353 3869; x_wconf 88' lang='lat' dir='ltr'><strong>niens,</strong></span> <span class='ocrx_word' id='word_1_331' title='bbox 383 3812 437 3857; x_wconf 90' lang='lat' dir='ltr'><strong>et</strong></span> <span class='ocrx_word' id='word_1_332' title='bbox 462 3802 754 3856; x_wconf 83' lang='lat' dir='ltr'><strong>Theudone</strong></span> <span class='ocrx_word' id='word_1_333' title='bbox 785 3803 906 3856; x_wconf 84' lang='lat' dir='ltr'><strong>villa</strong></span> <span class='ocrx_word' id='word_1_334' title='bbox 938 3811 962 3839; x_wconf 84' lang='lat'><strong><em>°</em></strong></span> <span class='ocrx_word' id='word_1_335' title='bbox 988 3802 1196 3870; x_wconf 89' lang='lat' dir='ltr'><strong>publica</strong></span> <span class='ocrx_word' id='word_1_336' title='bbox 1223 3818 1386 3871; x_wconf 77' lang='lat' dir='ltr'><strong>super</strong></span> <span class='ocrx_word' id='word_1_337' title='bbox 1429 3805 1642 3859; x_wconf 79' lang='lat' dir='ltr'><strong>Mosella</strong></span> <span class='ocrx_word' id='word_1_338' title='bbox 1675 3823 1758 3859; x_wconf 85' lang='lat' dir='ltr'><strong>re-</strong></span> 
     </span>
    </p>
   </div>
   <div class='ocr_carea' id='block_1_48' title="bbox 181 3893 1758 3963">
    <p class='ocr_par' dir='ltr' id='par_1_48' title="bbox 181 3893 1758 3963">
     <span class='ocr_line' id='line_1_48' title="bbox 181 3893 1758 3963; baseline 0.001 -13"><span class='ocrx_word' id='word_1_339' title='bbox 181 3897 446 3961; x_wconf 89' lang='lat' dir='ltr'><strong>sedisset,</strong></span> <span class='ocrx_word' id='word_1_340' title='bbox 499 3895 713 3948; x_wconf 90' lang='lat' dir='ltr'><strong>nuntius</strong></span> <span class='ocrx_word' id='word_1_341' title='bbox 743 3893 808 3947; x_wconf 91' lang='lat' dir='ltr'><strong>ad</strong></span> <span class='ocrx_word' id='word_1_342' title='bbox 838 3909 960 3948; x_wconf 89' lang='lat' dir='ltr'><strong>eum</strong></span> <span class='ocrx_word' id='word_1_343' title='bbox 992 3895 1214 3948; x_wconf 87' lang='lat' dir='ltr'><strong>veniens</strong></span> <span class='ocrx_word' id='word_1_344' title='bbox 1243 3893 1410 3956; x_wconf 85' lang='lat' dir='ltr'><strong>dixit,</strong></span> <span class='ocrx_word' id='word_1_345' title='bbox 1458 3897 1597 3963; x_wconf 91' lang='lat' dir='ltr'><strong>quod</strong></span> <span class='ocrx_word' id='word_1_346' title='bbox 1641 3899 1758 3951; x_wconf 79' lang='lat' dir='ltr'><strong>Ste-</strong></span> 
     </span>
    </p>
   </div>
   <div class='ocr_carea' id='block_1_49' title="bbox 1868 2711 3445 2784">
    <p class='ocr_par' dir='ltr' id='par_1_49' title="bbox 1868 2711 3445 2784">
     <span class='ocr_line' id='line_1_49' title="bbox 1868 2711 3445 2784; baseline 0.004 -20"><span class='ocrx_word' id='word_1_347' title='bbox 1868 2711 2051 2766; x_wconf 75' lang='lat' dir='ltr'><strong>lloma:</strong></span> <span class='ocrx_word' id='word_1_348' title='bbox 2081 2714 2343 2768; x_wconf 87' lang='lat' dir='ltr'><strong>hostiliter</strong></span> <span class='ocrx_word' id='word_1_349' title='bbox 2374 2729 2478 2768; x_wconf 91' lang='lat' dir='ltr'><strong>non</strong></span> <span class='ocrx_word' id='word_1_350' title='bbox 2505 2715 2824 2779; x_wconf 90' lang='lat' dir='ltr'><strong>ambularet,</strong></span> <span class='ocrx_word' id='word_1_351' title='bbox 2867 2725 2921 2770; x_wconf 89' lang='lat' dir='ltr'><strong>et</strong></span> <span class='ocrx_word' id='word_1_352' title='bbox 2956 2718 3354 2784; x_wconf 76' lang='lat' dir='ltr'><strong>superstitiosos</strong></span> <span class='ocrx_word' id='word_1_353' title='bbox 3383 2733 3445 2771; x_wconf 90' lang='lat' dir='ltr'><strong>ac</strong></span> 
     </span>
    </p>
   </div>
   <div class='ocr_carea' id='block_1_50' title="bbox 1866 2803 3440 2875">
    <p class='ocr_par' dir='ltr' id='par_1_50' title="bbox 1866 2803 3440 2875">
     <span class='ocr_line' id='line_1_50' title="bbox 1866 2803 3440 2875; baseline 0.003 -20"><span class='ocrx_word' id='word_1_354' title='bbox 1866 2803 2054 2873; x_wconf 81' lang='lat' dir='ltr'><strong>impias</strong></span> <span class='ocrx_word' id='word_1_355' title='bbox 2082 2805 2165 2858; x_wconf 93' lang='lat' dir='ltr'><strong>vel</strong></span> <span class='ocrx_word' id='word_1_356' title='bbox 2195 2815 2380 2858; x_wconf 90' lang='lat' dir='ltr'><strong>contra</strong></span> <span class='ocrx_word' id='word_1_357' title='bbox 2411 2805 2540 2874; x_wconf 88' lang='lat' dir='ltr'><strong>legis</strong></span> <span class='ocrx_word' id='word_1_358' title='bbox 2568 2805 2810 2860; x_wconf 88' lang='lat' dir='ltr'><strong>ordinem</strong></span> <span class='ocrx_word' id='word_1_359' title='bbox 2838 2821 3050 2872; x_wconf 90' lang='lat' dir='ltr'><strong>causas,</strong></span> <span class='ocrx_word' id='word_1_360' title='bbox 3096 2809 3235 2875; x_wconf 87' lang='lat' dir='ltr'><strong>quod</strong></span> <span class='ocrx_word' id='word_1_361' title='bbox 3285 2819 3440 2864; x_wconf 83' lang='lat' dir='ltr'><strong>antea</strong></span> 
     </span>
    </p>
   </div>
   <div class='ocr_carea' id='block_1_51' title="bbox 1865 2891 3439 2967">
    <p class='ocr_par' dir='ltr' id='par_1_51' title="bbox 1865 2891 3439 2967">
     <span class='ocr_line' id='line_1_51' title="bbox 1865 2891 3439 2967; baseline 0.006 -22"><span class='ocrx_word' id='word_1_362' title='bbox 1865 2891 2088 2946; x_wconf 72' lang='lat' dir='ltr'><strong>Romani</strong></span> <span class='ocrx_word' id='word_1_363' title='bbox 2123 2910 2391 2962; x_wconf 87' lang='lat' dir='ltr'><strong>nunquam</strong></span> <span class='ocrx_word' id='word_1_364' title='bbox 2422 2895 2692 2961; x_wconf 89' lang='lat' dir='ltr'><strong>fecerant,</strong></span> <span class='ocrx_word' id='word_1_365' title='bbox 2745 2908 2962 2966; x_wconf 86' lang='lat' dir='ltr'><strong>propter</strong></span> <span class='ocrx_word' id='word_1_366' title='bbox 2987 2897 3104 2966; x_wconf 89' lang='lat' dir='ltr'><strong>ejus</strong></span> <span class='ocrx_word' id='word_1_367' title='bbox 3131 2900 3439 2967; x_wconf 88' lang='lat' dir='ltr'><strong>petitionem</strong></span> 
     </span>
    </p>
   </div>
   <div class='ocr_carea' id='block_1_52' title="bbox 1863 2982 2453 3039">
    <p class='ocr_par' dir='ltr' id='par_1_52' title="bbox 1863 2982 2453 3039">
     <span class='ocr_line' id='line_1_52' title="bbox 1863 2982 2453 3039; baseline 0.005 -4"><span class='ocrx_word' id='word_1_368' title='bbox 1863 2982 2041 3038; x_wconf 79' lang='lat' dir='ltr'><strong>facere</strong></span> <span class='ocrx_word' id='word_1_369' title='bbox 2070 3001 2172 3037; x_wconf 92' lang='lat' dir='ltr'><strong>nou</strong></span> <span class='ocrx_word' id='word_1_370' title='bbox 2212 2985 2453 3039; x_wconf 88' lang='lat' dir='ltr'><strong>deberet.</strong></span> 
     </span>
    </p>
   </div>
   <div class='ocr_carea' id='block_1_53' title="bbox 1933 3074 3443 3151">
    <p class='ocr_par' dir='ltr' id='par_1_53' title="bbox 1933 3074 3443 3151">
     <span class='ocr_line' id='line_1_53' title="bbox 1933 3074 3443 3151; baseline 0.005 -22"><span class='ocrx_word' id='word_1_371' title='bbox 1933 3074 2098 3130; x_wconf 78' lang='lat' dir='ltr'><strong>CXX.</strong></span> <span class='ocrx_word' id='word_1_372' title='bbox 2139 3074 2378 3144; x_wconf 87' lang='lat' dir='ltr'><strong>Cumque</strong></span> <span class='ocrx_word' id='word_1_373' title='bbox 2409 3077 2692 3145; x_wconf 69' lang='lat' dir='ltr'><strong>prmdictus</strong></span> <span class='ocrx_word' id='word_1_374' title='bbox 2737 3095 2829 3132; x_wconf 84' lang='lat' dir='ltr'><strong>rex</strong></span> <span class='ocrx_word' id='word_1_375' title='bbox 2883 3079 3138 3148; x_wconf 86' lang='lat' dir='ltr'><strong>Pippiuus</strong></span> <span class='ocrx_word' id='word_1_376' title='bbox 3169 3082 3307 3151; x_wconf 91' lang='lat' dir='ltr'><strong>quod</strong></span> <span class='ocrx_word' id='word_1_377' title='bbox 3349 3095 3443 3151; x_wconf 86' lang='lat' dir='ltr'><strong>per</strong></span> 
     </span>
    </p>
   </div>
   <div class='ocr_carea' id='block_1_54' title="bbox 1862 3165 3443 3237">
    <p class='ocr_par' dir='ltr' id='par_1_54' title="bbox 1862 3165 3443 3237">
     <span class='ocr_line' id='line_1_54' title="bbox 1862 3165 3443 3237; baseline 0.003 -18"><span class='ocrx_word' id='word_1_378' title='bbox 1862 3165 2066 3234; x_wconf 88' lang='lat' dir='ltr'><strong>legatos</strong></span> <span class='ocrx_word' id='word_1_379' title='bbox 2113 3181 2238 3220; x_wconf 90' lang='lat' dir='ltr'><strong>suos</strong></span> <span class='ocrx_word' id='word_1_380' title='bbox 2268 3168 2492 3236; x_wconf 85' lang='lat' dir='ltr'><strong>petierat</strong></span> <span class='ocrx_word' id='word_1_381' title='bbox 2535 3183 2640 3222; x_wconf 91' lang='lat' dir='ltr'><strong>non</strong></span> <span class='ocrx_word' id='word_1_382' title='bbox 2673 3169 3045 3237; x_wconf 89' lang='lat' dir='ltr'><strong>impetrasset,</strong></span> <span class='ocrx_word' id='word_1_383' title='bbox 3094 3180 3148 3225; x_wconf 89' lang='lat' dir='ltr'><strong>et</strong></span> <span class='ocrx_word' id='word_1_384' title='bbox 3187 3172 3443 3225; x_wconf 73' lang='lat' dir='ltr'><strong>Aistulfus</strong></span> 
     </span>
    </p>
   </div>
   <div class='ocr_carea' id='block_1_55' title="bbox 1863 3255 3444 3329">
    <p class='ocr_par' dir='ltr' id='par_1_55' title="bbox 1863 3255 3444 3329">
     <span class='ocr_line' id='line_1_55' title="bbox 1863 3255 3444 3329; baseline 0.003 -19"><span class='ocrx_word' id='word_1_385' title='bbox 1863 3255 1963 3311; x_wconf 86' lang='lat' dir='ltr'><strong>hoc</strong></span> <span class='ocrx_word' id='word_1_386' title='bbox 2007 3257 2182 3311; x_wconf 80' lang='lat' dir='ltr'><strong>facere</strong></span> <span class='ocrx_word' id='word_1_387' title='bbox 2211 3256 2653 3325; x_wconf 89' lang='lat' dir='ltr'><strong>contempsisset,</strong></span> <span class='ocrx_word' id='word_1_388' title='bbox 2694 3259 2908 3312; x_wconf 89' lang='lat' dir='ltr'><strong>evoluto</strong></span> <span class='ocrx_word' id='word_1_389' title='bbox 2935 3274 3076 3314; x_wconf 88' lang='lat' dir='ltr'><strong>anno</strong></span> <span class='ocrx_word' id='word_1_390' title='bbox 3111 3260 3158 3325; x_wconf 86' lang='lat' dir='ltr'><strong>i,</strong></span> <span class='ocrx_word' id='word_1_391' title='bbox 3193 3261 3444 3329; x_wconf 66' lang='lat' dir='ltr'><strong>praefatus</strong></span> 
     </span>
    </p>
   </div>
   <div class='ocr_carea' id='block_1_56' title="bbox 1861 3345 3444 3413">
    <p class='ocr_par' dir='ltr' id='par_1_56' title="bbox 1861 3345 3444 3413">
     <span class='ocr_line' id='line_1_56' title="bbox 1861 3345 3444 3413; baseline 0.002 -13"><span class='ocrx_word' id='word_1_392' title='bbox 1861 3360 1954 3400; x_wconf 88' lang='lat' dir='ltr'><strong>rex</strong></span> <span class='ocrx_word' id='word_1_393' title='bbox 1987 3346 2051 3399; x_wconf 90' lang='lat' dir='ltr'><strong>ad</strong></span> <span class='ocrx_word' id='word_1_394' title='bbox 2081 3345 2346 3400; x_wconf 80' lang='lat' dir='ltr'><strong>Kalendas</strong></span> <span class='ocrx_word' id='word_1_395' title='bbox 2376 3346 2594 3401; x_wconf 80' lang='lat' dir='ltr'><strong>Marias</strong></span> <span class='ocrx_word' id='word_1_396' title='bbox 2622 3362 2812 3402; x_wconf 87' lang='lat' dir='ltr'><strong>omnes</strong></span> <span class='ocrx_word' id='word_1_397' title='bbox 2860 3347 3114 3413; x_wconf 83' lang='lat' dir='ltr'><strong>Francos,</strong></span> <span class='ocrx_word' id='word_1_398' title='bbox 3157 3352 3298 3405; x_wconf 87' lang='lat' dir='ltr'><strong>sicut</strong></span> <span class='ocrx_word' id='word_1_399' title='bbox 3326 3364 3444 3406; x_wconf 87' lang='lat' dir='ltr'><strong>mos</strong></span> 
     </span>
    </p>
   </div>
   <div class='ocr_carea' id='block_1_57' title="bbox 1861 3434 3445 3506">
    <p class='ocr_par' dir='ltr' id='par_1_57' title="bbox 1861 3434 3445 3506">
     <span class='ocr_line' id='line_1_57' title="bbox 1861 3434 3445 3506; baseline 0.005 -16"><span class='ocrx_word' id='word_1_400' title='bbox 1861 3434 2189 3491; x_wconf 69' lang='lat' dir='ltr'><strong>Francorum</strong></span> <span class='ocrx_word' id='word_1_401' title='bbox 2221 3447 2322 3497; x_wconf 90' lang='lat' dir='ltr'><strong>est.</strong></span> <span class='ocrx_word' id='word_1_402' title='bbox 2359 3437 2596 3492; x_wconf 86' lang='lat' dir='ltr'><strong>Bcrnaco</strong></span> <span class='ocrx_word' id='word_1_403' title='bbox 2622 3435 2644 3474; x_wconf 80' lang='grc'>¹¹</span> <span class='ocrx_word' id='word_1_404' title='bbox 2678 3437 2801 3492; x_wconf 86' lang='lat' dir='ltr'><strong>villa</strong></span> <span class='ocrx_word' id='word_1_405' title='bbox 2844 3438 3048 3506; x_wconf 86' lang='lat' dir='ltr'><strong>publica</strong></span> <span class='ocrx_word' id='word_1_406' title='bbox 3079 3443 3144 3494; x_wconf 92' lang='lat' dir='ltr'><strong>ad</strong></span> <span class='ocrx_word' id='word_1_407' title='bbox 3171 3457 3230 3497; x_wconf 91' lang='lat' dir='ltr'><strong>se</strong></span> <span class='ocrx_word' id='word_1_408' title='bbox 3258 3444 3445 3498; x_wconf 84' lang='lat' dir='ltr'><strong>venire</strong></span> 
     </span>
    </p>
   </div>
   <div class='ocr_carea' id='block_1_58' title="bbox 1861 3527 3442 3600">
    <p class='ocr_par' dir='ltr' id='par_1_58' title="bbox 1861 3527 3442 3600">
     <span class='ocr_line' id='line_1_58' title="bbox 1861 3527 3442 3600; baseline 0.004 -20"><span class='ocrx_word' id='word_1_409' title='bbox 1861 3530 2136 3597; x_wconf 74' lang='lat' dir='ltr'><strong>praecepit.</strong></span> <span class='ocrx_word' id='word_1_410' title='bbox 2167 3527 2408 3600; x_wconf 90' lang='lat' dir='ltr'><strong>lnitoque</strong></span> <span class='ocrx_word' id='word_1_411' title='bbox 2433 3529 2660 3584; x_wconf 90' lang='lat' dir='ltr'><strong>consilio</strong></span> <span class='ocrx_word' id='word_1_412' title='bbox 2689 3543 2810 3584; x_wconf 87' lang='lat' dir='ltr'><strong>cum</strong></span> <span class='ocrx_word' id='word_1_413' title='bbox 2852 3532 3160 3599; x_wconf 88' lang='lat' dir='ltr'><strong>proceribus</strong></span> <span class='ocrx_word' id='word_1_414' title='bbox 3189 3535 3300 3587; x_wconf 88' lang='lat' dir='ltr'><strong>suis</strong></span> <span class='ocrx_word' id='word_1_415' title='bbox 3319 3574 3333 3598; x_wconf 93' lang='lat'><strong>,</strong></span> <span class='ocrx_word' id='word_1_416' title='bbox 3373 3550 3442 3590; x_wconf 93' lang='lat' dir='ltr'><strong>eo</strong></span> 
     </span>
    </p>
   </div>
   <div class='ocr_carea' id='block_1_59' title="bbox 1864 3620 3440 3690">
    <p class='ocr_par' dir='ltr' id='par_1_59' title="bbox 1864 3620 3440 3690">
     <span class='ocr_line' id='line_1_59' title="bbox 1864 3620 3440 3690; baseline 0.003 -17"><span class='ocrx_word' id='word_1_417' title='bbox 1864 3633 2130 3687; x_wconf 86' lang='lat' dir='ltr'><strong>tempore,</strong></span> <span class='ocrx_word' id='word_1_418' title='bbox 2163 3636 2268 3690; x_wconf 88' lang='lat' dir='ltr'><strong>quo</strong></span> <span class='ocrx_word' id='word_1_419' title='bbox 2297 3621 2468 3674; x_wconf 83' lang='lat' dir='ltr'><strong>solent</strong></span> <span class='ocrx_word' id='word_1_420' title='bbox 2507 3635 2660 3684; x_wconf 75' lang='lat' dir='ltr'><strong>reges</strong></span> <span class='ocrx_word' id='word_1_421' title='bbox 2688 3620 2753 3674; x_wconf 92' lang='lat' dir='ltr'><strong>ad</strong></span> <span class='ocrx_word' id='word_1_422' title='bbox 2787 3621 2922 3675; x_wconf 91' lang='lat' dir='ltr'><strong>bella</strong></span> <span class='ocrx_word' id='word_1_423' title='bbox 2973 3623 3285 3690; x_wconf 90' lang='lat' dir='ltr'><strong>procedere,</strong></span> <span class='ocrx_word' id='word_1_424' title='bbox 3317 3640 3440 3678; x_wconf 83' lang='lat' dir='ltr'><strong>eum</strong></span> 
     </span>
    </p>
   </div>
   <div class='ocr_carea' id='block_1_60' title="bbox 1863 3709 3446 3782">
    <p class='ocr_par' dir='ltr' id='par_1_60' title="bbox 1863 3709 3446 3782">
     <span class='ocr_line' id='line_1_60' title="bbox 1863 3709 3446 3782; baseline 0.003 -18"><span class='ocrx_word' id='word_1_425' title='bbox 1863 3712 2141 3780; x_wconf 86' lang='lat' dir='ltr'><strong>Stephano</strong></span> <span class='ocrx_word' id='word_1_426' title='bbox 2200 3726 2330 3779; x_wconf 89' lang='lat' dir='ltr'><strong>papa</strong></span> <span class='ocrx_word' id='word_1_427' title='bbox 2370 3709 2414 3776; x_wconf 78' lang='grc' dir='ltr'><strong>ι,</strong></span> <span class='ocrx_word' id='word_1_428' title='bbox 2446 3722 2500 3765; x_wconf 91' lang='lat' dir='ltr'><strong>et</strong></span> <span class='ocrx_word' id='word_1_429' title='bbox 2543 3712 2758 3780; x_wconf 75' lang='lat' dir='ltr'><strong>reliqua:</strong></span> <span class='ocrx_word' id='word_1_430' title='bbox 2799 3715 3077 3779; x_wconf 86' lang='lat' dir='ltr'><strong>nationes,</strong></span> <span class='ocrx_word' id='word_1_431' title='bbox 3118 3729 3236 3782; x_wconf 70' lang='lat' dir='ltr'><strong>qua:</strong></span> <span class='ocrx_word' id='word_1_432' title='bbox 3264 3715 3315 3768; x_wconf 89' lang='lat' dir='ltr'><strong>in</strong></span> <span class='ocrx_word' id='word_1_433' title='bbox 3345 3728 3446 3769; x_wconf 86' lang='lat' dir='ltr'><strong>suo</strong></span> 
     </span>
    </p>
   </div>
   <div class='ocr_carea' id='block_1_61' title="bbox 1862 3803 3442 3874">
    <p class='ocr_par' dir='ltr' id='par_1_61' title="bbox 1862 3803 3442 3874">
     <span class='ocr_line' id='line_1_61' title="bbox 1862 3803 3442 3874; baseline 0.001 -17"><span class='ocrx_word' id='word_1_434' title='bbox 1862 3817 2028 3872; x_wconf 87' lang='lat' dir='ltr'><strong>regno</strong></span> <span class='ocrx_word' id='word_1_435' title='bbox 2084 3804 2596 3867; x_wconf 73' lang='lat' dir='ltr'><strong>commorabantur,</strong></span> <span class='ocrx_word' id='word_1_436' title='bbox 2645 3813 2699 3858; x_wconf 90' lang='lat' dir='ltr'><strong>et</strong></span> <span class='ocrx_word' id='word_1_437' title='bbox 2745 3803 3076 3858; x_wconf 84' lang='lat' dir='ltr'><strong>Francorum</strong></span> <span class='ocrx_word' id='word_1_438' title='bbox 3125 3805 3334 3874; x_wconf 81' lang='lat' dir='ltr'><strong>agmina</strong></span> <span class='ocrx_word' id='word_1_439' title='bbox 3373 3807 3442 3860; x_wconf 87' lang='lat' dir='ltr'><strong>ad</strong></span> 
     </span>
    </p>
   </div>
   <div class='ocr_carea' id='block_1_62' title="bbox 1867 3893 3444 3967">
    <p class='ocr_par' dir='ltr' id='par_1_62' title="bbox 1867 3893 3444 3967">
     <span class='ocr_line' id='line_1_62' title="bbox 1867 3893 3444 3967; baseline 0.003 -22"><span class='ocrx_word' id='word_1_440' title='bbox 1867 3904 2044 3962; x_wconf 78' lang='lat' dir='ltr'><strong>partes</strong></span> <span class='ocrx_word' id='word_1_441' title='bbox 2075 3893 2457 3962; x_wconf 75' lang='lat' dir='ltr'><strong>Langobardizc</strong></span> <span class='ocrx_word' id='word_1_442' title='bbox 2483 3909 2606 3948; x_wconf 88' lang='lat' dir='ltr'><strong>cum</strong></span> <span class='ocrx_word' id='word_1_443' title='bbox 2636 3896 2782 3949; x_wconf 93' lang='lat' dir='ltr'><strong>omni</strong></span> <span class='ocrx_word' id='word_1_444' title='bbox 2821 3896 3160 3951; x_wconf 84' lang='lat' dir='ltr'><strong>multitudine</strong></span> <span class='ocrx_word' id='word_1_445' title='bbox 3189 3913 3280 3963; x_wconf 84' lang='lat' dir='ltr'><strong>per</strong></span> <span class='ocrx_word' id='word_1_446' title='bbox 3305 3897 3444 3967; x_wconf 76' lang='lat' dir='ltr'><strong>Lng-</strong></span> 
     </span>
    </p>
   </div>
   <div class='ocr_carea' id='block_1_63' title="bbox 184 3981 3441 4058">
    <p class='ocr_par' dir='ltr' id='par_1_63' title="bbox 184 3981 3441 4058">
     <span class='ocr_line' id='line_1_63' title="bbox 184 3981 3441 4058; baseline 0.002 -20"><span class='ocrx_word' id='word_1_447' title='bbox 184 3988 388 4055; x_wconf 89' lang='lat' dir='ltr'><strong>phauus</strong></span> <span class='ocrx_word' id='word_1_448' title='bbox 415 3999 544 4053; x_wconf 87' lang='lat' dir='ltr'><strong>papa</strong></span> <span class='ocrx_word' id='word_1_449' title='bbox 572 3986 641 4039; x_wconf 91' lang='lat' dir='ltr'><strong>de</strong></span> <span class='ocrx_word' id='word_1_450' title='bbox 671 3985 907 4053; x_wconf 85' lang='lat' dir='ltr'><strong>partibus</strong></span> <span class='ocrx_word' id='word_1_451' title='bbox 931 3985 1114 4039; x_wconf 66' lang='lat' dir='ltr'><strong>Romae</strong></span> <span class='ocrx_word' id='word_1_452' title='bbox 1141 4000 1260 4040; x_wconf 89' lang='lat' dir='ltr'><strong>cum</strong></span> <span class='ocrx_word' id='word_1_453' title='bbox 1287 4001 1478 4054; x_wconf 89' lang='lat' dir='ltr'><strong>magno</strong></span> <span class='ocrx_word' id='word_1_454' title='bbox 1504 4000 1757 4056; x_wconf 84' lang='lat' dir='ltr'><strong>apparatu</strong></span> <span class='ocrx_word' id='word_1_455' title='bbox 1787 3981 1831 4042; x_wconf 90' lang='lat' dir='ltr'><strong>C</strong></span> <span class='ocrx_word' id='word_1_456' title='bbox 1863 3989 2063 4041; x_wconf 92' lang='lat' dir='ltr'><strong>dnuum</strong></span> <span class='ocrx_word' id='word_1_457' title='bbox 2118 3989 2304 4041; x_wconf 70' lang='lat' dir='ltr'><strong>Calliae</strong></span> <span class='ocrx_word' id='word_1_458' title='bbox 2333 3997 2388 4041; x_wconf 89' lang='lat' dir='ltr'><strong>et</strong></span> <span class='ocrx_word' id='word_1_459' title='bbox 2421 3988 2677 4042; x_wconf 82' lang='lat' dir='ltr'><strong>Viennam</strong></span> <span class='ocrx_word' id='word_1_460' title='bbox 2711 3999 2991 4058; x_wconf 76' lang='lat' dir='ltr'><strong>pergentes</strong></span> <span class='ocrx_word' id='word_1_461' title='bbox 3016 4031 3030 4053; x_wconf 96' lang='lat'><strong>,</strong></span> <span class='ocrx_word' id='word_1_462' title='bbox 3079 4004 3245 4057; x_wconf 88' lang='lat' dir='ltr'><strong>usque</strong></span> <span class='ocrx_word' id='word_1_463' title='bbox 3293 3993 3441 4046; x_wconf 78' lang='lat' dir='ltr'><strong>Mau-</strong></span> 
     </span>
    </p>
   </div>
   <div class='ocr_carea' id='block_1_64' title="bbox 180 4077 1752 4146">
    <p class='ocr_par' dir='ltr' id='par_1_64' title="bbox 180 4077 1752 4146">
     <span class='ocr_line' id='line_1_64' title="bbox 180 4077 1752 4146; baseline -0.001 -12"><span class='ocrx_word' id='word_1_464' title='bbox 180 4092 232 4134; x_wconf 90' lang='lat' dir='ltr'><strong>ct</strong></span> <span class='ocrx_word' id='word_1_465' title='bbox 264 4081 448 4132; x_wconf 87' lang='lat' dir='ltr'><strong>multis</strong></span> <span class='ocrx_word' id='word_1_466' title='bbox 479 4079 808 4142; x_wconf 88' lang='lat' dir='ltr'><strong>muneribus,</strong></span> <span class='ocrx_word' id='word_1_467' title='bbox 836 4079 945 4146; x_wconf 88' lang='lat' dir='ltr'><strong>jam</strong></span> <span class='ocrx_word' id='word_1_468' title='bbox 979 4087 1158 4132; x_wconf 89' lang='lat' dir='ltr'><strong>monte</strong></span> <span class='ocrx_word' id='word_1_469' title='bbox 1183 4079 1331 4133; x_wconf 84' lang='lat' dir='ltr'><strong>Jovis</strong></span> <span class='ocrx_word' id='word_1_470' title='bbox 1360 4077 1378 4116; x_wconf 78' lang='grc'><strong><em>¹</em></strong></span> <span class='ocrx_word' id='word_1_471' title='bbox 1410 4090 1752 4146; x_wconf 73' lang='lat' dir='ltr'><strong>transmeato,</strong></span> 
     </span>
    </p>
   </div>
   <div class='ocr_carea' id='block_1_65' title="bbox 178 4169 1755 4237">
    <p class='ocr_par' dir='ltr' id='par_1_65' title="bbox 178 4169 1755 4237">
     <span class='ocr_line' id='line_1_65' title="bbox 178 4169 1755 4237; baseline 0.002 -15"><span class='ocrx_word' id='word_1_472' title='bbox 178 4173 241 4222; x_wconf 86' lang='lat' dir='ltr'><strong>ad</strong></span> <span class='ocrx_word' id='word_1_473' title='bbox 271 4171 391 4237; x_wconf 87' lang='lat' dir='ltr'><strong>ejus</strong></span> <span class='ocrx_word' id='word_1_474' title='bbox 416 4177 728 4236; x_wconf 86' lang='lat' dir='ltr'><strong>properaret</strong></span> <span class='ocrx_word' id='word_1_475' title='bbox 751 4169 1058 4223; x_wconf 73' lang='lat' dir='ltr'><strong>adventum.</strong></span> <span class='ocrx_word' id='word_1_476' title='bbox 1095 4169 1216 4224; x_wconf 78' lang='lat' dir='ltr'><strong>llch</strong></span> <span class='ocrx_word' id='word_1_477' title='bbox 1244 4170 1471 4224; x_wconf 87' lang='lat' dir='ltr'><strong>audiens</strong></span> <span class='ocrx_word' id='word_1_478' title='bbox 1496 4185 1608 4234; x_wconf 88' lang='lat' dir='ltr'><strong>rex,</strong></span> <span class='ocrx_word' id='word_1_479' title='bbox 1636 4185 1755 4225; x_wconf 92' lang='lat' dir='ltr'><strong>cum</strong></span> 
     </span>
    </p>
   </div>
   <div class='ocr_carea' id='block_1_66' title="bbox 175 4261 1758 4330">
    <p class='ocr_par' dir='ltr' id='par_1_66' title="bbox 175 4261 1758 4330">
     <span class='ocr_line' id='line_1_66' title="bbox 175 4261 1758 4330; baseline 0 -16"><span class='ocrx_word' id='word_1_480' title='bbox 175 4263 372 4330; x_wconf 82' lang='lat' dir='ltr'><strong>gaudio</strong></span> <span class='ocrx_word' id='word_1_481' title='bbox 401 4271 454 4313; x_wconf 90' lang='lat' dir='ltr'><strong>et</strong></span> <span class='ocrx_word' id='word_1_482' title='bbox 503 4262 684 4313; x_wconf 65' lang='lat' dir='ltr'><strong>lictitia</strong></span> <span class='ocrx_word' id='word_1_483' title='bbox 717 4269 770 4314; x_wconf 91' lang='lat' dir='ltr'><strong>et</strong></span> <span class='ocrx_word' id='word_1_484' title='bbox 800 4261 997 4328; x_wconf 88' lang='lat' dir='ltr'><strong>ingenti</strong></span> <span class='ocrx_word' id='word_1_485' title='bbox 1027 4276 1154 4314; x_wconf 90' lang='lat' dir='ltr'><strong>cura</strong></span> <span class='ocrx_word' id='word_1_486' title='bbox 1200 4261 1436 4328; x_wconf 85' lang='lat' dir='ltr'><strong>recipere</strong></span> <span class='ocrx_word' id='word_1_487' title='bbox 1469 4277 1588 4314; x_wconf 89' lang='lat' dir='ltr'><strong>eum</strong></span> <span class='ocrx_word' id='word_1_488' title='bbox 1622 4276 1758 4330; x_wconf 76' lang='lat' dir='ltr'><strong>prte-</strong></span> 
     </span>
    </p>
   </div>
   <div class='ocr_carea' id='block_1_67' title="bbox 177 4351 1754 4424">
    <p class='ocr_par' dir='ltr' id='par_1_67' title="bbox 177 4351 1754 4424">
     <span class='ocr_line' id='line_1_67' title="bbox 177 4351 1754 4424; baseline -0.001 -13"><span class='ocrx_word' id='word_1_489' title='bbox 177 4358 336 4424; x_wconf 77' lang='lat' dir='ltr'><strong>cepit,</strong></span> <span class='ocrx_word' id='word_1_490' title='bbox 370 4364 420 4408; x_wconf 88' lang='lat' dir='ltr'><strong>et</strong></span> <span class='ocrx_word' id='word_1_491' title='bbox 454 4355 564 4408; x_wconf 89' lang='lat' dir='ltr'><strong>lilio</strong></span> <span class='ocrx_word' id='word_1_492' title='bbox 593 4367 690 4408; x_wconf 90' lang='lat' dir='ltr'><strong>suo</strong></span> <span class='ocrx_word' id='word_1_493' title='bbox 737 4351 931 4408; x_wconf 87' lang='lat' dir='ltr'><strong>Carolo</strong></span> <span class='ocrx_word' id='word_1_494' title='bbox 970 4357 1015 4409; x_wconf 89' lang='lat' dir='ltr'><strong>ei</strong></span> <span class='ocrx_word' id='word_1_495' title='bbox 1045 4355 1254 4407; x_wconf 82' lang='lat' dir='ltr'><strong>obviam</strong></span> <span class='ocrx_word' id='word_1_496' title='bbox 1304 4355 1380 4409; x_wconf 92' lang='lat' dir='ltr'><strong>ire</strong></span> <span class='ocrx_word' id='word_1_497' title='bbox 1413 4357 1664 4424; x_wconf 77' lang='lat' dir='ltr'><strong>przecepit</strong></span> <span class='ocrx_word' id='word_1_498' title='bbox 1706 4365 1754 4419; x_wconf 70' lang='grc' dir='ltr'><strong>ις,</strong></span> 
     </span>
    </p>
   </div>
   <div class='ocr_carea' id='block_1_68' title="bbox 244 4464 1745 4533">
    <p class='ocr_par' dir='ltr' id='par_1_68' title="bbox 244 4464 1745 4533">
     <span class='ocr_line' id='line_1_68' title="bbox 244 4464 1745 4533; baseline -0.002 -11"><span class='ocrx_word' id='word_1_499' title='bbox 244 4477 270 4504; x_wconf 70' lang='grc'><strong>⁸</strong></span> <span class='ocrx_word' id='word_1_500' title='bbox 313 4467 450 4522; x_wconf 84' lang='lat' dir='ltr'><strong>Editi</strong></span> <span class='ocrx_word' id='word_1_501' title='bbox 470 4507 486 4530; x_wconf 93' lang='lat'><strong>,</strong></span> <span class='ocrx_word' id='word_1_502' title='bbox 517 4464 920 4519; x_wconf 80' lang='lat' dir='ltr'><strong>convenientibus</strong></span> <span class='ocrx_word' id='word_1_503' title='bbox 947 4465 1008 4518; x_wconf 88' lang='lat' dir='ltr'><strong>iis</strong></span> <span class='ocrx_word' id='word_1_504' title='bbox 1039 4464 1290 4518; x_wconf 70' lang='lat' dir='ltr'><strong>Saxones.</strong></span> <span class='ocrx_word' id='word_1_505' title='bbox 1322 4464 1516 4517; x_wconf 87' lang='lat' dir='ltr'><strong>Locum</strong></span> <span class='ocrx_word' id='word_1_506' title='bbox 1559 4467 1610 4518; x_wconf 90' lang='lat' dir='ltr'><strong>in</strong></span> <span class='ocrx_word' id='word_1_507' title='bbox 1642 4482 1745 4533; x_wconf 90' lang='lat' dir='ltr'><strong>quo</strong></span> 
     </span>
    </p>
   </div>
   <div class='ocr_carea' id='block_1_69' title="bbox 175 4534 1745 4604">
    <p class='ocr_par' dir='ltr' id='par_1_69' title="bbox 175 4534 1745 4604">
     <span class='ocr_line' id='line_1_69' title="bbox 175 4534 1745 4604; baseline -0.004 -11"><span class='ocrx_word' id='word_1_508' title='bbox 175 4538 367 4593; x_wconf 77' lang='lat' dir='ltr'><strong>deviCti</strong></span> <span class='ocrx_word' id='word_1_509' title='bbox 400 4536 633 4598; x_wconf 88' lang='lat' dir='ltr'><strong>fuerunt,</strong></span> <span class='ocrx_word' id='word_1_510' title='bbox 669 4535 802 4587; x_wconf 75' lang='lat' dir='ltr'><strong>Rimi</strong></span> <span class='ocrx_word' id='word_1_511' title='bbox 830 4549 989 4604; x_wconf 89' lang='lat' dir='ltr'><strong>supra</strong></span> <span class='ocrx_word' id='word_1_512' title='bbox 1023 4534 1281 4604; x_wconf 86' lang='lat' dir='ltr'><strong>Wiseram</strong></span> <span class='ocrx_word' id='word_1_513' title='bbox 1315 4537 1532 4588; x_wconf 91' lang='lat' dir='ltr'><strong>lluvium</strong></span> <span class='ocrx_word' id='word_1_514' title='bbox 1560 4538 1745 4604; x_wconf 84' lang='lat' dir='ltr'><strong>appel-</strong></span> 
     </span>
    </p>
   </div>
   <div class='ocr_carea' id='block_1_70' title="bbox 180 4603 1750 4674">
    <p class='ocr_par' dir='ltr' id='par_1_70' title="bbox 180 4603 1750 4674">
     <span class='ocr_line' id='line_1_70' title="bbox 180 4603 1750 4674; baseline -0.001 -14"><span class='ocrx_word' id='word_1_515' title='bbox 180 4609 284 4661; x_wconf 77' lang='lat' dir='ltr'><strong>lant</strong></span> <span class='ocrx_word' id='word_1_516' title='bbox 316 4607 548 4660; x_wconf 90' lang='lat' dir='ltr'><strong>Annales</strong></span> <span class='ocrx_word' id='word_1_517' title='bbox 575 4605 1084 4659; x_wconf 86' lang='lat' dir='ltr'><strong>Laureshameuses.</strong></span> <span class='ocrx_word' id='word_1_518' title='bbox 1119 4603 1464 4657; x_wconf 89' lang='lat' dir='ltr'><strong>Conditiones</strong></span> <span class='ocrx_word' id='word_1_519' title='bbox 1504 4603 1630 4658; x_wconf 82' lang='lat' dir='ltr'><strong>vero</strong></span> <span class='ocrx_word' id='word_1_520' title='bbox 1659 4622 1750 4674; x_wconf 79' lang='lat' dir='ltr'><strong>pa-</strong></span> 
     </span>
    </p>
   </div>
   <div class='ocr_carea' id='block_1_71' title="bbox 175 4675 1751 4742">
    <p class='ocr_par' dir='ltr' id='par_1_71' title="bbox 175 4675 1751 4742">
     <span class='ocr_line' id='line_1_71' title="bbox 175 4675 1751 4742; baseline -0.001 -12"><span class='ocrx_word' id='word_1_521' title='bbox 175 4680 283 4742; x_wconf 84' lang='lat' dir='ltr'><strong>cis,</strong></span> <span class='ocrx_word' id='word_1_522' title='bbox 313 4691 370 4730; x_wconf 85' lang='lat' dir='ltr'><strong>ut</strong></span> <span class='ocrx_word' id='word_1_523' title='bbox 403 4679 591 4742; x_wconf 84' lang='lat' dir='ltr'><strong>legitur</strong></span> <span class='ocrx_word' id='word_1_524' title='bbox 621 4677 671 4728; x_wconf 93' lang='lat' dir='ltr'><strong>in</strong></span> <span class='ocrx_word' id='word_1_525' title='bbox 708 4675 999 4728; x_wconf 78' lang='lat' dir='ltr'><strong>Annalibus</strong></span> <span class='ocrx_word' id='word_1_526' title='bbox 1038 4675 1418 4734; x_wconf 84' lang='lat' dir='ltr'><strong>Mettensibus,</strong></span> <span class='ocrx_word' id='word_1_527' title='bbox 1466 4675 1647 4740; x_wconf 87' lang='lat' dir='ltr'><strong>fuere,</strong></span> <span class='ocrx_word' id='word_1_528' title='bbox 1693 4685 1751 4731; x_wconf 86' lang='lat' dir='ltr'><strong>nl.</strong></span> 
     </span>
    </p>
   </div>
   <div class='ocr_carea' id='block_1_72' title="bbox 175 4743 1748 4812">
    <p class='ocr_par' dir='ltr' id='par_1_72' title="bbox 175 4743 1748 4812">
     <span class='ocr_line' id='line_1_72' title="bbox 175 4743 1748 4812; baseline -0.001 -11"><span class='ocrx_word' id='word_1_529' title='bbox 175 4749 481 4801; x_wconf 77' lang='lat' dir='ltr'><strong>sacerdotes</strong></span> <span class='ocrx_word' id='word_1_530' title='bbox 530 4746 794 4799; x_wconf 88' lang='lat' dir='ltr'><strong>licentiam</strong></span> <span class='ocrx_word' id='word_1_531' title='bbox 837 4745 1093 4797; x_wconf 87' lang='lat' dir='ltr'><strong>baberent</strong></span> <span class='ocrx_word' id='word_1_532' title='bbox 1120 4743 1316 4795; x_wconf 59' lang='lat' dir='ltr'><strong>Christi</strong></span> <span class='ocrx_word' id='word_1_533' title='bbox 1361 4743 1518 4798; x_wconf 84' lang='lat' dir='ltr'><strong>fidem</strong></span> <span class='ocrx_word' id='word_1_534' title='bbox 1552 4746 1748 4812; x_wconf 62' lang='lat' dir='ltr'><strong>praidi-</strong></span> 
     </span>
    </p>
   </div>
   <div class='ocr_carea' id='block_1_73' title="bbox 177 4813 1752 4884">
    <p class='ocr_par' dir='ltr' id='par_1_73' title="bbox 177 4813 1752 4884">
     <span class='ocr_line' id='line_1_73' title="bbox 177 4813 1752 4884; baseline -0.001 -14"><span class='ocrx_word' id='word_1_535' title='bbox 177 4818 364 4880; x_wconf 79' lang='lat' dir='ltr'><strong>eaudi,</strong></span> <span class='ocrx_word' id='word_1_536' title='bbox 413 4831 476 4868; x_wconf 79' lang='lat' dir='ltr'><strong>ac</strong></span> <span class='ocrx_word' id='word_1_537' title='bbox 521 4816 818 4880; x_wconf 77' lang='lat' dir='ltr'><strong>baptizandi</strong></span> <span class='ocrx_word' id='word_1_538' title='bbox 863 4816 1136 4879; x_wconf 84' lang='lat' dir='ltr'><strong>Saxones,</strong></span> <span class='ocrx_word' id='word_1_539' title='bbox 1188 4823 1346 4882; x_wconf 91' lang='lat' dir='ltr'><strong>utque</strong></span> <span class='ocrx_word' id='word_1_540' title='bbox 1387 4815 1498 4884; x_wconf 88' lang='lat' dir='ltr'><strong>regi</strong></span> <span class='ocrx_word' id='word_1_541' title='bbox 1524 4813 1752 4883; x_wconf 86' lang='lat' dir='ltr'><strong>singulis</strong></span> 
     </span>
    </p>
   </div>
   <div class='ocr_carea' id='block_1_74' title="bbox 176 4886 1044 4954">
    <p class='ocr_par' dir='ltr' id='par_1_74' title="bbox 176 4886 1044 4954">
     <span class='ocr_line' id='line_1_74' title="bbox 176 4886 1044 4954; baseline -0.007 -14"><span class='ocrx_word' id='word_1_542' title='bbox 176 4891 326 4940; x_wconf 84' lang='lat' dir='ltr'><strong>annis</strong></span> <span class='ocrx_word' id='word_1_543' title='bbox 355 4897 376 4940; x_wconf 90' lang='lat' dir='ltr'><strong>t</strong></span> <span class='ocrx_word' id='word_1_544' title='bbox 407 4895 625 4939; x_wconf 88' lang='lat' dir='ltr'><strong>eceutos</strong></span> <span class='ocrx_word' id='word_1_545' title='bbox 646 4899 810 4954; x_wconf 89' lang='lat' dir='ltr'><strong>equos</strong></span> <span class='ocrx_word' id='word_1_546' title='bbox 837 4886 1044 4937; x_wconf 89' lang='lat' dir='ltr'><strong>darent.</strong></span> 
     </span>
    </p>
   </div>
   <div class='ocr_carea' id='block_1_75' title="bbox 245 4952 1748 5020">
    <p class='ocr_par' dir='ltr' id='par_1_75' title="bbox 245 4952 1748 5020">
     <span class='ocr_line' id='line_1_75' title="bbox 245 4952 1748 5020; baseline -0.001 -11"><span class='ocrx_word' id='word_1_547' title='bbox 245 4956 271 4994; x_wconf 70' lang='grc' dir='ltr'>δ</span> <span class='ocrx_word' id='word_1_548' title='bbox 303 4957 473 5009; x_wconf 87' lang='lat' dir='ltr'><strong>llodie</strong></span> <span class='ocrx_word' id='word_1_549' title='bbox 501 4959 655 5008; x_wconf 89' lang='lat' dir='ltr'><strong>sedes</strong></span> <span class='ocrx_word' id='word_1_550' title='bbox 682 4952 765 5009; x_wconf 82' lang='lat' dir='ltr'><strong>est</strong></span> <span class='ocrx_word' id='word_1_551' title='bbox 791 4953 1174 5020; x_wconf 87' lang='lat' dir='ltr'><strong>archiepiscopi</strong></span> <span class='ocrx_word' id='word_1_552' title='bbox 1205 4953 1451 5006; x_wconf 82' lang='lat' dir='ltr'><strong>electoris</strong></span> <span class='ocrx_word' id='word_1_553' title='bbox 1473 4952 1748 5009; x_wconf 82' lang='lat' dir='ltr'><strong>Colonien-</strong></span> 
     </span>
    </p>
   </div>
   <div class='ocr_carea' id='block_1_76' title="bbox 177 5023 1746 5095">
    <p class='ocr_par' dir='ltr' id='par_1_76' title="bbox 177 5023 1746 5095">
     <span class='ocr_line' id='line_1_76' title="bbox 177 5023 1746 5095; baseline 0 -17"><span class='ocrx_word' id='word_1_554' title='bbox 177 5029 268 5090; x_wconf 89' lang='lat' dir='ltr'><strong>sis,</strong></span> <span class='ocrx_word' id='word_1_555' title='bbox 301 5027 441 5095; x_wconf 89' lang='lat' dir='ltr'><strong>quod</strong></span> <span class='ocrx_word' id='word_1_556' title='bbox 476 5026 585 5092; x_wconf 89' lang='lat' dir='ltr'><strong>ipsa</strong></span> <span class='ocrx_word' id='word_1_557' title='bbox 632 5023 936 5090; x_wconf 89' lang='lat' dir='ltr'><strong>metropolis</strong></span> <span class='ocrx_word' id='word_1_558' title='bbox 963 5023 1187 5095; x_wconf 73' lang='lat' dir='ltr'><strong>Colonia</strong></span> <span class='ocrx_word' id='word_1_559' title='bbox 1217 5024 1340 5075; x_wconf 87' lang='lat' dir='ltr'><strong>urbs</strong></span> <span class='ocrx_word' id='word_1_560' title='bbox 1368 5023 1438 5095; x_wconf 88' lang='lat' dir='ltr'><strong>s_it</strong></span> <span class='ocrx_word' id='word_1_561' title='bbox 1477 5027 1746 5078; x_wconf 83' lang='lat' dir='ltr'><strong>auseatica</strong></span> 
     </span>
    </p>
   </div>
   <div class='ocr_carea' id='block_1_77' title="bbox 177 5091 1752 5165">
    <p class='ocr_par' dir='ltr' id='par_1_77' title="bbox 177 5091 1752 5165">
     <span class='ocr_line' id='line_1_77' title="bbox 177 5091 1752 5165; baseline -0.001 -18"><span class='ocrx_word' id='word_1_562' title='bbox 177 5108 228 5148; x_wconf 88' lang='lat' dir='ltr'><strong>et</strong></span> <span class='ocrx_word' id='word_1_563' title='bbox 256 5091 336 5150; x_wconf 81' lang='lat' dir='ltr'><strong>sui</strong></span> <span class='ocrx_word' id='word_1_564' title='bbox 381 5097 538 5164; x_wconf 86' lang='lat' dir='ltr'><strong>juris.</strong></span> <span class='ocrx_word' id='word_1_565' title='bbox 589 5095 824 5148; x_wconf 88' lang='lat' dir='ltr'><strong>Priscum</strong></span> <span class='ocrx_word' id='word_1_566' title='bbox 868 5107 1063 5148; x_wconf 86' lang='lat' dir='ltr'><strong>nomen</strong></span> <span class='ocrx_word' id='word_1_567' title='bbox 1095 5093 1319 5155; x_wconf 87' lang='lat' dir='ltr'><strong>retinet,</strong></span> <span class='ocrx_word' id='word_1_568' title='bbox 1371 5091 1546 5146; x_wconf 80' lang='lat' dir='ltr'><strong>Boune</strong></span> <span class='ocrx_word' id='word_1_569' title='bbox 1597 5097 1752 5165; x_wconf 83' lang='lat' dir='ltr'><strong>vulgo</strong></span> 
     </span>
    </p>
   </div>
   <div class='ocr_carea' id='block_1_78' title="bbox 177 5168 334 5218">
    <p class='ocr_par' dir='ltr' id='par_1_78' title="bbox 177 5168 334 5218">
     <span class='ocr_line' id='line_1_78' title="bbox 177 5168 334 5218; baseline 0.013 -2"><span class='ocrx_word' id='word_1_570' title='bbox 177 5168 334 5218; x_wconf 84' lang='lat' dir='ltr'><strong>dicta.</strong></span> 
     </span>
    </p>
   </div>
   <div class='ocr_carea' id='block_1_79' title="bbox 250 5231 1752 5298">
    <p class='ocr_par' dir='ltr' id='par_1_79' title="bbox 250 5231 1752 5298">
     <span class='ocr_line' id='line_1_79' title="bbox 250 5231 1752 5298; baseline -0.003 -9"><span class='ocrx_word' id='word_1_571' title='bbox 250 5248 268 5273; x_wconf 71' lang='grc' dir='ltr'>ε</span> <span class='ocrx_word' id='word_1_572' title='bbox 318 5237 472 5296; x_wconf 83' lang='lat' dir='ltr'><strong>Boh.,</strong></span> <span class='ocrx_word' id='word_1_573' title='bbox 504 5233 665 5288; x_wconf 84' lang='lat' dir='ltr'><strong>Freh.</strong></span> <span class='ocrx_word' id='word_1_574' title='bbox 695 5242 741 5288; x_wconf 90' lang='lat' dir='ltr'><strong>et</strong></span> <span class='ocrx_word' id='word_1_575' title='bbox 775 5232 929 5297; x_wconf 92' lang='lat' dir='ltr'><strong>Can.,</strong></span> <span class='ocrx_word' id='word_1_576' title='bbox 963 5231 1336 5294; x_wconf 84' lang='lat' dir='ltr'><strong>Gwasconiam,</strong></span> <span class='ocrx_word' id='word_1_577' title='bbox 1365 5241 1419 5284; x_wconf 92' lang='lat' dir='ltr'><strong>et</strong></span> <span class='ocrx_word' id='word_1_578' title='bbox 1449 5233 1646 5298; x_wconf 90' lang='lat' dir='ltr'><strong>passim</strong></span> <span class='ocrx_word' id='word_1_579' title='bbox 1674 5233 1752 5286; x_wconf 89' lang='lat' dir='ltr'><strong>iu-</strong></span> 
     </span>
    </p>
   </div>
   <div class='ocr_carea' id='block_1_80' title="bbox 183 5302 1753 5372">
    <p class='ocr_par' dir='ltr' id='par_1_80' title="bbox 183 5302 1753 5372">
     <span class='ocr_line' id='line_1_80' title="bbox 183 5302 1753 5372; baseline -0.001 -15"><span class='ocrx_word' id='word_1_580' title='bbox 183 5305 255 5358; x_wconf 81' lang='lat' dir='ltr'><strong>fra</strong></span> <span class='ocrx_word' id='word_1_581' title='bbox 310 5305 632 5358; x_wconf 73' lang='lat' dir='ltr'><strong>Giivnscones.</strong></span> <span class='ocrx_word' id='word_1_582' title='bbox 676 5302 1020 5372; x_wconf 52' lang='lat' dir='ltr'><strong>Wail&#39;arium,</strong></span> <span class='ocrx_word' id='word_1_583' title='bbox 1077 5313 1132 5353; x_wconf 90' lang='lat' dir='ltr'><strong>ut</strong></span> <span class='ocrx_word' id='word_1_584' title='bbox 1180 5305 1462 5367; x_wconf 85' lang='lat' dir='ltr'><strong>plurimum</strong></span> <span class='ocrx_word' id='word_1_585' title='bbox 1521 5302 1753 5372; x_wconf 76' lang='lat' dir='ltr'><strong>Waiofa—</strong></span> 
     </span>
    </p>
   </div>
   <div class='ocr_carea' id='block_1_81' title="bbox 181 5371 1571 5440">
    <p class='ocr_par' dir='ltr' id='par_1_81' title="bbox 181 5371 1571 5440">
     <span class='ocr_line' id='line_1_81' title="bbox 181 5371 1571 5440; baseline -0.002 -14"><span class='ocrx_word' id='word_1_586' title='bbox 181 5376 333 5435; x_wconf 74' lang='lat' dir='ltr'><strong>rium,</strong></span> <span class='ocrx_word' id='word_1_587' title='bbox 364 5376 496 5428; x_wconf 88' lang='lat' dir='ltr'><strong>Can.</strong></span> <span class='ocrx_word' id='word_1_588' title='bbox 527 5389 902 5440; x_wconf 88' lang='lat' dir='ltr'><strong>nonnunquam</strong></span> <span class='ocrx_word' id='word_1_589' title='bbox 934 5371 1258 5438; x_wconf 76' lang='lat' dir='ltr'><strong>Gaiofaritmt</strong></span> <span class='ocrx_word' id='word_1_590' title='bbox 1288 5373 1571 5438; x_wconf 86' lang='lat' dir='ltr'><strong>appellant.</strong></span> 
     </span>
    </p>
   </div>
   <div class='ocr_carea' id='block_1_82' title="bbox 250 5441 1750 5509">
    <p class='ocr_par' dir='ltr' id='par_1_82' title="bbox 250 5441 1750 5509">
     <span class='ocr_line' id='line_1_82' title="bbox 250 5441 1750 5509; baseline -0.002 -12"><span class='ocrx_word' id='word_1_591' title='bbox 250 5446 276 5479; x_wconf 64' lang='grc'><strong>(⁸</strong></span> <span class='ocrx_word' id='word_1_592' title='bbox 322 5445 532 5497; x_wconf 62' lang='grc' dir='ltr'><strong>ιδιιινίιις</strong></span> <span class='ocrx_word' id='word_1_593' title='bbox 563 5445 670 5503; x_wconf 86' lang='lat' dir='ltr'><strong>ille.</strong></span> <span class='ocrx_word' id='word_1_594' title='bbox 700 5449 853 5505; x_wconf 74' lang='lat' dir='ltr'><strong>Vulgo</strong></span> <span class='ocrx_word' id='word_1_595' title='bbox 886 5446 1015 5495; x_wconf 76' lang='lat' dir='ltr'><strong>Area</strong></span> <span class='ocrx_word' id='word_1_596' title='bbox 1038 5442 1282 5509; x_wconf 79' lang='lat' dir='ltr'><strong>(l‘Arc/ie)</strong></span> <span class='ocrx_word' id='word_1_597' title='bbox 1315 5443 1631 5508; x_wconf 86' lang='lat' dir='ltr'><strong>appellatur,</strong></span> <span class='ocrx_word' id='word_1_598' title='bbox 1663 5441 1750 5508; x_wconf 90' lang='lat' dir='ltr'><strong>qui</strong></span> 
     </span>
    </p>
   </div>
   <div class='ocr_carea' id='block_1_83' title="bbox 183 5511 1750 5582">
    <p class='ocr_par' dir='ltr' id='par_1_83' title="bbox 183 5511 1750 5582">
     <span class='ocr_line' id='line_1_83' title="bbox 183 5511 1750 5582; baseline 0.001 -18"><span class='ocrx_word' id='word_1_599' title='bbox 183 5515 232 5565; x_wconf 94' lang='lat' dir='ltr'><strong>in</strong></span> <span class='ocrx_word' id='word_1_600' title='bbox 281 5515 470 5567; x_wconf 81' lang='lat' dir='ltr'><strong>Isaram</strong></span> <span class='ocrx_word' id='word_1_601' title='bbox 506 5511 727 5582; x_wconf 77' lang='lat' dir='ltr'><strong>(t’lsére)</strong></span> <span class='ocrx_word' id='word_1_602' title='bbox 778 5513 965 5582; x_wconf 80' lang='lat' dir='ltr'><strong>influit.</strong></span> <span class='ocrx_word' id='word_1_603' title='bbox 1019 5512 1090 5564; x_wconf 84' lang='lat' dir='ltr'><strong>De</strong></span> <span class='ocrx_word' id='word_1_604' title='bbox 1116 5514 1253 5582; x_wconf 77' lang='lat' dir='ltr'><strong>urbe</strong></span> <span class='ocrx_word' id='word_1_605' title='bbox 1285 5512 1588 5582; x_wconf 76' lang='lat' dir='ltr'><strong>Maurieuua</strong></span> <span class='ocrx_word' id='word_1_606' title='bbox 1632 5513 1750 5565; x_wconf 88' lang='lat' dir='ltr'><strong>vide</strong></span> 
     </span>
    </p>
   </div>
   <div class='ocr_carea' id='block_1_84' title="bbox 183 5580 1322 5646">
    <p class='ocr_par' dir='ltr' id='par_1_84' title="bbox 183 5580 1322 5646">
     <span class='ocr_line' id='line_1_84' title="bbox 183 5580 1322 5646; baseline -0.004 -10"><span class='ocrx_word' id='word_1_607' title='bbox 183 5595 333 5636; x_wconf 85' lang='lat' dir='ltr'><strong>notas</strong></span> <span class='ocrx_word' id='word_1_608' title='bbox 363 5589 412 5637; x_wconf 94' lang='lat' dir='ltr'><strong>iu</strong></span> <span class='ocrx_word' id='word_1_609' title='bbox 444 5580 535 5635; x_wconf 71' lang='lat' dir='ltr'><strong>lib.</strong></span> <span class='ocrx_word' id='word_1_610' title='bbox 571 5599 583 5634; x_wconf 90' lang='lat' dir='ltr'><strong>l</strong></span> <span class='ocrx_word' id='word_1_611' title='bbox 612 5583 679 5634; x_wconf 85' lang='lat' dir='ltr'><strong>de</strong></span> <span class='ocrx_word' id='word_1_612' title='bbox 707 5582 852 5635; x_wconf 83' lang='lat' dir='ltr'><strong>Glor.</strong></span> <span class='ocrx_word' id='word_1_613' title='bbox 888 5581 1036 5633; x_wconf 81' lang='lat' dir='ltr'><strong>Mart.</strong></span> <span class='ocrx_word' id='word_1_614' title='bbox 1067 5595 1188 5646; x_wconf 83' lang='lat' dir='ltr'><strong>cap.</strong></span> <span class='ocrx_word' id='word_1_615' title='bbox 1243 5580 1322 5631; x_wconf 72' lang='grc' dir='ltr'><strong>Μ.</strong></span> 
     </span>
    </p>
   </div>
   <div class='ocr_carea' id='block_1_85' title="bbox 257 5650 1751 5720">
    <p class='ocr_par' dir='ltr' id='par_1_85' title="bbox 257 5650 1751 5720">
     <span class='ocr_line' id='line_1_85' title="bbox 257 5650 1751 5720; baseline -0.003 -14"><span class='ocrx_word' id='word_1_616' title='bbox 257 5662 280 5689; x_wconf 82' lang='grc'><strong><em>⁸</em></strong></span> <span class='ocrx_word' id='word_1_617' title='bbox 320 5654 577 5720; x_wconf 85' lang='lat' dir='ltr'><strong>Uppidnni</strong></span> <span class='ocrx_word' id='word_1_618' title='bbox 628 5651 1037 5704; x_wconf 83' lang='lat' dir='ltr'><strong>munitissimum</strong></span> <span class='ocrx_word' id='word_1_619' title='bbox 1087 5651 1136 5702; x_wconf 90' lang='lat' dir='ltr'><strong>in</strong></span> <span class='ocrx_word' id='word_1_620' title='bbox 1181 5652 1374 5703; x_wconf 87' lang='lat' dir='ltr'><strong>ducatu</strong></span> <span class='ocrx_word' id='word_1_621' title='bbox 1427 5650 1751 5702; x_wconf 64' lang='lat' dir='ltr'><strong>Luxembnro</strong></span> 
     </span>
    </p>
   </div>
   <div class='ocr_carea' id='block_1_86' title="bbox 184 5721 1751 5786">
    <p class='ocr_par' dir='ltr' id='par_1_86' title="bbox 184 5721 1751 5786">
     <span class='ocr_line' id='line_1_86' title="bbox 184 5721 1751 5786; baseline -0.003 -10"><span class='ocrx_word' id='word_1_622' title='bbox 184 5723 330 5786; x_wconf 70' lang='lat' dir='ltr'><strong>[leIlSl</strong></span> <span class='ocrx_word' id='word_1_623' title='bbox 369 5729 504 5776; x_wconf 90' lang='lat' dir='ltr'><strong>inter</strong></span> <span class='ocrx_word' id='word_1_624' title='bbox 533 5723 720 5776; x_wconf 83' lang='lat' dir='ltr'><strong>Mettas</strong></span> <span class='ocrx_word' id='word_1_625' title='bbox 761 5731 814 5773; x_wconf 93' lang='lat' dir='ltr'><strong>et</strong></span> <span class='ocrx_word' id='word_1_626' title='bbox 850 5722 1087 5784; x_wconf 80' lang='lat' dir='ltr'><strong>Sircam;</strong></span> <span class='ocrx_word' id='word_1_627' title='bbox 1124 5721 1352 5784; x_wconf 88' lang='lat' dir='ltr'><strong>priscum</strong></span> <span class='ocrx_word' id='word_1_628' title='bbox 1399 5734 1591 5771; x_wconf 86' lang='lat' dir='ltr'><strong>nomen</strong></span> <span class='ocrx_word' id='word_1_629' title='bbox 1628 5722 1751 5771; x_wconf 87' lang='lat' dir='ltr'><strong>reti-</strong></span> 
     </span>
    </p>
   </div>
   <div class='ocr_carea' id='block_1_87' title="bbox 190 5786 1740 5854">
    <p class='ocr_par' dir='ltr' id='par_1_87' title="bbox 190 5786 1740 5854">
     <span class='ocr_line' id='line_1_87' title="bbox 190 5786 1740 5854; baseline -0.004 -11"><span class='ocrx_word' id='word_1_630' title='bbox 190 5801 299 5844; x_wconf 73' lang='lat' dir='ltr'><strong>net.</strong></span> <span class='ocrx_word' id='word_1_631' title='bbox 329 5810 400 5842; x_wconf 81' lang='lat' dir='ltr'><strong>un.</strong></span> <span class='ocrx_word' id='word_1_632' title='bbox 425 5791 518 5844; x_wconf 75' lang='lat' dir='ltr'><strong>tuis</strong></span> <span class='ocrx_word' id='word_1_633' title='bbox 553 5792 860 5854; x_wconf 76' lang='lat' dir='ltr'><strong>&#39;l&#39;liionvillc,</strong></span> <span class='ocrx_word' id='word_1_634' title='bbox 894 5788 1172 5843; x_wconf 80' lang='lat' dir='ltr'><strong>Germanis</strong></span> <span class='ocrx_word' id='word_1_635' title='bbox 1216 5803 1341 5840; x_wconf 75' lang='lat' dir='ltr'><strong>Vero</strong></span> <span class='ocrx_word' id='word_1_636' title='bbox 1375 5786 1740 5852; x_wconf 75' lang='lat' dir='ltr'><strong>Diedenlmfeu.</strong></span> 
     </span>
    </p>
   </div>
   <div class='ocr_carea' id='block_1_88' title="bbox 267 5857 1752 5925">
    <p class='ocr_par' dir='ltr' id='par_1_88' title="bbox 267 5857 1752 5925">
     <span class='ocr_line' id='line_1_88' title="bbox 267 5857 1752 5925; baseline -0.003 -11"><span class='ocrx_word' id='word_1_637' title='bbox 267 5861 284 5899; x_wconf 72' lang='grc' dir='ltr'><strong>ί</strong></span> <span class='ocrx_word' id='word_1_638' title='bbox 325 5865 570 5915; x_wconf 74' lang='lat' dir='ltr'><strong>Summus</strong></span> <span class='ocrx_word' id='word_1_639' title='bbox 603 5861 866 5916; x_wconf 79' lang='lat' dir='ltr'><strong>Peuninus</strong></span> <span class='ocrx_word' id='word_1_640' title='bbox 895 5861 1086 5914; x_wconf 85' lang='lat' dir='ltr'><strong>dicitur</strong></span> <span class='ocrx_word' id='word_1_641' title='bbox 1113 5862 1180 5911; x_wconf 85' lang='lat' dir='ltr'><strong>ab</strong></span> <span class='ocrx_word' id='word_1_642' title='bbox 1213 5858 1460 5920; x_wconf 54' lang='lat' dir='ltr'><strong>(Elliico;</strong></span> <span class='ocrx_word' id='word_1_643' title='bbox 1494 5858 1648 5925; x_wconf 79' lang='lat' dir='ltr'><strong>vulgo</strong></span> <span class='ocrx_word' id='word_1_644' title='bbox 1672 5857 1752 5910; x_wconf 82' lang='lat' dir='ltr'><strong>di-</strong></span> 
     </span>
    </p>
   </div>
   <div class='ocr_carea' id='block_1_89' title="bbox 1863 4080 3439 4150">
    <p class='ocr_par' dir='ltr' id='par_1_89' title="bbox 1863 4080 3439 4150">
     <span class='ocr_line' id='line_1_89' title="bbox 1863 4080 3439 4150; baseline 0.003 -17"><span class='ocrx_word' id='word_1_645' title='bbox 1863 4082 2104 4133; x_wconf 82' lang='lat' dir='ltr'><strong>riennam</strong></span> <span class='ocrx_word' id='word_1_646' title='bbox 2134 4091 2509 4146; x_wconf 85' lang='lat' dir='ltr'><strong>pervenerunt.</strong></span> <span class='ocrx_word' id='word_1_647' title='bbox 2540 4080 2799 4133; x_wconf 89' lang='lat' dir='ltr'><strong>Aistulfus</strong></span> <span class='ocrx_word' id='word_1_648' title='bbox 2826 4096 2917 4134; x_wconf 78' lang='lat' dir='ltr'><strong>rex</strong></span> <span class='ocrx_word' id='word_1_649' title='bbox 2944 4081 3439 4150; x_wconf 80' lang='lat' dir='ltr'><strong>Langobardorum,</strong></span> 
     </span>
    </p>
   </div>
   <div class='ocr_carea' id='block_1_90' title="bbox 1865 4169 3448 4238">
    <p class='ocr_par' dir='ltr' id='par_1_90' title="bbox 1865 4169 3448 4238">
     <span class='ocr_line' id='line_1_90' title="bbox 1865 4169 3448 4238; baseline 0.002 -15"><span class='ocrx_word' id='word_1_650' title='bbox 1865 4169 1979 4223; x_wconf 70' lang='lat' dir='ltr'><strong>haec</strong></span> <span class='ocrx_word' id='word_1_651' title='bbox 2021 4171 2269 4234; x_wconf 84' lang='lat' dir='ltr'><strong>audiens,</strong></span> <span class='ocrx_word' id='word_1_652' title='bbox 2302 4182 2573 4223; x_wconf 65' lang='lat' dir='ltr'><strong>common»</strong></span> <span class='ocrx_word' id='word_1_653' title='bbox 2611 4170 3026 4224; x_wconf 83' lang='lat' dir='ltr'><strong>muni-exercitu</strong></span> <span class='ocrx_word' id='word_1_654' title='bbox 3059 4171 3448 4238; x_wconf 65' lang='lat' dir='ltr'><strong>Langobardi)--</strong></span> 
     </span>
    </p>
   </div>
   <div class='ocr_carea' id='block_1_91' title="bbox 1862 4263 3442 4330">
    <p class='ocr_par' dir='ltr' id='par_1_91' title="bbox 1862 4263 3442 4330">
     <span class='ocr_line' id='line_1_91' title="bbox 1862 4263 3442 4330; baseline 0.002 -13"><span class='ocrx_word' id='word_1_655' title='bbox 1862 4278 2019 4326; x_wconf 88' lang='lat' dir='ltr'><strong>rum,</strong></span> <span class='ocrx_word' id='word_1_656' title='bbox 2073 4277 2237 4330; x_wconf 87' lang='lat' dir='ltr'><strong>usque</strong></span> <span class='ocrx_word' id='word_1_657' title='bbox 2276 4263 2341 4315; x_wconf 91' lang='lat' dir='ltr'><strong>ad</strong></span> <span class='ocrx_word' id='word_1_658' title='bbox 2371 4263 2560 4316; x_wconf 72' lang='lat' dir='ltr'><strong>Clinias</strong></span> <span class='ocrx_word' id='word_1_659' title='bbox 2586 4273 2649 4327; x_wconf 76' lang='grc' dir='ltr'><strong>ω,</strong></span> <span class='ocrx_word' id='word_1_660' title='bbox 2695 4278 2814 4330; x_wconf 60' lang='lat' dir='ltr'><strong>qua;</strong></span> <span class='ocrx_word' id='word_1_661' title='bbox 2843 4265 3249 4329; x_wconf 76' lang='lat' dir='ltr'><strong>cognominatur</strong></span> <span class='ocrx_word' id='word_1_662' title='bbox 3294 4268 3442 4323; x_wconf 84' lang='lat' dir='ltr'><strong>Valle</strong></span> 
     </span>
    </p>
   </div>
   <div class='ocr_carea' id='block_1_92' title="bbox 1863 4351 3439 4416">
    <p class='ocr_par' dir='ltr' id='par_1_92' title="bbox 1863 4351 3439 4416">
     <span class='ocr_line' id='line_1_92' title="bbox 1863 4351 3439 4416; baseline 0.001 -8"><span class='ocrx_word' id='word_1_663' title='bbox 1863 4353 2122 4415; x_wconf 87' lang='lat' dir='ltr'><strong>Seusana,</strong></span> <span class='ocrx_word' id='word_1_664' title='bbox 2158 4353 2396 4416; x_wconf 88' lang='lat' dir='ltr'><strong>veniens,</strong></span> <span class='ocrx_word' id='word_1_665' title='bbox 2431 4351 2501 4405; x_wconf 92' lang='lat' dir='ltr'><strong>ibi</strong></span> <span class='ocrx_word' id='word_1_666' title='bbox 2531 4367 2650 4405; x_wconf 93' lang='lat' dir='ltr'><strong>cum</strong></span> <span class='ocrx_word' id='word_1_667' title='bbox 2677 4353 2822 4404; x_wconf 87' lang='lat' dir='ltr'><strong>omni</strong></span> <span class='ocrx_word' id='word_1_668' title='bbox 2854 4353 3090 4406; x_wconf 85' lang='lat' dir='ltr'><strong>exercitu</strong></span> <span class='ocrx_word' id='word_1_669' title='bbox 3121 4369 3220 4408; x_wconf 87' lang='lat' dir='ltr'><strong>suo</strong></span> <span class='ocrx_word' id='word_1_670' title='bbox 3264 4366 3439 4410; x_wconf 85' lang='lat' dir='ltr'><strong>castra</strong></span> 
     </span>
    </p>
   </div>
   <div class='ocr_carea' id='block_1_93' title="bbox 1853 4461 3436 4586">
    <p class='ocr_par' dir='ltr' id='par_1_93' title="bbox 1853 4461 3436 4586">
     <span class='ocr_line' id='line_1_93' title="bbox 1853 4461 3436 4586; baseline 0.006 -73"><span class='ocrx_word' id='word_1_671' title='bbox 1853 4463 1994 4586; x_wconf 40' lang='lat' dir='ltr'><strong>(itur</strong></span> <span class='ocrx_word' id='word_1_672' title='bbox 2015 4463 2067 4543; x_wconf 42' lang='lat' dir='ltr'><strong>.Ie</strong></span> <span class='ocrx_word' id='word_1_673' title='bbox 2092 4464 2258 4530; x_wconf 81' lang='lat' dir='ltr'><strong>qrand</strong></span> <span class='ocrx_word' id='word_1_674' title='bbox 2299 4461 2745 4527; x_wconf 81' lang='lat' dir='ltr'><strong>Saint-Bernard,</strong></span> <span class='ocrx_word' id='word_1_675' title='bbox 2776 4463 2840 4517; x_wconf 87' lang='lat' dir='ltr'><strong>ab</strong></span> <span class='ocrx_word' id='word_1_676' title='bbox 2869 4463 2986 4518; x_wconf 86' lang='lat' dir='ltr'><strong>aliis</strong></span> <span class='ocrx_word' id='word_1_677' title='bbox 3033 4464 3292 4536; x_wconf 78' lang='lat' dir='ltr'><strong>Montjou,</strong></span> <span class='ocrx_word' id='word_1_678' title='bbox 3341 4483 3436 4522; x_wconf 82' lang='lat' dir='ltr'><strong>seu</strong></span> 
     </span>
     <span class='ocr_line' id='line_1_94' title="bbox 1918 4542 2108 4586; baseline 0 -2"><span class='ocrx_word' id='word_1_679' title='bbox 1918 4542 2108 4586; x_wconf 81' lang='lat' dir='ltr'><strong>onlieu.</strong></span> 
     </span>
    </p>
   </div>
   <div class='ocr_carea' id='block_1_94' title="bbox 1902 4542 3434 4673">
    <p class='ocr_par' dir='ltr' id='par_1_94' title="bbox 1902 4542 3434 4673">
     <span class='ocr_line' id='line_1_95' title="bbox 1902 4542 2108 4584; baseline 0 0"><span class='ocrx_word' id='word_1_680' title='bbox 1902 4542 2108 4584; x_wconf 70' lang='lat' dir='ltr'><strong>ront&#39;eu.</strong></span> 
     </span>
     <span class='ocr_line' id='line_1_96' title="bbox 1902 4551 3434 4673; baseline 0.007 -19"><span class='ocrx_word' id='word_1_681' title='bbox 1902 4611 1952 4673; x_wconf 62' lang='lat'><strong>‘8</strong></span> <span class='ocrx_word' id='word_1_682' title='bbox 1996 4551 2120 4656; x_wconf 63' lang='grc' dir='ltr'><strong>ίιωο</strong></span> <span class='ocrx_word' id='word_1_683' title='bbox 2147 4601 2338 4669; x_wconf 86' lang='lat' dir='ltr'><strong>verba,</strong></span> <span class='ocrx_word' id='word_1_684' title='bbox 2383 4611 2428 4655; x_wconf 86' lang='lat' dir='ltr'><strong>et</strong></span> <span class='ocrx_word' id='word_1_685' title='bbox 2458 4602 2599 4670; x_wconf 79' lang='lat' dir='ltr'><strong>ﬁlio,</strong></span> <span class='ocrx_word' id='word_1_686' title='bbox 2652 4613 2785 4668; x_wconf 92' lang='lat' dir='ltr'><strong>etc.,</strong></span> <span class='ocrx_word' id='word_1_687' title='bbox 2831 4606 3087 4673; x_wconf 67' lang='lat' dir='ltr'><strong>prerupit,</strong></span> <span class='ocrx_word' id='word_1_688' title='bbox 3138 4606 3333 4662; x_wconf 81' lang='lat' dir='ltr'><strong>desunt</strong></span> <span class='ocrx_word' id='word_1_689' title='bbox 3381 4611 3434 4664; x_wconf 90' lang='lat' dir='ltr'><strong>in</strong></span> 
     </span>
    </p>
   </div>
   <div class='ocr_carea' id='block_1_95' title="bbox 1854 4672 2504 4728">
    <p class='ocr_par' dir='ltr' id='par_1_95' title="bbox 1854 4672 2504 4728">
     <span class='ocr_line' id='line_1_97' title="bbox 1854 4672 2504 4728; baseline 0.003 -2"><span class='ocrx_word' id='word_1_690' title='bbox 1854 4672 1974 4726; x_wconf 81' lang='lat' dir='ltr'><strong>cod.</strong></span> <span class='ocrx_word' id='word_1_691' title='bbox 2011 4672 2201 4725; x_wconf 75' lang='lat' dir='ltr'><strong>llober.</strong></span> <span class='ocrx_word' id='word_1_692' title='bbox 2333 4682 2350 4694; x_wconf 54' lang='grc' dir='ltr'><strong><em>δ</em></strong></span> <span class='ocrx_word' id='word_1_693' title='bbox 2496 4719 2504 4728; x_wconf 96' lang='grc'><em>.</em></span> 
     </span>
    </p>
   </div>
   <div class='ocr_carea' id='block_1_96' title="bbox 1928 4739 3437 4815">
    <p class='ocr_par' dir='ltr' id='par_1_96' title="bbox 1928 4739 3437 4815">
     <span class='ocr_line' id='line_1_98' title="bbox 1928 4739 3437 4815; baseline 0.005 -22"><span class='ocrx_word' id='word_1_694' title='bbox 1928 4739 1955 4777; x_wconf 72' lang='lat' dir='ltr'><strong>h</strong></span> <span class='ocrx_word' id='word_1_695' title='bbox 1996 4743 2189 4815; x_wconf 80' lang='lat' dir='ltr'><strong>Chesu.</strong></span> <span class='ocrx_word' id='word_1_696' title='bbox 2215 4781 2228 4806; x_wconf 95' lang='lat'><strong>,</strong></span> <span class='ocrx_word' id='word_1_697' title='bbox 2281 4741 2496 4815; x_wconf 80' lang='lat' dir='ltr'><strong>Pontem</strong></span> <span class='ocrx_word' id='word_1_698' title='bbox 2542 4742 2778 4815; x_wconf 76' lang='lat' dir='ltr'><strong>lfugom&#39;s</strong></span> <span class='ocrx_word' id='word_1_699' title='bbox 2813 4745 2985 4798; x_wconf 85' lang='lat' dir='ltr'><strong>villam</strong></span> <span class='ocrx_word' id='word_1_700' title='bbox 3033 4745 3304 4815; x_wconf 80' lang='lat' dir='ltr'><strong>publicam.</strong></span> <span class='ocrx_word' id='word_1_701' title='bbox 3341 4745 3437 4800; x_wconf 82' lang='lat' dir='ltr'><strong>Est</strong></span> 
     </span>
    </p>
   </div>
   <div class='ocr_carea' id='block_1_97' title="bbox 1859 4811 3434 4882">
    <p class='ocr_par' dir='ltr' id='par_1_97' title="bbox 1859 4811 3434 4882">
     <span class='ocr_line' id='line_1_99' title="bbox 1859 4811 3434 4882; baseline 0.003 -17"><span class='ocrx_word' id='word_1_702' title='bbox 1859 4811 2226 4882; x_wconf 10' lang='lat' dir='ltr'><strong>Pontigo,iseu</strong></span> <span class='ocrx_word' id='word_1_703' title='bbox 2272 4814 2510 4874; x_wconf 87' lang='lat' dir='ltr'><strong>Pontico,</strong></span> <span class='ocrx_word' id='word_1_704' title='bbox 2550 4815 2704 4880; x_wconf 85' lang='lat' dir='ltr'><strong>vulgo</strong></span> <span class='ocrx_word' id='word_1_705' title='bbox 2755 4813 2992 4880; x_wconf 83' lang='lat' dir='ltr'><strong>I’ontion,</strong></span> <span class='ocrx_word' id='word_1_706' title='bbox 3027 4811 3093 4868; x_wconf 82' lang='lat' dir='ltr'><strong>de</strong></span> <span class='ocrx_word' id='word_1_707' title='bbox 3124 4831 3229 4881; x_wconf 88' lang='lat' dir='ltr'><strong>quo</strong></span> <span class='ocrx_word' id='word_1_708' title='bbox 3274 4832 3434 4882; x_wconf 85' lang='lat' dir='ltr'><strong>supra</strong></span> 
     </span>
    </p>
   </div>
   <div class='ocr_carea' id='block_1_98' title="bbox 1853 4881 3428 4963">
    <p class='ocr_par' dir='ltr' id='par_1_98' title="bbox 1853 4881 3428 4963">
     <span class='ocr_line' id='line_1_100' title="bbox 1853 4881 3428 4963; baseline 0.002 -29"><span class='ocrx_word' id='word_1_709' title='bbox 1853 4883 1919 4934; x_wconf 88' lang='lat' dir='ltr'><strong>ad</strong></span> <span class='ocrx_word' id='word_1_710' title='bbox 1953 4897 2069 4963; x_wconf 74' lang='lat' dir='ltr'><strong>cap.</strong></span> <span class='ocrx_word' id='word_1_711' title='bbox 2095 4881 2165 4933; x_wconf 71' lang='lat'><strong>25</strong></span> <span class='ocrx_word' id='word_1_712' title='bbox 2194 4883 2640 4963; x_wconf 42' lang='lat' dir='ltr'><strong>lili._iv_l|istori.;e</strong></span> <span class='ocrx_word' id='word_1_713' title='bbox 2670 4884 2930 4962; x_wconf 71' lang='lat' dir='ltr'><strong>Gregorii.</strong></span> <span class='ocrx_word' id='word_1_714' title='bbox 3080 4881 3428 4954; x_wconf 83' lang='lat' dir='ltr'><strong>Stephanilll</strong></span> 
     </span>
    </p>
   </div>
   <div class='ocr_carea' id='block_1_99' title="bbox 1855 4953 3429 5087">
    <p class='ocr_par' dir='ltr' id='par_1_99' title="bbox 1855 4953 3429 5087">
     <span class='ocr_line' id='line_1_101' title="bbox 1855 4953 3187 5026; baseline 0.002 -23"><span class='ocrx_word' id='word_1_715' title='bbox 1855 4955 2185 5026; x_wconf 81' lang='lat' dir='ltr'><strong>receptione.</strong></span> <span class='ocrx_word' id='word_1_716' title='bbox 2221 4953 2337 5006; x_wconf 89' lang='lat' dir='ltr'><strong>vide</strong></span> <span class='ocrx_word' id='word_1_717' title='bbox 2368 4953 2702 5006; x_wconf 83' lang='lat' dir='ltr'><strong>Anastasium</strong></span> <span class='ocrx_word' id='word_1_718' title='bbox 2735 4953 2785 5002; x_wconf 90' lang='lat' dir='ltr'><strong>in</strong></span> <span class='ocrx_word' id='word_1_719' title='bbox 2813 4953 2930 5017; x_wconf 83' lang='lat' dir='ltr'><strong>ejus</strong></span> <span class='ocrx_word' id='word_1_720' title='bbox 2978 4953 3115 5005; x_wconf 82' lang='lat' dir='ltr'><strong>Vita.</strong></span> <span class='ocrx_word' id='word_1_721' title='bbox 3184 4953 3187 4954; x_wconf 62' lang='grc'><strong><em>⁷</em></strong></span> 
     </span>
     <span class='ocr_line' id='line_1_102' title="bbox 1935 5021 3429 5087; baseline 0.001 -14"><span class='ocrx_word' id='word_1_722' title='bbox 1935 5031 1948 5056; x_wconf 84' lang='grc' dir='ltr'>ι</span> <span class='ocrx_word' id='word_1_723' title='bbox 1998 5021 2258 5074; x_wconf 78' lang='lat' dir='ltr'><strong>Hiemavit</strong></span> <span class='ocrx_word' id='word_1_724' title='bbox 2291 5021 2520 5085; x_wconf 88' lang='lat' dir='ltr'><strong>pontifex</strong></span> <span class='ocrx_word' id='word_1_725' title='bbox 2555 5024 2604 5073; x_wconf 91' lang='lat' dir='ltr'><strong>in</strong></span> <span class='ocrx_word' id='word_1_726' title='bbox 2639 5021 2928 5087; x_wconf 72' lang='lat' dir='ltr'><strong>perco&#39;lebri</strong></span> <span class='ocrx_word' id='word_1_727' title='bbox 2959 5022 3284 5076; x_wconf 73' lang='lat' dir='ltr'><strong>monasterio</strong></span> <span class='ocrx_word' id='word_1_728' title='bbox 3305 5038 3429 5076; x_wconf 84' lang='lat' dir='ltr'><strong>san-</strong></span> 
     </span>
    </p>
   </div>
   <div class='ocr_carea' id='block_1_100' title="bbox 1855 5091 3431 5172">
    <p class='ocr_par' dir='ltr' id='par_1_100' title="bbox 1855 5091 3431 5172">
     <span class='ocr_line' id='line_1_103' title="bbox 1855 5091 3431 5172; baseline 0.001 -28"><span class='ocrx_word' id='word_1_729' title='bbox 1855 5091 1925 5170; x_wconf 71' lang='lat' dir='ltr'><strong>cti</strong></span> <span class='ocrx_word' id='word_1_730' title='bbox 1963 5092 2215 5172; x_wconf 56' lang='lat' dir='ltr'><strong>Dionvsii,</strong></span> <span class='ocrx_word' id='word_1_731' title='bbox 2244 5093 2496 5170; x_wconf 75' lang='lat' dir='ltr'><strong>gravique</strong></span> <span class='ocrx_word' id='word_1_732' title='bbox 2528 5093 2713 5142; x_wconf 93' lang='lat' dir='ltr'><strong>morbo</strong></span> <span class='ocrx_word' id='word_1_733' title='bbox 2742 5091 2991 5172; x_wconf 76' lang='lat' dir='ltr'><strong>afﬂictus,</strong></span> <span class='ocrx_word' id='word_1_734' title='bbox 3033 5091 3201 5172; x_wconf 77' lang='lat' dir='ltr'><strong>sancti</strong></span> <span class='ocrx_word' id='word_1_735' title='bbox 3234 5104 3431 5172; x_wconf 43' lang='lat' dir='ltr'><strong>inartyj</strong></span> 
     </span>
    </p>
   </div>
   <div class='ocr_carea' id='block_1_101' title="bbox 1783 5160 3432 5231">
    <p class='ocr_par' dir='ltr' id='par_1_101' title="bbox 1783 5160 3432 5231">
     <span class='ocr_line' id='line_1_104' title="bbox 1783 5160 3432 5231; baseline 0.001 -17"><span class='ocrx_word' id='word_1_736' title='bbox 1783 5171 1836 5231; x_wconf 77' lang='grc' dir='ltr'><strong>υ</strong></span> <span class='ocrx_word' id='word_1_737' title='bbox 1864 5160 1937 5214; x_wconf 91' lang='lat' dir='ltr'><strong>ris</strong></span> <span class='ocrx_word' id='word_1_738' title='bbox 1969 5161 2211 5231; x_wconf 81' lang='lat' dir='ltr'><strong>precibus</strong></span> <span class='ocrx_word' id='word_1_739' title='bbox 2239 5161 2515 5213; x_wconf 81' lang='lat' dir='ltr'><strong>sanitatem</strong></span> <span class='ocrx_word' id='word_1_740' title='bbox 2551 5162 2905 5231; x_wconf 73' lang='lat' dir='ltr'><strong>recuperavit.</strong></span> <span class='ocrx_word' id='word_1_741' title='bbox 2953 5161 3078 5215; x_wconf 92' lang='lat' dir='ltr'><strong>lude</strong></span> <span class='ocrx_word' id='word_1_742' title='bbox 3117 5163 3304 5216; x_wconf 88' lang='lat' dir='ltr'><strong>abiens</strong></span> <span class='ocrx_word' id='word_1_743' title='bbox 3333 5160 3432 5217; x_wconf 63' lang='lat' dir='ltr'><strong>lori</strong></span> 
     </span>
    </p>
   </div>
   <div class='ocr_carea' id='block_1_102' title="bbox 1861 5228 3434 5302">
    <p class='ocr_par' dir='ltr' id='par_1_102' title="bbox 1861 5228 3434 5302">
     <span class='ocr_line' id='line_1_105' title="bbox 1861 5228 3434 5302; baseline 0.003 -20"><span class='ocrx_word' id='word_1_744' title='bbox 1861 5230 2134 5302; x_wconf 79' lang='lat' dir='ltr'><strong>iuouachis</strong></span> <span class='ocrx_word' id='word_1_745' title='bbox 2165 5231 2376 5302; x_wconf 86' lang='lat' dir='ltr'><strong>pallium</strong></span> <span class='ocrx_word' id='word_1_746' title='bbox 2409 5244 2562 5302; x_wconf 84' lang='lat' dir='ltr'><strong>suum</strong></span> <span class='ocrx_word' id='word_1_747' title='bbox 2597 5228 2897 5302; x_wconf 78' lang='lat' dir='ltr'><strong>pontificale</strong></span> <span class='ocrx_word' id='word_1_748' title='bbox 2930 5231 2980 5284; x_wconf 92' lang='lat' dir='ltr'><strong>in</strong></span> <span class='ocrx_word' id='word_1_749' title='bbox 3014 5234 3214 5286; x_wconf 88' lang='lat' dir='ltr'><strong>amoris</strong></span> <span class='ocrx_word' id='word_1_750' title='bbox 3244 5235 3434 5302; x_wconf 83' lang='lat' dir='ltr'><strong>pignus</strong></span> 
     </span>
    </p>
   </div>
   <div class='ocr_carea' id='block_1_103' title="bbox 1859 5299 3435 5366">
    <p class='ocr_par' dir='ltr' id='par_1_103' title="bbox 1859 5299 3435 5366">
     <span class='ocr_line' id='line_1_106' title="bbox 1859 5299 3435 5366; baseline 0.002 -16"><span class='ocrx_word' id='word_1_751' title='bbox 1859 5301 2110 5366; x_wconf 79' lang='lat' dir='ltr'><strong>reliquit,</strong></span> <span class='ocrx_word' id='word_1_752' title='bbox 2172 5301 2311 5366; x_wconf 90' lang='lat' dir='ltr'><strong>quod</strong></span> <span class='ocrx_word' id='word_1_753' title='bbox 2363 5299 2668 5350; x_wconf 89' lang='lat' dir='ltr'><strong>etiamnunc</strong></span> <span class='ocrx_word' id='word_1_754' title='bbox 2715 5301 2964 5366; x_wconf 70' lang='lat' dir='ltr'><strong>religiose</strong></span> <span class='ocrx_word' id='word_1_755' title='bbox 3011 5299 3323 5356; x_wconf 48' lang='lat' dir='ltr'><strong>asservantf</strong></span> <span class='ocrx_word' id='word_1_756' title='bbox 3362 5306 3435 5354; x_wconf 78' lang='lat' dir='ltr'><strong>lle</strong></span> 
     </span>
    </p>
   </div>
   <div class='ocr_carea' id='block_1_104' title="bbox 1859 5369 3425 5438">
    <p class='ocr_par' dir='ltr' id='par_1_104' title="bbox 1859 5369 3425 5438">
     <span class='ocr_line' id='line_1_107' title="bbox 1859 5369 3425 5438; baseline 0.001 -18"><span class='ocrx_word' id='word_1_757' title='bbox 1859 5369 2064 5436; x_wconf 79' lang='lat' dir='ltr'><strong>Pippini</strong></span> <span class='ocrx_word' id='word_1_758' title='bbox 2098 5370 2363 5434; x_wconf 84' lang='lat' dir='ltr'><strong>unctione,</strong></span> <span class='ocrx_word' id='word_1_759' title='bbox 2398 5369 2618 5436; x_wconf 85' lang='lat' dir='ltr'><strong>aliisque</strong></span> <span class='ocrx_word' id='word_1_760' title='bbox 2650 5369 2805 5423; x_wconf 89' lang='lat' dir='ltr'><strong>rebus</strong></span> <span class='ocrx_word' id='word_1_761' title='bbox 2831 5387 2859 5423; x_wconf 84' lang='lat' dir='ltr'><strong>a</strong></span> <span class='ocrx_word' id='word_1_762' title='bbox 2881 5373 3151 5438; x_wconf 84' lang='lat' dir='ltr'><strong>Stephano</strong></span> <span class='ocrx_word' id='word_1_763' title='bbox 3175 5377 3225 5425; x_wconf 89' lang='lat' dir='ltr'><strong>in</strong></span> <span class='ocrx_word' id='word_1_764' title='bbox 3260 5372 3425 5424; x_wconf 83' lang='lat' dir='ltr'><strong>Gallia</strong></span> 
     </span>
    </p>
   </div>
   <div class='ocr_carea' id='block_1_105' title="bbox 1859 5438 3428 5508">
    <p class='ocr_par' dir='ltr' id='par_1_105' title="bbox 1859 5438 3428 5508">
     <span class='ocr_line' id='line_1_108' title="bbox 1859 5438 3428 5508; baseline 0 -17"><span class='ocrx_word' id='word_1_765' title='bbox 1859 5440 2040 5507; x_wconf 80' lang='lat' dir='ltr'><strong>gestis,</strong></span> <span class='ocrx_word' id='word_1_766' title='bbox 2063 5439 2282 5507; x_wconf 87' lang='lat' dir='ltr'><strong>ejusque</strong></span> <span class='ocrx_word' id='word_1_767' title='bbox 2314 5440 2362 5491; x_wconf 93' lang='lat' dir='ltr'><strong>in</strong></span> <span class='ocrx_word' id='word_1_768' title='bbox 2399 5438 2596 5492; x_wconf 88' lang='lat' dir='ltr'><strong>Urbem</strong></span> <span class='ocrx_word' id='word_1_769' title='bbox 2624 5440 2792 5493; x_wconf 88' lang='lat' dir='ltr'><strong>reditu</strong></span> <span class='ocrx_word' id='word_1_770' title='bbox 2824 5443 3075 5508; x_wconf 87' lang='lat' dir='ltr'><strong>legendus</strong></span> <span class='ocrx_word' id='word_1_771' title='bbox 3101 5441 3428 5494; x_wconf 78' lang='lat' dir='ltr'><strong>Anastasius.</strong></span> 
     </span>
    </p>
   </div>
   <div class='ocr_carea' id='block_1_106' title="bbox 1934 5509 3429 5574">
    <p class='ocr_par' dir='ltr' id='par_1_106' title="bbox 1934 5509 3429 5574">
     <span class='ocr_line' id='line_1_109' title="bbox 1934 5509 3429 5574; baseline 0.001 -17"><span class='ocrx_word' id='word_1_772' title='bbox 1934 5520 1947 5557; x_wconf 75' lang='grc' dir='ltr'><strong><em>ι</em></strong></span> <span class='ocrx_word' id='word_1_773' title='bbox 1997 5509 2129 5562; x_wconf 86' lang='lat' dir='ltr'><strong>Cum</strong></span> <span class='ocrx_word' id='word_1_774' title='bbox 2178 5509 2348 5562; x_wconf 88' lang='lat' dir='ltr'><strong>tribus</strong></span> <span class='ocrx_word' id='word_1_775' title='bbox 2378 5509 2646 5561; x_wconf 58' lang='lat' dir='ltr'><strong>mensibus</strong></span> <span class='ocrx_word' id='word_1_776' title='bbox 2683 5512 2832 5574; x_wconf 82' lang='lat' dir='ltr'><strong>juxta</strong></span> <span class='ocrx_word' id='word_1_777' title='bbox 2868 5525 3106 5563; x_wconf 89' lang='lat' dir='ltr'><strong>nostrum</strong></span> <span class='ocrx_word' id='word_1_778' title='bbox 3143 5511 3429 5571; x_wconf 89' lang='lat' dir='ltr'><strong>calculum,</strong></span> 
     </span>
    </p>
   </div>
   <div class='ocr_carea' id='block_1_107' title="bbox 1861 5577 3430 5647">
    <p class='ocr_par' dir='ltr' id='par_1_107' title="bbox 1861 5577 3430 5647">
     <span class='ocr_line' id='line_1_110' title="bbox 1861 5577 3430 5647; baseline 0.002 -18"><span class='ocrx_word' id='word_1_779' title='bbox 1861 5579 1944 5631; x_wconf 82' lang='lat' dir='ltr'><strong>hic</strong></span> <span class='ocrx_word' id='word_1_780' title='bbox 1975 5579 2169 5647; x_wconf 85' lang='lat' dir='ltr'><strong>quippe</strong></span> <span class='ocrx_word' id='word_1_781' title='bbox 2210 5595 2406 5631; x_wconf 88' lang='lat' dir='ltr'><strong>annum</strong></span> <span class='ocrx_word' id='word_1_782' title='bbox 2429 5595 2456 5631; x_wconf 91' lang='lat' dir='ltr'><strong>a</strong></span> <span class='ocrx_word' id='word_1_783' title='bbox 2489 5579 2735 5632; x_wconf 76' lang='lat' dir='ltr'><strong>Kalendis</strong></span> <span class='ocrx_word' id='word_1_784' title='bbox 2766 5580 2960 5633; x_wconf 78' lang='lat' dir='ltr'><strong>Martiis</strong></span> <span class='ocrx_word' id='word_1_785' title='bbox 2989 5580 3219 5632; x_wconf 86' lang='lat' dir='ltr'><strong>inchoat.</strong></span> <span class='ocrx_word' id='word_1_786' title='bbox 3251 5577 3430 5643; x_wconf 79' lang='lat' dir='ltr'><strong>Quare</strong></span> 
     </span>
    </p>
   </div>
   <div class='ocr_carea' id='block_1_108' title="bbox 1861 5648 2972 5716">
    <p class='ocr_par' dir='ltr' id='par_1_108' title="bbox 1861 5648 2972 5716">
     <span class='ocr_line' id='line_1_111' title="bbox 1861 5648 2972 5716; baseline 0.001 -18"><span class='ocrx_word' id='word_1_787' title='bbox 1861 5650 2021 5716; x_wconf 85' lang='lat' dir='ltr'><strong>paulo</strong></span> <span class='ocrx_word' id='word_1_788' title='bbox 2050 5651 2292 5714; x_wconf 75' lang='lat' dir='ltr'><strong>superius</strong></span> <span class='ocrx_word' id='word_1_789' title='bbox 2320 5654 2682 5713; x_wconf 74' lang='lat' dir='ltr'><strong>ajlptlSllllllllS,</strong></span> <span class='ocrx_word' id='word_1_790' title='bbox 2713 5667 2798 5700; x_wconf 88' lang='lat' dir='ltr'><strong>an.</strong></span> <span class='ocrx_word' id='word_1_791' title='bbox 2847 5648 2972 5702; x_wconf 69' lang='grc'><strong>554.</strong></span> 
     </span>
    </p>
   </div>
   <div class='ocr_carea' id='block_1_109' title="bbox 1931 5717 3140 5772">
    <p class='ocr_par' dir='ltr' id='par_1_109' title="bbox 1931 5717 3140 5772">
     <span class='ocr_line' id='line_1_112' title="bbox 1931 5717 3140 5772; baseline 0.001 -3"><span class='ocrx_word' id='word_1_792' title='bbox 1931 5717 1955 5753; x_wconf 72' lang='grc' dir='ltr'><strong>¹ί</strong></span> <span class='ocrx_word' id='word_1_793' title='bbox 1975 5759 1980 5763; x_wconf 94' lang='grc'>.</span> <span class='ocrx_word' id='word_1_794' title='bbox 1999 5721 2227 5772; x_wconf 79' lang='lat' dir='ltr'><strong>Annales</strong></span> <span class='ocrx_word' id='word_1_795' title='bbox 2257 5719 2540 5771; x_wconf 85' lang='lat' dir='ltr'><strong>Metteuscs</strong></span> <span class='ocrx_word' id='word_1_796' title='bbox 2569 5719 2762 5772; x_wconf 87' lang='lat' dir='ltr'><strong>habent</strong></span> <span class='ocrx_word' id='word_1_797' title='bbox 2803 5718 3140 5770; x_wconf 80' lang='lat' dir='ltr'><strong>Brennacum.</strong></span> 
     </span>
    </p>
   </div>
   <div class='ocr_carea' id='block_1_110' title="bbox 1935 5785 3108 5854">
    <p class='ocr_par' dir='ltr' id='par_1_110' title="bbox 1935 5785 3108 5854">
     <span class='ocr_line' id='line_1_113' title="bbox 1935 5785 3108 5854; baseline -0.001 -15"><span class='ocrx_word' id='word_1_798' title='bbox 1935 5785 1950 5823; x_wconf 81' lang='grc' dir='ltr'>ι</span> <span class='ocrx_word' id='word_1_799' title='bbox 1996 5787 2084 5840; x_wconf 88' lang='lat' dir='ltr'><strong>Sic</strong></span> <span class='ocrx_word' id='word_1_800' title='bbox 2116 5790 2245 5839; x_wconf 81' lang='lat' dir='ltr'><strong>Bob.</strong></span> <span class='ocrx_word' id='word_1_801' title='bbox 2276 5789 2412 5839; x_wconf 60' lang='lat' dir='ltr'><strong>I&#39;lditi</strong></span> <span class='ocrx_word' id='word_1_802' title='bbox 2447 5803 2589 5846; x_wconf 81' lang='lat' dir='ltr'><strong>vero,</strong></span> <span class='ocrx_word' id='word_1_803' title='bbox 2623 5788 2914 5854; x_wconf 74' lang='lat' dir='ltr'><strong>Stephanus</strong></span> <span class='ocrx_word' id='word_1_804' title='bbox 2955 5803 3108 5854; x_wconf 83' lang='lat' dir='ltr'><strong>papa.</strong></span> 
     </span>
    </p>
   </div>
   <div class='ocr_carea' id='block_1_111' title="bbox 1931 5855 3432 5926">
    <p class='ocr_par' dir='ltr' id='par_1_111' title="bbox 1931 5855 3432 5926">
     <span class='ocr_line' id='line_1_114' title="bbox 1931 5855 3432 5926; baseline 0.001 -16"><span class='ocrx_word' id='word_1_805' title='bbox 1931 5865 1967 5892; x_wconf 73' lang='grc' dir='ltr'>ω</span> <span class='ocrx_word' id='word_1_806' title='bbox 1995 5858 2178 5922; x_wconf 85' lang='lat' dir='ltr'><strong>Ches.,</strong></span> <span class='ocrx_word' id='word_1_807' title='bbox 2213 5857 2486 5925; x_wconf 80' lang='lat' dir='ltr'><strong>mendose,</strong></span> <span class='ocrx_word' id='word_1_808' title='bbox 2523 5855 2718 5910; x_wconf 83' lang='lat' dir='ltr'><strong>Clasas.</strong></span> <span class='ocrx_word' id='word_1_809' title='bbox 2742 5857 2917 5910; x_wconf 67' lang='lat' dir='ltr'><strong>Clusae</strong></span> <span class='ocrx_word' id='word_1_810' title='bbox 2948 5856 3284 5926; x_wconf 84' lang='lat' dir='ltr'><strong>appellantur</strong></span> <span class='ocrx_word' id='word_1_811' title='bbox 3319 5857 3432 5912; x_wconf 75' lang='lat' dir='ltr'><strong>latt-</strong></span> 
     </span>
    </p>
   </div>
  </div>
