4016 6344
546 481 646 540 697

1739 485 2150 540 FREDEGARII
2191 486 2412 544 SCIIOL
2427 491 2640 547 \STICI

3696 504 3807 566 638

458 581 478 653 ’κ
544 616 771 661 metatus
799 615 901 673 est,
930 615 984 661 et
1007 620 1126 661 cum
1161 605 1279 659 telis
1309 615 1363 658 et
1392 605 1653 659 machinis
1681 613 1735 658 et
1758 605 1926 661 multo
1958 623 2122 677 appa-
2151 603 2194 659 A
2225 625 2350 665 nera
2375 611 2630 668 Aistulfus
2651 629 2740 668 rex
2770 617 3002 682 partibus
3032 616 3272 687 praedicti
3293 623 3433 692 regis
3457 625 3644 681 donat.
3669 627 3801 685 Nam

544 708 680 762 ratu,
705 699 842 770 quod
869 699 1110 769 nequiter
1130 709 1313 753 contra
1344 699 1747 768 Rempublicam
1774 697 1863 770 [Id
1887 711 1980 765 est,
2024 701 2120 754 im-

545 790 880 862 peratorem]
919 800 970 845 et
1009 791 1190 845 sedem
1223 790 1516 844 Romanam
1558 791 1904 860 apostolicam
1951 791 2122 846 admi-

543 889 719 945 serat,
771 880 972 934 nefarie
1017 880 1282 933 nitebatur
1325 878 1635 936 defendere.
1689 882 1756 937 Et
1792 897 1912 937 cum
1959 897 2120 952 supra

544 971 770 1040 scriptus
794 987 886 1024 rex
923 971 1174 1039 Pippinus
1207 972 1568 1026 Mauriennam
1599 987 1720 1027 cum
1750 973 1989 1028 exercitu
2020 989 2118 1030 suo

543 1061 829 1116 resedisset
860 1060 1016 1132 [Ed.,
1058 1060 1362 1132 rediisset],
1415 1071 1467 1116 et
1499 1073 1716 1131 propter
1758 1073 1979 1133 angusta
2008 1064 2122 1118 val-

543 1151 694 1214 lium,
728 1162 933 1206 montes
961 1167 1226 1221 rupesque
1256 1153 1521 1207 exercitus
1555 1153 1790 1222 praedicti
1836 1155 1978 1223 regis
2020 1154 2122 1210 mi-

544 1245 686 1298 nime
714 1245 940 1299 transire
972 1247 1283 1313 potuissent,
1323 1246 1477 1313 pauci
1525 1256 1699 1301 tamen
1731 1249 1999 1303 montibus
2025 1264 2121 1303 an-

542 1336 818 1405 gtlStisque
844 1337 975 1391 locis
997 1337 1418 1405 erumpentibus,
1450 1352 1618 1406 usque
1642 1338 1692 1391 in
1719 1339 1855 1394 valle
1881 1340 2118 1395 Seusana

540 1426 703 1496 690
733 1438 1108 1493 pervenerunt.
1141 1428 1266 1481 Haec
1295 1443 1520 1484 cernens
1555 1430 1811 1483 Aistulfns
1845 1447 1933 1484 rex
1985 1431 2094 1488 Lan

541 1517 920 1587 gobardorum,
953 1534 1139 1574 omnes
1166 1519 1546 1588 Langobardos
1574 1534 1782 1574 armare
1828 1524 2080 1590 prtecepit
2100 1566 2115 1590 ,

540 1616 594 1660 et
621 1623 739 1661 cum
769 1610 914 1663 omni
939 1609 1178 1663 exercitu
1206 1624 1304 1663 suo
1334 1624 1494 1678 super
1523 1625 1616 1664 eos
1655 1611 1926 1666 audaciter
1952 1615 2116 1668 venit.

541 1701 666 1759 "me
711 1716 990 1760 cernentes
1023 1707 1245 1774 Franci,
1295 1723 1398 1762 non
1447 1708 1558 1763 suis
1587 1710 1828 1778 auxiliis,
1876 1726 1974 1766 nec
2009 1712 2120 1766 suis

539 1793 740 1851 viribus
771 1796 1000 1853 liberare
1027 1812 1087 1853 se
1114 1798 1389 1867 putabant,
1423 1800 1517 1854 sed
1562 1800 1730 1856 Deum
1762 1803 2034 1867 invocant,
2065 1813 2120 1859 et

539 1883 750 1940 beatum
780 1884 992 1941 Petrum
1017 1888 1318 1955 apostolum
1345 1888 1643 1957 adjutorem
1672 1899 1698 1927 α
1727 1901 1934 1960 rogant.
1959 1893 2117 1949 Com-

537 1980 808 2049 missaque
833 1981 1021 2050 prtelio
1051 1980 1260 2036 fortiter
1287 1982 1424 2036 inter
1447 1997 1507 2037 se
1533 1983 1848 2039 dimicantes
1869 2025 1885 2052 ,
1921 1985 2117 2040 Aistul-
2149 1965 2192 2025 Β

535 2067 620 2125 fus
649 2086 740 2126 rex
792 2072 1260 2142 Langobardorum
1312 2073 1498 2128 Imaum
1545 2089 1777 2130 cernens
1819 2077 2115 2133 exercitum

535 2174 710 2227 suum,
744 2171 892 2232 terga
922 2164 1096 2228 vertit,
1127 2173 1179 2218 et
1210 2178 1346 2233 pene
1370 2180 1584 2220 omnem
1612 2167 1906 2222 exercitum
1931 2183 2112 2234 suum,

535 2267 693 2322 quem
733 2266 914 2308 secum
943 2253 1279 2317 adduxerat,
1327 2263 1433 2310 tam
1473 2257 1674 2325 duces,
1724 2259 1985 2325 comites,
2032 2261 2115 2316 vel

535 2356 723 2396 omnes
766 2342 993 2410 majores
1024 2351 1149 2398 natu
1186 2345 1361 2414 gentis
1404 2345 1874 2416 Langobardorum
1899 2388 1912 2411 ,
1966 2350 2018 2403 in
2046 2363 2114 2405 eo

533 2433 717 2501 praelia
757 2448 947 2490 omnes
992 2436 1201 2500 amisit;
1244 2447 1297 2490 et
1346 2437 1458 2503 ipse
1487 2439 1718 2506 quodam
1761 2448 1939 2495 monte
1970 2440 2116 2509 rupis

533 2525 622 2578 vix
654 2524 832 2595 lapsus
854 2525 1044 2590 evasit,
1078 2526 1322 2581 Ticinum
1363 2529 1549 2582 urbem
1583 2545 1732 2598 suam
1773 2544 1894 2585 cum
1928 2533 2113 2598 paucis

533 2615 697 2674 venit.
745 2615 909 2687 lgitnr
949 2618 1239 2686 prmcelsus
1267 2634 1360 2675 rex
1411 2619 1703 2688 Pippinus,
1759 2630 1963 2689 patrata
2007 2622 2117 2678 Deo

533 2704 816 2774 adjuvante
843 2706 869 2745 δ
903 2707 1124 2762 victoria
1147 2749 1164 2775 ,
1193 2723 1313 2762 cum
1346 2709 1489 2763 omni
1521 2711 1780 2769 exercitu.
1811 2711 1893 2766 vel
1935 2713 2116 2766 multi-

533 2807 715 2852 tname
741 2801 1010 2869 agminum
1047 2799 1393 2864 Francorum,
1426 2817 1592 2870 usque
1621 2802 1686 2856 ad
1715 2803 1961 2858 Ticinum
1996 2819 2116 2873 per-

535 2894 784 2952 accessit,
815 2902 987 2945 castra
1021 2900 1249 2946 metatus
1277 2903 1378 2955 est,
1411 2893 1645 2961 undique
1685 2896 1863 2948 omnia
1903 2910 2021 2964 quae
2063 2897 2113 2950 in

533 2997 666 3051 gyro
714 2983 924 3037 fuerunt
972 2995 1184 3038 vastans
1224 3001 1236 3036 :
1283 2994 1460 3051 partes
1501 2985 1663 3040 Italiae
1712 2987 1945 3040 maxime
1994 2987 2116 3056 igne

533 3073 893 3127 concremavit
917 3115 930 3139 ,
963 3083 1126 3127 totam
1161 3072 1430 3141 regionem
1465 3074 1607 3127 illam
1641 3074 1899 3140 vastavit,
1940 3084 2115 3131 castra

533 3161 1005 3231 Langobardorum
1053 3164 1232 3218 omnia
1281 3163 1499 3233 diripuit
1529 3162 1680 3235 [Ed.,
1727 3165 2022 3237 disrupit],
2059 3176 2114 3222 et

533 3253 729 3308 multos
755 3253 1036 3308 thesauros
1063 3262 1168 3308 tam
1211 3255 1323 3308 auri
1352 3263 1406 3308 et
1432 3256 1660 3324 argenti,
1690 3255 1774 3310 vel
1802 3256 1902 3311 alia
1948 3271 2112 3311 orna—

2223 712 2276 758 et
2297 704 2641 773 optimatibus
2665 707 2989 762 Francorum
3017 712 3179 766 multa
3205 726 3425 770 munera
3456 718 3677 786 largitus
3699 731 3796 776 est.

2224 797 2319 854 llis
2350 800 2526 870 itaque
2569 802 2753 870 geStis,
2789 801 3043 874 Pippinus
3070 820 3162 860 rex
3205 807 3364 880 691
3398 812 3653 877 prmdicto
3679 814 3790 870 Ste-

2225 892 2400 959 phano
2427 908 2559 962 papa
2587 904 2609 931 ο
2641 910 2762 950 cum
2791 897 3136 965 Optimatibns
3162 903 3271 956 suis
3298 911 3352 957 et
3392 904 3554 960 multa
3582 922 3798 961 munera

2225 985 2459 1052 partibus
2487 986 2670 1040 Romae
2700 1004 2818 1043 cum
2846 1005 3038 1058 magno
3069 991 3272 1047 honore
3301 993 3514 1061 direxit,
3548 1007 3602 1051 et
3642 999 3692 1052 in
3717 1013 3800 1052 se-

2223 1075 2344 1129 dem
2369 1078 2712 1144 apostolicam
2739 1075 3056 1135 incolumem
3076 1124 3091 1149 ,
3137 1084 3223 1137 ubi
3255 1083 3404 1155 [Ed.,
3435 1086 3615 1156 sicuti]
3647 1089 3795 1155 prius

2225 1166 2426 1231 fuerat,
2468 1171 2718 1226 restituit.
2771 1169 2862 1225 liis
2893 1174 3208 1237 transactis,
3245 1175 3499 1244 Pippinus
3540 1194 3634 1232 rex
3675 1194 3799 1233 cum

2222 1258 2457 1312 exercitu
2487 1273 2583 1312 suo
2629 1261 2708 1315 vel
2742 1262 2921 1315 multis
2952 1262 3216 1319 thesauris
3245 1281 3308 1319 ac
3337 1268 3518 1321 multis
3560 1271 3802 1326 muneri-

2222 1347 2320 1404 bus
2350 1350 2458 1404 Deo
2487 1351 2772 1419 adjuvante
2799 1368 3048 1410 reversus
3079 1367 3159 1410 est
3183 1359 3248 1410 ad
3279 1360 3513 1427 propria.

2293 1443 2391 1495 An.
2427 1458 2611 1496 nccev.
2639 1471 2710 1484 ---
2729 1442 2912 1498 CXXI.
2953 1445 3203 1515 Sequenti
3236 1463 3376 1501 anno
3406 1449 3666 1504 Ais'ulfns
3707 1467 3801 1506 rex

2222 1530 2691 1603 Langobardorum
2723 1536 2877 1590 fidem
2902 1552 3074 1601 snam,
3103 1553 3261 1607 qnam
3291 1541 3400 1606 regi
3435 1541 3544 1609 Pip-
3569 1543 3658 1595 ino
3683 1559 3800 1609 pro-

2222 1623 2473 1691 miserat,
2516 1626 2746 1691 peccatis
2775 1624 3090 1682 facientibus
3122 1626 3328 1682 fefellit.
3364 1629 3557 1684 lterum
3587 1631 3651 1684 ad
3696 1632 3803 1684 Ro-

2222 1727 2360 1764 mam
2389 1728 2509 1766 cum
2541 1717 2780 1769 exercitu
2810 1730 2908 1771 suo
2935 1717 3188 1783 veniens,
3219 1718 3411 1773 finibus
3436 1719 3802 1774 Rmnanorum

2223 1817 2519 1871 pervagans
2546 1802 2594 1869 ἀ,
2618 1813 2775 1873 atque
2805 1805 3076 1874 regionem
3102 1807 3243 1862 illam
3274 1819 3508 1877 vastans,
3533 1811 3595 1862 ad
3627 1812 3803 1864 eccle-

2220 1892 2353 1946 siam
2380 1894 2548 1948 sancti
2575 1894 2714 1949 Pelri
2741 1896 3056 1963 perveniens
3086 1907 3132 1962 9,
3158 1908 3212 1950 et
3239 1896 3426 1952 domos
3449 1913 3580 1966 quas
3603 1900 3801 1954 ibidem

2220 1984 2418 2050 reperit
2442 1984 2671 2040 maxime
2699 1985 2819 2055 igne
2846 1988 3229 2043 concremavit.
3267 1988 3392 2042 l-lmc
3419 1987 3673 2057 Pippinns
3703 2008 3800 2045 rex

2220 2085 2340 2126 cum
2386 2088 2484 2141 per
2513 2075 2866 2130 internuntios
2893 2076 3162 2143 audisset,
3196 2078 3415 2132 nimium
3445 2078 3622 2132 furore
3651 2089 3706 2133 et
3747 2081 3800 2134 in

2219 2160 2295 2214 ira
2326 2173 2504 2216 motus
2525 2203 2541 2227 ,
2587 2176 2856 2221 commoto
2887 2166 3076 2220 iterum
3123 2168 3268 2222 omni
3295 2169 3532 2223 exercitu
3563 2170 3800 2223 France.

2218 2267 2336 2305 rum
2367 2267 2462 2321 per
2493 2255 2848 2325 Burgundiam
2873 2298 2888 2321 ,
2941 2273 3035 2325 per
3076 2258 3440 2313 Cavalonnum
3484 2260 3702 2322 urbem,
3747 2272 3801 2315 et

2218 2340 2343 2396 inde
2373 2357 2463 2410 per
2493 2343 2718 2399 Januam
2751 2343 2770 2384 ί
2808 2362 2976 2416 usque
3006 2348 3366 2402 Manriennam
3398 2350 3632 2404 veniens.
3685 2352 3802 2406 Rox

2218 2433 2478 2488 Aistulfus
2501 2451 2621 2490 cum
2651 2437 2753 2492 hoc
2778 2439 3088 2506 reperisset,
3123 2440 3312 2493 iterum
3336 2441 3400 2493 ad
3432 2439 3619 2494 Clusas
3647 2457 3803 2495 exer-

2216 2523 2379 2578 citum
2413 2524 2882 2595 Langobardorum
2923 2529 3139 2583 mittens
3161 2570 3176 2593 ,
3224 2530 3313 2596 qui
3344 2531 3451 2598 regi
3484 2531 3710 2600 Pippino
3749 2544 3803 2588 ot

2218 2612 2438 2666 Francis
2471 2615 2816 2681 resisterent,
2871 2626 2924 2670 et
2970 2619 3211 2686 partibus
3240 2618 3404 2672 Italia:
3444 2624 3645 2675 intrare
3694 2639 3802 2676 nun

2215 2702 2472 2757 sinerent.
2505 2705 2615 2759 Rex
2648 2705 2900 2775 Pippinus
2926 2722 3046 2761 cum
3078 2711 3315 2764 exercitu
3343 2727 3461 2776 suo,
3509 2723 3692 2765 monte
3720 2714 3802 2767 Ci-

2216 2795 2355 2848 nisio
2389 2805 2413 2843 ες
2445 2804 2748 2863 transacto,
2782 2814 2949 2867 usque
2974 2801 3039 2852 ad
3068 2802 3290 2866 C!usas,
3329 2801 3418 2855 ubi
3463 2801 3802 2872 Langobardi

2214 2886 2264 2940 ei
2297 2886 2544 2942 resistere
2577 2886 2901 2954 nitebantur,
2934 2890 3274 2958 perveniens,
3316 2900 3370 2945 et
3392 2893 3572 2946 statim
3606 2893 3801 2949 Franci

2215 2976 2372 3031 solito
2399 2991 2547 3032 more
2571 3017 2586 3041 ,
2637 2987 2696 3035 ut
2737 2979 2913 3034 edocti
2945 2989 3131 3046 erant,
3166 2997 3259 3047 per
3304 2993 3512 3038 montes
3555 2994 3608 3039 et
3640 3001 3804 3051 rupes

2215 3081 2576 3142 erumpentes,
2611 3076 2662 3127 in
2689 3089 2910 3144 regnum
2943 3076 3152 3130 Aistulfi
3178 3091 3297 3132 cum
3328 3078 3492 3131 multa
3520 3079 3596 3132 ira
3627 3088 3681 3134 et
3715 3079 3802 3133 fu-

2214 3177 2338 3217 rore
2368 3163 2588 3230 intrant,
2619 3163 3002 3234 Langobardos
3031 3181 3164 3234 quos
3192 3167 3262 3222 ibi
3291 3179 3609 3235 repererunt
3635 3171 3805 3224 inter-

2217 3252 2421 3307 ficiunt.
2451 3253 2657 3322 Reliqni
2686 3257 2775 3324 qui
2817 3267 3188 3312 remanserant
3225 3259 3312 3312 vix
3340 3259 3459 3328 fuga
3503 3261 3639 3329 lapsi
3670 3278 3803 3317 eva-

532 3357 708 3400 menta
739 3360 898 3415 quam
930 3345 1187 3412 plurima,
1230 3353 1286 3401 et
1312 3323 1515 3401 eorum,
1545 3347 1769 3402 tentoria
1812 3348 1989 3402 omnia
2030 3363 2114 3403 ra-
2141 3323 2186 3387 Ο
2217 3354 2419 3398 serunt.
2457 3345 2565 3400 Rex
2596 3345 2849 3415 Pippinns
2885 3362 3005 3402 cum
3039 3360 3232 3416 nepote
3274 3365 3371 3405 suo
3402 3351 3682 3408 'I'assilone
3726 3353 3754 3391 ιι
3781 3396 3800 3419 ,

531 3436 644 3505 pait
672 3443 728 3490 et
771 3435 931 3504 cepit.
977 3435 1100 3490 llaec
1128 3450 1358 3490 cernens
1386 3434 1647 3490 Aistnlfus
1684 3451 1776 3491 rex
1809 3436 2114 3506 Langobar-

531 3527 740 3591 dorum,
771 3526 915 3596 quod
944 3527 1243 3582 nullatenus
1269 3541 1329 3581 se
1355 3526 1586 3580 evadere
1615 3524 1896 3595 potuisset,
1925 3541 2111 3595 pacem

530 3633 625 3690 per
662 3619 970 3674 sacerdotes
1006 3626 1061 3671 et
1085 3618 1370 3685 optimates
1412 3617 1739 3671 Francorum
1771 3629 1979 3686 petens,
2026 3621 2113 3674 di-

533 3710 734 3766 ctiones
765 3725 924 3779 supra
953 3709 1096 3764 dicto
1125 3723 1249 3778 rege
1274 3709 1497 3778 Pippino
1530 3708 1750 3777 faciens,
1783 3718 1836 3764 et
1855 3698 2107 3781 [Formm

531 3800 610 3873 ut]
633 3801 883 3870 quidquid
915 3808 1098 3854 contra
1126 3800 1417 3855 Romanam
1467 3802 1746 3858 ecclesiam
1794 3803 1878 3858 vel
1927 3805 2107 3859 sedem

531 3893 894 3962 Apostolicam
946 3900 1128 3946 contra
1171 3891 1302 3961 legis
1351 3892 1592 3947 ordinem
1640 3893 1872 3961 fecerat,
1917 3895 2112 3963 plenis-

532 3983 665 4038 sima
703 3983 971 4037 solutione
1015 3983 1348 4038 emendaret.
1399 3985 1746 4041 Sacramenta
1795 3995 1850 4040 et
1898 3986 2114 4043 obsides

532 4072 728 4128 ibidem
753 4072 937 4138 donat,
981 4081 1041 4126 ut
1083 4089 1354 4142 nunquam
1383 4089 1411 4129 a
1447 4075 1773 4130 Francorum
1805 4077 2010 4132 ditionc
2052 4095 2112 4134 se

530 4165 901 4231 abstraheret,
949 4177 998 4220 et
1031 4166 1258 4220 ulterius
1301 4167 1366 4221 ad
1398 4167 1580 4222 sedem
1629 4169 1974 4237 apostolicam
2007 4165 2112 4224 Ro-

532 4272 740 4313 manam
763 4267 814 4312 et
837 4258 1214 4326 rempublicam
1241 4258 1500 4313 hostiliter
1517 4275 1788 4328 nunquam
1813 4262 2106 4317 accederet.

529 4351 788 4406 Prtefatus
814 4366 907 4406 rex
948 4351 1202 4420 Pippinus
1229 4351 1463 4406 clemens
1491 4360 1548 4405 ut
1573 4363 1708 4418 erat,
1740 4355 2106 4410 misericordia

530 4450 729 4510 motus,
760 4443 918 4496 vitam
944 4451 998 4495 et
1035 4455 1256 4510 regnum
1285 4441 1335 4495 ei
1367 4441 1668 4508 concessit,
1713 4452 1766 4497 et
1796 4444 1956 4499 multa
1989 4459 2107 4498 mu-

533 4614 625 4654 ces
644 4607 699 4653 et
724 4597 984 4668 angustiae
1005 4596 1284 4668 montium.
1317 4597 1478 4668 Vallis
1505 4607 1681 4652 autem
1706 4599 1966 4664 Scnsana,
1989 4615 2107 4668 seu,

537 4669 853 4740 utrFreb_._e_t
873 4667 1005 4740 Cat}:
1034 4667 1117 4740 hic
1143 4665 1358 4740 habent,
1384 4666 1664 4740 Swesiana,
1693 4665 2104 4740 Cili.,_8uesana,

753 4846 792 4872 .,
827 4824 958 4859 Deatt
992 4824 1132 4857 rem
1170 4824 1386 4872 apostou
1415 4824 1748 4872 aaputomtm.

604 4824 630 4846 ³
670 4824 792 4872 bac,
827 4824 958 4859 Dt’au
992 4824 1132 4857 ιἐιη
1170 4824 1386 4872 αροειοιι
1415 4824 1502 4874 αα]

604 4877 627 4917 ι
671 4878 852 4939 Ches.,
887 4875 984 4929 Dei
1024 4875 1305 4944 adjutorio.

607 4960 630 4987 ε
673 4949 725 5001 Μ
754 4956 855 5006 est.
887 4947 1184 5015 pra'dt'ctum
1225 4946 1549 5012 Stephanum
1578 4964 1788 5014 papam.

601 5016 626 5054 δ
671 5019 791 5082 Ed.,
822 5017 947 5085 ﬁnes
981 5015 1327 5069 Romanorum
1357 5031 1654 5084 peragrans.

601 5099 628 5126 ⁸
669 5088 825 5149 Boh.,
849 5087 1070 5139 veniens.
1109 5085 1342 5140 Ecclesia
1370 5088 1538 5141 sancti
1569 5087 1708 5141 Petri
1756 5087 1807 5140 in
1852 5086 2107 5143 Vaticano

531 5158 654 5212 olim
684 5164 832 5211 extra
862 5154 1084 5220 Urbem,
1114 5170 1143 5208 a
1175 5155 1353 5211 Leone
1384 5155 1446 5207 IV
1478 5156 1614 5210 intra
1646 5171 1837 5211 novam
1882 5159 2097 5223 urbem,

530 5242 648 5294 qua:
668 5227 734 5280 ab
757 5241 822 5280 eo
845 5224 1072 5297 Leonina
1091 5225 1230 5297 dicta
1253 5237 1357 5289 est,
1382 5225 1585 5297 inclusa
1608 5228 1722 5280 fuit.
1758 5227 1812 5281 in
1845 5227 1924 5280 his
1947 5243 2104 5297 porro

529 5297 786 5364 angustiis
826 5296 1105 5364 epistolam
1155 5295 1460 5362 Stephanus
1512 5296 1734 5363 Pippino
1763 5307 1815 5351 et
1859 5295 2104 5355 omnibus

530 5366 748 5421 Francis
776 5367 989 5420 nomine
1017 5364 1187 5420 sancti
1220 5364 1363 5420 Petri
1392 5367 1607 5433 scripsit
1633 5385 1643 5418 :
1679 5366 1861 5421 Petrus
1900 5378 2105 5421 vocatus

527 5437 853 5504 apostolus...
890 5434 1150 5505 Pippiuo,
1203 5433 1412 5497 Carolo,
1468 5445 1573 5495 etc.
1619 5436 1747 5490 Eam
1800 5438 2008 5504 aliaque
2037 5438 2103 5491 ad

529 5506 662 5564 hanc
691 5504 964 5562 historiam
995 5504 1311 5573 pertinentia
1339 5506 1683 5560 instrumenta
1715 5507 1916 5574 profert
1939 5506 2104 5562 Coin-

526 5580 630 5632 tlus
657 5587 800 5634 tome
825 5592 858 5631 v
887 5573 1078 5630 Annal.

599 5645 620 5685 ί
662 5648 791 5702 Bnh.
812 5688 827 5710 ,
855 5644 1164 5707 Cavilonno,
1195 5640 1415 5699 Geneva.
1446 5644 1538 5698 Hm
1567 5645 1726 5698 urbes
1765 5654 1920 5710 sunt,
1969 5644 2103 5701 Clud-

524 5715 966 5782 tons-snr-Sadne,
1007 5712 1223 5777 Geneve,
1252 5713 1564 5770 SaintJean
1592 5716 1655 5768 de
1685 5714 2009 5770 Maurienne.

597 5795 624 5834 ι
668 5787 835 5854 Vulgo
861 5786 908 5840 le
940 5793 1077 5854 ment
1097 5782 1272 5854 .Cénis,
1303 5784 1356 5838 in
1385 5783 1606 5853 Alpibus
1634 5785 1843 5842 Cottiis.

597 5853 634 5926 '1‘
659 5853 910 5926 Tas§i_lo._
929 5863 994 5926 ex
1023 5853 1301 5910 Chiltrude
1348 5869 1442 5909 seu
1488 5854 1746 5925 Hiltrude,
1777 5857 1846 5914 de
1877 5871 1976 5926 qua
2009 5871 2098 5912 su-

525 5922 722 5992 perius,
765 5923 972 5992 Pippini
1000 5938 1184 5986 sorore
1208 5933 1366 5980 natus
1391 5932 1525 5980 erat.

2216 3433 2578 3501 Bajoariorum
2609 3436 2767 3501 duce,
2796 3437 3034 3505 partibus
3066 3437 3229 3493 Italia:
3253 3455 3421 3509 usque
3449 3442 3515 3495 ad
3546 3444 3799 3498 Ticinum

2213 3522 2405 3577 iterum
2430 3526 2678 3590 accessit,
2705 3535 2759 3581 et
2785 3531 3258 3597 totamrcgionem
3291 3530 3434 3585 illam
3465 3533 3673 3587 fortiter
3705 3537 3800 3589 de-

2214 3625 2430 3669 vastans
2453 3655 2468 3679 ,
2509 3616 2648 3670 circa
2683 3633 2863 3673 muros
2893 3619 3062 3674 Ticini
3098 3630 3317 3690 utraque
3358 3634 3508 3690 parte
3537 3624 3649 3678 fixit
3681 3635 3800 3681 ten-

2215 3707 2370 3769 toria,
2402 3706 2472 3760 ita
2507 3717 2564 3760 ut
2595 3708 2771 3762 nullus
2813 3710 3005 3766 exinde
3030 3711 3258 3768 evadere
3302 3713 3558 3783 potuisset
3594 3713 3636 3768 ί.
3669 3715 3798 3772 Haec

2215 3797 2472 3853 Aistulfus
2504 3814 2596 3852 rex
2631 3800 3099 3872 Langobardorum
3143 3821 3399 3872 cernens,
3433 3817 3487 3864 et
3511 3809 3621 3879 jam
3672 3811 3798 3866 nul-

2214 3887 2315 3941 lam
2364 3903 2512 3956 spem
2539 3890 2699 3962 692
2740 3907 2798 3946 se
2829 3894 3085 3948 evadendi
3125 3908 3404 3964 speraret,
3449 3900 3639 3952 iterum
3700 3917 3797 3968 per

2212 3984 2652 4053 supplicationem
2684 3987 3016 4040 sacerdotum
3039 3997 3094 4042 et
3115 3990 3423 4056 optimatum
3458 3991 3789 4047 Francorum

2212 4080 2428 4132 veniens
2448 4117 2464 4141 ,
2493 4085 2548 4131 et
2578 4093 2760 4146 pacem
2816 4079 3065 4145 prtedicto
3098 4082 3206 4148 regi
3253 4082 3585 4150 supplicans,
3619 4096 3672 4138 et
3704 4100 3802 4137 sa-

2211 4180 2484 4224 cramenta
2522 4184 2640 4239 quze
2669 4169 2892 4238 prmfato
2922 4171 3030 4241 regi
3057 4171 3255 4225 dudum
3286 4172 3528 4239 dederat,
3559 4189 3621 4228 ac
3646 4176 3792 4242 quod

2212 4262 2364 4333 ιω..
2398 4270 2456 4316 ιιι
2501 4261 2611 4331 qui]
2657 4273 2840 4317 contra
2872 4263 3052 4316 sedem
3087 4265 3432 4330 apostolicam
3477 4280 3591 4319 rom
3640 4266 3794 4320 nefa-

2213 4354 2343 4406 riam
2377 4353 2613 4417 fecerat,
2648 4355 2826 4407 omnia
2859 4369 2952 4421 per
2995 4354 3251 4423 judicium
3304 4355 3660 4420 FranCurum,
3706 4359 3794 4412 vel

2211 4445 2548 4499 sacerdotum
2597 4445 2903 4514 plenissima
2933 4445 3200 4500 solutione
3241 4449 3571 4502 emendaret.
3625 4449 3791 4520 Igitur

2289 4602 2302 4639 ί
2349 4603 2516 4666 Tunc,
2551 4616 2607 4656 ut
2636 4613 2817 4657 narrat
2843 4603 3182 4666 Anastasius,
3215 4604 3552 4669 imperatoris
3584 4605 3790 4674 legatus

2216 4670 2492 4740 Pippinum
2525 4675 2793 4738 convenit,
2826 4682 2885 4727 ιιι
2909 4674 3251 4727 exarchatum
3279 4675 3504 4741 imperio
3535 4670 3789 4728 restituo-

2217 4753 2318 4796 ret.
2345 4744 2411 4798 At
2441 4744 2652 4811 negavit
2693 4743 2780 4798 ille
2808 4757 2867 4797 se
2912 4743 2961 4797 id
2994 4745 3346 4812 ρι’ωεοιὶιιιτιιιιι
3373 4783 3388 4806 ,
3419 4746 3556 4810 quod
3592 4746 3788 4800 belium

2218 4813 2317 4866 hoc
2347 4815 2464 4868 solo
2506 4815 2715 4881 pietatis
2757 4812 2969 4878 intuitu,
3001 4831 3093 4882 pro
3134 4829 3305 4866 amore
3347 4816 3510 4866 sancti
3552 4814 3697 4869 Petri
3740 4828 3786 4869 et

2215 4883 2513 4936 delictorum
2542 4899 2746 4936 suorum
2771 4883 2914 4938 venia
2941 4882 3290 4950 suscepisset,
3319 4898 3489 4949 neque
3527 4899 3588 4939 se
3636 4902 3786 4939 enm-

2214 4954 2521 5016 missurum,
2553 4963 2608 5006 ut
2635 4954 2772 5020 quod
2799 4952 2951 5007 semel
2979 4953 3119 5024 beato
3151 4951 3306 5006 Petro
3335 4954 3585 5006 obtulerat
3612 4960 3788 5024 anfer-

2212 5034 2306 5077 ret.
2351 5025 2504 5085 Hinc,
2535 5025 2608 5076 uti
2641 5025 2974 5092 preseqnitnr
3004 5023 3093 5092 ille
3134 5031 3348 5087 auctor,
3385 5026 3593 5077 firmata
3619 5023 3782 5091 pace,

2213 5094 2276 5145 de
2313 5093 2525 5159 receptis
2544 5091 2827 5147 civitatibus
2846 5111 2877 5144 a
2898 5091 2960 5144 Β.
2992 5091 3167 5155 Petro,
3194 5101 3343 5160 atque
3371 5108 3402 5144 a
3425 5104 3604 5146 sancta
3635 5096 3782 5151 Rom.

2219 5162 2475 5224 Ecclesia,
2522 5164 2597 5216 vel
2647 5164 2712 5216 ab
2759 5162 2989 5215 omnibus
3018 5163 3072 5215 in
3119 5170 3415 5228 perpetuum
3464 5165 3786 5230 pontiﬁcibus

2208 5233 2500 5302 apostolica:
2545 5233 2677 5286 sedis
2709 5234 3020 5298 possidendis
3050 5232 3184 5285 misit
3222 5232 3276 5302 in
3314 5233 3512 5298 scriptis
3552 5234 3790 5287 donatio-

2210 5317 2339 5365 nem,
2365 5319 2654 5373 amensque
2679 5303 2848 5367 hodie,
2876 5303 3064 5371 inquit,
3089 5301 3364 5373 inarchieo
3389 5311 3580 5373 sancta
3601 5313 3792 5358 nostra!

2207 5373 2433 5426 ecclesia:
2460 5371 2725 5426 recondita
2753 5381 2964 5426 tenetur.
2992 5401 3064 5412 —
3094 5371 3343 5440 Ejusdem
3371 5371 3678 5440 donationis
3701 5389 3794 5428 au-

2211 5441 2499 5496 thenticum
2524 5453 2923 5496 monumentum
2947 5452 3190 5511 superest
3211 5441 3351 5508 apud
3377 5439 3686 5496 Ravennam
3717 5445 3796 5497 la-

2210 5512 2316 5578 pidi
2349 5513 2665 5580 insculptum
2709 5512 2900 5566 litteris
2929 5511 3181 5565 Romanis
3202 5550 3217 5572 ,
3258 5511 3482 5580 tametsi
3516 5513 3791 5570 mutilum.

2209 5584 2310 5636 Sed
2355 5597 2472 5650 quae
2501 5578 2692 5637 desunt
2721 5582 2873 5636 facile
2900 5588 3123 5650 possunt
3166 5579 3427 5650 suppleri.
3460 5578 3555 5637 Sic
3600 5594 3796 5640 autem

2205 5651 2362 5705 habet
2391 5669 2405 5702 :

2275 5720 2600 5778 PII’PINUS.
2663 5720 2832 5776 PIUS.
2892 5719 3166 5775 PRIMUS.
3228 5718 3799 5777 AMPLIFICANDE.

2203 5790 2578 5846 ECCLESIIE.
2639 5791 2823 5846 ἮΑΜ.
2895 5789 3215 5844 APERUIT.
3267 5790 3355 5843 ET
3423 5788 3805 5846 EXARCHA-

2200 5861 2362 5918 TUM.
2409 5861 2775 5916 RAVENNE.
2817 5857 2959 5916 CUM
3000 5858 3726 5917 Αιιριιεεοιιιιδ............
