3982 6346
151 368 258 436 68.9

1080 368 1480 429 CllRONlCUM
1518 371 2033 433 CONTINUATUM.
2073 376 2252 435 PARS
2285 378 2590 449 QUARTA.

3301 374 3406 429 (390

149 500 250 539 rex
281 484 534 555 Pippinus
559 485 719 540 solito
744 500 894 542 more
922 485 1117 542 iterum
1148 487 1517 544 misericordia
1543 497 1740 554 motus,
1774 491 1825 551 Α
1848 505 1984 561 quos
2013 492 2214 549 dudum
2246 494 2536 552 Wait‘arius
2568 505 2754 554 contra
2795 500 2914 571 egis
2944 500 3186 557 orninem
3213 503 3419 561 occide-

149 577 218 629 ad
265 577 575 646 petitionem
623 580 937 647 optimatum
968 594 1186 635 suorum
1215 581 1379 634 vitam
1420 590 1474 636 et
1514 595 1739 651 regnum

148 669 348 724 iterato
375 671 661 725 concessit.
695 671 958 727 Aistult‘us
982 687 1078 727 rex
1110 688 1204 742 per
1227 671 1488 742 judicium
1516 672 1743 728 Franco-

145 774 270 815 rum
299 761 385 815 vel
411 761 1124 831 saeerdotum,_tltcsaurum
1155 764 1245 834 qui
1272 764 1325 819 in
1355 764 1545 819 Ticino
1584 774 1696 821 erat
1722 806 1738 833 ,

147 850 204 905 id
231 860 319 907 est
344 854 556 908 tertiam
588 864 815 924 partem,
850 854 1107 924 prtedicto
1141 856 1250 926 regi
1286 853 1527 923 tradidit,
1557 863 1613 910 et
1636 856 1739 910 alia

148 946 324 1001 multa
354 962 577 1003 munera
603 948 809 1020 majora
837 963 997 1019 quam
1040 957 1195 1005 antea
1225 948 1467 1016 dederat,
1499 948 1741 1019 partibus

146 1035 295 1104 regis
342 1035 552 1107 Pippini
597 1036 765 1092 dedit.
809 1038 1155 1094 Sacramenta
1200 1039 1398 1093 iterum
1445 1048 1499 1093 et
1526 1037 1742 1093 obsides

145 1125 337 1193 donat,
371 1134 430 1181 ut
453 1127 681 1197 amplius
728 1143 998 1197 nunquam
1028 1137 1217 1184 contra
1245 1142 1426 1198 regem
1457 1127 1739 1198 Pippinum

146 1219 237 1272 vel
282 1233 532 1288 proceres
572 1220 905 1276 Francorum
955 1221 1173 1277 rebellis
1199 1230 1253 1277 et
1294 1229 1584 1277 contumax
1621 1234 1742 1275 esse

146 1311 347 1366 debeat
377 1320 427 1380 ει,
456 1323 507 1366 et
538 1312 731 1369 tributa
763 1329 881 1384 qua:
912 1314 1245 1384 Langobardi
1274 1316 1385 1384 regi
1413 1314 1740 1371 Francorum

147 1417 178 1456 a
210 1404 373 1474 longo
404 1402 647 1474 tempore
685 1405 967 1471 dederant,
998 1407 1156 1461 annis
1180 1406 1405 1476 singulis
1432 1419 1527 1475 per
1550 1408 1743 1460 missps

147 1508 278 1547 suos
336 1494 617 1551 desolvere
670 1496 950 1552 deberent.
1000 1497 1300 1553 Praecelsus
1348 1513 1440 1553 rex
1488 1498 1742 1568 Pippinus

149 1587 325 1640 victor
361 1602 482 1640 cum
523 1588 730 1657 magnis
763 1589 1032 1645 thesauris
1069 1598 1123 1646 et
1163 1591 1348 1647 multis
1396 1591 1739 1657 muneribus,

150 1678 358 1747 absque
393 1678 520 1734 belli
549 1690 772 1748 eventu,
813 1696 934 1737 cum
965 1684 1110 1737 omni
1145 1682 1384 1739 exercitu
1432 1699 1531 1738 suo
1574 1683 1744 1738 illaesa

148 1772 214 1823 ad
262 1785 532 1839 propriam
576 1773 757 1827 sedem
784 1773 932 1843 regni
975 1775 1056 1827 sui
1108 1777 1367 1829 remeavit
1420 1775 1742 1841 incolumis,

149 1874 201 1918 et
229 1865 437 1934 quievit
465 1873 607 1920 terra
632 1881 663 1920 a
696 1865 891 1935 prteliis
930 1867 1087 1921 annis
1127 1867 1354 1922 duobus.

221 1962 325 2012 As.
357 1973 452 2013 nec
466 1958 861 2015 [NL—CXX".
883 1960 1013 2015 Post
1031 1960 1146 2015 lucc
1161 1959 1419 2016 Aistulfus
1435 1977 1528 2016 rex
1542 1959 1737 2029 Lange

151 2049 465 2116 bardorum,
485 2051 609 2106 dum
629 2053 967 2109 venationem
990 2054 1041 2108 in
1054 2053 1280 2122 quadam
1296 2054 1428 2107 silva
1441 2063 1738 2121 exerceret,

152 2142 581 2212 divinojudicio,
608 2145 674 2199 de
705 2159 843 2214 equo
873 2160 980 2215 quo
1011 2143 1233 2199 sedebat
1257 2159 1418 2214 super
1455 2145 1741 2213 quamdam

153 2236 403 2290 arborem
436 2235 726 2304 projectus,
752 2236 916 2290 vitam
941 2245 994 2291 et
1023 2250 1249 2305 regnum
1275 2234 1561 2291 crudeliter
1582 2236 1741 2305 digna

153 2335 331 2380 morte
371 2326 569 2381 amisit.
608 2325 944 2395 Langobardi
989 2340 1093 2380 una
1131 2340 1251 2380 cum
1295 2338 1559 2380 consensu
1600 2341 1742 2394 pra:-

155 2417 282 2471 dicti
330 2417 472 2487 regis
509 2416 758 2485 Pippini,
805 2426 860 2471 et
905 2416 1131 2471 consilio
1178 2429 1460 2484 procerum
1490 2430 1741 2483 suorum,

155 2510 489 2565 Desiderium
517 2512 569 2563 in
594 2511 772 2565 sedem
806 2512 953 2579 regni
983 2509 1290 2564 instituunt.

224 2604 330 2657 Ax.
375 2602 607 2657 DCCLVII.
631 2632 701 2642 —
726 2601 959 2657 CXXlll.
1001 2602 1133 2655 Dum
1164 2602 1279 2659 luce
1302 2613 1617 2672 agerentur,
1649 2619 1745 2659 rex

157 2684 417 2761 Pippinus
443 2693 762 2762 legationem
794 2692 1313 2764 Constantinopolim
1337 2695 1404 2749 ad
1442 2694 1747 2751 Constanti-

158 2800 285 2838 num
310 2784 340 2824 ιι
362 2787 737 2855 imperatorem
764 2801 858 2855 pro
879 2787 1126 2842 amicitiae
1156 2802 1339 2851 causa,
1365 2796 1421 2843 et
1440 2789 1613 2846 salute
1635 2804 1747 2846 sua:

158 2877 321 2949 693
351 2880 533 2948 patria:
564 2879 809 2944 mittens,
856 2880 1101 2935 similiter
1129 2888 1183 2934 et
1221 2880 1604 2936 Constantinus
1648 2881 1748 2935 im-

159 2984 377 3043 perator
405 2973 725 3045 legationem
770 2975 987 3044 praefato
1015 2975 1127 3045 regi
1155 2990 1274 3030 cum
1308 2975 1488 3030 multis
1515 2977 1750 3031 muneri-

160 3071 259 3123 bus
286 3079 308 3107 ε
343 3069 562 3123 mittens
586 3108 602 3134 ,
643 3077 698 3123 et
729 3068 991 3124 amicitias
1019 3078 1072 3123 et
1101 3067 1256 3123 ﬁdem
1286 3082 1383 3137 per
1411 3069 1615 3139 legatos
1657 3084 1747 3125 eo-

160 3175 279 3214 rum
301 3160 536 3216 vicissim
559 3161 694 3216 inter
713 3175 772 3216 sc
801 3160 1131 3230 promittunt.
1158 3160 1348 3216 Nescio
1366 3177 1472 3231 quo
1498 3161 1745 3229 faciente,

1828 592 1944 648 rat,
1980 584 2026 638 ci
2068 585 2274 640 solvere
2313 586 2569 655 deberet;
2624 598 2678 644 et
2721 592 2967 648 nomines
3014 606 3162 659 suos,
3212 595 3300 664 qui
3355 594 3424 651 de

1846 688 2012 744 regno
2059 675 2389 733 Francorum
2434 679 2499 734 ad
2540 682 2709 749 ipsum
2761 681 3071 737 Wailarium
3126 685 3421 753 principem

1843 764 2151 837 confugium
2196 768 2467 836 fecerant,
2507 772 2735 829 reddere
2779 775 3022 831 deberet.
3074 776 3198 833 Hac
3245 780 3422 833 omnia

1847 854 2157 925 Wail'.-r':us,
2208 874 2329 931 qua:
2377 863 2661 931 przedictus
2711 880 2807 920 rex
2862 882 2955 936 per
2985 866 3186 937 legatos
3216 884 3339 923 suos
3369 872 3421 925 ei

1844 950 2223 1018 mandaverat,
2276 955 2377 1008 hoc
2426 964 2593 1010 totum
2640 954 2819 1013 facere
2866 961 3211 1030 contempsit.
3256 961 3422 1031 Igitur

1843 1041 2098 1112 Pippinus
2136 1060 2228 1099 rex
2251 1045 2448 1101 invitus
2491 1058 2790 1103 coarctatus
2820 1060 2844 1086 ο
2872 1052 3106 1122 undique
3156 1055 3424 1109 contraxit

1843 1134 2160 1198 exercitum,
2205 1146 2256 1189 et
2309 1138 2544 1205 partibus
2594 1140 2891 1209 Aquitania:
2934 1158 3030 1213 per
3067 1158 3255 1213 pagum
3286 1144 3421 1200 Tre-

1844 1226 2117 1282 cassinutn
2145 1244 2312 1297 usque
2344 1230 2741 1285 Autisiodcrum
2775 1234 2960 1288 urbem
3000 1238 3247 1292 accessit.
3296 1237 3423 1292 lude

1844 1320 1909 1372 ad
1938 1319 2180 1391 Lig--rem
2215 1322 2431 1376 (luvium
2472 1338 2592 1378 cum
2633 1324 2778 1378 omni
2806 1327 3039 1380 exercitu
3073 1328 3421 1392 Francorum,

1844 1410 1909 1463 ad
1943 1411 2177 1466 Masuatn
2216 1411 2234 1449 τ
2262 1412 2437 1467 vicum
2469 1415 2519 1469 in
2552 1430 2687 1485 pago
2726 1416 3147 1474 Autisiodeveosi
3182 1420 3422 1490 Ligerem

1845 1501 2474 1573 ﬂuvium'transmeavit;
2529 1524 2621 1575 per
2670 1523 2860 1579 pagum
2914 1510 3208 1566 Bitorinum
3259 1529 3426 1584 usque

1846 1595 2142 1650 Arvernico
2191 1598 2440 1662 accessit,
2497 1600 2770 1666 regionem
2826 1602 2967 1657 illam
3012 1619 3330 1674 pervagans,
3369 1615 3425 1659 et

1846 1687 2133 1742 maximam
2167 1697 2372 1759 partem
2398 1691 2701 1759 Aquitania:
2733 1694 2852 1762 igne
2881 1697 3424 1756 concremavit.Wai-

1847 1777 2009 1831 larius
2051 1778 2300 1847 princeps
2353 1781 2653 1846 Aquitaniae
2692 1797 2787 1851 per
2826 1784 3027 1853 legatos
3073 1803 3199 1842 suos
3240 1802 3423 1858 pacem

1772 1862 1820 1924 Β
1849 1871 2192 1939 supplicans,
2224 1882 2557 1927 sacramenta
2602 1874 2687 1929 vel
2739 1876 2955 1932 obsides
3009 1878 3207 1934 ibidem
3261 1880 3426 1951 69.1"I

1842 1959 2029 2027 donat,
2077 1971 2131 2013 ut
2158 1976 2345 2017 omnes
2372 1962 2629 2032 justitias,
2657 1981 2789 2035 qttas
2829 1968 3080 2035 prmfatus
3122 1984 3215 2023 rex
3246 1971 3424 2039 Pippi-

1844 2068 1943 2107 nus
1988 2069 2082 2123 per
2111 2054 2312 2124 legatos
2336 2070 2464 2112 suos
2490 2058 2538 2113 ei
2568 2060 2933 2126 mandaverat,
2962 2061 3013 2115 iu
3046 2062 3239 2131 placito
3269 2063 3423 2117 insti-

1846 2152 1960 2199 tuto
2004 2144 2180 2201 facere
2205 2147 2446 2202 deberet.
2495 2150 2608 2205 Rex
2651 2150 2905 2220 Pippinus
2932 2168 3050 2207 cum
3095 2156 3241 2209 omni
3272 2170 3425 2210 exer-

1844 2237 1952 2292 citu
1981 2251 2080 2292 suo
2109 2238 2278 2294 illazso
2304 2254 2550 2296 reversus
2580 2250 2662 2296 cst
2689 2243 2755 2296 ad
2797 2244 3030 2313 propria.

1916 2330 2015 2384 AN.
2048 2344 2258 2387 occur.
2283 2361 2353 2371 —
2374 2330 2586 2388 CXXV.
2627 2333 2858 2389 Evoluto
2878 2349 3042 2404 anno,
3074 2335 3122 2389 id
3149 2345 3251 2399 est,
3280 2352 3421 2390 anno

1846 2420 2054 2476 decimo
2082 2423 2233 2493 regni
2257 2422 2443 2493 ipsius,
2467 2439 2656 2480 omnes
2678 2427 2964 2495 optimates
2995 2428 3325 2483 Francorum
3358 2431 3421 2484 ad

1848 2510 1991 2567 Dura
2020 2514 2071 2566 in
2100 2529 2236 2583 pago
2260 2514 2578 2586 Riguerinse
2603 2526 2629 2563 ις
2657 2516 2722 2571 ad
2754 2516 2957 2587 Campo
2984 2518 3181 2584 Madio,
3214 2534 3309 2588 pro
3337 2534 3427 2573 sa-

1849 2602 1958 2657 lute
1984 2602 2170 2672 patrite
2211 2614 2266 2659 et
2287 2606 2513 2660 utilitate
2543 2607 2873 2662 Francorum
2906 2610 3203 2674 tractanda,
3240 2610 3429 2677 placito

1850 2692 2095 2748 instituto
2114 2693 2178 2747 ad
2202 2709 2261 2748 se
2286 2696 2469 2750 venire
2499 2696 2775 2766 precepit.
2818 2697 2952 2751 Dum
2985 2699 3097 2753 haec
3122 2707 3431 2767 agerentur,

1850 2784 2143 2841 Wail‘arius
2166 2788 2300 2842 inito
2329 2788 2512 2858 iniquo
2541 2790 2795 2857 consilio,
2823 2801 3013 2848 contra
3039 2791 3314 2862 Pippinum
3345 2808 3429 2847 re-

1852 2893 1973 2948 gem
2003 2879 2332 2935 Francorum
2364 2880 2585 2936 insidias
2610 2891 2784 2952 parat,
2806 2883 3101 2939 exercitum
3125 2898 3276 2939 suum
3301 2898 3425 2937 cum

1852 2974 2112 3032 Uniberto
2139 2972 2167 3011 ιι
2195 2975 2393 3030 comite
2424 2974 2667 3033 Bitorino
2705 2982 2761 3030 et
2800 2975 3063 3030 Blaudino
3100 2976 3296 3031 comite
3331 2975 3433 3031 Ar-

1854 3065 2209 3136 vernico,_qui
2240 3064 2443 3120 dudum
2470 3074 2596 3121 ante
2626 3081 2823 3121 annum
2851 3068 3182 3136 superiorem
3210 3067 3276 3122 ad
3301 3082 3434 3136 pra:-

1854 3159 2054 3215 dietum
2084 3175 2264 3230 regem
2292 3157 2576 3229 Pippinum
2604 3172 2725 3213 cum
2755 3158 3097 3213 Bertellanno
3138 3156 3151 3195 ⁸
3181 3158 3434 3226 episcOpo

162 3264 347 3323 postea
380 3254 610 3309 amicitia
635 3294 652 3320 ,
702 3270 861 3325 quam
893 3254 1031 3308 inter
1056 3268 1114 3308 se
1155 3262 1341 3308 mutuo
1371 3254 1747 3324 promiserant,
1778 3251 1825 3314 C
1858 3250 2105 3306 Bitoriea:
2126 3250 2361 3305 civitatis
2393 3250 2590 3304 missus
2622 3248 2819 3318 fuerat,
2860 3258 2915 3303 et
2936 3251 3174 3303 animum
3200 3250 3343 3320 regis
3366 3249 3433 3303 ad

163 3347 464 3401 nullatenus
492 3347 679 3401 sortita
702 3356 787 3401 est
815 3342 1085 3400 ellectum.
1520 3396 1523 3397 ν

230 3436 371 3490 Asx.
405 3451 847 3491 ncccvm-nccu.
872 3464 941 3476 --
962 3432 1196 3490 CXXIV.
1228 3435 1325 3490 llis
1358 3436 1535 3503 itaque
1562 3437 1747 3508 gestis,

166 3537 217 3581 et
246 3526 459 3583 duobus
491 3528 648 3581 annis
676 3541 799 3582 cum
830 3536 969 3583 terra
999 3536 1269 3582 cessasset
1298 3543 1327 3581 a
1358 3528 1576 3596 prtelii-i,
1612 3543 1751 3598 prte—

163 3618 340 3674 dietus
365 3635 456 3675 rex
486 3618 743 3689 Pippinus
766 3619 1086 3689 legationem
1110 3618 1175 3673 ad
1197 3617 1508 3673 Wailarium
1535 3615 1561 3656 τι
1591 3618 1752 3688 Aqui-

167 3712 401 3765 tanicum
457 3710 748 3780 principem
798 3709 1033 3776 mittens,
1078 3719 1265 3779 petens
1318 3710 1365 3763 ei
1412 3724 1506 3779 per
1550 3709 1750 3778 legatos

165 3818 317 3867 suos,
370 3811 429 3857 ut
469 3818 555 3858 res
593 3803 942 3857 ecclesiarum
982 3802 1051 3858 de
1091 3816 1258 3873 regno
1290 3802 1480 3870 ipsius,
1534 3818 1650 3871 quae
1698 3802 1748 3855 in

166 3894 448 3962 Aquitania
481 3895 597 3947 sita:
637 3900 814 3957 erant,
848 3892 1120 3957 redderet,
1159 3900 1215 3947 et
1252 3892 1351 3947 sub
1396 3892 1751 3946 immunitatis

168 3989 408 4055 nomine,
430 3988 569 4043 sicut
588 3987 656 4040 ab
683 3996 837 4065 antea
873 3985 1105 4053 fuerant,
1134 3996 1478 4040 conservatas
1509 4000 1633 4040 eSse
1655 3984 1752 4037 de-

167 4079 376 4146 berent,
426 4089 483 4137 et
524 4078 735 4149 juJict-s
772 4093 836 4133 ac
877 4091 1161 4134 exactores
1200 4077 1251 4131 in
1294 4076 1625 4146 supradictas
1666 4090 1751 4130 res

165 4173 535 4237 ecclesiarum,
566 4172 706 4242 quod
747 4187 776 4225 a
811 4172 972 4242 longo
1003 4182 1245 4239 tempore
1275 4171 1471 4224 factum
1504 4183 1608 4223 non
1644 4168 1753 4222 fue-

167 4275 269 4332 rat,
299 4265 513 4319 mittere
542 4280 647 4319 non
690 4263 933 4327 deberet,
968 4272 1023 4337 et
1062 4263 1290 4319 Gottlios
1322 4262 1577 4333 praedicto
1615 4262 1751 4333 regi,

222 4384 268 4497 ιι
312 4376 446 4431 Bob.
475 4385 528 4432 et
555 4374 712 4441 Can.,
739 4392 849 4431 esse
877 4392 982 4431 non
1013 4377 1257 4431 debeat...
1288 4375 1357 4452 ad
1383 4390 1621 4446 regem...
1648 4377 1754 4431 dis-

243 4463 377 4497 sere.

164 4463 377 4500 sonere.

234 4519 263 4555 δ
310 4518 357 4571 Is
408 4526 527 4571 erat
564 4516 948 4571 Constantinus
1010 4517 1414 4588 Copronymus,
1467 4529 1744 4573 sacrarum

168 4586 457 4655 imaginum
490 4588 757 4641 ell'ractor.

243 4668 265 4695 ο
311 4661 453 4711 Inter
481 4658 580 4711 alia
630 4673 873 4725 munera,
922 4673 1042 4727 qua:
1072 4657 1333 4726 Pippinus
1367 4656 1597 4725 accepit,
1631 4666 1749 4712 erat

166 4743 452 4790 organum.
481 4729 620 4796 quod
652 4738 777 4782 tunc
814 4730 1044 4796 primum
1084 4730 1134 4782 iu
1167 4729 1353 4782 Galliis
1381 4728 1556 4782 viSum
1586 4727 1751 4783 luisse

169 4808 391 4851 narrant
421 4810 630 4851 veteres
658 4799 878 4851 ismrum
913 4807 1212 4867 temporum
1244 4800 1541 4851 annalism.

239 4869 265 4904 ιι
308 4868 531 4934 Can._et
577 4868 736 4923 Freli.
801 4883 1013 4937 semper
1066 4870 1403 4940 Waiofarius.
1451 4867 1751 4932 Aimoinus,

163 4938 485 5008 Guaifarius.

238 5021 263 5044 ε
306 5012 397 5064 Sic
425 5010 587 5065 Clies.
612 5009 735 5073 Alii,
769 5018 972 5063 coactus
999 5009 1245 5076 undique.

240 5078 259 5116 ί
308 5080 458 5133 llunc
511 5080 683 5135 locum
714 5095 838 5134 esse
872 5081 1153 5133 Messanam
1186 5084 1236 5133 iu
1281 5078 1474 5133 tabulis
1527 5078 1749 5134 Pontin-

162 5151 401 5214 gci'ianis
444 5161 790 5204 memoratam
833 5159 982 5217 putat
1033 5150 1290 5204 Valesius.
1344 5148 1513 5205 Hodie
1557 5149 1750 5203 dicitur

164 5220 360 5275 Haec.
389 5219 526 5274 Infra
557 5219 717 5275 Cbes.
756 5221 913 5273 habet
938 5224 1190 5275 mendose
1218 5220 1666 5273 :lrtttt'st'odorenst'.

236 5302 265 5339 ις
308 5292 470 5346 ['reli.
536 5291 892 5361 Iliguernensi,
940 5290 1073 5345 Call.
1113 5290 1426 5361 Riguernisi,
1458 5291 1747 5361 Chesaex-

169 5364 323 5428 ponit
354 5360 706 5424 Ripunrieusi.
748 5365 885 5414 Sunt
931 5372 1106 5415 autem
1140 5360 1374 5427 Itipnarii
1408 5360 1584 5428 pepuli
1616 5360 1749 5414 Ger-

164 5433 365 5485 mania:
412 5431 703 5497 inl'erinr‘s,
759 5431 926 5486 tribus
974 5431 1171 5493 ﬂuviis,
1215 5431 1418 5497 Illieno,
1455 5431 1667 5484 Mosella
1693 5440 1747 5484 et

160 5503 310 5556 Mosa
345 5501 557 5555 inclusi.
608 5502 746 5555 Dura
798 5516 943 5565 vero,
996 5518 1089 5556 seti
1143 5501 1323 5567 Duria,
1385 5500 1540 5555 hodie
1588 5502 1747 5568 vulgo

164 5573 397 5638 Ducren,
456 5572 508 5624 in
564 5573 759 5626 ducatu
810 5572 1099 5629 Jttliacensi
1153 5573 1217 5625 ad
1278 5570 1745 5625 ﬂuvium-[imam

163 5642 384 5711 (Macr),
425 5642 819 5711 Marcomagus,
864 5658 955 5696 seu
990 5644 1356 5711 Mat-coiturum
1392 5639 1646 5711 Ubiorum
1679 5641 1746 5693 ab

163 5709 406 5781 antiquis
432 5709 734 5777 dicebatur,
772 5724 825 5766 ut
859 5713 1109 5767 observat
1156 5710 1397 5766 Valesius
1452 5709 1503 5764 in
1554 5711 1742 5764 notitia

160 5783 488 5837 Galliarum.
540 5783 616 5837 Ilii
664 5783 785 5835 vdla
816 5784 1048 5852 publica,
1082 5797 1174 5835 seu
1230 5781 1481 5852 palatium
1529 5781 1745 5852 celebre

157 5854 371 5913 exstitit
392 5855 490 5911 sub
518 5853 750 5914 secunda
780 5850 963 5925 regum
997 5862 1298 5911 nostrorum
1324 5850 1510 5920 stirpe,
1536 5850 1602 5905 de
1637 5867 1742 5915 quo

1858 3341 2185 3399 iracundiam
2218 3342 2440 3396 nimium
2469 3349 2837 3412 provocasset,
2863 3355 2985 3394 cum
3019 3341 3240 3411 reliquis
3269 3341 3436 3396 comi-

1857 3436 2000 3490 tibus
2046 3434 2184 3490 clam
2237 3434 2504 3490 hostiliter
2551 3447 2723 3503 usque
2762 3432 3100 3488 Cavillonum
3127 3436 3174 3500 l,
3220 3449 3436 3488 onmem

1855 3527 2146 3583 exercitum
2171 3540 2325 3580 suum
2356 3523 2673 3592 transmisit,
2704 3533 2761 3579 et
2781 3534 2944 3579 totam
2964 3525 3235 3594 regionem
3268 3525 3437 3589 illum,

1856 3616 1908 3671 id
1938 3625 2022 3671 est
2051 3616 2595 3686 Augustidunensium
2640 3630 2807 3685 usque
2839 3615 2905 3669 ad
2940 3614 3274 3671 Cavitlonum
3321 3617 3439 3685 igne

1855 3710 2136 3775 cremavit,
2191 3718 2245 3764 et
2292 3709 2594 3762 suburbana
2649 3706 2911 3761 Cavilloni
2959 3706 3127 3773 urbis,
3177 3707 3437 3777 quidquid

1856 3800 2054 3856 ibidem
2088 3798 2444 3869 reperierunt,
2472 3800 2649 3853 omnia
2682 3808 3046 3855 vastaverunt.
3075 3798 3386 3856 Melciacum
3412 3798 3438 3838 ἰ

1856 3892 2035 3945 villam
2080 3892 2342 3961 publicam
2376 3892 2625 3948 inccndio
2653 3902 3055 3960 cremaverunt,
3102 3908 3220 3947 cum
3252 3893 3434 3948 multis

1855 3984 2038 4054 spoliis
2082 3994 2138 4039 et
2179 3983 2355 4051 przcda
2414 3984 2562 4037 nullo
2607 3985 2895 4039 resistente
2944 3993 3329 4038 remeaverunt
3371 3986 3436 4037 ad

1858 4080 2089 4146 propria.
2131 4077 2264 4131 Cum
2312 4076 2413 4130 hoc
2456 4076 2681 4145 Pippino
2723 4080 2834 4146 regi
2886 4079 3183 4130 nuntiatum
3226 4078 3434 4141 fuisset.

1856 4169 1997 4239 quod
2029 4168 2318 4225 Waifarius
2349 4169 2638 4223 maximam
2681 4179 2887 4238 partem
2932 4170 3081 4238 regni
3112 4170 3192 4223 siti
3225 4178 3429 4222 vastas-

1856 4272 1962 4327 set,
1994 4270 2049 4317 et
2076 4271 2408 4316 sacramenta
2436 4277 2555 4330 quae
2574 4262 2623 4317 ei
2641 4260 2866 4316 dederat
2888 4261 3181 4327 fefellisset,
3216 4261 3436 4316 nimium

1856 4375 1952 4431 lib.
1985 4390 2040 4430 tv
2073 4374 2141 4430 de
2166 4374 2243 4429 Re
2272 4373 2637 4442 diplomatica.
2662 4374 2738 4431 De
2764 4375 2968 4445 Campo
2997 4374 3169 4430 Madio
3190 4374 3331 4443 vide,
3358 4376 3437 4431 in-

1772 4500 1777 4505 .
1860 4448 1962 4510 ira,
1986 4456 2139 4500 notas
2163 4444 2230 4499 ad
2252 4460 2373 4513 cap.
2406 4446 2529 4500 t50.

1933 4514 1959 4553 ιι
1997 4515 2160 4571 Clies.
2196 4531 2388 4585 ηψπ-8.,
2426 4515 2736 4585 Huniberto,
2774 4530 2868 4571 seu
2896 4513 3234 4579 Chunibcrto,
3263 4525 3320 4571 ut
3351 4517 3435 4571 ilb-

1862 4586 1940 4640 l'ra
1981 4603 2098 4656 cap.
2134 4585 2257 4649 154,
2304 4595 2357 4641 et
2386 4586 2475 4656 alii
2514 4586 2776 4641 Umberta.
2810 4586 2947 4641 lnl‘ra
2981 4587 3138 4650 11011..
3175 4585 3437 4651 Biturica;

1784 4624 1835 4686 υ
1858 4624 2098 4713 ὃεῗηῗέί
2141 4624 2357 4722 ﬁfth”:
2386 4624 2776 4726 ’ἱξὲἱοῗυὲὂῖἶιὲἷί
2812 4624 3437 4728 ὶὶἶὶὶῐίέὲέ“ὶὲιε”ὶῑὲἐτ’ἷλξὲ

1861 4727 2175 4782 Blandinum
2207 4744 2334 4782 veto
2365 4742 2485 4783 cum
2514 4729 2701 4794 Ches.,
2737 4727 3056 4782 Blattdenum
3086 4727 3377 4796 appellant.

1935 4799 1951 4837 ί
1990 4799 2123 4853 llinc
2151 4799 2374 4853 emenda
2414 4796 2733 4854 Patriarctiii
2763 4798 3109 4853 Bituriceosis
3136 4811 3436 4864 auctorem,

1857 4872 1943 4934 qui
1974 4869 2076 4923 hoc
2106 4870 2221 4937 ipso
2244 4884 2385 4923 anno
2412 4866 2759 4924 Landrarium
2787 4884 2880 4922 seu
2914 4866 3262 4937 Laudr-arittm
3293 4868 3437 4937 Bitug

1857 4934 2140 4996 rice-nsem'
2176 4938 2488 5008 episcopum
2522 4940 2686 4993 fuisse
2719 4938 2926 5001 scribit,
2958 4936 3099 5008 nulla
3148 4934 3433 5008 liertellani

1857 5012 1995 5067 facta
2026 5006 2328 5070 mentione;
2360 5006 2462 5063 nisi
2507 5009 2550 5062 is
2599 5010 2713 5077 ipse
2757 5009 2827 5061 sit
2871 5006 3144 5072 Berlanus,
3168 5020 3329 5075 quem
3367 5006 3437 5062 ab

1856 5097 1996 5135 anno
2020 5080 2124 5135 808
2153 5080 2219 5134 ad
2244 5081 2349 5135 820
2375 5080 2578 5133 sedisse
2601 5086 2877 5134 memorat.

1930 5154 1945 5202 1
1995 5152 2088 5206 Sic
2115 5151 2274 5215 Boli.,
2308 5161 2364 5204 ut
2409 5164 2567 5215 supra
2598 5164 2696 5216 cap
2732 5147 2853 5201 121.
2886 5145 3014 5212 Alii,
3044 5144 3436 5215 Cavallounum,

1858 5223 1996 5290 quod
2030 5236 2222 5275 nomen
2268 5219 2637 5274 Cabelliouem
2674 5218 3009 5290 (Condition),
3042 5226 3098 5271 et
3123 5217 3434 5290 Cabilonem

1856 5287 2092 5347 indicare
2110 5300 2304 5359 potest,
2329 5291 2466 5359 quod
2490 5304 2618 5343 vero
2634 5289 2819 5343 Cabilo
2840 5287 3432 5357 (Chdlons-sur-Sadue),

1855 5362 1942 5417 liic
1972 5358 2303 5430 designetur,
2332 5358 2580 5415 dubitare
2609 5375 2715 5414 non
2737 5359 2864 5414 sinit
2884 5360 3109 5414 aliorum
3142 5359 3435 5430 Chronico-

1857 5449 1973 5488 rum
2006 5429 2315 5485 auctoritas.
2347 5430 2584 5485 Annales
2611 5434 2806 5500 quippe
2832 5430 3323 5500 Laureshamenses
3345 5429 3434 5500 lia-

1854 5504 1983 5559 beut
2004 5500 2346 5566 Cabillouem,
2374 5502 2463 5570 qni
2496 5496 2678 5555 vero'a
2708 5496 2946 5556 Lbiselio
2977 5500 3252 5570 t-ditisunt
3284 5496 3433 5550 Cabi-

1852 5575 2051 5637 lonum,
2082 5567 2738 5636 FuldensesCatiiloucm,
2765 5570 3051 5627 Bcrtiniani
3084 5567 3429 5621 Cavillomtm.

1851 5645 1993 5699 ldem
2042 5642 2230 5698 suadet
2278 5643 2713 5697 Cabilommsium
2769 5652 2823 5696 et
2878 5637 3430 5709 Augustoduncusium

1849 5715 2065 5776 vicinia,
2099 5730 2218 5783 qua:
2245 5713 2331 5767 hic
2359 5714 2490 5783 satis
2517 5712 2849 5783 exprimitur.

1921 5783 1947 5823 ¹ί
1988 5786 2171 5852 Ctses.,
2205 5800 2400 5854 marg,
2436 5782 2751 5839 Milliacttut.
