3982 6346
613 327 708 388 091

1814 334 2230 391 ῐίῚῐΕυΕϐᾹΒΙΙ
2271 335 2711 396 SCIIOLASTICI

3772 353 3872 419 (ίθὲ

604 444 661 507 in
694 444 769 497 ira
801 454 1100 498 commotus
1123 446 1275 516 anet
1313 462 1501 504 omnes
1531 448 1769 505 Francos
1806 460 1862 504 ιιι
1891 452 2182 516 hostiliter,
2214 451 2265 509 Α
2293 448 2549 521 Pippinus
2598 471 2715 520 rex.
2772 455 2994 513 Christo
3049 460 3203 530 duce,
3258 475 3381 517 cum
3434 466 3581 519 omni
3639 472 3868 523 exercitu

604 536 801 605 placito
853 537 1118 603 instituto,
1148 539 1215 594 ad
1246 538 1489 608 Ligerem
1524 542 1817 597 venissent.
1868 543 2182 599 Commoto-

601 645 709 697 que
738 631 975 687 exercitu
1021 648 1143 687 cum
1182 633 1330 688 omni
1370 634 1714 689 multitudine
1736 678 1751 702 ,
1785 636 1979 689 iterum
2012 650 2181 702 usque

604 721 669 773 ad
714 721 911 777 Treeas
952 724 1218 788 accessit,
1268 722 1391 795 inde
1422 740 1517 793 per
1543 724 1939 781 Autisioderum
1984 726 2048 780 ad
2081 725 2182 781 Ne-

548 846 553 853 ς
602 825 827 866 vernum
858 813 1042 871 urbem
1077 815 1320 879 veniens,
1371 816 1575 887 Ligeris
1623 818 1785 873 fluvio
1824 826 2177 889 transmeato,

601 905 669 959 ad
698 916 954 973 castrum,
1002 908 1154 977 cujus
1202 924 1396 965 nomen
1435 920 1518 966 est
1544 913 1706 984 695
1749 886 2180 977 BurboneMin

599 1012 793 1068 pagum
842 999 1135 1060 Bitorinum
1168 1001 1433 1071 pervenit.
1477 1002 1719 1072 Cumque
1750 1004 1803 1058 in
1837 1019 1970 1074 gyro
2006 1012 2179 1059 castra

601 1089 887 1162 posuisset,
929 1090 1109 1149 subito
1149 1107 1177 1145 a
1221 1091 1443 1147 Francis
1470 1103 1661 1162 captus
1700 1104 1859 1169 atque
1889 1108 2181 1149 succensus

595 1188 699 1242 ρει,
732 1188 784 1233 ct
817 1181 1062 1236 homines
1105 1179 1381 1249 Waifarii,
1433 1198 1567 1251 quos
1601 1182 1799 1240 ibidem
1834 1184 2061 1248 invenit,
2095 1199 2182 1239 se-

596 1283 717 1327 cum
770 1269 941 1336 duxit,
996 1272 1285 1326 maximam
1333 1282 1540 1342 partem
1590 1275 1892 1344 Aquitanite
1940 1285 2177 1343 vastans,

597 1372 766 1427 usque
795 1359 983 1423 urbem
1015 1360 1311 1423 Arvernam
1335 1377 1455 1424 cum
1485 1366 1630 1421 omni
1663 1369 1900 1421 exercitu
1932 1368 2177 1433 veniens,

596 1450 989 1517 Claremontem
1031 1450 1059 1496 ιι
1091 1461 1324 1515 castrum
1375 1466 1588 1523 captum
1648 1465 1809 1527 atque
1862 1472 2179 1513 succensum

598 1532 852 1600 bellando
874 1546 1037 1614 cepit,
1069 1556 1126 1601 et
1149 1548 1542 1602 multitudinem
1575 1549 1874 1615 hominum,
1899 1560 2006 1605 tam
2031 1551 2176 1605 viro-

596 1650 713 1692 rum
744 1651 903 1705 quam
936 1618 1254 1691 feminarum
1284 1637 1368 1692 vel
1401 1638 1663 1692 infantum
1694 1638 1954 1708 plurimos
1979 1639 2030 1694 in
2063 1639 2180 1708 ipso

597 1726 849 1786 incendio
890 1736 1291 1782 cremaverunt.
1351 1728 1663 1783 Blandiunm
1707 1731 1959 1785 comitem
2012 1730 2180 1799 ipsius

2289 541 2638 611 Francorum,
2671 563 2794 603 cum
2824 552 2994 605 multa
3036 552 3217 619 praeda
3246 563 3302 608 et
3328 555 3537 624 spoliis,
3566 557 3763 613 iterum
3790 574 3872 613 re-

2286 647 2475 687 versus
2503 645 2585 689 est
2614 636 2680 689 ad
2709 637 2892 693 sedem
2923 642 3217 709 propriam.

2355 723 2457 777 AN.
2477 740 2728 793 occulit,
2754 743 3003 784 nccutv.
3030 761 3099 771 —
3123 731 3381 787 CXXVII.
3409 734 3572 790 Facta
3589 746 3675 792 est
3694 749 3867 792 autem

2287 810 2439 883 longa
2464 814 2740 871 altercatio
2768 818 2906 873 inter
2934 819 3213 888 Pippinum
3244 838 3424 893 regem
3464 825 3794 880 Francorum
3819 838 3869 880 et

2288 899 2604 960 Waifarium
2636 905 2943 975 Aquitania:
2982 909 3300 979 principem.
3347 911 3605 982 Pippinus
3639 930 3729 968 rex
3764 915 3867 969 Dt-o

2285 997 2577 1052 auxiliante
2605 1002 2773 1069 magis
2802 1014 2867 1054 ac.
2893 1002 3065 1072 magis
3087 1017 3337 1058 crescens
3355 1044 3371 1065 ,
3403 1014 3459 1059 et
3483 1019 3697 1074 semper
3718 1005 3784 1060 in
3810 1021 3866 1059 se

2286 1091 2402 1158 ipso
2448 1092 2720 1147 robuSIior
2764 1093 2935 1148 factus
2978 1103 3097 1160 est;
3152 1110 3275 1163 pars
3314 1106 3492 1151 autem
3542 1096 3786 1152 Waifarii
3812 1108 3864 1152 et

2284 1183 2400 1251 ejus
2428 1184 2721 1254 tyrannitas
2759 1185 3078 1241 decrescens
3107 1187 3365 1255 quotidie.
3398 1188 3689 1245 Waifarius
3717 1192 3865 1261 prin-

2284 1288 2413 1339 ceps
2439 1290 2654 1342 semper
2684 1285 2870 1332 contra
2904 1278 3219 1347 praedictum
3256 1294 3436 1348 regem
3468 1280 3755 1350 Pippinum
3791 1285 3865 1336 io—

2282 1364 2445 1419 sitlias
2483 1380 2675 1433 parare
2705 1367 3028 1421 dissimulat.
3061 1368 3192 1424 Nam
3239 1369 3573 1427 Mancionem
3614 1383 3863 1428 Comitem

2282 1454 2665 1508 consobrinum
2711 1469 2867 1511 suum
2900 1457 3140 1525 partibus
3177 1458 3449 1518 Narbona:
3489 1477 3611 1515 cutn
3648 1463 3865 1532 reliquis

2283 1544 2570 1598 comitibus
2615 1546 2934 1614 transmisit,
2977 1558 3034 1602 ut
3069 1550 3369 1617 custodias,
3418 1568 3551 1620 quas
3583 1554 3865 1622 pradictus

2283 1650 2377 1696 rex
2420 1635 2746 1707 Narbonam,
2793 1649 3014 1709 propter
3061 1650 3275 1711 gentem
3323 1643 3749 1700 Sarracenorum
3797 1648 3861 1702 ad

2282 1728 2693 1786 custodiendum
2751 1732 3011 1796 miserat,
3065 1749 3132 1787 ne
3186 1744 3278 1789 aut
3330 1736 3629 1800 intrarent,
3686 1748 3779 1791 aut
3819 1737 3860 1794 si

593 1816 739 1876 urbis
768 1814 1079 1873 Arvernicte
1122 1826 1337 1885 captum
1366 1830 1530 1891 atque
1577 1820 1795 1889 ligatum
1827 1821 1892 1875 ad
1940 1836 2173 1891 praesen-
2205 1825 2252 1885 Β
2280 1818 2493 1888 quando
2544 1820 2733 1877 iterum
2787 1821 2840 1880 in
2889 1822 3112 1890 patriam
3141 1833 3165 1861 °
3195 1835 3625 1891 reverterentur,
3670 1840 3863 1897 capere

593 1907 721 1962 tiam
773 1907 913 1977 regis
962 1908 1323 1975 adduxerunt,
1369 1920 1423 1965 et
1471 1911 1623 1965 multi
1672 1912 1964 1966 Wascones
2011 1912 2062 1966 in
2108 1927 2175 1967 eo

593 2001 779 2070 prmlio
805 2003 947 2072 capti
989 2012 1154 2072 atque
1188 2003 1455 2065 interfecti
1488 1996 1634 2065 Sunt,
1675 2004 1839 2075 Igitur
1869 2020 1960 2061 rex
1987 2005 2172 2077 Pippi-

593 2110 716 2171 nus,
758 2095 889 2150 urbe
914 2105 1105 2165 capta,
1146 2111 1208 2152 ac
1247 2098 1465 2167 regione
1510 2097 1597 2151 illa
1628 2107 1736 2152 tota
1776 2105 2003 2163 vaStata,
2050 2113 2171 2155 cum

592 2187 770 2256 praeda
800 2197 854 2241 et
884 2187 1051 2255 Spolia
1109 2188 1296 2250 multa,
1332 2188 1443 2246 Deo
1482 2187 1806 2250 auxiliante,
1836 2201 1958 2242 cum
2006 2187 2175 2242 illmso

592 2283 829 2345 exercitu
862 2281 1052 2342 iterum
1082 2279 1340 2338 remeavit
1369 2279 1432 2332 ad
1460 2279 1693 2348 propria.
1726 2278 1946 2338 Factum
1971 2287 2056 2334 est
2081 2294 2175 2333 au-

592 2382 700 2430 tem
725 2380 781 2431 ut
809 2381 1089 2441 postquam
1125 2370 1382 2441 Pippinns
1411 2387 1502 2424 rex
1545 2370 1733 2427 urbem
1765 2372 2061 2429 Arvernam
2084 2385 2177 2426 ce-

593 2461 691 2534 pit,
725 2462 1001 2530 regionem
1036 2462 1178 2515 illam
1213 2470 1377 2522 totam
1400 2460 1649 2516 vastavit.

662 2555 763 2609 An.
815 2568 1042 2614 DCCLXI].
1074 2583 1144 2594 —
1174 2552 1410 2613 CXXVI,
1464 2553 1719 2622 Sequenti
1771 2565 1933 2612 anno.
1983 2549 2035 2611 id
2091 2559 2175 2607 est

590 2661 733 2707 anno
762 2646 1048 2701 undecimo
1080 2644 1230 2716 regni
1272 2646 1459 2714 ipsius,
1505 2659 1628 2703 cum
1660 2644 1903 2704 universa
1935 2644 2175 2698 multitu-

590 2737 714 2803 dine
742 2737 922 2808 gentis
952 2737 1283 2794 Francorum
1309 2734 1566 2789 Bitoricas
1596 2733 1762 2800 venit,
1794 2742 1968 2789 castra
1997 2745 2170 2792 meta-

591 2839 674 2892 tus
701 2840 783 2885 est
802 2830 1055 2899 undique,
1088 2839 1143 2885 et
1168 2829 1347 2884 omnia
1373 2842 1495 2897 quae
1519 2828 1570 2880 in
1598 2842 1732 2898 gyro
1760 2827 1975 2881 fuerunt
1998 2836 2172 2886 vasta-

595 2919 691 2979 vit.
715 2920 1104 2989 Circumsepsit
1144 2919 1332 2975 urbem
1361 2918 1655 2977 munitione
1684 2917 2052 2983 fortissimam,
2101 2919 2169 2974 ita

595 3021 654 3076 ut
683 3012 857 3066 nullus
881 3010 1063 3081 egredi
1093 3025 1253 3066 ausus
1285 3008 1494 3073 fuisset,
1529 3019 1620 3062 aut
1649 3007 1851 3078 ingredi
1887 3008 2168 3076 potuisset.

592 3100 724 3158 Cum
755 3102 1016 3156 machinis
1055 3109 1109 3155 et
1137 3100 1281 3154 omni
1325 3113 1524 3171 genere
1568 3114 1841 3152 armorum
1872 3096 2171 3156 circumde-

2280 1920 2369 1962 aut
2406 1908 2713 1969 interﬁcere
2738 1927 2834 1967 eos
2862 1916 3181 1981 potuissent.
3230 1914 3451 1970 Factum
3476 1926 3560 1971 est
3587 1929 3770 1972 autem
3808 1927 3861 1972 ut

2278 1999 2599 2059 Austraidus
2648 2016 2851 2067 comes,
2887 2013 2949 2059 et
2986 1996 3330 2061 Galemanius
3385 2007 3621 2075 itemque
3660 2023 3857 2085 comes,

2278 2105 2398 2146 cum
2441 2092 2655 2159 paribus
2701 2107 2888 2147 eorum
2941 2095 3006 2148 ad
3058 2098 3271 2162 propria
3315 2106 3735 2159 reverterentur.
3780 2099 3860 2152 hic

2278 2182 2487 2243 Mancio
2534 2199 2639 2243 una
2694 2199 2815 2239 cum
2860 2188 3204 2247 multitudine
3250 2190 3422 2255 gentis
3470 2188 3859 2245 Wasconorutn

2276 2291 2441 2344 super
2478 2292 2572 2335 eos
2602 2278 2775 2343 lrruil,
2821 2279 3028 2336 fortiter
3057 2280 3197 2337 inter
3231 2295 3290 2336 se
3332 2281 3676 2345 dimicantes,
3707 2299 3843 2349 prac-

2276 2367 2455 2427 dictus
2483 2368 2828 2426 Galemanius
2861 2379 2917 2429 et
2952 2371 3268 2426 Australdus
3294 2371 3493 2427 ibidem
3525 2373 3855 2429 Mancionem

2278 2471 2327 2513 et
2351 2461 2631 2514 universos
2670 2475 2825 2529 pares
2855 2476 3004 2525 suos,
3035 2462 3142 2517 Deo
3172 2462 3480 2531 adjuvante.
3507 2464 3853 2521 intcriiciunt.

2278 2549 2404 2605 Haec
2453 2561 2739 2607 cernentes
2790 2551 3087 2609 Wascones
3134 2563 3278 2623 terga
3324 2565 3622 2618 wrterunt,
3675 2573 3855 2613 omnes

2276 2641 2484 2710 equites
2522 2640 2614 2711 |Id
2659 2653 2755 2711 est,
2797 2643 3013 2712 equos],
3062 2660 3199 2714 quos
3248 2644 3448 2699 ibidem
3502 2647 3854 2711 adduxerant,

2274 2728 2569 2783 amiserunt
2596 2746 2610 2796 ;
2652 2741 2861 2785 montes
2891 2731 3160 2801 vallesque
3192 2742 3562 2801 pervagantes,
3593 2737 3755 2803 pauci
3780 2744 3854 2790 ta-

2276 2834 2397 2875 men
2429 2819 2515 2873 vix
2557 2818 2821 2893 fugaciter
2861 2814 3167 2877 evaserunt.
3199 2822 3302 2892 Ipsi
3352 2839 3481 2878 vero
3528 2840 3653 2878 cum
3696 2827 3853 2880 multa

2276 2910 2480 2978 pra-da,
2511 2912 2592 2968 vel
2624 2912 2891 2987 equitibus
2918 2922 2972 2973 et
3000 2913 3207 2987 spoliis,
3256 2929 3376 2969 cum
3426 2917 3623 2986 gaudio
3658 2919 3855 2973 reversi

2274 3013 2399 3058 sunt
2428 3005 2492 3058 ad
2529 3005 2765 3073 prepria.

2343 3096 2504 3174 69‘]
2535 3095 2817 3154 CXXVIII.
2848 3096 2981 3150 Dum
3016 3096 3098 3153 his
3137 3106 3192 3152 et
3226 3097 3346 3152 aliis
3378 3099 3550 3153 modis
3581 3099 3774 3156 Franci
3801 3110 3851 3154 et

592 3196 672 3259 dit
700 3211 817 3250 eam
849 3196 1010 3259 vallo,
1042 3196 1224 3250 multis
1255 3195 1569 3258 vulneratis,
1622 3194 1969 3264 plurimisque
1998 3194 2167 3250 inter-
2198 3195 2242 3256 C
2277 3188 2569 3243 Wascones
2610 3203 2823 3257 semper
2871 3192 3008 3243 inter
3050 3204 3109 3244 se
3148 3192 3509 3256 altercarent,
3546 3191 3850 3263 Chilpingus

590 3287 765 3351 tectis,
800 3287 1087 3355 fractisque
1113 3286 1281 3340 muris
1310 3285 1454 3355 cepit
1475 3284 1682 3349 urbem,
1715 3293 1771 3339 et
1795 3283 2029 3339 restituit
2051 3298 2168 3337 eam

590 3380 776 3444 tlitioni
808 3393 921 3433 sure
948 3377 1067 3448 jure
1100 3376 1288 3445 prmlii,
1319 3385 1373 3430 et
1402 3374 1647 3429 homines
1687 3375 1826 3441 illos,
1861 3390 1995 3444 quos
2023 3373 2170 3428 Wai-

592 3472 757 3539 farius
800 3470 866 3525 ad
905 3467 1299 3530 defendendum
1348 3466 1518 3535 ipsam
1564 3465 1831 3520 civitatem
1871 3464 2166 3531 dimiserat,

590 3565 871 3628 clementia
905 3576 1015 3616 sum
1060 3560 1274 3628 pietatis
1312 3558 1560 3626 absolvit,
1607 3557 1925 3625 dimissique
1967 3559 2168 3611 reversi

592 3666 716 3715 sunt
746 3655 812 3711 ad
845 3654 1080 3722 propria.
1116 3650 1428 3711 Unibcrtum
1468 3648 1601 3729 [Al.,
1628 3646 1967 3718 Umbertum]
1996 3649 2169 3702 comi-

591 3752 699 3801 tem
730 3752 783 3797 et
809 3743 1042 3810 reliquos
1070 3738 1386 3804 Wascones,
1418 3735 1568 3805 quos
1594 3736 1792 3799 ibidem
1824 3737 2045 3802 invenit,
2080 3752 2168 3792 sa-

589 3833 879 3897 cramentis
925 3831 1064 3885 datis
1110 3844 1293 3884 secum
1340 3828 1598 3894 adduxit,
1641 3844 1837 3884 uxores
1875 3844 2060 3883 eormn
2106 3845 2170 3886 ac

591 3926 787 3993 liberos
820 3928 869 3985 in
915 3902 1189 3979 Franciam
1222 3921 1497 3983 ambulare
1532 3922 1819 3993 prazcepit,
1870 3936 2054 3976 nmros
2088 3922 2169 3992 ip-

590 4020 705 4087 sius
738 4019 984 4075 Bitoriczc
1013 4017 1244 4082 civitatis
1268 4026 1569 4076 restaurare
1586 4017 1758 4089 jubet,
1796 4018 2021 4073 comites
2039 4032 2168 4074 suos

585 4113 752 4195 696
800 4113 850 4166 in
900 4111 1069 4180 ipsam
1114 4110 1384 4173 civitatem
1434 4109 1499 4171 ad
1544 4108 1953 4189 custodientium
1999 4110 2163 4164 misit.

588 4206 720 4271 Inde
755 4221 875 4260 cum
908 4205 1051 4279 omni
1085 4206 1322 4266 exercitu
1363 4201 1687 4263 Francorum
1711 4242 1726 4267 ,
1775 4216 1944 4271 usque
1972 4201 2037 4254 ad
2077 4216 2167 4255 ca-

584 4306 752 4357 strum
784 4295 922 4377 quod
953 4306 1171 4349 vocatur
1199 4293 1459 4348 'l‘oarcius
1492 4303 1515 4332 ο
1538 4293 1761 4346 veniens
1790 4311 1801 4345 :
1828 4306 2060 4361 cumque
2112 4292 2163 4346 in

583 4406 716 4459 gyro
742 4399 914 4444 castra
950 4388 1238 4456 posuisset,
1282 4386 1395 4455 ipse
1439 4382 1699 4461 castros}1
1725 4384 1858 4439 mira
1892 4384 2166 4438 celeritate

582 4490 795 4550 captum
825 4490 983 4546 atque
1002 4492 1314 4538 succensum
1345 4484 1448 4531 est.
1474 4474 1767 4529 Wascones
1796 4490 1933 4542 quos
1963 4473 2160 4530 ibidem

2271 3296 2454 3335 comes
2488 3285 2851 3334 Arvernorum
2873 3320 2889 3344 ,
2935 3281 3160 3336 collecto
3207 3280 3440 3353 undique
3485 3283 3734 3342 etercitu
3756 3325 3772 3344 ,
3800 3284 3847 3338 in

2274 3385 2407 3440 pago
2439 3370 2783 3442 Lugdunensi
2827 3370 2882 3426 in
2927 3387 3093 3442 regno
3138 3373 3461 3443 Burgundize
3508 3375 3574 3427 ad
3606 3377 3848 3445 praedan-

2269 3462 2395 3517 dum
2428 3462 2537 3534 [ΑΙ.
2576 3460 2955 3540 prteiiantlum]
3003 3463 3280 3543 antibulare
3326 3465 3616 3520 nitebatur.
3655 3466 3845 3521 Contra

2269 3572 2427 3624 quem
2458 3554 2755 3608 Adalardus
2792 3569 2974 3610 comes
2999 3555 3382 3610 Cavalonensis
3401 3598 3415 3619 ,
3448 3567 3503 3616 et
3534 3560 3848 3614 Australdus

2270 3644 2519 3713 idemque
2544 3657 2760 3717 comes,
2781 3658 2901 3697 cum
2939 3644 3152 3711 paribus
3181 3660 3365 3699 eorum
3399 3655 3586 3703 contra
3614 3663 3735 3706 eum
3762 3663 3845 3702 ve-

2270 3736 2480 3791 nientes
2503 3772 2520 3800 ,
2567 3743 2623 3788 et
2658 3748 2821 3803 super
2850 3732 3072 3787 ﬂuvium
3115 3733 3319 3802 Ligeris
3372 3734 3585 3791 fortiter
3626 3739 3763 3792 inter
3789 3754 3843 3794 se

2256 3826 2585 3903 “dimicantes
2609 3864 2626 3889 ,
2658 3825 2834 3880 statim
2858 3824 3173 3895 Chilpingus
3200 3824 3386 3881 centes
3423 3830 3477 3886 in
3506 3844 3573 3884 eo
3602 3831 3787 3898 pra-lio
3812 3846 3839 3883 ιι

2267 3935 2427 3988 supra
2473 3918 2687 3987 scriptis
2730 3916 3016 3972 comitibus
3065 3918 3273 3971 occisus
3323 3929 3445 3984 est,
3494 3931 3547 3974 et
3576 3922 3731 3975 multi
3758 3924 3838 3991 qui

2267 4027 2388 4065 cum
2411 4024 2477 4063 eo
2502 4016 2777 4068 venerant,
2811 4007 3006 4062 ibidem
3030 4007 3296 4062 interfecti
3326 4020 3472 4071 sunt,
3508 4010 3633 4066 Ilzec
3664 4013 3839 4066 viden-

2269 4110 2349 4155 tes
2376 4100 2672 4154 Wascones
2716 4107 2861 4169 terga
2911 4106 3157 4168 vertunt;
3189 4097 3276 4151 vix
3312 4101 3465 4167 pauci
3494 4101 3646 4156 silvis
3670 4112 3727 4162 et
3758 4118 3838 4171 pa-

2269 4195 2485 4250 ludibus
2516 4192 2740 4261 ingrcssi
2768 4201 3075 4247 evaserunt.
3123 4192 3430 4261 Amanugus
3458 4208 3643 4249 eomes
3667 4196 3837 4251 Pecu-

2267 4287 2446 4340 vensis
2473 4285 2598 4339 dum
2641 4283 2965 4338 Turonicam
3014 4280 3318 4335 itti'estatam
3350 4284 3617 4349 praedaret
3643 4328 3659 4351 ,
3699 4286 3836 4339 etab

2269 4376 2574 4433 hominibus
2602 4374 2831 4429 Wlfurdi
2872 4372 3077 4427 abbatis
3107 4375 3421 4427 monasterii
3464 4376 3606 4429 beati
3639 4374 3833 4431 Martini

2270 4470 2583 4531 interfectus
2622 4475 2706 4524 est
2730 4510 2746 4536 ,
2792 4475 2846 4522 et
2873 4467 3052 4536 plures
3084 4466 3174 4535 qui
3212 4481 3333 4520 cum
3366 4483 3432 4521 eo
3458 4469 3656 4525 ibidem
3686 4484 3832 4526 τεηο-

588 4568 813 4635 invenit,
864 4581 969 4621 una
1012 4581 1135 4621 cum
1183 4568 1299 4635 ipso
1327 4567 1524 4622 cernite
1560 4565 1714 4621 duxit
1754 4565 1811 4620 in
1854 4565 2158 4623 Franciam.
2189 4561 2242 4623 D
2272 4571 2431 4627 rant,
2476 4576 2598 4616 cum
2645 4556 2765 4628 ipso
2809 4556 3009 4627 pariter
3036 4555 3370 4615 ceciderunt.
3416 4557 3628 4627 Reliqui
3649 4575 3831 4629 quire-

654 4739 680 4767 ι
726 4730 927 4798 Duplex
958 4736 1041 4781 est
1062 4727 1221 4793 hujus
1252 4726 1478 4798 neminis
1505 4735 1769 4798 castrum,
1802 4725 1874 4798 ob
1900 4742 2157 4796 aquarum

584 4796 949 4865 salubritatem
980 4798 1218 4861 celebre,
1252 4796 1320 4852 15
1349 4797 1562 4850 circiter
1605 4797 1793 4859 Ieucis,
1826 4796 2159 4854 intermediis

583 4882 761 4931 tamen
811 4866 981 4933 Ligeri
1022 4878 1078 4923 et
1124 4866 1333 4922 Elaveri
1366 4865 1565 4928 ﬂuviis,
1593 4882 1623 4921 a
1652 4881 1711 4920 se
1740 4866 1966 4921 invicem
1996 4869 2161 4923 dissi-

583 4952 716 5007 tnm,
738 4942 942 4996 scilicet
973 4940 1148 4994 Burbo
1178 4938 1379 4992 Anselli
1406 4936 1922 5007 (Bourbon-Laney),
1941 4938 2005 4991 ad
2031 4940 2162 4993 dex-

581 5009 750 5065 teram
791 5011 996 5080 Ligeris
1019 5014 1187 5079 ripam
1210 5009 1292 5080 _in7
1317 5008 1614 5080 IEduorum
1648 5008 1864 5080 flni_b_us,
1897 5019 1948 5080 et
1980 5009 2157 5080 Burbo

581 5075 970 5144 Erchcmbaldi,
1020 5075 1114 5134 sou
1160 5078 1225 5131 ad
1275 5079 1470 5131 Balnea
1522 5077 1697 5131 dit-tus
1726 5075 2156 5143 (Bourbon-I‘Ar-

578 5151 881 5213 chatannd,
913 5167 1008 5205 seu
1034 5147 1589 5217 Bonrbett-les-Baim),
1633 5145 1691 5202 in
1733 5147 1927 5201 ﬁnibus
1958 5148 2154 5202 Bituri-

579 5233 725 5290 gum,
760 5223 843 5273 hic
890 5228 1242 5290 tut-moratus;
1275 5221 1364 5285 qui
1416 5218 1808 5290 augustissima:
1859 5218 2153 5290 Borbonio-

579 5288 696 5344 rum
728 5290 959 5351 familite,
1004 5305 1143 5342 nunc
1169 5288 1492 5342 Francorum
1524 5289 1702 5355 regite,
1732 5304 1924 5342 nomen
1972 5289 2145 5343 dedit.

581 5360 713 5414 Alite
744 5360 902 5413 urbes
946 5375 1103 5424 supra
1147 5368 1452 5419 memorata:
1479 5357 1952 5427 Trec:e(1‘royes),
1996 5359 2145 5412 Auti.

577 5431 848 5489 siodorum
881 5429 1172 5498 (Auxerre),
1203 5427 1487 5498 Niverntttu
1520 5427 1784 5498 (Neaera),
1811 5438 2109 5482 ttottesttnt.

647 5499 675 5541 Ι»
713 5496 974 5557 Observat
1016 5499 1215 5550 Savaro
1268 5498 1317 5548 in
1370 5496 1676 5564 Originibus
1722 5499 1959 5551 Clarom.
2010 5498 2146 5553 hanc

575 5572 799 5639 primam
828 5585 947 5624 esse
970 5566 1107 5633 apud
1134 5574 1343 5639 veteres
1371 5578 1615 5639 auctores
1636 5566 1979 5639 Clarimontis
1998 5584 2144 5621 men-

574 5636 796 5704 tionem,
819 5656 981 5709 quem
1011 5647 1197 5705 aperte
1217 5637 1284 5688 ab
1312 5636 1695 5709 ipsagArvern‘a
1728 5636 1970 5709 urbe,_ab
1995 5640 2142 5709 Anti.

572 5713 692 5775 quis
744 5704 1252 5778 Augustonemetum
1297 5707 1585 5778 appellata,
1640 5704 1961 5778 distinguit,
1993 5706 2142 5761 Unde

572 5781 789 5846 coniicit
811 5775 1039 5835 castrum
1071 5794 1165 5832 seu
1198 5791 1374 5831 arcem
1405 5777 1454 5830 in
1486 5784 1668 5833 monte
1698 5775 1873 5831 vicino
1901 5777 1966 5831 ad
1997 5779 2141 5832 urbis

2265 4725 2559 4782 custodiam
2603 4723 2729 4776 olim
2756 4722 3051 4785 exstitisse,
3078 4716 3294 4773 Clarum
3331 4729 3567 4772 montem
3591 4719 3822 4782 dic-tum;

2266 4798 2406 4867 quod
2441 4807 2620 4862 postea
2667 4792 2926 4867 totiuurbi
2984 4805 3177 4843 nomen
3209 4787 3432 4867 _tribu_it,
3481 4804 3606 4867 cum
3659 4805 3831 4855 nempe

2268 4858 2529 4924 bellorum
2562 4864 2877 4917 tumultibus
2908 4876 3012 4914 non
3059 4858 3223 4912 semei
3273 4858 3469 4910 violata
3521 4862 3573 4911 in
3608 4869 3826 4912 montem

2270 4936 2525 4992 translata
2571 4935 2780 4987 fuisset.
2808 4931 2858 4985 ΙιΙ
2888 4930 3079 5000 probat
3108 4944 3171 4981 ex
3202 4927 3339 5000 vulgi
3388 4928 3698 4991 traditione,
3739 4942 3829 5000 qua

2269 5008 2370 5062 loci
2401 5004 2589 5065 incolat
2618 5003 2793 5063 vineta
2820 5011 2876 5054 et
2892 4998 2968 5055 ιθ.
2984 5016 3072 5056 ras
3096 5000 3211 5051 urbi
3241 4998 3460 5058 vicinas,
3497 5004 3654 5067 vulgo
3680 5002 3728 5051 la
3755 4998 3826 5051 Ci-

2266 5088 2338 5143 la,
2364 5092 2480 5130 eam
2526 5088 2655 5127 vero
2684 5072 2831 5125 urbis
2859 5080 3059 5143 partem
3091 5083 3210 5136 qua:
3240 5071 3437 5121 tuentis
3465 5082 3723 5124 cacumen
3745 5083 3826 5122 oc-

2263 5140 2749 5218 eupat,Clairmo_ut
2767 5140 3100 5218 appellant.“
3148 5208 3180 5218 η
3386 5211 3400 5218 _
3497 5208 3562 5218 _.
3771 5208 3797 5218 η

2337 5208 2355 5254 ἶ
2380 5217 2554 5271 Situm
2578 5222 2660 5268 est
2689 5214 2741 5264 in
2767 5211 3038 5271 Pictonum
3072 5208 3287 5273 ﬁnibus,
3314 5211 3472 5279 vulgo
3497 5208 3732 5262 Theium
3754 5208 3822 5260 di-

2267 5298 2435 5349 ctum,
2468 5284 2735 5351 hodieque
2762 5281 2997 5342 celebre,
3027 5281 3252 5333 tlueatus
3291 5280 3445 5351 titulo
3494 5281 3825 5351 illustratum,

2262 5347 2451 5424 qttotla
2480 5347 2822 5424 nobilissima
2841 5351 3256 5424 'I‘rentolliorum
3286 5347 3484 5424 familia
3503 5349 3820 5424 possidetur.

2260 5417 2539 5482 Ᾱίιιιιιὶιιιιε
2581 5423 2739 5476 habet
2784 5419 3075 5483 Cadurcis;
3104 5435 3171 5470 an
3198 5419 3395 5473 Cohors
3430 5419 3658 5471 voluerit
3695 5417 3824 5471 desi-

2254 5498 2455 5565 gnare?
2490 5493 2724 5565 Annales
2752 5489 3038 5565 Mettenses
3068 5488 3290 5554 habent,
3324 5488 3567 5542 Thoas-cii
3586 5501 3815 5549 castrum,

2252 5560 2353 5636 quo
2380 5568 2432 5619 in
2458 5562 2729 5636 Aquilonia
2753 5560 2957 5636 ﬁrmius
2980 5573 3083 5611 non
3110 5568 3242 5613 erat.
3302 5629 3337 5636 _
3360 5627 3374 5636 _
3460 5628 3473 5636 _
3604 5610 3609 5613 _

2324 5636 2351 5674 θ
2391 5639 2479 5688 Sic
2512 5627 2643 5705 Ilob.
2679 5631 2976 5705 projprum
3019 5641 3267 5705 cas-trum.
3300 5627 3434 5705 Ed._,>
3454 5628 3565 5705 ipse
3592 5638 3816 5705 raserunt.

2322 5717 2345 5743 θ
2391 5706 2444 5759 Id
2469 5712 2576 5770 est,
2610 5704 2662 5757 iu
2679 5696 2991 5770 regionem,
3018 5699 3225 5754 scilicet
3247 5714 3367 5769 quae
3406 5700 3631 5769 l‘tppino
3656 5696 3813 5763 subis:

2223 5789 2331 5832 'Cla
2355 5786 2489 5832 Cl'ill.
