3982 6346
50 335 159 391 593

968 330 1371 389 CIIRONICUM
1409 329 1927 387 CONTINUATUM.
1969 332 2146 392 PARS
2188 334 2497 403 QUARTA.

3240 338 3345 395 694

53 460 386 506 manserant
404 459 550 513 terga
568 456 866 515 vertentes,
889 449 1046 519 pauci
1078 450 1165 503 vix
1188 456 1494 505 evaserunt.
1530 449 1675 503 Dum,
1697 455 1740 509 A
1768 449 1867 503 vit.
1901 450 2053 507 Unde
2080 468 2218 520 pene
2245 454 2421 509 omnis
2442 452 2752 523 Aquitania,
2784 460 2892 509 tam
2920 453 3160 511 ecclesia:
3192 472 3345 523 quam

54 542 178 594 hzec
213 549 515 609 agerentur
539 581 553 601 ,
587 538 933 593 Remistanus
970 539 1263 593 avunculus
1311 536 1553 591 Wail‘arii
1601 537 1668 590 ad

55 636 392 705 pra-dicturi:
440 649 624 702 regem
668 634 891 687 veniens
916 675 933 697 ,
965 642 1300 688 sacramenta
1344 631 1506 685 multa
1536 639 1589 683 et
1620 630 1672 682 ii-

58 731 191 780 dem
226 726 491 795 pra-dicto
522 726 631 795 regi
663 723 892 793 Pippiuo
914 723 1183 794 premisit,
1213 732 1269 777 ut
1297 737 1509 790 semper
1537 720 1669 774 lide—

62 822 126 870 lis
162 829 281 872 tam
322 816 583 886 pmdicto
612 815 720 884 regi
747 855 762 875 ,
808 829 966 881 quam
995 825 1048 868 et
1077 814 1201 867 [iliis
1228 812 1341 866 suis
1364 810 1506 865 omni
1539 819 1672 864 tem-

66 925 203 977 pore
267 923 392 963 esse
431 907 674 961 deberet.
752 905 866 959 Rex
915 919 1047 958 vcro
1108 902 1361 970 Pippinus
1418 904 1469 954 in
1516 914 1668 954 suam

64 1001 341 1053 ditionem
374 1014 495 1053 eum
539 982 782 1063 recepit,
826 1006 881 1049 et
912 996 1077 1048 multa
1121 1010 1346 1048 munera
1371 993 1487 1047 auri
1510 1002 1564 1047 et
1583 1007 1670 1047 ar-

64 1090 240 1157 genti,
269 1098 327 1143 et
373 1090 608 1157 pretiosa
640 1087 981 1150 vestimenta,
1012 1085 1219 1153 equites
1240 1082 1334 1158 [Id
1359 1094 1455 1151 est,
1480 1083 1671 1154 equos]

65 1194 115 1235 ct
146 1196 305 1233 arma
338 1179 636 1248 iargieudo,
667 1193 789 1234 eum
815 1176 1028 1232 ditavit.

133 1272 390 1327 CXXIX.
427 1273 544 1326 [lex
592 1271 847 1339 Pippinus
900 1279 1175 1336 castrum,
1221 1268 1308 1322 cui
1360 1282 1553 1323 nomen
1590 1276 1673 1323 est

70 1368 421 1431 Argentouus
451 1373 476 1399 ³
513 1363 567 1416 in
594 1378 727 1433 pago
760 1362 999 1415 Bitorino
1022 1401 1037 1424 ,
1082 1375 1111 1413 a
1157 1360 1504 1414 lundamcnto
1535 1358 1672 1413 miro

71 1471 243 1522 opere
277 1454 332 1508 in
373 1456 656 1523 pristinum
702 1463 899 1508 statum
951 1467 1201 1519 reparare
1225 1451 1414 1522 jussit,
1447 1452 1672 1505 comites

74 1563 203 1601 suos
226 1547 428 1601 ibidem
445 1545 510 1599 ad
537 1544 949 1600 custodiendum
977 1544 1216 1603 mittens.
1244 1548 1414 1611 ipsum
1435 1550 1669 1596 castrum

76 1640 397 1703 Remistano
436 1638 502 1691 ad
548 1637 810 1691 Wailario
848 1636 1232 1699 resistendum,
1266 1650 1384 1689 cum
1414 1634 1671 1689 medieta-

74 1739 126 1784 te
156 1730 182 1767 δ
216 1731 337 1800 pagi
371 1730 590 1783 Bitorini
623 1742 791 1797 usque
819 1727 885 1781 ad
916 1730 1111 1783 Carum
1148 1737 1193 1786 ε.
1229 1728 1518 1782 concessit.
1572 1726 1667 1780 Vi-

1771 546 2117 609 monasteria,
2148 545 2341 601 divites
2366 556 2419 602 et
2443 561 2704 616 pauperes
2730 546 2848 601 vina
2882 545 3085 602 habere
3110 561 3348 601 consue-

1775 645 1985 697 verant,
2013 638 2193 691 omnia
2223 640 2449 694 vast-ivit
2497 648 2553 694 et
2593 639 2756 708 cepit.
2823 638 2955 692 Dum
2984 638 3099 693 haec
3123 653 3335 709 ageren-

1773 734 1880 789 tur,
1911 726 2200 782 Waifarius
2226 743 2347 783 cum
2387 731 2628 785 exercitu
2673 744 2869 798 magno
2908 739 2961 783 et
3002 730 3347 799 plurimorum

1774 816 2202 884 Wascouorum,
2252 819 2343 889 qui
2398 820 2534 874 ultra
2578 818 2881 875 Garonnam
2928 828 3346 881 commorantur,

1772 908 1860 978 qui
1889 910 2180 979 antiquitus
2209 908 2379 965 vocati
2403 920 2527 963 sunt
2560 910 2740 964 Vaceti
2767 908 2819 975 δ,
2850 925 3011 981 super
3038 909 3349 978 prmdictum

1776 1014 1954 1065 regem
1986 1006 2153 1053 venit.
2182 999 2287 1053 Sed
2321 1001 2501 1053 statim
2534 998 2694 1053 solito
2739 1014 2889 1054 more
2913 1013 3100 1053 omnes
3126 997 3349 1054 Wasco-

1774 1104 1870 1142 nes
1902 1099 2049 1158 terga
2075 1096 2374 1156 verterunt,
2400 1088 2615 1157 plurimi
2655 1088 2850 1144 ibidem
2877 1104 2906 1143 a
2940 1089 3157 1146 Francis
3180 1089 3349 1145 inter-

1774 1180 1907 1233 fecti
1930 1188 2074 1235 sunt.
2110 1179 2235 1232 Ha-c
2262 1192 2493 1233 cernens
2522 1194 2645 1244 rex,
2676 1182 2918 1248 persequi
2943 1196 3065 1235 eum
3090 1179 3270 1250 jubet,
3299 1190 3353 1235 et

1776 1286 1949 1341 usque
1970 1270 2039 1325 ad
2065 1283 2277 1325 noctem
2307 1285 2431 1324 eum
2465 1284 2821 1339 persequens,
2854 1270 2939 1324 vix
2963 1271 3127 1341 699
3153 1271 3353 1325 Wail‘a‘

1774 1362 1884 1415 rius
1910 1376 2031 1415 cum
2062 1359 2244 1429 paucis
2287 1358 2385 1429 qui
2421 1368 2837 1424 remanserant,
2871 1360 3123 1427 fugiendo
3161 1360 3352 1414 evasit.

1776 1450 1837 1505 In
1868 1465 1933 1505 eo
1974 1450 2161 1519 prtelio
2208 1450 2501 1505 Blandinus
2543 1466 2727 1505 eomes
2758 1453 3154 1510 Arvernorum.
3194 1464 3353 1519 quem

1774 1542 2065 1613 prtedictus
2091 1558 2183 1596 rex
2216 1543 2363 1611 prius
2386 1551 2603 1610 ceperat
2626 1581 2642 1605 ,
2672 1550 2728 1597 et
2754 1543 2847 1611 qui
2895 1555 3078 1611 postea
3105 1542 3171 1597 ad
3202 1540 3355 1597 Wat-

1774 1631 1965 1685 larium
1992 1631 2303 1702 confugium
2334 1630 2536 1686 fecerat
2559 1670 2576 1695 ,
2606 1632 2659 1684 in
2697 1645 2765 1685 eo
2813 1632 2997 1699 praelia
3044 1631 3355 1686 interfectus

1773 1736 1873 1779 εει.
1903 1724 2016 1779 Rex
2061 1723 2355 1795 Pippinus,
2404 1724 2701 1793 opitulante
2751 1722 2895 1787 Deo,
2934 1724 3107 1779 victor
3126 1727 3352 1778 exstitit.

76 1822 213 1875 dens
276 1819 569 1889 praedictus
613 1818 902 1873 Waifarius
924 1859 939 1883 ,
998 1817 1247 1886 princeps
1292 1818 1662 1886 Aquitanicus,
1701 1822 1742 1880 Β
1774 1819 1987 1871 Patrata
2019 1818 2209 1871 iterum
2241 1818 2468 1871 victoria
2495 1830 2616 1870 cum
2639 1830 2833 1885 magno
2854 1815 3353 1882 triumpho,iterum

76 1911 219 1981 quod
252 1921 488 1965 castrum
517 1910 685 1981 επ
711 1908 1071 1963 tllaremontis
1100 1924 1190 1963 rex
1235 1908 1482 1963 bellando
1506 1924 1665 1975 cepe-

76 2010 197 2063 rat,
258 2010 313 2053 et
365 1999 626 2054 Bitoricas
671 2006 831 2068 caput
876 1998 1212 2067 Aquitania,
1255 1998 1664 2053 munitissimam

78 2097 295 2162 urbem,
323 2111 446 2150 cum
476 2093 737 2149 machinis
765 2092 1020 2162 cepisset,
1049 2102 1100 2146 et
1134 2092 1387 2160 impetum
1415 2090 1532 2161 ejus
1560 2092 1667 2147 l'er-

79 2206 137 2243 re
163 2205 271 2243 non
310 2188 607 2257 potuisset,
638 2201 827 2241 omnes
863 2184 1109 2239 civitates
1146 2199 1267 2252 quae
1305 2185 1355 2236 in
1384 2182 1666 2252 Aquitania

83 2282 363 2350 provincia
394 2278 614 2334 ditionis
640 2292 753 2332 sum
784 2286 935 2332 erant
962 2317 980 2341 ,
1023 2275 1077 2330 id
1106 2284 1191 2330 cst
1220 2274 1462 2327 Pectavis
1482 2271 1532 2339 δ,
1566 2274 1667 2327 l.e-

80 2375 344 2434 modicas,
366 2372 642 2436 Santonis,
670 2371 969 2432 l’etrecors,
998 2368 1324 2438 Equolisma,
1355 2377 1410 2422 et
1438 2367 1667 2437 reliquas

81 2468 427 2535 quamplures
452 2466 698 2519 civitates
719 2471 773 2518 et
786 2462 1024 2526 castella,
1058 2475 1246 2515 omnes
1275 2473 1455 2515 muros
1480 2475 1664 2514 eorum

85 2561 138 2613 in
171 2570 373 2612 terram
408 2555 718 2624 prostravit,
742 2569 879 2623 quos
911 2562 1089 2619 postea
1115 2551 1405 2620 praecelsus
1430 2566 1521 2605 rex
1553 2550 1667 2618 Pip-

84 2650 244 2718 pinus
284 2661 535 2715 reparare
557 2646 743 2714 jubet,
766 2654 822 2699 et
852 2644 1093 2697 homines
1118 2656 1245 2695 suos
1272 2644 1335 2695 al
1367 2642 1510 2709 ipsas
1536 2642 1667 2696 civi-

85 2748 222 2793 tates
269 2736 680 2791 custodiendum
725 2734 947 2788 dimisit.
998 2733 1192 2788 lterum
1232 2746 1299 2786 eo
1351 2746 1493 2785 anno
1542 2746 1663 2785 cum

85 2829 231 2883 omni
264 2829 505 2883 exercitu
529 2841 628 2881 suo
655 2825 944 2895 pra-dictus
986 2837 1078 2879 rex
1110 2822 1366 2892 Pippinus
1387 2822 1452 2875 ad
1481 2822 1663 2876 sedem

92 2921 357 2990 propriam
388 2933 640 2974 reversus
660 2924 761 2971 est.

147 3018 245 3067 Att.
274 3027 580 3067 occu.xv.—
599 3008 813 3065 CXXX.
846 3007 1037 3062 lterum
1061 3003 1303 3075 sequenti
1326 3018 1488 3069 anno,
1518 3018 1663 3058 com-

91 3116 233 3160 moto
277 3106 422 3160 omni
472 3105 712 3159 exercitu
743 3102 1103 3165 Francorum,
1138 3113 1234 3167 per
1260 3097 1491 3163 Trecas,
1540 3097 1665 3151 inde

1770 1910 1835 1962 ad
1873 1908 2256 1980 Denegontium
2294 1907 2312 1945 ι
2346 1921 2471 1962 cum
2517 1922 2710 1977 magno
2748 1906 2987 1962 exercitu
3028 1906 3353 1961 Francorum

1769 2006 1834 2059 ad
1863 2005 2106 2075 Ligerem
2133 2007 2354 2063 veniens
2380 2045 2397 2070 ,
2422 2006 2546 2061 inde
2580 2020 2673 2074 per
2696 2020 2886 2077 pagum
2922 2003 3353 2074 Augustudineu-

1769 2112 1883 2153 sem
1905 2098 1968 2151 ad
1992 2100 2260 2168 propriam
2301 2099 2483 2154 sedem
2514 2101 2773 2153 remeavit
2799 2100 3030 2154 invictus
3065 2102 3115 2153 l.
3146 2097 3348 2154 Waiia-

1773 2189 1885 2244 rius
1910 2189 2228 2257 legationem
2255 2188 2321 2241 ad
2354 2189 2667 2256 praedictum
2687 2204 2867 2258 regem
2899 2190 3134 2251 mittens.
3166 2174 3353 2257 petens

1769 2285 1821 2337 ei
1866 2283 2009 2350 quod
2059 2280 2317 2335 Bitoricas
2370 2288 2428 2334 et
2475 2280 2710 2350 reliquas
2756 2280 3004 2355 civitates
3050 2281 3353 2349 Aquitania:

1772 2378 2057 2443 provincia:
2082 2423 2096 2444 ,
2135 2393 2265 2445 quas
2288 2378 2355 2431 de
2384 2393 2545 2433 manu
2587 2375 2705 2447 ejus
2743 2376 3024 2446 prmdictus
3051 2390 3144 2430 rex
3175 2375 3353 2429 abstu-

1771 2467 1926 2530 lerat,
1950 2468 1998 2520 ei
2029 2468 2313 2532 redderet,
2345 2478 2400 2521 et
2428 2478 2612 2535 postea
2645 2468 2792 2537 ipsas
2822 2466 3112 2520 Waifarius
3138 2464 3354 2519 ditionis

1769 2570 1879 2609 sua:
1908 2556 2142 2622 laci-ret;
2180 2557 2374 2611 tributa
2408 2559 2491 2611 vel
2522 2572 2741 2612 munera
2770 2600 2785 2625 ,
2816 2572 2937 2627 quae
2984 2566 3356 2612 antecessores

1768 2645 1850 2697 sui
1880 2660 2035 2714 reges
2062 2644 2388 2700 Francorum
2414 2648 2481 2701 de
2512 2646 2797 2716 Aquitania
2835 2648 3041 2716 provini
3061 2649 3106 2701 ia
3142 2648 3357 2716 exigere

1768 2748 2197 2799 Consuevcrant,
2228 2738 2386 2790 annis
2424 2737 2651 2806 singulis
2686 2738 2924 2805 partibus
2960 2738 3217 2807 praedicto
3244 2738 3386 2805 regi.

1768 2827 1996 2897 Pippino
2022 2829 2233 2883 solvere
2262 2828 2505 2887 deberet.
2552 2830 2655 2884 Sed
2685 2830 2789 2885 hoc
2818 2846 2909 2885 rex
2943 2846 3038 2899 per
3066 2832 3350 2887 consilium

1768 2918 2099 2975 Francorum
2120 2919 2145 2958 κ
2174 2930 2231 2976 et
2254 2938 2534 2989 procerum
2562 2938 2781 2977 suorum
2808 2922 2985 2978 facere
3008 2924 3354 2992 Contempsit.

1838 3011 1936 3065 Au.
1967 3025 2289 3065 occsxvr.-
2309 3012 2544 3067 CXXXI.
2574 3014 2801 3067 Evoluto
2829 3014 2989 3084 igitur
3025 3029 3188 3079 anno,
3208 3029 3355 3068 com-

1770 3112 1917 3157 moto
1969 3104 2114 3157 omni
2144 3105 2382 3159 exercitu
2428 3105 2755 3160 Francorum
2778 3148 2791 3172 ,
2828 3106 2912 3160 vel
2944 3106 3227 3174 plurimum
3256 3121 3354 3159 ua-

92 3195 482 3250 Autisioderum
509 3234 525 3257 ,
572 3207 739 3259 usque
785 3190 852 3244 ad
898 3189 1221 3244 Nievernum
1254 3195 1279 3225 ε
1310 3188 1494 3241 urbem
1543 3201 1665 3241 cum

1775 3195 1998 3260 tionum,
2033 3210 2152 3261 quae
2180 3196 2233 3249 in
2265 3210 2431 3265 regno
2458 3210 2555 3249 suo
2584 3196 3082 3263 commorahantur,
3101 3212 3269 3265 usque
3282 3196 3353 3250 ad

92 3292 228 3345 muni
259 3289 498 3344 exercitu
526 3286 770 3351 veniens,
804 3282 984 3350 ibique
1004 3297 1124 3334 eum
1154 3277 1171 3317 ί
1212 3279 1434 3333 Francis
1456 3289 1510 3332 et
1539 3292 1662 3347 pro-

93 3383 300 3435 ceribus
349 3379 464 3434 suis
509 3377 764 3447 placitmu
817 3388 974 3429 sinum
1027 3371 1230 3439 Catupo
1258 3369 1428 3425 Madio
1456 3379 1662 3424 tenens.

96 3472 277 3525 l‘ostea
307 3470 495 3538 Ligere
525 3475 816 3530 transacto,
852 3461 1190 3534 Aquitaniam
1220 3475 1466 3529 pergens,
1500 3473 1666 3528 usque

95 3566 153 3615 ad
185 3563 500 3617 Lemodicas
546 3558 813 3619 accessit,
865 3565 1029 3611 totam
1064 3554 1335 3623 regionem
1376 3554 1518 3607 illam
1568 3568 1663 3607 va-

96 3666 253 3721 stans,
290 3654 443 3706 villas
476 3649 713 3720 publicas
738 3690 753 3713 ,
789 3661 906 3716 quae
946 3644 1160 3699 ditionis
1207 3641 1447 3697 Wail'arii
1486 3652 1661 3709 erant,

101 3758 228 3800 totas
258 3747 381 3816 igne
423 3755 773 3797 concremare
816 3740 1090 3809 praecepit.
1138 3737 1268 3791 Tota
1320 3737 1536 3803 rcgione
1572 3735 1663 3789 illa

100 3853 226 3905 pene
252 3846 479 3897 vastata,
511 3831 850 3887 monasteriis
877 3828 1055 3883 multis
1080 3827 1420 3896 depopulatis
1445 3868 1461 3890 ,
1497 3840 1667 3891 usque

101 3927 445 3981 llisandonem
476 3934 501 3969 κ
531 3923 773 3985 veniens,
800 3922 943 3974 unde
965 3920 1248 3972 maximam
1277 3927 1482 3986 partem
1508 3918 1663 3986 Aqui-

103 4020 269 4080 tanize,
300 4015 393 4070 ubi
426 4013 715 4085 plurimmn
748 4012 1025 4066 vinearum
1053 4016 1203 4072 erat,
1230 4010 1373 4075 cepit
1401 4021 1464 4061 ac
1491 4017 1667 4061 vasta.

165 4139 189 4167 ⁸
227 4131 373 4184 Alias
400 4128 855 4197 Argentomagus,
903 4124 1343 4197 Vtilgojlrgeuton
1363 4161 1377 4185 ,
1410 4122 1664 4197 oppidum

104 4202 159 4252 ad
187 4201 459 4255 Crausiam
479 4192 575 4267 '(Ia
605 4198 840 4257 Creusa),
886 4195 1025 4262 apud
1066 4194 1325 4260 Bituriges
1344 4232 1359 4255 ,
1401 4192 1665 4267 uhiHMar.

102 4274 253 4325 ccllus
280 4283 333 4326 et
362 4263 679 4323 Anastasius
710 4267 1021 4336 martyrium
1054 4276 1457 4336 consummasse
1478 4263 1669 4336 dicun-

105 4350 178 4394 tur
204 4343 336 4407 apud
365 4340 666 4396 Usuardom
696 4348 749 4390 et
787 4332 1250 4406 in'Martyrologio
1282 4332 1544 4399 Romano,
1577 4334 1666 4389 die

102 4413 160 4462 ‘19
187 4413 345 4464 Junii.

218 4430 229 4461 ι
334 4453 345 4464 .

167 4411 209 4519 5’
231 4429 393 4548 aditi,
426 4496 543 4534 cum
565 4477 1001 4548 eisAmedictatem.

1767 3284 2070 3338 Aureliauis
2116 3284 2336 3338 veniens
2359 3326 2375 3348 ,
2427 3284 2497 3338 ihi
2530 3286 2790 3353 placitum
2831 3302 2985 3339 sumn
3014 3288 3217 3355 Campo
3245 3287 3353 3340 Ma-

1765 3375 1856 3428 dio
1887 3370 1907 3410 ι
1944 3390 2039 3440 pro
2067 3374 2298 3427 utilitate
2335 3374 2663 3430 Francorum
2698 3376 2947 3439 instituit,
2979 3387 3184 3442 tenens,
3219 3380 3354 3430 mni-

1768 3463 1836 3517 tis
1886 3463 2193 3517 muneribus
2237 3480 2266 3516 a
2316 3464 2539 3519 Francis
2568 3475 2636 3520 et-
2673 3467 2986 3537 proceribus
3015 3470 3127 3523 suis
3154 3469 3353 3523 ditatus

1764 3564 1867 3610 est.
1896 3556 2094 3609 lterum
2127 3554 2317 3625 Ligere
2351 3566 2641 3619 transacto,
2675 3567 2839 3611 totam
2869 3558 3206 3628 Aquitaniam
3234 3574 3353 3626 per-

1767 3660 1932 3715 gens,
1982 3660 2150 3715 usque
2197 3647 2263 3701 ad
2300 3647 2565 3717 Agiuuum
2600 3648 2852 3713 veniens,
2885 3652 3352 3716 totamregionctn

1768 3740 1912 3793 illam
1945 3739 2265 3794 devastavit.
2302 3739 2557 3794 Videutrs
2593 3750 2699 3794 tam
2735 3740 3212 3809 Wasconesquam
3241 3758 3354 3795 ma—

1761 3830 1911 3901 jores
1953 3842 2079 3885 natu
2108 3832 2409 3901 Aquitania:
2432 3871 2449 3897 ,
2496 3833 2819 3887 necessitate
2846 3833 3108 3900 compulsi
3142 3833 3353 3902 plurimi

1767 3923 1834 3977 ad
1860 3938 1985 3978 eum
2018 3934 2327 3989 venerunt,
2372 3932 2709 3979 sacramenta
2754 3924 2821 3979 ad
2868 3940 2990 3980 eum
3022 3925 3216 3980 ibidem
3258 3927 3352 3979 do-

1769 4025 1925 4078 nant,
1955 4022 2010 4067 ei.
2035 4028 2094 4069 se
2144 4015 2365 4069 ditionis
2391 4029 2504 4069 suae
2529 4013 2754 4070 faciunt.
2786 4017 2860 4069 Ita
2889 4018 3033 4069 omni
3067 4017 3347 4086 Aquitania

1769 4127 2002 4181 Annales
2025 4127 2311 4181 Mettenses
2345 4129 2669 4194 colloquium
2700 4143 2884 4182 mense
2926 4132 3158 4197 Augusto
3194 4128 3347 4181 habi-

1768 4204 1880 4250 tum
1912 4212 2001 4250 au.
2034 4198 2136 4252 567
2166 4198 2413 4265 Campum
2446 4198 2605 4267 Μαρίὶ
2627 4200 2917 4265 appellant,
2951 4201 3067 4251 licet
3105 4199 3204 4250 hoc
3229 4200 3347 4264 ipsa

1767 4282 1908 4389 ann?
1933 4279 2224 4348 conventus
2251 4268 2506 4322 solemnis
2554 4285 2611 4323 re
2654 4269 2765 4336 ipsa
2814 4283 2997 4323 mense
3024 4268 3162 4321 Maio
3195 4269 3346 4322 habi-

1770 4348 1854 4389 tus
1905 4348 2093 4389 tttssct.

1770 4348 1854 4393 tus
1887 4348 2093 4392 ltttsscl.

1840 4416 1865 4454 ε
1908 4408 2062 4471 8011.,
2088 4406 2354 4460 Iliuando
2379 4449 2394 4472 ,
2435 4408 2567 4461 alias
2606 4406 2829 4460 [nando
2874 4418 2926 4462 et
2959 4406 3198 4461 Exando.
3236 4407 3346 4461 Iloc

1772 4477 2028 4546 oppidum
2059 4494 2145 4545 api
2166 4481 2358 4531 ellatnr
2388 4479 2541 4548 vulgo
2564 4477 2843 4544 luaudtut,
2868 4482 2935 4532 ad
2968 4478 3215 4547 Vigeram
3249 4480 3346 4532 ﬂu-

166 4563 186 4589 ο
418 4566 578 4634 usque
621 4546 770 4629 Care.
812 4547 983 4638 (Parui
1028 4559 1127 4626 seu
1168 4543 1359 4638 Caris,
1406 4543 1567 4638 vulgo
1615 4544 1664 4626 le
1692 4578 1741 4638 υ
1772 4543 2438 4638 viumnapudLemovices:

106 4622 242 4688 Char,
272 4624 563 4691 Biturigum
599 4618 923 4691 provinciam
952 4617 1085 4691 duas
1116 4618 1180 4691 in-
1193 4626 1369 4691 partes
1398 4617 1658 4691 secat,qni

108 4684 268 4747 multis
295 4684 487 4747 auctus
534 4684 761 4743 llu’violis
795 4690 1006 4741 tandem
1042 4684 1092 4738 iu
1125 4686 1353 4755 Ligerim
1397 4686 1663 4739 delabitur

106 4765 243 4827 paqu
266 4762 399 4817 infra
428 4762 694 4815 Turones.

164 4832 187 4870 ἀ
228 4835 381 4899 Boh.,
400 4832 694 4885 Pictoris...
720 4829 1027 4891 Lemovicas,
1051 4823 1659 4899 Petrocoris,_Egolisnm.

107 4902 184 4957 lla:
221 4895 378 4959 urbes
414 4916 539 4957 sunt
560 4900 800 4962 Poitfers,
822 4899 1075 4969 Limogcs,
1093 4898 1316 4961 Saintes,
1346 4895 1660 4969 Périguenx,

107 4974 434 5044 Angouléme,
486 4970 878 5042 provinciarum
928 4968 1045 5038 qua:
1097 4969 1164 5021 ab
1204 4970 1282 5021 eis
1323 4968 1536 5019 nomina
1571 4968 1664 5019 ha-

108 5046 217 5097 bent
243 5046 433 5112 capita.

170 5124 190 5150 ε
228 5106 382 5179 sui...
419 5113 732 5177 Numnam,
769 5110 929 5165 Freh.
954 5106 1184 5175 etCan.,
1216 5106 1489 5171 mendose,
1520 5106 1648 5159 Aver

108 5200 159 5233 πη
168 5203 228 5238 ut.

174 5257 187 5290 ί
229 5257 346 5311 llzrc
374 5255 556 5317 verba,
588 5254 752 5321 ibique
779 5268 893 5303 cum
917 5293 930 5308 .
961 5258 1067 5321 etc.
1096 5288 1109 5309 ,
1144 5264 1311 5315 usque
1339 5256 1512 5321 tenens
1532 5288 1547 5321 ,
1569 5262 1664 5299 ex-

114 5328 366 5393 pungenda
398 5336 581 5379 censet
606 5319 867 5380 (Joiutius,
901 5319 1040 5387 quod
1065 5334 1130 5373 co
1160 5334 1324 5393 anno,
1348 5319 1420 5370 uti
1454 5320 1559 5393 ipsi
1583 5334 1661 5393 vi-

113 5388 278 5460 dntur,
329 5397 655 5450 Francorum
698 5402 989 5445 conventus
1017 5431 1032 5449 .
1092 5406 1186 5442 seu
1245 5390 1476 5454 Campus
1516 5388 1654 5451 Maii,

112 5467 230 5530 apud
262 5470 579 5521 Attiniacum
614 5468 663 5521 in
702 5464 946 5517 li-‘IIICIISl
974 5460 1263 5528 Cauipauia
1295 5460 1504 5511 habitus
1537 5459 1657 5509 l'ne-

112 5529 182 5586 ru.
213 5538 480 5592 Habentur
531 5545 704 5589 tamen
754 5534 806 5586 in
858 5531 1104 5583 omnibus
1148 5529 1315 5582 Editis
1343 5540 1394 5580 et
1423 5529 1654 5594 ειτίιιιίε,

113 5621 223 5670 quos
250 5610 426 5662 videre
462 5608 609 5660 licuit
665 5604 769 5659 Sed
795 5604 879 5655 hic
906 5602 1039 5655 torte
1061 5606 1231 5665 campi
1259 5599 1413 5670 Mndii
1444 5599 1663 5650 nomine

114 5669 219 5727 nihil
249 5679 389 5731 aliud
436 5677 746 5744 intelligitur
789 5687 945 5741 quam
992 5669 1653 5744 conventu~Francorum

112 5746 164 5796 ad
188 5749 582 5801 deliberandum
610 5740 678 5800 de
721 5740 921 5812 aliquot
955 5741 1093 5795 circa
1130 5740 1523 5812 expeditionem
1552 5740 1652 5812 dil-

113 5816 409 5875 licttltatibus
453 5829 691 5874 coactus.
721 5809 895 5879 Certe,
924 5823 978 5867 ut
1000 5814 1112 5882 ipse
1141 5811 1378 5866 Coimius
1402 5809 1626 5863 advertit

1840 4615 1868 4654 ιι
1909 4618 2127 4684 Bellen,
2170 4618 2388 4671 ναίει-σή.
2421 4618 2549 4672 (Ian.
2579 4630 2630 4674 et
2663 4618 2861 4681 Frelt.,_
2893 4617 3083 4674 Vumci.
3124 4620 3183 4673 lli
3211 4620 3346 4677 forte

1770 4700 1893 4813 sunt
1926 4688 2074 4743 Vasci
2101 4730 2116 4753 ,
2169 4704 2261 4743 seu
2297 4691 2496 4757 Bascli,
2527 4707 2661 4760 quos
2701 4690 2966 4760 hodieque
2997 4689 3221 4759 Busques
3252 4707 3349 4761 ap-

1771 4774 1835 4813 oe
1877 4775 2050 4813 amus.

1877 4775 2050 4813 illllllS.

1770 4774 2066 4893 Ρθιίμὲἓῖῗί,
2094 4830 2161 4882 ad
2191 4830 2452 4899 Digonlio.
2481 4830 2615 4889 Can.
2647 4840 2703 4885 et
2726 4829 2909 4892 Freh..
2935 4831 3001 4883 ad
3035 4829 3345 4900 Degon‘w’"

1770 4900 1939 4969 Vulgo
1959 4902 2257 4969 appellatur
2283 4901 2517 4971 Digoius,
2546 4918 2639 4955 seu
2666 4901 2899 4969 Digoiue.
2918 4900 3118 4971 _Locus
3147 4910 3226 4953 est
3254 4903 3348 4953 ha-

1772 4980 2013 5050 renattts.
2046 4970 2202 5050 titulo
2254 4969 2537 5050 insignitus
2562 5013 2577 5035 ,
2630 4972 2680 5050 in
2733 4984 2865 5050 pago
2906 4969 3241 5050 Qudrelleusi
3271 4971 3344 5038 (te

1771 5040 1845 5093 Ch
1865 5040 2085 5109 irolais).
2132 5041 2197 5093 ad
2230 5038 2393 5093 Arotii
2426 5041 2645 5108 (I‘Arou)
2684 5048 2739 5091 et
2758 5040 2957 5109 Ligeris
2986 5038 3342 5095 conﬂuentes.

1845 5112 1861 5161 l
1906 5111 1994 5166 Sic
2029 5105 2159 5163 “Oh.
2196 5110 2290 5163 Ed.
2321 5105 2464 5175 vero,
2498 5105 2758 5162 remeavit.
2784 5105 2865 5159 lbi
2891 5111 3071 5161 vidua.

1841 5179 1865 5218 κ
1911 5182 2067 5234 Freh.
2097 5193 2149 5234 et
2180 5180 2312 5234 Cen.
2347 5182 2429 5232 hic
2456 5180 2650 5232 addunt
2682 5194 2729 5230 eI
2753 5178 3344 5247 plurimrumonatiettis

1764 5252 1854 5319 qui
1883 5252 1934 5304 in
1956 5267 2111 5319 regna
2131 5267 2224 5303 suo
2253 5252 2714 5315 coutmmabanmr,
2738 5264 2858 5318 qum
2880 5250 3039 5302 verba
3071 5250 3122 5303 in
3150 5251 3341 5306 iisdem

1764 5330 1957 5375 desunt
1981 5322 2029 5374 in
2056 5337 2172 5387 cap.
2201 5336 2312 5387 seq.

1840 5390 1859 5429 ⁸
1901 5392 2020 5446 lam
2042 5386 2224 5458 supra,
2253 5386 2372 5457 cap.
2402 5387 2525 5455 ηδ,
2558 5386 2806 5451 Campum
2839 5388 3343 5457 M’adiumappella-

1764 5464 1854 5516 vit.
1886 5463 2030 5516 lianc
2060 5477 2186 5516 vero
2217 5463 2561 5514 mutationem
2584 5476 2727 5515 anno
2748 5459 2853 5513 755
2880 5461 3073 5514 faciam
3102 5461 3345 5513 referunt
3389 5473 3403 5485 '

1762 5534 1995 5587 Annales
2024 5533 2316 5586 Petaviani.
2348 5532 2673 5585 lliucmarus
2698 5533 2748 5585 in
2777 5532 2888 5584 Vita
2914 5530 3081 5586 sancti
3113 5530 3345 5598 Remigii

1759 5604 2017 5671 Campum
2044 5604 2290 5657 Martium
2338 5617 2367 5655 a
2399 5603 2566 5671 Marte
2596 5604 2675 5655 sic
2717 5602 2878 5671 fuisse
2909 5601 3345 5667 appellatutndi-

1758 5676 1863 5735 cit,
1898 5668 2048 5743 quem
2103 5676 2406 5739 posteriores
2437 5670 2628 5723 Franci
2672 5668 3099 5743 MaiiCatttpum,
3123 5671 3349 5736 quando

1761 5740 1924 5815 reges
1942 5747 2006 5798 ad
2038 5746 2173 5799 bella
2205 5744 2382 5800 solent
2411 5744 2720 5813 procedere,
2756 5740 3339 5799 vocariiostitueruut.
