  <div class='ocr_page' id='page_1' title='image "/cluster/home/n/w/nwhite01/storage/ocr_20150623/71/hvd.32044054758743/355.png"; bbox 0 0 4016 6344; ppageno 0'>
   <div class='ocr_carea' id='block_1_1' title="bbox 679 332 783 389">
    <p class='ocr_par' dir='ltr' id='par_1_1' title="bbox 679 332 783 389">
     <span class='ocr_line' id='line_1_1' title="bbox 679 332 783 389; baseline 0.029 -3"><span class='ocrx_word' id='word_1_1' title='bbox 679 332 783 389; x_wconf 68' lang='lat'><strong>695</strong></span> 
     </span>
    </p>
   </div>
   <div class='ocr_carea' id='block_1_2' title="bbox 1279 319 3918 399">
    <p class='ocr_par' dir='ltr' id='par_1_2' title="bbox 1279 319 3918 399">
     <span class='ocr_line' id='line_1_2' title="bbox 1279 319 3918 399; baseline 0.002 -12"><span class='ocrx_word' id='word_1_2' title='bbox 1279 327 1696 392; x_wconf 69' lang='lat' dir='ltr'><strong>FIiEDEGABII</strong></span> <span class='ocrx_word' id='word_1_3' title='bbox 1738 322 2182 384; x_wconf 80' lang='lat' dir='ltr'><strong>SCIIOLASTICI</strong></span> <span class='ocrx_word' id='word_1_4' title='bbox 2236 319 2488 380; x_wconf 81' lang='lat' dir='ltr'><strong>CHRON.</strong></span> <span class='ocrx_word' id='word_1_5' title='bbox 2528 323 2801 385; x_wconf 77' lang='lat' dir='ltr'><strong>CONTIN.</strong></span> <span class='ocrx_word' id='word_1_6' title='bbox 2841 329 3017 387; x_wconf 74' lang='lat' dir='ltr'><strong>PARS</strong></span> <span class='ocrx_word' id='word_1_7' title='bbox 3055 330 3362 399; x_wconf 79' lang='lat' dir='ltr'><strong>QUARTA.</strong></span> <span class='ocrx_word' id='word_1_8' title='bbox 3827 335 3918 395; x_wconf 73' lang='lat'><strong>006</strong></span> 
     </span>
    </p>
   </div>
   <div class='ocr_carea' id='block_1_3' title="bbox 679 433 3916 526">
    <p class='ocr_par' dir='ltr' id='par_1_3' title="bbox 679 433 3916 526">
     <span class='ocr_line' id='line_1_3' title="bbox 679 433 3916 526; baseline 0 -22"><span class='ocrx_word' id='word_1_9' title='bbox 679 451 801 526; x_wconf 75' lang='grc' dir='ltr'><strong>ίΑΙ.</strong></span> <span class='ocrx_word' id='word_1_10' title='bbox 850 445 1184 518; x_wconf 68' lang='lat' dir='ltr'><strong>Equitanitej</strong></span> <span class='ocrx_word' id='word_1_11' title='bbox 1237 446 1506 514; x_wconf 81' lang='lat' dir='ltr'><strong>provincia</strong></span> <span class='ocrx_word' id='word_1_12' title='bbox 1557 443 1784 498; x_wconf 89' lang='lat' dir='ltr'><strong>nimium</strong></span> <span class='ocrx_word' id='word_1_13' title='bbox 1833 447 2037 495; x_wconf 84' lang='lat' dir='ltr'><strong>vastata</strong></span> <span class='ocrx_word' id='word_1_14' title='bbox 2060 481 2074 505; x_wconf 88' lang='lat'><strong>,</strong></span> <span class='ocrx_word' id='word_1_15' title='bbox 2130 450 2250 490; x_wconf 89' lang='lat' dir='ltr'><strong>cum</strong></span> <span class='ocrx_word' id='word_1_16' title='bbox 2281 433 2330 494; x_wconf 76' lang='grc' dir='ltr'><strong>Α</strong></span> <span class='ocrx_word' id='word_1_17' title='bbox 2359 435 2549 495; x_wconf 89' lang='lat' dir='ltr'><strong>farium</strong></span> <span class='ocrx_word' id='word_1_18' title='bbox 2581 442 2659 498; x_wconf 89' lang='lat' dir='ltr'><strong>ire</strong></span> <span class='ocrx_word' id='word_1_19' title='bbox 2682 445 2992 500; x_wconf 69' lang='lat' dir='ltr'><strong>destinavit.</strong></span> <span class='ocrx_word' id='word_1_20' title='bbox 3027 445 3284 502; x_wconf 86' lang='lat' dir='ltr'><strong>Bertrada</strong></span> <span class='ocrx_word' id='word_1_21' title='bbox 3306 445 3492 517; x_wconf 92' lang='lat' dir='ltr'><strong>regina</strong></span> <span class='ocrx_word' id='word_1_22' title='bbox 3519 447 3812 505; x_wconf 80' lang='lat' dir='ltr'><strong>Aurelianis</strong></span> <span class='ocrx_word' id='word_1_23' title='bbox 3835 465 3916 506; x_wconf 79' lang='lat' dir='ltr'><strong>ve-</strong></span> 
     </span>
    </p>
   </div>
   <div class='ocr_carea' id='block_1_4' title="bbox 678 529 2259 608">
    <p class='ocr_par' dir='ltr' id='par_1_4' title="bbox 678 529 2259 608">
     <span class='ocr_line' id='line_1_4' title="bbox 678 529 2259 608; baseline -0.009 -13"><span class='ocrx_word' id='word_1_24' title='bbox 678 541 841 596; x_wconf 89' lang='lat' dir='ltr'><strong>muita</strong></span> <span class='ocrx_word' id='word_1_25' title='bbox 875 538 1052 608; x_wconf 63' lang='lat' dir='ltr'><strong>pratda</strong></span> <span class='ocrx_word' id='word_1_26' title='bbox 1080 553 1143 594; x_wconf 91' lang='lat' dir='ltr'><strong>ac</strong></span> <span class='ocrx_word' id='word_1_27' title='bbox 1172 538 1389 606; x_wconf 83' lang='lat' dir='ltr'><strong>spoliis,</strong></span> <span class='ocrx_word' id='word_1_28' title='bbox 1438 551 1534 606; x_wconf 89' lang='lat' dir='ltr'><strong>per</strong></span> <span class='ocrx_word' id='word_1_29' title='bbox 1561 549 1752 606; x_wconf 82' lang='lat' dir='ltr'><strong>pagum</strong></span> <span class='ocrx_word' id='word_1_30' title='bbox 1779 529 2174 601; x_wconf 86' lang='lat' dir='ltr'><strong>Petregoricum</strong></span> <span class='ocrx_word' id='word_1_31' title='bbox 2203 535 2259 582; x_wconf 84' lang='lat' dir='ltr'><strong>et</strong></span> 
     </span>
    </p>
   </div>
   <div class='ocr_carea' id='block_1_5' title="bbox 677 623 2255 704">
    <p class='ocr_par' dir='ltr' id='par_1_5' title="bbox 677 623 2255 704">
     <span class='ocr_line' id='line_1_5' title="bbox 677 623 2255 704; baseline -0.009 -16"><span class='ocrx_word' id='word_1_32' title='bbox 677 633 1059 701; x_wconf 80' lang='lat' dir='ltr'><strong>Eqnolismam,</strong></span> <span class='ocrx_word' id='word_1_33' title='bbox 1070 632 1180 704; x_wconf 89' lang='lat' dir='ltr'><strong>jam</strong></span> <span class='ocrx_word' id='word_1_34' title='bbox 1213 647 1348 702; x_wconf 91' lang='lat' dir='ltr'><strong>pene</strong></span> <span class='ocrx_word' id='word_1_35' title='bbox 1369 631 1515 685; x_wconf 91' lang='lat' dir='ltr'><strong>omni</strong></span> <span class='ocrx_word' id='word_1_36' title='bbox 1548 627 1832 698; x_wconf 75' lang='lat' dir='ltr'><strong>Aquitania</strong></span> <span class='ocrx_word' id='word_1_37' title='bbox 1850 623 2255 694; x_wconf 85' lang='lat' dir='ltr'><strong>acquisita,cum</strong></span> 
     </span>
    </p>
   </div>
   <div class='ocr_carea' id='block_1_6' title="bbox 673 721 2257 781">
    <p class='ocr_par' dir='ltr' id='par_1_6' title="bbox 673 721 2257 781">
     <span class='ocr_line' id='line_1_6' title="bbox 673 721 2257 781; baseline -0.008 -5"><span class='ocrx_word' id='word_1_38' title='bbox 673 725 820 779; x_wconf 90' lang='lat' dir='ltr'><strong>omni</strong></span> <span class='ocrx_word' id='word_1_39' title='bbox 848 724 1084 779; x_wconf 88' lang='lat' dir='ltr'><strong>exercitu</strong></span> <span class='ocrx_word' id='word_1_40' title='bbox 1120 723 1445 781; x_wconf 79' lang='lat' dir='ltr'><strong>Francorum</strong></span> <span class='ocrx_word' id='word_1_41' title='bbox 1492 721 1685 774; x_wconf 83' lang='lat' dir='ltr'><strong>iterum</strong></span> <span class='ocrx_word' id='word_1_42' title='bbox 1725 732 1791 772; x_wconf 89' lang='lat' dir='ltr'><strong>eo</strong></span> <span class='ocrx_word' id='word_1_43' title='bbox 1821 729 1964 770; x_wconf 87' lang='lat' dir='ltr'><strong>anno</strong></span> <span class='ocrx_word' id='word_1_44' title='bbox 2007 725 2257 768; x_wconf 82' lang='lat' dir='ltr'><strong>reversus</strong></span> 
     </span>
    </p>
   </div>
   <div class='ocr_carea' id='block_1_7' title="bbox 673 810 1750 868">
    <p class='ocr_par' dir='ltr' id='par_1_7' title="bbox 673 810 1750 868">
     <span class='ocr_line' id='line_1_7' title="bbox 673 810 1750 868; baseline -0.006 0"><span class='ocrx_word' id='word_1_45' title='bbox 673 823 757 868; x_wconf 90' lang='lat' dir='ltr'><strong>est</strong></span> <span class='ocrx_word' id='word_1_46' title='bbox 801 815 854 867; x_wconf 81' lang='lat' dir='ltr'><strong>in</strong></span> <span class='ocrx_word' id='word_1_47' title='bbox 887 814 1163 868; x_wconf 86' lang='lat' dir='ltr'><strong>Frauciam</strong></span> <span class='ocrx_word' id='word_1_48' title='bbox 1196 827 1317 867; x_wconf 92' lang='lat' dir='ltr'><strong>cum</strong></span> <span class='ocrx_word' id='word_1_49' title='bbox 1349 812 1460 865; x_wconf 86' lang='lat' dir='ltr'><strong>suis</strong></span> <span class='ocrx_word' id='word_1_50' title='bbox 1481 810 1750 864; x_wconf 83' lang='lat' dir='ltr'><strong>omnibus.</strong></span> 
     </span>
    </p>
   </div>
   <div class='ocr_carea' id='block_1_8' title="bbox 745 897 2252 974">
    <p class='ocr_par' dir='ltr' id='par_1_8' title="bbox 745 897 2252 974">
     <span class='ocr_line' id='line_1_8' title="bbox 745 897 2252 974; baseline -0.009 -13"><span class='ocrx_word' id='word_1_51' title='bbox 745 905 906 974; x_wconf 82' lang='lat'><strong>700</strong></span> <span class='ocrx_word' id='word_1_52' title='bbox 919 901 1501 958; x_wconf 74' lang='lat' dir='ltr'><strong>AN.DCCLX\‘Ii.—CXX</strong></span> <span class='ocrx_word' id='word_1_53' title='bbox 1513 900 1622 954; x_wconf 80' lang='lat' dir='ltr'>XII.</span> <span class='ocrx_word' id='word_1_54' title='bbox 1643 903 1832 954; x_wconf 90' lang='lat' dir='ltr'><strong>Iterum</strong></span> <span class='ocrx_word' id='word_1_55' title='bbox 1846 897 2252 965; x_wconf 89' lang='lat' dir='ltr'><strong>denuosequen-</strong></span> 
     </span>
    </p>
   </div>
   <div class='ocr_carea' id='block_1_9' title="bbox 675 992 2249 1058">
    <p class='ocr_par' dir='ltr' id='par_1_9' title="bbox 675 992 2249 1058">
     <span class='ocr_line' id='line_1_9' title="bbox 675 992 2249 1058; baseline -0.002 -13"><span class='ocrx_word' id='word_1_56' title='bbox 675 994 709 1046; x_wconf 92' lang='lat' dir='ltr'><strong>ti</strong></span> <span class='ocrx_word' id='word_1_57' title='bbox 741 1009 901 1054; x_wconf 78' lang='lat' dir='ltr'><strong>anno.</strong></span> <span class='ocrx_word' id='word_1_58' title='bbox 918 1004 1184 1049; x_wconf 86' lang='lat' dir='ltr'><strong>commoto</strong></span> <span class='ocrx_word' id='word_1_59' title='bbox 1195 995 1338 1051; x_wconf 89' lang='lat' dir='ltr'><strong>omni</strong></span> <span class='ocrx_word' id='word_1_60' title='bbox 1355 995 1590 1047; x_wconf 78' lang='lat' dir='ltr'><strong>exercitu</strong></span> <span class='ocrx_word' id='word_1_61' title='bbox 1606 992 1934 1046; x_wconf 84' lang='lat' dir='ltr'><strong>Francorum</strong></span> <span class='ocrx_word' id='word_1_62' title='bbox 1954 1004 2044 1057; x_wconf 86' lang='lat' dir='ltr'><strong>per</strong></span> <span class='ocrx_word' id='word_1_63' title='bbox 2063 1002 2249 1058; x_wconf 80' lang='lat' dir='ltr'><strong>pagum</strong></span> 
     </span>
    </p>
   </div>
   <div class='ocr_carea' id='block_1_10' title="bbox 671 1079 2252 1152">
    <p class='ocr_par' dir='ltr' id='par_1_10' title="bbox 671 1079 2252 1152">
     <span class='ocr_line' id='line_1_10' title="bbox 671 1079 2252 1152; baseline -0.004 -13"><span class='ocrx_word' id='word_1_64' title='bbox 671 1085 1045 1152; x_wconf 83' lang='lat' dir='ltr'><strong>Trecasinum,</strong></span> <span class='ocrx_word' id='word_1_65' title='bbox 1074 1087 1198 1142; x_wconf 89' lang='lat' dir='ltr'><strong>inde</strong></span> <span class='ocrx_word' id='word_1_66' title='bbox 1221 1085 1285 1140; x_wconf 90' lang='lat' dir='ltr'><strong>ad</strong></span> <span class='ocrx_word' id='word_1_67' title='bbox 1318 1087 1499 1140; x_wconf 88' lang='lat' dir='ltr'><strong>urbem</strong></span> <span class='ocrx_word' id='word_1_68' title='bbox 1530 1084 1922 1140; x_wconf 79' lang='lat' dir='ltr'><strong>Autisioderum</strong></span> <span class='ocrx_word' id='word_1_69' title='bbox 1945 1081 2163 1136; x_wconf 88' lang='lat' dir='ltr'><strong>veniens</strong></span> <span class='ocrx_word' id='word_1_70' title='bbox 2186 1079 2252 1133; x_wconf 85' lang='lat' dir='ltr'><strong>ad</strong></span> 
     </span>
    </p>
   </div>
   <div class='ocr_carea' id='block_1_11' title="bbox 671 1174 2251 1242">
    <p class='ocr_par' dir='ltr' id='par_1_11' title="bbox 671 1174 2251 1242">
     <span class='ocr_line' id='line_1_11' title="bbox 671 1174 2251 1242; baseline -0.003 -14"><span class='ocrx_word' id='word_1_71' title='bbox 671 1187 904 1228; x_wconf 67' lang='lat' dir='ltr'><strong>castrum</strong></span> <span class='ocrx_word' id='word_1_72' title='bbox 958 1177 1096 1242; x_wconf 80' lang='lat' dir='ltr'><strong>quod</strong></span> <span class='ocrx_word' id='word_1_73' title='bbox 1129 1185 1350 1231; x_wconf 78' lang='lat' dir='ltr'><strong>vocatur</strong></span> <span class='ocrx_word' id='word_1_74' title='bbox 1398 1174 1648 1230; x_wconf 89' lang='lat' dir='ltr'><strong>Gordinis</strong></span> <span class='ocrx_word' id='word_1_75' title='bbox 1695 1183 1755 1241; x_wconf 71' lang='grc' dir='ltr'><strong>λ,</strong></span> <span class='ocrx_word' id='word_1_76' title='bbox 1785 1189 1904 1228; x_wconf 94' lang='lat' dir='ltr'><strong>cum</strong></span> <span class='ocrx_word' id='word_1_77' title='bbox 1939 1174 2118 1242; x_wconf 80' lang='lat' dir='ltr'><strong>regina</strong></span> <span class='ocrx_word' id='word_1_78' title='bbox 2156 1185 2251 1224; x_wconf 88' lang='lat' dir='ltr'><strong>sua</strong></span> 
     </span>
    </p>
   </div>
   <div class='ocr_carea' id='block_1_12' title="bbox 675 1263 2242 1337">
    <p class='ocr_par' dir='ltr' id='par_1_12' title="bbox 675 1263 2242 1337">
     <span class='ocr_line' id='line_1_12' title="bbox 675 1263 2242 1337; baseline -0.001 -19"><span class='ocrx_word' id='word_1_79' title='bbox 675 1267 1037 1332; x_wconf 73' lang='lat' dir='ltr'><strong>liertradane,</strong></span> <span class='ocrx_word' id='word_1_80' title='bbox 1080 1267 1191 1337; x_wconf 84' lang='lat' dir='ltr'><strong>jam</strong></span> <span class='ocrx_word' id='word_1_81' title='bbox 1239 1267 1553 1322; x_wconf 83' lang='lat' dir='ltr'><strong>fiducialiter</strong></span> <span class='ocrx_word' id='word_1_82' title='bbox 1598 1266 1786 1337; x_wconf 87' lang='lat' dir='ltr'><strong>Ligere</strong></span> <span class='ocrx_word' id='word_1_83' title='bbox 1834 1273 2126 1331; x_wconf 89' lang='lat' dir='ltr'><strong>transacto,</strong></span> <span class='ocrx_word' id='word_1_84' title='bbox 2176 1263 2242 1318; x_wconf 91' lang='lat' dir='ltr'><strong>ad</strong></span> 
     </span>
    </p>
   </div>
   <div class='ocr_carea' id='block_1_13' title="bbox 674 1357 2244 1429">
    <p class='ocr_par' dir='ltr' id='par_1_13' title="bbox 674 1357 2244 1429">
     <span class='ocr_line' id='line_1_13' title="bbox 674 1357 2244 1429; baseline -0.001 -17"><span class='ocrx_word' id='word_1_85' title='bbox 674 1361 944 1414; x_wconf 81' lang='lat' dir='ltr'><strong>Betoricas</strong></span> <span class='ocrx_word' id='word_1_86' title='bbox 989 1359 1256 1428; x_wconf 88' lang='lat' dir='ltr'><strong>accessit,</strong></span> <span class='ocrx_word' id='word_1_87' title='bbox 1308 1361 1560 1429; x_wconf 85' lang='lat' dir='ltr'><strong>palatium</strong></span> <span class='ocrx_word' id='word_1_88' title='bbox 1608 1359 1710 1414; x_wconf 85' lang='lat' dir='ltr'><strong>sibi</strong></span> <span class='ocrx_word' id='word_1_89' title='bbox 1758 1357 2027 1412; x_wconf 71' lang='lat' dir='ltr'><strong>aedificare</strong></span> <span class='ocrx_word' id='word_1_90' title='bbox 2069 1357 2244 1426; x_wconf 86' lang='lat' dir='ltr'><strong>jubet.</strong></span> 
     </span>
    </p>
   </div>
   <div class='ocr_carea' id='block_1_14' title="bbox 672 1449 2249 1520">
    <p class='ocr_par' dir='ltr' id='par_1_14' title="bbox 672 1449 2249 1520">
     <span class='ocr_line' id='line_1_14' title="bbox 672 1449 2249 1520; baseline -0.004 -13"><span class='ocrx_word' id='word_1_91' title='bbox 672 1452 865 1507; x_wconf 84' lang='lat' dir='ltr'><strong>Iterum</strong></span> <span class='ocrx_word' id='word_1_92' title='bbox 896 1450 1098 1520; x_wconf 86' lang='lat' dir='ltr'><strong>Campo</strong></span> <span class='ocrx_word' id='word_1_93' title='bbox 1128 1451 1320 1518; x_wconf 76' lang='lat' dir='ltr'><strong>Medio,</strong></span> <span class='ocrx_word' id='word_1_94' title='bbox 1355 1452 1498 1505; x_wconf 86' lang='lat' dir='ltr'><strong>sicut</strong></span> <span class='ocrx_word' id='word_1_95' title='bbox 1526 1464 1644 1504; x_wconf 90' lang='lat' dir='ltr'><strong>mos</strong></span> <span class='ocrx_word' id='word_1_96' title='bbox 1671 1459 1809 1513; x_wconf 91' lang='lat' dir='ltr'><strong>erat,</strong></span> <span class='ocrx_word' id='word_1_97' title='bbox 1837 1449 2032 1503; x_wconf 82' lang='lat' dir='ltr'><strong>ibidem</strong></span> <span class='ocrx_word' id='word_1_98' title='bbox 2065 1456 2249 1502; x_wconf 88' lang='lat' dir='ltr'><strong>tenere</strong></span> 
     </span>
    </p>
   </div>
   <div class='ocr_carea' id='block_1_15' title="bbox 667 1539 2249 1614">
    <p class='ocr_par' dir='ltr' id='par_1_15' title="bbox 667 1539 2249 1614">
     <span class='ocr_line' id='line_1_15' title="bbox 667 1539 2249 1614; baseline -0.002 -20"><span class='ocrx_word' id='word_1_99' title='bbox 667 1541 838 1614; x_wconf 82' lang='lat' dir='ltr'><strong>jubet,</strong></span> <span class='ocrx_word' id='word_1_100' title='bbox 874 1543 1112 1611; x_wconf 91' lang='lat' dir='ltr'><strong>initoque</strong></span> <span class='ocrx_word' id='word_1_101' title='bbox 1141 1542 1367 1598; x_wconf 89' lang='lat' dir='ltr'><strong>consilio</strong></span> <span class='ocrx_word' id='word_1_102' title='bbox 1393 1557 1514 1598; x_wconf 88' lang='lat' dir='ltr'><strong>cum</strong></span> <span class='ocrx_word' id='word_1_103' title='bbox 1547 1540 1856 1611; x_wconf 84' lang='lat' dir='ltr'><strong>proceribus</strong></span> <span class='ocrx_word' id='word_1_104' title='bbox 1884 1539 2026 1602; x_wconf 80' lang='lat' dir='ltr'><strong>suis,</strong></span> <span class='ocrx_word' id='word_1_105' title='bbox 2060 1539 2249 1607; x_wconf 83' lang='lat' dir='ltr'><strong>praefa-</strong></span> 
     </span>
    </p>
   </div>
   <div class='ocr_carea' id='block_1_16' title="bbox 670 1630 2246 1702">
    <p class='ocr_par' dir='ltr' id='par_1_16' title="bbox 670 1630 2246 1702">
     <span class='ocr_line' id='line_1_16' title="bbox 670 1630 2246 1702; baseline -0.001 -14"><span class='ocrx_word' id='word_1_106' title='bbox 670 1643 777 1688; x_wconf 81' lang='lat' dir='ltr'><strong>tam</strong></span> <span class='ocrx_word' id='word_1_107' title='bbox 808 1634 1044 1702; x_wconf 83' lang='lat' dir='ltr'><strong>reginam</strong></span> <span class='ocrx_word' id='word_1_108' title='bbox 1094 1633 1474 1688; x_wconf 87' lang='lat' dir='ltr'><strong>Bertradanem</strong></span> <span class='ocrx_word' id='word_1_109' title='bbox 1499 1631 1528 1673; x_wconf 73' lang='grc' dir='ltr'>δ</span> <span class='ocrx_word' id='word_1_110' title='bbox 1550 1673 1566 1699; x_wconf 89' lang='grc'><em>,</em></span> <span class='ocrx_word' id='word_1_111' title='bbox 1607 1648 1727 1686; x_wconf 88' lang='lat' dir='ltr'><strong>cum</strong></span> <span class='ocrx_word' id='word_1_112' title='bbox 1775 1630 1995 1699; x_wconf 82' lang='lat' dir='ltr'><strong>reliquis</strong></span> <span class='ocrx_word' id='word_1_113' title='bbox 2027 1630 2246 1686; x_wconf 85' lang='lat' dir='ltr'><strong>Francis</strong></span> 
     </span>
    </p>
   </div>
   <div class='ocr_carea' id='block_1_17' title="bbox 668 1724 2246 1795">
    <p class='ocr_par' dir='ltr' id='par_1_17' title="bbox 668 1724 2246 1795">
     <span class='ocr_line' id='line_1_17' title="bbox 668 1724 2246 1795; baseline -0.001 -16"><span class='ocrx_word' id='word_1_114' title='bbox 668 1740 731 1779; x_wconf 84' lang='lat' dir='ltr'><strong>ac</strong></span> <span class='ocrx_word' id='word_1_115' title='bbox 760 1726 1044 1781; x_wconf 86' lang='lat' dir='ltr'><strong>comitibus</strong></span> <span class='ocrx_word' id='word_1_116' title='bbox 1073 1726 1316 1782; x_wconf 90' lang='lat' dir='ltr'><strong>fidelibus</strong></span> <span class='ocrx_word' id='word_1_117' title='bbox 1345 1728 1457 1781; x_wconf 89' lang='lat' dir='ltr'><strong>suis</strong></span> <span class='ocrx_word' id='word_1_118' title='bbox 1476 1766 1490 1792; x_wconf 92' lang='lat'><strong>,</strong></span> <span class='ocrx_word' id='word_1_119' title='bbox 1522 1726 1574 1781; x_wconf 93' lang='lat' dir='ltr'><strong>in</strong></span> <span class='ocrx_word' id='word_1_120' title='bbox 1605 1726 1854 1795; x_wconf 65' lang='lat' dir='ltr'><strong>praedicta</strong></span> <span class='ocrx_word' id='word_1_121' title='bbox 1897 1725 2136 1779; x_wconf 80' lang='lat' dir='ltr'><strong>Betorica</strong></span> <span class='ocrx_word' id='word_1_122' title='bbox 2162 1724 2246 1778; x_wconf 85' lang='lat' dir='ltr'><strong>tli-</strong></span> 
     </span>
    </p>
   </div>
   <div class='ocr_carea' id='block_1_18' title="bbox 2363 532 3914 609">
    <p class='ocr_par' dir='ltr' id='par_1_18' title="bbox 2363 532 3914 609">
     <span class='ocr_line' id='line_1_18' title="bbox 2363 532 3914 609; baseline 0.006 -24"><span class='ocrx_word' id='word_1_123' title='bbox 2363 532 2514 587; x_wconf 87' lang='lat' dir='ltr'><strong>niens</strong></span> <span class='ocrx_word' id='word_1_124' title='bbox 2538 574 2554 599; x_wconf 91' lang='lat'><strong>,</strong></span> <span class='ocrx_word' id='word_1_125' title='bbox 2587 545 2642 589; x_wconf 91' lang='lat' dir='ltr'><strong>et</strong></span> <span class='ocrx_word' id='word_1_126' title='bbox 2665 535 2789 591; x_wconf 88' lang='lat' dir='ltr'><strong>inde</strong></span> <span class='ocrx_word' id='word_1_127' title='bbox 2811 539 2983 592; x_wconf 86' lang='lat' dir='ltr'><strong>navali</strong></span> <span class='ocrx_word' id='word_1_128' title='bbox 3014 538 3293 594; x_wconf 90' lang='lat' dir='ltr'><strong>evectione</strong></span> <span class='ocrx_word' id='word_1_129' title='bbox 3319 553 3415 607; x_wconf 86' lang='lat' dir='ltr'><strong>per</strong></span> <span class='ocrx_word' id='word_1_130' title='bbox 3455 538 3696 609; x_wconf 77' lang='lat' dir='ltr'><strong>Ligerem</strong></span> <span class='ocrx_word' id='word_1_131' title='bbox 3719 539 3914 595; x_wconf 81' lang='lat' dir='ltr'><strong>ﬂuvium</strong></span> 
     </span>
    </p>
   </div>
   <div class='ocr_carea' id='block_1_19' title="bbox 2361 625 3914 702">
    <p class='ocr_par' dir='ltr' id='par_1_19' title="bbox 2361 625 3914 702">
     <span class='ocr_line' id='line_1_19' title="bbox 2361 625 3914 702; baseline 0.006 -26"><span class='ocrx_word' id='word_1_132' title='bbox 2361 637 2530 693; x_wconf 87' lang='lat' dir='ltr'><strong>usque</strong></span> <span class='ocrx_word' id='word_1_133' title='bbox 2549 625 2615 679; x_wconf 88' lang='lat' dir='ltr'><strong>ad</strong></span> <span class='ocrx_word' id='word_1_134' title='bbox 2637 626 2816 682; x_wconf 91' lang='lat' dir='ltr'><strong>Selius</strong></span> <span class='ocrx_word' id='word_1_135' title='bbox 2847 625 2865 665; x_wconf 72' lang='grc' dir='ltr'>ί</span> <span class='ocrx_word' id='word_1_136' title='bbox 2901 637 3136 682; x_wconf 84' lang='lat' dir='ltr'><strong>castrum</strong></span> <span class='ocrx_word' id='word_1_137' title='bbox 3167 643 3327 698; x_wconf 88' lang='lat' dir='ltr'><strong>super</strong></span> <span class='ocrx_word' id='word_1_138' title='bbox 3352 629 3570 684; x_wconf 82' lang='lat' dir='ltr'><strong>ﬂuvium</strong></span> <span class='ocrx_word' id='word_1_139' title='bbox 3594 630 3757 696; x_wconf 85' lang='lat' dir='ltr'><strong>ipsius</strong></span> <span class='ocrx_word' id='word_1_140' title='bbox 3783 629 3914 702; x_wconf 86' lang='lat' dir='ltr'><strong>Lige-</strong></span> 
     </span>
    </p>
   </div>
   <div class='ocr_carea' id='block_1_20' title="bbox 2360 715 3910 791">
    <p class='ocr_par' dir='ltr' id='par_1_20' title="bbox 2360 715 3910 791">
     <span class='ocr_line' id='line_1_20' title="bbox 2360 715 3910 791; baseline 0.005 -24"><span class='ocrx_word' id='word_1_141' title='bbox 2360 715 2434 769; x_wconf 90' lang='lat' dir='ltr'><strong>ris</strong></span> <span class='ocrx_word' id='word_1_142' title='bbox 2464 719 2708 782; x_wconf 80' lang='lat' dir='ltr'><strong>pervenit</strong></span> <span class='ocrx_word' id='word_1_143' title='bbox 2754 718 2886 791; x_wconf 81' lang='grc' dir='ltr'><strong>[ΑΙ.</strong></span> <span class='ocrx_word' id='word_1_144' title='bbox 2938 719 3319 790; x_wconf 74' lang='lat' dir='ltr'><strong>perveniens].</strong></span> <span class='ocrx_word' id='word_1_145' title='bbox 3373 720 3467 774; x_wconf 79' lang='lat' dir='ltr'><strong>His</strong></span> <span class='ocrx_word' id='word_1_146' title='bbox 3504 721 3681 791; x_wconf 83' lang='lat' dir='ltr'><strong>itaque</strong></span> <span class='ocrx_word' id='word_1_147' title='bbox 3726 722 3910 791; x_wconf 83' lang='lat' dir='ltr'><strong>gestis,</strong></span> 
     </span>
    </p>
   </div>
   <div class='ocr_carea' id='block_1_21' title="bbox 2359 806 3910 881">
    <p class='ocr_par' dir='ltr' id='par_1_21' title="bbox 2359 806 3910 881">
     <span class='ocr_line' id='line_1_21' title="bbox 2359 806 3910 881; baseline 0.005 -24"><span class='ocrx_word' id='word_1_148' title='bbox 2359 806 2662 862; x_wconf 88' lang='lat' dir='ltr'><strong>nuntiatunt</strong></span> <span class='ocrx_word' id='word_1_149' title='bbox 2695 818 2778 863; x_wconf 88' lang='lat' dir='ltr'><strong>est</strong></span> <span class='ocrx_word' id='word_1_150' title='bbox 2826 810 2936 879; x_wconf 85' lang='lat' dir='ltr'><strong>regi</strong></span> <span class='ocrx_word' id='word_1_151' title='bbox 2963 811 3104 879; x_wconf 91' lang='lat' dir='ltr'><strong>quod</strong></span> <span class='ocrx_word' id='word_1_152' title='bbox 3137 811 3286 866; x_wconf 89' lang='lat' dir='ltr'><strong>missi</strong></span> <span class='ocrx_word' id='word_1_153' title='bbox 3327 812 3440 876; x_wconf 90' lang='lat' dir='ltr'><strong>sui,</strong></span> <span class='ocrx_word' id='word_1_154' title='bbox 3472 828 3608 881; x_wconf 90' lang='lat' dir='ltr'><strong>quos</strong></span> <span class='ocrx_word' id='word_1_155' title='bbox 3635 812 3827 866; x_wconf 89' lang='lat' dir='ltr'><strong>dudum</strong></span> <span class='ocrx_word' id='word_1_156' title='bbox 3853 812 3910 864; x_wconf 84' lang='lat' dir='ltr'><strong>ad</strong></span> 
     </span>
    </p>
   </div>
   <div class='ocr_carea' id='block_1_22' title="bbox 2357 895 3912 972">
    <p class='ocr_par' dir='ltr' id='par_1_22' title="bbox 2357 895 3912 972">
     <span class='ocr_line' id='line_1_22' title="bbox 2357 895 3912 972; baseline 0.005 -23"><span class='ocrx_word' id='word_1_157' title='bbox 2357 895 2669 952; x_wconf 84' lang='lat' dir='ltr'><strong>Amormuni</strong></span> <span class='ocrx_word' id='word_1_158' title='bbox 2701 909 2726 946; x_wconf 74' lang='grc' dir='ltr'><em>ε</em></span> <span class='ocrx_word' id='word_1_159' title='bbox 2751 915 2929 970; x_wconf 86' lang='lat' dir='ltr'><strong>regem</strong></span> <span class='ocrx_word' id='word_1_160' title='bbox 2962 901 3381 957; x_wconf 83' lang='lat' dir='ltr'><strong>Sarracenorum</strong></span> <span class='ocrx_word' id='word_1_161' title='bbox 3409 904 3646 967; x_wconf 90' lang='lat' dir='ltr'><strong>miserat,</strong></span> <span class='ocrx_word' id='word_1_162' title='bbox 3675 914 3792 972; x_wconf 84' lang='lat' dir='ltr'><strong>post</strong></span> <span class='ocrx_word' id='word_1_163' title='bbox 3818 912 3912 957; x_wconf 81' lang='lat' dir='ltr'><strong>tres</strong></span> 
     </span>
    </p>
   </div>
   <div class='ocr_carea' id='block_1_23' title="bbox 2356 989 3914 1066">
    <p class='ocr_par' dir='ltr' id='par_1_23' title="bbox 2356 989 3914 1066">
     <span class='ocr_line' id='line_1_23' title="bbox 2356 989 3914 1066; baseline 0.004 -25"><span class='ocrx_word' id='word_1_164' title='bbox 2356 1002 2527 1043; x_wconf 89' lang='lat' dir='ltr'><strong>annos</strong></span> <span class='ocrx_word' id='word_1_165' title='bbox 2548 989 2613 1043; x_wconf 92' lang='lat' dir='ltr'><strong>ad</strong></span> <span class='ocrx_word' id='word_1_166' title='bbox 2640 991 2928 1046; x_wconf 86' lang='lat' dir='ltr'><strong>Massiliam</strong></span> <span class='ocrx_word' id='word_1_167' title='bbox 2955 994 3159 1048; x_wconf 89' lang='lat' dir='ltr'><strong>reversi</strong></span> <span class='ocrx_word' id='word_1_168' title='bbox 3187 994 3432 1057; x_wconf 86' lang='lat' dir='ltr'><strong>fuissent,</strong></span> <span class='ocrx_word' id='word_1_169' title='bbox 3457 994 3769 1066; x_wconf 75' lang='lat' dir='ltr'><strong>legationem</strong></span> <span class='ocrx_word' id='word_1_170' title='bbox 3791 1009 3914 1062; x_wconf 65' lang='lat' dir='ltr'><strong>prai-</strong></span> 
     </span>
    </p>
   </div>
   <div class='ocr_carea' id='block_1_24' title="bbox 2357 1079 3910 1156">
    <p class='ocr_par' dir='ltr' id='par_1_24' title="bbox 2357 1079 3910 1156">
     <span class='ocr_line' id='line_1_24' title="bbox 2357 1079 3910 1156; baseline 0.003 -22"><span class='ocrx_word' id='word_1_171' title='bbox 2357 1079 2482 1136; x_wconf 90' lang='lat' dir='ltr'><strong>dicti</strong></span> <span class='ocrx_word' id='word_1_172' title='bbox 2513 1084 2829 1138; x_wconf 87' lang='lat' dir='ltr'><strong>Amormuni</strong></span> <span class='ocrx_word' id='word_1_173' title='bbox 2878 1085 3025 1155; x_wconf 86' lang='lat' dir='ltr'><strong>regis</strong></span> <span class='ocrx_word' id='word_1_174' title='bbox 3065 1086 3482 1142; x_wconf 88' lang='lat' dir='ltr'><strong>Sarracenorum</strong></span> <span class='ocrx_word' id='word_1_175' title='bbox 3523 1088 3587 1140; x_wconf 89' lang='lat' dir='ltr'><strong>ad</strong></span> <span class='ocrx_word' id='word_1_176' title='bbox 3615 1087 3910 1156; x_wconf 75' lang='lat' dir='ltr'><strong>prtedictum</strong></span> 
     </span>
    </p>
   </div>
   <div class='ocr_carea' id='block_1_25' title="bbox 2355 1175 3909 1240">
    <p class='ocr_par' dir='ltr' id='par_1_25' title="bbox 2355 1175 3909 1240">
     <span class='ocr_line' id='line_1_25' title="bbox 2355 1175 3909 1240; baseline 0.003 -16"><span class='ocrx_word' id='word_1_177' title='bbox 2355 1185 2534 1240; x_wconf 85' lang='lat' dir='ltr'><strong>regem</strong></span> <span class='ocrx_word' id='word_1_178' title='bbox 2585 1187 2704 1226; x_wconf 91' lang='lat' dir='ltr'><strong>cum</strong></span> <span class='ocrx_word' id='word_1_179' title='bbox 2754 1175 2935 1229; x_wconf 90' lang='lat' dir='ltr'><strong>multis</strong></span> <span class='ocrx_word' id='word_1_180' title='bbox 2985 1178 3295 1231; x_wconf 90' lang='lat' dir='ltr'><strong>muneribus</strong></span> <span class='ocrx_word' id='word_1_181' title='bbox 3344 1192 3526 1232; x_wconf 90' lang='lat' dir='ltr'><strong>secum</strong></span> <span class='ocrx_word' id='word_1_182' title='bbox 3576 1176 3909 1230; x_wconf 82' lang='lat' dir='ltr'><strong>adduxerant.</strong></span> 
     </span>
    </p>
   </div>
   <div class='ocr_carea' id='block_1_26' title="bbox 2353 1264 3910 1338">
    <p class='ocr_par' dir='ltr' id='par_1_26' title="bbox 2353 1264 3910 1338">
     <span class='ocr_line' id='line_1_26' title="bbox 2353 1264 3910 1338; baseline 0.001 -21"><span class='ocrx_word' id='word_1_183' title='bbox 2353 1264 2504 1332; x_wconf 83' lang='lat' dir='ltr'><strong>Quod</strong></span> <span class='ocrx_word' id='word_1_184' title='bbox 2534 1280 2654 1319; x_wconf 93' lang='lat' dir='ltr'><strong>cum</strong></span> <span class='ocrx_word' id='word_1_185' title='bbox 2685 1276 3035 1336; x_wconf 68' lang='lat' dir='ltr'><strong>“compertum</strong></span> <span class='ocrx_word' id='word_1_186' title='bbox 3083 1269 3194 1338; x_wconf 90' lang='lat' dir='ltr'><strong>regi</strong></span> <span class='ocrx_word' id='word_1_187' title='bbox 3226 1269 3447 1335; x_wconf 90' lang='lat' dir='ltr'><strong>fuisset,</strong></span> <span class='ocrx_word' id='word_1_188' title='bbox 3488 1270 3679 1322; x_wconf 91' lang='lat' dir='ltr'><strong>missos</strong></span> <span class='ocrx_word' id='word_1_189' title='bbox 3705 1281 3827 1321; x_wconf 87' lang='lat' dir='ltr'><strong>suos</strong></span> <span class='ocrx_word' id='word_1_190' title='bbox 3854 1269 3910 1319; x_wconf 88' lang='lat' dir='ltr'><strong>ad</strong></span> 
     </span>
    </p>
   </div>
   <div class='ocr_carea' id='block_1_27' title="bbox 2355 1354 3911 1432">
    <p class='ocr_par' dir='ltr' id='par_1_27' title="bbox 2355 1354 3911 1432">
     <span class='ocr_line' id='line_1_27' title="bbox 2355 1354 3911 1432; baseline 0.001 -24"><span class='ocrx_word' id='word_1_191' title='bbox 2355 1368 2474 1409; x_wconf 85' lang='lat' dir='ltr'><strong>eam</strong></span> <span class='ocrx_word' id='word_1_192' title='bbox 2507 1355 2745 1423; x_wconf 89' lang='lat' dir='ltr'><strong>direxit,</strong></span> <span class='ocrx_word' id='word_1_193' title='bbox 2793 1358 2881 1426; x_wconf 92' lang='lat' dir='ltr'><strong>qui</strong></span> <span class='ocrx_word' id='word_1_194' title='bbox 2933 1358 3100 1426; x_wconf 89' lang='lat' dir='ltr'><strong>ipsam</strong></span> <span class='ocrx_word' id='word_1_195' title='bbox 3143 1359 3462 1428; x_wconf 83' lang='lat' dir='ltr'><strong>legationem</strong></span> <span class='ocrx_word' id='word_1_196' title='bbox 3496 1357 3621 1432; x_wconf 88' lang='lat' dir='ltr'><strong>[Ed.</strong></span> <span class='ocrx_word' id='word_1_197' title='bbox 3649 1399 3664 1421; x_wconf 90' lang='lat'><strong>,</strong></span> <span class='ocrx_word' id='word_1_198' title='bbox 3692 1359 3777 1426; x_wconf 90' lang='lat' dir='ltr'><strong>qui</strong></span> <span class='ocrx_word' id='word_1_199' title='bbox 3806 1354 3911 1426; x_wconf 76' lang='lat' dir='ltr'><strong>eos]</strong></span> 
     </span>
    </p>
   </div>
   <div class='ocr_carea' id='block_1_28' title="bbox 2352 1447 3912 1518">
    <p class='ocr_par' dir='ltr' id='par_1_28' title="bbox 2352 1447 3912 1518">
     <span class='ocr_line' id='line_1_28' title="bbox 2352 1447 3912 1518; baseline 0 -18"><span class='ocrx_word' id='word_1_200' title='bbox 2352 1447 2728 1502; x_wconf 84' lang='lat' dir='ltr'><strong>venerabiliter</strong></span> <span class='ocrx_word' id='word_1_201' title='bbox 2754 1449 3081 1516; x_wconf 82' lang='lat' dir='ltr'><strong>reciperent,</strong></span> <span class='ocrx_word' id='word_1_202' title='bbox 3097 1460 3152 1503; x_wconf 91' lang='lat' dir='ltr'><strong>et</strong></span> <span class='ocrx_word' id='word_1_203' title='bbox 3178 1464 3346 1518; x_wconf 86' lang='lat' dir='ltr'><strong>usque</strong></span> <span class='ocrx_word' id='word_1_204' title='bbox 3373 1449 3438 1503; x_wconf 90' lang='lat' dir='ltr'><strong>ad</strong></span> <span class='ocrx_word' id='word_1_205' title='bbox 3462 1449 3637 1502; x_wconf 74' lang='lat' dir='ltr'><strong>Mettis</strong></span> <span class='ocrx_word' id='word_1_206' title='bbox 3660 1449 3912 1501; x_wconf 75' lang='lat' dir='ltr'><strong>civitatem</strong></span> 
     </span>
    </p>
   </div>
   <div class='ocr_carea' id='block_1_29' title="bbox 2350 1534 3913 1606">
    <p class='ocr_par' dir='ltr' id='par_1_29' title="bbox 2350 1534 3913 1606">
     <span class='ocr_line' id='line_1_29' title="bbox 2350 1534 3913 1606; baseline 0.001 -19"><span class='ocrx_word' id='word_1_207' title='bbox 2350 1534 2415 1588; x_wconf 91' lang='lat' dir='ltr'><strong>ad</strong></span> <span class='ocrx_word' id='word_1_208' title='bbox 2447 1535 2790 1590; x_wconf 82' lang='lat' dir='ltr'><strong>biemaudum</strong></span> <span class='ocrx_word' id='word_1_209' title='bbox 2842 1537 3124 1593; x_wconf 89' lang='lat' dir='ltr'><strong>ducerent.</strong></span> <span class='ocrx_word' id='word_1_210' title='bbox 3180 1537 3346 1606; x_wconf 83' lang='lat' dir='ltr'><strong>Igitur</strong></span> <span class='ocrx_word' id='word_1_211' title='bbox 3381 1539 3726 1606; x_wconf 88' lang='lat' dir='ltr'><strong>suprascripti</strong></span> <span class='ocrx_word' id='word_1_212' title='bbox 3754 1538 3913 1590; x_wconf 86' lang='lat' dir='ltr'><strong>comi-</strong></span> 
     </span>
    </p>
   </div>
   <div class='ocr_carea' id='block_1_30' title="bbox 2351 1628 3911 1698">
    <p class='ocr_par' dir='ltr' id='par_1_30' title="bbox 2351 1628 3911 1698">
     <span class='ocr_line' id='line_1_30' title="bbox 2351 1628 3911 1698; baseline -0.001 -18"><span class='ocrx_word' id='word_1_213' title='bbox 2351 1636 2431 1682; x_wconf 91' lang='lat' dir='ltr'><strong>tes</strong></span> <span class='ocrx_word' id='word_1_214' title='bbox 2453 1668 2468 1692; x_wconf 95' lang='lat'><strong>,</strong></span> <span class='ocrx_word' id='word_1_215' title='bbox 2498 1628 2590 1697; x_wconf 91' lang='lat' dir='ltr'><strong>qui</strong></span> <span class='ocrx_word' id='word_1_216' title='bbox 2638 1629 2704 1683; x_wconf 89' lang='lat' dir='ltr'><strong>ad</strong></span> <span class='ocrx_word' id='word_1_217' title='bbox 2751 1629 3117 1684; x_wconf 79' lang='lat' dir='ltr'><strong>Remistanum</strong></span> <span class='ocrx_word' id='word_1_218' title='bbox 3151 1629 3470 1698; x_wconf 85' lang='lat' dir='ltr'><strong>capiendum</strong></span> <span class='ocrx_word' id='word_1_219' title='bbox 3513 1629 3662 1683; x_wconf 91' lang='lat' dir='ltr'><strong>missi</strong></span> <span class='ocrx_word' id='word_1_220' title='bbox 3698 1630 3911 1690; x_wconf 88' lang='lat' dir='ltr'><strong>fuerant,</strong></span> 
     </span>
    </p>
   </div>
   <div class='ocr_carea' id='block_1_31' title="bbox 2352 1720 3912 1791">
    <p class='ocr_par' dir='ltr' id='par_1_31' title="bbox 2352 1720 3912 1791">
     <span class='ocr_line' id='line_1_31' title="bbox 2352 1720 3912 1791; baseline 0 -17"><span class='ocrx_word' id='word_1_221' title='bbox 2352 1734 2446 1788; x_wconf 87' lang='lat' dir='ltr'><strong>per</strong></span> <span class='ocrx_word' id='word_1_222' title='bbox 2471 1720 2708 1774; x_wconf 87' lang='lat' dir='ltr'><strong>divinum</strong></span> <span class='ocrx_word' id='word_1_223' title='bbox 2736 1722 2993 1790; x_wconf 89' lang='lat' dir='ltr'><strong>judicium</strong></span> <span class='ocrx_word' id='word_1_224' title='bbox 3018 1731 3072 1777; x_wconf 93' lang='lat' dir='ltr'><strong>et</strong></span> <span class='ocrx_word' id='word_1_225' title='bbox 3103 1722 3260 1776; x_wconf 87' lang='lat' dir='ltr'><strong>[idem</strong></span> <span class='ocrx_word' id='word_1_226' title='bbox 3292 1723 3431 1791; x_wconf 88' lang='lat' dir='ltr'><strong>regis</strong></span> <span class='ocrx_word' id='word_1_227' title='bbox 3455 1736 3576 1775; x_wconf 92' lang='lat' dir='ltr'><strong>eum</strong></span> <span class='ocrx_word' id='word_1_228' title='bbox 3607 1722 3834 1788; x_wconf 87' lang='lat' dir='ltr'><strong>capiunt,</strong></span> <span class='ocrx_word' id='word_1_229' title='bbox 3862 1728 3912 1774; x_wconf 81' lang='lat' dir='ltr'><strong>et</strong></span> 
     </span>
    </p>
   </div>
   <div class='ocr_carea' id='block_1_32' title="bbox 670 1808 3909 1885">
    <p class='ocr_par' dir='ltr' id='par_1_32' title="bbox 670 1808 3909 1885">
     <span class='ocr_line' id='line_1_32' title="bbox 670 1808 3909 1885; baseline -0.001 -18"><span class='ocrx_word' id='word_1_230' title='bbox 670 1815 836 1868; x_wconf 86' lang='lat' dir='ltr'><strong>misit.</strong></span> <span class='ocrx_word' id='word_1_231' title='bbox 891 1815 1007 1884; x_wconf 91' lang='lat' dir='ltr'><strong>Ipse</strong></span> <span class='ocrx_word' id='word_1_232' title='bbox 1052 1816 1339 1885; x_wconf 70' lang='lat' dir='ltr'><strong>prtedictus</strong></span> <span class='ocrx_word' id='word_1_233' title='bbox 1380 1831 1475 1871; x_wconf 90' lang='lat' dir='ltr'><strong>rex</strong></span> <span class='ocrx_word' id='word_1_234' title='bbox 1525 1830 1644 1871; x_wconf 93' lang='lat' dir='ltr'><strong>cum</strong></span> <span class='ocrx_word' id='word_1_235' title='bbox 1685 1814 1904 1884; x_wconf 89' lang='lat' dir='ltr'><strong>reliquis</strong></span> <span class='ocrx_word' id='word_1_236' title='bbox 1950 1814 2168 1868; x_wconf 86' lang='lat' dir='ltr'><strong>Francis</strong></span> <span class='ocrx_word' id='word_1_237' title='bbox 2195 1823 2249 1868; x_wconf 92' lang='lat' dir='ltr'><strong>et</strong></span> <span class='ocrx_word' id='word_1_238' title='bbox 2280 1808 2326 1869; x_wconf 87' lang='grc' dir='ltr'><strong>Β</strong></span> <span class='ocrx_word' id='word_1_239' title='bbox 2355 1811 2572 1880; x_wconf 82' lang='lat' dir='ltr'><strong>ligatum</strong></span> <span class='ocrx_word' id='word_1_240' title='bbox 2599 1812 2662 1865; x_wconf 91' lang='lat' dir='ltr'><strong>ad</strong></span> <span class='ocrx_word' id='word_1_241' title='bbox 2716 1815 3057 1882; x_wconf 68' lang='lat' dir='ltr'><strong>praesentiam</strong></span> <span class='ocrx_word' id='word_1_242' title='bbox 3089 1815 3230 1881; x_wconf 76' lang='lat' dir='ltr'><strong>regis</strong></span> <span class='ocrx_word' id='word_1_243' title='bbox 3258 1828 3378 1867; x_wconf 91' lang='lat' dir='ltr'><strong>cum</strong></span> <span class='ocrx_word' id='word_1_244' title='bbox 3413 1828 3583 1865; x_wconf 88' lang='lat' dir='ltr'><strong>uxore</strong></span> <span class='ocrx_word' id='word_1_245' title='bbox 3624 1828 3716 1866; x_wconf 91' lang='lat' dir='ltr'><strong>sua</strong></span> <span class='ocrx_word' id='word_1_246' title='bbox 3751 1811 3909 1864; x_wconf 84' lang='lat' dir='ltr'><strong>addu-</strong></span> 
     </span>
    </p>
   </div>
   <div class='ocr_carea' id='block_1_33' title="bbox 667 1905 2248 1978">
    <p class='ocr_par' dir='ltr' id='par_1_33' title="bbox 667 1905 2248 1978">
     <span class='ocr_line' id='line_1_33' title="bbox 667 1905 2248 1978; baseline 0.004 -24"><span class='ocrx_word' id='word_1_247' title='bbox 667 1905 1014 1973; x_wconf 87' lang='lat' dir='ltr'><strong>optimatibus</strong></span> <span class='ocrx_word' id='word_1_248' title='bbox 1057 1907 1168 1960; x_wconf 91' lang='lat' dir='ltr'><strong>suis</strong></span> <span class='ocrx_word' id='word_1_249' title='bbox 1209 1906 1276 1960; x_wconf 91' lang='lat' dir='ltr'><strong>ad</strong></span> <span class='ocrx_word' id='word_1_250' title='bbox 1325 1907 1755 1978; x_wconf 85' lang='lat' dir='ltr'><strong>persequendum</strong></span> <span class='ocrx_word' id='word_1_251' title='bbox 1807 1906 2118 1960; x_wconf 83' lang='lat' dir='ltr'><strong>Waifarium</strong></span> <span class='ocrx_word' id='word_1_252' title='bbox 2168 1906 2248 1960; x_wconf 92' lang='lat' dir='ltr'><strong>ire</strong></span> 
     </span>
    </p>
   </div>
   <div class='ocr_carea' id='block_1_34' title="bbox 667 1996 2244 2068">
    <p class='ocr_par' dir='ltr' id='par_1_34' title="bbox 667 1996 2244 2068">
     <span class='ocr_line' id='line_1_34' title="bbox 667 1996 2244 2068; baseline 0.003 -20"><span class='ocrx_word' id='word_1_253' title='bbox 667 1998 928 2064; x_wconf 86' lang='lat' dir='ltr'><strong>perrexit.</strong></span> <span class='ocrx_word' id='word_1_254' title='bbox 977 1996 1218 2066; x_wconf 87' lang='lat' dir='ltr'><strong>Cumque</strong></span> <span class='ocrx_word' id='word_1_255' title='bbox 1265 1998 1553 2066; x_wconf 79' lang='lat' dir='ltr'><strong>prtedictus</strong></span> <span class='ocrx_word' id='word_1_256' title='bbox 1582 2015 1673 2053; x_wconf 85' lang='lat' dir='ltr'><strong>rex</strong></span> <span class='ocrx_word' id='word_1_257' title='bbox 1721 2001 1892 2068; x_wconf 87' lang='lat' dir='ltr'><strong>ipsum</strong></span> <span class='ocrx_word' id='word_1_258' title='bbox 1931 1998 2244 2053; x_wconf 86' lang='lat' dir='ltr'><strong>Waifarium</strong></span> 
     </span>
    </p>
   </div>
   <div class='ocr_carea' id='block_1_35' title="bbox 667 2089 2244 2160">
    <p class='ocr_par' dir='ltr' id='par_1_35' title="bbox 667 2089 2244 2160">
     <span class='ocr_line' id='line_1_35' title="bbox 667 2089 2244 2160; baseline 0.003 -21"><span class='ocrx_word' id='word_1_259' title='bbox 667 2101 997 2157; x_wconf 89' lang='lat' dir='ltr'><strong>persequens</strong></span> <span class='ocrx_word' id='word_1_260' title='bbox 1025 2103 1128 2142; x_wconf 92' lang='lat' dir='ltr'><strong>non</strong></span> <span class='ocrx_word' id='word_1_261' title='bbox 1161 2089 1459 2156; x_wconf 89' lang='lat' dir='ltr'><strong>reperiret,</strong></span> <span class='ocrx_word' id='word_1_262' title='bbox 1497 2089 1608 2160; x_wconf 87' lang='lat' dir='ltr'><strong>jam</strong></span> <span class='ocrx_word' id='word_1_263' title='bbox 1640 2098 1846 2160; x_wconf 90' lang='lat' dir='ltr'><strong>tempus</strong></span> <span class='ocrx_word' id='word_1_264' title='bbox 1883 2090 2075 2145; x_wconf 83' lang='lat' dir='ltr'><strong>hiemis</strong></span> <span class='ocrx_word' id='word_1_265' title='bbox 2106 2100 2244 2153; x_wconf 82' lang='lat' dir='ltr'><strong>erat,</strong></span> 
     </span>
    </p>
   </div>
   <div class='ocr_carea' id='block_1_36' title="bbox 667 2171 2246 2250">
    <p class='ocr_par' dir='ltr' id='par_1_36' title="bbox 667 2171 2246 2250">
     <span class='ocr_line' id='line_1_36' title="bbox 667 2171 2246 2250; baseline 0.003 -20"><span class='ocrx_word' id='word_1_266' title='bbox 667 2171 789 2231; x_wconf 84' lang='lat' dir='ltr'><strong>cum</strong></span> <span class='ocrx_word' id='word_1_267' title='bbox 819 2179 964 2233; x_wconf 90' lang='lat' dir='ltr'><strong>omni</strong></span> <span class='ocrx_word' id='word_1_268' title='bbox 993 2181 1230 2234; x_wconf 80' lang='lat' dir='ltr'><strong>exercitu</strong></span> <span class='ocrx_word' id='word_1_269' title='bbox 1256 2180 1321 2234; x_wconf 92' lang='lat' dir='ltr'><strong>ad</strong></span> <span class='ocrx_word' id='word_1_270' title='bbox 1353 2179 1626 2235; x_wconf 89' lang='lat' dir='ltr'><strong>Betoricas</strong></span> <span class='ocrx_word' id='word_1_271' title='bbox 1647 2221 1660 2246; x_wconf 94' lang='lat'><strong>,</strong></span> <span class='ocrx_word' id='word_1_272' title='bbox 1691 2183 1777 2236; x_wconf 90' lang='lat' dir='ltr'><strong>ubi</strong></span> <span class='ocrx_word' id='word_1_273' title='bbox 1806 2182 2080 2250; x_wconf 65' lang='lat' dir='ltr'><strong>praefatam</strong></span> <span class='ocrx_word' id='word_1_274' title='bbox 2112 2180 2246 2249; x_wconf 89' lang='lat' dir='ltr'><strong>regi-</strong></span> 
     </span>
    </p>
   </div>
   <div class='ocr_carea' id='block_1_37' title="bbox 667 2270 1944 2336">
    <p class='ocr_par' dir='ltr' id='par_1_37' title="bbox 667 2270 1944 2336">
     <span class='ocr_line' id='line_1_37' title="bbox 667 2270 1944 2336; baseline 0.002 -12"><span class='ocrx_word' id='word_1_275' title='bbox 667 2284 788 2324; x_wconf 86' lang='lat' dir='ltr'><strong>nam</strong></span> <span class='ocrx_word' id='word_1_276' title='bbox 824 2270 1201 2326; x_wconf 83' lang='lat' dir='ltr'><strong>Bertradanem</strong></span> <span class='ocrx_word' id='word_1_277' title='bbox 1231 2271 1534 2336; x_wconf 90' lang='lat' dir='ltr'><strong>dimiserat,</strong></span> <span class='ocrx_word' id='word_1_278' title='bbox 1564 2287 1812 2327; x_wconf 87' lang='lat' dir='ltr'><strong>reversus</strong></span> <span class='ocrx_word' id='word_1_279' title='bbox 1841 2282 1944 2328; x_wconf 90' lang='lat' dir='ltr'><strong>est.</strong></span> 
     </span>
    </p>
   </div>
   <div class='ocr_carea' id='block_1_38' title="bbox 737 2358 2244 2434">
    <p class='ocr_par' dir='ltr' id='par_1_38' title="bbox 737 2358 2244 2434">
     <span class='ocr_line' id='line_1_38' title="bbox 737 2358 2244 2434; baseline 0.001 -20"><span class='ocrx_word' id='word_1_280' title='bbox 737 2358 1019 2416; x_wconf 72' lang='lat' dir='ltr'>CXXXIII.</span> <span class='ocrx_word' id='word_1_281' title='bbox 1067 2362 1200 2416; x_wconf 89' lang='lat' dir='ltr'><strong>Dum</strong></span> <span class='ocrx_word' id='word_1_282' title='bbox 1251 2363 1366 2418; x_wconf 62' lang='lat' dir='ltr'><strong>haec</strong></span> <span class='ocrx_word' id='word_1_283' title='bbox 1399 2373 1704 2434; x_wconf 84' lang='lat' dir='ltr'><strong>agerentur,</strong></span> <span class='ocrx_word' id='word_1_284' title='bbox 1738 2364 2078 2418; x_wconf 80' lang='lat' dir='ltr'><strong>Remistanus</strong></span> <span class='ocrx_word' id='word_1_285' title='bbox 2106 2362 2244 2418; x_wconf 88' lang='lat' dir='ltr'><strong>filius</strong></span> 
     </span>
    </p>
   </div>
   <div class='ocr_carea' id='block_1_39' title="bbox 665 2451 2242 2528">
    <p class='ocr_par' dir='ltr' id='par_1_39' title="bbox 665 2451 2242 2528">
     <span class='ocr_line' id='line_1_39' title="bbox 665 2451 2242 2528; baseline 0 -20"><span class='ocrx_word' id='word_1_286' title='bbox 665 2451 884 2508; x_wconf 83' lang='lat' dir='ltr'><strong>Endone</strong></span> <span class='ocrx_word' id='word_1_287' title='bbox 914 2464 936 2492; x_wconf 72' lang='grc' dir='ltr'>ε</span> <span class='ocrx_word' id='word_1_288' title='bbox 969 2457 1235 2524; x_wconf 88' lang='lat' dir='ltr'><strong>quondam</strong></span> <span class='ocrx_word' id='word_1_289' title='bbox 1264 2456 1420 2511; x_wconf 88' lang='lat' dir='ltr'><strong>Iidem</strong></span> <span class='ocrx_word' id='word_1_290' title='bbox 1453 2473 1636 2522; x_wconf 87' lang='lat' dir='ltr'><strong>suam,</strong></span> <span class='ocrx_word' id='word_1_291' title='bbox 1665 2473 1821 2528; x_wconf 89' lang='lat' dir='ltr'><strong>quam</strong></span> <span class='ocrx_word' id='word_1_292' title='bbox 1847 2457 2099 2526; x_wconf 75' lang='lat' dir='ltr'><strong>praedicto</strong></span> <span class='ocrx_word' id='word_1_293' title='bbox 2132 2456 2242 2524; x_wconf 78' lang='lat' dir='ltr'><strong>regi</strong></span> 
     </span>
    </p>
   </div>
   <div class='ocr_carea' id='block_1_40' title="bbox 666 2543 2239 2614">
    <p class='ocr_par' dir='ltr' id='par_1_40' title="bbox 666 2543 2239 2614">
     <span class='ocr_line' id='line_1_40' title="bbox 666 2543 2239 2614; baseline 0.003 -17"><span class='ocrx_word' id='word_1_294' title='bbox 666 2543 889 2611; x_wconf 75' lang='lat' dir='ltr'><strong>I‘ippinn</strong></span> <span class='ocrx_word' id='word_1_295' title='bbox 919 2549 1255 2614; x_wconf 73' lang='lat' dir='ltr'><strong>promiserat,</strong></span> <span class='ocrx_word' id='word_1_296' title='bbox 1287 2548 1509 2614; x_wconf 88' lang='lat' dir='ltr'><strong>fefellit;</strong></span> <span class='ocrx_word' id='word_1_297' title='bbox 1538 2559 1592 2604; x_wconf 92' lang='lat' dir='ltr'><strong>et</strong></span> <span class='ocrx_word' id='word_1_298' title='bbox 1616 2550 1684 2605; x_wconf 90' lang='lat' dir='ltr'><strong>ad</strong></span> <span class='ocrx_word' id='word_1_299' title='bbox 1711 2549 2023 2603; x_wconf 86' lang='lat' dir='ltr'><strong>Waifarium</strong></span> <span class='ocrx_word' id='word_1_300' title='bbox 2049 2549 2239 2602; x_wconf 83' lang='lat' dir='ltr'><strong>iterum</strong></span> 
     </span>
    </p>
   </div>
   <div class='ocr_carea' id='block_1_41' title="bbox 666 2634 2242 2706">
    <p class='ocr_par' dir='ltr' id='par_1_41' title="bbox 666 2634 2242 2706">
     <span class='ocr_line' id='line_1_41' title="bbox 666 2634 2242 2706; baseline 0.004 -20"><span class='ocrx_word' id='word_1_301' title='bbox 666 2634 926 2700; x_wconf 89' lang='lat' dir='ltr'><strong>veniens,</strong></span> <span class='ocrx_word' id='word_1_302' title='bbox 975 2636 1195 2690; x_wconf 89' lang='lat' dir='ltr'><strong>ditionis</strong></span> <span class='ocrx_word' id='word_1_303' title='bbox 1245 2653 1357 2692; x_wconf 62' lang='lat' dir='ltr'><strong>suae</strong></span> <span class='ocrx_word' id='word_1_304' title='bbox 1403 2654 1464 2693; x_wconf 86' lang='lat' dir='ltr'><strong>se</strong></span> <span class='ocrx_word' id='word_1_305' title='bbox 1492 2638 1714 2693; x_wconf 88' lang='lat' dir='ltr'><strong>faciens.</strong></span> <span class='ocrx_word' id='word_1_306' title='bbox 1769 2637 1920 2706; x_wconf 87' lang='lat' dir='ltr'><strong>Quod</strong></span> <span class='ocrx_word' id='word_1_307' title='bbox 1949 2637 2242 2693; x_wconf 83' lang='lat' dir='ltr'><strong>Waifarius</strong></span> 
     </span>
    </p>
   </div>
   <div class='ocr_carea' id='block_1_42' title="bbox 664 2728 2241 2799">
    <p class='ocr_par' dir='ltr' id='par_1_42' title="bbox 664 2728 2241 2799">
     <span class='ocr_line' id='line_1_42' title="bbox 664 2728 2241 2799; baseline 0.003 -19"><span class='ocrx_word' id='word_1_308' title='bbox 664 2740 785 2780; x_wconf 90' lang='lat' dir='ltr'><strong>cum</strong></span> <span class='ocrx_word' id='word_1_309' title='bbox 817 2742 1008 2796; x_wconf 86' lang='lat' dir='ltr'><strong>magno</strong></span> <span class='ocrx_word' id='word_1_310' title='bbox 1039 2728 1235 2795; x_wconf 83' lang='lat' dir='ltr'><strong>gaudio</strong></span> <span class='ocrx_word' id='word_1_311' title='bbox 1263 2743 1385 2783; x_wconf 90' lang='lat' dir='ltr'><strong>eum</strong></span> <span class='ocrx_word' id='word_1_312' title='bbox 1429 2730 1666 2797; x_wconf 84' lang='lat' dir='ltr'><strong>recepit,</strong></span> <span class='ocrx_word' id='word_1_313' title='bbox 1717 2739 1773 2784; x_wconf 90' lang='lat' dir='ltr'><strong>et</strong></span> <span class='ocrx_word' id='word_1_314' title='bbox 1813 2729 2108 2799; x_wconf 90' lang='lat' dir='ltr'><strong>adjutorem</strong></span> <span class='ocrx_word' id='word_1_315' title='bbox 2138 2729 2241 2784; x_wconf 88' lang='lat' dir='ltr'><strong>sibi</strong></span> 
     </span>
    </p>
   </div>
   <div class='ocr_carea' id='block_1_43' title="bbox 663 2819 2240 2892">
    <p class='ocr_par' dir='ltr' id='par_1_43' title="bbox 663 2819 2240 2892">
     <span class='ocr_line' id='line_1_43' title="bbox 663 2819 2240 2892; baseline 0.002 -20"><span class='ocrx_word' id='word_1_316' title='bbox 663 2828 854 2872; x_wconf 91' lang='lat' dir='ltr'><strong>contra</strong></span> <span class='ocrx_word' id='word_1_317' title='bbox 883 2819 1118 2877; x_wconf 81' lang='lat' dir='ltr'><strong>Francos</strong></span> <span class='ocrx_word' id='word_1_318' title='bbox 1158 2828 1214 2875; x_wconf 90' lang='lat' dir='ltr'><strong>et</strong></span> <span class='ocrx_word' id='word_1_319' title='bbox 1255 2820 1566 2890; x_wconf 66' lang='lat' dir='ltr'><strong>praedictum</strong></span> <span class='ocrx_word' id='word_1_320' title='bbox 1612 2835 1791 2892; x_wconf 80' lang='lat' dir='ltr'><strong>regem</strong></span> <span class='ocrx_word' id='word_1_321' title='bbox 1831 2837 1952 2876; x_wconf 90' lang='lat' dir='ltr'><strong>eum</strong></span> <span class='ocrx_word' id='word_1_322' title='bbox 1992 2821 2240 2876; x_wconf 87' lang='lat' dir='ltr'><strong>instituit.</strong></span> 
     </span>
    </p>
   </div>
   <div class='ocr_carea' id='block_1_44' title="bbox 667 2909 2238 2981">
    <p class='ocr_par' dir='ltr' id='par_1_44' title="bbox 667 2909 2238 2981">
     <span class='ocr_line' id='line_1_44' title="bbox 667 2909 2238 2981; baseline 0.002 -19"><span class='ocrx_word' id='word_1_323' title='bbox 667 2909 1072 2978; x_wconf 80' lang='lat' dir='ltr'><strong>Superscriptus</strong></span> <span class='ocrx_word' id='word_1_324' title='bbox 1118 2910 1460 2966; x_wconf 81' lang='lat' dir='ltr'><strong>Remistanus</strong></span> <span class='ocrx_word' id='word_1_325' title='bbox 1488 2920 1677 2966; x_wconf 90' lang='lat' dir='ltr'><strong>contra</strong></span> <span class='ocrx_word' id='word_1_326' title='bbox 1718 2912 2029 2980; x_wconf 77' lang='lat' dir='ltr'><strong>przedictum</strong></span> <span class='ocrx_word' id='word_1_327' title='bbox 2063 2926 2238 2981; x_wconf 67' lang='lat' dir='ltr'><strong>regem</strong></span> 
     </span>
    </p>
   </div>
   <div class='ocr_carea' id='block_1_45' title="bbox 664 3002 2241 3074">
    <p class='ocr_par' dir='ltr' id='par_1_45' title="bbox 664 3002 2241 3074">
     <span class='ocr_line' id='line_1_45' title="bbox 664 3002 2241 3074; baseline -0.001 -16"><span class='ocrx_word' id='word_1_328' title='bbox 664 3011 720 3058; x_wconf 90' lang='lat' dir='ltr'><strong>et</strong></span> <span class='ocrx_word' id='word_1_329' title='bbox 745 3002 999 3067; x_wconf 81' lang='lat' dir='ltr'><strong>Francos,</strong></span> <span class='ocrx_word' id='word_1_330' title='bbox 1034 3017 1129 3058; x_wconf 90' lang='lat' dir='ltr'><strong>seu</strong></span> <span class='ocrx_word' id='word_1_331' title='bbox 1159 3003 1426 3058; x_wconf 86' lang='lat' dir='ltr'><strong>custodias</strong></span> <span class='ocrx_word' id='word_1_332' title='bbox 1453 3019 1586 3074; x_wconf 89' lang='lat' dir='ltr'><strong>quas</strong></span> <span class='ocrx_word' id='word_1_333' title='bbox 1621 3005 1736 3072; x_wconf 90' lang='lat' dir='ltr'><strong>ipse</strong></span> <span class='ocrx_word' id='word_1_334' title='bbox 1771 3019 1864 3059; x_wconf 91' lang='lat' dir='ltr'><strong>rex</strong></span> <span class='ocrx_word' id='word_1_335' title='bbox 1895 3003 1946 3058; x_wconf 91' lang='lat' dir='ltr'><strong>in</strong></span> <span class='ocrx_word' id='word_1_336' title='bbox 1973 3005 2138 3073; x_wconf 89' lang='lat' dir='ltr'><strong>ipsius</strong></span> <span class='ocrx_word' id='word_1_337' title='bbox 2165 3002 2241 3058; x_wconf 89' lang='lat' dir='ltr'><strong>ci-</strong></span> 
     </span>
    </p>
   </div>
   <div class='ocr_carea' id='block_1_46' title="bbox 662 3093 2238 3161">
    <p class='ocr_par' dir='ltr' id='par_1_46' title="bbox 662 3093 2238 3161">
     <span class='ocr_line' id='line_1_46' title="bbox 662 3093 2238 3161; baseline 0.001 -15"><span class='ocrx_word' id='word_1_338' title='bbox 662 3094 914 3148; x_wconf 88' lang='lat' dir='ltr'><strong>vitatibus</strong></span> <span class='ocrx_word' id='word_1_339' title='bbox 943 3093 1239 3160; x_wconf 87' lang='lat' dir='ltr'><strong>dimiserat,</strong></span> <span class='ocrx_word' id='word_1_340' title='bbox 1273 3094 1494 3149; x_wconf 89' lang='lat' dir='ltr'><strong>nimium</strong></span> <span class='ocrx_word' id='word_1_341' title='bbox 1527 3094 1750 3152; x_wconf 87' lang='lat' dir='ltr'><strong>infestus</strong></span> <span class='ocrx_word' id='word_1_342' title='bbox 1773 3096 2031 3161; x_wconf 88' lang='lat' dir='ltr'><strong>accessit,</strong></span> <span class='ocrx_word' id='word_1_343' title='bbox 2059 3104 2112 3148; x_wconf 90' lang='lat' dir='ltr'><strong>et</strong></span> <span class='ocrx_word' id='word_1_344' title='bbox 2139 3094 2238 3148; x_wconf 86' lang='lat' dir='ltr'><strong>Be-</strong></span> 
     </span>
    </p>
   </div>
   <div class='ocr_carea' id='block_1_47' title="bbox 2351 1893 3910 1972">
    <p class='ocr_par' dir='ltr' id='par_1_47' title="bbox 2351 1893 3910 1972">
     <span class='ocr_line' id='line_1_47' title="bbox 2351 1893 3910 1972; baseline -0.001 -14"><span class='ocrx_word' id='word_1_345' title='bbox 2351 1915 2566 1959; x_wconf 89' lang='lat' dir='ltr'><strong>xerunt.</strong></span> <span class='ocrx_word' id='word_1_346' title='bbox 2600 1905 2769 1972; x_wconf 85' lang='lat' dir='ltr'><strong>Quem</strong></span> <span class='ocrx_word' id='word_1_347' title='bbox 2798 1908 2976 1960; x_wconf 88' lang='lat' dir='ltr'><strong>statim</strong></span> <span class='ocrx_word' id='word_1_348' title='bbox 3010 1922 3108 1960; x_wconf 88' lang='lat' dir='ltr'><strong>rex</strong></span> <span class='ocrx_word' id='word_1_349' title='bbox 3142 1893 3398 1961; x_wconf 81' lang='lat' dir='ltr'><strong>Unibcrto</strong></span> <span class='ocrx_word' id='word_1_350' title='bbox 3433 1913 3488 1960; x_wconf 91' lang='lat' dir='ltr'><strong>et</strong></span> <span class='ocrx_word' id='word_1_351' title='bbox 3511 1905 3805 1959; x_wconf 77' lang='lat' dir='ltr'><strong>Gliiseiario</strong></span> <span class='ocrx_word' id='word_1_352' title='bbox 3827 1919 3910 1957; x_wconf 86' lang='lat' dir='ltr'><strong>co-</strong></span> 
     </span>
    </p>
   </div>
   <div class='ocr_carea' id='block_1_48' title="bbox 2351 1997 3908 2068">
    <p class='ocr_par' dir='ltr' id='par_1_48' title="bbox 2351 1997 3908 2068">
     <span class='ocr_line' id='line_1_48' title="bbox 2351 1997 3908 2068; baseline 0.001 -18"><span class='ocrx_word' id='word_1_353' title='bbox 2351 1997 2574 2051; x_wconf 89' lang='lat' dir='ltr'><strong>mitibus</strong></span> <span class='ocrx_word' id='word_1_354' title='bbox 2632 1998 2889 2053; x_wconf 71' lang='lat' dir='ltr'><strong>Betorica:</strong></span> <span class='ocrx_word' id='word_1_355' title='bbox 2939 1999 3170 2053; x_wconf 89' lang='lat' dir='ltr'><strong>civitatis</strong></span> <span class='ocrx_word' id='word_1_356' title='bbox 3216 1999 3388 2068; x_wconf 89' lang='lat' dir='ltr'><strong>ipsum</strong></span> <span class='ocrx_word' id='word_1_357' title='bbox 3447 1997 3807 2052; x_wconf 79' lang='lat' dir='ltr'><strong>Remistannm</strong></span> <span class='ocrx_word' id='word_1_358' title='bbox 3860 1998 3908 2051; x_wconf 91' lang='lat' dir='ltr'><strong>in</strong></span> 
     </span>
    </p>
   </div>
   <div class='ocr_carea' id='block_1_49' title="bbox 2349 2090 3912 2161">
    <p class='ocr_par' dir='ltr' id='par_1_49' title="bbox 2349 2090 3912 2161">
     <span class='ocr_line' id='line_1_49' title="bbox 2349 2090 3912 2161; baseline -0.001 -18"><span class='ocrx_word' id='word_1_359' title='bbox 2349 2091 2588 2160; x_wconf 90' lang='lat' dir='ltr'><strong>patibulo</strong></span> <span class='ocrx_word' id='word_1_360' title='bbox 2635 2091 2892 2160; x_wconf 90' lang='lat' dir='ltr'><strong>suspendi</strong></span> <span class='ocrx_word' id='word_1_361' title='bbox 2936 2091 3119 2161; x_wconf 83' lang='lat' dir='ltr'><strong>jussit.</strong></span> <span class='ocrx_word' id='word_1_362' title='bbox 3184 2090 3473 2145; x_wconf 70' lang='lat' dir='ltr'><strong>Prmdictus</strong></span> <span class='ocrx_word' id='word_1_363' title='bbox 3526 2105 3616 2144; x_wconf 91' lang='lat' dir='ltr'><strong>rex</strong></span> <span class='ocrx_word' id='word_1_364' title='bbox 3674 2090 3912 2157; x_wconf 83' lang='lat' dir='ltr'><strong>Pippinus</strong></span> 
     </span>
    </p>
   </div>
   <div class='ocr_carea' id='block_1_50' title="bbox 2346 2181 3912 2254">
    <p class='ocr_par' dir='ltr' id='par_1_50' title="bbox 2346 2181 3912 2254">
     <span class='ocr_line' id='line_1_50' title="bbox 2346 2181 3912 2254; baseline -0.004 -16"><span class='ocrx_word' id='word_1_365' title='bbox 2346 2200 2518 2254; x_wconf 80' lang='lat' dir='ltr'><strong>usque</strong></span> <span class='ocrx_word' id='word_1_366' title='bbox 2545 2185 2610 2238; x_wconf 88' lang='lat' dir='ltr'><strong>ad</strong></span> <span class='ocrx_word' id='word_1_367' title='bbox 2639 2184 2944 2239; x_wconf 81' lang='lat' dir='ltr'><strong>Garunnam</strong></span> <span class='ocrx_word' id='word_1_368' title='bbox 2976 2184 3231 2246; x_wconf 85' lang='lat' dir='ltr'><strong>accessit;</strong></span> <span class='ocrx_word' id='word_1_369' title='bbox 3263 2183 3334 2237; x_wconf 92' lang='lat' dir='ltr'><strong>ibi</strong></span> <span class='ocrx_word' id='word_1_370' title='bbox 3376 2182 3695 2244; x_wconf 86' lang='lat' dir='ltr'><strong>Wascones,</strong></span> <span class='ocrx_word' id='word_1_371' title='bbox 3727 2181 3808 2248; x_wconf 93' lang='lat' dir='ltr'><strong>qni</strong></span> <span class='ocrx_word' id='word_1_372' title='bbox 3840 2181 3912 2232; x_wconf 83' lang='lat' dir='ltr'><strong>nl-</strong></span> 
     </span>
    </p>
   </div>
   <div class='ocr_carea' id='block_1_51' title="bbox 2349 2273 3911 2342">
    <p class='ocr_par' dir='ltr' id='par_1_51' title="bbox 2349 2273 3911 2342">
     <span class='ocr_line' id='line_1_51' title="bbox 2349 2273 3911 2342; baseline -0.004 -14"><span class='ocrx_word' id='word_1_373' title='bbox 2349 2283 2429 2328; x_wconf 85' lang='lat' dir='ltr'><strong>tra</strong></span> <span class='ocrx_word' id='word_1_374' title='bbox 2476 2274 2786 2330; x_wconf 88' lang='lat' dir='ltr'><strong>Garonnam</strong></span> <span class='ocrx_word' id='word_1_375' title='bbox 2833 2283 3271 2342; x_wconf 85' lang='lat' dir='ltr'><strong>commorantur,</strong></span> <span class='ocrx_word' id='word_1_376' title='bbox 3319 2273 3384 2326; x_wconf 91' lang='lat' dir='ltr'><strong>ad</strong></span> <span class='ocrx_word' id='word_1_377' title='bbox 3432 2273 3546 2340; x_wconf 88' lang='lat' dir='ltr'><strong>ejus</strong></span> <span class='ocrx_word' id='word_1_378' title='bbox 3585 2273 3911 2337; x_wconf 60' lang='lat' dir='ltr'><strong>praesentiam</strong></span> 
     </span>
    </p>
   </div>
   <div class='ocr_carea' id='block_1_52' title="bbox 2347 2366 3910 2436">
    <p class='ocr_par' dir='ltr' id='par_1_52' title="bbox 2347 2366 3910 2436">
     <span class='ocr_line' id='line_1_52' title="bbox 2347 2366 3910 2436; baseline -0.002 -13"><span class='ocrx_word' id='word_1_379' title='bbox 2347 2377 2648 2435; x_wconf 88' lang='lat' dir='ltr'><strong>venerunt,</strong></span> <span class='ocrx_word' id='word_1_380' title='bbox 2698 2379 2752 2424; x_wconf 90' lang='lat' dir='ltr'><strong>et</strong></span> <span class='ocrx_word' id='word_1_381' title='bbox 2794 2377 3131 2423; x_wconf 89' lang='lat' dir='ltr'><strong>sacramenta</strong></span> <span class='ocrx_word' id='word_1_382' title='bbox 3177 2376 3234 2423; x_wconf 83' lang='lat' dir='ltr'><strong>et</strong></span> <span class='ocrx_word' id='word_1_383' title='bbox 3273 2367 3487 2421; x_wconf 86' lang='lat' dir='ltr'><strong>obsides</strong></span> <span class='ocrx_word' id='word_1_384' title='bbox 3521 2366 3778 2436; x_wconf 65' lang='lat' dir='ltr'><strong>pratdicto</strong></span> <span class='ocrx_word' id='word_1_385' title='bbox 3811 2366 3910 2434; x_wconf 75' lang='lat' dir='ltr'><strong>rrgi</strong></span> 
     </span>
    </p>
   </div>
   <div class='ocr_carea' id='block_1_53' title="bbox 2345 2456 3909 2527">
    <p class='ocr_par' dir='ltr' id='par_1_53' title="bbox 2345 2456 3909 2527">
     <span class='ocr_line' id='line_1_53' title="bbox 2345 2456 3909 2527; baseline -0.001 -15"><span class='ocrx_word' id='word_1_386' title='bbox 2345 2459 2584 2523; x_wconf 90' lang='lat' dir='ltr'><strong>donant,</strong></span> <span class='ocrx_word' id='word_1_387' title='bbox 2632 2466 2690 2512; x_wconf 93' lang='lat' dir='ltr'><strong>ut</strong></span> <span class='ocrx_word' id='word_1_388' title='bbox 2736 2473 2949 2526; x_wconf 87' lang='lat' dir='ltr'><strong>semper</strong></span> <span class='ocrx_word' id='word_1_389' title='bbox 2987 2458 3170 2512; x_wconf 65' lang='lat' dir='ltr'><strong>fidi-les</strong></span> <span class='ocrx_word' id='word_1_390' title='bbox 3207 2458 3445 2527; x_wconf 87' lang='lat' dir='ltr'><strong>partibus</strong></span> <span class='ocrx_word' id='word_1_391' title='bbox 3477 2457 3616 2526; x_wconf 79' lang='lat' dir='ltr'><strong>regis</strong></span> <span class='ocrx_word' id='word_1_392' title='bbox 3642 2499 3655 2521; x_wconf 93' lang='lat'><strong>,</strong></span> <span class='ocrx_word' id='word_1_393' title='bbox 3705 2471 3766 2510; x_wconf 90' lang='lat' dir='ltr'><strong>ac</strong></span> <span class='ocrx_word' id='word_1_394' title='bbox 3798 2456 3909 2510; x_wconf 81' lang='lat' dir='ltr'><strong>ﬁliis</strong></span> 
     </span>
    </p>
   </div>
   <div class='ocr_carea' id='block_1_54' title="bbox 2343 2547 3907 2617">
    <p class='ocr_par' dir='ltr' id='par_1_54' title="bbox 2343 2547 3907 2617">
     <span class='ocr_line' id='line_1_54' title="bbox 2343 2547 3907 2617; baseline -0.003 -12"><span class='ocrx_word' id='word_1_395' title='bbox 2343 2551 2455 2605; x_wconf 83' lang='lat' dir='ltr'><strong>suis</strong></span> <span class='ocrx_word' id='word_1_396' title='bbox 2483 2548 2677 2605; x_wconf 89' lang='lat' dir='ltr'><strong>Carolo</strong></span> <span class='ocrx_word' id='word_1_397' title='bbox 2715 2559 2770 2604; x_wconf 91' lang='lat' dir='ltr'><strong>et</strong></span> <span class='ocrx_word' id='word_1_398' title='bbox 2807 2547 3168 2604; x_wconf 88' lang='lat' dir='ltr'><strong>Carlomanno</strong></span> <span class='ocrx_word' id='word_1_399' title='bbox 3196 2551 3340 2604; x_wconf 91' lang='lat' dir='ltr'><strong>omni</strong></span> <span class='ocrx_word' id='word_1_400' title='bbox 3383 2559 3622 2617; x_wconf 89' lang='lat' dir='ltr'><strong>tempore</strong></span> <span class='ocrx_word' id='word_1_401' title='bbox 3662 2562 3782 2602; x_wconf 84' lang='lat' dir='ltr'><strong>esse</strong></span> <span class='ocrx_word' id='word_1_402' title='bbox 3815 2548 3907 2602; x_wconf 87' lang='lat' dir='ltr'><strong>de-</strong></span> 
     </span>
    </p>
   </div>
   <div class='ocr_carea' id='block_1_55' title="bbox 2344 2638 3913 2709">
    <p class='ocr_par' dir='ltr' id='par_1_55' title="bbox 2344 2638 3913 2709">
     <span class='ocr_line' id='line_1_55' title="bbox 2344 2638 3913 2709; baseline -0.002 -15"><span class='ocrx_word' id='word_1_403' title='bbox 2344 2639 2524 2694; x_wconf 89' lang='lat' dir='ltr'><strong>beant.</strong></span> <span class='ocrx_word' id='word_1_404' title='bbox 2575 2639 2641 2694; x_wconf 86' lang='lat' dir='ltr'><strong>Et</strong></span> <span class='ocrx_word' id='word_1_405' title='bbox 2687 2639 2807 2693; x_wconf 71' lang='lat' dir='ltr'><strong>alia:</strong></span> <span class='ocrx_word' id='word_1_406' title='bbox 2858 2639 3040 2694; x_wconf 80' lang='lat' dir='ltr'><strong>multae</strong></span> <span class='ocrx_word' id='word_1_407' title='bbox 3084 2638 3427 2709; x_wconf 88' lang='lat' dir='ltr'><strong>quamplures</strong></span> <span class='ocrx_word' id='word_1_408' title='bbox 3454 2647 3641 2707; x_wconf 89' lang='lat' dir='ltr'><strong>gentes</strong></span> <span class='ocrx_word' id='word_1_409' title='bbox 3675 2652 3741 2692; x_wconf 91' lang='lat' dir='ltr'><strong>ex</strong></span> <span class='ocrx_word' id='word_1_410' title='bbox 3773 2647 3913 2706; x_wconf 84' lang='lat' dir='ltr'><strong>parte</strong></span> 
     </span>
    </p>
   </div>
   <div class='ocr_carea' id='block_1_56' title="bbox 2346 2728 3912 2798">
    <p class='ocr_par' dir='ltr' id='par_1_56' title="bbox 2346 2728 3912 2798">
     <span class='ocr_line' id='line_1_56' title="bbox 2346 2728 3912 2798; baseline -0.003 -10"><span class='ocrx_word' id='word_1_411' title='bbox 2346 2732 2587 2788; x_wconf 83' lang='lat' dir='ltr'><strong>Waifarii</strong></span> <span class='ocrx_word' id='word_1_412' title='bbox 2615 2732 2679 2787; x_wconf 89' lang='lat' dir='ltr'><strong>ad</strong></span> <span class='ocrx_word' id='word_1_413' title='bbox 2707 2748 2828 2787; x_wconf 91' lang='lat' dir='ltr'><strong>eum</strong></span> <span class='ocrx_word' id='word_1_414' title='bbox 2857 2733 3133 2788; x_wconf 89' lang='lat' dir='ltr'><strong>venientes</strong></span> <span class='ocrx_word' id='word_1_415' title='bbox 3155 2771 3172 2798; x_wconf 89' lang='lat'><strong>,</strong></span> <span class='ocrx_word' id='word_1_416' title='bbox 3203 2741 3258 2787; x_wconf 91' lang='lat' dir='ltr'><strong>et</strong></span> <span class='ocrx_word' id='word_1_417' title='bbox 3292 2746 3350 2787; x_wconf 91' lang='lat' dir='ltr'><strong>se</strong></span> <span class='ocrx_word' id='word_1_418' title='bbox 3375 2730 3561 2786; x_wconf 89' lang='lat' dir='ltr'><strong>ditioni</strong></span> <span class='ocrx_word' id='word_1_419' title='bbox 3599 2744 3708 2784; x_wconf 71' lang='lat' dir='ltr'><strong>sua:</strong></span> <span class='ocrx_word' id='word_1_420' title='bbox 3734 2728 3912 2784; x_wconf 85' lang='lat' dir='ltr'><strong>subdi-</strong></span> 
     </span>
    </p>
   </div>
   <div class='ocr_carea' id='block_1_57' title="bbox 2343 2819 3911 2892">
    <p class='ocr_par' dir='ltr' id='par_1_57' title="bbox 2343 2819 3911 2892">
     <span class='ocr_line' id='line_1_57' title="bbox 2343 2819 3911 2892; baseline -0.005 -12"><span class='ocrx_word' id='word_1_421' title='bbox 2343 2825 2558 2880; x_wconf 85' lang='lat' dir='ltr'><strong>derunt.</strong></span> <span class='ocrx_word' id='word_1_422' title='bbox 2611 2824 2728 2879; x_wconf 74' lang='lat' dir='ltr'><strong>Rex</strong></span> <span class='ocrx_word' id='word_1_423' title='bbox 2763 2839 2891 2878; x_wconf 90' lang='lat' dir='ltr'><strong>vero</strong></span> <span class='ocrx_word' id='word_1_424' title='bbox 2930 2823 3184 2892; x_wconf 86' lang='lat' dir='ltr'><strong>Pippinus</strong></span> <span class='ocrx_word' id='word_1_425' title='bbox 3227 2822 3524 2891; x_wconf 87' lang='lat' dir='ltr'><strong>benigniter</strong></span> <span class='ocrx_word' id='word_1_426' title='bbox 3553 2835 3645 2874; x_wconf 91' lang='lat' dir='ltr'><strong>eos</strong></span> <span class='ocrx_word' id='word_1_427' title='bbox 3684 2819 3737 2874; x_wconf 90' lang='lat' dir='ltr'><strong>in</strong></span> <span class='ocrx_word' id='word_1_428' title='bbox 3768 2834 3911 2873; x_wconf 84' lang='lat' dir='ltr'><strong>suam</strong></span> 
     </span>
    </p>
   </div>
   <div class='ocr_carea' id='block_1_58' title="bbox 2346 2911 3911 2981">
    <p class='ocr_par' dir='ltr' id='par_1_58' title="bbox 2346 2911 3911 2981">
     <span class='ocr_line' id='line_1_58' title="bbox 2346 2911 3911 2981; baseline -0.003 -12"><span class='ocrx_word' id='word_1_429' title='bbox 2346 2917 2607 2969; x_wconf 90' lang='lat' dir='ltr'><strong>ditionem</strong></span> <span class='ocrx_word' id='word_1_430' title='bbox 2633 2914 2854 2981; x_wconf 89' lang='lat' dir='ltr'><strong>recepit.</strong></span> <span class='ocrx_word' id='word_1_431' title='bbox 2905 2913 3192 2968; x_wconf 83' lang='lat' dir='ltr'><strong>Waifarius</strong></span> <span class='ocrx_word' id='word_1_432' title='bbox 3227 2929 3347 2968; x_wconf 91' lang='lat' dir='ltr'><strong>cum</strong></span> <span class='ocrx_word' id='word_1_433' title='bbox 3380 2913 3558 2979; x_wconf 89' lang='lat' dir='ltr'><strong>paucis</strong></span> <span class='ocrx_word' id='word_1_434' title='bbox 3589 2927 3682 2980; x_wconf 89' lang='lat' dir='ltr'><strong>per</strong></span> <span class='ocrx_word' id='word_1_435' title='bbox 3708 2911 3911 2976; x_wconf 79' lang='lat' dir='ltr'><strong>silvam,</strong></span> 
     </span>
    </p>
   </div>
   <div class='ocr_carea' id='block_1_59' title="bbox 2342 3002 3913 3076">
    <p class='ocr_par' dir='ltr' id='par_1_59' title="bbox 2342 3002 3913 3076">
     <span class='ocr_line' id='line_1_59' title="bbox 2342 3002 3913 3076; baseline -0.001 -19"><span class='ocrx_word' id='word_1_436' title='bbox 2342 3022 2460 3076; x_wconf 72' lang='lat' dir='ltr'><strong>qua:</strong></span> <span class='ocrx_word' id='word_1_437' title='bbox 2498 3015 2717 3060; x_wconf 86' lang='lat' dir='ltr'><strong>voeatur</strong></span> <span class='ocrx_word' id='word_1_438' title='bbox 2761 3005 3000 3059; x_wconf 70' lang='lat' dir='ltr'><strong>Edoliola</strong></span> <span class='ocrx_word' id='word_1_439' title='bbox 3022 3002 3085 3069; x_wconf 65' lang='grc' dir='ltr'><strong>ιι,</strong></span> <span class='ocrx_word' id='word_1_440' title='bbox 3135 3006 3187 3058; x_wconf 93' lang='lat' dir='ltr'><strong>in</strong></span> <span class='ocrx_word' id='word_1_441' title='bbox 3220 3019 3352 3075; x_wconf 84' lang='lat' dir='ltr'><strong>pago</strong></span> <span class='ocrx_word' id='word_1_442' title='bbox 3385 3005 3768 3059; x_wconf 85' lang='lat' dir='ltr'><strong>Petrocorreco</strong></span> <span class='ocrx_word' id='word_1_443' title='bbox 3799 3004 3913 3057; x_wconf 84' lang='lat' dir='ltr'><strong>lati-</strong></span> 
     </span>
    </p>
   </div>
   <div class='ocr_carea' id='block_1_60' title="bbox 2344 3093 3913 3165">
    <p class='ocr_par' dir='ltr' id='par_1_60' title="bbox 2344 3093 3913 3165">
     <span class='ocr_line' id='line_1_60' title="bbox 2344 3093 3913 3165; baseline -0.005 -13"><span class='ocrx_word' id='word_1_444' title='bbox 2344 3109 2502 3164; x_wconf 91' lang='lat' dir='ltr'><strong>tans,</strong></span> <span class='ocrx_word' id='word_1_445' title='bbox 2537 3097 2641 3152; x_wconf 85' lang='lat' dir='ltr'><strong>huc</strong></span> <span class='ocrx_word' id='word_1_446' title='bbox 2685 3097 2917 3165; x_wconf 90' lang='lat' dir='ltr'><strong>illucque</strong></span> <span class='ocrx_word' id='word_1_447' title='bbox 2967 3103 3187 3163; x_wconf 86' lang='lat' dir='ltr'><strong>vagatur</strong></span> <span class='ocrx_word' id='word_1_448' title='bbox 3228 3095 3482 3148; x_wconf 89' lang='lat' dir='ltr'><strong>incertus.</strong></span> <span class='ocrx_word' id='word_1_449' title='bbox 3539 3093 3799 3147; x_wconf 64' lang='lat' dir='ltr'><strong>Prmfatus</strong></span> <span class='ocrx_word' id='word_1_450' title='bbox 3828 3107 3913 3145; x_wconf 80' lang='lat' dir='ltr'><strong>rex</strong></span> 
     </span>
    </p>
   </div>
   <div class='ocr_carea' id='block_1_61' title="bbox 662 3175 3906 3259">
    <p class='ocr_par' dir='ltr' id='par_1_61' title="bbox 662 3175 3906 3259">
     <span class='ocr_line' id='line_1_61' title="bbox 662 3175 3906 3259; baseline -0.002 -15"><span class='ocrx_word' id='word_1_451' title='bbox 662 3187 918 3253; x_wconf 73' lang='lat' dir='ltr'><strong>toriuum,</strong></span> <span class='ocrx_word' id='word_1_452' title='bbox 950 3201 1044 3242; x_wconf 81' lang='lat' dir='ltr'><strong>seu</strong></span> <span class='ocrx_word' id='word_1_453' title='bbox 1075 3185 1452 3244; x_wconf 81' lang='lat' dir='ltr'><strong>Limoticinum</strong></span> <span class='ocrx_word' id='word_1_454' title='bbox 1477 3227 1492 3252; x_wconf 95' lang='lat'><strong>,</strong></span> <span class='ocrx_word' id='word_1_455' title='bbox 1529 3187 1671 3257; x_wconf 88' lang='lat' dir='ltr'><strong>quod</strong></span> <span class='ocrx_word' id='word_1_456' title='bbox 1701 3187 1815 3256; x_wconf 84' lang='lat' dir='ltr'><strong>ipse</strong></span> <span class='ocrx_word' id='word_1_457' title='bbox 1842 3202 1936 3240; x_wconf 86' lang='lat' dir='ltr'><strong>rex</strong></span> <span class='ocrx_word' id='word_1_458' title='bbox 1967 3185 2232 3254; x_wconf 89' lang='lat' dir='ltr'><strong>acquisie-</strong></span> <span class='ocrx_word' id='word_1_459' title='bbox 2264 3175 2310 3238; x_wconf 86' lang='lat' dir='ltr'>C</span> <span class='ocrx_word' id='word_1_460' title='bbox 2343 3192 2594 3259; x_wconf 80' lang='lat' dir='ltr'><strong>Pippinus</strong></span> <span class='ocrx_word' id='word_1_461' title='bbox 2641 3190 2800 3259; x_wconf 78' lang='grc'><strong>702</strong></span> <span class='ocrx_word' id='word_1_462' title='bbox 2845 3188 2911 3241; x_wconf 90' lang='lat' dir='ltr'><strong>ad</strong></span> <span class='ocrx_word' id='word_1_463' title='bbox 2961 3186 3275 3241; x_wconf 87' lang='lat' dir='ltr'><strong>Waifarium</strong></span> <span class='ocrx_word' id='word_1_464' title='bbox 3321 3185 3639 3254; x_wconf 84' lang='lat' dir='ltr'><strong>eapieudum</strong></span> <span class='ocrx_word' id='word_1_465' title='bbox 3693 3186 3906 3239; x_wconf 84' lang='lat' dir='ltr'><strong>insidias</strong></span> 
     </span>
    </p>
   </div>
   <div class='ocr_carea' id='block_1_62' title="bbox 662 3279 2238 3349">
    <p class='ocr_par' dir='ltr' id='par_1_62' title="bbox 662 3279 2238 3349">
     <span class='ocr_line' id='line_1_62' title="bbox 662 3279 2238 3349; baseline -0.003 -13"><span class='ocrx_word' id='word_1_466' title='bbox 662 3289 766 3344; x_wconf 78' lang='lat' dir='ltr'><strong>rat,</strong></span> <span class='ocrx_word' id='word_1_467' title='bbox 799 3280 1089 3349; x_wconf 72' lang='lat' dir='ltr'><strong>prmdando</strong></span> <span class='ocrx_word' id='word_1_468' title='bbox 1110 3281 1331 3334; x_wconf 90' lang='lat' dir='ltr'><strong>nimium</strong></span> <span class='ocrx_word' id='word_1_469' title='bbox 1361 3282 1609 3345; x_wconf 86' lang='lat' dir='ltr'><strong>vastavit,</strong></span> <span class='ocrx_word' id='word_1_470' title='bbox 1633 3279 1702 3333; x_wconf 89' lang='lat' dir='ltr'><strong>ita</strong></span> <span class='ocrx_word' id='word_1_471' title='bbox 1733 3291 1788 3333; x_wconf 94' lang='lat' dir='ltr'><strong>ut</strong></span> <span class='ocrx_word' id='word_1_472' title='bbox 1812 3279 1988 3333; x_wconf 90' lang='lat' dir='ltr'><strong>nullus</strong></span> <span class='ocrx_word' id='word_1_473' title='bbox 2014 3280 2238 3332; x_wconf 92' lang='lat' dir='ltr'><strong>colonus</strong></span> 
     </span>
    </p>
   </div>
   <div class='ocr_carea' id='block_1_63' title="bbox 661 3368 2238 3438">
    <p class='ocr_par' dir='ltr' id='par_1_63' title="bbox 661 3368 2238 3438">
     <span class='ocr_line' id='line_1_63' title="bbox 661 3368 2238 3438; baseline -0.001 -14"><span class='ocrx_word' id='word_1_474' title='bbox 661 3378 817 3425; x_wconf 69' lang='lat' dir='ltr'><strong>terra:</strong></span> <span class='ocrx_word' id='word_1_475' title='bbox 846 3368 912 3423; x_wconf 91' lang='lat' dir='ltr'><strong>ad</strong></span> <span class='ocrx_word' id='word_1_476' title='bbox 943 3369 1439 3434; x_wconf 63' lang='lat' dir='ltr'><strong>Iab~randum,tam</strong></span> <span class='ocrx_word' id='word_1_477' title='bbox 1469 3384 1624 3437; x_wconf 87' lang='lat' dir='ltr'><strong>agros</strong></span> <span class='ocrx_word' id='word_1_478' title='bbox 1655 3384 1813 3438; x_wconf 87' lang='lat' dir='ltr'><strong>quam</strong></span> <span class='ocrx_word' id='word_1_479' title='bbox 1845 3369 2029 3422; x_wconf 90' lang='lat' dir='ltr'><strong>vineas</strong></span> <span class='ocrx_word' id='word_1_480' title='bbox 2059 3369 2238 3423; x_wconf 84' lang='lat' dir='ltr'><strong>colere</strong></span> 
     </span>
    </p>
   </div>
   <div class='ocr_carea' id='block_1_64' title="bbox 663 3461 2238 3532">
    <p class='ocr_par' dir='ltr' id='par_1_64' title="bbox 663 3461 2238 3532">
     <span class='ocr_line' id='line_1_64' title="bbox 663 3461 2238 3532; baseline -0.001 -14"><span class='ocrx_word' id='word_1_481' title='bbox 663 3479 772 3518; x_wconf 91' lang='lat' dir='ltr'><strong>non</strong></span> <span class='ocrx_word' id='word_1_482' title='bbox 802 3464 1054 3519; x_wconf 88' lang='lat' dir='ltr'><strong>audebat.</strong></span> <span class='ocrx_word' id='word_1_483' title='bbox 1109 3463 1406 3518; x_wconf 60' lang='lat' dir='ltr'><strong>Praedictus</strong></span> <span class='ocrx_word' id='word_1_484' title='bbox 1437 3479 1532 3518; x_wconf 85' lang='lat' dir='ltr'><strong>rex</strong></span> <span class='ocrx_word' id='word_1_485' title='bbox 1566 3461 1822 3532; x_wconf 88' lang='lat' dir='ltr'><strong>Pippinus</strong></span> <span class='ocrx_word' id='word_1_486' title='bbox 1865 3463 1915 3516; x_wconf 91' lang='lat' dir='ltr'><strong>in</strong></span> <span class='ocrx_word' id='word_1_487' title='bbox 1964 3462 2238 3516; x_wconf 82' lang='lat' dir='ltr'><strong>Betoricas</strong></span> 
     </span>
    </p>
   </div>
   <div class='ocr_carea' id='block_1_65' title="bbox 658 3554 2236 3627">
    <p class='ocr_par' dir='ltr' id='par_1_65' title="bbox 658 3554 2236 3627">
     <span class='ocr_line' id='line_1_65' title="bbox 658 3554 2236 3627; baseline -0.001 -17"><span class='ocrx_word' id='word_1_488' title='bbox 658 3568 754 3627; x_wconf 83' lang='lat' dir='ltr'><strong>per</strong></span> <span class='ocrx_word' id='word_1_489' title='bbox 786 3556 1014 3614; x_wconf 87' lang='lat' dir='ltr'><strong>biemem</strong></span> <span class='ocrx_word' id='word_1_490' title='bbox 1041 3563 1204 3615; x_wconf 81' lang='lat' dir='ltr'><strong>totam</strong></span> <span class='ocrx_word' id='word_1_491' title='bbox 1229 3571 1349 3610; x_wconf 89' lang='lat' dir='ltr'><strong>cum</strong></span> <span class='ocrx_word' id='word_1_492' title='bbox 1375 3557 1556 3625; x_wconf 85' lang='lat' dir='ltr'><strong>regina</strong></span> <span class='ocrx_word' id='word_1_493' title='bbox 1579 3570 1674 3609; x_wconf 90' lang='lat' dir='ltr'><strong>sua</strong></span> <span class='ocrx_word' id='word_1_494' title='bbox 1705 3554 2030 3610; x_wconf 84' lang='lat' dir='ltr'><strong>Bertradane</strong></span> <span class='ocrx_word' id='word_1_495' title='bbox 2061 3557 2113 3609; x_wconf 92' lang='lat' dir='ltr'><strong>in</strong></span> <span class='ocrx_word' id='word_1_496' title='bbox 2146 3570 2236 3623; x_wconf 87' lang='lat' dir='ltr'><strong>pa-</strong></span> 
     </span>
    </p>
   </div>
   <div class='ocr_carea' id='block_1_66' title="bbox 661 3647 2238 3716">
    <p class='ocr_par' dir='ltr' id='par_1_66' title="bbox 661 3647 2238 3716">
     <span class='ocr_line' id='line_1_66' title="bbox 661 3647 2238 3716; baseline -0.001 -14"><span class='ocrx_word' id='word_1_497' title='bbox 661 3648 789 3702; x_wconf 86' lang='lat' dir='ltr'><strong>latio</strong></span> <span class='ocrx_word' id='word_1_498' title='bbox 836 3649 1057 3704; x_wconf 89' lang='lat' dir='ltr'><strong>resedit.</strong></span> <span class='ocrx_word' id='word_1_499' title='bbox 1103 3649 1296 3702; x_wconf 88' lang='lat' dir='ltr'><strong>Totum</strong></span> <span class='ocrx_word' id='word_1_500' title='bbox 1343 3647 1638 3702; x_wconf 84' lang='lat' dir='ltr'><strong>exercitum</strong></span> <span class='ocrx_word' id='word_1_501' title='bbox 1669 3661 1822 3700; x_wconf 89' lang='lat' dir='ltr'><strong>suum</strong></span> <span class='ocrx_word' id='word_1_502' title='bbox 1865 3661 1958 3715; x_wconf 88' lang='lat' dir='ltr'><strong>per</strong></span> <span class='ocrx_word' id='word_1_503' title='bbox 1995 3647 2238 3716; x_wconf 85' lang='lat' dir='ltr'><strong>Burgun-</strong></span> 
     </span>
    </p>
   </div>
   <div class='ocr_carea' id='block_1_67' title="bbox 658 3739 2233 3806">
    <p class='ocr_par' dir='ltr' id='par_1_67' title="bbox 658 3739 2233 3806">
     <span class='ocr_line' id='line_1_67' title="bbox 658 3739 2233 3806; baseline 0.001 -14"><span class='ocrx_word' id='word_1_504' title='bbox 658 3740 799 3794; x_wconf 88' lang='lat' dir='ltr'><strong>diam</strong></span> <span class='ocrx_word' id='word_1_505' title='bbox 822 3741 887 3795; x_wconf 91' lang='lat' dir='ltr'><strong>ad</strong></span> <span class='ocrx_word' id='word_1_506' title='bbox 921 3741 1260 3795; x_wconf 87' lang='lat' dir='ltr'><strong>hiemandum</strong></span> <span class='ocrx_word' id='word_1_507' title='bbox 1292 3742 1507 3797; x_wconf 89' lang='lat' dir='ltr'><strong>mittens</strong></span> <span class='ocrx_word' id='word_1_508' title='bbox 1534 3781 1549 3806; x_wconf 94' lang='lat'><strong>,</strong></span> <span class='ocrx_word' id='word_1_509' title='bbox 1599 3739 1785 3794; x_wconf 84' lang='lat' dir='ltr'><strong>Natale</strong></span> <span class='ocrx_word' id='word_1_510' title='bbox 1818 3739 2025 3794; x_wconf 92' lang='lat' dir='ltr'><strong>Domini</strong></span> <span class='ocrx_word' id='word_1_511' title='bbox 2067 3743 2233 3794; x_wconf 89' lang='lat' dir='ltr'><strong>nostri</strong></span> 
     </span>
    </p>
   </div>
   <div class='ocr_carea' id='block_1_68' title="bbox 658 3830 2234 3901">
    <p class='ocr_par' dir='ltr' id='par_1_68' title="bbox 658 3830 2234 3901">
     <span class='ocr_line' id='line_1_68' title="bbox 658 3830 2234 3901; baseline -0.003 -11"><span class='ocrx_word' id='word_1_512' title='bbox 658 3831 784 3890; x_wconf 84' lang='lat' dir='ltr'><strong>Jesu</strong></span> <span class='ocrx_word' id='word_1_513' title='bbox 811 3833 1004 3887; x_wconf 81' lang='lat' dir='ltr'><strong>Christi</strong></span> <span class='ocrx_word' id='word_1_514' title='bbox 1036 3841 1091 3888; x_wconf 88' lang='lat' dir='ltr'><strong>et</strong></span> <span class='ocrx_word' id='word_1_515' title='bbox 1132 3842 1370 3886; x_wconf 80' lang='lat' dir='ltr'><strong>sanetam</strong></span> <span class='ocrx_word' id='word_1_516' title='bbox 1413 3831 1761 3901; x_wconf 86' lang='lat' dir='ltr'><strong>Epiphaniam</strong></span> <span class='ocrx_word' id='word_1_517' title='bbox 1791 3830 1928 3897; x_wconf 89' lang='lat' dir='ltr'><strong>apud</strong></span> <span class='ocrx_word' id='word_1_518' title='bbox 1963 3831 2234 3886; x_wconf 83' lang='lat' dir='ltr'><strong>Betoricas</strong></span> 
     </span>
    </p>
   </div>
   <div class='ocr_carea' id='block_1_69' title="bbox 659 3922 2232 3993">
    <p class='ocr_par' dir='ltr' id='par_1_69' title="bbox 659 3922 2232 3993">
     <span class='ocr_line' id='line_1_69' title="bbox 659 3922 2232 3993; baseline -0.003 -14"><span class='ocrx_word' id='word_1_519' title='bbox 659 3923 845 3979; x_wconf 89' lang='lat' dir='ltr'><strong>urbem</strong></span> <span class='ocrx_word' id='word_1_520' title='bbox 881 3939 975 3992; x_wconf 90' lang='lat' dir='ltr'><strong>per</strong></span> <span class='ocrx_word' id='word_1_521' title='bbox 1012 3923 1295 3978; x_wconf 88' lang='lat' dir='ltr'><strong>consilium</strong></span> <span class='ocrx_word' id='word_1_522' title='bbox 1343 3924 1717 3993; x_wconf 87' lang='lat' dir='ltr'><strong>episcoporum</strong></span> <span class='ocrx_word' id='word_1_523' title='bbox 1767 3922 1849 3977; x_wconf 92' lang='lat' dir='ltr'><strong>vel</strong></span> <span class='ocrx_word' id='word_1_524' title='bbox 1892 3922 2232 3977; x_wconf 88' lang='lat' dir='ltr'><strong>sacerdotum</strong></span> 
     </span>
    </p>
   </div>
   <div class='ocr_carea' id='block_1_70' title="bbox 658 4017 1376 4072">
    <p class='ocr_par' dir='ltr' id='par_1_70' title="bbox 658 4017 1376 4072">
     <span class='ocr_line' id='line_1_70' title="bbox 658 4017 1376 4072; baseline 0 -3"><span class='ocrx_word' id='word_1_525' title='bbox 658 4017 926 4072; x_wconf 89' lang='lat' dir='ltr'><strong>vcnerabil</strong></span> <span class='ocrx_word' id='word_1_526' title='bbox 955 4026 1035 4072; x_wconf 89' lang='lat' dir='ltr'><strong>ter</strong></span> <span class='ocrx_word' id='word_1_527' title='bbox 1066 4017 1376 4072; x_wconf 87' lang='lat' dir='ltr'><strong>celebravit.</strong></span> 
     </span>
    </p>
   </div>
   <div class='ocr_carea' id='block_1_71' title="bbox 727 4108 2236 4179">
    <p class='ocr_par' dir='ltr' id='par_1_71' title="bbox 727 4108 2236 4179">
     <span class='ocr_line' id='line_1_71' title="bbox 727 4108 2236 4179; baseline -0.001 -16"><span class='ocrx_word' id='word_1_528' title='bbox 727 4109 828 4163; x_wconf 75' lang='lat' dir='ltr'><strong>Att.</strong></span> <span class='ocrx_word' id='word_1_529' title='bbox 864 4126 1223 4165; x_wconf 67' lang='lat' dir='ltr'><strong>ucccxvun—</strong></span> <span class='ocrx_word' id='word_1_530' title='bbox 1243 4109 1529 4166; x_wconf 75' lang='lat' dir='ltr'><strong>CXXXIV.</strong></span> <span class='ocrx_word' id='word_1_531' title='bbox 1559 4108 1782 4164; x_wconf 86' lang='lat' dir='ltr'><strong>Evoluto</strong></span> <span class='ocrx_word' id='word_1_532' title='bbox 1813 4108 1968 4179; x_wconf 87' lang='lat' dir='ltr'><strong>igitur</strong></span> <span class='ocrx_word' id='word_1_533' title='bbox 1997 4121 2059 4162; x_wconf 88' lang='lat' dir='ltr'><strong>eo</strong></span> <span class='ocrx_word' id='word_1_534' title='bbox 2091 4121 2236 4161; x_wconf 91' lang='lat' dir='ltr'><strong>anno</strong></span> 
     </span>
    </p>
   </div>
   <div class='ocr_carea' id='block_1_72' title="bbox 655 4197 2234 4276">
    <p class='ocr_par' dir='ltr' id='par_1_72' title="bbox 655 4197 2234 4276">
     <span class='ocr_line' id='line_1_72' title="bbox 655 4197 2234 4276; baseline -0.005 -18"><span class='ocrx_word' id='word_1_535' title='bbox 655 4203 818 4276; x_wconf 78' lang='lat'><strong>701</strong></span> <span class='ocrx_word' id='word_1_536' title='bbox 849 4217 968 4255; x_wconf 90' lang='lat' dir='ltr'><strong>cum</strong></span> <span class='ocrx_word' id='word_1_537' title='bbox 1000 4203 1051 4255; x_wconf 92' lang='lat' dir='ltr'><strong>in</strong></span> <span class='ocrx_word' id='word_1_538' title='bbox 1086 4203 1358 4256; x_wconf 78' lang='lat' dir='ltr'><strong>Betoricas</strong></span> <span class='ocrx_word' id='word_1_539' title='bbox 1382 4201 1663 4268; x_wconf 88' lang='lat' dir='ltr'><strong>resideret,</strong></span> <span class='ocrx_word' id='word_1_540' title='bbox 1703 4201 1969 4258; x_wconf 82' lang='lat' dir='ltr'><strong>mediante</strong></span> <span class='ocrx_word' id='word_1_541' title='bbox 1997 4197 2234 4254; x_wconf 82' lang='lat' dir='ltr'><strong>Februa-</strong></span> 
     </span>
    </p>
   </div>
   <div class='ocr_carea' id='block_1_73' title="bbox 657 4290 2231 4364">
    <p class='ocr_par' dir='ltr' id='par_1_73' title="bbox 657 4290 2231 4364">
     <span class='ocr_line' id='line_1_73' title="bbox 657 4290 2231 4364; baseline -0.004 -15"><span class='ocrx_word' id='word_1_542' title='bbox 657 4298 756 4362; x_wconf 83' lang='lat' dir='ltr'><strong>rio,</strong></span> <span class='ocrx_word' id='word_1_543' title='bbox 793 4310 1006 4350; x_wconf 76' lang='lat' dir='ltr'><strong>omnem</strong></span> <span class='ocrx_word' id='word_1_544' title='bbox 1046 4298 1341 4351; x_wconf 87' lang='lat' dir='ltr'><strong>exercitum</strong></span> <span class='ocrx_word' id='word_1_545' title='bbox 1368 4310 1522 4350; x_wconf 88' lang='lat' dir='ltr'><strong>suum</strong></span> <span class='ocrx_word' id='word_1_546' title='bbox 1544 4336 1560 4361; x_wconf 92' lang='lat'><strong>,</strong></span> <span class='ocrx_word' id='word_1_547' title='bbox 1599 4310 1758 4364; x_wconf 90' lang='lat' dir='ltr'><strong>quem</strong></span> <span class='ocrx_word' id='word_1_548' title='bbox 1791 4293 1841 4347; x_wconf 90' lang='lat' dir='ltr'><strong>in</strong></span> <span class='ocrx_word' id='word_1_549' title='bbox 1869 4290 2231 4362; x_wconf 80' lang='lat' dir='ltr'><strong>Burgundiam</strong></span> 
     </span>
    </p>
   </div>
   <div class='ocr_carea' id='block_1_74' title="bbox 654 4383 2231 4452">
    <p class='ocr_par' dir='ltr' id='par_1_74' title="bbox 654 4383 2231 4452">
     <span class='ocr_line' id='line_1_74' title="bbox 654 4383 2231 4452; baseline -0.003 -11"><span class='ocrx_word' id='word_1_550' title='bbox 654 4388 718 4441; x_wconf 83' lang='lat' dir='ltr'><strong>ad</strong></span> <span class='ocrx_word' id='word_1_551' title='bbox 747 4388 1089 4442; x_wconf 84' lang='lat' dir='ltr'><strong>liietnandutn</strong></span> <span class='ocrx_word' id='word_1_552' title='bbox 1122 4389 1340 4442; x_wconf 77' lang='lat' dir='ltr'><strong>miserat</strong></span> <span class='ocrx_word' id='word_1_553' title='bbox 1365 4429 1380 4450; x_wconf 88' lang='lat'><strong>,</strong></span> <span class='ocrx_word' id='word_1_554' title='bbox 1408 4387 1474 4441; x_wconf 91' lang='lat' dir='ltr'><strong>ad</strong></span> <span class='ocrx_word' id='word_1_555' title='bbox 1517 4401 1576 4442; x_wconf 70' lang='lat' dir='ltr'><strong>se</strong></span> <span class='ocrx_word' id='word_1_556' title='bbox 1603 4387 1785 4440; x_wconf 85' lang='lat' dir='ltr'><strong>venire</strong></span> <span class='ocrx_word' id='word_1_557' title='bbox 1813 4384 2098 4452; x_wconf 67' lang='lat' dir='ltr'><strong>prmeepit;</strong></span> <span class='ocrx_word' id='word_1_558' title='bbox 2131 4383 2231 4436; x_wconf 84' lang='lat' dir='ltr'><strong>itii-</strong></span> 
     </span>
    </p>
   </div>
   <div class='ocr_carea' id='block_1_75' title="bbox 653 4479 2224 4548">
    <p class='ocr_par' dir='ltr' id='par_1_75' title="bbox 653 4479 2224 4548">
     <span class='ocr_line' id='line_1_75' title="bbox 653 4479 2224 4548; baseline -0.001 -16"><span class='ocrx_word' id='word_1_559' title='bbox 653 4491 815 4548; x_wconf 84' lang='lat' dir='ltr'><strong>toque</strong></span> <span class='ocrx_word' id='word_1_560' title='bbox 859 4481 1086 4547; x_wconf 77' lang='lat' dir='ltr'><strong>consilio</strong></span> <span class='ocrx_word' id='word_1_561' title='bbox 1129 4491 1314 4536; x_wconf 85' lang='lat' dir='ltr'><strong>contra</strong></span> <span class='ocrx_word' id='word_1_562' title='bbox 1364 4481 1732 4534; x_wconf 82' lang='lat' dir='ltr'><strong>Retnistanum</strong></span> <span class='ocrx_word' id='word_1_563' title='bbox 1781 4479 2000 4534; x_wconf 82' lang='lat' dir='ltr'><strong>insidias</strong></span> <span class='ocrx_word' id='word_1_564' title='bbox 2054 4486 2224 4545; x_wconf 86' lang='lat' dir='ltr'><strong>parat,</strong></span> 
     </span>
    </p>
   </div>
   <div class='ocr_carea' id='block_1_76' title="bbox 2345 3277 3913 3352">
    <p class='ocr_par' dir='ltr' id='par_1_76' title="bbox 2345 3277 3913 3352">
     <span class='ocr_line' id='line_1_76' title="bbox 2345 3277 3913 3352; baseline -0.006 -15"><span class='ocrx_word' id='word_1_565' title='bbox 2345 3284 2533 3337; x_wconf 87' lang='lat' dir='ltr'><strong>iterum</strong></span> <span class='ocrx_word' id='word_1_566' title='bbox 2567 3289 2736 3350; x_wconf 86' lang='lat' dir='ltr'><strong>parat.</strong></span> <span class='ocrx_word' id='word_1_567' title='bbox 2793 3279 2918 3336; x_wconf 83' lang='lat' dir='ltr'><strong>Inde</strong></span> <span class='ocrx_word' id='word_1_568' title='bbox 2956 3279 3022 3332; x_wconf 91' lang='lat' dir='ltr'><strong>ad</strong></span> <span class='ocrx_word' id='word_1_569' title='bbox 3071 3279 3307 3352; x_wconf 84' lang='lat' dir='ltr'><strong>reginam</strong></span> <span class='ocrx_word' id='word_1_570' title='bbox 3347 3292 3497 3332; x_wconf 88' lang='lat' dir='ltr'><strong>suam</strong></span> <span class='ocrx_word' id='word_1_571' title='bbox 3528 3277 3592 3329; x_wconf 91' lang='lat' dir='ltr'><strong>ad</strong></span> <span class='ocrx_word' id='word_1_572' title='bbox 3623 3277 3801 3330; x_wconf 87' lang='lat' dir='ltr'><strong>Selius</strong></span> <span class='ocrx_word' id='word_1_573' title='bbox 3833 3290 3913 3328; x_wconf 86' lang='lat' dir='ltr'><strong>ve-</strong></span> 
     </span>
    </p>
   </div>
   <div class='ocr_carea' id='block_1_77' title="bbox 2342 3364 3913 3443">
    <p class='ocr_par' dir='ltr' id='par_1_77' title="bbox 2342 3364 3913 3443">
     <span class='ocr_line' id='line_1_77' title="bbox 2342 3364 3913 3443; baseline -0.008 -15"><span class='ocrx_word' id='word_1_574' title='bbox 2342 3376 2499 3429; x_wconf 83' lang='lat' dir='ltr'><strong>niens</strong></span> <span class='ocrx_word' id='word_1_575' title='bbox 2526 3417 2539 3441; x_wconf 88' lang='lat'><strong>,</strong></span> <span class='ocrx_word' id='word_1_576' title='bbox 2587 3373 2907 3443; x_wconf 84' lang='lat' dir='ltr'><strong>legationem</strong></span> <span class='ocrx_word' id='word_1_577' title='bbox 2955 3369 3404 3432; x_wconf 86' lang='lat' dir='ltr'><strong>Sarracenorum,</strong></span> <span class='ocrx_word' id='word_1_578' title='bbox 3455 3383 3616 3437; x_wconf 79' lang='lat' dir='ltr'><strong>quam</strong></span> <span class='ocrx_word' id='word_1_579' title='bbox 3648 3366 3823 3420; x_wconf 82' lang='lat' dir='ltr'><strong>Mcttis</strong></span> <span class='ocrx_word' id='word_1_580' title='bbox 3853 3364 3913 3417; x_wconf 85' lang='lat' dir='ltr'><strong>ad</strong></span> 
     </span>
    </p>
   </div>
   <div class='ocr_carea' id='block_1_78' title="bbox 2342 3457 3915 3526">
    <p class='ocr_par' dir='ltr' id='par_1_78' title="bbox 2342 3457 3915 3526">
     <span class='ocr_line' id='line_1_78' title="bbox 2342 3457 3915 3526; baseline -0.008 -4"><span class='ocrx_word' id='word_1_581' title='bbox 2342 3465 2683 3522; x_wconf 87' lang='lat' dir='ltr'><strong>hiemandum</strong></span> <span class='ocrx_word' id='word_1_582' title='bbox 2717 3462 2965 3526; x_wconf 84' lang='lat' dir='ltr'><strong>miserat,</strong></span> <span class='ocrx_word' id='word_1_583' title='bbox 3000 3462 3063 3514; x_wconf 89' lang='lat' dir='ltr'><strong>ad</strong></span> <span class='ocrx_word' id='word_1_584' title='bbox 3093 3461 3268 3516; x_wconf 89' lang='lat' dir='ltr'><strong>Selius</strong></span> <span class='ocrx_word' id='word_1_585' title='bbox 3297 3472 3530 3513; x_wconf 88' lang='lat' dir='ltr'><strong>castrum</strong></span> <span class='ocrx_word' id='word_1_586' title='bbox 3559 3457 3624 3511; x_wconf 88' lang='lat' dir='ltr'><strong>ad</strong></span> <span class='ocrx_word' id='word_1_587' title='bbox 3656 3473 3712 3510; x_wconf 92' lang='lat' dir='ltr'><strong>se</strong></span> <span class='ocrx_word' id='word_1_588' title='bbox 3739 3457 3915 3510; x_wconf 61' lang='lat' dir='ltr'><strong>venire</strong></span> 
     </span>
    </p>
   </div>
   <div class='ocr_carea' id='block_1_79' title="bbox 2342 3547 3911 3628">
    <p class='ocr_par' dir='ltr' id='par_1_79' title="bbox 2342 3547 3911 3628">
     <span class='ocr_line' id='line_1_79' title="bbox 2342 3547 3911 3628; baseline -0.007 -16"><span class='ocrx_word' id='word_1_589' title='bbox 2342 3556 2590 3628; x_wconf 75' lang='lat' dir='ltr'><strong>praecepit</strong></span> <span class='ocrx_word' id='word_1_590' title='bbox 2612 3595 2627 3615; x_wconf 90' lang='lat'><strong>,</strong></span> <span class='ocrx_word' id='word_1_591' title='bbox 2662 3564 2716 3608; x_wconf 89' lang='lat' dir='ltr'><strong>et</strong></span> <span class='ocrx_word' id='word_1_592' title='bbox 2757 3553 2858 3621; x_wconf 91' lang='lat' dir='ltr'><strong>ipsi</strong></span> <span class='ocrx_word' id='word_1_593' title='bbox 2903 3552 3182 3607; x_wconf 89' lang='lat' dir='ltr'><strong>Sarraceni</strong></span> <span class='ocrx_word' id='word_1_594' title='bbox 3211 3566 3429 3606; x_wconf 89' lang='lat' dir='ltr'><strong>munera</strong></span> <span class='ocrx_word' id='word_1_595' title='bbox 3457 3565 3575 3618; x_wconf 70' lang='lat' dir='ltr'><strong>qua:</strong></span> <span class='ocrx_word' id='word_1_596' title='bbox 3604 3547 3911 3602; x_wconf 84' lang='lat' dir='ltr'><strong>Atnormuni</strong></span> 
     </span>
    </p>
   </div>
   <div class='ocr_carea' id='block_1_80' title="bbox 2342 3641 3913 3717">
    <p class='ocr_par' dir='ltr' id='par_1_80' title="bbox 2342 3641 3913 3717">
     <span class='ocr_line' id='line_1_80' title="bbox 2342 3641 3913 3717; baseline -0.008 -12"><span class='ocrx_word' id='word_1_597' title='bbox 2342 3649 2745 3717; x_wconf 73' lang='lat' dir='ltr'><strong>transmiserat,</strong></span> <span class='ocrx_word' id='word_1_598' title='bbox 2797 3646 2992 3702; x_wconf 90' lang='lat' dir='ltr'><strong>ibidem</strong></span> <span class='ocrx_word' id='word_1_599' title='bbox 3036 3653 3382 3714; x_wconf 67' lang='lat' dir='ltr'><strong>praisentant.</strong></span> <span class='ocrx_word' id='word_1_600' title='bbox 3435 3641 3630 3695; x_wconf 87' lang='lat' dir='ltr'><strong>Iterum</strong></span> <span class='ocrx_word' id='word_1_601' title='bbox 3660 3656 3754 3695; x_wconf 83' lang='lat' dir='ltr'><strong>rex</strong></span> <span class='ocrx_word' id='word_1_602' title='bbox 3788 3641 3913 3707; x_wconf 84' lang='lat' dir='ltr'><strong>ipsis</strong></span> 
     </span>
    </p>
   </div>
   <div class='ocr_carea' id='block_1_81' title="bbox 2341 3731 3912 3812">
    <p class='ocr_par' dir='ltr' id='par_1_81' title="bbox 2341 3731 3912 3812">
     <span class='ocr_line' id='line_1_81' title="bbox 2341 3731 3912 3812; baseline -0.01 -14"><span class='ocrx_word' id='word_1_603' title='bbox 2341 3742 2653 3798; x_wconf 86' lang='lat' dir='ltr'><strong>Sarracenis</strong></span> <span class='ocrx_word' id='word_1_604' title='bbox 2682 3742 2770 3812; x_wconf 88' lang='lat' dir='ltr'><strong>qtti</strong></span> <span class='ocrx_word' id='word_1_605' title='bbox 2804 3742 2868 3795; x_wconf 82' lang='lat' dir='ltr'><strong>ad</strong></span> <span class='ocrx_word' id='word_1_606' title='bbox 2892 3741 3063 3806; x_wconf 88' lang='lat' dir='ltr'><strong>ipsmn</strong></span> <span class='ocrx_word' id='word_1_607' title='bbox 3091 3737 3237 3791; x_wconf 89' lang='lat' dir='ltr'><strong>missi</strong></span> <span class='ocrx_word' id='word_1_608' title='bbox 3269 3735 3474 3789; x_wconf 82' lang='lat' dir='ltr'><strong>fuerant</strong></span> <span class='ocrx_word' id='word_1_609' title='bbox 3500 3747 3720 3786; x_wconf 86' lang='lat' dir='ltr'><strong>munera</strong></span> <span class='ocrx_word' id='word_1_610' title='bbox 3746 3731 3912 3796; x_wconf 86' lang='lat' dir='ltr'><strong>dedit,</strong></span> 
     </span>
    </p>
   </div>
   <div class='ocr_carea' id='block_1_82' title="bbox 2340 3821 3908 3905">
    <p class='ocr_par' dir='ltr' id='par_1_82' title="bbox 2340 3821 3908 3905">
     <span class='ocr_line' id='line_1_82' title="bbox 2340 3821 3908 3905; baseline -0.011 -14"><span class='ocrx_word' id='word_1_611' title='bbox 2340 3845 2396 3891; x_wconf 90' lang='lat' dir='ltr'><strong>et</strong></span> <span class='ocrx_word' id='word_1_612' title='bbox 2439 3851 2606 3905; x_wconf 81' lang='lat' dir='ltr'><strong>usque</strong></span> <span class='ocrx_word' id='word_1_613' title='bbox 2654 3835 2718 3889; x_wconf 91' lang='lat' dir='ltr'><strong>ad</strong></span> <span class='ocrx_word' id='word_1_614' title='bbox 2774 3831 3059 3887; x_wconf 86' lang='lat' dir='ltr'><strong>Massiliam</strong></span> <span class='ocrx_word' id='word_1_615' title='bbox 3100 3843 3220 3882; x_wconf 90' lang='lat' dir='ltr'><strong>cum</strong></span> <span class='ocrx_word' id='word_1_616' title='bbox 3272 3827 3436 3880; x_wconf 90' lang='lat' dir='ltr'><strong>multo</strong></span> <span class='ocrx_word' id='word_1_617' title='bbox 3482 3826 3684 3878; x_wconf 88' lang='lat' dir='ltr'><strong>honore</strong></span> <span class='ocrx_word' id='word_1_618' title='bbox 3725 3821 3908 3876; x_wconf 89' lang='lat' dir='ltr'><strong>adduci</strong></span> 
     </span>
    </p>
   </div>
   <div class='ocr_carea' id='block_1_83' title="bbox 2339 3916 3910 3996">
    <p class='ocr_par' dir='ltr' id='par_1_83' title="bbox 2339 3916 3910 3996">
     <span class='ocr_line' id='line_1_83' title="bbox 2339 3916 3910 3996; baseline -0.009 -16"><span class='ocrx_word' id='word_1_619' title='bbox 2339 3926 2614 3996; x_wconf 60' lang='lat' dir='ltr'><strong>precepit.</strong></span> <span class='ocrx_word' id='word_1_620' title='bbox 2669 3920 2951 3980; x_wconf 86' lang='lat' dir='ltr'><strong>Sarraceni</strong></span> <span class='ocrx_word' id='word_1_621' title='bbox 2979 3934 3106 3974; x_wconf 89' lang='lat' dir='ltr'><strong>vero</strong></span> <span class='ocrx_word' id='word_1_622' title='bbox 3137 3916 3310 3972; x_wconf 78' lang='lat' dir='ltr'><strong>navali</strong></span> <span class='ocrx_word' id='word_1_623' title='bbox 3340 3917 3620 3971; x_wconf 88' lang='lat' dir='ltr'><strong>evectione</strong></span> <span class='ocrx_word' id='word_1_624' title='bbox 3650 3928 3746 3983; x_wconf 88' lang='lat' dir='ltr'><strong>per</strong></span> <span class='ocrx_word' id='word_1_625' title='bbox 3769 3926 3910 3966; x_wconf 81' lang='lat' dir='ltr'><strong>mare</strong></span> 
     </span>
    </p>
   </div>
   <div class='ocr_carea' id='block_1_84' title="bbox 2339 4012 2920 4083">
    <p class='ocr_par' dir='ltr' id='par_1_84' title="bbox 2339 4012 2920 4083">
     <span class='ocr_line' id='line_1_84' title="bbox 2339 4012 2920 4083; baseline -0.007 -12"><span class='ocrx_word' id='word_1_626' title='bbox 2339 4017 2562 4071; x_wconf 88' lang='lat' dir='ltr'><strong>redeunt</strong></span> <span class='ocrx_word' id='word_1_627' title='bbox 2589 4015 2653 4068; x_wconf 91' lang='lat' dir='ltr'><strong>ad</strong></span> <span class='ocrx_word' id='word_1_628' title='bbox 2687 4012 2920 4083; x_wconf 86' lang='lat' dir='ltr'><strong>propria.</strong></span> 
     </span>
    </p>
   </div>
   <div class='ocr_carea' id='block_1_85' title="bbox 2405 4094 3912 4168">
    <p class='ocr_par' dir='ltr' id='par_1_85' title="bbox 2405 4094 3912 4168">
     <span class='ocr_line' id='line_1_85' title="bbox 2405 4094 3912 4168; baseline -0.011 -6"><span class='ocrx_word' id='word_1_629' title='bbox 2405 4105 2666 4162; x_wconf 78' lang='lat' dir='ltr'><strong>CXXXV.</strong></span> <span class='ocrx_word' id='word_1_630' title='bbox 2701 4103 2995 4158; x_wconf 71' lang='lat' dir='ltr'><strong>Prtecelsus</strong></span> <span class='ocrx_word' id='word_1_631' title='bbox 3026 4115 3117 4155; x_wconf 89' lang='lat' dir='ltr'><strong>rex</strong></span> <span class='ocrx_word' id='word_1_632' title='bbox 3148 4099 3402 4168; x_wconf 82' lang='lat' dir='ltr'><strong>Pippinus</strong></span> <span class='ocrx_word' id='word_1_633' title='bbox 3432 4097 3624 4152; x_wconf 90' lang='lat' dir='ltr'><strong>iterum</strong></span> <span class='ocrx_word' id='word_1_634' title='bbox 3647 4094 3720 4150; x_wconf 88' lang='lat' dir='ltr'><strong>de</strong></span> <span class='ocrx_word' id='word_1_635' title='bbox 3737 4094 3912 4150; x_wconf 84' lang='lat' dir='ltr'><strong>Selius</strong></span> 
     </span>
    </p>
   </div>
   <div class='ocr_carea' id='block_1_86' title="bbox 2333 4187 3912 4266">
    <p class='ocr_par' dir='ltr' id='par_1_86' title="bbox 2333 4187 3912 4266">
     <span class='ocr_line' id='line_1_86' title="bbox 2333 4187 3912 4266; baseline -0.011 -10"><span class='ocrx_word' id='word_1_636' title='bbox 2333 4211 2513 4256; x_wconf 88' lang='lat' dir='ltr'><strong>castro</strong></span> <span class='ocrx_word' id='word_1_637' title='bbox 2542 4214 2660 4253; x_wconf 92' lang='lat' dir='ltr'><strong>cum</strong></span> <span class='ocrx_word' id='word_1_638' title='bbox 2695 4196 2875 4266; x_wconf 81' lang='lat' dir='ltr'><strong>paucis</strong></span> <span class='ocrx_word' id='word_1_639' title='bbox 2918 4196 2982 4247; x_wconf 87' lang='lat' dir='ltr'><strong>ad</strong></span> <span class='ocrx_word' id='word_1_640' title='bbox 3014 4191 3437 4262; x_wconf 78' lang='lat' dir='ltr'><strong>persequendum</strong></span> <span class='ocrx_word' id='word_1_641' title='bbox 3485 4187 3805 4242; x_wconf 84' lang='lat' dir='ltr'><strong>Waifariutn</strong></span> <span class='ocrx_word' id='word_1_642' title='bbox 3851 4202 3912 4240; x_wconf 87' lang='lat' dir='ltr'><strong>eo</strong></span> 
     </span>
    </p>
   </div>
   <div class='ocr_carea' id='block_1_87' title="bbox 2334 4281 3912 4360">
    <p class='ocr_par' dir='ltr' id='par_1_87' title="bbox 2334 4281 3912 4360">
     <span class='ocr_line' id='line_1_87' title="bbox 2334 4281 3912 4360; baseline -0.011 -10"><span class='ocrx_word' id='word_1_643' title='bbox 2334 4310 2474 4352; x_wconf 84' lang='lat' dir='ltr'><strong>anno</strong></span> <span class='ocrx_word' id='word_1_644' title='bbox 2504 4295 2695 4348; x_wconf 87' lang='lat' dir='ltr'><strong>iterum</strong></span> <span class='ocrx_word' id='word_1_645' title='bbox 2724 4290 2987 4360; x_wconf 89' lang='lat' dir='ltr'><strong>perrexit,</strong></span> <span class='ocrx_word' id='word_1_646' title='bbox 3017 4296 3072 4342; x_wconf 92' lang='lat' dir='ltr'><strong>et</strong></span> <span class='ocrx_word' id='word_1_647' title='bbox 3101 4301 3269 4355; x_wconf 88' lang='lat' dir='ltr'><strong>usque</strong></span> <span class='ocrx_word' id='word_1_648' title='bbox 3293 4284 3357 4338; x_wconf 93' lang='lat' dir='ltr'><strong>ad</strong></span> <span class='ocrx_word' id='word_1_649' title='bbox 3387 4282 3642 4339; x_wconf 78' lang='lat' dir='ltr'><strong>Santonis</strong></span> <span class='ocrx_word' id='word_1_650' title='bbox 3669 4281 3804 4334; x_wconf 86' lang='lat' dir='ltr'><strong>mira</strong></span> <span class='ocrx_word' id='word_1_651' title='bbox 3828 4294 3912 4333; x_wconf 84' lang='lat' dir='ltr'><strong>ee-</strong></span> 
     </span>
    </p>
   </div>
   <div class='ocr_carea' id='block_1_88' title="bbox 2333 4369 3911 4456">
    <p class='ocr_par' dir='ltr' id='par_1_88' title="bbox 2333 4369 3911 4456">
     <span class='ocr_line' id='line_1_88' title="bbox 2333 4369 3911 4456; baseline -0.012 -14"><span class='ocrx_word' id='word_1_652' title='bbox 2333 4388 2543 4444; x_wconf 87' lang='lat' dir='ltr'><strong>Ieritate</strong></span> <span class='ocrx_word' id='word_1_653' title='bbox 2571 4385 2775 4456; x_wconf 91' lang='lat' dir='ltr'><strong>primus</strong></span> <span class='ocrx_word' id='word_1_654' title='bbox 2802 4396 2921 4436; x_wconf 92' lang='lat' dir='ltr'><strong>cum</strong></span> <span class='ocrx_word' id='word_1_655' title='bbox 2947 4379 3130 4450; x_wconf 90' lang='lat' dir='ltr'><strong>paucis</strong></span> <span class='ocrx_word' id='word_1_656' title='bbox 3158 4377 3320 4431; x_wconf 86' lang='lat' dir='ltr'><strong>venit.</strong></span> <span class='ocrx_word' id='word_1_657' title='bbox 3345 4373 3475 4429; x_wconf 89' lang='lat' dir='ltr'><strong>Cum</strong></span> <span class='ocrx_word' id='word_1_658' title='bbox 3507 4373 3608 4427; x_wconf 83' lang='lat' dir='ltr'><strong>hoc</strong></span> <span class='ocrx_word' id='word_1_659' title='bbox 3627 4369 3911 4426; x_wconf 77' lang='lat' dir='ltr'><strong>Waifarius</strong></span> 
     </span>
    </p>
   </div>
   <div class='ocr_carea' id='block_1_89' title="bbox 2331 4462 3908 4544">
    <p class='ocr_par' dir='ltr' id='par_1_89' title="bbox 2331 4462 3908 4544">
     <span class='ocr_line' id='line_1_89' title="bbox 2331 4462 3908 4544; baseline -0.013 -13"><span class='ocrx_word' id='word_1_660' title='bbox 2331 4477 2592 4544; x_wconf 84' lang='lat' dir='ltr'><strong>audisset,</strong></span> <span class='ocrx_word' id='word_1_661' title='bbox 2640 4475 2800 4529; x_wconf 87' lang='lat' dir='ltr'><strong>solito</strong></span> <span class='ocrx_word' id='word_1_662' title='bbox 2829 4486 2976 4525; x_wconf 88' lang='lat' dir='ltr'><strong>more</strong></span> <span class='ocrx_word' id='word_1_663' title='bbox 3007 4479 3150 4539; x_wconf 86' lang='lat' dir='ltr'><strong>terga</strong></span> <span class='ocrx_word' id='word_1_664' title='bbox 3181 4467 3365 4520; x_wconf 78' lang='lat' dir='ltr'><strong>vertit.</strong></span> <span class='ocrx_word' id='word_1_665' title='bbox 3413 4466 3518 4519; x_wconf 79' lang='lat' dir='ltr'><strong>Iiex</strong></span> <span class='ocrx_word' id='word_1_666' title='bbox 3572 4465 3830 4532; x_wconf 82' lang='lat' dir='ltr'><strong>Pippinns</strong></span> <span class='ocrx_word' id='word_1_667' title='bbox 3861 4462 3908 4511; x_wconf 94' lang='lat' dir='ltr'><strong>in</strong></span> 
     </span>
    </p>
   </div>
   <div class='ocr_carea' id='block_1_90' title="bbox 659 4544 3912 4642">
    <p class='ocr_par' dir='ltr' id='par_1_90' title="bbox 659 4544 3912 4642">
     <span class='ocr_line' id='line_1_90' title="bbox 659 4544 3912 4642; baseline -0.006 -18"><span class='ocrx_word' id='word_1_668' title='bbox 659 4572 1068 4626; x_wconf 81' lang='lat' dir='ltr'><strong>Ilertnenaldutn</strong></span> <span class='ocrx_word' id='word_1_669' title='bbox 1098 4614 1114 4638; x_wconf 93' lang='lat'><strong>,</strong></span> <span class='ocrx_word' id='word_1_670' title='bbox 1163 4573 1528 4642; x_wconf 86' lang='lat' dir='ltr'><strong>Beringarium</strong></span> <span class='ocrx_word' id='word_1_671' title='bbox 1553 4613 1570 4638; x_wconf 95' lang='lat'><strong>,</strong></span> <span class='ocrx_word' id='word_1_672' title='bbox 1598 4572 1981 4626; x_wconf 80' lang='lat' dir='ltr'><strong>Cliilderatlum</strong></span> <span class='ocrx_word' id='word_1_673' title='bbox 2009 4544 2064 4626; x_wconf 91' lang='lat' dir='ltr'><strong>et</strong></span> <span class='ocrx_word' id='word_1_674' title='bbox 2092 4569 2226 4627; x_wconf 85' lang='lat' dir='ltr'><strong>Uni-</strong></span> <span class='ocrx_word' id='word_1_675' title='bbox 2253 4544 2308 4610; x_wconf 76' lang='grc' dir='ltr'><strong>Ῑ)</strong></span> <span class='ocrx_word' id='word_1_676' title='bbox 2333 4579 2560 4640; x_wconf 89' lang='lat' dir='ltr'><strong>quatuor</strong></span> <span class='ocrx_word' id='word_1_677' title='bbox 2588 4577 2768 4637; x_wconf 89' lang='lat' dir='ltr'><strong>partes</strong></span> <span class='ocrx_word' id='word_1_678' title='bbox 2794 4564 3018 4618; x_wconf 84' lang='lat' dir='ltr'><strong>comites</strong></span> <span class='ocrx_word' id='word_1_679' title='bbox 3060 4575 3186 4615; x_wconf 85' lang='lat' dir='ltr'><strong>suos</strong></span> <span class='ocrx_word' id='word_1_680' title='bbox 3216 4558 3442 4613; x_wconf 79' lang='lat' dir='ltr'><strong>scaritos</strong></span> <span class='ocrx_word' id='word_1_681' title='bbox 3490 4566 3544 4610; x_wconf 91' lang='lat' dir='ltr'><strong>et</strong></span> <span class='ocrx_word' id='word_1_682' title='bbox 3574 4557 3764 4609; x_wconf 85' lang='lat' dir='ltr'><strong>lendes</strong></span> <span class='ocrx_word' id='word_1_683' title='bbox 3793 4568 3912 4606; x_wconf 89' lang='lat' dir='ltr'><strong>suos</strong></span> 
     </span>
    </p>
   </div>
   <div class='ocr_carea' id='block_1_91' title="bbox 653 4647 3911 4732">
    <p class='ocr_par' dir='ltr' id='par_1_91' title="bbox 653 4647 3911 4732">
     <span class='ocr_line' id='line_1_91' title="bbox 653 4647 3911 4732; baseline -0.002 -15"><span class='ocrx_word' id='word_1_684' title='bbox 653 4663 862 4717; x_wconf 90' lang='lat' dir='ltr'><strong>bertum</strong></span> <span class='ocrx_word' id='word_1_685' title='bbox 886 4663 914 4710; x_wconf 66' lang='grc' dir='ltr'>ά</span> <span class='ocrx_word' id='word_1_686' title='bbox 937 4665 1184 4722; x_wconf 90' lang='lat' dir='ltr'><strong>comitem</strong></span> <span class='ocrx_word' id='word_1_687' title='bbox 1212 4664 1520 4722; x_wconf 87' lang='lat' dir='ltr'><strong>Betorinutn</strong></span> <span class='ocrx_word' id='word_1_688' title='bbox 1553 4678 1673 4723; x_wconf 82' lang='lat' dir='ltr'><strong>cum</strong></span> <span class='ocrx_word' id='word_1_689' title='bbox 1708 4662 1927 4732; x_wconf 84' lang='lat' dir='ltr'><strong>reliquis</strong></span> <span class='ocrx_word' id='word_1_690' title='bbox 1949 4662 2234 4717; x_wconf 82' lang='lat' dir='ltr'><strong>comitibus</strong></span> <span class='ocrx_word' id='word_1_691' title='bbox 2333 4662 2404 4718; x_wconf 86' lang='lat' dir='ltr'><strong>ad</strong></span> <span class='ocrx_word' id='word_1_692' title='bbox 2452 4657 2865 4730; x_wconf 84' lang='lat' dir='ltr'><strong>perquireudum</strong></span> <span class='ocrx_word' id='word_1_693' title='bbox 2899 4654 3209 4709; x_wconf 74' lang='lat' dir='ltr'><strong>Waifarium</strong></span> <span class='ocrx_word' id='word_1_694' title='bbox 3245 4649 3558 4704; x_wconf 67' lang='lat' dir='ltr'><strong>lmnsmisil.</strong></span> <span class='ocrx_word' id='word_1_695' title='bbox 3617 4647 3755 4701; x_wconf 75' lang='lat' dir='ltr'><strong>Dum</strong></span> <span class='ocrx_word' id='word_1_696' title='bbox 3804 4647 3911 4698; x_wconf 66' lang='lat'><strong>&quot;33¢</strong></span> 
     </span>
    </p>
   </div>
   <div class='ocr_carea' id='block_1_92' title="bbox 651 4736 3912 4823">
    <p class='ocr_par' dir='ltr' id='par_1_92' title="bbox 651 4736 3912 4823">
     <span class='ocr_line' id='line_1_92' title="bbox 651 4736 3912 4823; baseline -0.006 -15"><span class='ocrx_word' id='word_1_697' title='bbox 651 4764 706 4808; x_wconf 86' lang='lat' dir='ltr'><strong>et</strong></span> <span class='ocrx_word' id='word_1_698' title='bbox 737 4753 1004 4808; x_wconf 83' lang='lat' dir='ltr'><strong>Lcudibns</strong></span> <span class='ocrx_word' id='word_1_699' title='bbox 1034 4755 1146 4809; x_wconf 90' lang='lat' dir='ltr'><strong>suis</strong></span> <span class='ocrx_word' id='word_1_700' title='bbox 1193 4755 1256 4807; x_wconf 89' lang='lat' dir='ltr'><strong>ad</strong></span> <span class='ocrx_word' id='word_1_701' title='bbox 1311 4755 1482 4822; x_wconf 91' lang='lat' dir='ltr'><strong>ipsum</strong></span> <span class='ocrx_word' id='word_1_702' title='bbox 1512 4755 1876 4809; x_wconf 80' lang='lat' dir='ltr'><strong>Remistanum</strong></span> <span class='ocrx_word' id='word_1_703' title='bbox 1916 4753 2233 4822; x_wconf 85' lang='lat' dir='ltr'><strong>capiendum</strong></span> <span class='ocrx_word' id='word_1_704' title='bbox 2333 4762 2637 4823; x_wconf 87' lang='lat' dir='ltr'><strong>agerentur,</strong></span> <span class='ocrx_word' id='word_1_705' title='bbox 2661 4759 2718 4802; x_wconf 90' lang='lat' dir='ltr'><strong>ut</strong></span> <span class='ocrx_word' id='word_1_706' title='bbox 2739 4755 3008 4810; x_wconf 90' lang='lat' dir='ltr'><strong>asserunt,</strong></span> <span class='ocrx_word' id='word_1_707' title='bbox 3035 4743 3259 4799; x_wconf 90' lang='lat' dir='ltr'><strong>consilio</strong></span> <span class='ocrx_word' id='word_1_708' title='bbox 3289 4739 3430 4810; x_wconf 84' lang='lat' dir='ltr'><strong>regis</strong></span> <span class='ocrx_word' id='word_1_709' title='bbox 3457 4737 3680 4800; x_wconf 87' lang='lat' dir='ltr'><strong>factum,</strong></span> <span class='ocrx_word' id='word_1_710' title='bbox 3712 4736 3912 4792; x_wconf 83' lang='lat' dir='ltr'><strong>Waifa-</strong></span> 
     </span>
    </p>
   </div>
   <div class='ocr_carea' id='block_1_93' title="bbox 652 4828 3913 4916">
    <p class='ocr_par' dir='ltr' id='par_1_93' title="bbox 652 4828 3913 4916">
     <span class='ocr_line' id='line_1_93' title="bbox 652 4828 3913 4916; baseline -0.006 -16"><span class='ocrx_word' id='word_1_711' title='bbox 652 4849 787 4902; x_wconf 81' lang='lat' dir='ltr'><strong>clam</strong></span> <span class='ocrx_word' id='word_1_712' title='bbox 821 4859 844 4885; x_wconf 72' lang='grc' dir='ltr'>θ</span> <span class='ocrx_word' id='word_1_713' title='bbox 877 4847 1113 4911; x_wconf 88' lang='lat' dir='ltr'><strong>mittens,</strong></span> <span class='ocrx_word' id='word_1_714' title='bbox 1159 4847 1445 4916; x_wconf 66' lang='lat' dir='ltr'><strong>praedictus</strong></span> <span class='ocrx_word' id='word_1_715' title='bbox 1496 4863 1586 4903; x_wconf 89' lang='lat' dir='ltr'><strong>rex</strong></span> <span class='ocrx_word' id='word_1_716' title='bbox 1637 4846 1892 4916; x_wconf 88' lang='lat' dir='ltr'><strong>Pippinus</strong></span> <span class='ocrx_word' id='word_1_717' title='bbox 1937 4861 2059 4900; x_wconf 92' lang='lat' dir='ltr'><strong>cum</strong></span> <span class='ocrx_word' id='word_1_718' title='bbox 2089 4844 2236 4899; x_wconf 89' lang='lat' dir='ltr'><strong>omni</strong></span> <span class='ocrx_word' id='word_1_719' title='bbox 2333 4845 2444 4900; x_wconf 87' lang='lat' dir='ltr'><strong>rius</strong></span> <span class='ocrx_word' id='word_1_720' title='bbox 2476 4843 2722 4912; x_wconf 83' lang='lat' dir='ltr'><strong>princeps</strong></span> <span class='ocrx_word' id='word_1_721' title='bbox 2744 4838 3041 4909; x_wconf 61' lang='lat' dir='ltr'><strong>Aquitaniae</strong></span> <span class='ocrx_word' id='word_1_722' title='bbox 3064 4851 3092 4890; x_wconf 90' lang='lat' dir='ltr'><strong>a</strong></span> <span class='ocrx_word' id='word_1_723' title='bbox 3124 4836 3235 4889; x_wconf 91' lang='lat' dir='ltr'><strong>suis</strong></span> <span class='ocrx_word' id='word_1_724' title='bbox 3268 4832 3580 4887; x_wconf 80' lang='lat' dir='ltr'><strong>interfectus</strong></span> <span class='ocrx_word' id='word_1_725' title='bbox 3612 4836 3720 4884; x_wconf 79' lang='lat' dir='ltr'><strong>est.</strong></span> <span class='ocrx_word' id='word_1_726' title='bbox 3770 4828 3913 4882; x_wconf 70' lang='lat' dir='ltr'><strong>Prte-</strong></span> 
     </span>
    </p>
   </div>
   <div class='ocr_carea' id='block_1_94' title="bbox 651 4934 2236 5008">
    <p class='ocr_par' dir='ltr' id='par_1_94' title="bbox 651 4934 2236 5008">
     <span class='ocr_line' id='line_1_94' title="bbox 651 4934 2236 5008; baseline -0.003 -13"><span class='ocrx_word' id='word_1_727' title='bbox 651 4939 892 4996; x_wconf 77' lang='lat' dir='ltr'><strong>cxercitu</strong></span> <span class='ocrx_word' id='word_1_728' title='bbox 922 4938 1252 4996; x_wconf 81' lang='lat' dir='ltr'><strong>Francorum</strong></span> <span class='ocrx_word' id='word_1_729' title='bbox 1283 4939 1473 4994; x_wconf 86' lang='lat' dir='ltr'><strong>iterum</strong></span> <span class='ocrx_word' id='word_1_730' title='bbox 1522 4938 1588 4992; x_wconf 91' lang='lat' dir='ltr'><strong>ad</strong></span> <span class='ocrx_word' id='word_1_731' title='bbox 1629 4936 2056 5008; x_wconf 83' lang='lat' dir='ltr'><strong>persequendum</strong></span> <span class='ocrx_word' id='word_1_732' title='bbox 2087 4934 2182 4990; x_wconf 85' lang='lat' dir='ltr'><strong>Wa</strong></span> <span class='ocrx_word' id='word_1_733' title='bbox 2195 4937 2236 4990; x_wconf 87' lang='lat' dir='ltr'><strong>i-</strong></span> 
     </span>
    </p>
   </div>
   <div class='ocr_carea' id='block_1_95' title="bbox 718 5093 2225 5166">
    <p class='ocr_par' dir='ltr' id='par_1_95' title="bbox 718 5093 2225 5166">
     <span class='ocr_line' id='line_1_95' title="bbox 718 5093 2225 5166; baseline -0.003 -15"><span class='ocrx_word' id='word_1_734' title='bbox 718 5107 746 5134; x_wconf 70' lang='grc' dir='ltr'>ι</span> <span class='ocrx_word' id='word_1_735' title='bbox 790 5099 986 5155; x_wconf 75' lang='lat' dir='ltr'><strong>Lucum</strong></span> <span class='ocrx_word' id='word_1_736' title='bbox 1018 5113 1180 5166; x_wconf 82' lang='lat' dir='ltr'><strong>prope</strong></span> <span class='ocrx_word' id='word_1_737' title='bbox 1202 5098 1528 5151; x_wconf 85' lang='lat' dir='ltr'><strong>Sincerrinm</strong></span> <span class='ocrx_word' id='word_1_738' title='bbox 1552 5137 1567 5159; x_wconf 89' lang='lat'><strong>,</strong></span> <span class='ocrx_word' id='word_1_739' title='bbox 1597 5112 1691 5151; x_wconf 86' lang='lat' dir='ltr'><strong>seu</strong></span> <span class='ocrx_word' id='word_1_740' title='bbox 1725 5096 1948 5166; x_wconf 87' lang='lat' dir='ltr'><strong>Sacrum</strong></span> <span class='ocrx_word' id='word_1_741' title='bbox 1994 5093 2225 5166; x_wconf 65' lang='lat' dir='ltr'><strong>Cazsaris</strong></span> 
     </span>
    </p>
   </div>
   <div class='ocr_carea' id='block_1_96' title="bbox 646 5164 2220 5238">
    <p class='ocr_par' dir='ltr' id='par_1_96' title="bbox 646 5164 2220 5238">
     <span class='ocr_line' id='line_1_96' title="bbox 646 5164 2220 5238; baseline -0.004 -17"><span class='ocrx_word' id='word_1_742' title='bbox 646 5167 892 5222; x_wconf 86' lang='lat' dir='ltr'><strong>Casttum</strong></span> <span class='ocrx_word' id='word_1_743' title='bbox 938 5169 988 5222; x_wconf 93' lang='lat' dir='ltr'><strong>in</strong></span> <span class='ocrx_word' id='word_1_744' title='bbox 1020 5164 1359 5232; x_wconf 20' lang='lat' dir='ltr'><strong>‘Iiitut&#39;igibus</strong></span> <span class='ocrx_word' id='word_1_745' title='bbox 1381 5168 1615 5238; x_wconf 79' lang='lat' dir='ltr'><strong>(Gardon</strong></span> <span class='ocrx_word' id='word_1_746' title='bbox 1641 5210 1651 5226; x_wconf 86' lang='lat'><strong>.</strong></span> <span class='ocrx_word' id='word_1_747' title='bbox 1687 5168 1804 5230; x_wconf 70' lang='lat' dir='ltr'><strong>pres</strong></span> <span class='ocrx_word' id='word_1_748' title='bbox 1832 5169 1893 5220; x_wconf 85' lang='lat' dir='ltr'><strong>de</strong></span> <span class='ocrx_word' id='word_1_749' title='bbox 1923 5164 2220 5234; x_wconf 79' lang='lat' dir='ltr'><strong>Sancerre),</strong></span> 
     </span>
    </p>
   </div>
   <div class='ocr_carea' id='block_1_97' title="bbox 648 5238 1292 5302">
    <p class='ocr_par' dir='ltr' id='par_1_97' title="bbox 648 5238 1292 5302">
     <span class='ocr_line' id='line_1_97' title="bbox 648 5238 1292 5302; baseline 0.002 -11"><span class='ocrx_word' id='word_1_750' title='bbox 648 5238 1024 5302; x_wconf 75' lang='lat' dir='ltr'><strong>interpretatur</strong></span> <span class='ocrx_word' id='word_1_751' title='bbox 1052 5239 1292 5292; x_wconf 84' lang='lat' dir='ltr'><strong>Cointius</strong></span> 
     </span>
    </p>
   </div>
   <div class='ocr_carea' id='block_1_98' title="bbox 718 5305 2219 5378">
    <p class='ocr_par' dir='ltr' id='par_1_98' title="bbox 718 5305 2219 5378">
     <span class='ocr_line' id='line_1_98' title="bbox 718 5305 2219 5378; baseline -0.002 -17"><span class='ocrx_word' id='word_1_752' title='bbox 718 5306 745 5345; x_wconf 69' lang='grc'><strong><em>³</em></strong></span> <span class='ocrx_word' id='word_1_753' title='bbox 788 5310 892 5378; x_wconf 71' lang='grc' dir='ltr'><strong>ᾼΙ..</strong></span> <span class='ocrx_word' id='word_1_754' title='bbox 924 5307 1197 5372; x_wconf 83' lang='lat' dir='ltr'><strong>Bertrada,</strong></span> <span class='ocrx_word' id='word_1_755' title='bbox 1227 5324 1388 5378; x_wconf 91' lang='lat' dir='ltr'><strong>quam</strong></span> <span class='ocrx_word' id='word_1_756' title='bbox 1419 5308 1656 5363; x_wconf 90' lang='lat' dir='ltr'><strong>nonnulli</strong></span> <span class='ocrx_word' id='word_1_757' title='bbox 1685 5309 1894 5362; x_wconf 83' lang='lat' dir='ltr'><strong>Bertatn</strong></span> <span class='ocrx_word' id='word_1_758' title='bbox 1927 5305 2219 5378; x_wconf 79' lang='lat' dir='ltr'><strong>appellant.</strong></span> 
     </span>
    </p>
   </div>
   <div class='ocr_carea' id='block_1_99' title="bbox 718 5374 2218 5446">
    <p class='ocr_par' dir='ltr' id='par_1_99' title="bbox 718 5374 2218 5446">
     <span class='ocr_line' id='line_1_99' title="bbox 718 5374 2218 5446; baseline -0.003 -16"><span class='ocrx_word' id='word_1_759' title='bbox 718 5389 739 5415; x_wconf 78' lang='grc' dir='ltr'><strong>ε</strong></span> <span class='ocrx_word' id='word_1_760' title='bbox 781 5376 909 5433; x_wconf 86' lang='lat' dir='ltr'><strong>Can.</strong></span> <span class='ocrx_word' id='word_1_761' title='bbox 967 5391 1021 5434; x_wconf 84' lang='lat' dir='ltr'><strong>et.</strong></span> <span class='ocrx_word' id='word_1_762' title='bbox 1070 5374 1269 5442; x_wconf 46' lang='lat' dir='ltr'><strong>Frehf,</strong></span> <span class='ocrx_word' id='word_1_763' title='bbox 1324 5379 1567 5432; x_wconf 76' lang='lat' dir='ltr'><strong>Judame.</strong></span> <span class='ocrx_word' id='word_1_764' title='bbox 1613 5379 1916 5446; x_wconf 78' lang='lat' dir='ltr'><strong>Legeutlum</strong></span> <span class='ocrx_word' id='word_1_765' title='bbox 1969 5374 2218 5446; x_wconf 69' lang='lat' dir='ltr'><strong>Eudottt&#39;s,</strong></span> 
     </span>
    </p>
   </div>
   <div class='ocr_carea' id='block_1_100' title="bbox 642 5444 2220 5518">
    <p class='ocr_par' dir='ltr' id='par_1_100' title="bbox 642 5444 2220 5518">
     <span class='ocr_line' id='line_1_100' title="bbox 642 5444 2220 5518; baseline -0.004 -16"><span class='ocrx_word' id='word_1_766' title='bbox 642 5450 941 5515; x_wconf 75' lang='lat' dir='ltr'><strong>Aquitania:</strong></span> <span class='ocrx_word' id='word_1_767' title='bbox 961 5450 1111 5504; x_wconf 83' lang='lat' dir='ltr'><strong>ducis</strong></span> <span class='ocrx_word' id='word_1_768' title='bbox 1135 5491 1150 5515; x_wconf 97' lang='lat'><strong>,</strong></span> <span class='ocrx_word' id='word_1_769' title='bbox 1181 5450 1249 5504; x_wconf 90' lang='lat' dir='ltr'><strong>de</strong></span> <span class='ocrx_word' id='word_1_770' title='bbox 1277 5465 1382 5518; x_wconf 91' lang='lat' dir='ltr'><strong>quo</strong></span> <span class='ocrx_word' id='word_1_771' title='bbox 1408 5464 1566 5515; x_wconf 82' lang='lat' dir='ltr'><strong>supra</strong></span> <span class='ocrx_word' id='word_1_772' title='bbox 1593 5492 1607 5513; x_wconf 86' lang='lat'><strong>,</strong></span> <span class='ocrx_word' id='word_1_773' title='bbox 1660 5444 1748 5516; x_wconf 78' lang='lat' dir='ltr'><strong>qui</strong></span> <span class='ocrx_word' id='word_1_774' title='bbox 1790 5457 1936 5509; x_wconf 86' lang='lat' dir='ltr'><strong>pater</strong></span> <span class='ocrx_word' id='word_1_775' title='bbox 1963 5456 2073 5518; x_wconf 73' lang='lat' dir='ltr'><strong>erat</strong></span> <span class='ocrx_word' id='word_1_776' title='bbox 2097 5444 2220 5518; x_wconf 65' lang='grc' dir='ltr'><strong>ΔΗιι-</strong></span> 
     </span>
    </p>
   </div>
   <div class='ocr_carea' id='block_1_101' title="bbox 642 5514 2217 5582">
    <p class='ocr_par' dir='ltr' id='par_1_101' title="bbox 642 5514 2217 5582">
     <span class='ocr_line' id='line_1_101' title="bbox 642 5514 2217 5582; baseline -0.005 -9"><span class='ocrx_word' id='word_1_777' title='bbox 642 5514 818 5574; x_wconf 26' lang='grc' dir='ltr'><strong>ιιοίτιιάί</strong></span> <span class='ocrx_word' id='word_1_778' title='bbox 850 5531 905 5574; x_wconf 91' lang='lat' dir='ltr'><strong>et</strong></span> <span class='ocrx_word' id='word_1_779' title='bbox 935 5514 1231 5574; x_wconf 66' lang='lat' dir='ltr'><strong>Remistani</strong></span> <span class='ocrx_word' id='word_1_780' title='bbox 1256 5559 1272 5582; x_wconf 95' lang='lat'><strong>,</strong></span> <span class='ocrx_word' id='word_1_781' title='bbox 1296 5514 1396 5574; x_wconf 83' lang='lat' dir='ltr'><strong>seu</strong></span> <span class='ocrx_word' id='word_1_782' title='bbox 1420 5559 1433 5580; x_wconf 86' lang='lat'><strong>,</strong></span> <span class='ocrx_word' id='word_1_783' title='bbox 1463 5514 1522 5571; x_wconf 90' lang='lat' dir='ltr'><strong>ut</strong></span> <span class='ocrx_word' id='word_1_784' title='bbox 1546 5517 1636 5571; x_wconf 88' lang='lat' dir='ltr'><strong>alii</strong></span> <span class='ocrx_word' id='word_1_785' title='bbox 1662 5514 1894 5570; x_wconf 82' lang='lat' dir='ltr'><strong>scribunt</strong></span> <span class='ocrx_word' id='word_1_786' title='bbox 1920 5559 1934 5582; x_wconf 83' lang='lat'><strong>,</strong></span> <span class='ocrx_word' id='word_1_787' title='bbox 1965 5514 2217 5566; x_wconf 65' lang='lat' dir='ltr'><strong>Reatina-</strong></span> 
     </span>
    </p>
   </div>
   <div class='ocr_carea' id='block_1_102' title="bbox 640 5586 2216 5710">
    <p class='ocr_par' dir='ltr' id='par_1_102' title="bbox 640 5586 2216 5710">
     <span class='ocr_line' id='line_1_102' title="bbox 640 5586 2216 5710; baseline -0.003 -69"><span class='ocrx_word' id='word_1_788' title='bbox 640 5590 728 5710; x_wconf 55' lang='lat' dir='ltr'><strong>fni</strong></span> <span class='ocrx_word' id='word_1_789' title='bbox 748 5606 767 5643; x_wconf 91' lang='lat'><strong><em>:</em></strong></span> <span class='ocrx_word' id='word_1_790' title='bbox 798 5589 1124 5658; x_wconf 80' lang='lat' dir='ltr'><strong>proindeque</strong></span> <span class='ocrx_word' id='word_1_791' title='bbox 1151 5589 1440 5644; x_wconf 89' lang='lat' dir='ltr'><strong>Waifarius</strong></span> <span class='ocrx_word' id='word_1_792' title='bbox 1474 5587 1734 5642; x_wconf 84' lang='lat' dir='ltr'><strong>Hunualdi</strong></span> <span class='ocrx_word' id='word_1_793' title='bbox 1783 5586 1922 5639; x_wconf 80' lang='lat' dir='ltr'><strong>filius</strong></span> <span class='ocrx_word' id='word_1_794' title='bbox 1951 5595 2216 5664; x_wconf 67' lang='lat' dir='ltr'><strong>.patrunm</strong></span> 
     </span>
     <span class='ocr_line' id='line_1_103' title="bbox 663 5655 2216 5710; baseline -0.003 0"><span class='ocrx_word' id='word_1_795' title='bbox 663 5661 871 5710; x_wconf 73' lang='lat' dir='ltr'><strong>ialicliat</strong></span> <span class='ocrx_word' id='word_1_796' title='bbox 911 5659 1276 5710; x_wconf 73' lang='lat' dir='ltr'><strong>Iiemistanutn</strong></span> <span class='ocrx_word' id='word_1_797' title='bbox 1305 5700 1319 5710; x_wconf 91' lang='lat'><strong>.</strong></span> <span class='ocrx_word' id='word_1_798' title='bbox 1371 5672 1691 5710; x_wconf 61' lang='lat' dir='ltr'><strong>quamquam</strong></span> <span class='ocrx_word' id='word_1_799' title='bbox 1722 5655 2016 5710; x_wconf 79' lang='lat' dir='ltr'><strong>avunculus</strong></span> <span class='ocrx_word' id='word_1_800' title='bbox 2051 5669 2216 5710; x_wconf 76' lang='lat' dir='ltr'><strong>tostus</strong></span> 
     </span>
    </p>
   </div>
   <div class='ocr_carea' id='block_1_103' title="bbox 663 5654 2216 5726">
    <p class='ocr_par' dir='ltr' id='par_1_103' title="bbox 663 5654 2216 5726">
     <span class='ocr_line' id='line_1_104' title="bbox 663 5654 2216 5726; baseline -0.003 -16"><span class='ocrx_word' id='word_1_801' title='bbox 663 5654 871 5713; x_wconf 73' lang='lat' dir='ltr'><strong>ialicliat</strong></span> <span class='ocrx_word' id='word_1_802' title='bbox 911 5654 1276 5713; x_wconf 75' lang='lat' dir='ltr'><strong>Iiemistanutn</strong></span> <span class='ocrx_word' id='word_1_803' title='bbox 1305 5700 1320 5722; x_wconf 91' lang='lat'><strong>,</strong></span> <span class='ocrx_word' id='word_1_804' title='bbox 1371 5672 1691 5726; x_wconf 66' lang='lat' dir='ltr'><strong>quamquam</strong></span> <span class='ocrx_word' id='word_1_805' title='bbox 1722 5655 2016 5710; x_wconf 79' lang='lat' dir='ltr'><strong>avunculus</strong></span> <span class='ocrx_word' id='word_1_806' title='bbox 2051 5654 2216 5721; x_wconf 80' lang='lat' dir='ltr'><strong>ipsius</strong></span> 
     </span>
    </p>
   </div>
   <div class='ocr_carea' id='block_1_104' title="bbox 641 5729 1362 5798">
    <p class='ocr_par' dir='ltr' id='par_1_104' title="bbox 641 5729 1362 5798">
     <span class='ocr_line' id='line_1_105' title="bbox 641 5729 1362 5798; baseline 0.004 -17"><span class='ocrx_word' id='word_1_807' title='bbox 641 5730 850 5798; x_wconf 75' lang='lat' dir='ltr'><strong>dicatur</strong></span> <span class='ocrx_word' id='word_1_808' title='bbox 877 5744 1057 5794; x_wconf 82' lang='lat' dir='ltr'><strong>supra,</strong></span> <span class='ocrx_word' id='word_1_809' title='bbox 1087 5745 1204 5798; x_wconf 78' lang='lat' dir='ltr'><strong>cap.</strong></span> <span class='ocrx_word' id='word_1_810' title='bbox 1242 5729 1362 5784; x_wconf 62' lang='grc' dir='ltr'><strong>ωδ.</strong></span> 
     </span>
    </p>
   </div>
   <div class='ocr_carea' id='block_1_105' title="bbox 713 5795 2214 5864">
    <p class='ocr_par' dir='ltr' id='par_1_105' title="bbox 713 5795 2214 5864">
     <span class='ocr_line' id='line_1_106' title="bbox 713 5795 2214 5864; baseline -0.003 -12"><span class='ocrx_word' id='word_1_811' title='bbox 713 5796 738 5835; x_wconf 68' lang='grc' dir='ltr'><em>δ</em></span> <span class='ocrx_word' id='word_1_812' title='bbox 771 5798 864 5852; x_wconf 78' lang='lat' dir='ltr'><strong>Ed.</strong></span> <span class='ocrx_word' id='word_1_813' title='bbox 928 5795 1320 5864; x_wconf 71' lang='lat' dir='ltr'><strong>Chunt&#39;bertum;</strong></span> <span class='ocrx_word' id='word_1_814' title='bbox 1370 5809 1422 5855; x_wconf 83' lang='lat' dir='ltr'><strong>et</strong></span> <span class='ocrx_word' id='word_1_815' title='bbox 1451 5797 1610 5864; x_wconf 82' lang='lat' dir='ltr'><strong>infra,</strong></span> <span class='ocrx_word' id='word_1_816' title='bbox 1645 5797 1908 5852; x_wconf 79' lang='lat' dir='ltr'><strong>Uniberto.</strong></span> <span class='ocrx_word' id='word_1_817' title='bbox 1945 5795 2097 5860; x_wconf 80' lang='lat' dir='ltr'><strong>Vide,</strong></span> <span class='ocrx_word' id='word_1_818' title='bbox 2121 5808 2214 5849; x_wconf 83' lang='lat' dir='ltr'><strong>su-</strong></span> 
     </span>
    </p>
   </div>
   <div class='ocr_carea' id='block_1_106' title="bbox 2335 4921 3913 5001">
    <p class='ocr_par' dir='ltr' id='par_1_106' title="bbox 2335 4921 3913 5001">
     <span class='ocr_line' id='line_1_107' title="bbox 2335 4921 3913 5001; baseline -0.012 -11"><span class='ocrx_word' id='word_1_819' title='bbox 2335 4936 2475 4990; x_wconf 84' lang='lat' dir='ltr'><strong>fatus</strong></span> <span class='ocrx_word' id='word_1_820' title='bbox 2502 4949 2594 4990; x_wconf 81' lang='lat' dir='ltr'><strong>rex</strong></span> <span class='ocrx_word' id='word_1_821' title='bbox 2619 4930 2893 5001; x_wconf 87' lang='lat' dir='ltr'><strong>Pippinus,</strong></span> <span class='ocrx_word' id='word_1_822' title='bbox 2920 4927 3029 4998; x_wconf 85' lang='lat' dir='ltr'><strong>jam</strong></span> <span class='ocrx_word' id='word_1_823' title='bbox 3058 4935 3164 4982; x_wconf 90' lang='lat' dir='ltr'><strong>tota</strong></span> <span class='ocrx_word' id='word_1_824' title='bbox 3188 4925 3469 4996; x_wconf 86' lang='lat' dir='ltr'><strong>Aquitania</strong></span> <span class='ocrx_word' id='word_1_825' title='bbox 3498 4921 3786 4992; x_wconf 84' lang='lat' dir='ltr'><strong>acquisita,</strong></span> <span class='ocrx_word' id='word_1_826' title='bbox 3816 4934 3913 4972; x_wconf 84' lang='lat' dir='ltr'><strong>orn-</strong></span> 
     </span>
    </p>
   </div>
   <div class='ocr_carea' id='block_1_107' title="bbox 2332 5086 3709 5232">
    <p class='ocr_par' dir='ltr' id='par_1_107' title="bbox 2332 5086 3709 5232">
     <span class='ocr_line' id='line_1_108' title="bbox 2332 5086 2839 5162; baseline -0.014 -16"><span class='ocrx_word' id='word_1_827' title='bbox 2332 5105 2447 5162; x_wconf 82' lang='lat' dir='ltr'><strong>pra,</strong></span> <span class='ocrx_word' id='word_1_828' title='bbox 2469 5090 2534 5144; x_wconf 85' lang='lat' dir='ltr'><strong>ad</strong></span> <span class='ocrx_word' id='word_1_829' title='bbox 2565 5103 2682 5156; x_wconf 87' lang='lat' dir='ltr'><strong>cap.</strong></span> <span class='ocrx_word' id='word_1_830' title='bbox 2720 5086 2839 5141; x_wconf 71' lang='lat' dir='ltr'><strong>I25.</strong></span> 
     </span>
     <span class='ocr_line' id='line_1_109' title="bbox 2406 5154 3709 5232; baseline -0.009 -16"><span class='ocrx_word' id='word_1_831' title='bbox 2406 5172 2428 5232; x_wconf 50' lang='grc' dir='ltr'><strong>ξ</strong></span> <span class='ocrx_word' id='word_1_832' title='bbox 2459 5160 2617 5232; x_wconf 88' lang='lat' dir='ltr'><strong>Solus</strong></span> <span class='ocrx_word' id='word_1_833' title='bbox 2648 5159 2780 5212; x_wconf 87' lang='lat' dir='ltr'><strong>Bob.</strong></span> <span class='ocrx_word' id='word_1_834' title='bbox 2813 5155 2970 5232; x_wconf 51' lang='lat' dir='ltr'><strong>liabet</strong></span> <span class='ocrx_word' id='word_1_835' title='bbox 2998 5154 3149 5232; x_wconf 59' lang='lat' dir='ltr'><strong>clam.</strong></span> <span class='ocrx_word' id='word_1_836' title='bbox 3179 5223 3214 5232; x_wconf 75' lang='lat'>_</span> <span class='ocrx_word' id='word_1_837' title='bbox 3288 5222 3300 5232; x_wconf 78' lang='lat'><em>_</em></span> <span class='ocrx_word' id='word_1_838' title='bbox 3339 5220 3371 5231; x_wconf 36' lang='lat' dir='ltr'><strong>ﬂ</strong></span> <span class='ocrx_word' id='word_1_839' title='bbox 3405 5220 3416 5232; x_wconf 45' lang='lat'><strong>.</strong></span> <span class='ocrx_word' id='word_1_840' title='bbox 3491 5190 3563 5232; x_wconf 35' lang='lat' dir='ltr'><strong>ﬂ.“</strong></span> <span class='ocrx_word' id='word_1_841' title='bbox 3640 5217 3653 5230; x_wconf 47' lang='lat'><strong>.</strong></span> <span class='ocrx_word' id='word_1_842' title='bbox 3697 5220 3709 5230; x_wconf 44' lang='lat'><strong><em>.</em></strong></span> 
     </span>
    </p>
   </div>
   <div class='ocr_carea' id='block_1_108' title="bbox 2406 5215 3912 5288">
    <p class='ocr_par' dir='ltr' id='par_1_108' title="bbox 2406 5215 3912 5288">
     <span class='ocr_line' id='line_1_110' title="bbox 2406 5215 3912 5288; baseline -0.013 -2"><span class='ocrx_word' id='word_1_843' title='bbox 2406 5231 2424 5270; x_wconf 72' lang='grc' dir='ltr'>ί</span> <span class='ocrx_word' id='word_1_844' title='bbox 2463 5232 2556 5285; x_wconf 62' lang='grc' dir='ltr'><strong>ΙνΙίο</strong></span> <span class='ocrx_word' id='word_1_845' title='bbox 2583 5230 2730 5283; x_wconf 85' lang='lat' dir='ltr'><strong>locus</strong></span> <span class='ocrx_word' id='word_1_846' title='bbox 2757 5243 2787 5281; x_wconf 92' lang='lat' dir='ltr'><strong>a</strong></span> <span class='ocrx_word' id='word_1_847' title='bbox 2808 5226 2953 5281; x_wconf 87' lang='lat' dir='ltr'><strong>Cella</strong></span> <span class='ocrx_word' id='word_1_848' title='bbox 2980 5224 3148 5278; x_wconf 85' lang='lat' dir='ltr'><strong>sancti</strong></span> <span class='ocrx_word' id='word_1_849' title='bbox 3177 5220 3372 5276; x_wconf 54' lang='lat' dir='ltr'><strong>Eusicii</strong></span> <span class='ocrx_word' id='word_1_850' title='bbox 3405 5220 3454 5273; x_wconf 94' lang='lat' dir='ltr'><strong>in</strong></span> <span class='ocrx_word' id='word_1_851' title='bbox 3491 5217 3823 5288; x_wconf 66' lang='lat' dir='ltr'><strong>Biturigibus</strong></span> <span class='ocrx_word' id='word_1_852' title='bbox 3853 5215 3912 5269; x_wconf 80' lang='lat' dir='ltr'><strong>ad</strong></span> 
     </span>
    </p>
   </div>
   <div class='ocr_carea' id='block_1_109' title="bbox 2327 5290 3913 5364">
    <p class='ocr_par' dir='ltr' id='par_1_109' title="bbox 2327 5290 3913 5364">
     <span class='ocr_line' id='line_1_111' title="bbox 2327 5290 3913 5364; baseline -0.012 -7"><span class='ocrx_word' id='word_1_853' title='bbox 2327 5299 2504 5356; x_wconf 83' lang='lat' dir='ltr'><strong>Carim</strong></span> <span class='ocrx_word' id='word_1_854' title='bbox 2536 5300 2774 5360; x_wconf 83' lang='lat' dir='ltr'><strong>ﬂuvium,</strong></span> <span class='ocrx_word' id='word_1_855' title='bbox 2809 5295 2965 5364; x_wconf 87' lang='lat' dir='ltr'><strong>vulgo</strong></span> <span class='ocrx_word' id='word_1_856' title='bbox 2995 5295 3182 5355; x_wconf 77' lang='lat' dir='ltr'><strong>Sel/es,</strong></span> <span class='ocrx_word' id='word_1_857' title='bbox 3215 5290 3622 5364; x_wconf 76' lang='lat' dir='ltr'><strong>distinguendus</strong></span> <span class='ocrx_word' id='word_1_858' title='bbox 3651 5299 3756 5364; x_wconf 54' lang='lat' dir='ltr'><strong>est,</strong></span> <span class='ocrx_word' id='word_1_859' title='bbox 3793 5291 3913 5364; x_wconf 50' lang='lat' dir='ltr'><strong>fite.</strong></span> 
     </span>
    </p>
   </div>
   <div class='ocr_carea' id='block_1_110' title="bbox 2329 5358 3914 5438">
    <p class='ocr_par' dir='ltr' id='par_1_110' title="bbox 2329 5358 3914 5438">
     <span class='ocr_line' id='line_1_112' title="bbox 2329 5358 3914 5438; baseline -0.012 -12"><span class='ocrx_word' id='word_1_860' title='bbox 2329 5375 2440 5427; x_wconf 87' lang='lat' dir='ltr'><strong>nitu</strong></span> <span class='ocrx_word' id='word_1_861' title='bbox 2471 5371 2643 5427; x_wconf 86' lang='lat' dir='ltr'><strong>Selius</strong></span> <span class='ocrx_word' id='word_1_862' title='bbox 2665 5371 2730 5423; x_wconf 89' lang='lat' dir='ltr'><strong>ad</strong></span> <span class='ocrx_word' id='word_1_863' title='bbox 2759 5358 2988 5438; x_wconf 64' lang='lat' dir='ltr'><strong>Ligerim</strong></span> <span class='ocrx_word' id='word_1_864' title='bbox 3019 5364 3245 5428; x_wconf 79' lang='lat' dir='ltr'><strong>exstitit,</strong></span> <span class='ocrx_word' id='word_1_865' title='bbox 3269 5363 3312 5416; x_wconf 84' lang='lat' dir='ltr'><strong>si</strong></span> <span class='ocrx_word' id='word_1_866' title='bbox 3339 5372 3520 5415; x_wconf 88' lang='lat' dir='ltr'><strong>nostro</strong></span> <span class='ocrx_word' id='word_1_867' title='bbox 3543 5362 3754 5412; x_wconf 87' lang='lat' dir='ltr'><strong>auctori</strong></span> <span class='ocrx_word' id='word_1_868' title='bbox 3787 5358 3914 5411; x_wconf 81' lang='lat' dir='ltr'><strong>fides</strong></span> 
     </span>
    </p>
   </div>
   <div class='ocr_carea' id='block_1_111' title="bbox 2326 5443 3907 5570">
    <p class='ocr_par' dir='ltr' id='par_1_111' title="bbox 2326 5443 3907 5570">
     <span class='ocr_line' id='line_1_113' title="bbox 2326 5443 3907 5570; baseline -0.013 -3"><span class='ocrx_word' id='word_1_869' title='bbox 2326 5443 2840 5565; x_wconf 45' lang='lat' dir='ltr'><strong>harei:iiirauctores</strong></span> <span class='ocrx_word' id='word_1_870' title='bbox 2870 5485 3265 5560; x_wconf 80' lang='lat' dir='ltr'><strong>Amiramomeni</strong></span> <span class='ocrx_word' id='word_1_871' title='bbox 3293 5501 3585 5570; x_wconf 86' lang='lat' dir='ltr'><strong>appellant,</strong></span> <span class='ocrx_word' id='word_1_872' title='bbox 3624 5499 3907 5570; x_wconf 69' lang='lat' dir='ltr'><strong>Almanso-</strong></span> 
     </span>
    </p>
   </div>
   <div class='ocr_carea' id='block_1_112' title="bbox 2323 5564 3908 5646">
    <p class='ocr_par' dir='ltr' id='par_1_112' title="bbox 2323 5564 3908 5646">
     <span class='ocr_line' id='line_1_114' title="bbox 2323 5564 3908 5646; baseline -0.013 -6"><span class='ocrx_word' id='word_1_873' title='bbox 2323 5599 2436 5639; x_wconf 82' lang='lat' dir='ltr'><strong>rem</strong></span> <span class='ocrx_word' id='word_1_874' title='bbox 2455 5564 2709 5636; x_wconf 78' lang='lat' dir='ltr'><strong>Cointius</strong></span> <span class='ocrx_word' id='word_1_875' title='bbox 2733 5591 2787 5646; x_wconf 79' lang='lat' dir='ltr'><strong>et</strong></span> <span class='ocrx_word' id='word_1_876' title='bbox 2813 5578 3015 5632; x_wconf 64' lang='lat' dir='ltr'><strong>caeteri.</strong></span> <span class='ocrx_word' id='word_1_877' title='bbox 3052 5575 3124 5629; x_wconf 82' lang='lat' dir='ltr'><strong>De</strong></span> <span class='ocrx_word' id='word_1_878' title='bbox 3156 5575 3277 5638; x_wconf 75' lang='lat' dir='ltr'><strong>hoc,</strong></span> <span class='ocrx_word' id='word_1_879' title='bbox 3308 5564 3489 5646; x_wconf 63' lang='lat' dir='ltr'><strong>supra,</strong></span> <span class='ocrx_word' id='word_1_880' title='bbox 3521 5570 3588 5646; x_wconf 80' lang='lat' dir='ltr'><strong>ad</strong></span> <span class='ocrx_word' id='word_1_881' title='bbox 3620 5585 3743 5646; x_wconf 74' lang='lat' dir='ltr'><strong>cap.</strong></span> <span class='ocrx_word' id='word_1_882' title='bbox 3787 5564 3908 5646; x_wconf 45' lang='lat' dir='ltr'><strong>I09:</strong></span> 
     </span>
    </p>
   </div>
   <div class='ocr_carea' id='block_1_113' title="bbox 2394 5635 3909 5718">
    <p class='ocr_par' dir='ltr' id='par_1_113' title="bbox 2394 5635 3909 5718">
     <span class='ocr_line' id='line_1_115' title="bbox 2394 5635 3909 5718; baseline -0.013 -11"><span class='ocrx_word' id='word_1_883' title='bbox 2394 5635 2757 5715; x_wconf 10' lang='lat' dir='ltr'><strong>iiiAppellatur</strong></span> <span class='ocrx_word' id='word_1_884' title='bbox 2797 5652 2985 5718; x_wconf 79' lang='lat' dir='ltr'><strong>vulgo.</strong></span> <span class='ocrx_word' id='word_1_885' title='bbox 3033 5655 3090 5699; x_wconf 91' lang='lat' dir='ltr'><strong>ut</strong></span> <span class='ocrx_word' id='word_1_886' title='bbox 3122 5635 3333 5710; x_wconf 65' lang='lat' dir='ltr'><strong>trunci,</strong></span> <span class='ocrx_word' id='word_1_887' title='bbox 3367 5641 3638 5705; x_wconf 84' lang='lat' dir='ltr'><strong>Valesius,</strong></span> <span class='ocrx_word' id='word_1_888' title='bbox 3680 5641 3739 5692; x_wconf 78' lang='lat' dir='ltr'><strong>in</strong></span> <span class='ocrx_word' id='word_1_889' title='bbox 3782 5635 3909 5704; x_wconf 58' lang='lat' dir='ltr'><strong>[ora</strong></span> 
     </span>
    </p>
   </div>
   <div class='ocr_carea' id='block_1_114' title="bbox 2322 5723 2537 5779">
    <p class='ocr_par' dir='ltr' id='par_1_114' title="bbox 2322 5723 2537 5779">
     <span class='ocr_line' id='line_1_116' title="bbox 2322 5723 2537 5779; baseline -0.005 -2"><span class='ocrx_word' id='word_1_890' title='bbox 2322 5726 2384 5779; x_wconf 80' lang='lat' dir='ltr'><strong>de</strong></span> <span class='ocrx_word' id='word_1_891' title='bbox 2426 5723 2537 5777; x_wconf 73' lang='lat' dir='ltr'><strong>Ver.</strong></span> 
     </span>
    </p>
   </div>
  </div>
