3982 6346
419 319 522 376 697

1054 321 1466 380 FREDEGARII
1500 326 1920 384 FRAGMENTA
1964 328 2053 383 DE
2109 329 2424 387 HISTORIA
2476 331 2914 392 FRANCORUM.

3560 344 3660 399 698

413 448 510 489 nes
537 433 602 488 ad
625 448 746 490 eum
778 434 1051 489 venientes
1078 435 1292 492 ditionis
1321 454 1452 507 suae,
1507 441 1648 495 sicut
1694 441 1984 510 antiquitus
2013 446 2058 500 Α
2090 442 2228 498 inter
2252 444 2538 512 praedictos
2566 444 2704 500 filios
2731 461 2857 502 suos
2877 447 3126 502 Carolum
3157 457 3208 504 et
3231 448 3664 519 Carlomannum,

410 522 641 588 fuerant,
672 540 732 580 se
757 525 975 580 faciunt.
1001 524 1134 580 Cum
1167 544 1358 597 magno
1389 531 1658 599 triumpho
1687 542 1742 586 et
1765 531 1986 588 victoria

411 614 684 681 Santonis,
719 617 803 672 ubi
831 616 1085 671 Bertrada
1113 621 1292 688 regina
1318 621 1604 687 residebat,
1638 622 1805 676 venit.

479 703 764 758 CXXXVI.
802 706 933 760 Dum
963 707 1213 762 Santoiiis
1246 709 1496 778 praefatus
1521 728 1610 766 rex
1639 715 1904 778 venisset,
1932 723 1986 770 et

409 807 600 848 causas
629 811 724 864 pro
753 798 926 853 salute
960 801 1143 866 patrize
1171 811 1224 854 et
1260 803 1486 857 utilitate
1519 804 1841 859 Francorum
1879 815 1988 861 tra-

409 895 606 949 claret,
635 901 664 938 a
693 888 919 955 quadam
955 888 1102 944 febre
1134 902 1353 945 vexatus
1383 901 1644 960 tegrotare
1672 898 1831 962 cmpit
1851 936 1865 958 ,
1896 909 1987 949 co-

410 980 566 1030 mites
603 994 728 1032 suos
773 994 834 1034 ac
877 980 1087 1048 judices
1129 983 1325 1038 ibidem
1377 987 1668 1038 constituit.
1725 987 1851 1040 Inde
1893 1003 1987 1054 per

411 1066 654 1120 l‘cmavis
699 1083 865 1137 usque
894 1071 958 1122 ad
1008 1071 1236 1126 Toronis
1282 1073 1465 1127 urbem
1498 1074 1562 1127 ad
1604 1079 1985 1131 monasterium

408 1155 548 1211 beati
595 1156 808 1212 Martini
855 1158 1178 1215 confessoris
1225 1165 1493 1230 accessit,
1543 1163 1719 1233 ibique
1766 1167 1983 1219 multam

408 1252 806 1318 cleemosynam
827 1264 933 1309 tam
952 1254 1192 1308 ecclesiis
1215 1272 1370 1323 quam
1395 1259 1732 1312 monasteriis
1757 1259 1836 1312 vel
1860 1274 1987 1326 pau-

409 1346 624 1414 peribus
647 1347 868 1417 largitus
891 1358 992 1413 est,
1019 1359 1072 1402 et
1092 1349 1346 1402 auxilium
1373 1351 1509 1403 beati
1540 1351 1748 1405 Martini
1777 1363 1982 1419 petens,

408 1447 463 1489 ut
496 1452 592 1502 pio
621 1437 738 1506 ejus
768 1438 1090 1494 facinoribus
1116 1441 1322 1495 Domini
1347 1442 1768 1497 misericordiam
1791 1445 1984 1510 depre-

407 1528 516 1581 cari
554 1529 882 1596 dignaretur.
917 1530 1041 1584 Inde
1092 1547 1410 1599 promovens
1454 1548 1512 1586 se
1560 1549 1680 1588 cum
1730 1537 1982 1601 praedicta

405 1618 586 1684 regina
607 1619 947 1683 Bertradane,
964 1630 1017 1674 et
1040 1621 1161 1675 filiis
1187 1623 1296 1676 suis
1318 1623 1509 1677 Carolo
1531 1635 1584 1676 et
1605 1624 1980 1692 Carlomannvi,

407 1722 572 1776 usque
609 1708 674 1761 ad
707 1709 956 1774 Parisios,
1009 1711 1075 1764 ad
1117 1713 1498 1766 monasterium
1550 1714 1688 1766 beati
1742 1714 1980 1784 Donysii

2089 533 2218 588 dum
2246 535 2420 591 adhuc
2446 538 2561 606 ipse
2582 539 2818 602 viveret,
2852 536 2990 593 inter
3014 554 3108 595 eos
3137 542 3336 596 divisit.
3367 543 3419 598 Id
3450 555 3530 599 est
3557 547 3667 600 Au-

2089 628 2406 683 strasiorum
2442 645 2662 698 regnum
2692 630 2884 684 Carolo
2923 631 3122 686 seniori
3156 634 3263 687 lilio
3306 649 3486 705 regem
3517 637 3668 692 insti-

2090 720 2208 785 tuit;
2239 721 2598 774 Carlomanno
2635 736 2765 775 vero
2811 722 3009 791 juniori
3042 723 3151 776 lilio
3177 740 3396 794 regnum
3429 726 3669 796 Burgun-

2086 811 2194 876 dia,
2245 811 2556 875 Provincia,
2602 811 2835 876 Cotthia,
2887 813 3122 866 Alesacis
3169 823 3218 862 ιν
3255 824 3307 868 et
3355 816 3662 871 Alamanni:

2090 903 2328 958 tradidit.
2380 903 2750 971 Aquitaniam,
2807 920 2964 973 quam
3017 905 3130 971 ipse
3177 908 3662 975 rexaequisicrat,

2089 992 2226 1046 inter
2247 1008 2340 1046 eos
2369 992 2571 1045 divisit.
2606 993 2697 1046 llis
2726 995 2890 1060 gestis
2916 1009 3008 1048 rex
3037 994 3292 1063 Pippinus
3321 1008 3438 1064 post
3465 1012 3664 1064 paucos

2087 1082 2226 1144 dies,
2275 1091 2330 1134 ut
2356 1081 2507 1136 dolor
2534 1080 2561 1118 δ
2594 1093 2676 1136 est
2720 1082 2786 1134 ad
2812 1082 3095 1135 dicendum
3121 1123 3136 1148 ,
3168 1085 3412 1138 ultimutu
3443 1087 3583 1141 diem
3612 1095 3666 1141 ct

2086 1173 2248 1223 vitam
2295 1171 2450 1222 simul
2497 1171 2688 1224 caruit.
2738 1169 3183 1241 Scpelieruntque
3237 1189 3359 1226 eum
3415 1174 3663 1241 praedico

2087 1263 2249 1333 704
2277 1279 2428 1332 reges
2456 1262 2676 1316 Carolus
2711 1275 2764 1315 et
2789 1262 3176 1317 Carlomaunus
3207 1266 3300 1318 filii
3337 1266 3502 1332 ipsius
3527 1267 3667 1333 regis

2089 1355 2140 1408 in
2162 1354 2487 1408 monasterio
2509 1353 2680 1406 sancti
2706 1352 2938 1422 Dionysii
2960 1356 3230 1423 martyris,
3261 1365 3318 1408 ut
3339 1357 3453 1421 ipse
3479 1357 3664 1419 voluit,

2087 1459 2207 1498 cum
2238 1459 2431 1513 magno
2463 1447 2688 1510 benene,
2723 1445 3067 1512 regnavitquc
3097 1443 3254 1498 annis
3299 1445 3484 1514 viginti
3512 1446 3669 1514 quin-

2085 1556 2187 1609 que
2220 1551 2265 1592 ε.

2157 1629 2462 1684 CXXXVII.
2495 1631 2588 1684 llis
2619 1631 2926 1694 transactis,
2960 1629 3196 1697 praedicti
3246 1641 3398 1697 reges
3445 1625 3665 1681 Carolus

2087 1729 2139 1772 et
2169 1699 2552 1772 Carlomannus
2572 1760 2586 1783 ,
2619 1721 2983 1787 unusquisque
3024 1733 3143 1770 cum
3173 1717 3417 1770 leudibus
3459 1718 3569 1770 Suis
3599 1718 3664 1770 ad

405 1802 656 1870 martyris
705 1805 946 1868 veniens,
978 1803 1154 1872 ibique
1206 1816 1564 1859 commoratus
1613 1815 1694 1860 est
1741 1806 1976 1874 aliquan-
2007 1813 2052 1870 B
2082 1811 2349 1879 propriam
2403 1808 2586 1862 sudem
2632 1809 2775 1875 regni
2833 1822 3020 1861 eorum
3069 1808 3367 1866 venientes.
3418 1806 3662 1858 instituto

402 1887 520 1955 diu;
567 1906 901 1961 cernensque
930 1895 1072 1962 quod
1113 1895 1235 1948 vita:
1266 1896 1556 1964 periculum
1597 1897 1827 1951 evadere
1873 1914 1978 1951 nou

401 1984 680 2051 potuisset,
709 2000 897 2040 omnes
931 2002 1180 2055 proceres
1209 2003 1358 2054 suos,
1385 1988 1548 2043 duces
1579 1998 1633 2042 et
1678 1991 1836 2061 703
1883 2003 1977 2043 co-

398 2075 558 2129 mites
602 2076 951 2141 Francorum,
984 2087 1090 2132 lam
1128 2079 1410 2149 episcopos
1449 2094 1606 2149 quam
1648 2081 1975 2146 saceidotes,

397 2166 463 2218 ad
491 2180 551 2220 se
600 2167 782 2220 venire
826 2169 1116 2237 prmcepit,
1148 2171 1326 2238 ibique
1382 2185 1482 2223 una
1537 2185 1658 2223 cum
1709 2185 1974 2224 consensu

397 2255 722 2311 Francorum
743 2270 796 2312 et
819 2274 1098 2327 procerum
1119 2275 1361 2327 suorum,
1386 2277 1480 2315 Seu
1502 2273 1552 2316 et
1576 2261 1970 2331 episcoporum,

395 2367 615 2423 regnum
637 2352 988 2420 Francorum,
1013 2355 1153 2426 quod
1174 2354 1292 2424 ipse
1313 2364 1574 2420 tenuerat,
1603 2356 1792 2425 aequali
1821 2366 1965 2411 sorte

2085 1899 2298 1968 placito,
2335 1897 2571 1962 initoque
2622 1895 2847 1948 consilio
2896 1909 3016 1948 cum
3074 1895 3384 1962 proceribus
3438 1908 3646 1959 eorum,

2083 2004 2266 2042 mense
2291 1975 2608 2056 Septembri,
2641 1985 2729 2039 die
2764 1985 3070 2051 Dominico,
3100 2001 3184 2038 xiv
3212 1983 3476 2038 Kalendas
3500 1985 3662 2038 Octo-

2081 2077 2192 2132 bris
2217 2074 2267 2145 d,
2295 2076 2516 2131 Carolus
2543 2075 2608 2128 ad
2637 2075 2946 2130 Noviomem
2971 2075 3179 2138 urbem,
3201 2083 3254 2128 et
3276 2071 3660 2127 Carlomannus

2079 2171 2144 2222 ad
2175 2170 2401 2224 Sasonis
2430 2168 2724 2232 civitatem,
2760 2167 2958 2234 pariter
2989 2183 3093 2219 uno
3123 2165 3208 2219 die
3257 2150 3302 2218 a'
3344 2167 3658 2233 proceribus

2081 2277 2264 2317 eorum
2295 2273 2350 2316 et
2383 2262 2789 2316 consecratione
2833 2261 3170 2315 sacerdotum
3220 2261 3490 2318 sublimati
3535 2271 3660 2318 sunt

2076 2355 2130 2409 in
2164 2369 2344 2422 regno.

1198 2469 1416 2541 Explicit
1443 2468 1741 2541 Fredegarii
1770 2471 2077 2526 Chronicum
2109 2487 2224 2524 cum
2252 2472 2358 2524 suis
2388 2471 2850 2525 contionatoribus.

465 2597 646 2672 FCan.
677 2611 728 2656 et
757 2601 939 2665 Fr»h.,
973 2604 1216 2670 Alesans;
1244 2602 1428 2672 Chcs.,
1471 2603 1725 2661 Alexacis.
1773 2601 1824 2657 id
1858 2612 1965 2669 est,

391 2671 631 2735 Elisatia,
655 2675 810 2734 vulgo
837 2674 1074 2729 l'Alsace.

460 2741 487 2780 δ
515 2743 611 2796 Cb.
643 2753 695 2796 et
726 2744 909 2806 lt'reli.,
931 2755 984 2796 ut
1011 2745 1180 2800 dolus.

463 2822 485 2850 ε
516 2812 672 2866 Nullo
701 2824 856 2881 pacto
893 2816 1098 2869 admitti
1147 2824 1320 2882 potest
1365 2814 1450 2868 hic
1479 2814 1735 2868 calculus.
1790 2811 1968 2882 Pippi-

389 2897 487 2935 nus
517 2883 730 2950 quidem
760 2899 823 2936 ex
857 2900 960 2950 quo
988 2900 1077 2938 rex
1112 2886 1432 2939 act-laniatus
1475 2894 1560 2938 est
1603 2890 1654 2936 in
1698 2895 1964 2937 conventu

387 2953 780 3016 SueSsionensi,
815 2957 1053 3023 regnavit
1078 2970 1247 3009 annos
1273 2954 1545 3010 sexdecim
1565 2995 1579 3018 ,
1609 2967 1820 3008 menses
1839 2968 1962 3023 sex;

387 3038 589 3094 exiquo
619 3038 646 3074 a
679 3022 950 3090 Stephano
985 3039 1116 3094 papa
1146 3035 1433 3080 coronatus
1482 3025 1602 3091 fuit,
1633 3039 1800 3078 annos
1851 3022 1967 3079 fere

387 3093 724 3161 quindecim;
758 3095 824 3146 ab
851 3111 990 3149 anno
1020 3103 1196 3150 autem
1225 3112 1350 3164 quo,
1383 3106 1529 3164 patre
1558 3105 1791 3152 mortuo.
1811 3095 1969 3160 majo-

387 3166 463 3218 ris
508 3164 699 3218 domus
744 3163 1053 3234 dignitatem
1101 3163 1394 3232 obtinuit,
1423 3181 1594 3220 annos
1653 3171 1856 3233 septem
1913 3175 1969 3221 et

2075 2603 2284 2723 viginti.
2326 2603 2564 2658 Mortuus
2594 2611 2678 2658 est
2714 2611 2887 2658 autem
2920 2613 3102 2660 mense
3144 2604 3465 2674 Septembri,
3513 2620 3656 2664 anno

2084 2689 2100 2723 Δ
2186 2713 2200 2723 .

2076 2675 2200 2726 768.

2146 2739 2171 2780 δ
2207 2743 2329 2798 llaec
2356 2744 2540 2807 verba,
2567 2758 2653 2797 xtv
2711 2741 2834 2796 Kal.
2861 2743 2973 2797 Ου’.
3003 2744 3072 2798 ab
3099 2744 3474 2812 interpolatore
3501 2744 3654 2798 addi-

2075 2821 2156 2867 tas
2187 2813 2350 2868 fuisse
2394 2815 2469 2868 ait
2496 2814 2769 2876 Cointius.
2820 2815 2960 2883 quod
2991 2814 3136 2883 juxta
3189 2831 3341 2866 suum
3390 2813 3652 2869 calculum

2073 2883 2330 2954 Pippinus
2358 2900 2447 2938 vui
2479 2884 2594 2940 Kal.
2629 2884 2866 2954 ejusdem
2896 2885 3094 2938 mensis
3125 2885 3339 2938 obierit.
3371 2885 3442 2936 Ea
3474 2895 3651 2939 tamen

2073 2953 2270 3007 habent
2300 2955 2439 3008 Editi
2472 2955 2630 3007 simul
2661 2953 2717 3008 et
2745 2955 2866 3007 Mss.
2900 2968 3018 3006 cum
3057 2956 3348 3008 Annalibus
3381 2955 3654 3009 Mettensi-

2073 3024 2190 3079 bus.
2211 3021 2437 3080 Carolus
2460 3034 2636 3078 autem
2667 3025 2906 3078 Noviomi
2933 3023 3524 3094 (Noyon)inanguratns
3546 3035 3647 3087 est,

2069 3103 2126 3148 et
2154 3096 2269 3162 ejus
2300 3094 2462 3148 frater
2495 3096 2781 3149 Suessione
2811 3095 3120 3164 (Summis),
3151 3109 3309 3164 quam
3341 3095 3530 3164 urbem
3561 3109 3652 3147 ve-

2071 3173 2212 3220 tCIes
2238 3166 2476 3220 nonnulli
2506 3165 2803 3231 Saxonem,
2847 3162 3134 3219 Sessionem
3154 3162 3180 3230 ,“
3202 3176 3330 3232 etc.,
3363 3163 3652 3232 appellant.

385 3331 3654 3371 Μ

597 3509 1214 3616 MONITUM
1287 3510 1422 3615 IN
1500 3508 2494 3636 SUBSEQUENTIA
2570 3503 3419 3613 FRAGMENTA.

470 3717 771 3790 Fredegarii
803 3720 1058 3775 Chronico
1078 3719 1242 3772 visum
1269 3727 1342 3772 est
1371 3718 1681 3787 subjungere
1704 3717 1932 3787 ejusaem
1961 3727 2184 3770 auctoris
2209 3713 2523 3786 Fragmenta
2547 3715 2731 3770 selecto
2748 3719 2815 3769 ad
2846 3714 3167 3772 Francorum
3200 3716 3478 3771 Historiam
3498 3720 3655 3788 perti«

385 3817 582 3877 tientia,
607 3829 722 3881 qua:
767 3829 828 3866 ea:
862 3813 981 3866 aliis
1003 3815 1111 3883 ejus
1138 3811 1374 3876 operibus
1401 3810 1781 3879 descripsimus.
1810 3808 2052 3875 Quamvis
2082 3809 2216 3863 enim
2245 3817 2456 3861 testetur
2487 3809 2572 3862 ille
2596 3818 2774 3862 auctor
2799 3827 2852 3864 se
2871 3827 2929 3863 ea
2965 3815 3154 3882 referre
3181 3827 3294 3880 quw
3315 3828 3378 3864 ex
3407 3810 3650 3879 Eusebio,

384 3905 727 3974 Hieronymo,
770 3903 963 3968 ldotio,
1017 3913 1136 3968 etc.,
1165 3903 1492 3971 excerpserit,
1521 3901 1769 3954 nonnulla
1821 3910 1989 3954 tamen
2017 3902 2320 3969 quandoque
2348 3901 2493 3952 habet
2533 3917 2647 3969 qua:
2671 3901 2722 3953 in
2767 3903 2877 3954 istis
2925 3903 3219 3955 auctoribus
3260 3903 3652 3967 desiderantur;

393 3995 501 4046 sire
528 4010 584 4046 ea
611 3994 838 4046 retulerit
871 4009 933 4045 ex
959 3989 1182 4056 antiquis
1213 3991 1575 4044 traditionibus
1613 4005 1728 4058 qua:
1754 3999 1870 4041 tunc
1917 3989 2421 4054 circumferebantur,
2449 3990 2550 4041 sive
2575 3989 2668 4043 illa
2709 4007 2770 4044 ex
2795 3993 2998 4045 vetustis
3019 3992 3314 4046 auctoribus
3340 3993 3479 4045 nobis
3500 3993 3650 4063 igno-

393 4086 461 4139 tis
499 4087 841 4154 descripserit.
876 4084 957 4138 Ea:
997 4083 1099 4138 illis
1125 4099 1242 4137 vero
1270 4085 1536 4149 selegimus
1581 4098 1640 4135 ea
1670 4084 1835 4135 solum
1877 4095 1991 4142 quae
2032 4081 2098 4132 ad
2131 4089 2357 4133 nostram
2407 4079 2692 4133 Historiam
2733 4083 3002 4146 pertinent,
3050 4098 3263 4149 qumque
3311 4083 3464 4135 reteri
3496 4084 3652 4152 stylo,

384 4185 536 4244 prout
579 4188 684 4229 tum
713 4181 766 4230 in
792 4178 963 4230 codice
991 4193 1086 4231 ms.
1134 4178 1335 4249 collegii
1361 4175 1669 4230 Parisiensis
1711 4174 1982 4229 Societotis
2020 4172 2168 4240 Iesu,
2193 4174 2414 4227 auctoris
2442 4183 2591 4227 wtate
2612 4175 2827 4242 scripto,
2851 4184 2959 4226 tum
2982 4175 3034 4228 in
3060 4175 3163 4227 alio
3195 4175 3484 4228 llivionensi
3509 4191 3572 4228 ex
3592 4176 3654 4228 ει..
3697 4195 3701 4200 ·

386 4265 684 4320 lustrissimi
720 4268 814 4320 viri
840 4265 1044 4321 Boherii
1071 4267 1377 4320 bibliotheca
1401 4268 1664 4336 leguntur,
1687 4273 2126 4336 reprwsentamus.

391 4426 1889 4456 _______________________,._____.

1891 4423 3647 4450 a———-———-—-—-—————-—-——-—I—Iq

1362 4601 2730 4740 FRAGMENTA

853 4883 976 5009 EX
1055 4882 1324 5006 ALIIS
1402 4877 2032 5007 FBEDEGARII
2097 4873 2650 5005 EXCERPTIS
2733 4878 3220 5021 SELECTA.

1068 5106 1250 5184 ρυλε
1296 5104 1401 5164 AD
1452 5103 1895 5163 HISTORIAM
1964 5101 2451 5165 FRANCORUM
2517 5099 2967 5162 PERTINENT

1265 5243 2786 5294 w—

392 5369 430 5423 l.
478 5396 548 5408 ο-
593 5363 736 5419 Inter
795 5364 1050 5431 Excerpta
1091 5381 1154 5418 ex
1213 5364 1413 5417 Eusebii
1483 5362 1734 5417 Chronico
1760 5403 1774 5427 ,
1835 5361 1965 5414 lIie-
1995 5363 2037 5422 C
2076 5359 2197 5413 mali
2230 5359 2370 5428 quod
2396 5359 2553 5413 trium
2590 5360 2872 5414 mulierum
2917 5361 2983 5415 dc
3010 5363 3418 5429 pulcritudinem
3447 5371 3654 5417 certon.

921 5451 1130 5504 ranymo
1151 5436 1444 5501 interprete.

458 5549 620 5622 705
647 5548 700 5602 In
725 5547 815 5600 illo
849 5555 1087 5612 tempore
1130 5545 1278 5616 (Cap.
1324 5544 1380 5613 '5)
1418 5544 1658 5598 Priamus
1711 5542 1967 5597 Helenam

392 5651 589 5706 rapuit.
621 5637 912 5708 Troianum
957 5637 1152 5690 bellum
1184 5637 1476 5692 decennale
1513 5635 1766 5691 surrexit.
1797 5635 1968 5693 Causa

461 5763 488 5799 ι
519 5757 675 5818 Cati”
709 5752 900 5819 pastori
919 5753 1086 5823 judici
1116 5751 1402 5820 pollicente.

2075 5454 2205 5508 tium
2234 5453 2508 5522 prtemium
2551 5453 2648 5507 fuit
2672 5469 2774 5507 una
2805 5471 2989 5508 earum
3045 5456 3266 5519 llclena,
3320 5465 3535 5525 pastore
3572 5457 3654 5524 jus

2075 5545 2195 5599 dice
2220 5543 2500 5614 pollicente
2521 5553 2567 5600 ⁸.
2593 5546 2838 5601 Memnon
2862 5555 2914 5599 ct
2938 5551 3230 5600 Amazones
3252 5547 3464 5600 Priamo
3487 5548 3657 5612 tul'crq

2076 5637 2394 5697 subsidium.
2426 5636 2638 5694 Exinde
2664 5638 2816 5710 origo
2861 5637 3189 5693 Francorum
3221 5637 3336 5694 fuit.
3385 5638 3658 5705 Priamum
