4016 6344
285 327 392 384 699

1451 305 1866 373 FREDEGARII
1914 304 2334 363 FRAGMENTA

3433 299 3538 353 700

285 457 465 513 regem
515 443 691 515 primo
745 438 1077 503 habuerunt;
1118 442 1300 507 postea
1335 447 1432 504 per
1498 428 1851 486 llistoriarum
1881 421 1933 479 Δ
1962 423 2140 477 Asiam
2203 427 2556 492 pervagantes
2617 416 2859 488 pluribus
2922 414 3125 485 prmliis
3175 414 3527 481 transissent,

285 535 453 589 libros
484 533 740 602 scriptum
768 534 902 586 est“
939 528 1170 598 qualiter
1204 526 1505 582 habuerunt
1536 539 1713 593 regem
1745 522 1861 577 Fri-

284 642 441 694 gam,
496 634 679 694 postea
726 622 904 692 partiti
949 631 1076 677 sunt
1104 621 1157 675 iu
1205 620 1411 674 duabus
1443 616 1717 688 partibus;
1758 629 1857 668 una

284 734 410 787 pars
436 717 671 785 perrexit
694 717 745 772 in
778 716 1168 776 Macedoniam,
1196 714 1370 767 vocati
1394 718 1519 764 sunt
1545 707 1861 763 Macedones

283 809 576 862 secundum
602 806 854 877 pupulum
889 820 918 858 a
948 819 1055 874 quo
1083 803 1282 872 recepti
1314 810 1459 863 sunt,
1486 809 1541 854 et
1585 798 1858 867 regionem

282 895 463 968 [Can.,
494 896 694 968 regem]
720 894 1063 958 Macedonian,
1088 893 1175 959 qui
1199 891 1601 961 opprimebatur
1620 904 1649 942 a
1673 896 1862 957 gentes

284 988 487 1042 vicinas
536 989 741 1041 invitati
784 987 852 1041 ab
902 984 1030 1054 ipsis
1072 984 1325 1047 fuerunt,
1367 995 1424 1037 ut
1466 983 1547 1037 eis
1597 981 1859 1037 auxilium

284 1077 603 1145 praeberent.
628 1076 730 1131 Per
750 1090 884 1145 quos
907 1083 1089 1144 postea
1116 1089 1235 1129 cum
1258 1072 1522 1142 subiuncti
1542 1072 1596 1126 in
1628 1071 1858 1139 plurima

292 1167 663 1233 procreatione
699 1166 1018 1228 crevissent,
1050 1179 1114 1218 ex
1153 1164 1269 1231 ipso
1307 1176 1508 1231 genere
1540 1159 1858 1215 Macedones

283 1257 561 1311 fortissimi
593 1268 915 1327 pugnatores
956 1255 1127 1311 eﬂ'ecti
1157 1264 1303 1309 sunt.
1334 1252 1485 1320 Quod
1536 1252 1590 1306 in
1641 1260 1854 1318 postre-

284 1362 432 1401 mum
463 1348 515 1401 in
541 1347 733 1401 diebus
763 1345 992 1413 Philippi
1032 1345 1174 1413 regis
1211 1351 1264 1397 et
1304 1340 1594 1397 Alexandri
1638 1340 1729 1394 lilii
1773 1338 1855 1393 sui

284 1438 424 1492 fama
483 1440 769 1493 conlirmat
821 1438 1033 1491 illorum
1088 1434 1451 1490 fortitudinem
1499 1432 1673 1502 qualis
1736 1430 1853 1486 fuit.

282 1527 413 1583 Nam
445 1538 499 1583 et
524 1529 611 1583 illa
644 1530 745 1583 alia
780 1544 909 1599 pars
933 1543 1050 1598 qua:
1080 1528 1149 1582 de
1179 1526 1352 1595 Frigia
1384 1524 1412 1563 δ
1454 1537 1735 1594 progressa
1776 1532 1859 1577 est

285 1619 354 1672 ab
381 1617 537 1674 Olixo
585 1617 675 1690 [Id
701 1628 797 1684 est,
838 1614 1050 1689 Ulysse]
1097 1632 1193 1685 per
1235 1615 1473 1670 fraudem
1512 1614 1740 1682 decepti,
1775 1622 1859 1667 ta-

284 1728 405 1766 men
448 1728 554 1765 non
597 1711 870 1781 captivati,
913 1712 1013 1765 nisr
1053 1710 1246 1765 exinde
1285 1707 1477 1776 dejecti
1526 1722 1621 1776 per
1676 1706 1858 1761 multis

284 1801 591 1872 regionibus
627 1805 980 1870 pervagantes
1016 1814 1135 1853 cum
1161 1812 1353 1851 uxores
1383 1806 1437 1851 et
1460 1795 1680 1850 liberos.

354 1890 539 1945 Eleclo
563 1904 593 1943 a
623 1904 683 1945 se
712 1904 840 1961 rege
868 1888 1019 1959 (Cap.
1052 1887 1141 1956 4),
1174 1886 1468 1941 Francione
1496 1886 1732 1947 nomine,
1766 1899 1861 1950 per

285 1996 447 2049 quem
468 1980 655 2035 Franci
687 1990 963 2034 vocantur.
996 1979 1050 2033 in
1081 1964 1371 2048 postremo,
1402 1991 1469 2031 eo
1492 1975 1631 2044 quod
1685 1974 1862 2029 fortis-

286 2071 452 2125 simus
480 2071 594 2141 ipse
636 2069 865 2134 Francio
894 2070 947 2124 in
974 2070 1171 2124 bellum
1204 2069 1367 2123 fuisse
1396 2064 1588 2132 fertur,
1615 2075 1668 2120 et
1694 2065 1860 2119 multo

284 2168 527 2227 tempore
554 2174 674 2214 cum
701 2158 940 2228 plurimis
960 2157 1204 2227 gentibus
1236 2170 1462 2225 pugnam
1491 2168 1705 2223 gerens.
1742 2167 1860 2220 par-

286 2259 393 2305 tem
429 2250 570 2304 Asim
595 2258 836 2305 vastans.
867 2247 917 2301 in
948 2248 1209 2315 Europam
1240 2246 1497 2315 dirigens,
1537 2245 1674 2298 inter
1713 2242 1858 2297 [the-

289 2354 415 2394 num
440 2343 520 2394 vel
551 2341 714 2411 706
745 2341 1035 2393 Danuvium
1062 2347 1119 2394 et
1139 2353 1283 2391 mare
1311 2334 1574 2390 consedit.

358 2429 542 2495 ibique
572 2441 783 2487 mortuo
826 2430 1123 2485 Francione
1166 2427 1322 2498 (Cap.
1366 2426 1446 2498 5),
1476 2441 1596 2481 cum
1621 2424 1732 2496 jam
1762 2439 1860 2491 pro

284 2520 478 2591 proelia
525 2528 668 2575 tanta
715 2535 835 2590 quae
881 2529 1143 2589 gesserat,
1185 2533 1350 2587 parva
1390 2532 1456 2572 ex
1496 2515 1625 2586 ipsis
1669 2530 1859 2571 manus

288 2611 646 2677 remanserit,
699 2612 864 2666 duces
910 2626 979 2665 ex
1028 2625 1087 2665 se
1138 2611 1554 2665 constituerunt.
1605 2608 1854 2662 Attamen

287 2720 503 2774 semper
541 2703 760 2759 alterius
801 2704 1005 2758 ditioiie
1035 2711 1318 2772 negantes.
1361 2702 1527 2757 multo
1557 2712 1677 2771 post
1715 2710 1855 2756 tem-

286 2810 418 2866 pore
455 2810 575 2849 cum
618 2793 844 2849 ducibus
873 2803 1263 2862 transegerunt,
1301 2806 1472 2863 usque
1513 2792 1581 2847 ad
1614 2801 1858 2862 tempore

289 2891 564 2961 Pompegii
595 2892 860 2957 consolis;
893 2891 981 2959 qui
1028 2901 1229 2944 etcum
1276 2890 1404 2959 ipsis
1429 2890 1727 2956 demicaus,
1760 2905 1858 2945 seu

286 3001 409 3039 cum
450 2985 683 3053 reliquas
736 2984 973 3054 gentium
1020 2984 1266 3038 nationes
1317 2998 1434 3052 qtlze
1481 2983 1532 3036 in
1575 2981 1860 3036 Germania

287 3073 620 3139 habitabant,
679 3084 928 3143 totasque
959 3074 1163 3129 ditioue
1191 3073 1425 3128 subdidit
1476 3073 1769 3128 Romanam
1808 3083 1858 3129 ε.

1963 514 2322 583 ingredientes
2345 513 2635 581 Europam,
2663 525 2826 579 super
2856 508 3010 562 litore
3041 506 3269 583 Danuvii
3297 505 3534 558 ﬂuminis

1964 606 2103 660 inter
2123 605 2394 661 Oceanum
2422 614 2478 660 et
2503 605 2792 659 Thraciam
2824 616 2926 657 una
2966 617 3031 657 ex
3061 602 3142 657 eis
3191 584 3391 656 ibidem
3417 615 3537 669 pars

1962 698 2183 750 resedit.
2234 696 2473 749 Electum
2516 711 2545 747 a
2592 709 2651 749 se
2692 693 2877 762 utique
2924 704 3136 759 regem,
3188 704 3383 743 nomen
3406 688 3539 742 Tur-

1961 794 2161 852 quoto,
2222 799 2316 853 per
2354 784 2492 853 quod
2542 797 2674 854 gens
2725 783 3027 836 Turcorum
3069 793 3264 834 nomen
3312 779 3535 848 accepit.

1965 877 2157 932 Franci
2181 876 2337 948 hujus
2360 876 2581 931 itineres
2604 889 2845 944 gressum
2878 888 2997 926 cum
3037 886 3234 926 uxores
3262 879 3317 925 et
3343 870 3537 924 liberes

1961 968 2229 1038 agebant,
2260 982 2358 1021 nee
2382 975 2497 1022 erat
2520 980 2673 1037 gens,
2701 965 2790 1034 qui
2817 964 2895 1018 eis
2922 963 2974 1017 in
3007 961 3254 1031 prmlium
3281 960 3538 1026 potuisset

1961 1058 2232 1112 resistere.
2272 1056 2379 1113 Sed
2416 1057 2643 1125 plurima
2681 1064 2907 1124 egerunt
2943 1053 3167 1119 prmlia,
3220 1049 3433 1119 quando
3466 1048 3534 1103 ad

1961 1147 2206 1202 Rhenum
2254 1148 2634 1212 consederunt,
2686 1147 2812 1200 dum
2854 1144 3011 1216 707
3059 1156 3089 1196 a
3132 1141 3408 1211 Torquato
3436 1139 3534 1193 mi-

1961 1239 2103 1293 nuati
2129 1248 2274 1317 sunt,
2314 1252 2478 1308 parva
2505 1252 2568 1292 ex
2596 1237 2676 1292 eis
2696 1250 2885 1291 manus
2914 1237 3121 1290 aderat.
3153 1233 3198 1288 Α
3227 1229 3534 1299 captivitate

1960 1330 2140 1401 Troia:
2191 1345 2359 1401 usque
2415 1332 2481 1384 ad
2533 1329 2757 1399 primam
2807 1318 3165 1400 Olympiadem
3223 1324 3355 1379 liunt
3408 1320 3532 1375 anni

1957 1436 2086 1479 CCCC
2099 1438 2168 1478 Vl.

2310 1491 2375 1547 ll.
2403 1524 2474 1535 --
2520 1490 2662 1545 Inter
2698 1490 2871 1544 eadem
2906 1486 3181 1554 Excerpla.

1974 1660 1981 1665 .
2033 1582 2302 1638 Gallienus
2334 1586 2574 1637 llrmatur
2604 1584 2657 1636 in
2709 1580 2933 1650 imperio
2956 1577 3063 1648 (Ea:
3094 1592 3211 1643 cap.
3237 1573 3351 1643 «50).
3403 1572 3533 1627 Ger-

1962 1662 2104 1727 mani
2128 1672 2432 1727 Ravennam
2456 1682 2736 1725 venerunt.
2766 1665 3045 1724 Alamanni
3068 1672 3328 1718 vastatum
3358 1662 3532 1716 Aven-

1890 1774 1941 1836 Β
1968 1764 2125 1818 ticum
2168 1765 2529 1830 prmventione
2570 1760 2753 1817 vuibili
2801 1762 2883 1814 cui
2911 1765 3201 1821 nomento,
3228 1762 3283 1809 et
3312 1753 3531 1822 plurima

1966 1863 2114 1920 parte
2168 1854 2495 1918 Galliarum,
2548 1853 2598 1905 in
2660 1850 2860 1907 [Etalia
2906 1848 3229 1901 transierunt
3272 1853 3319 1895 κ.
3353 1840 3531 1897 ϐηεί

1963 1944 2290 1999 Pannoniam
2348 1952 2762 2015 occupaverunt.
2811 1939 3060 1996 Germani
3113 1937 3339 2007 Spanias
3385 1935 3533 1988 obte-

1960 2044 2211 2099 nta-runt,
2238 2036 2403 2089 etiam
2433 2045 2485 2089 et
2510 2036 2719 2107 Syriam
2765 2033 3193 2092 incursaverunt,
3223 2026 3460 2082 Francos
3480 2024 3533 2077 in

1960 2141 2144 2181 eorum
2177 2129 2433 2184 habentes
2458 2127 2733 2181 auxilium.

2035 2216 2438 2272 Valentinianus
2479 2217 2589 2290 (Ex
2631 2233 2749 2285 cap.
2792 2214 2911 2284 45),
2956 2222 3063 2269 etc.
3106 2212 3351 2267 Saxones
3402 2208 3527 2264 εειξεί

1963 2306 2206 2363 Deusone
2235 2305 2265 2345 ιι
2289 2306 2340 2361 in
2373 2310 2585 2377 regione
2615 2306 2941 2361 Francorum
2969 2301 3229 2358 consedit.

2029 2401 2131 2468 Qui
2176 2400 2551 2469 superfuerunt
2586 2401 2639 2455 in
2672 2399 2762 2453 illo
2807 2410 3050 2465 tempore
3097 2391 3531 2463 Burgundionum

1960 2494 2224 2561 ocIOginta
2270 2492 2381 2547 fere
2411 2492 2573 2546 millia
2617 2489 2725 2561 (Ea:
2763 2505 2879 2559 cap.
2912 2486 3031 2556 46),
3071 2494 3202 2556 quot
3241 2495 3530 2551 numquam

1960 2594 2116 2639 antea
2144 2598 2243 2639 nec
2273 2583 2710 2645 nominabantur,
2732 2580 2800 2635 ad
2842 2580 3084 2635 Rhenum
3116 2573 3532 2635 descenderunt,

1961 2685 2015 2731 et
2039 2674 2126 2730 ubi
2157 2674 2288 2747 [Αι.,
2328 2672 2422 2745 ibi]
2451 2686 2625 2728 castra
2663 2680 2974 2742 posuerunt,
3004 2668 3155 2739 quasi
3186 2667 3357 2732 Burgo
3380 2677 3533 2717 voce~

1964 2774 2228 2830 laverunt,
2258 2766 2328 2821 ob
2350 2773 2449 2820 hoc
2478 2780 2670 2820 nomen
2693 2768 3015 2831 acceperunt
3043 2755 3489 2829 Burgundiones.t
3515 2768 3532 2817 ;

1964 2856 2140 2927 ibique
2200 2856 2332 2911 nihil
2396 2856 2537 2911 aliud
2603 2856 3038 2926 praesumebant,
3101 2854 3198 2908 nisi
3274 2861 3533 2920 quantum

1963 2949 2193 3017 pretium
2232 2950 2469 3004 ementis
2506 2947 2637 3016 [Αι.,
2669 2946 2929 3018 ementes]
2960 2961 2987 2999 a
3027 2945 3312 3002 Germanis
3347 2958 3532 2997 eorum

1963 3040 2224 3111 stipendia
2262 3040 2612 3110 accipiebant.
2650 3040 2715 3094 Et
2743 3053 2864 3093 eum
2904 3038 3100 3093 ibidem
3137 3036 3346 3090 duobus
3381 3035 3533 3087 annis

285 3124 1172 3224 ἐξῖξίξιξίιξιυξ
1192 3124 1859 3220 ’ξθξῶίδξιὲζῶξέῇωέ
1885 3134 1938 3202 C
1965 3131 2311 3195 resedissent,
2339 3146 2433 3201 per
2461 3132 2661 3199 legatos
2683 3131 2886 3185 invitati
2910 3144 2940 3184 a
2971 3126 3220 3183 Romanis
3241 3127 3320 3180 vel
3345 3124 3531 3189 Gallis,

285 3256 538 3323 inientes,
571 3255 831 3311 adversus
862 3256 1207 3325 Pompegium
1241 3254 1582 3319 rebellantes,
1613 3254 1855 3321 ejusdem

284 3362 614 3403 rennuernnt
680 3356 1019 3417 potestatem.
1099 3347 1422 3418 Pompegius
1480 3347 1532 3401 in
1606 3348 1855 3415 Spaniam

285 3449 473 3495 contra
526 3449 713 3508 gentes
756 3438 1015 3495 dimicans
1057 3439 1311 3507 plurimas
1364 3441 1586 3492 moritur
1633 3434 1683 3493 ά.
1733 3439 1859 3494 Post

288 3530 403 3585 haec
433 3533 574 3586 nulla
607 3546 741 3602 gens
770 3544 937 3599 usque
982 3530 1034 3583 in
1084 3539 1402 3597 prtesentem
1432 3528 1573 3583 diem
1621 3528 1858 3584 Francos

288 3625 456 3694 potuit
482 3640 754 3695 superare,
781 3624 868 3694 qui
895 3632 920 3661 ⁸
948 3634 1121 3678 tamen
1148 3639 1243 3678 eos
1263 3638 1373 3678 sua:
1389 3623 1573 3677 ditioni
1599 3622 1859 3692 pomisset

283 3715 589 3785 sulojugare.
638 3714 717 3769 Ad
762 3715 934 3783 ipsum
965 3715 1135 3767 instar
1172 3723 1226 3768 et
1273 3713 1611 3778 Macedones,
1666 3715 1757 3784 qui
1789 3730 1856 3772 ex

284 3806 472 3859 eadem
519 3802 864 3874 generatione
911 3802 1161 3867 fuerunt,
1205 3802 1448 3871 quamvis
1486 3804 1667 3873 gravia
1715 3805 1855 3861 bella

284 3896 513 3951 inissent
561 3894 779 3959 attriti,
828 3902 1003 3949 tamen
1053 3908 1265 3964 semper
1307 3893 1460 3949 liberi
1518 3896 1587 3951 ab
1628 3907 1854 3954 externa

283 3986 644 4041 dominatione
671 3985 850 4040 vivere
876 3984 1049 4039 conati
1074 3992 1218 4039 Sunt.

353 4080 588 4133 Tertiam
655 4093 723 4133 ex
784 4077 971 4132 eadem
1026 4076 1232 4147 origine
1290 4086 1503 4147 gentem
1562 4078 1854 4133 Torcorum

286 4167 307 4208 ί
341 4170 505 4224 luisse
544 4169 681 4245 fama
727 4169 1007 4222 conlirmat
1049 4167 1201 4239 (Crp.
1244 4170 1318 4238 6).
1374 4168 1443 4224 Ut
1488 4184 1608 4223 cum
1664 4169 1855 4226 Franci

351 4313 377 4341 ⁸
412 4303 684 4358 Aimoinus
710 4342 726 4367 ,
769 4301 865 4357 lib.
908 4318 922 4355 l
959 4301 1027 4357 de
1063 4301 1240 4356 Gestis
1276 4302 1636 4368 Francorum,
1680 4305 1858 4361 laudat

281 4374 536 4441 quosdam
582 4383 829 4428 auctores
867 4374 953 4441 qui
993 4374 1060 4427 de
1109 4374 1208 4426 hac
1257 4375 1461 4439 origine
1502 4375 1853 4442 scripserunt.

282 4444 333 4497 Id
369 4446 501 4497 inrle
531 4444 672 4509 quod
718 4444 748 4496 h
773 4460 801 4496 c
832 4445 1119 4497 damus‘ex
1172 4444 1379 4495 Daretis
1412 4444 1573 4512 Frigii
1619 4447 1852 4496 llismria

1960 3227 2047 3296 qui
2080 3225 2510 3295 Lugdunensium
2546 3225 2869 3294 provinciam
2904 3224 2918 3275 i
2962 3232 3015 3277 et
3052 3222 3233 3276 Gallea
3279 3221 3528 3283 Comata,

1961 3314 2147 3371 Gallea
2192 3316 2417 3370 Domata
2462 3323 2520 3371 et
2568 3316 2753 3371 Gallea
2805 3314 3072 3383 Cisalpina
3121 3310 3441 3375 manebant,
3474 3316 3532 3364 ut

1962 3406 2225 3462 tributarii
2284 3407 2506 3475 publica:
2559 3406 2859 3476 potuissent
2912 3419 3179 3459 rennuere
3206 3443 3221 3469 ,
3281 3402 3353 3457 ibi
3407 3415 3529 3454 cum

1958 3510 2154 3551 uxores
2181 3507 2236 3551 et
2271 3496 2464 3552 liberes
2493 3496 2591 3551 visi
2617 3505 2739 3551 sunt
2774 3496 3103 3551 consedisse.

2131 3609 2221 3666 lli.
2246 3641 2317 3652 —
2344 3610 2487 3666 Inter
2513 3610 2766 3676 Excerpta
2798 3626 2861 3665 ea:
2885 3608 3050 3664 Idan'i
3079 3609 3352 3663 Chronico.

2030 3723 2322 3779 Martianus
2364 3722 2515 3794 (Cap.
2549 3722 2620 3778 55
2666 3722 2832 3787 Cum,
2862 3723 2950 3776 lio.
2981 3735 3071 3786 in.
3113 3736 3232 3787 cap.
3265 3720 3341 3789 5).
3370 3728 3525 3773 etc...

1960 3817 2107 3876 Gens
2145 3818 2451 3872 Chunorum
2482 3830 2614 3885 pace
2661 3824 2811 3884 rupta
2844 3824 3001 3868 ruunt
3028 3813 3080 3867 in
3117 3811 3348 3877 Galleis,
3393 3821 3528 3878 quos

1960 3923 2081 3963 cmu
2116 3908 2345 3975 Agecius
2394 3906 2647 3975 patricius
2695 3905 2968 3959 venientes
2999 3902 3378 3970 comperisset,
3409 3914 3505 3953 san

1958 4009 2103 4055 ctum
2133 4000 2395 4054 Anianum
2426 3995 2886 4052 Aurelianensium
2914 3994 3221 4061 episcopum
3252 3990 3317 4044 ad
3348 3990 3526 4044 Theu-

1959 4092 2150 4147 dorum
2187 4091 2352 4159 regim
2383 4088 2698 4144 Gotthorum
2747 4090 2797 4141 in
2844 4087 3165 4155 legationem
3194 4086 3406 4153 dirigit,
3438 4098 3527 4150 pe-

1962 4196 2079 4240 tens
2109 4183 2365 4237 auxiliare
2384 4192 2567 4235 contra
2591 4178 2790 4233 Clmnis
2811 4196 2823 4230 :
2845 4176 2891 4231 si
2914 4176 3231 4246 prmvalcbat
3255 4175 3529 4240 resistere,

1960 4321 2133 4372 luisset
2161 4316 2454 4386 subjugare,
2485 4314 2705 4386 omittit.
2756 4382 2766 4386 _
2968 4379 2999 4386 _
3172 4377 3213 4386 _
3536 4338 3543 4341 _

2036 4390 2056 4426 τ
2085 4377 2264 4450 Infra,
2314 4377 2623 4439 "Tun-torum.
2677 4382 2807 4437 Bob.
2869 4392 2922 4436 et
2960 4379 3120 4445 Can.,
3171 4377 3528 4448 Torquorum,

1963 4458 2309 4520 Tlmrcorum;
2341 4466 2395 4509 et
2424 4457 2577 4518 inira,
2610 4453 2887 4519 Torquato.

281 4518 348 4587 g’e
367 4516 573 4587 origine
598 4514 1256 4587 Francorrmrcaccrptnm
1282 4524 1381 4587 est.
1413 4515 1618 4565 Etenim
1652 4515 1702 4565 in
1730 4515 1849 4567 eod.

2031 4538 2055 4575 Β
2088 4529 2176 4584 Sic
2197 4514 2341 4579 Glar.
2367 4525 2497 4577 Boh.
2522 4514 2648 4577 vero
2675 4541 2687 4576 :
2728 4514 3082 4576 ’Pra’ventione
3096 4519 3321 4574 violabili
3340 4531 3529 4587 cogno-

283 4584 582 4638 lloheriano
609 4591 664 4637 et
692 4584 742 4635 in
775 4599 876 4634 uno
916 4583 1111 4634 (Ianisii
1149 4582 1294 4646 plura
1338 4583 1424 4634 int-
1451 4595 1727 4636 rseruntur
1751 4588 1849 4636 sub

284 4654 692 4723 hujus-auctoris
718 4654 929 4705 nomine
949 4667 969 4723 :_
999 4652 1060 4723 in
1083 4651 1330 4723 omnibus
1359 4666 1488 4723 vero
1519 4653 1703 4718 codd.,
1733 4663 1852 4721 po~t

285 4720 386 4778 hoc
414 4724 794 4790 fragmentum,
835 4720 972 4785 quod
1014 4721 1531 4791 hicAdesci-ipsitnns,
1571 4720 1852 4791 subjunaia

283 4804 368 4847 tur
396 4811 409 4847 :
446 4789 727 4845 liédeamns
758 4807 857 4859 quo
886 4791 1063 4861 ordine
1102 4789 1424 4861 Ilebrmornm
1450 4808 1571 4861 gens
1610 4789 1724 4861 fuit.
1761 4794 1855 4846 lla-

284 4872 451 4917 rt-tem
478 4862 709 4930 Frigimn
737 4870 997 4915 memorat
1022 4860 1243 4913 Vossius
1276 4860 1363 4914 lib.
1399 4860 1457 4915 ut
1483 4860 1729 4917 llistoric.
1767 4863 1857 4916 La-

284 4935 540 4997 tinorum,
560 4935 651 4987 sed
676 4947 831 5000 quem
856 4933 1092 4985 lictitmm
1111 4941 1315 4995 censet,
1334 4942 1389 4985 et
1408 4933 1620 4999 quidem
1647 4934 1855 4988 fabulas

288 5014 485 5057 narrat.
516 5003 673 5058 Certe
705 5006 819 5056 haec
850 5002 947 5055 fuit
976 5004 1099 5055 olim
1132 5003 1455 5054 l'rnnCorom
1490 5003 1671 5071 opinio
1706 5020 1855 5057 com-

284 5075 459 5127 munis
482 5082 695 5139 gentem
727 5088 874 5126 suam
897 5088 960 5124 ex
989 5072 1233 5137 Trojanis
1258 5073 1536 5137 prodiisse,
1571 5076 1642 5124 uti
1674 5075 1736 5126 ex
1762 5090 1855 5126 au-

292 5145 449 5206 tiqnis
473 5145 750 5197 Chmnicis
775 5157 827 5198 et
855 5141 1161 5194 auctoribus
1191 5151 1354 5205 patet,
1386 5158 1615 5195 tnuxune
1643 5146 1729 5210 qui
1760 5144 1853 5198 de-

285 5214 495 5269 sinente
544 5215 711 5279 prina
772 5228 952 5280 regqu
1006 5220 1307 5265 nostrorum
1360 5215 1525 5280 stirpe
1573 5224 1628 5266 ct
1674 5222 1855 5277 postea

288 5286 641 5353 scripserunt.
700 5282 829 5337 Vide
875 5283 1164 5335 Clicsnium
1220 5283 1409 5337 totuol
1465 5284 1600 5336 llust.
1634 5280 1851 5349 Franc.,

282 5353 558 5423 Sigihertg
588 5363 689 5407 etc.

360 5426 383 5463 ιι
416 5427 571 5481 Cain.
594 5438 646 5477 et
675 5422 886 5491 quidem
916 5431 1079 5487 recte,
1115 5420 1161 5473 Ρ
1166 5422 1292 5491 riga.

363 5507 384 5533 ι’
419 5496 457 5549 S
479 5513 507 5550 c
534 5488 703 5546 Glan-
727 5495 790 5546 At
826 5495 982 5555 Βοὴ..
1021 5488 1269 5547 Romana.
1320 5488 1476 5555 Can.,
1524 5501 1750 5560 totasque
1778 5494 1858 5545 di-

289 5567 450 5618 liom’l
474 5565 693 5617 siibdidil
724 5563 983 5617 Romanis.

360 5635 385 5671 ά
418 5635 574 5697 Gan.,
606 5637 755 5686 morti
794 5633 1021 5687 tradidit.

377 5714 401 5742 ο
429 5705 572 5759 tLlar.
600 5703 711 5758 lucc
756 5704 938 5769 verba,
968 5702 1055 5767 qui
1082 5712 1244 5755 tamen
1274 5717 1357 5755 eos
1385 5715 1491 5754 sua:
1529 5698 1709 5758 diiioni
1758 5721 1853 5760 oo-

1958 4608 2190 4653 menlo...
2218 4593 2540 4658 Galliarum;
2568 4594 2782 4660 indeque
2810 4593 2861 4644 in
2904 4593 3129 4645 Italiam.
3166 4590 3296 4643 Can.
3327 4588 3405 4660 sic
3437 4594 3527 4638 tm-

1957 4670 2044 4723 bct
2067 4686 2080 4721 :
2108 4667 2444 4721 Perveneram
2467 4658 2805 4727 inwstimabili
2834 4674 3156 4724 nocnmenle,
3180 4671 3226 4714 et
3251 4658 3526 4725 plurimum

1957 4750 2152 4811 partem
2175 4736 2461 4811 Galliarum
2478 4743 2828 4811 vastaverant;
2852 4733 3145 4811 indeqne_in
3172 4729 3398 4811 Italiam,
3416 4736 3524 4780 etc.

2029 4807 2053 4845 ιι
2086 4809 2173 4863 Sic
2198 4821 2409 4877 quoque
2432 4805 2624 4870 legitur
2655 4807 2725 4877 in_
2743 4804 3009 4877 Chronico
3048 4800 3285 4877 Eusebii,
3310 4813 3374 4851 ex
3413 4812 3527 4875 om-

1959 4879 2111 4935 nibus
2154 4869 2336 4941 Mss,"
2375 4884 2432 4928 ut
2476 4882 2657 4928 monet
2695 4874 2965 4940 Scs'iger,
3016 4873 3102 4939 qui
3159 4871 3258 4923 hoc
3312 4869 3523 4941 tnmiine

1960 4950 2187 5015 aliquam
2211 4936 2393 5000 urbem
2417 4947 2556 5015 circa
2580 4943 2821 4999 ilhenum
2843 4936 3108 5015 designari
3135 4944 3338 5015 censet.
3369 4936 3524 5015 non,

1964 5006 2202 5072 liiasoiie.
2245 5017 2422 5070 Can.:
2476 5014 2711 5068 Saxones
2754 5016 2870 5068 avsi
2917 5006 3182 5071 Diovimie,
3232 5010 3283 5060 in
3329 5006 3531 5073 regione

1962 5088 2283 5142 Francorum
2309 5085 2641 5139 consederunt
2667 5086 2751 5152 qui
2774 5084 3152 5151 superfuerunt.
3186 5079 3320 5134 Tum
3350 5076 3533 5144 incipit

1960 5174 2076 5227 cap.
2110 5160 2177 5212 46
2205 5175 2217 5209 :
2248 5155 2308 5208 In
2331 5157 2419 5207 illo
2442 5164 2684 5227 tempore,
2714 5168 2817 5227 etc.

2040 5231 2053 5266 ί
2091 5228 2222 5282 Vide
2249 5228 2515 5288 Orosium,
2552 5225 2643 5277 lib.
2669 5239 2739 5277 vn
2782 5222 3027 5277 liismrim
3057 5234 3174 5284 cap.
3199 5217 3254 5271 ι.

2037 5300 2050 5349 i
2095 5299 2253 5350 Boh.:
2290 5295 2568 5348 Prouincia:
2596 5304 2642 5345 et
2669 5293 2852 5347 Gallea
2882 5291 3096 5345 Comata
3126 5287 3389 5353 Cisalpina
3426 5302 3533 5338 ma.-

1965 5370 2169 5424 nebant.
2198 5367 2371 5420 Gan.:
2409 5363 2692 5417 Provinciae
2736 5375 2783 5417 et
2814 5362 2999 5416 Gallice
3036 5360 3227 5413 domita
3269 5356 3533 5421 Cisalpina

1965 5450 2017 5492 ut
2056 5438 2311 5490 tributarii
2338 5434 2602 5504 publice...
2629 5435 2793 5503 ibique
2814 5449 2951 5496 cum,
2972 5441 3080 5504 etc.
3107 5427 3276 5504 Gallia
3320 5427 3532 5504 Comata

1963 5525 2058 5563 seu
2087 5499 2437 5575 Transalpina
2491 5499 2801 5575 continebat
2854 5502 3172 5575 hodiernam
3230 5499 3532 5555 Francinm,

1963 5579 2223 5649 Cisalpina
2244 5572 2390 5643 vero,
2415 5572 2751 5649 seu_Ttigam,
2774 5573 2935 5627 Italia!
2960 5581 3185 5641 partem,
3211 5584 3367 5640 quam
3394 5580 3533 5620 nunc

1967 5643 2337 5709 Lombardiam
2366 5643 2716 5715 appellamus.
