3982 6346
364 326 459 379 701

1550 316 1637 372 DE
1678 313 1992 372 HISTORIA
2034 313 2467 373 FRANCOIlUM.

3520 320 3626 378 70!

364 441 593 497 "matiam
625 444 830 507 partem
870 435 1057 490 Galliae
1084 431 1297 489 Gotthis
1324 429 1499 486 daret.
1527 432 1661 486 Cum
1696 446 1725 483 a
1765 430 1944 484 Tueu-
1976 427 2025 485 A
2054 426 2200 482 lium.
2234 429 2417 497 Ageeii
2452 430 2733 485 consilium
2774 431 2941 487 Gallia
2976 432 3046 488 ab
3072 434 3393 491 adversariis
3431 436 3623 492 libem-

364 534 497 588 doro
528 546 651 600 rege
678 526 837 597 hujus
866 525 1142 596 petitionis
1185 538 1431 579 annuens
1474 521 1725 575 auxilium
1754 520 1946 573 luisset

367 624 711 694 promissum,
745 618 974 689 Agecius
1027 618 1229 687 legatos
1273 618 1492 670 mittens
1541 614 1605 668 ad
1656 614 1943 668 Attilanem

365 732 544 788 regem
571 715 883 769 Cltunorum
938 710 1193 771 obviam,
1236 717 1425 777 petens
1477 706 1731 761 auxilium
1778 706 1943 775 708

365 817 550 861 contra
577 803 824 865 Gotthis,
865 799 958 870 qui
1008 797 1223 854 Galleas
1259 796 1529 851 conabaut
1559 796 1813 850 invadere
1844 811 1859 848 :
1898 794 1944 848 si

367 896 726 966 prmvalebant
751 891 927 947 Chuni
953 905 984 945 e
1036 898 1221 944 contra
1252 885 1465 941 Gotthis
1492 885 1806 949 defendere,
1833 900 1944 938 me-

364 989 619 1041 dietatem
666 983 853 1038 Gallia:
903 982 971 1034 ab
999 978 1199 1047 Agecio
1247 975 1603 1046 perciperent.
1653 976 1819 1031 Attila
1849 990 1944 1030 rex

365 1098 489 1137 cum
517 1078 721 1135 Chuuis
762 1077 1044 1143 festinans,
1073 1083 1126 1127 et
1158 1084 1389 1140 parcens
1412 1078 1439 1106 ι
1482 1067 1786 1123 civitatibus
1810 1066 1944 1120 Ger-

368 1173 562 1227 mania:
584 1180 638 1226 et
674 1168 882 1233 Gallias,
912 1176 1096 1223 contra
1116 1165 1352 1231 Gotthis,
1381 1177 1541 1232 super
1568 1161 1755 1229 Ligere
1783 1158 1945 1212 ﬂuvio

370 1265 637 1326 residens,
689 1276 786 1315 nec
835 1259 1017 1329 procul
1067 1259 1135 1312 ab
1164 1255 1457 1311 Auriliauis
1496 1250 1735 1319 conﬂigit
1770 1259 1945 1305 certa-

369 1355 536 1410 mine.
564 1354 717 1407 Caesa
768 1360 894 1407 sunt
941 1349 1261 1405 Gotthorum
1305 1347 1532 1401 ducenta
1576 1343 1741 1398 millia
1769 1340 1945 1395 homi-

368 1463 519 1502 num.
571 1444 890 1499 Tliendurus
936 1456 1028 1497 rex
1070 1441 1171 1496 hoc
1219 1440 1409 1509 prtelio
1461 1435 1732 1492 occubuit.
1790 1432 1943 1487 Ca'sa

369 1549 494 1593 sunt
521 1537 832 1591 Chuuorum
864 1543 1073 1589 centum
1108 1530 1486 1602 quinquaginta
1522 1528 1708 1583 millia.
1738 1526 1944 1581 Civitas

373 1630 677 1685 Aurelianis
699 1627 1028 1682 orationibus
1049 1623 1339 1679 beatissimi
1370 1621 1563 1677 Auiani
1594 1621 1815 1675 liberata
1838 1626 1938 1673 est.

370 1722 541 1776 Clinni
571 1718 886 1789 repedantes
914 1716 1187 1771 Trecassis
1212 1713 1240 1755 δ
1271 1714 1322 1768 in
1361 1712 1785 1767 Mauriacensem
1810 1724 1942 1763 con-

2051 526 2154 571 tur.
2185 517 2371 573 Postea
2404 535 2525 574 cum
2553 535 2583 574 a
2615 521 2970 576 Thursimodo
2997 538 3122 593 rege
3168 532 3223 579 et
3265 526 3476 580 Gotthis
3513 530 3627 583 haec

2051 608 2210 662 tactio
2278 610 2480 676 perlata
2546 611 2761 676 luisset,
2820 613 3156 682 requirentes
3214 617 3626 685 promissionem

2049 701 2227 769 Agecii
2260 703 2599 770 implendam,
2642 712 2700 758 et
2745 704 2832 759 ille
2870 708 3178 771 rennuerit,
3214 724 3307 774 per
3333 710 3477 777 pacis
3500 708 3629 779 jura

2047 792 2348 846 orbiculum
2407 792 2427 830 τ
2493 808 2713 849 aureum
2781 796 3006 865 gemmis
3052 807 3321 863 ornatmn,
3370 812 3627 863 pensante

2049 881 2212 935 libras
2248 885 2565 951 quingentas
2625 884 2694 937 ab
2750 885 2949 954 Agccio
2996 888 3405 957 compositionis
3466 904 3625 946 causa

2049 978 2433 1032 transmittitur
2469 978 2877 1048 Thursemodo,
2922 988 2978 1036 et
3032 982 3147 1035 haec
3190 980 3363 1051 jurgia
3408 985 3628 1052 quieve-

2048 1079 2192 1125 runt.
2224 1070 2355 1137 Qua:
2386 1072 2594 1140 species
2631 1072 2976 1128 devotissime
3003 1089 3171 1143 usque
3218 1074 3271 1127 in
3308 1075 3624 1131 hodiernum

2045 1162 2187 1216 diem
2217 1162 2537 1218 Gotthorum
2568 1163 2833 1220 thesauris
2859 1182 2955 1234 pro
2978 1177 3223 1221 ornatum
3256 1181 3539 1225 veneratur
3564 1180 3622 1227 et

2042 1262 2275 1309 tenetur.

2118 1356 2272 1407 Anno
2304 1350 2340 1405 2
2387 1351 2654 1409 Anthemii
2685 1352 2794 1421 (Ea:
2825 1372 2940 1424 cap.
2970 1356 3061 1422 58,
3085 1356 3238 1426 Cum,
3270 1359 3360 1412 lib.
3398 1364 3476 1424 ni,
3505 1375 3622 1431 cap.

2046 1441 2105 1511 8)
2128 1442 2181 1496 in
2210 1442 2385 1496 medio
2413 1442 2624 1498 Tolosa:
2653 1445 2896 1500 civetatis
2923 1448 3140 1515 sanguis
3165 1450 3340 1518 erupit
3362 1449 3431 1503 de
3460 1462 3623 1524 terra,

2046 1546 2100 1592 et
2147 1546 2254 1591 tota
2304 1536 2393 1592 die
2433 1537 2605 1603 ﬂuxit,
2658 1539 2977 1610 signeficans
3023 1540 3337 1598 Gotthorum
3387 1544 3630 1601 domina-

2049 1631 2190 1684 tione
2218 1630 2423 1684 sublata
2458 1629 2783 1684 Francorum
2812 1632 3127 1686 adveniente
3154 1650 3337 1697 regno.

2257 1724 2423 1781 lV.—-
2452 1724 2597 1779 Inter
2638 1727 2813 1780 eadem
2845 1725 3098 1794 Excerpia
3126 1746 3188 1782 ea:
3218 1727 3411 1784 Idalio.
3451 1749 3455 1752 '

372 1788 1021 1875 sedentescampaniam.
1066 1803 1467 1860 Thoresmodus
1501 1812 1525 1841 ⁸
1583 1800 1723 1856 ﬁlius
1765 1800 1944 1855 Theu-

2121 1818 2357 1885 Quadam
2386 1825 2413 1864 Β
2438 1819 2552 1872 vice
2580 1817 2715 1887 (cap.
2735 1817 2822 1881 60;
2848 1815 2995 1882 Can.,
3013 1788 3099 1871 lib.
3124 1833 3200 1873 Ill.
3218 1835 3338 1887 cap.
3357 1821 3446 1886 10)
3467 1822 3623 1875 Chlo-

369 1905 508 1968 dori,
542 1901 632 1972 qui
660 1901 709 1955 ei
739 1900 994 1955 successit
1020 1899 1070 1952 in
1097 1912 1346 1968 regnum,
1391 1896 1671 1951 collectum
1714 1893 1945 1963 Gottlio-

370 2010 488 2051 rum
520 1993 774 2054 exercitu,
808 1999 1012 2059 patrem
1047 1989 1225 2044 ulcisci
1265 1987 1617 2049 desiderans,
1649 2000 1770 2039 cum
1807 1985 1946 2041 Atti-

373 2086 546 2139 lanem
578 2093 632 2138 et
656 2082 858 2137 Cliunis
873 2080 1140 2135 Mauriaco
1156 2078 1398 2147 conﬂigit
1418 2077 1711 2132 certamine
1725 2116 1741 2141 ,
1766 2075 1946 2144 ibique

374 2176 543 2230 tribus
590 2174 781 2229 diebus
821 2182 1046 2242 uterque
1097 2170 1371 2240 phalanga:
1426 2169 1477 2223 in
1527 2168 1754 2223 invicem
1800 2181 1945 2237 pros-

375 2264 584 2326 liantes,
636 2272 690 2316 et
732 2259 1132 2315 innumerabilis
1179 2259 1465 2314 multitudo
1505 2258 1681 2328 gentis
1708 2255 1737 2295 ἀ
1785 2272 1946 2313 occu-

374 2356 508 2411 buit.
537 2354 763 2423 Ageeius
784 2369 903 2408 cum
934 2361 1078 2409 esset
1103 2350 1571 2407 strenuosissimus
1592 2350 1827 2412 consilii,
1853 2366 1948 2419 per

374 2459 583 2503 noctem
614 2447 681 2501 ad
726 2446 1011 2501 Attilaner'n
1046 2446 1266 2501 veniens
1314 2444 1445 2499 dixit
1475 2444 1539 2497 ad
1570 2459 1728 2498 eum:
1781 2442 1947 2511 Opta-

372 2539 532 2594 bnlem
564 2541 819 2593 duxeram
846 2547 903 2592 ut
951 2546 1038 2591 tua
1069 2545 1271 2592 virtute
1320 2537 1588 2603 regionem
1620 2535 1756 2590 hanc
1782 2550 1809 2587 a
1838 2548 1948 2603 per-

372 2632 490 2687 litlis
536 2629 754 2687 Gottbis
805 2630 1096 2698 potuissem
1148 2626 1329 2701 [Bolt.,
1381 2627 1664 2697 potuisses]
1706 2626 1944 2695 eripere,

369 2726 466 2778 sed
497 2724 801 2777 nullatenus
826 2722 942 2776 fieri
966 2731 1157 2790 potest.
1189 2720 1370 2791 Usque
1397 2736 1538 2776 nunc
1565 2735 1684 2776 cum
1712 2720 1946 2775 minimis

369 2815 752 2886 pugnatoribus
795 2814 1043 2883 prtelias,
1090 2813 1189 2868 hac
1225 2823 1383 2867 nocte
1423 2812 1790 2867 Theudoricus
1816 2825 1937 2879 ger-

371 2920 560 2959 manus
609 2902 960 2959 Thoresmodi
1011 2917 1135 2958 cum
1194 2902 1409 2957 nimiam
1454 2901 1846 2957 multitudinem
1890 2908 1947 2955 et

369 2995 690 3067 fortissimos
744 2994 1062 3049 Gotthorum
1133 3001 1455 3062 pugnatores
1502 2990 1721 3046 advenit
1767 3007 1783 3044 :
1832 2991 1947 3046 haec

370 3104 479 3142 non
529 3088 798 3151 sustines,
848 3097 1009 3157 atque
1067 3086 1269 3140 utinam
1326 3086 1408 3140 vel
1470 3084 1699 3140 evadere
1746 3084 1940 3153 possis.

370 3178 521 3233 Tunc
552 3178 711 3232 Attila
740 3177 886 3231 dedit
914 3176 1112 3246 Agecio
1134 3176 1321 3231 decem
1351 3174 1517 3229 millia
1543 3174 1861 3236 solidorum,
1888 3185 1947 3229 ut
1971 3160 2021 3226 α

371 3285 467 3339 per
490 3284 590 3324 suo
616 3269 831 3340 ingenio
859 3268 1186 3322 Pannoniam
1214 3267 1518 3338 repedaret.
1543 3267 1765 3337 Ipsaque
1789 3278 1945 3323 nocte

371 3364 603 3433 Agecius
628 3362 692 3418 ad
723 3361 1091 3416 Thoresmodo
1116 3361 1365 3429 idemque
1384 3359 1637 3424 perrexit,
1658 3360 1947 3428 dicensque

370 3456 420 3509 ei
444 3470 659 3509 causam
697 3453 1064 3516 consimilem,
1109 3454 1249 3520 quod
1300 3452 1441 3520 apud
1478 3453 1608 3507 viles
1636 3451 1944 3506 Cliunornm

372 3556 693 3615 pugnatores
734 3560 903 3612 usque
957 3558 1100 3598 nunc
1151 3553 1514 3612 pugnaverat;
1549 3558 1668 3597 nam
1716 3544 1946 3598 max'ma

370 3634 657 3689 multitudo
684 3645 736 3689 et
766 3631 1041 3687 fortissimi
1068 3642 1389 3703 pugnatores
1417 3647 1446 3685 a
1485 3632 1779 3687 Pannoniis
1805 3631 1946 3695 ipsa-

368 3739 475 3794 que
503 3735 657 3780 nocte
680 3724 921 3779 Attillani
951 3723 1294 3787 advenerant,
1332 3732 1385 3777 et
1413 3722 1687 3777 audissent
1724 3721 1943 3777 fratrem

368 3833 528 3873 suum
553 3817 947 3872 'l‘heudericum
974 3817 1027 3871 in
1063 3832 1223 3872 aures
1253 3818 1578 3872 Gotthorum
1625 3832 1943 3885 occupasse,

369 3924 701 3978 regnumque
730 3909 890 3964 vellet
918 3907 1177 3977 arripere,
1209 3908 1311 3962 nisi
1344 3907 1569 3963 festinus
1594 3908 1661 3962 ad
1688 3908 1941 3962 reseden-

370 4002 501 4055 dum
529 4010 797 4071 pergeret,
824 4000 1117 4073 periculum
1160 4000 1225 4053 ad
1256 3999 1653 4068 degradandum
1700 3999 1942 4055 haberet.

370 4093 619 4158 Acceptis
671 4090 919 4162 idemque
967 4091 1129 4162 709
1192 4093 1425 4160 Agecius
1481 4106 1511 4144 a
1572 4089 1945 4144 Thuresmodo

368 4184 557 4236 decem
584 4183 743 4236 millia
765 4182 970 4243 solidis.
1020 4192 1076 4237 ut
1120 4197 1219 4237 suo
1248 4181 1462 4246 ingenio
1488 4196 1519 4235 a
1566 4182 1945 4251 persecutione

367 4274 679 4327 Cltunorum
708 4273 913 4328 liberati
941 4272 1122 4327 Gettbi
1156 4273 1221 4326 ad
1266 4272 1423 4327 sedes
1458 4273 1702 4342 prolirias
1732 4287 1943 4327 remea-

370 4374 516 4419 rent.
545 4364 609 4418 Et
637 4367 879 4433 protinus
925 4365 1193 4420 abierunt.
1241 4368 1470 4435 Agecius
1501 4382 1630 4421 vero
1658 4382 1778 4421 cum
1806 4368 1939 4433 suis,

371 4455 533 4509 etiam
558 4454 792 4511 Francos
838 4472 1020 4511 secum
1070 4456 1274 4512 habens
1300 4498 1317 4523 ,
1362 4467 1482 4526 post
1510 4467 1716 4528 tergum
1747 4459 1946 4514 direxit

2045 1908 2247 1965 doveus
2275 1925 2366 1962 rex
2402 1908 2724 1962 Francomnt
2770 1918 2823 1962 et
2852 1909 3087 1993 Alaricus
3141 1926 3230 1963 rex
3280 1909 3619 1975 Gntthornm,

2046 1999 2134 2069 qui
2194 1999 2376 2054 sedem
2414 1998 2663 2053 Tholosa:
2717 1997 2975 2063 habebat,
3036 2009 3156 2068 post
3207 2002 3369 2055 multa
3430 2004 3620 2069 prcelia

2045 2104 2163 2158 quae
2238 2088 2464 2142 invicem
2530 2099 2865 2157 gesserant,
2931 2088 3339 2145 iutercedentes
3394 2093 3622 2159 legatus,

2046 2195 2163 2235 cum
2194 2194 2377 2249 pacem
2428 2180 2562 2234 inire
2599 2180 2885 2247 coepissent
2925 2181 3080 2249 hujus
3129 2185 3535 2251 convenientim,
3569 2197 3623 2245 ut

2049 2272 2287 2327 Alarieus
2306 2271 2523 2325 barbam
2549 2280 2789 2338 tangeret
2814 2271 3100 2326 Chlodovei
3126 2272 3346 2329 enectus
3369 2275 3455 2329 ille
3483 2273 3508 2312 ιι
3532 2292 3623 2344 pa-

2045 2369 2251 2427 treuus,
2272 2371 2578 2430 perpetuam
2602 2361 2669 2415 ad
2694 2360 2918 2416 invicem
2946 2378 3127 2427 pacem
3149 2375 3455 2431 servarent;
3479 2377 3533 2420 et
3551 2369 3617 2422 ad

2047 2452 2204 2522 hujus
2240 2453 2431 2522 placita
2474 2452 2849 2523 conjunctione
2886 2454 2899 2492 ί
2939 2469 3035 2510 nec
3082 2456 3314 2513 Francos
3360 2474 3457 2514 nec
3484 2458 3619 2516 Gut-

2047 2546 2168 2601 tlios
2196 2555 2429 2599 armatos
2457 2546 2666 2614 penitus
2701 2548 3036 2603 accederent.
3062 2549 3365 2606 statuentes
3386 2554 3526 2608 diem
3553 2555 3620 2609 ad

2046 2634 2217 2689 locum
2245 2634 2575 2702 designatum
2607 2637 2675 2689 ab
2708 2636 2964 2702 invicem;
3011 2638 3186 2707 ibique
3216 2642 3419 2710 legatus
3458 2640 3621 2698 Chlo—

2045 2726 2223 2790 dovei,
2256 2726 2513 2781 Paternus
2556 2728 2791 2793 nomine,
2840 2730 2905 2781 ad
2936 2730 3206 2785 Alaricum
3249 2737 3493 2799 accessit,
3545 2737 3624 2789 in-

2045 2816 2261 2886 quirens
2281 2828 2460 2871 utrum
2488 2832 2554 2871 eo
2584 2818 2762 2873 habitu
2786 2816 2963 2872 Goltlii
2999 2820 3234 2877 inermes
3259 2839 3367 2891 quo
3394 2840 3625 2893 spopon-

2045 2909 2253 2977 derant,
2280 2909 2529 2979 placitum
2558 2910 2888 2966 custodirent
2917 2928 2932 2965 :
2964 2921 3055 2966 aut
3095 2914 3229 2969 forte
3257 2931 3405 2970 more
3441 2917 3623 2984 solito,

2045 3008 2104 3053 ut
2131 3008 2250 3067 post
2279 2998 2560 3068 probatum
2592 3008 2695 3064 est,
2728 3001 3021 3055 mendaciis
3045 3013 3291 3071 parerent
3315 3004 3359 3059 l.
3379 3004 3511 3059 Cum
3544 3007 3624 3061 lo-

2044 3100 2298 3160 queretur
2327 3090 2590 3145 Paternus
2620 3091 2783 3162 710
2807 3091 2873 3145 ad
2901 3091 3113 3147 Alarico
3144 3109 3344 3161 regem,
3372 3098 3625 3152 nuntians

2049 3183 2246 3239 salutes
2269 3180 2583 3244 Chlodovei,
2612 3192 2668 3235 et
2696 3182 2977 3250 diligenter
3003 3182 3277 3250 inquirens
3298 3200 3404 3253 quo
3437 3184 3624 3241 ordine

2047 3273 2305 3328 deberent
2325 3272 2664 3339 conjungere,
2696 3270 2876 3325 ϐοωιὶ
2909 3271 3271 3326 fraudulenter
3310 3291 3441 3329 uxos
3470 3275 3492 3313 ¹ι
3526 3293 3623 3346 pro

2048 3363 2246 3417 baculis
2278 3364 2329 3416 in
2376 3377 2589 3416 manum
2622 3361 2871 3416 ferentes.
2898 3361 3310 3432 Adprehensum
3360 3383 3522 3420 unum
3557 3385 3622 3423 ex

2047 3455 2133 3511 his
2162 3455 2422 3510 Paternus
2450 3453 2704 3518 estrahit,
2735 3454 2922 3507 dicens
2952 3472 2965 3507 :
2994 3456 3265 3510 Meudacia
3299 3465 3382 3511 tua
3429 3460 3620 3527 placita

2046 3555 2189 3611 sunt,
2216 3561 2332 3614 rex,
2365 3553 2423 3600 ut
2468 3545 2650 3599 fraude
2671 3544 2883 3601 coneris
2906 3560 3028 3599 cum
3071 3546 3177 3601 tuis
3202 3548 3412 3603 Guttliis
3451 3549 3625 3606 domi-

2046 3656 2172 3697 num
2220 3654 2398 3694 meum
2446 3649 2500 3693 et
2549 3638 3096 3711 Francns‘dCCipere.
3155 3641 3388 3709 Accepto
3431 3642 3625 3710 placito

2045 3747 2165 3786 cum
2199 3732 2433 3795 Alarico,
2457 3729 2725 3798 spondens
2760 3731 3020 3787 Paternus
3061 3747 3157 3801 pro
3200 3733 3421 3790 Francis
3453 3746 3506 3789 ut
3545 3736 3627 3805 ju-

2045 3821 2241 3876 dicium
2272 3820 2591 3877 Tlieuderici
2636 3821 2776 3890 regis
2804 3820 3020 3876 Etalire
3069 3822 3226 3892 hujus
3258 3826 3331 3879 rei
3366 3827 3626 3881 terminus

2048 3915 2285 3971 fieretur.
2315 3914 2389 3969 lbi
2437 3914 2641 3983 legatus
2686 3916 2881 3968 Alarici
2934 3914 3094 3985 regis,
3134 3927 3187 3971 et
3235 3918 3492 3971 Paternus
3539 3919 3627 3974 di-

2046 4013 2223 4059 rectus
2269 4017 2297 4055 a
2333 4002 2661 4066 Chlodoveo,
2685 4014 3026 4071 conspectum
3060 4016 3345 4073 properant
3372 4008 3624 4063 Theode-

2046 4093 2465 4161 rici..Exponens
2492 4108 2585 4159 per
2612 4091 2799 4146 ordine
2822 4092 3079 4147 Paternus
3100 4108 3315 4147 causam
3328 4095 3624 4154 Chlodovei

2046 4192 2100 4237 et
2121 4182 2361 4245 Francis,
2395 4180 2536 4249 quod
2570 4181 2769 4249 legatus
2795 4181 2985 4235 Alarici
3016 4183 3280 4249 denegare
3301 4200 3404 4238 non
3430 4190 3622 4253 potuit,

2048 4269 2149 4327 nisi
2179 4281 2378 4327 tantum
2410 4281 2613 4340 petens,
2631 4282 2684 4324 ut
2713 4272 2966 4340 judicium
2994 4272 3309 4329 Theudorici
3345 4277 3621 4333 fineretur.

2046 4362 2301 4432 Cogitans
2345 4362 2396 4416 in
2445 4365 2791 4432 semetipsum
2835 4361 3199 4416 Theudoricus
3250 4363 3408 4431 hujus
3447 4381 3625 4423 causa:

2048 4465 2325 4523 eventum,
2354 4464 2409 4510 et
2434 4454 2622 4509 futuris
2650 4452 2977 4521 temporibus
2998 4468 3115 4520 qum
3144 4455 3462 4520 oportebant
3490 4457 3625 4510 obli-

370 4549 699 4619 Clinm-rum,
731 4565 874 4618 quos
902 4565 1070 4614 usque
1120 4550 1403 4622 Tliuringia
1451 4569 1481 4605 ιι
1508 4551 1665 4621 longe
1693 4568 1943 4622 prosecu-
1972 4528 2027 4591 Ῑ)
2053 4550 2263 4603 vionem
2292 4564 2396 4601 non
2426 4548 2660 4610 tradens,
2687 4547 2859 4602 zelum
2895 4545 3150 4603 adversus
3182 4548 3279 4600 hos
3307 4547 3455 4603 duos
3472 4563 3627 4619 reges

369 4650 456 4697 tus
474 4653 593 4707 est;
626 4646 981 4714 prmeepitque
1009 4646 1148 4711 suis,
1179 4657 1231 4700 ut
1262 4648 1625 4715 unusquisque
1652 4656 1809 4701 nocte
1855 4646 1943 4701 ubi

369 4740 671 4799 manebant,
723 4736 909 4791 decem
960 4739 1189 4807 sparsim
1242 4739 1389 4793 locus
1423 4738 1697 4804 facerent,
1740 4749 1797 4794 ut
1839 4740 1945 4793 im-

368 4842 549 4881 menSa
583 4827 919 4885 multitudine
946 4831 1255 4889 semilarent
1284 4839 1335 4885 θ.
1378 4831 1596 4899 Quievit
1645 4831 1747 4885 hoc
1796 4845 1943 4900 pra:-

440 4991 464 5055 ξ·
495 4981 665 5055 Clam,
692 4993 915 5055 partem.
946 4984 1106 5049 Bnh.,
1134 5002 1381 5055 mergeris.

441 5050 468 5089 ι’
499 5050 655 5124 lloh.,
677 5050 866 5124 (munis
886 5050 1522 5124 repodantibus'Trigassis.
1554 5055 1711 5121 ϐέλη..
1732 5056 1933 5110 castris.

442 5134 465 5190 εἴ
494 5122 649 5187 Βοὴ..
678 5122 1061 5179 Thorismodum
1084 5126 1239 5190 Can.,
1269 5122 1655 5181 Tltorsimodus.

438 5189 465 5226 ἀ
494 5191 658 5268 {llam
687 5196 825 5268 genti
842 5212 864 5268 A:
894 5204 1004 5250 tum
1031 5189 1267 5268 additum
1289 5207 1492 5259 estum,
1510 5197 1559 5250 id
1579 5207 1662 5249 cst
1688 5195 1935 5268 gentium.

410 5331 420 5341 ⁸
442 5270 467 5297 ι·
499 5261 653 5341 ΒοΙιη
670 5264 853 5341 θρανδὶ
876 5269 1016 5341 focos
1037 5267 1278 5341 facerent,
1307 5277 1362 5321 ιιι
1388 5261 1938 5341 immensam'mullilu-

365 5332 539 5404 diuerti
552 5332 1046 5404 similarciuQCanq'
1067 5338 1404 5404 δραι-δίψη...
1449 5338 1763 5391 simularent.

407 5399 462 5480 .'
497 5399 1075 5480 Missi-rintn__appellat
1098 5399 1106 5404 ’
1128 5405 1167 5459 F
1171 5408 1475 5480 redegerius
1491 5407 1615 5480 ipse
1646 5408 1718 5480 Δἱιι
1762 5403 1936 5480 Οὲιτοτ

364 5475 507 5545 [ᾔρει.
530 5475 766 5545 εᾳιιεῖό.
796 5475 887 5530 Sic
925 5491 1134 5545 quoque
1162 5476 1355 5530 dicitur
1382 5478 1432 5530 in
1463 5476 1728 5531 Chronico
1767 5476 1934 5528 sancti

363 5539 605 5612 llenigni.
658 5544 790 5599 llinc
826 5539 1015 5613 collige
1049 5539 1292 5603 'missorii
1343 5548 1557 5601 nomine
1601 5546 1737 5615 apud
1787 5546 1933 5603 illum

363 5621 633 5667 auctorem
662 5617 913 5678 catinum,
935 5617 1045 5669 sive
1069 5617 1258 5679 pelvim
1290 5618 1575 5679 designari.

436 5689 462 5727 ε
490 5683 708 5752 lionl‘cr
740 5686 838 5738 hoc
866 5695 1025 5752 caput
1066 5700 1186 5739 cum
1217 5688 1391 5752 capite
1420 5685 1487 5736 20
1529 5686 1617 5739 lib.
1659 5702 1675 5741 ι
1706 5687 1935 5742 Aimoini

362 5755 427 5805 de
465 5751 640 5809 Gestis
675 5751 1015 5823 Francorum,
1047 5767 1101 5812 et
1127 5751 1403 5812 Ruriconis
1430 5757 1519 5813 lib.
1552 5772 1620 5811 iv.

2049 4648 2336 4704 retenens;
2383 4638 2566 4691 dit-ens
2622 4637 2703 4691 his
2746 4636 2933 4705 legatis
2973 4654 2988 4689 :
3023 4636 3080 4690 In
3138 4639 3429 4692 crastinum
3482 4642 3625 4708 quod

2048 4730 2299 4783 attentius
2327 4727 2482 4796 hujus
2513 4726 2586 4781 rei
2619 4741 2714 4794 pro
2744 4727 2889 4795 pacis
2932 4727 3294 4792 concordiam,
3323 4738 3378 4782 ut
3401 4727 3626 4797 justitize

2047 4819 2181 4877 ordo
2219 4820 2506 4890 poscuerit,
2551 4834 2671 4872 cum
2714 4816 3012 4872 senioribus
3056 4816 3240 4872 Palatii
3290 4828 3619 4889 pertractare

2116 4974 2147 5015 δ
2196 4976 2296 5031 Pro
2326 4975 2420 5028 illi.
2451 4973 2581 5027 llinc
2604 4973 2653 5024 in
2674 4970 2838 5033 Clar.,
2857 4969 2981 5034 alia,
3010 4968 3103 5023 sed
3130 4968 3492 5024 vetustissima
3512 4987 3626 5026 ma-

2041 5066 2132 5111 nu,
2157 5049 2377 5116 eﬂicctur
2396 5044 2473 5097 illi
2500 5046 2749 5116 patriaac.
2771 5042 2957 5116 Postea
2986 5042 3619 5116 nonitactusolummodo,

2039 5134 2067 5174 8
2100 5119 2133 5172 d
2169 5110 2225 5173 (Ξί
2244 5117 2421 5169 barba!
2450 5126 2537 5168 aut
2568 5112 2879 5177 capillorum
2922 5110 3177 5165 incisione
3203 5110 3436 5165 aliitiitas
3463 5114 3621 5176 Spiri-

2041 5190 2199 5242 tnalts
2225 5187 2349 5239 inita
2366 5183 2480 5236 fuit.
2514 5183 2609 5245 Qui
2636 5181 2792 5241 alicui
2823 5179 3001 5232 crines
3019 5179 3305 5241 incidebat,
3333 5182 3448 5248 ejus
3466 5183 3625 5238 fiebat

2042 5269 2190 5326 pater
2201 5255 2512 5322 spiritualis.
2535 5249 2662 5326 Vide
2682 5248 3085 5326 l’aultttit_Qia_c_.,
3105 5252 3153 5302 in
3169 5251 3342 5326 Gestis
3362 5251 3620 5326 Langona,

2039 5320 2132 5383 illi.
2157 5341 2209 5380 tv
2230 5320 2348 5394 cap.
2372 5320 2459 5382 Ml,
2484 5320 2729 5394 ει-Ιιὺχνι
2756 5335 2872 5384 cap.
2893 5320 2982 5394 55.
2999 5321 3150 5373 Plura
3173 5321 3241 5372 de
3265 5323 3363 5394 hac
3392 5336 3446 5394 re
3464 5321 3623 5374 habet

2044 5389 2316 5453 Mabillon.
2346 5394 2397 5446 in
2429 5389 2576 5458 prati.
2603 5405 2618 5443 l
2649 5392 2785 5443 Szec.
2818 5406 2871 5443 ιιι
2895 5391 3013 5443 Act.
3044 5400 3219 5447 sanet.
3261 5390 3377 5443 nrd.
3413 5391 3616 5444 liencd.

2120 5465 2137 5508 ι
2166 5468 2295 5521 non,
2325 5473 2377 5517 et
2413 5462 2571 5526 C:ni.,
2602 5462 2949 5518 conventione.

2118 5538 2131 5588 i
2172 5538 2223 5590 Id
2251 5547 2350 5601 est,
2380 5533 2646 5587 mendaces
2674 5542 2995 5600 apparerent,
3025 5538 3083 5583 nt
3110 5529 3267 5601 habet
3289 5528 3418 5601 (Ian.

2118 5608 2139 5646 ¹ι
2172 5609 2257 5663 Sic.
2288 5598 2507 5671 uterque
2538 5604 2658 5666 M5,,
2682 5598 2737 5656 et
2756 5610 2919 5657 recte.
2958 5601 3087 5657 \‘ide
3113 5598 3364 5654 Clirouici
3385 5613 3503 5669 cap.
3526 5600 3620 5666 64,

2044 5692 2098 5739 et
2126 5678 2304 5751 Cattgii
2337 5674 2683 5732 Glossarium.
