3982 6346
406 298 507 353 703

1120 294 1533 353 FREDEGARII
1573 295 1994 354 FRAGMENTA
2039 297 2127 354 DE
2167 297 2488 356 HISTORIA
2532 299 2974 360 FRANCORUM.

3574 296 3689 364 1m.

403 426 643 482 potuero,
688 405 939 468 fratribus
983 413 1120 468 meis
1162 431 1286 470 cum
1329 418 1530 485 integra
1573 415 1879 483 dilectione,
1921 428 1978 472 et
2005 423 2053 480 Α
2081 421 2133 474 in
2163 433 2381 474 arenam
2423 419 2578 489 hujus
2618 423 2851 477 civitatis
2900 437 3058 494 quam
3109 424 3418 480 munierant
3464 424 3685 485 liberati

400 519 582 557 anwre
627 503 843 573 profuso
891 505 1146 565 mandare
1190 523 1296 562 non
1343 509 1495 564 sileo.
1529 509 1898 579 Tractansque
1932 512 1984 564 in

399 610 593 648 arcano
615 596 787 649 cordis
815 595 924 666 jam
959 599 1086 653 olim
1114 601 1400 667 celaverat,
1427 602 1650 668 cupiens
1682 601 1764 655 his
1783 601 1991 655 duobus

398 685 609 754 regibus
635 686 702 740 ab
723 687 946 742 invicem
980 705 1197 759 semper
1216 705 1337 744 esse
1379 691 1680 754 discordes.
1712 691 1870 746 talem
1904 692 1988 745 in-

398 789 480 832 ter
509 782 723 834 eosdem
764 781 1020 850 judicium
1055 784 1392 847 termenavit,
1417 793 1474 837 ut
1500 783 1720 838 difficile
1751 782 1986 847 Gotthis,

397 885 531 938 qutos
557 871 798 927 Alaricus
842 875 1081 945 regebat,
1114 875 1270 944 lmjus
1307 877 1476 944 culpae
1516 875 1831 944 compositio
1860 891 1989 946 sup-

396 961 670 1029 plerctur,
728 971 785 1014 ut
832 962 1036 1017 veniret
1083 964 1372 1034 legatarius
1419 964 1744 1019 Francorum
1793 966 1986 1020 sedens

395 1067 555 1118 super
600 1068 828 1120 equum,
870 1063 1086 1108 contum
1139 1064 1376 1111 erectum
1429 1065 1619 1112 tenens
1669 1057 1722 1111 in
1773 1072 1988 1112 manum

395 1153 516 1195 ante
543 1142 714 1194 aulam
739 1143 919 1211 palatii
945 1144 1164 1211 Alarici,
1188 1154 1243 1199 et
1275 1146 1476 1200 tamdiu
1500 1143 1744 1201 Alaricus
1775 1157 1829 1201 et
1859 1145 1988 1201 Got-

395 1231 474 1286 thi
519 1248 678 1302 super
723 1250 844 1288 eum
888 1236 1089 1290 solidos
1121 1236 1407 1305 jactarent,
1452 1252 1730 1306 quousque
1757 1239 1988 1308 legatum

394 1329 450 1376 et
477 1336 672 1391 equum
696 1332 751 1379 et
779 1326 1061 1381 cacumine
1087 1327 1234 1381 conti
1260 1342 1378 1382 cum
1409 1328 1598 1383 solidis
1623 1331 1979 1398 cooperirent.

395 1410 782 1470 Renuntiantes
826 1415 982 1485 legati
1027 1416 1237 1472 Alarico
1263 1417 1530 1487 protinus,
1561 1419 1705 1488 quod
1737 1419 1987 1476 Theode-

394 1505 489 1557 rici
523 1504 679 1576 hujus
708 1507 784 1561 rei
812 1508 1151 1562 terminasset
1176 1509 1406 1577 judicius
1438 1525 1452 1565 :
1483 1519 1537 1564 et
1562 1525 1684 1565 cum
1716 1521 1859 1567 esset
1883 1512 1985 1566 dif-

394 1595 532 1648 licile
555 1596 667 1649 haec
681 1597 892 1651 Alarico
916 1598 994 1651 vel
1015 1595 1227 1652 Gotthis
1249 1599 1518 1668 supplere,
1538 1601 1776 1656 volentes
1799 1601 1983 1659 fraude

393 1686 676 1741 Paternum
696 1690 925 1757 legatum
941 1689 1270 1744 Francorum
1288 1691 1556 1759 decipere,
1577 1708 1736 1762 quem
1767 1693 1818 1748 in
1832 1695 1977 1750 sola-

2093 521 2234 567 sunt.
2264 511 2392 566 Post
2417 512 2529 566 haec
2554 521 2772 566 cunctas
2799 511 2996 568 Gallias
3020 513 3259 570 Chrocus
3285 530 3409 571 cum
3438 515 3688 574 Wanda-

2092 604 2177 669 lis,
2211 604 2436 667 Sutevis,
2467 613 2522 659 et
2570 605 2756 660 Alanis
2807 621 3134 674 pervagans.
3185 609 3317 662 alias
3370 609 3688 665 subsidione

2095 693 2225 766 [Al.,
2259 695 2558 765 obsidione]
2588 696 2804 760 delevit,
2837 699 3077 766 aliasque
3126 698 3399 769 ingeniose
3423 715 3687 768 rumpens

2093 789 2341 853 vastavit,
2374 800 2473 840 nec
2500 786 2604 840 ulla
2637 787 2824 841 civitas
2852 799 2945 842 aut
2983 798 3158 844 caster
3184 791 3250 845 ab
3273 792 3351 846 eis
3392 792 3446 844 in
3493 791 3686 847 Galliis

2092 875 2316 930 liberata
2345 886 2448 931 est.
2486 875 2725 947 Cumque
2754 879 2972 934 Arelato
3013 881 3341 947 obsiderent,
3359 882 3602 938 Chrocus
3650 901 3682 936 a

2093 966 2259 1021 Mario
2289 967 2515 1036 quodam
2563 969 2730 1024 milite
2775 979 2964 1038 captus
3004 979 3059 1026 et
3097 973 3323 1026 vinculis
3356 976 3686 1029 constrictus

2089 1066 2192 1112 est.
2219 1058 2320 1125 Qui
2351 1059 2543 1114 ductus
2588 1059 2652 1112 ad
2694 1074 2902 1128 pmnam
2937 1075 3030 1128 per
3058 1063 3218 1132 712
3248 1063 3524 1119 universas
3550 1065 3689 1120 civi-

2091 1157 2229 1203 tates
2274 1165 2408 1219 quas
2459 1160 2786 1219 vastaverat,
2819 1152 3034 1222 impiam
3083 1154 3242 1208 vitam
3298 1154 3457 1225 digna
3504 1167 3687 1212 morte

2089 1241 2286 1306 ﬁnivit,
2318 1243 2406 1296 cui
2433 1242 2831 1297 Trasemundus
2879 1245 3142 1299 successit
3188 1245 3240 1298 in
3283 1260 3524 1315 regnum.
3549 1248 3679 1301 Ala-

2089 1332 2269 1385 manni
2297 1331 2552 1388 adversus
2570 1332 2860 1388 Wandalos
2881 1349 3028 1388 arma
3051 1345 3416 1391 commovunt.
3443 1336 3686 1406 Uterque

2090 1427 2516 1494 consentientes,
2548 1427 2815 1499 singulare
2841 1438 3112 1485 certamen
3160 1432 3513 1500 proeliandum
3540 1433 3687 1489 duos

2085 1515 2370 1570 miserunt.
2401 1516 2505 1572 Sed
2535 1527 2588 1573 et
2618 1518 2708 1572 ille
2737 1519 2824 1588 qui
2867 1534 2895 1572 a
2927 1514 3204 1576 Wandalis
3249 1525 3444 1578 missus
3472 1535 3575 1592 est,
3608 1526 3686 1580 ab

2084 1605 2383 1662 Alamanno
2438 1617 2766 1678 superatur;
2831 1610 3110 1682 victusque
3167 1613 3568 1670 Trasemundus
3621 1631 3686 1674 et

2089 1695 2339 1754 Wandali
2367 1701 2658 1755 secundum
2683 1701 2943 1770 placetum
2971 1719 3090 1758 cum
3125 1704 3418 1770 Wandalis,
3443 1707 3680 1768 Suaavis,

391 1779 525 1831 rium
555 1780 910 1848 missum,per
931 1793 1140 1836 noctem
1155 1782 1294 1850 quod
1311 1782 1641 1850 subpositum
1663 1793 1780 1839 erat
1797 1801 1980 1854 ruens,
2015 1783 2060 1842 Β
2087 1801 2140 1846 et
2186 1792 2389 1856 Alanis,
2440 1790 2639 1846 Gallias
2689 1793 3064 1862 praetermissis
3107 1795 3328 1864 Spanias
3378 1798 3632 1865 adpetivit
3662 1819 3678 1865 ;

389 1869 557 1924 fracto
603 1870 822 1925 brachio
868 1874 1029 1944 711
1061 1876 1151 1928 vix
1200 1874 1415 1928 tandem
1470 1876 1661 1931 evasit.
1716 1877 1976 1946 Ducitque

390 1976 510 2013 eum
551 1961 790 2016 Alaricus
833 1963 883 2017 in
936 1965 1226 2020 crastinum
1274 1964 1449 2036 [Can.,
1503 1967 1798 2039 castrum],
1849 1985 1975 2025 suos

389 2051 674 2105 ostendens
707 2052 1007 2122 thesauros,
1039 2065 1092 2111 et
1132 2073 1251 2111 cum
1280 2068 1616 2114 sacramento
1655 2060 1840 2115 dicens
1863 2076 1975 2116 am-

390 2140 530 2208 plius
557 2143 761 2199 solidos
819 2160 924 2198 non
984 2145 1201 2214 habere,
1230 2162 1387 2217 quam
1438 2148 1501 2202 ad
1561 2165 1795 2218 praesens
1836 2153 1975 2210 arcis

387 2231 561 2299 plenis
604 2234 933 2290 ostenderet.
963 2235 1062 2292 Ubi
1105 2238 1366 2295 Paternus
1418 2257 1579 2295 unum
1628 2244 1858 2299 solidum
1906 2245 1975 2302 de

391 2335 570 2390 pugno
593 2323 903 2394 extrahens,
927 2326 1047 2381 sinu
1089 2327 1314 2399 projecit
1358 2331 1544 2386 dicens
1576 2349 1589 2384 :
1626 2332 1735 2388 llos
1775 2334 1974 2392 solidos

387 2412 650 2468 adarrabo
683 2424 708 2452 ι
738 2416 803 2470 ad
842 2427 1044 2484 partem
1081 2420 1281 2476 domini
1323 2424 1425 2477 mei
1470 2423 1768 2482 Chlodovei
1809 2427 1972 2499 regis.

387 2509 442 2555 et
492 2500 731 2558 Francis.
766 2504 1060 2563 Revertens
1111 2509 1177 2564 ad
1229 2510 1555 2580 Chlodoveo,
1599 2531 1823 2573 narrans
1879 2534 1976 2588 per

391 2590 618 2660 singula.
646 2592 981 2652 Chluduveus
1023 2599 1282 2656 adversus
1319 2603 1589 2660 Alaricum
1631 2621 1779 2663 arma
1825 2623 1974 2665 com-

385 2683 576 2747 movit,
604 2699 763 2753 quem
809 2688 861 2742 in
891 2694 1168 2759 campania
1197 2691 1604 2761 Voglavt-nsem,
1651 2698 1860 2754 decimo
1905 2701 1973 2758 ab

386 2773 520 2828 urbe
558 2773 784 2830 Pectava
826 2779 1097 2847 milliaria,
1131 2782 1418 2851 interfecit,
1452 2795 1507 2840 et
1533 2789 1822 2843 maximam
1851 2802 1974 2860 par-

384 2871 494 2919 tem
551 2868 819 2924 exercitus
879 2868 1197 2928 Gotthorum
1255 2875 1325 2931 ibi
1378 2876 1610 2948 gladium
1667 2880 1972 2950 trucidavit,

383 2972 719 3028 regnumque
760 2963 877 3031 ejus
904 2979 932 3015 a
965 2964 1166 3035 Legere
1216 2967 1436 3023 ﬂuvium
1482 2980 1537 3026 et
1577 2971 1838 3028 lthodano
1880 2990 1974 3045 per

383 3064 537 3104 mare
587 3050 882 3106 Terrenum
906 3053 1008 3110 bet
1039 3069 1248 3114 montes
1284 3060 1567 3118 Perenaeos
1613 3080 1780 3134 usque
1823 3081 1972 3122 mare

2081 1883 2261 1954 ibique
2294 1885 2488 1940 mullos
2514 1883 2939 1950 Christianorum
2975 1903 3071 1955 pro
3103 1888 3207 1943 ﬁde
3230 1889 3486 1943 catholica
3510 1891 3681 1945 inter-

2080 1974 2226 2030 fecit.
2259 1974 2388 2030 Post
2416 1990 2581 2043 pauco
2613 1986 2854 2047 tempore
2884 1994 3032 2034 mare
3073 1979 3311 2035 traducta
3338 1981 3390 2034 in
3423 1983 3680 2039 Maurita-

2077 2067 2183 2132 nia,
2214 2068 2375 2122 credo
2411 2067 2592 2122 divino
2639 2083 2793 2134 nutu,
2821 2069 2928 2124 fera
2955 2072 3207 2137 ducente,
3239 2089 3361 2129 cum
3394 2075 3678 2133 Wandalis

2078 2159 2346 2226 vadando,
2393 2163 2658 2216 transivit.
2704 2163 2897 2219 Fertur
2939 2181 3085 2221 mare
3131 2167 3206 2223 ibi
3255 2178 3458 2237 septem
3504 2173 3676 2227 millia

2077 2264 2330 2319 passuum
2363 2251 2692 2309 latitudinem
2713 2269 2852 2310 esse.
2885 2257 3091 2311 Mortuo
3121 2259 3172 2312 in
3197 2259 3507 2315 Mauritania
3539 2263 3677 2316 Tra-

2075 2343 2356 2409 semundo,
2388 2345 2683 2401 llonericus
2729 2359 2906 2403 mente
2936 2349 3206 2404 crudelior
3229 2351 3506 2407 Wandalis
3535 2370 3674 2409 suc-

2075 2438 2240 2492 cessit
2285 2438 2336 2493 in
2387 2455 2628 2509 regnum,
2666 2441 3036 2498 Mauritaniam
3073 2454 3096 2482 °
3127 2461 3415 2517 occupans,
3447 2451 3673 2504 nimiam

2077 2535 2308 2597 stragem
2351 2531 2405 2584 in
2448 2529 2764 2587 Christianis
2805 2535 3065 2602 exercuit,
3120 2538 3440 2595 consiliante
3473 2539 3671 2612 Cyrola

2081 2620 2459 2675 haereticorum
2506 2624 2782 2693 episcopo,
2811 2626 2963 2695 cujus
2989 2632 3364 2697 persecutione
3410 2633 3673 2700 plurimus

2077 2728 2333 2768 numerus
2348 2712 2771 2774 Christianorum
2793 2721 3036 2793 martyrii
3057 2724 3229 2791 palma
3254 2736 3379 2780 sunt
3402 2729 3670 2785 coronati.

2078 2800 2172 2890 llis
2190 2802 2380 2858 diebus
2400 2805 2688 2875 Eugenius,
2705 2809 2975 2879 Longinus
2995 2813 3412 2881 etV’indemialis
3428 2821 3670 2890 episcopi

2078 2889 2242 2946 miras
2268 2892 2494 2949 virtutes
2516 2896 2566 2949 in
2588 2894 2786 2954 Christi
2808 2915 3039 2958 nomene
3065 2903 3084 2940 ί
3109 2905 3484 2969 ostendebant,
3503 2889 3668 2965 etiam

2074 2990 2132 3038 et
2177 2993 2417 3042 mortuos
2456 2988 2806 3046 suscitahant.
2831 2991 3023 3063 Cyrola
3054 2998 3344 3064 quemdam
3387 3002 3663 3056 hominem

2077 3088 2410 3146 praeventum
2439 3080 2577 3136 datis
2619 3087 3000 3156 quinquaginta
3043 3088 3241 3154 aureis,
3272 3100 3330 3146 ut
3355 3107 3417 3148 se
3461 3108 3663 3148 cmcum

382 3142 655 3198 Oceanum
685 3147 924 3214 abstulit,
956 3150 1098 3218 quod
1132 3151 1392 3224 hodieque
1413 3155 1616 3212 ditione
1645 3159 1911 3229 condigna
1938 3171 1962 3201 ε
1991 3158 2037 3220 C
2074 3142 2320 3237 fingeret,
2342 3179 2396 3225 et
2421 3142 2676 3228 clamaret
2689 3142 2884 3230 coram,
2899 3177 3216 3235 Honericum
3245 3197 3423 3252 regem
3450 3184 3666 3256 Cyrola:

382 3245 660 3302 permanet
691 3238 756 3292 ad
794 3254 1018 3308 regnum
1051 3241 1400 3301 Francorum.

606 3349 668 3404 V.
700 3381 770 3391 —
794 3352 938 3407 Inter
975 3359 1150 3411 eadem
1179 3357 1434 3431 Excerpta
1462 3378 1526 3417 ex
1550 3364 1748 3421 Idalio.

447 3463 688 3522 Chrocus
729 3483 821 3524 rex
853 3468 1234 3527 Wandalorum
1265 3473 1292 3513 (ι
1327 3493 1446 3532 cum
1460 3478 1666 3534 Suaevis
1693 3490 1748 3535 et
1778 3483 1961 3538 Alanis

379 3568 627 3625 egressus
653 3559 721 3614 de
745 3560 960 3616 sedibus
996 3562 1194 3620 Gallias
1222 3579 1482 3637 appetens
1503 3568 1651 3638 (Cap.
1679 3571 1779 3638 62;
1807 3573 1958 3638 Can.,

379 3645 795 3716 tib.ttt,cap.12),
809 3652 1088 3706 consilium
1107 3656 1290 3709 matris
1304 3659 1640 3726 nequissimae
1655 3665 1958 3728 utcns,dum

379 3738 429 3791 ei
453 3737 714 3794 dixisset:
749 3741 803 3796 Si
837 3757 1026 3798 novam
1059 3762 1170 3802 rem
1204 3751 1436 3805 volueris
1464 3751 1658 3818 facere,
1683 3765 1734 3809 et
1768 3773 1960 3812 nomen

379 3829 681 3898 adquirere,
707 3833 844 3900 quod
893 3837 979 3890 alii
1034 3839 1429 3897 :edificaverunt
1476 3856 1664 3899 cuncta
1720 3847 1958 3917 destrne,

378 3925 433 3970 et
463 3918 715 3986 populant
744 3936 902 3991 quem
940 3938 1178 3994 superas,
1211 3937 1381 3984 totum
1413 3931 1671 3989 interfice.
1705 3937 1836 3992 Nam
1863 3955 1961 3995 nec

377 4008 661 4065 :cdificium
687 4013 957 4072 meliorem
977 4032 1004 4070 a
1025 4022 1437 4086 praecessoribus
1459 4025 1634 4082 facere
1659 4043 1760 4083 non
1785 4040 1956 4100 potes,

376 4114 551 4170 neque
579 4102 697 4172 plus
740 4120 985 4175 magnam
1028 4125 1170 4174 rem,
1217 4128 1311 4180 per
1358 4130 1518 4186 quam
1568 4133 1759 4174 nomen
1809 4131 1956 4177 tuum

375 4188 575 4248 cleves.
626 4196 728 4259 Qui
781 4195 1028 4252 Rhenum
1086 4200 1399 4271 Magantiam
1460 4218 1621 4276 ponte
1686 4211 1960 4281 ingeniose

380 4283 664 4350 transiens,
684 4286 912 4354 primum
935 4290 1209 4362 ipsamque
1230 4295 1498 4352 civitatem
1517 4309 1571 4354 et
1596 4303 1848 4370 populum
1868 4319 1960 4359 va-

374 4372 533 4430 stavit
558 4389 573 4426 :
599 4373 793 4432 deinde
821 4388 1143 4451 cunctasque
1165 4385 1408 4443 civitates
1433 4389 1735 4446 Germania:
1755 4394 1959 4450 vallans

376 4461 548 4517 Mettis
575 4468 837 4533 pervenit,
863 4470 952 4523 ubi
990 4487 1173 4527 murus
1205 4476 1437 4531 civitatis
1480 4479 1668 4535 divino
1698 4493 1829 4542 nutu
1858 4499 1956 4554 per

375 4561 529 4609 nocte
542 4567 721 4617 ruens,
735 4567 886 4623 capta
899 4570 980 4612 est
991 4562 1178 4618 civitas
1190 4579 1220 4617 a
1232 4566 1528 4636 Wandalis,
1545 4571 1816 4629 Treverici
1831 4591 1957 4632 vero
1987 4561 2038 4621 Β

445 4693 468 4761 ς·
498 4685 654 4761 θοὴ..
685 4687 764 4761 ωε
788 4688 997 4761 solidos.
1021 4690 1182 4761 Can.,
1216 4695 1314 4752 llis
1335 4700 1511 4754 solidis
1544 4703 1608 4757 sit
1636 4705 1875 4761 στι-Ιιαὺο.

443 4752 470 4796 ι’
496 4756 651 4826 Can.,
688 4756 1029 4826 Tyrrhenum.

445 4834 468 4912 ξ
498 4825 656 4912 ξεηᾲ,
685 4825 958 4912 condigna.
989 4835 1142 4912 [ξοΙιη
1172 4837 1357 4912 ditionj
1381 4843 1648 4912 condigne.

439 4893 573 4986 :Pe
606 4893 858 4986 Vandalis
884 4918 982 4983 suo
1013 4893 1142 4986 loco,
1173 4910 1291 4986 egit
1304 4893 1692 4986 Fredegariiis,
1724 4925 1779 4970 ut
1809 4918 1946 4986 apud

372 4965 836 5054 Elaliu‘fll."Clti'OC§
884 4965 1235 5054 irruptionem
1259 4965 1574 5049 Sigibert‘tis
1592 4965 1665 5039 ad
1679 4965 1692 4981 ’

370 5036 659 5124 ᾘξθρόοεὶἱ
695 5043 949 5124 .duni‘i'ris
997 5036 1446 5124 imperiigam‘ium
1479 5036 1942 5124 revocanda-uani

368 5107 454 5162 alii
487 5114 810 5180 temporibus
841 5107 1104 5173 Valeriani
1135 5129 1189 5175 et
1220 5120 1442 5178 Gallieni
1471 5107 1938 5200 consigiia'rc‘cun:

2071 3258 2355 3316 virtutibus
2404 3276 2464 3316 se
2505 3262 2681 3319 lumen
2731 3267 2994 3334 accipere.
3024 3270 3125 3337 Qui
3177 3281 3350 3328 tactus
3388 3289 3418 3328 a
3463 3276 3659 3345 Cyrola

2065 3362 2241 3404 caecus
2280 3352 2546 3419 efficitur;
2580 3366 2786 3424 postea,
2815 3361 3056 3415 oratione
3101 3363 3342 3434 Engenii,
3377 3367 3556 3423 lumen
3587 3384 3664 3423 re-

2065 3441 2224 3510 cepit.
2261 3441 2546 3515 lnstigante
2574 3445 2765 3516 Cyrola
2807 3451 2874 3505 ab
2919 3451 3130 3509 invidiae
3176 3458 3446 3520 morbum.
3475 3459 3658 3516 Hone-

2067 3530 2178 3585 rico
2221 3532 2456 3600 iubente,
2494 3537 2762 3606 Eugenius
2808 3542 2983 3611 capite
3028 3551 3336 3613 truncatur;
3387 3549 3660 3621 Longinus

2064 3631 2119 3676 et
2139 3622 2484 3681 Vindemialis
2513 3629 2740 3685 diversis
2767 3634 2940 3700 poenis
2977 3634 3172 3691 adfecti
3203 3654 3300 3706 pro
3322 3639 3520 3695 Christi
3564 3660 3662 3697 no-

2067 3711 2227 3779 mine,
2259 3715 2324 3768 ad
2370 3726 2624 3772 mternam
2656 3720 2886 3787 migrant
2925 3724 3328 3782 beatitudinem.
3361 3731 3660 3788 ﬂonericus

2067 3804 2254 3858 merito
2283 3806 2529 3875 exigente
2569 3812 2797 3879 propriis
2825 3827 2884 3868 se
2920 3816 3186 3870 morsibus
3219 3819 3457 3890 laniavit,
3488 3823 3659 3894 indig-

2067 3911 2187 3949 nam
2222 3899 2382 3953 vitam
2412 3898 2554 3969 justa
2595 3914 2767 3958 morte
2794 3905 2982 3960 finivit.
3018 3906 3112 3962 Cui
3142 3908 3481 3968 Childericus
3535 3930 3660 3971 suc-

2063 3987 2226 4041 cessit
2253 3988 2304 4042 in
2331 4006 2570 4060 regnum.
2602 3992 2724 4062 Ipso
2746 3997 3023 4065 defuncto,
3049 4000 3408 4060 Childemeris
3429 4023 3653 4078 regnum

2062 4080 2315 4147 suscepit,
2347 4083 2483 4149 apud
2514 4099 2669 4153 quem
2717 4087 3019 4147 Be'esarius
3069 4096 3326 4163 patricius
3359 4098 3654 4159 fortissime

2061 4167 2366 4236 dimicavit;
2407 4173 2460 4227 in
2489 4190 2595 4244 quo
2627 4193 2846 4248 regnum
2879 4181 3259 4240 Wandalorum
3291 4189 3482 4246 finivit.

2134 4262 2465 4338 [Belisarius]
2493 4285 2523 4323 a
2554 4270 2907 4329 Buccelenum
2930 4278 3160 4345 quodam
3185 4279 3396 4336 Franro
3425 4284 3477 4337 in
3501 4282 3663 4338 Eta-

2062 4353 2131 4409 lia
2170 4368 2450 4426 superatus
2479 4370 2580 4426 est,
2609 4370 2773 4417 tanta:
2812 4365 3051 4424 victoria:
3103 4371 3347 4428 nomenis
3387 4373 3655 4443 gloriosus

2061 4460 2091 4500 a
2121 4446 2419 4506 Bucceleno
2446 4451 2618 4508 victus
2637 4469 2835 4512 nomen
2864 4458 3130 4531 vitamque
3157 4464 3334 4519 amisit
3365 4475 3412 4520 ις.

2353 4583 2651 4656 Expliciunt
2685 4589 3002 4662 Fragmenta
3041 4595 3360 4668 Fredegarit'.

2058 4729 2366 4773 Sueverunt.

2130 4797 2154 4824 θ
2184 4791 2276 4874 Sir.-
2309 4791 2439 4845 lloh.
2466 4793 2632 4874 (I.lar.,
2654 4796 2833 4874 prima
2865 4812 3042 4864 manu,
3071 4818 3287 4857 auream
3317 4813 3514 4874 totam;
3560 4809 3642 4866 al-

2058 4865 2194 4930 tera,
2224 4859 2618 4916 Mauretaniam.
2650 4864 2806 4930 Can.,
2839 4859 3040 4922 (errant
3068 4882 3245 4928 totam.

2131 4928 2148 4964 ι
2183 4929 2339 5012 linit.)
2374 4931 2778 5012 Christianorum
2795 4928 3127 5012 ostendebant
3148 4958 3334 5012 aegros.

2125 5007 2150 5044 8
2197 4998 2394 5077 Confer
2432 5017 2552 5057 cum
2597 5007 2861 5076 Aimoino,
2907 5010 2999 5066 lib.
3034 5027 3069 5068 tt
3107 5013 3174 5070 de
3194 4998 3402 5075 “Gestis
3438 5018 3638 5077 Franc.

2052 5082 2167 5136 cap.
2203 5071 2291 5126 23.
