3982 6346
329 485 3595 546 mam-sa
2218 531 2642 540 _._____.__
2677 534 2782 541 __
2790 527 3538 544 _______..-

792 529 958 538 ﬂ-
985 529 2734 541 mm

814 669 1230 824 SANG’I‘I
1293 667 1759 822 GEllllGll
1839 667 2453 824 FWRENTH
2526 670 3066 826 GREGORII

1242 912 1824 1017 EPISCOPI
1881 913 2324 1020 TURON
2333 916 2505 1020 ΕΝ
2515 916 2704 1022 SIS

570 1116 1275 1319 LIBRI
1382 1117 1890 1320 MIB.

1769 1112 3341 1330 iACULOBUM.

1546 1523 2382 1702 ἧβτοωιηὶιιηῐ.

963 1430 3594 1462 mw

323 1808 471 1872 Non
501 1819 830 1889 poetarum
860 1812 1196 1890 ﬁgmentis,
1230 1819 1343 1871 aut
1369 1808 1886 1888 philosophorum
1918 1811 2261 1882 sententiis,
2301 1812 2406 1871 sed
2461 1813 2860 1892 Erangelicre
2896 1815 3152 1877 veritati
3187 1815 3598 1877 insistendum

1877 1905 2023 1948 €888.

396 2014 756 2086 713-715
787 2015 1143 2084 Hieronymus
1194 2014 1495 2082 presbyter,
1525 2021 1580 2066 et
1609 2020 1728 2080 post
1756 2011 2052 2079 apostolum
2086 2009 2306 2066 Paulum
2334 2014 2507 2068 bonus
2535 2014 2720 2069 doctor
2764 2015 3038 2082 Ecclesiae,
3071 2016 3236 2071 refert
3275 2034 3334 2071 se
3375 2019 3590 2070 ductum

323 2117 454 2163 ante
488 2107 724 2161 tribunal
755 2108 942 2162 aeterni
985 2106 1208 2171 Iudicis,
1241 2113 1297 2160 et
1324 2111 1604 2159 extensum
1637 2104 1687 2156 in
1719 2101 1980 2172 supplicio
2010 2104 2244 2172 graviter
2270 2118 2499 2171 casum,
2531 2120 2597 2159 eo
2625 2107 2767 2174 quod
2797 2107 3072 2162 Ciceronis
3101 2111 3333 2177 argutias
3365 2110 3445 2162 vel
3484 2109 3598 2162 Vir-

323 2197 431 2266 gilii
486 2196 720 2250 fallacias
764 2197 960 2263 sazpius
1012 2195 1316 2250 lectitaret:
1349 2193 1760 2260 confessumque
1801 2206 1859 2246 se
1895 2204 2076 2245 coram
2122 2193 2326 2262 angelis
2378 2195 2576 2249 sanctis
2614 2196 2712 2265 ipsi
2766 2197 3094 2252 Dominatori
3141 2200 3412 2263 Olllttittlli,
3461 2217 3599 2253 nun-

325 2304 483 2356 quam
513 2303 571 2342 se
601 2286 856 2354 deinceps
898 2286 1011 2339 haec
1045 2285 1340 2348 lecturum,
1373 2296 1544 2350 neque
1575 2281 1713 2335 ultra
1747 2289 2128 2347 tractaturum,
2163 2283 2261 2336 nisi
2304 2297 2367 2337 ea
2413 2300 2530 2353 qua:
2563 2285 2672 2338 Deo
2703 2285 2861 2355 digna
2893 2296 2946 2339 et
2982 2287 3046 2341 ad
3083 2288 3337 2342 Ecclesiae
3367 2291 3598 2344 aediﬁca-

325 2381 522 2432 tionem
553 2388 849 2447 opportuna
899 2375 1272 2445 iudicarentur
1300 2372 1397 2443 (a).
1434 2370 1539 2427 Sed
1587 2380 1642 2426 et
1676 2369 1870 2426 Paulus
1915 2371 2206 2440 apostolus,
2244 2372 2372 2438 Qua:
2418 2374 2557 2442 pacis
2599 2386 2747 2438 sunt,
2781 2375 2977 2444 inquit,
3017 2389 3280 2444 sectemur,
3309 2389 3354 2432 et
3391 2397 3504 2448 qua:
3533 2390 3600 2434 att

325 2468 718 2534 testiﬁcationem
740 2468 791 2519 in
805 2463 1009 2518 invicem
1025 2459 1794 2530 custodiamus(Rom.xtv,i9).
1826 2461 1890 2516 Et
1918 2462 2044 2517 alibi
2071 2481 2082 2515 :
2119 2463 2299 2517 Omnis
2320 2481 2484 2519 sermo
2513 2467 2676 2521 ntalus
2697 2483 2760 2521 ea:
2787 2485 2874 2522 ore
2893 2479 3056 2522 vestro
3083 2487 3183 2522 non
3217 2475 3486 2537 procedat;
3513 2479 3599 2527 sed

325 2564 367 2615 si
396 2561 510 2630 quis
546 2560 705 2611 bonus
731 2558 797 2609 ad
833 2557 1222 2623 redi/irationem
1241 2594 1256 2618 ,
1283 2564 1338 2607 ut
1367 2554 1450 2607 det
1481 2553 1700 2625 gratiam
1728 2552 2053 2606 audientibus
2084 2552 2302 2624 (Ephes.
2332 2571 2404 2615 tv,
2427 2556 2543 2624 ‘29).
2575 2557 2713 2625 Ergo
2745 2559 2859 2612 base
2890 2573 2986 2612 nos
3014 2571 3226 2626 oportet
3255 2564 3435 2630 sequi,
3467 2565 3599 2616 scri-

326 2656 454 2707 bere
478 2663 638 2721 atqne
668 2650 806 2717 luqtti
828 2691 843 2714 ,
876 2665 994 2718 qua:
1026 2648 1316 2702 Eeclesiam
1347 2645 1436 2701 Dei
1465 2645 1751 2712 aedificent,
1773 2653 1828 2699 et
1858 2659 1976 2714 qua:
2004 2655 2209 2700 tuentes
2235 2648 2424 2716 inopes
2443 2648 2506 2702 ad
2539 2651 2781 2704 notitiam
2816 2649 3064 2720 perfectae
3089 2656 3208 2708 fidei
3243 2655 3594 2712 instructione

326 2754 509 2800 Sancta
559 2741 864 2795 fecundcnt.
899 2739 1011 2793 Non
1057 2739 1198 2792 enim
1231 2744 1444 2806 Oportet
1487 2735 1703 2790 fallaces
1740 2749 2162 2790 commemorare
2207 2736 2432 2803 fabulas,
2463 2753 2636 2808 neque
2688 2741 3128 2810 phi|050pltorum
3169 2747 3435 2801 inimicam
3489 2749 3601 2803 Deo

326 2837 644 2905 sapientiam
673 2835 855 2902 sequi,
887 2849 953 2888 ne
983 2834 1033 2887 in
1057 2832 1312 2902 judicium
1343 2839 1561 2884 teterna:
1590 2829 1782 2882 mortis
1815 2830 2038 2883 Domino
2063 2829 2404 2886 discernente
2433 2833 2707 2888 cadamus.
2741 2835 2891 2902 Quod
2922 2853 3020 2907 ego
3049 2849 3313 2903 metuens,
3343 2850 3396 2896 et
3424 2844 3600 2910 aliqua

329 2932 396 2984 de
421 2937 724 2982 sanctorum
759 2926 1049 2990 miraculis,
1081 2937 1200 2993 qua:
1238 2921 1496 2976 hactenus
1537 2920 1835 2980 latuerunt.
1869 2921 2105 2989 pandere
2132 2921 2464 2986 desiderans,
2495 2938 2598 2977 non
2632 2941 2717 2979 me
2756 2925 2819 2979 iis
2847 2927 3052 2983 retibus
3092 2929 3175 2983 vel
3205 2931 3390 2984 vinciri
3422 2931 3599 2999 cupio,

329 3019 414 3074 vel
446 3017 639 3072 involvi
673 3017 771 3087 (b).
801 3015 915 3070 Non
961 3031 1060 3084 ego
1105 3013 1320 3070 Saturni
1353 3014 1562 3081 fugam,
1605 3027 1708 3065 non
1737 3012 1962 3066 Junnnis
1991 3014 2155 3075 iram,
2192 3029 2295 3066 non
2325 3013 2469 3068 lovis
2511 3023 2714 3083 stupra,
2759 3033 2861 3072 non
2914 3019 3138 3088 Neptuni
3183 3021 3460 3090 injuriatn,
3491 3037 3598 3077 non

330 3108 475 3165 A‘Loli
506 3118 752 3176 sceptra;
787 3121 890 3160 non
922 3104 1222 3160 IEneadum
1253 3103 1416 3168 bella,
1450 3102 1743 3172 naufragia,
1775 3103 1857 3156 vel
1888 3102 2238 3174 715-720
2265 3119 2423 3174 regna
2446 3121 2807 3161 commemoro
2833 3125 2844 3161 :
2874 3118 3022 3164 taceo
3040 3109 3317 3179 Cupidinis
3342 3116 3589 3168 emissio-

334 3216 491 3262 nem,
527 3215 632 3252 non
667 3196 881 3252 Ascanii
912 3195 1284 3260 dileCtionem;
1312 3194 1745 3265 hytnenaeosqne,
1780 3195 2060 3264 lacrymas,
2097 3197 2175 3250 \el
2206 3197 2366 3250 exitia
2395 3209 2532 3250 saeva
2561 3198 2776 3252 Didonis
2804 3217 2819 3253 :
2852 3217 2954 3255 non
2994 3202 3230 3258 Plutonis
3258 3207 3410 3261 triste
3439 3209 3603 3261 vesti-

332 3293 546 3352 bulum,
579 3306 681 3345 non
715 3289 1049 3358 Proserpina:
1077 3298 1383 3357 stuprosum
1416 3296 1656 3356 raptum,
1690 3301 1794 3341 non
1825 3287 2043 3341 Cerberi
2085 3287 2327 3342 triforme
2365 3297 2524 3356 caput
2550 3305 2562 3342 :
2593 3305 2696 3342 non
2729 3293 2994 3347 revolvam
3027 3295 3274 3351 Anchisa:
3304 3297 3597 3364 colloauia,

339 3400 448 3442 non
484 3385 648 3439 Ithaci
685 3384 922 3452 ingenia,
957 3397 1062 3437 non
1094 3380 1320 3436 Achillis
1351 3380 1606 3450 argutias,
1641 3395 1747 3434 non
1775 3379 1993 3434 Sinonis
2025 3381 2258 3434 lallacias
2287 3394 2303 3434 :
2333 3396 2436 3435 non
2468 3397 2568 3452 ego
2596 3385 2917 3436 Laocoontis
2946 3385 3192 3452 consilia,
3225 3403 3328 3440 non
3361 3389 3602 3459 Amphy-

333 3477 589 3532 trionidis
612 3476 829 3544 robora,
855 3489 962 3529 non
990 3474 1108 3528 Jani
1140 3474 1443 3539 conﬂictus,
1474 3471 1647 3541 fugas,
1680 3471 1762 3526 vel
1791 3470 1992 3526 obitum
2036 3473 2304 3526 exitialem
2337 3473 2640 3543 proferam;
2672 3491 2777 3529 non
2813 3475 3196 3542 Eumenidum,
3226 3479 3602 3550 variorumque

331 3578 702 3622 monstrorum
729 3566 932 3620 formas
951 3580 1212 3636 exponam
1239 3581 1255 3619 :
1288 3579 1394 3620 non
1425 3564 1753 3633 reliquarum
1783 3563 2075 3617 fabularum
2097 3574 2420 3628 commenta,
2443 3581 2562 3633 quae
2591 3566 2676 3621 hic
2699 3574 2885 3622 auctor
2904 3577 2993 3622 aut
3018 3569 3090 3640 (c)
3119 3570 3269 3625 llnxit
3295 3573 3598 3639 mendacio,

331 3676 426 3719 aut
453 3680 609 3718 versu
639 3661 843 3730 depixit
876 3661 1130 3716 heroico:
1160 3657 1257 3714 sed
1291 3659 1390 3714 ista
1423 3657 1598 3713 omnia
1649 3666 1898 3726 tanquam
1943 3671 2103 3725 super
2150 3671 2365 3712 arenam
2415 3659 2606 3721 locata,
2639 3668 2693 3713 et
2737 3660 2846 3716 cito
2892 3661 3095 3715 ruitura
3135 3664 3504 3731 conspiciens,
3532 3667 3601 3720 ad

331 3757 514 3813 divina
542 3761 596 3806 et
622 3750 945 3819 Evangelica
973 3749 1150 3820 potius
1181 3749 1432 3802 miracula
1465 3759 1820 3810 revertamur,
1845 3751 1987 3803 unde
2013 3747 2246 3802 Joannes
2280 3749 2616 3816 Evangelista
2647 3764 2870 3805 exorsus
2893 3761 2976 3806 est
3001 3753 3186 3807 dicens
3214 3769 3228 3808 :
3261 3752 3327 3807 In
3351 3757 3603 3826 principio

333 3857 441 3906 erat
477 3844 695 3898 Verbum
713 3883 728 3907 ,
756 3854 804 3897 et
846 3841 1062 3895 Verbum
1087 3850 1192 3892 erat
1220 3839 1362 3908 apud
1388 3837 1582 3905 Deum,
1608 3848 1656 3892 et
1689 3837 1825 3892 Deus
1852 3845 1957 3891 erat
1993 3835 2212 3890 Verbum
2235 3853 2254 3890 :
2283 3838 2376 3890 hoc
2401 3849 2508 3891 erat
2536 3840 2587 3891 in
2617 3841 2865 3907 principio
2896 3843 3034 3911 apud
3067 3841 3251 3897 Deum.
3287 3844 3475 3899 Omnia
3514 3863 3604 3912 per

333 3942 502 4011 ipsum
536 3939 666 4007 facta
696 3941 844 3996 sunt,
874 3943 923 3987 et
957 3933 1066 3987 sine
1111 3931 1224 4001 ipso
1253 3929 1444 3998 factum
1482 3939 1556 3984 est
1589 3929 1717 3982 nihil
1764 3927 1945 3996 (Joan.
1966 3926 2216 4000 t,1,2,5).
2253 3927 2318 3981 Et
2349 3927 2600 3997 deinceps
2633 3931 2704 3983 ait
2733 3947 2744 3982 :
2780 3929 2845 3981 Et
2884 3930 3098 3985 Verbum
3126 3949 3246 3987 caro
3274 3938 3467 4002 factum
3497 3946 3606 4008 est,

334 4044 382 4085 et
412 4030 652 4082 habitavit
681 4027 733 4078 in
762 4027 906 4079 nobis
929 4042 948 4080 :
972 4037 1019 4080 et
1047 4026 1265 4078 vidimus
1293 4023 1514 4093 gloriam
1541 4025 1673 4088 eius,
1704 4021 1920 4088 gloriam
1946 4019 2092 4085 quasi
2127 4018 2385 4090 Unigeniti
2410 4040 2440 4073 a
2472 4020 2646 4083 Patre.
2679 4023 2882 4086 plenum
2909 4025 3076 4089 gratia
3103 4034 3149 4077 et
3180 4027 3386 4079 veritate
3415 4023 3602 4092 (Ibid.,

336 4121 453 4189 M).
484 4119 639 4184 Quod
665 4127 842 4171 autem
872 4118 924 4170 in
958 4116 1230 4171 Bethleem
1259 4119 1556 4170 nasciturus
1585 4123 1731 4178 erat,
1764 4115 1836 4167 ita
1864 4115 1935 4166 ait
1979 4113 2241 4182 Propheta
2270 4131 2283 4165 :
2321 4114 2383 4166 Et
2410 4124 2486 4178 tu,
2518 4113 2770 4169 Bethleem
2800 4115 3028 4182 Ephrata
3062 4117 3162 4186 (ά),
3195 4134 3295 4170 non
3317 4135 3371 4172 es
3392 4121 3603 4173 mimma

334 4215 387 4267 in
419 4212 641 4264 millibus
667 4208 830 4262 Iuda.
865 4208 944 4262 Ea:
965 4218 1012 4263 te
1040 4208 1169 4261 enim
1199 4208 1394 4277 prodiet
1423 4208 1535 4262 Ret:
1560 4208 1647 4273 qui
1674 4215 1816 4274 regat
1847 4205 2091 4275 populum
2119 4221 2282 4258 nteum
2306 4202 2471 4257 Israel
2500 4203 2683 4276 (.llich.
2716 4222 2767 4268 ν,
2789 4205 2851 4269 2;
2887 4205 3074 4258 Matth.
3097 4220 3164 4270 tt,
3290 4206 3447 4261 Joan.
3493 4222 3562 4261 vtl
3585 4243 3604 4270 ν

342 4304 572 4374 ιῖ).ιιος
587 4301 729 4356 enim
757 4308 812 4353 et
835 4299 1126 4354 Nathanael
1159 4301 1245 4356 ille
1269 4314 1296 4351 a
1329 4297 1471 4352 Cana
1503 4297 1738 4352 Galilaaze
1767 4295 1930 4351 dixit:
1969 4296 2155 4356 Rabbi,
2187 4307 2239 4348 tu
2267 4313 2319 4348 es
2354 4294 2521 4348 Filius
2557 4295 2676 4364 Dei,
2707 4309 2757 4349 tu
2789 4314 2840 4350 es
2877 4299 2982 4350 Rex
3013 4297 3178 4351 Israel
3213 4299 3390 4367 (Joan.
3420 4314 3457 4364 ι,
3481 4299 3600 4369 49).

337 4397 456 4465 Ipse
484 4406 565 4449 εει
593 4401 648 4448 et
677 4391 823 4446 salus
851 4392 1065 4456 mundi,
1099 4393 1165 4444 de
1196 4407 1301 4460 quo
1331 4401 1383 4444 ct
1425 4389 1514 4444 ille
1543 4387 1756 4442 Simeon
1786 4388 1886 4440 ait:
1918 4383 2069 4438 Nunc
2097 4387 2326 4451 dimttis,
2364 4384 2599 4453 Domine,
2640 4403 2836 4440 urvum
2866 4398 3006 4439 luunt
3049 4388 3101 4441 in
3132 4403 3277 4456 pace,
3307 4389 3428 4458 quia
3458 4389 3598 4444 vide-

337 4494 455 4539 runt
486 4483 620 4537 oculi
650 4483 746 4535 mei
772 4483 998 4536 salutare
1028 4493 1168 4534 tuum
1200 4480 1350 4552 (Luc.
1378 4495 1412 4534 ll
1432 4521 1444 4544 ,
1471 4477 1585 4548 29).

413 4599 486 4668 (α)
522 4599 632 4652 Hoc
661 4598 834 4665 ipsum
866 4603 1045 4649 narrat
1090 4592 1448 4664 Hieronymus
1481 4593 1534 4647 in
1584 4593 1808 4662 epistola
1848 4591 1915 4646 ad
1945 4597 1996 4654 Α
2046 4662 2056 4668 _
2093 4591 2165 4668 (c)
2202 4591 2371 4668 Aliqui
2401 4589 2571 4646 Codd.
2601 4607 2720 4646 cum
2755 4592 2896 4647 Edit.
2922 4604 3038 4647 ante
3065 4595 3215 4662 ﬁnxit
3241 4597 3601 4652 mendacio....

340 4662 708 4726 Eustochium;
1297 4662 1308 4664 ⁷
2023 4662 2272 4732 depinxit.

413 4739 490 4811 (ὁ)
526 4739 622 4793 llic
648 4734 846 4792 desinit
873 4735 1122 4804 prologue
1146 4733 1197 4788 in
1226 4733 1350 4788 cod.
1378 4732 1524 4788 Clar.
1549 4748 1598 4786 a.
2095 4733 2174 4802 (tt)
2211 4733 2426 4801 Aliquot
2457 4746 2586 4787 mss.
2609 4748 2728 4787 cum
2752 4734 2907 4801 edit.,
2937 4734 3173 4802 Eufrata.

1380 4965 1860 5072 LIBER
1937 4963 2565 5084 PRIMUS.

473 5183 671 5288 DE
799 5178 1400 5286 GLORIA
1529 5173 2370 5282 BEATORUM
2507 5171 3451 5280 MARTYRUM.

342 4871 3606 4909 mm

1407 5346 2567 5398 ψ

869 5443 1095 5500 CAPUT
1136 5444 1420 5500 PRIMU“.
2037 5443 2267 5497 eundum
2317 5458 2530 5497 carnem
2579 5444 2630 5497 in
2685 5443 2956 5500 Bethleem
3000 5447 3198 5517 oppin
3245 5448 3403 5517 (Ante
3446 5463 3608 5502 teram

350 5537 428 5592 De
460 5537 718 5589 nntivitate
743 5534 945 5587 Domini
975 5535 1134 5586 nostri
1160 5533 1284 5587 Jesu
1307 5533 1498 5588 Christi
1525 5534 1574 5585 in
1600 5533 1854 5586 Bethleem
1879 5541 1928 5587 ".
2037 5534 2172 5603 vulg.
2203 5551 2290 5588 an.
2320 5535 2372 5595 5,
2399 5532 2469 5586 Ξὸ
2498 5534 2671 5606 Dec.),
2697 5537 2748 5590 in
2779 5537 2972 5594 diebus
3004 5539 3222 5593 Herodis
3265 5539 3426 5606 regis,
3452 5540 3606 5608 juxta

423 5629 582 5699 721
630 5625 766 5681 Nato
791 5639 919 5695 ergo
945 5625 1168 5680 Domino
1195 5633 1381 5679 nostro
1423 5623 1549 5678 Jesu
1588 5622 1804 5678 Christo
1833 5637 1930 5677 se-
2036 5623 2195 5679 ﬁdem
2235 5626 2632 5695 evangelicatu,
2663 5630 2799 5699 magi
2839 5631 2904 5684 ab
2930 5629 3142 5684 Oriente
3173 5640 3431 5684 venerunt
3479 5631 3605 5685 Ilie-

423 5752 447 5780 ⁸
493 5742 627 5796 Editi
662 5759 675 5795 :
724 5741 941 5796 Stellam
987 5754 1138 5809 quam
1182 5739 1315 5811 magi
1359 5739 1618 5813 uiderunt,
1647 5737 1835 5813 “adhuc
1875 5739 1928 5792 in
2029 5741 2202 5813 capite
2235 5739 2336 5813 ηε
2372 5739 2447 5794 De
2491 5753 2668 5796 sancto
2707 5741 2913 5797 Joanne
2941 5743 3204 5811 Baptista,
3238 5749 3376 5813 quod
3411 5747 3461 5800 itt
3505 5747 3608 5801 isto

353 5811 608 5867 Bethleem
636 5813 841 5888 mundis
878 5807 1030 5888 corde
1059 5807 1339 5888 apparefe._
1359 5809 1608 5888 Porroin
1639 5807 1790 5888 Colb:
1824 5816 1924 5888 tut.
2028 5807 2213 5868 codice
2235 5811 2465 5881 primum
2491 5813 2808 5883 appellatur,
2841 5815 3000 5869 habet
3021 5807 3202 5870 tamen
3232 5807 3533 5888 prologum.

355 5890 550 5937 desunt
577 5881 821 5944 undecim
853 5883 1030 5950 priora
1059 5878 1264 5949 capita,
1308 5880 1485 5948 ibique
1514 5878 1651 5934 liber
1678 5878 1868 5946 incipit
1892 5891 1926 5933 α
