3982 6346
402 465 499 525 ῗιΠ

1390 464 1447 521 S.
1488 462 1821 521 CREGDRII
1864 455 2167 519 EPISCOPl
2213 456 2641 515 TUBONENSIS

3555 453 3663 516 708

399 586 701 656 rusolymis,
732 582 1009 637 dicentes:
1045 574 1143 634 llbi
1186 588 1260 633 est
1306 579 1392 648 qui
1420 587 1573 632 natus
1611 587 1687 632 est
1737 578 1848 632 Rea:
1874 574 1975 630 .ltt-
2007 578 2059 637 Α
2085 571 2183 625 hus
2232 571 2623 626 circumdantes
2673 570 2887 625 Jitstuin
2973 570 3304 625 tradiderunt
3361 574 3562 635 morti,
3610 581 3667 625 et

400 676 668 733 dirarum?
704 675 937 729 Vidimus
978 674 1114 728 enim
1157 674 1357 726 stellam
1403 673 1515 740 ejus
1560 672 1615 724 in
1664 670 1890 733 (triente,
1932 676 1979 722 et

402 769 623 823 uenimus
651 767 870 821 adorare
916 763 1323 835 sumlMattlth,
1352 762 1442 832 2),
1475 770 1531 816 et.
1563 762 1791 831 reliqua.
1830 760 1925 814 Est
1953 769 1979 798 ι

401 867 576 912 autem
624 857 676 911 in
723 855 993 910 Bethleem
1040 862 1226 921 puteus
1271 865 1517 920 magnus,
1558 849 1627 904 de
1671 864 1776 919 quo
1817 849 1979 902 Maria

406 950 636 1020 gloriosa
668 963 858 1017 aquam
891 946 1059 1001 fertur
1088 944 1331 998 hausisse
1356 960 1371 996 ι
1395 942 1483 997 ubi
1508 942 1704 1009 saepius
1728 941 1984 1009 aspicien-

404 1042 547 1095 tibus
577 1041 891 1094 miraculum
920 1038 1129 1091 illuSIre
1160 1042 1507 1098 monstratur,
1536 1032 1587 1086 id
1620 1040 1705 1087 est
1726 1032 1879 1086 stella
1912 1030 1980 1085 ibi

404 1131 615 1185 mundis
655 1130 836 1191 corde,
870 1144 988 1197 quae
1028 1126 1277 1195 apparuit
1314 1125 1500 1193 magis,
1532 1122 1852 1178 ostenditur.
1880 1121 1985 1176 Vc-

405 1221 670 1275 iiieiiiibus
696 1221 907 1275 devotis
949 1234 1013 1273 ac
1057 1217 1487 1273 recumbentibiis
1518 1230 1677 1282 super
1702 1229 1763 1269 os
1811 1212 1981 1282 putei,

405 1313 721 1383 operiuntur
753 1315 914 1365 linteo
943 1312 1114 1377 capita
1144 1326 1349 1365 eorum.
1398 1311 1546 1364 Tunc
1575 1310 1664 1363 ille
1694 1310 1846 1378 cujus
1875 1324 1987 1363 mc-

407 1407 567 1458 ritum
598 1405 760 1474 722
789 1404 1112 1465 obtinuerit,
1142 1402 1284 1455 videt
1313 1401 1519 1454 stellam
1550 1400 1618 1453 ab
1648 1414 1756 1453 uno
1784 1400 1986 1464 pariete

407 1498 551 1567 putei
597 1512 759 1564 super
797 1511 960 1563 aquas
1014 1495 1395 1561 transmigrare
1442 1493 1507 1545 ad
1554 1492 1750 1557 aliunt,
1799 1491 1852 1545 in
1895 1490 1987 1543 illo

410 1589 569 1642 modo
592 1603 700 1655 quo
722 1587 897 1639 solent
925 1600 1086 1652 super
1106 1586 1364 1639 cteluruin
1388 1584 1590 1637 circulo
1612 1581 1786 1636 stella
1813 1589 1985 1634 trans-

410 1679 553 1735 ferri.
590 1678 801 1731 Etcum
848 1676 995 1730 multi
1032 1676 1321 1743 aspiciant,
1353 1674 1421 1726 ab
1462 1672 1566 1726 illis
1602 1681 1804 1724 tantum
1836 1671 1985 1725 vide-

410 1781 518 1835 tur,
550 1770 743 1838 quibus
773 1775 858 1821 est
887 1781 1036 1820 metis
1064 1765 1268 1825 sanior.
1291 1764 1586 1818 Nuiinullus
1614 1762 1720 1815 vidi
1752 1762 1840 1830 qui
1868 1775 1985 1814 eam

404 1858 717 1913 asserebant
743 1873 801 1911 se
843 1856 1062 1910 vidisse.
1096 1856 1271 1921 Nuper
1301 1866 1477 1907 autem
1519 1854 1773 1907 diaconus
1806 1863 1988 1907 noster

2080 661 2257 717 crucis
2298 660 2547 715 afllxione
2590 662 2980 715 damnaverunt
3027 662 3154 729 (Att.
3195 661 3296 724 53,
3337 658 3372 712 3
3413 659 3612 730 April.)
3646 675 3665 715 :

2082 766 2243 820 quem
2276 751 2416 806 Deus
2443 751 2600 807 Pater
2627 751 2907 806 suscitavit
2929 766 2961 804 a
3000 752 3228 805 mortuis
3256 750 3412 807 tertia
3440 751 3552 816 die,
3574 764 3665 805 so-

2082 844 2206 899 lutis
2233 843 2508 898 doloribus
2537 843 2724 898 mortis
2752 844 2889 913 (Act.
2916 858 2985 908 it,
3007 843 3130 911 24);
3161 844 3414 912 quoniam
3461 843 3664 914 impos-

2082 934 2241 989 sibile
2265 942 2386 988 erat
2414 949 2536 989 eum
2568 936 2705 1001 apud
2740 934 2939 989 inferos
2968 934 3222 999 retineri,
3252 934 3391 989 sicut
3417 934 3496 988 ait
3542 948 3670 1004 apo-

2084 1027 2253 1080 stolus
2296 1026 2504 1081 Petrus.
2551 1024 2799 1079 Posthtec
2849 1027 3166 1092 promittens
3215 1025 3573 1091 Paraclitum,
3614 1035 3671 1081 et

2086 1118 2332 1174 imbuens
2380 1118 2696 1172 cmlestibus
2739 1117 3001 1172 doctrinis
3043 1118 3335 1187 apestnlos,
3381 1118 3552 1170 victor
3584 1134 3671 1170 as-

2096 1208 2279 1262 cendit
2306 1211 2372 1262 ad
2410 1207 2599 1274 ctelos,
2644 1217 3033 1276 venturumque
3074 1223 3135 1261 se
3177 1208 3242 1260 ad
3286 1207 3667 1275 jiidicanduiii,

2087 1298 2293 1363 angelis
2327 1297 2671 1359 te-taiitibiis,
2708 1292 3114 1364 repromittens,
3147 1295 3359 1349 dicente
3388 1300 3668 1363 apostolici

2088 1390 2252 1445 Actus
2280 1390 2535 1443 historia:
2565 1388 2661 1442 llic
2675 1386 2827 1443 Iesus
2850 1390 2939 1455 qui
2962 1398 3189 1458 receptas
3208 1398 3283 1440 est
3303 1407 3335 1440 a
3355 1389 3493 1441 soliis
3509 1390 3672 1460 724

2085 1483 2158 1534 sic
2183 1482 2367 1546 veniet,
2390 1482 2818 1551 quemadmodum
2839 1481 3037 1535 vidistis
3056 1496 3170 1535 eunt
3192 1493 3389 1534 euntem
3416 1482 3466 1533 in
3490 1484 3673 1536 ίωιωκ

2087 1575 2225 1646 (Act.
2260 1590 2307 1642 ι,
2342 1574 2461 1646 tt).

2700 1666 2925 1721 CAPUT
2966 1666 3053 1720 ιν.

2463 1797 2539 1853 De
2566 1799 2810 1868 apostolis
2837 1809 2885 1852 et
2914 1798 3060 1852 beate
3098 1795 3283 1854 Maria.

407 1951 589 2005 retulit
616 1950 756 2017 quod
782 1964 902 2002 cum
927 1948 1160 2017 quinque
1188 1947 1316 2001 viris
1341 1947 1548 2016 aspexit
1572 1944 1622 2011 ι’,
1654 1945 1747 2000 sed
1775 1946 1982 2000 duobus

2156 1929 2336 1988 Postd
2387 1931 2760 1989 admirabilem
2806 1933 2965 2001 igitur
3012 1932 3294 1987 dominicae
3342 1935 3673 1990 ascensionis

408 2048 613 2093 tantum
641 2037 907 2107 apparuit.

1033 2123 1260 2179 CAPUT
1300 2124 1362 2178 ll.

330 2304 345 2307 π
411 2238 488 2293 De
517 2237 776 2291 miraculis
809 2235 1014 2289 Domini
1046 2245 1090 2288 et
1119 2234 1402 2290 Saluatoris
1431 2234 1591 2289 nostri
1615 2233 1741 2290 Jesu
1776 2237 1984 2291 Christi.

483 2349 742 2403 Dominus
798 2360 819 2386 ι
873 2348 1031 2417 igitur
1081 2355 1263 2402 noster
1306 2348 1463 2403 .lesiis
1509 2349 1749 2403 Christus
1798 2349 1849 2403 in
1894 2364 1983 2403 as-

410 2448 626 2507 Siimpta
670 2453 833 2492 carne
880 2437 949 2492 de
996 2436 1208 2505 Virgine
1253 2438 1521 2509 (An.50),
1567 2441 1730 2493 multa
1781 2440 1986 2509 pepulis

415 2532 671 2585 miracula
694 2539 777 2582 est
808 2528 965 2598 723
996 2529 1241 2597 dignatus
1265 2529 1567 2584 oetendere.
1596 2530 1822 2585 llaustos
1843 2530 1983 2584 enim

406 2621 601 2689 latices
649 2620 700 2674 in
731 2618 839 2672 v.iii
869 2634 1117 2688 saporem
1165 2622 1458 2685 convertit,
1508 2635 1770 2675 ciccoruin
1817 2623 1986 2676 oculis

408 2713 631 2781 depulsa
676 2722 833 2767 nocte
864 2712 1041 2765 lumen
1074 2710 1288 2775 infudit,
1324 2712 1737 2782 paralyticoruttt
1771 2727 1986 2781 gressus

410 2805 582 2855 ablata
614 2803 892 2857 debilitate
921 2801 1154 2865 direxit,
1187 2801 1361 2855 febres
1401 2803 1769 2870 :egrotantiiim
1811 2803 1988 2869 fugato

411 2892 606 2946 ardore
635 2891 879 2946 restinxit
899 2931 912 2956 ,
946 2891 1293 2960 hydropicum
1322 2905 1633 2960 compresso
1665 2902 1873 2947 tumore
1901 2909 1988 2946 sa-

412 2982 590 3047 navit,
625 2981 826 3049 lepram
856 2980 1135 3034 discedere
1159 2983 1298 3033 sacri
1326 2981 1438 3036 oris
1464 2981 1656 3036 virtute
1685 2983 1984 3048 mandavit,

415 3071 692 3126 mulierem
741 3071 1008 3124 daemonio
1039 3070 1351 3124 inclinatam
1395 3071 1749 3126 iiividentibus
1791 3072 1988 3129 ludatis

379 3222 382 3226 Α
412 3162 613 3224 erexit;
658 3175 820 3229 super
851 3175 1017 3224 aquas
1049 3176 1198 3225 vero,
1232 3177 1335 3216 non
1373 3164 1769 3217 dehiscentibus
1811 3165 1985 3232 aquis,

414 3254 667 3307 incessit:
702 3249 1027 3320 proﬂuvium
1046 3252 1288 3307 mulieris
1320 3260 1460 3306 tactu
1489 3252 1713 3306 llinbria:
1739 3253 1989 3308 salutaris

414 3351 627 3405 avertit.
655 3351 816 3406 Multa
848 3352 1063 3421 quidem
1093 3360 1147 3408 et
1174 3351 1278 3405 alia
1304 3349 1424 3405 fecit
1446 3390 1460 3416 ,
1488 3364 1608 3419 qua:
1634 3364 1787 3405 sacra
1816 3350 1992 3404 Evan-

416 3442 669 3513 gelioruni
701 3454 887 3515 narrat
914 3444 1157 3498 historia.
1188 3443 1388 3498 Tamen
1414 3457 1536 3497 cum
1568 3444 1766 3497 multos
1792 3442 1993 3498 Salubri

418 3539 727 3607 cmlestique
758 3539 1012 3592 mandato
1053 3546 1415 3592 restaurasset
1440 3535 1506 3590 ad
1539 3536 1732 3600 vitam,
1771 3543 1878 3590 tres
1925 3536 1994 3590 ab

419 3629 666 3683 infernali
698 3638 868 3683 morte
897 3628 1170 3695 reductos,
1202 3629 1323 3683 vitae
1359 3629 1630 3684 resumit:
1665 3627 1717 3682 id
1762 3636 1870 3694 est,
1901 3644 1990 3683 ar-

420 3721 769 3792 cbisynagogi
803 3722 965 3775 tiliam
997 3720 1333 3777 resuscitavit
1362 3722 1413 3775 in
1450 3721 1643 3786 domo;
1674 3721 1887 3775 unicum
1919 3721 1995 3775 vi-

422 3812 543 3866 dua:
585 3827 805 3882 surgere
828 3811 990 3881 jussit
1015 3812 1082 3867 ad
1115 3822 1285 3882 portas
1311 3826 1616 3883 egressum:
1644 3820 1700 3867 et
1740 3812 1993 3867 Lazarum

424 3903 634 3955 vocavit
657 3915 723 3955 ex
752 3910 1114 3957 monumento.

1044 4011 1270 4067 CAPUT
1310 4010 1393 4067 Ill.

570 4104 647 4158 De
677 4121 929 4175 passione,
957 4107 1320 4159 resurrectione
1336 4114 1385 4159 et
1410 4105 1700 4159 ascensione
1724 4108 1856 4177 ejus.

498 4196 660 4268 Igitur
694 4196 894 4261 Judaei,
928 4195 1111 4251 furore
1139 4191 1413 4261 succensi,
1456 4196 1601 4251 falsis
1642 4196 1994 4253 accusationi-

504 4360 528 4387 ι
557 4350 612 4402 lii
655 4349 804 4403 Colb.
833 4362 884 4401 a.
930 4348 1157 4403 nabctiir
1198 4347 1283 4402 hic
1320 4346 1374 4401 in
1423 4347 1560 4402 tituli
1605 4348 1855 4412 modum,
1897 4350 1998 4405 alia

429 4420 673 4487 quidem,
696 4419 789 4472 sed
812 4428 1017 4472 vetusta
1040 4432 1232 4471 manu:
1264 4417 1338 4469 De
1358 4416 1504 4469 stella
1525 4420 1576 4471 in
1600 4429 1804 4485 pateant
1827 4420 1995 4487 lapsa.

2088 2022 2311 2093 gloriam
2344 2021 2467 2094 (An.
2497 2023 2597 2086 55,
2628 2022 2695 2076 M
2728 2021 2918 2092 Maii),
2951 2039 3091 2091 quae,
3135 2025 3367 2077 contrito
3397 2026 3676 2082 diabolica)

2089 2113 2435 2184 malignitatis
2457 2113 2651 2182 capite,
2677 2124 2883 2167 mentes
2912 2113 3146 2167 lidcliiim
3172 2115 3235 2165 ad
3260 2116 3676 2183 contemplanda

2089 2203 2329 2258 cmlesua
2366 2204 2657 2266 animavit,
2687 2202 2859 2257 sancti
2886 2204 3112 2271 apostoli
3146 2204 3349 2256 Domini
3388 2216 3443 2257 et
3482 2205 3676 2259 Salva-

2089 2294 2218 2347 toris
2249 2295 2414 2348 nostri
2450 2308 2570 2347 cum
2617 2294 2769 2347 beata
2820 2294 2979 2346 Maria
3029 2305 3198 2347 matre
3245 2294 3382 2362 i-jus,
3418 2297 3466 2347 iii
3510 2311 3675 2350 unam

2088 2384 2394 2453 congregati
2441 2384 2657 2437 domum
2679 2424 2694 2446 ,
2724 2387 2903 2436 omnia
2937 2385 3204 2451 ponebant
3236 2385 3286 2436 in
3316 2384 3494 2438 medio
3525 2402 3539 2436 :
3569 2402 3674 2440 nec

2087 2474 2366 2543 quisquam
2394 2468 2549 2529 suum
2579 2473 2774 2541 aliquid
2804 2487 2923 2528 esse
2964 2474 3205 2534 dicebat;
3239 2474 3333 2529 sed
3377 2476 3676 2544 unusquis-

2094 2579 2199 2633 que
2227 2572 2417 2617 cuncta
2451 2563 2760 2633 possidebat
2787 2562 2839 2617 in
2868 2563 3150 2632 charitate,
3183 2562 3323 2617 sicut
3364 2580 3519 2620 sacer
3542 2581 3678 2635 apo-

2092 2657 2295 2711 stolicie
2335 2657 2558 2711 actionis
2590 2667 2767 2710 narrat
2796 2658 2967 2726 Stylus
3008 2656 3143 2727 (Act.
3179 2671 3251 2718 iv,
3280 2655 3391 2726 54).
3425 2657 3679 2712 Ροςιιιίιιο

2096 2748 2325 2817 dispersi
2357 2757 2479 2801 sunt
2508 2762 2603 2816 per
2630 2747 2875 2815 regiones
2903 2746 3142 2801 diversas
3170 2748 3233 2800 ad
3275 2749 3676 2816 praedicandum

2090 2843 2311 2897 verbum
2357 2841 2448 2896 Dei
2481 2841 2606 2913 (An.
2632 2840 2742 2911 '56).
2771 2840 3008 2910 Denique
3049 2843 3268 2910 impleto
3296 2856 3324 2893 a
3370 2842 3518 2895 beata
3566 2841 3679 2896 Ma-

2090 2934 2168 2988 ria
2218 2933 2373 3002 hujus
2403 2935 2528 3007 vita:
2556 2947 2713 2986 cursu
2732 2972 2747 2996 ,
2791 2945 2912 2985 cum
2945 2932 3052 2998 jam
3083 2942 3364 2985 vocaretur
3392 2948 3419 2983 a
3450 2935 3677 2997 szeculo,

2089 3023 2395 3092 congregati
2417 3031 2543 3077 sunt
2562 3037 2749 3077 omnes
2772 3023 2997 3090 apostoli
3025 3021 3092 3075 de
3118 3023 3343 3092 singulis
3364 3024 3681 3092 regionibus

2089 3114 2155 3168 ad
2199 3113 2417 3168 domum
2446 3114 2565 3184 ejus
2610 3114 2733 3186 (An.
2759 3116 2874 3185 £8).
2918 3113 3160 3185 Cumque
3205 3116 3501 3171 audiissent
3545 3121 3679 3187 quia

2090 3217 2233 3261 esset
2280 3206 2601 3261 assumenda
2644 3207 2713 3261 de
2765 3205 2983 3271 mundo,
3016 3207 3306 3275 vigilabant
3333 3221 3453 3261 cum
3482 3223 3546 3260 ca
3588 3209 3679 3261 si-

2023 3306 2069 3368 c
2099 3297 2247 3352 mul:
2280 3307 2335 3352 et
2364 3309 2495 3351 ecce
2542 3295 2796 3351 Dominus
2842 3295 2997 3351 Jesus
3036 3296 3255 3349 advenit
3301 3311 3420 3349 cinn
3467 3298 3680 3365 angelis

2097 3391 2231 3458 suis,
2263 3400 2316 3447 et
2344 3392 2610 3459 accipiens
2639 3390 2869 3444 animam
2897 3388 3033 3459 ejus,
3069 3389 3284 3443 tradidit
3314 3389 3553 3443 Micliaell
3583 3406 3678 3443 ar-

2095 3482 2389 3552 changelo,
2436 3489 2492 3535 et
2541 3480 2786 3534 recessit.
2845 3479 3088 3532 Diluculo
3139 3490 3316 3533 autem
3368 3482 3678 3537 levaverunt

2095 3572 2324 3642 apos'toli
2353 3585 2476 3624 cum
2506 3570 2700 3625 lectulo
2726 3583 2921 3637 corpus
2950 3569 3088 3637 ejus,
3116 3579 3512 3637 posueruiitque
3541 3570 3677 3625 illud

2097 3665 2150 3720 in
2199 3671 2566 3726 monumento,
2608 3671 2663 3717 et
2710 3661 3082 3716 cusmdiebant
3128 3661 3336 3729 ipsum,
3383 3665 3680 3718 adventum

2097 3755 2310 3810 Domini
2341 3753 2738 3825 praestolantes.
2769 3752 2833 3807 Et
2867 3765 2992 3806 ecce
3021 3752 3209 3804 iterum
3239 3751 3444 3805 adstitit
3465 3753 3543 3805 eis
3571 3753 3680 3806 Do-

2099 3846 2296 3913 minus,
2341 3855 2758 3913 susceptunique
2793 3856 2988 3911 corpus
3027 3852 3269 3895 sanctum
3301 3842 3353 3894 iii
3392 3843 3531 3896 nube
3572 3846 3673 3896 de:

2098 3938 2222 3993 ferri
2249 3936 2417 4007 jussit
2438 3936 2489 3990 in
2510 3934 2851 4004 paradisum:
2878 3933 2965 3986 ubi
2992 3948 3154 3999 nunc,
3180 3941 3449 4000 resumpta
3472 3934 3674 3995 anima.

2098 4044 2218 4084 cum
2266 4027 2451 4082 electis
2475 4026 2592 4095 ejus
2618 4025 2918 4090 exsultans,
2961 4022 3274 4078 aeternitatis
3316 4023 3486 4088 bonis,
3527 4026 3680 4079 nullo

2100 4117 2370 4175 occasuris
2400 4117 2527 4181 line,
2558 4113 2841 4186 perfruitur
2863 4121 2896 4171 ε

2099 4362 2156 4410 et
2180 4356 2371 4408 anima:
2398 4354 2451 4407 in
2481 4354 2648 4408 ctelos
2691 4353 3109 4423 assumptionem
3149 4354 3443 4409 asseruisse
3470 4356 3677 4422 reperi-

2104 4438 2207 4478 tur.
2245 4426 2366 4478 Haac
2409 4434 2584 4476 tamen
2616 4425 2877 4477 sententia
2911 4423 3046 4476 haud
3090 4426 3255 4476 multo
3294 4434 3469 4490 postea
3515 4426 3582 4477 ita
3615 4425 3674 4480 in

433 4490 489 4544 Id
520 4498 699 4562 autem
726 4488 1089 4562 observamus,
1124 4487 1264 4556 quod
1292 4489 1595 4562 etiamnunc
1625 4503 1787 4555 prope
1814 4504 2004 4562 caver-
2102 4495 2290 4549 Galliis
2321 4493 2624 4562 praevaluit,
2652 4502 2706 4545 ut
2736 4493 2906 4562 etiam
2947 4494 2999 4562 in
3039 4487 3330 4562 Liturgiatn
3383 4495 3539 4546 fuerit
3586 4495 3675 4548 itt-

437 4572 562 4611 nam
593 4555 1061 4626 Bethlceiuitatiam
1095 4555 1283 4626 puteus
1311 4569 1405 4606 seu
1442 4556 1673 4610 cisterna
1705 4560 1999 4626 peregrinis

2104 4574 2285 4633 vecta,
2308 4561 2448 4631 quod
2473 4570 2611 4633 patet
2639 4577 2703 4616 ex
2731 4561 2923 4633 Missali
2952 4561 3313 4624 Gothico,’lib.
3339 4578 3393 4619 iri
3422 4564 3675 4633 Liturgiu:

436 4623 1035 4719 tfllt‘B-f‘l‘t‘l‘altllk.:l‘tiltlttalll
1084 4624 1269 4691 vulgus
1296 4631 1445 4692 putat
1472 4625 1680 4679 stellam
1720 4623 1995 4695 magorum
2025 4658 2080 4719 Β
2105 4623 2412 4719 (ξίξιιιοὶηὶω,
2446 4623 2496 4685 ἱιί
2519 4632 2693 4719 ,ιιι-ἱεξᾶ
2720 4632 2797 4719 de
2824 4633 3195 4719 Assiimptiotie
3237 4642 3432 4711 sancta:
3463 4623 3671 4713 Mariae,

437 4695 698 4761 dilapsam
730 4693 911 4745 fuisse.

511 4762 536 4801 δ
557 4760 715 4816 Colb.
743 4777 818 4827 a.,
848 4761 945 4815 alia
975 4775 1161 4825 manu,
1192 4760 1507 4828 introspexit.

509 4843 532 4871 c
567 4833 677 4887 Hoc
702 4842 859 4900 caput
899 4845 1018 4884 cuni
1066 4832 1408 4898 sequentibus
1434 4833 1499 4884 ad
1546 4830 1881 4889 undecimum
1913 4833 1997 4890 in-

436 4904 639 4960 clusive
666 4903 815 4956 deest
841 4902 893 4956 in
924 4900 1044 4954 cod.
1068 4900 1303 4955 Claroni.
1324 4916 1375 4955 a.

508 4972 537 5010 ἀ
571 4974 665 5027 llic
694 4973 881 5043 incipit
922 4971 1067 5025 Clar.
1092 4973 1153 5043 b.
1180 4975 1259 5024 An
1291 4986 1419 5025 vero
1441 4970 1745 5043 aliquando
1792 4988 1995 5043 pmice-

435 5044 614 5097 tientia
643 5044 815 5110 capita
859 5042 911 5095 in
954 5056 1019 5096 eo
1059 5042 1183 5095 cod.
1214 5041 1545 5105 exstiterint,
1575 5041 1832 5096 incertum
1879 5054 1995 5110 est,

436 5128 559 5165 cuin
590 5113 725 5167 istud
758 5112 907 5165 initio
933 5113 1133 5179 pagina:
1162 5112 1438 5178 habeatur,
1463 5123 1515 5166 et
1542 5127 1792 5166 numerus
1820 5115 1993 5169 nullus

438 5182 658 5252 singulis
686 5181 934 5252 capitulis
960 5183 1330 5248 praeminatur,
1364 5196 1463 5235 nec
1490 5182 1628 5236 tilltis
1650 5184 1883 5252 capitum
1914 5186 1994 5238 iii-

438 5249 647 5306 dii-.iilus
673 5253 722 5303 in
750 5264 815 5303 eo
840 5249 1021 5302 codice
1050 5266 1277 5319 unquam
1309 5252 1484 5304 fuerit.

513 5331 537 5357 θ
566 5322 719 5384 Mor.,
746 5318 1049 5386 perfruetur.
1083 5318 1204 5373 Haec
1231 5335 1408 5388 porro,
1439 5337 1558 5387 qua:
1577 5322 1644 5378 de
1668 5334 1838 5377 morte
1863 5323 1991 5376 bea-

441 5392 660 5445 tissimie
708 5388 937 5456 Virginis
979 5389 1197 5455 ejusque
1242 5390 1651 5444 circumstantiis
1698 5402 1879 5445 narrat
1908 5393 1993 5447 hic

438 5459 747 5524 Gregorius,
781 5460 959 5525 procul
1003 5456 1160 5509 dubio
1188 5457 1361 5510 hausit
1386 5474 1449 5510 es
1485 5460 1688 5513 l'seudo
1727 5462 1993 5517 Melitonis

439 5530 778 5583 Sardensium
805 5526 1051 5595 episcopi
1070 5526 1204 5578 libro
1228 5528 1294 5580 de
1320 5526 1566 5581 Transitu
1598 5531 1766 5582 beata:
1796 5530 1991 5595 Mariae,

442 5600 576 5678 inter
600 5594 1230 5678 apocrj'pliosaCelasio
1243 5611 1400 5678 “papa
1434 5596 1716 5678 recensito,
1746 5615 1830 5666 qui
1863 5594 1996 5653 liber

443 5671 611 5720 editus
639 5664 735 5722 'est
768 5664 825 5720 in
873 5664 1196 5719 Bibliotheca
1242 5664 1473 5717 Patrum.
1523 5664 1779 5719 Mortuani
1817 5680 1993 5724 autem

442 5751 560 5788 eam
590 5734 781 5802 Ephesi
813 5736 994 5798 fuisse,
1026 5737 1304 5788 doctorum
1345 5739 1574 5789 virorum
1603 5746 1686 5789 est
1714 5739 1992 5793 sententia.

443 5806 512 5855 At
538 5818 694 5855 nemo
718 5815 843 5858 aute
863 5804 1173 5872 Gregorium
1200 5802 1561 5858 Turonenseni
1584 5804 1794 5858 disertis
1820 5809 1997 5860 verbis

445 5872 883 5927 resurrectionem
910 5872 1076 5929 beata:
1099 5874 1298 5940 Mariae,
1330 5872 1552 5944 ejusque
1571 5875 1809 5943 corporis
1834 5876 1993 5930 simul

2104 4704 2188 4757 ubi
2236 4717 2339 4773 non
2370 4701 2539 4773 semel
2573 4700 2735 4773 hujus
2772 4701 3091 4773 beatissima:
3123 4700 3348 4773 Virginis
3390 4716 3584 4773 corpus
3614 4704 3671 4758 in

2100 4773 2267 4826 oculos
2294 4772 2487 4824 dicitur
2517 4769 2675 4823 fuisse
2714 4770 3062 4835 translatum,
3097 4779 3151 4823 et
3193 4769 3404 4839 quidem
3456 4769 3507 4823 in
3543 4787 3674 4826 ron-

2103 4842 2388 4895 testatione
2410 4854 2530 4893 cum
2557 4839 2742 4893 iisdem
2769 4839 3204 4905 circumstantiis,
3230 4855 3348 4905 quae
3377 4842 3461 4893 hic
3484 4858 3513 4893 a
3539 4840 3677 4902 Cre-

2100 4912 2247 4981 gurio
2270 4924 2454 4963 noswo
2474 4908 2930 4981 narranturLVide
2952 4921 3006 4981 et
3028 4909 3170 4981 aliud
3194 4914 3672 4981 sacramentarinnt

2100 4977 2460 5042 Gallicanum,
2508 4988 2651 5031 tomo
2690 4978 2707 5031 l
2752 4978 2915 5032 Musei
2963 4978 3159 5046 Italici,
3205 4993 3321 5047 pag.
3352 4977 3479 5032 '50:).
3521 4979 3667 5035 Nihil

2100 5061 2275 5105 tamen
2302 5049 2475 5102 simile
2498 5048 2654 5100 habet
2675 5050 3141 5101 sacraiiientarium
3171 5048 3467 5101 Romanum
3489 5054 3666 5104 sancti

2097 5120 2360 5187 Gregorii.
2394 5116 2471 5171 De
2500 5122 2597 5169 hac
2622 5132 2679 5169 re
2703 5130 2880 5171 aii'ein
2911 5117 3232 5187 disputatum
3263 5128 3345 5172 est
3366 5118 3534 5187 fusius
3561 5121 3667 5174 hoc

2097 5181 2324 5250 εωεῦιη,
2348 5188 2626 5241 occasione
2656 5181 3010 5254 Martyrologii
3061 5182 3307 5242 Usuardi.
3364 5181 3496 5241 Vitle
3519 5189 3663 5245 clar.

2099 5258 2201 5311 viri
2237 5257 2561 5310 Tilletiioutii
2605 5266 2754 5309 notas
2786 5254 2851 5309 14
2879 5266 2933 5309 et
2960 5255 3027 5308 13
3054 5254 3106 5309 in
3140 5256 3307 5309 Vitam
3350 5256 3517 5309 beata:
3551 5259 3670 5312 Vir-

2094 5328 2229 5394 ginis
2260 5327 2456 5390 Marite,
2484 5336 2625 5380 tome
2651 5325 2665 5379 I
2693 5326 2827 5379 llist.
2851 5328 3070 5392 eccles.,
3097 5325 3299 5395 quibus
3318 5326 3454 5380 addc
3483 5330 3661 5381 lorum

2099 5393 2423 5459 Adamnaiii,
2457 5396 2545 5449 lib.
2577 5411 2591 5448 t
2617 5395 2683 5447 de
2715 5396 2869 5449 Locis
2893 5393 3249 5461 sanctis-,cap.
3277 5393 3331 5458 9,
3364 5398 3449 5449 ubi
3477 5396 3544 5449 de
3574 5413 3663 5450 se-

2102 5467 2286 5534 pulcro
2328 5467 2495 5520 beata:
2534 5466 2731 5527 Mariie,
2756 5464 2895 5532 quod
2938 5479 3100 5533 prope
3144 5465 3559 5533 Hierosolymam
3608 5468 3665 5519 in

2103 5535 2237 5588 valle
2282 5534 2536 5603 liisapliat
2573 5536 2974 5597 ostendebatur,
3019 5537 3100 5587 sic
3129 5534 3400 5600 loquitur:
3432 5534 3498 5586 In
3535 5551 3661 5603 quo,

2103 5604 2273 5672 inquit
2300 5604 2390 5658 ille
2413 5613 2614 5666 auctor,
2646 5604 2926 5671 aliquando
2948 5603 3147 5671 sepulta
3180 5604 3428 5669 pensavit.
3463 5604 3569 5657 Sed
3602 5613 3668 5658 de

2101 5676 2273 5726 eodem
2301 5673 2531 5735 sepulcro
2567 5672 2838 5741 quomodo,
2872 5674 2947 5725 vel
2972 5688 3072 5741 quo
3114 5682 3350 5741 temppre,
3379 5684 3467 5726 aut
3491 5690 3523 5724 a
3559 5681 3674 5740 qui-

2103 5743 2194 5794 bus
2222 5743 2447 5805 personis
2473 5754 2705 5794 sanctum
2743 5744 3098 5811 corpusculum
3134 5743 3245 5811 ejus
3272 5743 3337 5795 sit
3378 5744 3676 5808 sublatum,

2104 5813 2180 5864 vel
2206 5827 2305 5880 quo
2327 5813 2437 5890 loco
2458 5812 2875 5864 resurrectionem
2895 5821 3168 5881 exspectat,
3190 5813 3383 5879 nullus,
3404 5823 3458 5865 stt
3484 5817 3552 5881 [ei
3566 5827 3670 5875 ειν,

2101 5892 2345 5947 procerto
2364 5888 2489 5931 scire
2518 5888 2696 5948 potest.
3298 5897 3303 5902 '
