3982 6346
392 465 496 521 τηε)

1026 558 1255 615 CAPUT
1298 560 1360 614 V.

552 669 627 723 De
647 685 795 723 truce
814 678 862 725 ct
884 669 1201 725 mirabilibus
1228 673 1340 742 ejus
1363 674 1502 741 apud
1531 670 1816 727 Pictorum.

464 780 644 850 725.
664 780 800 832 Crux
824 778 1237 851 dominica,qute
1249 781 1315 835 ab
1330 780 1525 834 Helena
1540 789 1763 849 augusta
1775 787 1983 848 reperta

405 879 486 922 est
504 868 888 937 Hierosolymis
911 867 1231 940 (Christian.
1265 868 1394 934 526,
1418 870 1452 924 '5
1468 868 1643 935 Maii),
1659 871 1729 923 ita
1749 878 1775 905 ει
1796 878 1983 938 quarta

405 971 461 1014 et
484 969 636 1013 sexta
662 959 797 1014 l’erin
826 961 1100 1015 adorator.
1136 961 1304 1031 Hujus
1337 961 1591 1030 reliquias
1620 972 1672 1017 et
1694 963 1907 1028 merito,
1931 968 1986 1016 et

408 1051 513 1107 lide
544 1052 757 1106 Helena:
775 1052 1161 1121 comparanda,
1187 1052 1367 1122 regina
1396 1052 1737 1122 Radegnndis
1761 1053 1986 1122 expetiit

406 1146 519 1217 (an.
562 1144 716 1214 569),
763 1160 826 1200 ac
873 1146 1066 1201 devote
1117 1146 1170 1200 in
1220 1146 1602 1200 monasterium
1648 1144 1981 1209 Pictavense,

406 1236 546 1303 quod
595 1251 693 1291 suo
739 1236 921 1290 studio
968 1235 1265 1299 constituit,
1304 1236 1587 1291 collocavit
1620 1234 1687 1300 ι⁵;
1734 1235 1986 1304 misitque

406 1341 606 1397 pueros
655 1328 847 1383 iterum
896 1327 1304 1398 Hierosolymis,
1336 1342 1399 1382 ac
1427 1308 1533 1396 per.
1551 1336 1715 1382 totam
1755 1326 1987 1383 Orientis

411 1419 640 1487 plagam.
686 1418 787 1483 Qui
860 1419 1254 1472 circumeuntes
1322 1419 1608 1485 sepulcra,
1681 1426 1986 1472 sanctorum

408 1519 707 1578 martyrum
750 1506 1230 1578 confessorumque
1255 1521 1570 1563 cunctorum
1602 1509 1855 1579 reliquias
1896 1509 1988 1565 de-

411 1598 646 1652 tulerunt
676 1614 691 1651 :
724 1597 919 1667 quibus
970 1600 1020 1651 in
1067 1614 1189 1652 arca
1235 1610 1488 1669 argentea
1520 1613 1641 1653 cum
1687 1599 1801 1669 ipsa
1829 1613 1990 1653 cruce

408 1696 590 1745 sancta
639 1689 863 1756 locatis,
924 1691 1085 1744 multa
1129 1690 1322 1746 exinde
1376 1692 1630 1746 miratu'a
1681 1692 1991 1760 conspicere

410 1780 627 1835 meruit.
660 1780 735 1835 De
757 1780 951 1850 quibus
981 1781 1109 1836 illud
1148 1785 1375 1852 primum
1406 1798 1694 1853 exponam,
1720 1784 1858 1854 quod
1889 1784 1990 1839 ibi-

410 1870 533 1924 dem
567 1871 827 1926 Dominus
865 1871 918 1925 in
964 1873 1153 1927 diebus
1196 1875 1459 1942 passionis
1485 1889 1595 1930 sua:
1624 1876 1869 1945 dignatus
1908 1884 1991 1931 est

411 1962 669 2017 revelare.
700 1962 862 2018 Sexta
890 1960 1024 2017 feria
1070 1973 1193 2018 ante
1236 1975 1478 2019 sanctum
1514 1965 1741 2032 Pascha,
1772 1981 1892 2021 cum
1936 1967 1990 2022 iu

412 2054 607 2124 vigiliis
635 2054 755 2110 sine
801 2054 1005 2111 lumine
1035 2067 1436 2126 pernoctareot,
1472 2059 1613 2112 circa
1665 2058 1851 2113 horam
1883 2067 1991 2113 ter-

413 2144 544 2199 tiam
578 2145 751 2200 noctis
780 2145 1024 2215 apparuit
1055 2160 1179 2201 ante
1208 2148 1379 2202 altare
1409 2150 1590 2202 lumen
1621 2149 1899 2216 parvulum
1934 2147 1989 2203 in

414 2234 633 2309 modum
677 2234 921 2289 scintilla:
950 2252 964 2288 :
1000 2236 1196 2290 deinde
1229 2236 1565 2304 ampliatum,
1600 2236 1701 2291 huc
1760 2236 1991 2307 illucque

411 2338 596 2379 comas
646 2323 867 2395 fulgoris
917 2338 1193 2396 spargem,
1225 2327 1389 2395 cmpit
1432 2328 1692 2397 gradatim
1724 2328 1777 2382 itt
1823 2328 1989 2383 altum

409 2415 781 2471 conscendere
838 2431 853 2468 :
908 2416 1206 2485 eﬂectaque
1260 2416 1459 2485 pharus
1509 2432 1696 2487 magna
1749 2418 1992 2473 obscurae

408 2505 556 2559 nocti
588 2505 939 2575 vigilantique
982 2507 1280 2575 plebecula:
1308 2507 1485 2563 lumen
1529 2510 1755 2576 praebuit
1793 2510 1993 2579 suppli-

407 2597 585 2662 canti;
613 2597 959 2653 illucescente
993 2613 1205 2667 quoque
1226 2599 1386 2663 coelo,
1414 2599 1661 2668 paulatim
1708 2601 1988 2669 deficiens,

398 2688 536 2741 data
577 2689 737 2743 terris
782 2689 919 2751 luce,
953 2689 1020 2743 ab
1060 2690 1229 2743 oculis
1252 2690 1556 2744 mirantium
1608 2692 1841 2747 evanuit.
1876 2694 1988 2765 Ego
2082 2722 2085 2725 -

408 2793 591 2835 autem
644 2780 926 2834 audiebam
980 2781 1199 2849 saepius,
1230 2780 1373 2849 quod
1429 2780 1591 2835 etiam
1647 2781 1846 2852 lyr-hui,
1899 2785 1990 2854 qui

407 2872 851 2927 accendebantur
873 2884 998 2927 ante
1028 2874 1137 2927 lucc
1172 2873 1414 2943 pignora,
1446 2873 1762 2929 ebullientes
1794 2874 1991 2931 virtute

409 2966 619 3031 divina,
644 2966 696 3018 in
724 2974 925 3018 tantunt
956 2964 1287 3019 exundareut
1314 2964 1509 3031 oleum,
1543 2977 1600 3018 ut
1628 2980 1718 3020 vas
1740 2968 1989 3034 supposi-

411 3066 531 3111 tum
567 3055 884 3126 plerumque
911 3057 1219 3124 replerent:
1251 3065 1304 3110 et
1334 3064 1508 3111 tamen
1534 3055 1682 3125 juxta
1707 3057 1989 3110 stultitiam

413 3148 613 3205 mentis
661 3149 812 3203 dura:
855 3164 1124 3217 nunquam
1172 3148 1236 3201 ad
1272 3147 1383 3201 htec
1407 3146 1670 3202 credenda
1716 3149 1987 3214 movebar,

413 3240 590 3294 donec
614 3243 823 3293 brutam
855 3240 1137 3308 segnitiem
1166 3240 1232 3292 ad
1255 3253 1489 3307 praesens
1512 3239 1622 3307 ipsa
1645 3254 1763 3308 qua:
1778 3248 1991 3293 ostensa

415 3340 502 3386 est
530 3331 699 3385 virtus
728 3341 1005 3399 argueret;
1040 3330 1267 3398 ideoque
1296 3343 1416 3398 quae
1451 3329 1620 3384 oculis
1655 3331 1882 3399 propriis
1910 3329 1993 3384 vi-

410 3421 584 3475 derim
607 3421 910 3490 explicabo.
939 3420 1111 3474 Causa
1151 3419 1454 3475 deVotionis
1486 3420 1687 3474 exstitit
1713 3431 1770 3474 ut
1810 3421 1993 3489 sepul-

411 3529 569 3570 crum
616 3515 786 3569 sancti
846 3513 1032 3568 Hilarii
1079 3513 1324 3577 visitans,
1373 3511 1532 3581 hujus
1566 3513 1763 3581 regina:
1794 3512 1995 3567 adirem

411 3605 710 3672 colloquia.
771 3605 1154 3673 Ingressusque
1202 3603 1624 3667 monasterium,
1671 3588 1998 3657 consalutata

416 3698 629 3767 regina,
662 3711 841 3751 coram
870 3695 1035 3767 726
1058 3694 1328 3749 adoranda
1356 3709 1516 3748 cruce
1539 3707 1602 3748 ac
1631 3694 1799 3748 sacris
1820 3693 2001 3749 beato-

415 3806 539 3844 tum
584 3799 900 3860 prosterttor
932 3787 1263 3856 pignoribus.
1313 3785 1552 3855 Denique
1580 3784 1822 3842 oratione
1861 3784 1998 3839 facta

415 3880 657 3936 surrexi.
688 3880 813 3933 Erat
844 3879 987 3932 enim
1019 3877 1085 3931 ad
1134 3876 1411 3931 dexteram
1455 3873 1678 3945 lychnus
1723 3888 1999 3939 accensus,

415 3986 580 4043 quem
604 3986 724 4025 cum
752 3969 911 4021 stillis
933 3966 1299 4036 frequentibus
1323 3964 1559 4019 deﬂuere
1579 3964 1997 4033 conspexissem,

418 4074 591 4118 testor
617 4063 778 4116 Deum
816 4059 942 4130 quia
974 4056 1156 4128 putavi
1198 4056 1349 4126 quasi
1392 4072 1483 4110 vas
1513 4064 1655 4111 esset
1700 4055 1998 4123 eﬂ'ractum,

386 4174 387 4177 η
421 4154 548 4222 quia
595 4164 710 4207 erat
752 4153 800 4205 ei
846 4151 1048 4205 concha
1092 4150 1394 4220 supposita,
1435 4148 1487 4202 in
1515 4162 1675 4218 quam
1702 4147 1878 4201 oleum
1909 4146 2003 4201 de-

387 4245 598 4299 ‘ﬂnens
651 4242 958 4297 decidebat.
1006 4240 1160 4294 'l‘unc
1215 4252 1509 4293 conversus
1553 4237 1621 4293 ad
1654 4236 1997 4301 abbatissam,

418 4335 509 4389 aio
540 4351 553 4388 :
590 4333 833 4387 Tantane
868 4343 920 4387 te
949 4330 1146 4385 retinet
1168 4328 1365 4384 mentis
1392 4328 1623 4398 ignavia,
1658 4336 1715 4382 ut
1738 4326 2001 4397 integrum

418 4424 726 4480 cicindilem
762 4423 907 4496 [Al.,
939 4419 1218 4494 cicindile]
1269 4420 1513 4474 laborare
1565 4433 1669 4474 non
1712 4404 1906 4489 possis,
1949 4418 2002 4473 in

418 4532 529 4587 quo
576 4516 752 4570 oleum
784 4514 1143 4579 accendatur,
1192 4512 1296 4567 nisi
1351 4512 1627 4568 eﬂ‘ractum
1674 4527 1778 4582 quo
1808 4511 2005 4567 deﬂuat

420 4608 634 4677 ponas?
667 4608 728 4660 Et
759 4609 844 4660 illa
877 4623 892 4661 :
920 4604 1031 4661 Nec
1078 4612 1163 4660 est
1200 4605 1298 4670 ita,
1333 4603 1548 4659 domine
1577 4603 1671 4667 mi,
1699 4602 1794 4659 sed
1838 4604 2002 4658 virtus

422 4708 514 4753 est
542 4697 721 4751 crucis
752 4707 953 4751 sanctae
983 4711 1140 4764 quam
1170 4695 1370 4750 cernis.
1402 4694 1552 4749 Tunc
1581 4710 1680 4765 ego
1712 4694 1778 4749 ad
1810 4710 1895 4751 me
1920 4710 2007 4751 re-

426 4802 640 4854 versus,
673 4795 729 4843 et
765 4788 831 4840 ad
872 4787 1185 4840 memoriam
1226 4799 1485 4840 revocans
1508 4800 1628 4854 qua:
1658 4789 1803 4855 prius
1824 4786 2007 4842 audie-

428 4894 567 4945 ram,
598 4892 891 4933 conversus
912 4878 978 4931 ad
1010 4877 1285 4949 lychnum,
1310 4877 1466 4932 video
1516 4878 1571 4932 in
1619 4877 1836 4933 modum
1879 4878 2007 4934 olla:

502 5041 530 5069 ι
552 5033 703 5087 Coth.
736 5047 809 5093 a.,
845 5031 1217 5101 Hierosolymis
1240 5030 1359 5086 sila.
1391 5031 1466 5086 De
1490 5032 1792 5088 inventione
1811 5042 2012 5089 sanctze

426 5103 606 5157 crucis
644 5103 742 5156 sub
782 5102 1010 5155 Mat-ario
1037 5106 1203 5170 episc.
1235 5116 1297 5155 ac
1327 5103 1597 5157 miraculis
1635 5118 1695 5157 ea
1724 5105 2003 5159 oceasione

428 5173 651 5240 patratis
679 5183 839 5241 agunt
866 5170 1094 5242 Cyrillus
1118 5171 1603 5242 Hierosolymorum
1633 5174 1798 5241 episc.
1828 5189 1842 5237 ;
1874 5189 2002 5228 san-

425 5254 550 5296 ctus
579 5243 893 5295 Ambrosius
915 5241 982 5295 in
1023 5253 1159 5294 orat.
1191 5242 1258 5295 de
1288 5241 1472 5296 funere
1502 5241 1825 5308 Theodosii;
1859 5243 2005 5297 Ruﬁ-

428 5325 534 5365 nus
560 5310 650 5365 lib.
678 5328 711 5365 x
758 5312 892 5365 Hist.
919 5311 1149 5374 eccles.;
1179 5320 1389 5365 sanctus
1423 5312 1674 5366 Paulinus
1700 5314 1753 5367 in
1782 5313 2004 5380 epistola

426 5382 496 5434 ad
525 5380 822 5444 Severum;
853 5381 1087 5436 Severus
1123 5381 1389 5444 Sulpicius
1428 5382 1518 5436 lib.
1563 5397 1597 5434 Il
1630 5382 1872 5437 Historia:
1914 5396 2003 5436 sa-

424 5465 571 5515 crm;
607 5451 928 5505 Theodoret.
964 5450 1056 5503 lib.
1105 5466 1158 5515 t;
1208 5452 1443 5514 Socrat.,
1486 5452 1771 5506 Sozomen.
1822 5463 1877 5507 et
1916 5452 2004 5506 alii

430 5523 633 5589 passim
660 5529 907 5591 auctores
939 5520 1136 5574 Histor.
1184 5523 1402 5585 eccles.,
1428 5522 1569 5589 quod
1598 5522 1881 5591 contigisse
1913 5538 2010 5591 pu—

431 5600 551 5662 t_a_nt
575 5604 717 5662 anno
744 5589 868 5662 319'.
895 5590 1112 5662 Deliae
1139 5592 1265 5662 ipse
1309 5591 1595 5662 Gregorius
1627 5590 1720 5645 lib.
1749 5589 1765 5645 i
1798 5589 1934 5646 Hist.
1956 5606 2008 5647 c.

431 5659 526 5722 36,
556 5660 650 5715 sed
678 5676 743 5714 ex
772 5660 1029 5714 fabulosis
1047 5660 1203 5714 actis.

506 5730 537 5769 δ
582 5730 657 5785 De
685 5728 767 5783 his
793 5730 900 5797 egit
930 5727 1216 5801 Gregorius
1254 5728 1349 5784 lib.
1380 5745 1432 5784 tx
1467 5728 1609 5801 Hist.
1651 5742 1773 5799 cap.
1803 5728 1907 5801 40,,
1925 5729 2013 5786 ubi

435 5800 1279 5871 mmoulla_ol)servavim_us,qu:e
1312 5800 1532 5871 videsis,
1559 5801 1697 5856 sicut
1723 5810 1776 5855 et
1800 5800 2013 5855 Bollan-

430 5868 631 5925 ‘dtanos
659 5869 724 5925 ad
751 5868 890 5924 diem
917 5867 952 5923 ὅ
970 5868 1111 5924 Maii.

1239 446 1736 507 MIRACULORUM
1778 448 1905 505 LIB.
1950 448 1989 504 Ι.
2033 448 2122 503 DE
2151 449 2404 507 GLORIA
2443 452 2844 510 MARTYRUM.

3544 452 3646 509 710

2010 557 2345 621 Aferventis
2375 564 2584 636 magnis
2629 564 2876 620 ﬂuctibus
2920 564 3215 632 exumlare,
3261 580 3323 620 ac
3369 582 3463 638 per
3504 585 3655 627 oram

2088 654 2257 723 ipsam
2321 656 2477 710 undis
2537 656 3011 711 intumescentibus
3078 658 3427 727 superﬂuere,
3476 670 3549 729 et,
3598 672 3659 717 ut

2086 744 2267 808 credo,
2301 746 2368 800 ad
2417 746 2843 802 incredulitatem
2891 762 3062 801 meam
3093 752 3443 816 arguendam,
3488 755 3662 819 magis

2087 848 2150 890 ac
2188 837 2358 907 magis
2390 837 2607 907 augeri;
2638 839 2709 891 ita
2738 847 2795 891 ut
2842 839 2892 891 in
2924 839 3081 892 unius
3128 838 3273 893 horae
3302 841 3476 909 spatio
3517 842 3660 911 plus-

2086 941 2245 995 quam
2296 943 2461 983 unum
2508 930 2800 983 sextarium
2853 926 3100 983 redderet
3152 931 3463 995 vasculum,
3516 934 3660 1000 quod

2086 1018 2413 1085 quartarium
2446 1032 2551 1071 non
2584 1018 2800 1072 tenebat
2828 1037 2839 1069 :
2870 1020 3272 1089 admiratusque
3294 1020 3442 1084 si‘ui,
3469 1034 3532 1075 ac
3555 1023 3663 1075 vir-

2088 1114 2254 1160 tutem
2282 1108 2570 1161 adoranda:
2612 1109 2787 1163 crucis
2816 1108 3070 1178 deinceps
3116 1112 3422 1178 pra-dicavi.
3451 1111 3660 1165 Puel'a-

2089 1210 2192 1266 que
2215 1197 2459 1266 qntcdam
2491 1196 2863 1265 Chrodcgildis
2892 1200 3268 1267 nominc,dum
3290 1210 3406 1268 post
3436 1211 3661 1255 mortem

2095 1286 2261 1355 patris
2326 1287 2380 1341 in
2444 1287 2592 1342 urbis
2636 1288 3010 1342 Cenomanita:
3060 1288 3327 1344 territorio
3378 1292 3660 1355 resideret,

2090 1376 2366 1431 oculorum
2413 1377 2701 1431 amissione
2748 1378 3025 1432 multatur.
3060 1378 3344 1449 Postquam
3390 1393 3566 1436 autem
3596 1398 3664 1437 ex

2086 1466 2334 1535 iussione
2376 1466 2667 1534 Chilperiri
2714 1469 2874 1536 regis,
2905 1469 3081 1523 adhuc
3133 1469 3289 1525 beata
3341 1470 3666 1540 Radegunde

2089 1557 2271 1626 regina
2313 1558 2630 1627 superstite,
2661 1559 2724 1612 ad
2755 1560 3008 1614 anted'cti
3055 1562 3365 1617 monasterii
3407 1565 3662 1617 transmi-

2091 1647 2253 1702 sisset
2286 1657 2308 1686 ο
2339 1648 2599 1718 regulam,
2643 1650 2755 1715 ipsa
2806 1649 3105 1704 beatissima
3152 1652 3491 1717 ostendente,
3541 1663 3666 1708 ante

2090 1748 2327 1795 sanctam
2381 1739 2739 1809 prosternitur
2788 1755 3009 1795 arcam:
3043 1743 3223 1811 ibique
3269 1757 3393 1797 cum
3443 1745 3664 1812 reliquis

2090 1829 2587 1885 sattctimonialibus
2603 1830 2810 1899 vigilias
2826 1831 3120 1899 explicans,
3133 1832 3259 1887 dato
3284 1836 3664 1901 tuaneﬁisdem

2022 1930 2067 1992 Β
2095 1920 2515 1985 discedentibus,
2541 1931 2805 1991 prostrata
2846 1922 2964 1977 solo
2993 1923 3045 1976 in
3072 1924 3262 1979 eodem
3293 1926 3409 1979 loco
3434 1928 3666 1995 quievit;

2094 2009 2447 2079 apparuitque
2472 2010 2520 2065 ei
2544 2025 2638 2080 per
2660 2011 2851 2079 visum,
2878 2014 3029 2080 quasi
3057 2015 3290 2083 aperiret
3321 2015 3511 2086 aliquis
3540 2033 3667 2072 ocu-

2093 2098 2173 2156 los
2205 2098 2345 2169 ejus,
2376 2111 2430 2155 et
2458 2115 2622 2155 unum
2664 2101 2877 2156 Sanitati
2921 2103 3205 2169 redditum,
3236 2106 3362 2158 dum
3407 2120 3528 2163 cum
3558 2107 3668 2161 alio

2093 2192 2381 2260 laboraret,
2412 2194 2591 2248 subito
2632 2192 2700 2248 ad
2743 2193 2866 2249 ostii
2920 2198 3144 2250 reserati
3187 2210 3377 2251 sonum
3409 2212 3666 2269 experge-

2093 2285 2257 2352 facta,
2287 2285 2442 2341 unius
2464 2286 2606 2342 oculi
2652 2288 2830 2344 lumen
2864 2289 3084 2358 recepit.
3113 2290 3266 2356 Quod
3297 2306 3401 2345 non
3443 2293 3667 2362 ambigi-

2096 2387 2182 2432 tur
2212 2379 2314 2433 hoc
2342 2392 2437 2447 per
2455 2378 2631 2433 crucis
2655 2378 2905 2432 virtutem
2946 2376 3111 2434 fuisse
3155 2381 3469 2449 praestitum.
3497 2383 3667 2437 Euer-

2092 2469 2330 2539 gnmeni,
2354 2469 2554 2536 claudi,
2576 2477 2631 2524 et
2650 2468 2738 2523 alii
2764 2484 2977 2539 quoque
3006 2469 3203 2526 infirmi
3230 2473 3670 2555 petsaapeinhoc

2094 2563 2214 2621 loco
2236 2572 2518 2621 sanantur.
2543 2562 2815 2619 Hactenus
2831 2563 2956 2619 hinc
2982 2561 3033 2619 ά.

2706 2674 2934 2731 CAPUT
2973 2674 3064 2731 Vl.

2519 2764 2597 2820 De
2633 2766 2916 2820 inventione
2939 2767 3217 2822 clavorum.

2164 2874 2325 2946 727
2355 2875 2594 2944 Speciosi
2622 2884 2799 2930 autem
2842 2878 3097 2945 omnique
3130 2878 3347 2933 metallo
3376 2878 3669 2935 nobiliores

2094 2967 2378 3023 dominica:
2400 2971 2574 3024 crucis
2602 2969 2757 3036 clavi,
2791 2969 2881 3038 qui
2906 2969 3058 3023 beata
3088 2971 3326 3025 membra
3358 2978 3667 3041 tenuerunt,

2095 3061 2162 3114 ab
2176 3060 2370 3114 Helena
2391 3061 2571 3131 regina
2582 3072 2720 3130 ,post
2736 3061 2899 3130 ipsius
2911 3075 3079 3115 sacr:e
3090 3062 3268 3116 crucis
3284 3064 3667 3130 inventionem,

2094 3151 2293 3222 reperti
2322 3161 2446 3206 sunt
2468 3155 2484 3221 (
2508 3151 2699 3205 Christi
2718 3168 2807 3204 an.
2838 3149 2968 3221 526)
2999 3165 3017 3207 :
3048 3160 3101 3207 et
3121 3152 3187 3206 de
3214 3152 3424 3207 duobus
3450 3152 3664 3222 quidem

2098 3242 2304 3296 frenum
2335 3241 2673 3311 imperatoris
2699 3242 2943 3306 munivit,
2969 3257 3077 3312 quo
3103 3242 3328 3308 facilius,
3353 3246 3396 3297 si
3425 3244 3665 3299 adversa:

2098 3344 2283 3404 gentes
2315 3333 2636 3388 restitissent
2679 3333 2922 3403 principi,
2952 3333 3051 3389 hac
3093 3335 3293 3390 virtute
3339 3336 3667 3406 fugareutur.

2100 3423 2176 3479 De
2203 3422 2394 3493 quibus
2436 3439 2539 3476 non
2584 3432 2666 3478 est
2713 3421 2949 3493 ignotum
2990 3423 3302 3479 Zachariam
3347 3426 3672 3483 vaticinasse

2101 3511 2614 3585 prtiphetaszrit,
2664 3512 2853 3584 inquit,
2901 3514 3036 3583 quod
3080 3515 3132 3568 in
3178 3532 3236 3569 os
3274 3515 3390 3585 equi
3439 3517 3669 3583 ponitur,

2098 3616 2329 3660 sanctum
2378 3604 2587 3659 Domini
2616 3604 2812 3675 (Zuch.
2840 3620 2953 3669 xtv,
2983 3604 3112 3676 20).
3160 3606 3238 3659 Eo
3264 3607 3405 3662 enim
3435 3617 3677 3677 tempore

2101 3695 2429 3752 Adriaticum
2456 3710 2603 3750 mare
2623 3696 2828 3766 magnis
2856 3694 3102 3750 ﬂuctibus
3127 3697 3461 3763 movebatur,
3494 3698 3544 3751 in
3570 3712 3679 3767 quo

2104 3798 2212 3844 tam
2229 3788 2523 3858 frequentia
2537 3798 2688 3842 erant
2712 3787 3005 3858 naufragia,
3019 3804 3080 3842 ac
3094 3787 3362 3844 demersit)
3379 3788 3679 3857 hominum,

2103 3891 2161 3934 ut
2202 3894 2399 3946 vorago
2429 3877 2791 3948 navigantium
2823 3878 3110 3933 diceretur.
3155 3878 3305 3934 Tunc
3333 3881 3555 3948 provida
3596 3894 3682 3934 re.

2103 3971 2249 4039 gina,
2282 3967 2575 4023 condolens
2616 3968 2822 4023 excidia
2866 3968 3208 4034 miserorum,
3238 3986 3398 4025 unum
3428 3986 3494 4025 ex
3543 3985 3682 4040 qua-

2107 4069 2227 4115 tuor
2257 4059 2424 4113 clavis
2451 4057 2649 4127 deponi
2675 4067 2699 4095 °
2728 4057 2882 4127 jubet
2909 4057 2963 4112 in
3005 4059 3212 4128 pelago,
3255 4061 3457 4115 conlisa
3482 4060 3549 4115 de
3575 4061 3684 4116 Do-

2104 4150 2234 4207 mini
2264 4150 2656 4215 misericordia,
2688 4149 2828 4218 quod
2867 4164 3037 4205 saevas
3080 4150 3336 4205 ﬂuctuum
3366 4155 3682 4206 ceromatic-

2106 4258 2203 4298 nes
2225 4242 2380 4296 facile
2409 4249 2591 4311 posset
2616 4240 2936 4309 opprimere.
2970 4242 3084 4308 Quo
3106 4240 3245 4296 facto
3268 4242 3506 4296 redditur
3533 4258 3681 4298 mare

2106 4337 2371 4405 quietum,
2401 4331 2793 4401 tranquillaque
2831 4332 3086 4401 deinceps
3112 4332 3482 4402 navigantibus
3515 4332 3680 4387 ﬂabra

2107 4432 2449 4494 prmstantur.
2480 4420 2631 4477 Unde
2658 4436 2849 4492 usque,
2871 4422 3030 4487 hodie
3066 4433 3242 4478 nauta:
3286 4424 3673 4479 sanctiﬁcatum

2108 4531 2256 4573 mare
2304 4512 2701 4581 venerantur',
2732 4530 2851 4569 cum
2908 4513 3132 4586 ingressi
3174 4514 3391 4581 fuerint,
3440 4512 3681 4584 jejuniis,

2109 4608 2548 4677 orationibusqne
2575 4616 2628 4662 et
2659 4606 2941 4676 psallentio
2984 4614 3196 4661 vacant.
3239 4605 3521 4661 Clavorum
3553 4618 3681 4673 ergo

2108 4695 2501 4753 dominicorum
2550 4696 2718 4766 gratia
2760 4696 2902 4766 quod
2933 4706 3163 4766 quatuor
3191 4694 3410 4759 fuerint,
3447 4694 3561 4749 haec
3598 4704 3679 4750 est

2110 4789 2247 4843 ratio
2276 4797 2300 4835 8
2335 4805 2348 4841 :
2380 4789 2485 4842 duo
2513 4799 2635 4842 sunt
2666 4788 2811 4841 allixi
2845 4789 2895 4841 in
2927 4787 3134 4855 palmis,
3164 4797 3219 4841 et
3239 4787 3345 4841 duo
3376 4786 3427 4840 in
3457 4785 3678 4855 planus;

2109 4889 2163 4935 et
2209 4882 2464 4948 quaeritur
2496 4893 2591 4932 cur
2642 4879 2836 4948 plantae
2882 4878 3060 4931 affixa:
3107 4877 3236 4943 sint,
3267 4892 3387 4945 qua:
3435 4879 3488 4930 in
3518 4891 3681 4934 cruce

2191 5043 2214 5072 ε
2241 5033 2395 5091 Colb.
2425 5046 2503 5097 a.,
2535 5032 2829 5103 transmissa
2862 5031 3060 5103 fuisset,
3090 5030 3400 5103 quodgidem
3429 5030 3689 5103 signiﬁcat

2114 5117 2179 5158 ac
2223 5103 2625 5175 transmisisset.
2669 5102 2794 5175 Haec
2837 5101 2979 5155 enim
3037 5102 3205 5170 puella
3234 5101 3389 5173 jussu
3441 5101 3583 5175 regis
3633 5104 3686 5158 in

2114 5173 2492 5227 monasterium
2511 5172 2651 5224 venit
2681 5169 2750 5223 ibi
2780 5169 3049 5225 mansura.

2184 5240 2210 5279 ά
2245 5242 2406 5304 Editi,
2437 5241 2514 5295 De
2533 5240 2611 5293 his
2634 5240 2895 5294 hactenus.

2185 5320 2210 5350 ο
2237 5311 2523 5366 Gretserus
2550 5321 2602 5364 et
2630 5308 2721 5363 alii
2746 5310 3052 5364 existimant
3080 5310 3288 5366 clavum
3311 5312 3376 5365 ab
3406 5312 3604 5365 Helena
3636 5313 3687 5370 in

2113 5396 2260 5437 mare
2304 5380 2517 5449 quidem
2545 5379 2858 5445 demissum,
2893 5381 2987 5435 sed
3017 5380 3161 5436 illico
3199 5383 3357 5436 etiam
3401 5390 3687 5435 retractum

2054 5506 2057 5509 .
2112 5454 2181 5507 ab
2210 5467 2269 5506 ea
2303 5451 2483 5505 fuisse.

2190 5520 2209 5560 ί
2262 5520 2405 5576 Clar.
2451 5522 2503 5584 b,
2542 5528 2813 5584 verterant;
2851 5519 2940 5575 alii
2974 5530 3304 5583 reuerenter;
3347 5518 3522 5572 caeteri
3569 5533 3690 5573 cum

2114 5591 2290 5657 editis,
2316 5602 2642 5645 venerantur.

2191 5673 2215 5711 s
2249 5663 2324 5716 De
2369 5662 2533 5715 clavis
2577 5659 2858 5714 dominicis
2898 5674 3018 5713 cum
3058 5667 3238 5711 sancta
3271 5672 3430 5711 cruce
3468 5661 3695 5713 llH’eltliS

2117 5732 2359 5802 plerique
2387 5730 2594 5802 Patres,
2621 5729 2798 5802 capite
2824 5728 3052 5802 prmced.
3100 5726 3291 5802 laudati
3324 5744 3365 5780 Si
3385 5729 3649 5797 ripseruut
3680 5747 3695 5786 :

2119 5796 2172 5855 at
2225 5796 2403 5866 nemo,
2435 5799 2576 5869 quod
2620 5796 2850 5869 quidem
2880 5801 3065 5859 sciam,
3107 5796 3178 5849 ita
3224 5796 3445 5851 diserte
3470 5808 3697 5865 quatuor

2118 5871 2298 5927 clavos
2327 5866 2488 5925 fuisse
2518 5866 2896 5938 pronuntiavit,
2917 5882 3035 5936 quae
3063 5876 3238 5921 tamen
3269 5870 3533 5924 sententia
3562 5870 3699 5923 veri—
