3982 6346
1385 408 1446 467 S.
1487 407 1818 468 GBEGORII
1861 404 2171 466 EPISCOPI
2210 410 2640 471 TIiRONENSIS

3552 418 3658 473 712

385 536 566 583 sancta
603 524 905 596 dependere
933 525 1062 581 visst!
1088 526 1194 581 sint
1227 525 1402 597 potius
1426 540 1584 595 quam
1633 527 1814 581 stare?
1856 523 1964 580 Sed
1994 521 2048 583 Δ
2071 524 2205 583 duos
2233 527 2299 583 ad
2327 546 2414 586 me
2445 546 2613 585 annos
2653 529 2887 596 rediens,
2915 543 3035 584 cum
3063 539 3397 585 sacramento
3426 537 3658 591 asseruit

384 623 434 676 in
457 621 844 690 stipitecrecto
871 621 1111 677 foramen
1144 622 1341 676 factum
1371 621 1714 676 manifestum
1738 629 1842 675 est.
1867 619 1969 674 Pes

382 728 593 783 quoque
617 714 847 783 parvulaa
878 715 1068 769 tabulae
1094 715 1146 769 in
1182 716 1282 769 huc
1311 713 1551 768 foramen
1577 714 1817 768 insertus
1854 721 1966 776 est;

383 819 543 870 super
587 805 723 858 hanc
767 821 898 860 vero
928 807 1180 872 tabulam,
1213 816 1462 876 tauquam
1493 806 1686 860 stantis
1736 805 1968 860 hominis

382 909 550 949 sacrae
588 896 764 950 afﬁxa:
811 909 935 951 sunt
979 899 1199 968 plantae.
1236 899 1508 966 Quaeritur
1537 897 1698 951 etiam
1749 898 1872 966 quid
1903 899 1970 952 de

386 985 468 1039 bis
497 987 664 1040 clavis
708 989 865 1044 fuerit
915 988 1134 1045 factum.
1167 986 1281 1045 Duo
1311 1000 1431 1044 sunt
1465 1004 1599 1058 quos
1632 1003 1789 1059 supra
1832 989 1970 1043 dixi-

385 1092 502 1130 mus
548 1081 709 1145 aptati
745 1080 795 1132 in
845 1081 1025 1144 freno;
1072 1083 1262 1139 tertius
1311 1080 1583 1149 projectus
1629 1079 1682 1133 in
1740 1079 1965 1142 fretum;

387 1178 634 1236 quartum
670 1171 835 1240 728
862 1183 1110 1226 asserunt
1137 1187 1256 1225 esse
1282 1171 1513 1224 delixum
1557 1171 1607 1222 iu
1657 1171 1830 1239 capite
1860 1177 1969 1224 sta-

385 1269 489 1313 tua:
536 1260 901 1327 Constantini,
933 1279 1052 1330 quae
1093 1264 1338 1326 civitate,
1380 1273 1436 1316 ut
1488 1263 1658 1324 aiunt,
1691 1272 1797 1316 tota
1826 1261 1968 1335 [Al.,

388 1353 546 1425 tunc]
590 1355 858 1409 excelsior
886 1370 1007 1410 esse
1053 1356 1363 1423 suspicitur,
1407 1355 1615 1409 scilicet
1644 1363 1698 1407 ut
1744 1363 1853 1406 tota
1883 1354 1968 1407 cui

383 1445 606 1508 eminet,
639 1448 940 1502 munitione
959 1448 1163 1511 salutis,
1187 1448 1416 1516 quodam
1451 1447 1608 1500 modo
1636 1447 1783 1515 galea
1813 1461 1970 1500 coro-

387 1548 509 1598 nata
540 1548 687 1593 esset
727 1548 778 1592 ⁸.
815 1541 1056 1609 Magnam
1087 1547 1337 1594 asserunt
1366 1539 1616 1592 virtutem
1662 1552 1783 1592 esse
1814 1537 1969 1605 hujus

384 1631 518 1685 freni
541 1648 555 1685 :
581 1631 722 1701 quod
748 1633 949 1702 ambigi
980 1647 1315 1700 nequaquam
1338 1639 1534 1699 potest,
1561 1629 1700 1700 quod
1729 1629 1967 1683 Justinus

382 1720 673 1789 imperator
695 1721 907 1789 publice
937 1730 1194 1789 expertus
1221 1727 1326 1784 est,
1358 1734 1422 1775 ac
1448 1719 1560 1773 suis
1587 1717 1837 1773 omnibus
1875 1733 1968 1787 pa-

381 1814 580 1868 tefecit.
613 1812 806 1867 lllusus
836 1813 978 1866 cuitu
1011 1827 1039 1866 a
1081 1811 1314 1882 quodam
1348 1826 1504 1881 mago
1553 1821 1776 1881 prepter
1806 1826 1965 1880 pecu-

2074 618 2356 675 duodeoim
2385 622 2454 676 ab
2489 637 2552 676 ea
2589 635 2996 690 energumenos,
3033 632 3139 676 tres
3188 636 3376 685 caecos,
3417 623 3658 694 duosque

2076 711 2397 781 paralyticos
2414 712 2576 767 fuisse
2604 724 2844 768 sanatos.
2867 710 3010 765 Muto
3024 712 3230 766 cuidam
3263 715 3428 782 ipsam
3462 715 3655 783 pallam

2075 798 2127 853 iu
2150 814 2212 854 os
2242 801 2414 869 posuit
2448 819 2460 854 :
2495 802 2587 855 sed
2618 817 2739 857 cum
2770 803 2979 867 dentes,
3011 803 3347 874 linguamque
3375 803 3493 874 ejus
3531 807 3658 860 atti-

2074 891 2169 962 git,
2201 894 2378 947 statim
2420 908 2604 949 vocem
2650 893 3027 965 eloquiumque
3069 895 3314 950 restituit.
3349 895 3499 963 Quod
3555 912 3654 951 nos

2077 982 2304 1038 lidebter
2325 985 2566 1050 credere,
2590 987 2702 1055 ipsa
2728 988 2934 1042 Domini
2953 989 3231 1056 promissio
3258 988 3402 1042 illicit
3435 990 3650 1044 dicens:

2078 1073 2263 1128 Omnia
2286 1093 2595 1146 quotcunque
2615 1081 2854 1148 petieritis
2873 1081 2928 1133 in
2951 1082 3152 1134 nomine
3176 1095 3304 1142 meo,
3327 1081 3517 1135 credite
3533 1080 3654 1152 quia

2073 1170 2356 1239 accipietis,
2386 1181 2432 1225 et
2461 1174 2654 1226 venient
2681 1174 2816 1227 vobis
2848 1172 3038 1244 (Marc.
3070 1189 3143 1236 xt,
3176 1173 3284 1243 Η).

2671 1307 2895 1363 CAPUT
2939 1306 3044 1361 VII.

2308 1421 2381 1474 De
2409 1420 2608 1484 lancea,
2635 1437 2827 1474 corona
2847 1421 3046 1491 spinea,
3077 1429 3124 1472 «ιε
3155 1419 3411 1473 columna.

2145 1534 2219 1588 De
2243 1534 2424 1590 lancea
2449 1545 2472 1573 ε
2501 1550 2650 1600 vero,
2686 1535 2968 1601 arundine,
3011 1534 3256 1603 spongia.
3303 1548 3499 1587 corona
3529 1535 3642 1602 spi-

2072 1639 2170 1680 nea
2211 1633 2266 1679 et
2295 1626 2541 1681 columna
2565 1668 2578 1690 ,
2603 1627 2668 1681 ad
2715 1643 2874 1695 quam
2911 1629 3226 1681 verberatus
3270 1635 3353 1680 est
3385 1625 3647 1679 Dominus

2068 1722 2125 1770 et
2165 1715 2492 1786 Redemptor
2541 1718 2957 1789 Hierosolymis,
3010 1717 3316 1772 dicendum.
3370 1717 3451 1770 Ad
3507 1715 3649 1770 hanc

2071 1820 2200 1860 vero
2246 1805 2550 1861 columnam
2592 1807 2741 1861 multi
2797 1807 2900 1860 [ide
2931 1807 3070 1876 pleni
3097 1808 3437 1869 accedentes,
3471 1807 3648 1860 coiri-

381 1905 523 1959 niam
553 1906 831 1969 amissam,
873 1920 1004 1974 quas
1049 1904 1151 1959 sibi
1183 1904 1446 1958 daemonis
1484 1903 1673 1958 umbra
1709 1903 1962 1958 intolera-
1992 1908 2041 1970 Β
2065 1898 2179 1968 gias
2208 1899 2424 1955 textiles
2453 1900 2676 1967 faciunt,
2709 1916 2938 1972 eamque
2960 1902 3292 1957 circumdant
3324 1919 3337 1955 :
3363 1917 3500 1971 quas
3527 1917 3647 1955 rur-

382 1995 513 2049 biles
547 2011 637 2064 per
669 1995 896 2049 duarum
937 1995 1202 2049 curricula
1245 1995 1484 2049 noctium
1523 1994 1790 2048 intulisset
1819 1994 1960 2049 indi-

379 2090 519 2140 cavit
549 2087 773 2141 insidias
799 2085 826 2123 ἒ»
862 2102 876 2138 :
909 2086 1000 2139 sed
1031 2099 1150 2140 cum
1199 2086 1354 2139 tertia
1387 2095 1542 2140 nocte
1569 2083 1775 2138 frenum
1806 2083 1963 2152 capiti

381 2177 722 2236 collocasset.
759 2176 933 2230 locum
967 2174 1254 2229 insidiandi
1281 2175 1529 2228 inimicus
1551 2175 1691 2228 ultra
1722 2189 1829 2229 non
1864 2175 1961 2227 ba-

390 2266 525 2332 buit,
559 2276 942 2335 repertumque
980 2273 1256 2320 auctorem
1291 2265 1603 2320 insidiarum
1629 2266 1806 2336 gladio
1838 2279 1960 2334 per-

380 2357 704 2412 CttIit.N0bis
723 2372 851 2411 vero
880 2372 1000 2426 quae
1025 2359 1095 2412 sit
1125 2358 1295 2412 virtus
1324 2357 1451 2427 ligni
1483 2357 1642 2428 hujus
1673 2359 1776 2413 hoc
1802 2357 1961 2413 modo

380 2448 778 2505 manifestatum
823 2457 926 2503 est.
959 2449 1194 2505 Advenit
1235 2449 1451 2520 quidam
1482 2452 1572 2519 qui
1604 2451 1754 2506 uob's
1786 2451 1958 2520 pallu-

385 2540 490 2592 lam
522 2540 876 2594 holosericam
901 2539 1059 2594 valde
1090 2547 1358 2594 vetustam
1391 2540 1653 2606 exhibuit,
1680 2540 1861 2595 dicens
1893 2540 1962 2595 ab

381 2633 478 2686 hac
502 2632 554 2686 in
576 2631 965 2701 Hierosolymis
985 2646 1200 2686 crucem
1225 2629 1434 2686 Domini
1460 2632 1745 2686 involutam
1775 2632 1957 2686 fuisse.

381 2722 530 2786 Quod
555 2738 676 2777 cum
699 2722 839 2791 apud
873 2723 1231 2777 rusticitatem
1260 2731 1496 2776 nostram
1529 2723 1839 2779 incredibile
1868 2725 1961 2778 ha-

377 2813 617 2878 beretur,
649 2825 713 2866 ac
753 2812 1075 2866 rimaremur
1114 2811 1345 2876 sollicite
1393 2812 1533 2868 unde
1572 2812 1622 2867 ei
1664 2823 1809 2868 tanta
1857 2814 1962 2867 ibi-

377 2907 498 2960 dem
528 2901 718 2959 fuisset
744 2904 914 2973 gratia
945 2913 1002 2958 ut
1034 2904 1132 2958 i5ta
1167 2905 1477 2970 meruisset,
1500 2919 1622 2959 cum
1646 2907 1877 2960 sciamus
1905 2906 1957 2961 in

397 3010 618 3066 empore
642 3009 750 3065 quo
779 3009 992 3050 sacrum
1026 2995 1128 3052 hoc
1171 2995 1373 3065 lignum
1403 2995 1675 3066 adoratur,
1723 3015 1828 3054 non
1870 3016 1960 3055 so-

376 3089 483 3143 lutn
511 3088 706 3145 exinde
750 3089 883 3144 nihil
912 3105 1233 3161 quemquam
1267 3091 1489 3159 mereri,
1520 3092 1615 3147 sed
1646 3094 1810 3148 etiam
1859 3095 1960 3150 im-

376 3180 657 3247 portunius
703 3180 1044 3234 accedentem
1077 3179 1388 3236 verberibus
1410 3181 1605 3248 arceri,
1636 3183 1952 3252 rcSpondit:

376 3271 624 3336 Quando,
672 3270 865 3340 inquit,
911 3270 1280 3342 Hierosolyma
1325 3271 1455 3338 abii,
1488 3272 1656 3328 Futen
1705 3274 1953 3329 abbatem
1985 3268 2030 3330 C

376 3361 572 3428 reperi.
601 3361 690 3430 qui
748 3375 992 3429 magnam
1039 3375 1161 3416 cum
1191 3361 1389 3431 Sophia
1440 3362 1682 3432 Augusta
1730 3363 1954 3433 gratiam

376 3449 580 3514 habuit,
636 3449 760 3504 huic
803 3449 944 3503 enim
1016 3464 1229 3504 omnem
1289 3450 1564 3505 Orientem
1611 3454 1763 3520 quasi
1824 3468 1958 3521 prte-

373 3540 517 3594 fecto
565 3540 905 3594 commiserat
946 3548 993 3593 ε.
1042 3540 1176 3596 lluic
1225 3556 1312 3596 me
1352 3541 1591 3608 subdidi,
1637 3553 1692 3598 et
1719 3559 1840 3599 eum
1889 3545 1959 3600 ab

375 3628 595 3683 Oriente
624 3629 958 3697 regrederer,
985 3629 1052 3682 ab
1082 3630 1186 3684 boe
1209 3640 1264 3685 et
1291 3642 1599 3686 sanctorum
1630 3635 1875 3704 pignora,
1903 3646 1959 3693 et

376 3716 518 3772 hanc
546 3717 759 3786 pallam,
788 3719 856 3772 de
883 3733 985 3787 qua
1018 3734 1085 3774 eo
1125 3728 1365 3791 tempore
1410 3733 1591 3777 sancta
1622 3740 1751 3780 crux
1783 3727 1956 3783 invol-

377 3804 621 3868 vebatur,
651 3811 831 3875 accepi
861 3802 908 3858 δ.
938 3807 1224 3876 Postquam
1268 3810 1397 3865 mihi
1427 3813 1508 3866 vir
1550 3814 1637 3869 ille
1679 3819 1878 3882 retulit,
1902 3828 1956 3873 et

377 3899 514 3954 hanc
561 3900 688 3954 tnihi
745 3900 939 3969 pallam
984 3901 1217 3969 tradidit,
1263 3907 1576 3975 praesumpsi
1628 3908 1794 3964 fateor
1837 3926 1955 3966 eam

376 3993 614 4056 abluere,
633 4001 688 4046 et
710 3990 1014 4063 frigoriticis
1034 4001 1212 4060 potum
1235 3995 1394 4062 dare;
1418 3998 1510 4052 sed
1528 4013 1648 4053 mox
1663 4000 1955 4069 opitulante

376 4085 572 4140 virtute
600 4085 811 4149 divina,
843 4086 1190 4140 sanabantur.
1223 4088 1540 4144 Scindebam
1569 4092 1726 4145 etiam
1764 4093 1955 4148 exinde

377 4177 686 4247 plerumque
726 4177 1034 4246 particulas,
1065 4186 1120 4233 et
1144 4179 1335 4234 dabam
1384 4182 1642 4248 religiosis
1673 4185 1835 4255 729
1861 4201 1955 4253 pro

374 4268 767 4324 benedictione.
792 4269 890 4325 Uni
916 4285 1041 4326 vero
1067 4271 1242 4327 abbati
1268 4283 1471 4341 partem
1495 4272 1648 4328 divisi
1674 4291 1688 4327 :
1717 4277 1806 4346 qui
1835 4285 1955 4347 post

384 4424 614 4477 similior
642 4433 743 4475 est.
798 4424 869 4476 Ex
915 4439 1020 4476 uno
1068 4425 1290 4480 salutem
1323 4441 1385 4481 ex
1421 4427 1499 4480 bis
1521 4427 1724 4482 frenum
1757 4429 1950 4484 factum

377 4493 580 4564 fuisse.
633 4503 684 4543 et
734 4491 958 4564 alterum
1027 4493 1310 4549 diademati
1383 4496 1724 4564 imperatorio
1790 4501 1952 4558 fuisse

377 4562 617 4622 afﬁxum,
653 4573 845 4627 praeter
870 4563 1108 4630 vulgatos
1157 4573 1432 4630 auctores,
1461 4562 1707 4622 afﬁrmat
1737 4580 1951 4624 sanctus

377 4631 691 4707 Ambrosius
713 4646 747 4707 ξ-
783 4641 836 4707 et
883 4627 1274 4707 'I'_héodoretus,
1316 4627 1459 4707 lib.)
1491 4633 1632 4707 Hist.
1688 4653 1806 4705 cap.
1864 4641 1953 4707 18,
1984 4627 2036 4688 υ

381 4700 661 4780 alluditad
713 4699 984 4780 Zachariae
1039 4702 1366 4772 pr0phetiam
1407 4703 1590 4758 iisdem
1639 4699 1813 4764 verbis
1836 4699 1955 4780 quae

378 4770 464 4824 Itic
492 4789 519 4823 a
545 4770 802 4841 Gregorio
833 4772 1132 4828 laudantur.

443 4850 470 4912 ἐ
497 4843 644 4896 Colb.
684 4857 736 4906 a,
783 4844 929 4912 galea
954 4852 998 4895 et
1027 4859 1215 4896 corona
1243 4843 1326 4896 sit.
1357 4841 1498 4897 (ΖΙ-ιιι.
1531 4846 1584 4910 b,
1626 4848 1954 4906 munitionem

371 4910 643 4967 solatia...
680 4910 928 4981 operetur.

448 4982 472 5018 ι)
504 4984 591 5057 Sic
626 4983 778 5057 (λιιι).
803 4997 865 5057 a;_
893 4983 1034 5057 Clar.
1071 4981 1290 5057 h_,uv_ero
1312 5000 1334 5057 ⁸τ
1369 4983 1640 5054 Amissum,
1689 5005 1813 5057 quas
1860 4992 1956 5046 sibi

374 5055 620 5107 dwmonis
646 5054 823 5104 umbra
849 5053 1150 5105 intolerabili
1181 5054 1432 5108 immissas
1454 5072 1609 5120 per...
1629 5053 1955 5115 sustinuisset

376 5122 585 5173 insidias
633 5125 921 5183 enarravit;
949 5123 1053 5174 sed.
1085 5123 1276 5175 (ἔπειθιὶ
1320 5126 1441 5178 Mss.
1467 5138 1516 5178 et
1547 5127 1702 5181 Clict.
1738 5147 1750 5181 :
1785 5131 1954 5185 Emis-

372 5209 480 5244 sam
505 5207 618 5259 qua?
639 5191 732 5242 sibi
764 5192 1004 5242 dwtnonis
1026 5195 1202 5243 umbra
1224 5193 1557 5250 intolerabilis
1585 5216 1763 5259 pen...
1797 5204 1953 5255 susti-

374 5266 560 5314 nuisset
603 5261 837 5311 insidias.
896 5263 994 5311 Alii
1042 5263 1173 5314 lttliti
1206 5281 1218 5314 :
1246 5263 1469 5318 Emissa:
1513 5269 1608 5320 sibi
1639 5286 1670 5322 a
1704 5271 1955 5327 dwmonis

374 5335 552 5385 umbra
575 5330 916 5383 intolerabiles
952 5347 1127 5395 pen...
1159 5335 1395 5386 sustinuit
1428 5338 1660 5391 ins-dias.

444 5414 466 5440 ο
497 5403 711 5477 Alitutot
735 5399 883 5459 Mss.,
913 5403 1282 5477 commiserant.
1309 5402 1437 5469 Quis
1467 5405 1554 5477 ille
1581 5409 1742 5461 abbas
1774 5409 1949 5477 fuerit,

375 5473 578 5538 ignoro.
608 5472 809 5524 Pbotan
862 5469 1088 5522 celebrat
1125 5473 1474 5539 Syuaxarium
1505 5475 1818 5532 Diviont-nse
1861 5469 1950 5536 die

374 5541 406 5608 6
433 5542 570 5594 Junii
600 5540 738 5608 apud
773 5539 1160 5592 Bollandiauos.
1193 5540 1386 5608 SOpbia
1413 5553 1588 5598 autem
1632 5547 1724 5599 luit
1755 5549 1946 5604 Justini

373 5606 776 5681 juniorisuvor,
805 5609 882 5681 (Ιᾳ
913 5624 1012 5676 qua
1044 5610 1237 5681 passim
1271 5606 1328 5663 in
1361 5612 1520 5681 Greg.
1555 5613 1801 5669 Historia.

443 5678 470 5714 ⁶
502 5679 578 5731 Ad
611 5678 753 5772 ilvlam
783 5678 974 5747 pallam
1007 5677 1246 5733 alludere
1269 5677 1820 5742 videtur'Fortunatus
1849 5689 1941 5744 lib.

379 5754 415 5796 tt
446 5761 610 5797 carm.
635 5754 685 5798 5.

447 5822 472 5852 ι
504 5812 708 5867 Lancea
746 5830 850 5883 qua
891 5817 1028 5874 latus
1069 5818 1362 5876 Salvntoris
1409 5824 1577 5879 nostri
1609 5825 1938 5894 perforatum

2067 2003 2184 2043 sum
2217 2005 2312 2058 pro
2339 1991 2714 2048 benedictione
2755 1993 3038 2064 recipiunt,
3067 1993 3294 2047 diversis
3321 1992 3646 2046 infirmitati-

2065 2081 2165 2135 bus
2214 2083 2539 2150 profuturas.
2589 2084 2789 2140 Ferunt
2835 2085 2997 2140 etiam
3037 2085 3180 2154 ipsas
3219 2099 3433 2141 corona:
3462 2096 3646 2141 sentes

2063 2174 2216 2242 quasi
2265 2174 2466 2230 virides
2523 2190 2783 2244 apparere
2827 2194 2840 2229 :
2885 2192 3004 2246 qua:
3047 2185 3224 2230 tamen
3270 2175 3315 2231 si
3367 2176 3648 2231 videantur

2065 2264 2275 2318 aruisse
2303 2265 2472 2332 foliis,
2505 2265 2742 2335 quotidie
2777 2275 2955 2320 tamen
2986 2267 3310 2321 revirescere
3340 2268 3536 2321 virtute
3565 2269 3642 2321 di-

2062 2355 2206 2409 vina.
2238 2354 2424 2411 Prodit
2462 2367 2518 2413 et
2554 2373 2618 2412 ex
2653 2369 3000 2414 monumento
3027 2374 3132 2428 quo
3159 2359 3485 2413 dominicum
3517 2359 3642 2429 fja-

2063 2445 2173 2501 cuit
2202 2461 2399 2516 corpus
2450 2450 2583 2502 mira
2606 2451 2797 2516 virtus,
2830 2450 2971 2520 quod
3010 2451 3204 2520 sapius
3239 2461 3381 2504 terra
3413 2452 3640 2505 naturali

2061 2538 2296 2594 candore
2327 2540 2573 2594 radiante
2615 2542 2870 2610 repletur,
2919 2549 2973 2596 et
3000 2542 3194 2597 exinde
3232 2545 3421 2596 iterum
3463 2543 3638 2596 ablata

2061 2643 2194 2698 aqua
2222 2629 2615 2700 conspergitur,
2655 2632 2723 2685 de
2760 2647 2862 2701 qua
2892 2632 3103 2686 tortulze
3136 2633 3370 2700 parvula:
3398 2634 3632 2686 forman-

2062 2729 2168 2783 tur,
2215 2735 2276 2775 ac
2330 2737 2426 2791 per
2461 2723 2702 2778 diversas
2737 2724 2918 2777 mundi
2962 2734 3142 2794 partes
3183 2725 3640 2793 transmittuntur,

2060 2812 2130 2867 de
2154 2813 2347 2883 quibus
2379 2815 2902 2884 plerumqueinlirmi
2933 2817 3190 2869 sanitates
3214 2815 3486 2868 hauriunt.
3512 2815 3642 2871 lllud

2062 2908 2146 2956 est
2189 2903 2557 2970 tripudiabile,
2609 2904 2752 2973 quod
2799 2904 3093 2973 saepissime
3135 2919 3384 2958 accessus
3424 2920 3642 2970 serpen-

2064 2994 2194 3047 tium
2242 2996 2432 3048 vitant.
2476 2994 2581 3050 Sed
2619 2995 2745 3062 quid
2788 3009 2886 3064 ego
2923 2999 3240 3050 teme:arius
3284 2995 3350 3048 de
3379 2995 3461 3050 bis
3498 2995 3640 3065 loqui

2060 3085 2258 3152 audeo,
2295 3100 2417 3140 cum
2449 3085 2581 3140 ﬁdes
2611 3088 2839 3140 retineat
2867 3101 3028 3140 omne
3055 3087 3199 3154 quod
3229 3097 3632 3144 sacrosanctum

2061 3176 2224 3247 730
2251 3190 2448 3246 corpus
2473 3176 2651 3244 attigit
2669 3189 2791 3232 esse
2812 3177 3117 3232 sacratum?

2650 3314 2879 3373 CAPUT
2911 3316 3044 3372 VIII.

2451 3429 2524 3483 De
2550 3431 2723 3484 tunica
2753 3429 2941 3486 Christi
2961 3433 3250 3487 incansuta.

2134 3542 2212 3598 De
2241 3542 2416 3598 tunica
2453 3558 2580 3598 vero
2622 3543 2760 3599 beati
2783 3545 3025 3615 corporis
3055 3561 3160 3600 non
3187 3562 3431 3613 consuta,
3472 3549 3633 3606 desu-

2062 3649 2156 3705 per
2190 3643 2446 3688 contexta
2492 3650 2587 3702 per
2619 3642 2809 3702 totum,
2832 3646 2953 3705 qua:
2976 3635 3124 3706 juxta
3160 3638 3464 3693 Davidteum
3494 3643 3634 3696 rati-

2060 3726 2261 3780 cinium
2290 3727 2390 3780 sub
2433 3736 2577 3779 sorte
2608 3726 2869 3795 jacuerat,
2914 3726 3047 3782 ﬁdes
3085 3730 3386 3797 evangelica
3427 3733 3633 3799 pandit.

2068 3816 2157 3870 Ait
2182 3817 2323 3869 enim
2353 3832 2368 3869 :
2403 3814 2591 3869 Partiti
2620 3827 2736 3871 sunt
2775 3818 3064 3871 vestimenta
3096 3835 3204 3870 mea
3239 3819 3354 3884 sibi,
3389 3832 3435 3874 et
3459 3823 3511 3874 in
3548 3840 3628 3876 vc-

2062 3919 2185 3962 stem
2208 3923 2371 3960 meam
2390 3908 2632 3960 miserunt
2649 3917 2808 3961 sortes
2832 3906 3011 3978 (Joan.
3031 3923 3143 3977 xtx,
3158 3907 3273 3979 2i).
3302 3910 3373 3963 De
3389 3912 3487 3965 hac
3511 3928 3638 3967 vero

2061 4000 2389 4056 immaculati
2439 4003 2571 4070 Agni
2612 4002 2812 4070 tunica,
2855 4017 2972 4072 qua:
3013 4018 3041 4055 a
3086 4002 3404 4072 quibusdam
3431 4004 3631 4067 audivi,

2056 4093 2220 4148 silere
2251 4109 2475 4163 nequeo.
2512 4094 2715 4150 Ferunt
2748 4104 2923 4149 autem
2953 4096 3004 4149 in
3042 4095 3261 4150 civitate
3292 4095 3563 4151 Galathea:
3581 4106 3631 4160 ε,

2057 4185 2110 4240 in
2143 4185 2383 4254 basilica,
2429 4203 2549 4257 qua:
2587 4188 2654 4242 ad
2694 4199 2910 4243 sanctos
2947 4189 3310 4257 Arcbangelos
3339 4191 3628 4255 vocitatur,

2058 4281 2281 4336 retineri
2311 4279 2360 4335 ιι.
2393 4282 2486 4335 Est
2517 4281 2658 4336 enim
2687 4283 2802 4337 [nec
2821 4283 3032 4349 civitas,
3061 4284 3129 4339 ab
3160 4285 3290 4339 urbe
3319 4284 3632 4339 Constanti-

2066 4436 2159 4489 fuit
2208 4435 2556 4505 .Ierosolymis
2604 4435 2983 4491 ostendebatur
3005 4437 3103 4490 sub
3133 4438 3288 4491 linem
3316 4439 3496 4493 sa‘culi
3527 4455 3624 4505 vtt,

2066 4508 2119 4560 in
2176 4506 2344 4574 lignea
2394 4519 2556 4560 cruce
2603 4506 2830 4571 inclusa,
2882 4508 2956 4561 uti
3011 4517 3232 4561 testatur
3281 4510 3626 4565 Adamnanus

2061 4576 2154 4630 lib.
2189 4592 2204 4630 ι
2238 4577 2305 4630 de
2336 4575 2490 4630 Locis
2519 4576 2718 4630 sanctis
2761 4590 2881 4645 eap.
2918 4578 2974 4640 9,
3014 4578 3155 4645 apud
3195 4579 3496 4633 Mahill0n..
3525 4597 3627 4635 saa-

2062 4646 2183 4716 culo
2206 4663 2259 4701 ιιι
2286 4647 2510 4710 Bened.,
2542 4657 2692 4714 parte
2723 4662 2755 4700 ιι
2790 4662 2905 4716 pag.
2926 4647 3049 4701 ξοδ.

2141 4715 2160 4754 ί
2190 4717 2323 4771 Cod.
2354 4716 2508 4785 Colb.
2533 4732 2585 4779 a,
2608 4717 3019 4785 divinumjucuit
3045 4734 3250 4782 corpus.

2139 4795 2164 4834 σ
2194 4786 2373 4858 Colh.,
2420 4784 2669 4858 Galatae,
2712 4796 2765 4838 et
2804 4784 2882 4858 al.
2911 4802 3090 4848 manu,
3121 4787 3358 4854 Galatiae,
3391 4805 3497 4858 quo
3528 4806 3632 4843 uo-

2065 4857 2754 4929 mineA_Galatia_provincia
2779 4856 2954 4929 potius
2983 4873 3141 4929 quam
3167 4861 3290 4912 urbs
3317 4856 3630 4929 designare-

2066 4938 2170 4981 tur.
2203 4927 2384 4992 Vind.,
2412 4925 2686 4980 Colat/tice.
2717 4926 3025 4979 Galatheam
3055 4928 3242 4982 urbem
3263 4945 3329 4984 ex
3359 4925 3476 4985 solo
3493 4930 3628 4986 Gre-

2064 4998 2213 5067 gorio
2235 4998 2434 5067 Turon.
2467 4996 3038 5067 memorautOrtelius,
3077 4998 3375 5066 Ferrarius,
3409 5011 3515 5056 etc.

2135 5064 2159 5102 δ
2188 5067 2312 5138 Iltec
2336 5066 2522 5122 eadem
2561 5066 2732 5138 tunica
2765 5067 2816 5138 in
2845 5067 3110 5138 Chronico
3144 5064 3471 5136 Fredegarii,
3501 5085 3625 5138 cap.

2061 5153 2137 5199 XI,
2170 5137 2362 5190 dicitttr
2406 5152 2470 5190 ex
2506 5136 2720 5190 civitate
2765 5135 2949 5203 Zafad,
2990 5138 3128 5204 apud
3157 5135 3480 5207 Sigibértum
3519 5135 3627 5194 Ziz-

2061 5209 2206 5277 pliat,
2237 5222 2394 5275 quam
2425 5207 2612 5261 .Iall‘atu
2643 5221 2735 5260 seu
2778 5209 2980 5273 Joppen
3015 5209 3448 5277 interpretamur,
3480 5227 3625 5266 anno

2058 5275 2128 5348 50
2155 5278 2487 5348 Gumtramni
2520 5277 2658 5341 regis
2690 5278 2752 5348 in,
2773 5287 3008 5348 sanctam
3039 5275 3494 5348 Jerosolymorum
3529 5297 3620 5334 ur-

2060 5346 2178 5400 bem
2205 5345 2464 5400 translata
2495 5347 2678 5399 fuisse.
2739 5347 3082 5399 Pestmodum
3126 5349 3176 5401 in
3219 5345 3416 5403 Gallias
3463 5355 3623 5405 allata

2057 5425 2139 5470 est
2163 5431 2404 5482 tempore
2435 5416 2606 5469 Caroli
2637 5415 2833 5485 Magni,
2877 5425 2930 5469 et
2975 5419 3113 5480 apud
3156 5421 3524 5484 Argentolium
3569 5423 3622 5475 in

2056 5500 2185 5554 agro
2233 5485 2539 5549 Parisiensi,
2570 5485 2658 5538 ubi
2701 5488 2875 5540 Uisela
2897 5487 3136 5553 ejusdem
3169 5489 3507 5555 imperatoris
3535 5506 3626 5544 so-

2053 5570 2142 5628 ror
2163 5569 2233 5628 ac
2253 5555 2569 5628 Tlteodrada
2601 5555 2768 5623 ipsius
2811 5555 2918 5628 lilia
2959 5558 3392 5628 sanctimoniales
3442 5572 3620 5628 erant,

2049 5625 2293 5693 deposita
2318 5624 2435 5678 fuit.
2465 5625 2686 5677 Demnm
2716 5640 2835 5678 cum
2863 5625 2952 5678 diu
2970 5627 3040 5679 ob
3069 5627 3330 5681 bellorum
3363 5624 3626 5686 tumultus

2049 5693 2310 5759 latuisset,
2352 5694 2452 5748 sub
2499 5695 2679 5748 δωρειιὶ
2731 5709 2801 5747 xu
2850 5695 3084 5748 medium
3136 5697 3348 5750 inventa
3399 5708 3502 5762 est,
3558 5715 3626 5756 ac

2047 5774 2310 5838 praesente
2337 5764 2610 5838 _l_.udovico
2644 5765 2858 5838 juniore
2898 5767 3166 5838 cum_aliis
3196 5768 3343 5835 regni
3376 5773 3621 5838 proceri-

2043 5833 2164 5900 bus,
2216 5835 2283 5889 ab
2334 5835 2557 5904 llugone
2587 5835 2993 5905 arebiepiscoyo
3022 5833 3444 5906 Rotbomigetisi
3467 5853 3624 5905 COIIIf
