3982 6346
134 280 230 337 713

984 276 1534 338 MIRACULORUM
1573 276 1714 336 LIB.
1758 278 1803 336 Ι.
1848 276 1941 337 DE
1989 276 2269 337 GLORIA
2308 271 2757 378 ΜᾼΒΤῩΒΗΜ.

3522 268 3625 327 714

129 404 475 478 nopolitana,
518 404 685 478 quasi
724 403 983 462 millibus
1026 404 1735 489 centumquinquaginta,
1777 406 2285 479 inAproperarem
2334 402 2404 459 ad
2456 400 2797 489 oratorium,
2840 394 3095 489 suspicio
3128 408 3170 489 _a
3214 392 3382 466 longe
3408 410 3510 489 per
3536 394 3622 450 fe-

126 509 235 567 qua
266 492 505 550 basilica
540 500 623 549 est
670 500 870 567 crypta
920 491 1283 550 abditissima
1313 517 1324 550 :
1382 493 1583 567 ibique
1614 493 1673 549 in
1706 508 1835 550 arca

127 583 315 655 lignea
346 584 455 640 hoc
484 583 889 640 vestimentum
922 581 1167 639 habetur
1192 582 1506 639 inclusum.
1539 582 1681 651 Quae
1706 598 1835 641 arca

122 694 153 733 a
190 676 414 734 devotis
445 684 615 749 atque
656 675 926 732 fidelibus
955 690 1087 731 cum
1123 691 1347 731 summa
1374 675 1674 747 diligentia
1705 676 1836 734 ado-

124 775 295 836 rator,
331 782 447 824 non
480 763 771 821 immerito
803 762 976 833 digna
1011 780 1145 835 quae
1174 765 1279 821 hoc
1306 764 1715 822 vestimentum
1752 782 1835 823 re-

124 855 317 923 tineat,
374 853 525 926 quod
585 852 947 910 dominicum
978 854 1304 926 corpus'vel
1357 855 1686 927 contingere
1718 872 1834 914 me-

123 942 253 1009 ruit,
301 942 393 999 vel
425 940 636 998 velare.

780 1056 1024 1117 CAPUT
1071 1058 1169 1117 IX.

128 1175 196 1225 De
220 1170 576 1225 mirabilibus
618 1168 855 1222 basilica:
901 1169 1066 1223 beata:
1104 1172 1339 1237 virginis
1376 1147 1588 1237 Mariae,
1631 1175 1700 1228 ab
1730 1176 1831 1229 im-

476 1264 726 1330 perato-re
756 1260 1105 1314 Constantino
1132 1267 1435 1321 exstructa}.

197 1362 380 1419 Maria
412 1378 546 1419 vero
600 1362 844 1434 gloriosa
874 1363 1128 1433 genitrix
1160 1362 1392 1437 Christi,
1448 1375 1510 1425 ut
1538 1377 1670 1427 ante
1699 1387 1833 1443 par-

132 1456 270 1519 tum,
309 1450 385 1506 ita
418 1450 580 1522 virgo
608 1450 863 1507 creditur
885 1458 941 1507 et
968 1458 1091 1524 post
1115 1462 1360 1524 partum,
1388 1471 1536 1529 quze,
1571 1467 1635 1515 ut
1663 1474 1835 1531 supra

130 1539 390 1597 diximus
446 1541 601 1610 (Cap.
655 1541 725 1605 4),
781 1538 1056 1610 angelicis
1112 1542 1304 1599 choris
1354 1546 1714 1615 canentibus,
1771 1547 1832 1605 in

131 1626 485 1699 paradisum,
532 1626 779 1684 Domino
808 1628 1187 1700 praecedente,
1224 1632 1496 1691 translata
1539 1644 1623 1691 est
1666 1638 1832 1709 cujus

131 1716 363 1773 basilica
399 1715 473 1772 ab
502 1714 843 1786 imperatore
882 1718 1255 1777 Constantino
1302 1723 1629 1781 admirabili
1662 1742 1832 1798 opere

132 1802 403 1860 fabricata
431 1802 652 1859 renidet
679 1816 701 1841 τι
733 1823 747 1861 :
781 1804 851 1860 ad
880 1820 1054 1876 quam
1087 1812 1223 1870 731
1257 1808 1517 1868 adductae
1536 1812 1829 1871 columnas

130 1910 259 1951 cum
294 1909 417 1967 prae
448 1894 872 1966 .magnitudine
910 1896 1087 1953 levari
1133 1912 1248 1955 non
1282 1909 1529 1972 possent,
1578 1920 1645 1961 eo
1674 1905 1828 1979 quod

130 1991 273 2041 esset
327 1984 605 2042 circuitus
659 2001 859 2043 earum
913 1986 1161 2045 sedecim
1214 1990 1446 2063 pedum,
1506 2008 1571 2050 ac
1622 1994 1831 2053 diebus

134 2071 382 2145 singulis
427 2088 585 2130 casso
618 2072 808 2131 labore
860 2074 1256 2147 fatigarentur,
1309 2081 1576 2152 apparuit
1626 2083 1831 2142 artifici

133 2170 327 2221 sancta
362 2162 532 2235 Virgo
562 2179 663 2236 per
694 2165 909 2234 visum,
949 2165 1147 2223 dicens
1176 2192 1189 2226 :
1243 2168 1373 2226 Noli
1422 2178 1664 2231 mcestus
1689 2190 1833 2246 esse,

132 2269 233 2325 ego
263 2253 426 2311 enim
477 2253 579 2309 tibi
631 2255 925 2312 ostendam
957 2256 1205 2327 qualiter
1236 2258 1327 2316 hee
1377 2269 1593 2335 queant
1622 2264 1837 2323 elevari

131 2341 443 2398 columnae.
496 2341 565 2397 Et
596 2342 843 2399 ostendit
891 2344 943 2400 ei
991 2360 1123 2417 quae
1169 2353 1499 2420 aptarentur
1530 2352 1834 2421 machinae,

131 2430 382 2503 qualiter
410 2430 900 2503 suspenderentur
926 2434 1215 2505 trochleze,
1264 2445 1437 2510 atque
1486 2440 1717 2497 funium
1743 2455 1841 2498 ex-

133 2519 506 2575 tenderentur
558 2519 765 2588 cilicia,
818 2520 967 2578 illud
997 2523 1257 2581 addens:
1314 2527 1610 2600 Conjunge
1655 2535 1842 2586 tecum

136 2619 247 2668 tres
272 2626 483 2683 pueros
514 2610 584 2667 de
613 2611 845 2677 scholis,
898 2628 1145 2685 quorum
1188 2617 1299 2673 hoc
1342 2619 1625 2691 adjutorio
1661 2620 1844 2692 possis

137 2700 392 2770 explere.
424 2697 589 2766 Quod
622 2694 752 2756 cum
785 2699 884 2757 ille
923 2702 1207 2774 evigilans
1236 2720 1367 2778 qum
1404 2716 1685 2781 prrecepta
1718 2709 1843 2766 fue-

138 2798 267 2848 rant
333 2798 668 2863 coaptasset,
735 2792 952 2849 vocatis
1015 2793 1201 2857 tribus
1258 2796 1452 2868 pueris
1500 2797 1570 2853 ab
1610 2798 1844 2871 scholis,

140 2882 324 2938 erexit
379 2896 608 2937 summa
655 2880 954 2938 velocitate
1003 2882 1322 2941 columnas.
1388 2886 1713 2945 Prtestitum
1764 2896 1848 2947 est

138 2968 373 3041 populis
424 2973 675 3040 spectare
722 2968 1066 3027 miraculum
1115 2972 1541 3041 admirandum,
1600 2984 1663 3031 ut
1694 2978 1846 3049 quod

1919 501 2137 551 uestras
2166 493 2243 549 ita
2284 492 2632 548 immensam
2663 486 2980 545 claritatem
3006 481 3303 556 effulgere,
3356 488 3422 540 ut
3454 489 3620 556 puta-

1920 592 2075 643 retur
2104 583 2183 640 ibi
2216 579 2529 640 multitudo
2574 579 2923 653 lychnorum
2952 591 3017 633 ac
3050 589 3351 632 cereorum
3378 590 3502 632 esse
3525 590 3621 633 ac-

1917 690 2104 733 censa.
2165 673 2416 753 Qredens
2464 671 2644 743 igitur
2694 669 2850 743 quod
2901 666 3083 740 aliqui
3118 664 3457 724 devotorum
3499 665 3622 737 jam

1918 788 2023 830 nos
2050 771 2121 828 ad
2165 770 2532 828 celebrandas
2569 766 2800 839 vigilias
2829 762 3278 838 przecessissent,
3319 761 3522 820 accedo
3548 761 3621 819 ad
3700 800 3709 808 -

1916 861 2167 919 ostium:
2195 858 2382 933 pulso,
2414 873 2518 914 nec
2545 870 2896 930 quemquam
2928 850 3183 915 invenio,
3210 857 3621 924 repertumque

1916 948 2131 1007 ostium
2192 946 2350 1003 clave
2403 944 2717 1011 munitum,
2775 946 2978 999 cuncta
3040 938 3272 997 silentio
3327 940 3476 1011 data,
3518 940 3617 997 de-

1915 1032 2227 1107 prehendo.
2263 1030 2411 1101 Quid
2452 1027 2669 1103 plura?
2720 1024 3171 1099 transmittimus
3201 1023 3272 1082 ad
3300 1028 3616 1099 custodem,

1914 1121 2010 1179 cui
2067 1128 2205 1179 tunc
2265 1126 2383 1176 erat
2420 1116 2721 1176 obserandi
2782 1131 2940 1184 cura,
3002 1122 3066 1172 ut
3129 1112 3349 1170 scilicet
3402 1116 3631 1189 ostium,

1915 1208 2075 1267 clave
2103 1206 2365 1264 exhibita
2396 1211 2693 1263 reseraret.
2728 1202 2879 1261 Dum
2917 1207 3112 1260 autem
3164 1200 3264 1257 ille
3292 1202 3471 1264 venit.
3511 1219 3618 1262 nos

1915 1295 2285 1354 accendimus
2331 1293 2505 1351 aforis
2548 1306 2798 1349 cereum.
2842 1289 3070 1347 Interea
3106 1288 3364 1363 aperitur
3414 1298 3616 1365 sponte
3646 1337 3677 1367 ρ

1916 1396 1971 1447 et
1997 1390 2212 1447 ostium
2245 1414 2255 1444 :
2294 1387 2682 1461 ingressisque
2713 1386 2900 1457 nobis,
2949 1388 3117 1445 credo
3143 1403 3179 1445 a
3200 1393 3344 1451 732
3370 1388 3617 1461 caligine

1914 1485 2275 1551 peccatorum
2335 1491 2618 1544 meorum,
2678 1474 2905 1533 claritas
2957 1490 3133 1548 quam
3184 1476 3616 1535 admirabamur

1912 1566 2114 1635 aforis,
2164 1572 2473 1639 apparente
2512 1580 2675 1623 cereo
2722 1570 2938 1634 nostro,
2976 1564 3478 1649 discessithnihil
3529 1573 3650 1624 ta-'

1914 1674 2046 1716 men
2076 1664 2282 1731 praeter
2310 1655 2585 1713 virtutem
2615 1654 2879 1727 gloriosae
2908 1653 3166 1727 Virginis
3195 1655 3356 1714 aliud
3384 1655 3615 1727 penitus

1846 1766 1893 1826 Β
1914 1748 2108 1809 videre
2136 1748 2449 1822 potuimus,
2482 1746 2636 1803 unde
2673 1744 2899 1801 claritas
2927 1742 3026 1801 illa
3055 1742 3257 1802 fuisset
3284 1750 3502 1804 exorta.

2575 1859 2818 1918 CAPUT
2857 1859 2929 1917 X.

2019 1968 2094 2020 De
2116 1980 2282 2035 puero
2309 1963 2493 2018 Iudaeo
2535 1958 3127 2015 valde.‘memorandum
3156 1960 3504 2018 miraculum.

1987 2072 2138 2143 Quid
2166 2072 2344 2145 igitur
2376 2071 2439 2127 in
2468 2068 2699 2127 Oriente
2736 2073 2925 2125 actum
2970 2065 3142 2125 fuerit
3172 2068 3217 2137 ἀ,
3248 2066 3319 2124 ad
3349 2065 3617 2125 corrobo-

1920 2168 2159 2227 randam
2197 2165 2370 2223 fidem
2412 2160 2749 2221 catholicam
2791 2174 2909 2217 non
2947 2159 3150 2217 silebo.
3182 2156 3374 2215 Judaei
3420 2158 3617 2230 cujus-

1921 2262 2053 2320 dam
2080 2257 2301 2321 vitrarii
2354 2256 2533 2325 ﬁlius,
2570 2269 2703 2312 cum
2731 2252 2886 2325 apud
2920 2250 3278 2309 Christianos
3303 2264 3515 2323 pueros
3547 2249 3621 2307 ad

1922 2332 2112 2410 studia
2178 2348 2499 2405 litterarum
2562 2349 2943 2405 exerceretur,
2996 2340 3258 2416 ‘quadam
3325 2340 3419 2398 die
3482 2339 3624 2398 dum

1921 2440 2232 2498 missarum
2269 2437 2410 2493 festa
2452 2434 2515 2492 in
2542 2431 2779 2490 basilica
2813 2430 2995 2488 beatae
3024 2428 3222 2487 Mariae
3263 2428 3624 2486 celebraren-

1924 2537 2038 2600 tur,
2070 2528 2141 2585 ad
2171 2523 2665 2597 participationem
2690 2520 2926 2593 gloriosi
2954 2518 3207 2591 corporis
3240 2524 3297 2576 et
3322 2517 3628 2591 sanguinis

1925 2617 2201 2679 dominici
2250 2629 2382 2673 cum
2410 2613 2542 2670 aliis
2579 2610 2901 2669 infantibus
2942 2609 3135 2667 infans
3171 2609 3411 2667 Judaeus
3438 2624 3628 2667 acces-

1927 2709 2020 2766 sit.
2057 2706 2181 2775 Quo
2216 2710 2411 2762 sancto
2447 2708 2740 2772 assumpto
2766 2710 2805 2767 ε,
2840 2698 3114 2771 gaudens
3146 2698 3219 2755 ad
3260 2697 3501 2755 domum
3528 2712 3630 2771 pa-

1934 2797 2034 2855 tris
2071 2793 2379 2853 revertitur
2414 2816 2427 2849 :
2463 2791 2678 2863 illoque
2713 2793 2985 2862 operante
3013 2787 3031 2822 ί
3063 2788 3213 2843 inter
3244 2785 3551 2858 amplexus
3580 2791 3636 2867 et

1931 2886 2146 2957 oscula,
2205 2900 2339 2955 quae
2373 2888 2665 2955 acceperat
2721 2895 2853 2937 cum
2910 2878 3120 2950 gaudio
3172 2878 3361 2935 refert.
3410 2878 3487 2935 At
3536 2876 3636 2934 ille

1932 2976 2157 3034 Christo
2185 2972 2434 3031 Domino
2464 2986 2529 3028 ac
2559 2970 2680 3028 suis
2713 2968 2940 3039 legibus
2970 2967 3248 3024 inimicus
3275 2966 3383 3024 ait:
3417 2965 3479 3025 Si
3497 2980 3636 3024 cum

140 3058 454 3117 multitudo
504 3058 765 3115 virorum
826 3058 1059 3117 fortium
1093 3061 1285 3119 levare
1318 3064 1678 3137 nequiverat,
1735 3072 1847 3121 tres
1880 3130 1913 3137 _
1934 3068 2026 3125 his
2056 3064 2378 3122 infantibus
2411 3060 2875 3128 communicasti,
2932 3058 3146 3115 oblitus
3171 3065 3426 3130 paternas
3456 3058 3636 3131 pieta-

146 3148 377 3221 pueruli
426 3149 641 3220 absque
694 3148 907 3207 virtute
951 3152 1185 3223 perfecti
1242 3130 1429 3226 Operis
1463 3130 2030 3223 sutilevarent.ctis,
2082 3151 2153 3209 ad
2202 3148 2591 3209 ulciscendam
2649 3146 2912 3203 Mosaicae
2942 3144 3084 3217 legis
3112 3143 3411 3216 injuriam,
3451 3130 3636 3221 parri-

151 3236 344 3310 Hujus
401 3238 679 3294 festivitas
729 3254 886 3296 sacra
935 3240 1225 3298 mediante
1259 3258 1455 3299 mense
1496 3242 1806 3301 undecimo
1835 3242 1856 3271 "

150 3328 493 3385 celebratur.
547 3326 689 3385 Nam
747 3329 807 3385 in
855 3330 1102 3387 oratorio
1151 3331 1551 3389 Marciacensis
1580 3346 1602 3371 ε
1647 3332 1854 3390 domus

151 3417 405 3474 Arverni
461 3416 727 3473 territorii
781 3420 907 3488 ejus
937 3418 1201 3493 reliquiae
1235 3420 1623 3493 continentur.
1668 3422 1855 3479 Adve-

150 3505 351 3562 niente
374 3520 509 3563 vero
538 3506 643 3570 hac
692 3504 1016 3571 festi-vitate,
1062 3522 1167 3578 ego
1196 3507 1263 3563 ad
1296 3507 1664 3566 celebrandas
1702 3508 1856 3581 vigi-

145 3593 252 3651 lias
288 3595 364 3652 ad
394 3609 530 3652 eum
573 3593 805 3652 accessi.
847 3594 1109 3668 Cumque
1152 3612 1253 3669 per
1279 3597 1584 3656 obscuram
1630 3608 1853 3658 noctem

146 3793 509 3856 pluribusque
564 3791 683 3842 aliis
725 3792 999 3856 episcopis
1052 3795 1105 3843 et
1137 3792 1421 3844 abbatibus
1471 3794 1700 3854 publicae
1724 3796 1853 3848 fide-

144 3863 275 3914 lium
347 3864 687 3913 venerationi
767 3862 1008 3914 exhibita
1072 3862 1171 3914 fuit
1228 3878 1367 3916 anno
1441 3867 1573 3915 1156.
1648 3868 1852 3919 Exinde

144 3934 359 3985 summo
423 3936 748 3996 populorum
814 3946 1087 3985 concursu
1165 3936 1396 3987 celebris
1472 3935 1571 3987 fuit
1619 3938 1852 3989 ecclesia

143 4006 591 4066 Argentoiiensis,
679 4003 774 4054 ubi
830 4007 990 4055 etiam
1038 4017 1181 4057 nunc
1235 4020 1266 4057 a
1334 4013 1529 4059 nostrae
1588 4020 1846 4073 congrrg.

146 4076 321 4125 sancti
402 4075 566 4125 Mauri
644 4074 921 4126 monachis
1010 4076 1369 4128 Benedictinis
1447 4080 1851 4141 religiosissime

144 4150 249 4195 tam
304 4148 597 4207 pretiosum
650 4146 958 4196 cmmelium
1005 4152 1320 4198 asservatur
1379 4153 1433 4201 et
1482 4149 1689 4199 colitur.
1728 4150 1851 4201 Vide

145 4215 395 4266 libellum
431 4228 497 4265 ea
545 4216 612 4266 de
650 4228 707 4267 re
758 4231 788 4267 a
818 4216 1016 4267 domno
1041 4217 1284 4270 Gabriele
1321 4221 1597 4272 Gerberon
1646 4221 1851 4272 Parisiis

143 4289 350 4338 editum
374 4299 519 4336 anno
556 4286 691 4336 1677.
1097 4321 1101 4324 μ

205 4367 222 4387 ·
262 4358 532 4409 Describit
614 4362 977 4419 Adamnanus,
1066 4360 1157 4411 lib.
1230 4373 1247 4410 ι
1306 4361 1374 4411 de
1442 4361 1592 4413 Locis
1653 4360 1852 4411 sanctis

144 4441 258 4493 cap.
338 4431 412 4485 i3,
494 4428 783 4480 ecclesiam
840 4444 1006 4494 prope
1079 4432 1494 4494 Jerosolymam,
1563 4432 1654 4481 ubi
1724 4436 1851 4481 tunc

142 4492 409 4563 temporis
468 4500 871 4552 monstrabatur
924 4492 1091 4551 beatae
1151 4492 1321 4552 Mariae
1374 4492 1699 4564 Sepulcrum.
1751 4492 2252 4567 SedDinsignitus,

142 4583 268 4621 cum
316 4575 444 4619 ante
496 4571 776 4622 iuvenalis
831 4576 1093 4635 tempora,
1131 4576 1224 4634 qui
1280 4575 1549 4627 mediante
1584 4572 1782 4624 saeculo
1816 4585 1849 4623 v

142 4640 392 4697 ﬂorebat,
447 4652 609 4691 nemo
662 4643 863 4694 dixerit
918 4643 1086 4694 beatae
1122 4644 1354 4704 Virginis
1403 4645 1712 4707 sepulcrum
1768 4643 1850 4694 Je-

144 4713 448 4775 rosolymis
510 4713 804 4771 exstitisse,
851 4715 965 4765 .Ci.
1031 4727 1116 4765 vir
1170 4715 1558 4769 .Tiltemonttus
1621 4717 1674 4765 in
1740 4715 1852 4765 Vita

143 4782 489 4833 Constantini
547 4785 735 4844 Magni.
804 4787 904 4835 art.
958 4786 1035 4845 68,
1090 4786 1364 4837 existimat
1415 4787 1700 4837 ecclesiam
1764 4785 1851 4836 hic

120 4867 171 4921 ,ιι
220 4855 490 4917 ϐτιεοηο
552 4858 905 4907 memoratam
960 4857 1118 4907 aliam
1183 4870 1292 4907 non
1344 4868 1518 4909 essea
1549 4856 1845 4913 cathedrali

142 4924 435 4986 Ephesius,
494 4936 635 4988 quae,
704 4928 782 4975 uti
840 4928 963 4976 Acta
1014 4926 1527 4991 syriodingbesinae
1591 4931 1844 4979 attestau-

144 5001 252 5056 tur,
316 4996 374 5045 in
432 4994 659 5057 Vllgiiils
717 4998 949 5053 beiparae
1000 4998 1266 5049 honorem
1325 5003 1639 5049 consecrata
1713 5000 1845 5054 erat,

140 5074 191 5117 et
253 5066 381 5117 sola
438 5067 493 5115 in
554 5066 740 5129 probis
783 5068 1094 5119 auctoribus
1145 5074 1269 5120 ante
1320 5072 1375 5120 id
1425 5075 1635 5133 tempus
1678 5067 1849 5121 beatae

140 5138 390 5200 Virginis
422 5137 576 5187 titulo
603 5138 857 5190 decorata
878 5139 1050 5192 fuisse
1073 5143 1287 5204 legitur.

202 5208 224 5237 δ
266 5210 326 5259 id
378 5214 460 5258 est
510 5220 699 5259 mense
752 5211 1022 5269 Januario,
1085 5211 1279 5275 quoin
1322 5210 1513 5269 Galliis
1562 5211 1851 5275 depositio-

138 5281 227 5330 nis
297 5290 403 5329 seu
453 5280 852 5341 assumptionis
916 5281 1239 5333 beatasiuiaa
1303 5284 1527 5345 Virginis
1589 5282 1853 5335 festivitas

140 5352 271 5402 olim
338 5348 741 5402 celebrabatur.
804 5350 953 5409 Quod
997 5358 1201 5405 certum
1240 5357 1325 5405 est
1368 5367 1438 5406 ex
1481 5357 1716 5418 antiquis
1769 5355 1852 5405 Li-

141 5423 376 5486 turgiis.
407 5420 719 5482 Gallicanis,
785 5429 837 5474 et
881 5427 1269 5477 vetustissimis
1319 5428 1729 5490 Martyrologiis,
1784 5426 1852 5478 ad

142 5494 286 5544 diem
350 5491 409 5542 18
455 5492 713 5555 Januarii,
771 5498 829 5545 ut
874 5496 1066 5558 probat
1129 5501 1331 5551 noster.
1375 5496 1645 5548 Manilion.
1677 5497 1766 5549 lib.
1811 5509 1851 5548 ιι

126 5563 409 5626 νιὶιιιινεὶω
466 5563 743 5616 Gallicanae
798 5579 944 5617 num.
1016 5567 1077 5617 22
1152 5580 1274 5632 pag.
1338 5568 1443 5618 118.
1510 5568 1623 5620 Vult
1673 5573 1853 5620 tamen

143 5635 420 5699 Scaliger,
461 5634 598 5687 libro
655 5648 712 5688 γι
752 5638 822 5691 de
862 5637 1248 5693 Emendatioue
1296 5644 1619 5705 temporum,
1650 5652 1854 5693 annum

141 5706 589 5761 ecclesiasticum
641 5720 674 5759 ι
728 5709 984 5772 Gregorio
1035 5714 1220 5764 nostro
1273 5712 1516 5767 inchoari
1574 5724 1608 5766 a
1666 5723 1856 5767 mense

516 5792 773 5856 PATROL.
816 5796 1019 5859 LXXI.

1938 3245 2065 3303 cida
2092 3243 2155 3299 in
2188 3251 2241 3298 te
2288 3241 2470 3299 durus
2499 3238 2766 3297 existam.
2819 3236 2889 3293 Et
2918 3236 3345 3308 apprehensum
3391 3249 3638 3307 puerum

1940 3330 1998 3386 in
2057 3343 2121 3385 os
2172 3325 2423 3382 fornacis
2470 3321 2724 3380 ardentis
2763 3318 3018 3394 projecit,
3074 3317 3426 3392 adjectisque
3464 3317 3641 3391 lignis

1941 3432 2055 3492 quo
2100 3412 2502 3472 vehementius
2534 3417 2890 3477 exoreretur,
2944 3406 3178 3464 insistit.
3232 3404 3342 3464 Sed
3389 3421 3505 3463 non
3540 3406 3639 3463 de-

1941 3509 2051 3567 fuit
2089 3496 2190 3564 illa
2246 3502 2639 3563 misericordia
2687 3517 2820 3574 quae
2871 3507 2984 3557 tres
3032 3498 3329 3572 quondam
3365 3497 3644 3556 Hebraeos

1938 3612 2147 3672 pueros
2172 3592 2477 3654 Chaldaico
2506 3593 2567 3649 in
2596 3588 2825 3650 camino
2852 3588 3131 3662 projectos
3164 3586 3321 3646 nube
3350 3587 3643 3646 rorulenta

1939 3796 2124 3861 Aprili,
2194 3807 2304 3859 quo
2350 3796 2523 3858 pacto
2592 3791 2884 3857 Gregorius
2942 3790 3031 3842 hic
3091 3791 3302 3842 mensis
3367 3791 3642 3844 undecimi

1938 3870 2157 3921 nomine
2206 3865 2554 3919 Februarium
2605 3866 2963 3927 designasset.
3018 3863 3112 3912 Cui
3156 3863 3400 3926 opinioni
3454 3862 3642 3915 favere

1936 3940 2153 3991 videtur
2216 3938 2704 3988 Sacramentarium
2776 3933 3125 3990 Gallicanum,
3193 3933 3340 3997 quod
3408 3946 3477 3985 ex
3537 3947 3637 3985 ms.

1937 4015 2125 4063 codice
2182 4010 2553 4061 vetustissimo
2609 4007 2887 4058 Bobiensia
2958 4005 3275 4056 monasterii
3328 4004 3393 4073 ab
3448 4005 3642 4057 eodem

1939 4080 2245 4133 Mabillonio
2288 4080 2489 4129 editum
2544 4082 2629 4128 est
2680 4077 2747 4128 ad
2789 4076 2991 4127 calcem
3042 4076 3170 4125 tomi
3208 4075 3421 4126 [Musei
3451 4075 3638 4134 Italici,

1936 4152 2027 4202 ubi
2085 4150 2379 4213 assumptio
2442 4153 2636 4198 sanctae
2715 4150 2886 4197 Marias
2940 4149 3062 4209 post
3115 4146 3314 4195 festum
3362 4146 3639 4198 Cathedrae

1937 4224 2108 4274 sancti
2166 4223 2300 4271 Petri
2344 4220 2648 4269 immediate
2699 4222 2822 4268 ante
2875 4216 3354 4278 Quadragesimam
3408 4216 3633 4270 locatur.

1904 4348 1908 4352 Α
1936 4293 2137 4345 Passim
2158 4295 2338 4343 tamen
2364 4292 2653 4351 Gregorius
2678 4305 2707 4341 a
2743 4288 2925 4339 Martio
2955 4299 3154 4339 annum
3181 4287 3414 4338 inchoat.

1999 4373 2015 4392 ε
2052 4364 2165 4423 ilic,
2202 4362 2281 4412 uti
2322 4361 2561 4415 videtur.
2624 4360 2946 4422 designatur
2999 4356 3314 4409 Marziacum
3368 4356 3634 4421 (Marsae),

1936 4434 2241 4498 parthenon
2313 4432 2570 4494 antiquus
2629 4432 2679 4482 B.
2750 4431 2924 4482 Mariae
2993 4429 3155 4479 etiam
3218 4440 3363 4498 nunc
3419 4432 3638 4484 nomine

2335 4501 2679 4553 Mauzacensi
2764 4500 3098 4552 monasterio
3166 4497 3461 4563 subjectus,
3542 4501 3637 4553 ubi

1936 4574 2374 4627 sanctimoniaies
2434 4572 2532 4623 sub
2585 4574 2861 4636 priorissae
2927 4572 3191 4635 regimine
3259 4576 3629 4635 perseverant.

1936 4646 2083 4697 Altus
2132 4650 2217 4696 est
2253 4657 2284 4695 a
2334 4642 2754 4695 Marcinianensi
2816 4641 3154 4704 parthenope
3186 4644 3343 4705 cujus
3392 4646 3636 4696 meminit

1934 4730 2045 4768 non
2087 4716 2258 4767 semel
2312 4714 2493 4767 Petrus
2554 4715 2927 4767 Cluniacensis
2992 4712 3178 4765 abbas.
3240 4713 3364 4767 Vide
3415 4715 3634 4768 Savaro-

1934 4801 2061 4839 nem
2093 4789 2145 4838 in
2168 4788 2321 4851 epist.
2353 4787 2437 4837 119
2477 4786 2593 4838 libri
2620 4801 2659 4838 ιι
2685 4786 3006 4847 Apollinaris
3030 4785 3244 4835 Sidonii.

1997 4858 2018 4887 ⁸
2051 4860 2288 4909 διωίιιω
2328 4858 2604 4910 historiam
2648 4858 2812 4908 habet
2863 4856 3121 4918 Evagrius
3170 4854 3261 4904 lib.
3303 4868 3364 4906 tv
3391 4866 3507 4920 cap.
3542 4858 3624 4919 36,

1932 4934 1987 4983 et
2019 4930 2345 4994 Nicephorus
2382 4930 2474 4981 lib.
2524 4942 2646 4981 xvu
2701 4941 2816 4991 cap.
2858 4927 2935 4976 25.
3003 4926 3148 4975 idem
3181 4926 3474 4988 contigisse
3520 4940 3635 4980 me-

1933 5009 2175 5051 moratur
2238 4999 2381 5063 apud
2450 5001 2707 5050 Bituricus
2780 5000 2835 5047 in
2890 4995 3122 5047 ecclesia
3171 5001 3367 5047 sanctae
3422 4995 3624 5062 Mariae,

1933 5078 2177 5134 tempore
2232 5071 2442 5121 Humati
2504 5069 2747 5134 ejusdem
2812 5065 2964 5118 urbis
2998 5066 3282 5128 ‘episcOpi.
3341 5071 3399 5119 ut
3446 5074 3630 5121 narrat

1937 5142 2225 5194 Metiachus
2278 5142 2727 5203 Sansupicianus
2800 5138 2855 5187 in
2918 5137 3238 5188 Patriarctiio
3292 5138 3627 5204 Bituricensi,

1939 5226 2055 5266 cap.
2095 5214 2166 5262 19.
2203 5212 2335 5262 Hinc
2366 5222 2664 5272 cognomen
2700 5205 2887 5260 habuit
2909 5207 2972 5258 de
3002 5209 3185 5258 Γανηο
3216 5208 3412 5261 calido.

1999 5283 2256 5345 'Aliquot
2320 5279 2475 5339 Ms,
2537 5278 2680 5345 quod
2724 5284 2974 5332 sanctum
3048 5284 3404 5343 assumptum,
3469 5292 3633 5332 accu-

1936 5355 2089 5407 sandi
2143 5366 2274 5403 casu
2329 5352 2450 5403 loco
2493 5358 2635 5402 sexti
2690 5353 2946 5409 adhibito,
2989 5364 3108 5415 quae
3159 5364 3384 5403 casuum
3414 5354 3635 5405 mutatio

1935 5426 2269 5489 frequentior
2326 5430 2409 5474 est
2469 5423 2613 5487 apud
2676 5422 3011 5485 Gregorium.
3068 5421 3170 5472 Sed
3220 5423 3305 5473 hic
3340 5421 3637 5474 observan-

1935 5500 2064 5551 dum
2107 5500 2191 5547 est
2228 5493 2371 5547 hanc
2420 5507 2609 5547 vocem
2650 5498 2901 5547 sanctum
2954 5492 3197 5546 absolute
3226 5504 3325 5555 pro
3351 5492 3637 5553 eucharis—

1935 5571 2008 5620 tia
2088 5567 2309 5629 assumi,
2378 5569 2436 5618 ut
2515 5566 2585 5637 fit
2652 5566 2709 5616 in
2760 5566 3033 5630 plerisque
3104 5560 3353 5624 Liturgiaa
3411 5567 3637 5637 nostra,

1935 5640 2096 5694 etiam
2127 5638 2423 5701 hodiernae,
2457 5636 2804 5690 orationibus.

2000 5710 2016 5740 ί
2048 5710 2177 5764 Cod.
2211 5709 2358 5764 Coib.
2386 5722 2435 5773 a,
2470 5708 2666 5771 illoque
2684 5706 3029 5781 properante.

3228 5782 3379 5851 23'
