3982 6346
448 425 553 483 715

1513 411 1572 469 S.
1613 405 1971 470 GREGOBII
2010 399 2340 462 EPISCOPI
2381 394 2856 479 TURONENSIS
3846 396 3927 452 716

447 548 813 620 resperserat.
854 541 985 615 Ipsa
1028 538 1189 597 enim
1223 543 1277 597 et
1320 538 1479 596 hunc
1518 537 1667 594 inter
1721 534 1941 592 medios
1984 529 2332 604 ignesAaut
2364 524 2627 599 permitte
2657 520 2949 618 discedere
2986 532 3472 620 unumquemque
3501 519 3566 574 iu
3607 517 3807 575 locum
3836 534 3926 592 quo

446 643 503 694 et
530 628 852 709 prunarum
890 629 1073 688 moles
1098 628 1383 701 jacentem
1431 641 1665 699 prorsus
1715 621 1980 682 consumi
2031 634 2148 677 non

444 730 681 805 patitur.
740 726 887 785 Cum
943 730 1137 781 autem
1186 721 1439 779 audisset
1490 726 1671 776 mater
1717 717 1873 792 quod
1922 715 2150 773 scilicet

444 820 635 878 tilium
686 828 1055 874 communem
1100 818 1258 883 pater
1306 809 1676 868 deliberasset
1725 821 1992 874 exurere,
2046 819 2148 861 cu-

443 908 622 968 currit
650 906 720 965 ad
754 902 1118 962 liberandum
1148 917 1305 959 eum.
1344 900 1450 959 Sed
1483 916 1617 957 cum
1659 897 1897 955 vidisset
1948 895 2146 953 incen-

446 1008 541 1065 dia
569 1004 641 1060 ab
674 1018 771 1060 ore
799 1004 942 1063 733
976 996 1223 1055 fornacis
1272 995 1466 1068 patulo
1498 995 1609 1050 huc
1640 1000 1694 1051 et
1738 992 1879 1052 illuc
1917 991 2149 1048 ﬂamma

364 1158 365 1161 η
445 1093 781 1154 dominante
812 1087 1085 1160 respergi,
1137 1091 1407 1144 ornatum
1440 1083 1643 1155 capitis
1673 1082 1743 1140 ad
1778 1090 1984 1140 terram
2016 1096 2147 1154 pro-

444 1184 596 1254 iecit,
628 1179 954 1250 diffusaque
987 1174 1222 1233 caesarie
1254 1189 1314 1230 se
1348 1173 1617 1230 miseram
1652 1170 1973 1241 clamitans,
2002 1168 2147 1227 civi-

444 1278 619 1329 tatem
674 1267 915 1327 vocibus
964 1264 1182 1336 implet.
1237 1261 1400 1331 Quod
1453 1276 1586 1317 cum
1643 1258 1953 1317 Christiani
2007 1258 2149 1331 quid

445 1368 639 1419 actum
673 1358 859 1415 fuerat
910 1352 1268 1421 didicissent,
1306 1355 1660 1408 concurrunt
1690 1364 1891 1406 omnes
1924 1347 1995 1405 ad
2031 1354 2148 1403 tam

444 1451 717 1523 iniquum
761 1443 1171 1519 spectaculum,
1228 1441 1599 1513 retractisque
1646 1440 1882 1512 ignibus
1932 1438 2005 1495 ab
2052 1453 2151 1495 ore

442 1538 715 1608 fornacis,
746 1533 1056 1592 inveniunt
1082 1546 1328 1603 puerum
1353 1529 1519 1602 quasi
1548 1544 1719 1602 super
1742 1527 1971 1601 plumas
1998 1526 2145 1584 mol-

442 1628 695 1701 lissimas
747 1620 1205 1682 decumbentem.
1265 1616 1388 1687 Quo
1443 1624 1727 1685 extracto,
1783 1615 2147 1672 admirantur

443 1735 646 1780 omnes
675 1704 947 1781 illaesum,
975 1709 1440 1782 clamoribusque
1468 1708 1625 1766 locns
1663 1707 1761 1765 ille
1788 1706 2058 1779 repletur,
2092 1711 2145 1763 et

442 1813 525 1869 sic
579 1805 895 1865 Dominum
934 1800 1125 1858 omnis
1177 1798 1430 1871 populus
1469 1796 1776 1854 benedicit.
1809 1794 2143 1852 Conclama-

442 1900 581 1958 bant
617 1894 787 1953 etiam
821 1898 883 1949 ut
914 1895 1203 1949 auctorem
1250 1886 1429 1960 hujus
1462 1884 1691 1942 sceleris
1721 1883 1784 1940 in
1834 1882 1986 1956 ipsas
2015 1900 2145 1956 pro-

435 1990 677 2064 jicerent
712 1984 994 2040 flammas.
1046 1977 1373 2050 Projectum
1412 1982 1607 2033 autem
1647 1973 1725 2030 ita
1770 1979 1951 2053 totum
1995 1972 2147 2045 ignis

444 2075 762 2145 absorbuit,
816 2078 881 2131 ut
909 2070 1012 2127 vix
1044 2068 1113 2125 de
1150 2067 1380 2125 ossibus
1409 2066 1534 2138 ejus
1573 2080 1821 2138 parvum
1867 2064 2148 2136 quodam-

443 2167 614 2227 modo
666 2163 1092 2235 relinqueretur
1143 2155 1451 2214 indicium.
1504 2155 1927 2227 Interrogantes
1954 2160 2148 2211 autem

444 2253 803 2320 infantulum
857 2246 1172 2307 Christiani
1221 2246 1390 2317 quale
1435 2245 1487 2304 ei
1539 2245 1688 2302 inter
1740 2243 1905 2317 ignes
1944 2244 2149 2303 fuisset

444 2341 875 2409 umbraculum,
927 2337 1045 2396 ait:
1106 2336 1320 2394 Mulier
1366 2352 1501 2409 qum
1536 2335 1596 2391 in
1631 2332 1866 2392 basilica
1909 2332 2010 2392 illa
2045 2336 2147 2393 ubi

443 2450 649 2512 panem
682 2446 704 2472 ει
735 2432 805 2489 de
833 2444 1033 2487 mensa
1082 2426 1292 2499 accepi,
1322 2426 1382 2483 in
1412 2424 1679 2483 cathedra
1707 2423 1983 2492 residens,
2018 2439 2147 2497 par-

442 2525 651 2585 vulum
685 2523 746 2579 in
780 2520 915 2578 sinu
947 2524 1126 2590 gestat
1174 2515 1479 2585 infantem,
1524 2515 1648 2572 haec
1693 2530 1783 2570 me
1812 2512 1987 2586 pallio
2016 2530 2145 2584 suo,

444 2634 520 2676 ne
556 2617 712 2688 ignis
772 2616 1030 2678 voraret,
1097 2605 1343 2679 operuit.
1414 2604 1576 2662 Unde
1636 2604 2027 2661 indubitatum
2067 2612 2151 2662 est

442 2706 669 2764 beatam
727 2700 781 2759 ei
831 2697 1073 2757 Mariam
1102 2694 1456 2767 apparuisse.
1511 2692 1723 2765 Agnita
1772 2708 1907 2764 ergo
1958 2692 2150 2750 infans

444 2796 560 2853 ﬁde
591 2790 887 2858 catholica,
936 2784 1177 2843 credidit
1222 2782 1283 2838 in
1327 2781 1565 2839 nomine
1612 2781 1794 2839 Patris
1833 2786 1889 2839 et
1919 2780 2051 2837 Filii
2096 2789 2152 2839 et

447 2872 698 2959 Spiritus
753 2878 954 2948 sancti,
1009 2892 1074 2943 ac
1125 2871 1475 2931 salutaribus
1531 2870 1982 2959 aquisiablutus
2032 2888 2151 2929 una

445 2958 580 3030 cum
610 2968 885 3044 genitrice
916 2980 1039 3033 sua,
1083 2963 1273 3019 denuo
1304 2966 1441 3017 sunt
1472 2959 1673 3017 renati.
1714 2958 1885 3017 Multi
1914 2958 2147 3018 Judmo-

446 3076 579 3118 rum
610 3055 875 3129 exemplo
904 3055 1013 3111 h‘oc
1035 3051 1098 3108 in
1128 3049 1273 3107 urbe
1300 3047 1400 3105 illa
1430 3046 1635 3105 salvati
1658 3052 1817 3104 sunt.

1093 3163 1336 3225 CAPUT
1382 3164 1482 3222 XI.

2234 614 2412 670 vitam
2443 626 2758 686 propagare
2792 609 2992 682 possit,
3041 607 3264 681 alioqui
3298 623 3405 665 nec
3436 612 3491 664 te
3521 606 3792 663 consulto
3818 607 3924 663 abs-

2233 701 2513 768 cedimus,
2550 716 2620 757 ne
2652 712 2956 772 pereamus
3005 697 3175 754 fame.
3218 697 3359 753 Haec
3388 695 3462 752 iis
3504 690 3841 751 dicentibus
3865 695 3926 749 ait

2231 789 2406 847 abbas
2444 809 2454 846 :
2488 788 2754 847 Oremus.
2785 786 2988 842 fratres
3018 783 3400 853 dilectissimi,
3434 788 3489 840 et
3516 781 3807 839 Dominus
3835 782 3924 839 mi-

2232 878 2499 935 nistrabit
2523 876 2689 935 nobis
2720 875 2911 945 cibos;
2940 890 3044 931 nec
3065 874 3223 930 enim
3249 878 3433 946 potest
3462 872 3589 929 fieri
3622 879 3694 929 ut
3724 871 3924 929 deﬁciat

2232 966 2487 1025 triticum
2510 967 2573 1023 in
2593 966 2718 1038 ejus
2744 962 3091 1022 monasterio
3112 978 3249 1035 quae
3269 963 3494 1034 frugem
3522 962 3663 1018 vitae
3692 977 3767 1019 ex
3786 970 3924 1019 utero

2229 1056 2495 1129 pereunti
2525 1054 2733 1135 intulit
2777 1052 3017 1112 mundo.
3072 1051 3294 1121 Quibus
3342 1052 3735 1124 vigilantibus
3784 1062 3923 1108 nocte

2235 1152 2364 1214 tota,
2415 1162 2481 1204 ac
2510 1143 2910 1219 psallentibus,
2946 1158 3113 1200 mane
3150 1149 3273 1199 orto
3300 1143 3378 1200 ita
3407 1143 3713 1215 reperiunt
3738 1150 3923 1202 cuncta

2233 1235 2570 1291 horreorum
2610 1230 2935 1289 habitacula
2963 1230 3175 1302 repleta
3200 1230 3410 1300 tritico,
3446 1237 3510 1287 ut
3533 1230 3638 1287 vix
3668 1230 3763 1287 vel
3794 1247 3921 1286 rese-

2234 1320 2349 1378 rari
2411 1318 2625 1377 ostium
2673 1324 2877 1390 posset.
2942 1318 3190 1390 Accepto
3252 1324 3444 1376 autem
3512 1318 3665 1387 cibo,
3735 1318 3923 1390 gratias

2231 1418 2474 1487 egerunt
2526 1411 2662 1470 Deo.
2708 1411 2842 1468 Post
2898 1410 3110 1470 multos
3160 1427 3296 1469 vero
3338 1426 3523 1469 annos
3552 1412 3773 1469 iterum
3802 1411 3924 1468 deﬁ-

2234 1504 2419 1562 ciente
2471 1502 2618 1574 cibo,
2662 1501 3061 1559 clamaverunt
3093 1501 3361 1559 monachi
3411 1502 3481 1558 ad
3514 1501 3811 1573 abbatem,
3838 1501 3923 1575 qui

2233 1595 2314 1653 ait
2344 1613 2357 1650 :
2387 1593 2708 1667 Vigilemus
2735 1607 2801 1649 ac
2828 1591 3205 1664 deprecemur
3236 1584 3572 1661 Dominum,
3609 1599 3669 1648 et
3708 1592 3924 1649 forsitan

2238 1683 2619 1740 transmittere
2666 1679 3000 1752 dignabitur
3030 1681 3325 1737 alimenta.
3380 1679 3642 1753 Denique
3694 1686 3922 1753 proster-

2234 1776 2459 1828 nuntur
2489 1768 2559 1826 ad
2582 1768 2983 1842 pavimentum
3011 1768 3229 1841 templi.
3246 1767 3563 1841 Vigilantes
3588 1768 3793 1840 itaque
3818 1783 3925 1824 noc-

2164 1863 2365 1949 Btem
2382 1859 2443 1915 in
2486 1856 2741 1949 psalmis
2780 1856 3135 1931 hymnisque
3185 1863 3240 1914 et
3284 1856 3523 1914 canticis
3579 1858 3924 1932 spiritalibus

2232 1946 2655 2020 perduxerunt.
2705 1946 2966 2019 Cumque
3007 1961 3066 2002 se
3094 1950 3221 2017 post
3255 1945 3570 2003 matutinos
3600 1960 3814 2002 somno
3843 1944 3925 2002 de-

2233 2034 2471 2104 dissent,
2502 2034 2664 2093 venit
2693 2036 2935 2109 angelus
2962 2034 3216 2105 Domini,
3248 2042 3302 2092 et
3332 2034 3524 2107 posuit
3562 2050 3743 2106 super
3770 2036 3929 2091 altare

2232 2123 2672 2183 multitudinem
2695 2125 3064 2181 innumeram
3086 2123 3233 2180 auri.
3258 2122 3435 2179 Erant
3455 2121 3613 2179 enim
3633 2121 3788 2179 ostia
3805 2120 3931 2178 tedis

2232 2217 2515 2276 obserata.
2552 2216 2917 2287 Exsurgente
2964 2219 3158 2271 autem
3209 2228 3378 2270 mane
3410 2211 3613 2269 abbate
3642 2226 3785 2269 cum
3824 2226 3928 2268 mo-

2233 2307 2434 2366 nachis
2459 2305 2531 2363 ad
2559 2305 2969 2364 celebrandum
3015 2319 3271 2373 cursum,
3310 2302 3583 2360 viderunt
3610 2300 3927 2359 multitudi-

2232 2413 2367 2455 nem
2394 2396 2522 2453 auri
2552 2412 2725 2468 super
2774 2393 2972 2451 altare.
3002 2392 3073 2449 Et
3107 2392 3185 2449 ait
3223 2392 3401 2449 abbas
3438 2390 3659 2448 custodi
3697 2390 3843 2447 mdis
3870 2393 3927 2444 ἀς

2235 2486 2374 2556 Quis
2396 2487 2780 2560 prefectorum
2812 2484 2929 2541 huc
2952 2482 3249 2555 ingressus
3275 2488 3377 2551 est,
3413 2480 3515 2555 qui
3540 2481 3668 2537 haec
3698 2478 3929 2539 detulit?

2234 2576 2551 2650 Respondit
2580 2595 2591 2632 ε
2624 2576 2757 2633 Post
2788 2589 3084 2647 egressum
3114 2580 3374 2630 vestrum
3406 2570 3605 2629 nullus
3627 2570 3730 2628 hic
3758 2570 3931 2629 homi-

2235 2678 2381 2722 num
2414 2678 2707 2721 accessum
2742 2662 2961 2729 habuit,
2994 2661 3091 2719 sed
3119 2660 3253 2719 ostii
3282 2659 3501 2717 clavem
3534 2658 3827 2716 munitam
3856 2673 3932 2714 re.

2234 2752 2406 2821 tinui,
2462 2756 2518 2807 et
2567 2764 2797 2807 mecum
2826 2749 3026 2818 habui,
3061 2749 3243 2806 donec
3285 2760 3549 2817 surgeres
3581 2745 3653 2801 ad
3689 2734 3934 2803 comma?

2233 2838 2493 2898 vendum
2523 2840 2762 2910 signum
2790 2851 2832 2894 θ.
2868 2836 3033 2894 Tunc
3081 2842 3323 2909 stupens
3367 2836 3541 2893 abbas
3572 2850 3708 2893 cum
3743 2850 3933 2891 mona-

2234 2926 2380 2996 chis,
2398 2941 2621 2983 munus
2648 2924 2875 2982 cmleste
2900 2923 3193 2981 intellexit
3225 2944 3237 2983 :
3262 2925 3589 2997 gratiasque
3619 2920 3741 2979 Deo
3768 2937 3935 2995 agens

2231 3013 2475 3087 collegit,
2544 3012 3003 3085 comparatisque
3058 3011 3242 3070 victui
3300 3009 3658 3074 necessariis,
3697 3010 3934 3081 ‘plebem

2231 3101 2505 3159 creditam
2532 3100 2831 3160 aﬂluenter
2860 3099 3080 3158 refecit.
3110 3098 3226 3156 Nec
3248 3097 3466 3155 mirum
3486 3096 3542 3167 si
3571 3096 3739 3153 beata
3774 3095 3935 3167 Virgo

2231 3188 2357 3247 sine
2388 3189 2582 3247 labore
2614 3189 2737 3247 suis
2763 3188 3006 3261 protulit
3036 3187 3275 3257 victum,
3322 3202 3455 3261 quze
3488 3186 3615 3243 sine
3641 3184 3803 3243 coitu
3830 3184 3931 3241 viri

443 3283 519 3336 De
546 3276 871 3334 monasterio
901 3269 1416 3337 Hierosolymz'tano,
1452 3270 1501 3319 et
1534 3265 1816 3319 miraculis
1848 3281 1949 3335 per
1974 3270 2213 3334 virtu-0
2235 3266 2583 3349 c'oncipiens,
2616 3273 2778 3347 virgo
2810 3274 3127 3347 permansit
3155 3279 3210 3331 et
3236 3279 3362 3346 post
3388 3279 3634 3345 partum,

826 3369 928 3420 tem
954 3366 1155 3417 sancta:
1176 3359 1371 3414 Maria
1395 3357 1777 3424 reliquiarum.

517 3477 932 3539 Monasterium
985 3478 1071 3530 est
1121 3469 1287 3527 valde
1335 3481 1633 3540 magnum
1662 3465 1719 3521 in
1760 3464 2148 3541 Hierusalem,

447 3590 562 3633 non
610 3571 898 3630 modicam
948 3565 1167 3622 habens
1213 3560 1740 3633 congregationem,
1790 3558 1853 3615 in
1881 3576 1995 3631 quo
2034 3576 2149 3619 non

447 3670 637 3727 solum
672 3664 901 3721 devotio
924 3660 944 3688 ¹⁵
971 3658 1171 3732 populi
1201 3672 1353 3727 saepe
1387 3655 1639 3728 plurima
1667 3656 1907 3723 confert,
1942 3670 2149 3714 verum

447 3760 619 3817 etiam
662 3751 1025 3828 imperatoris
1064 3752 1233 3824 jussu
1264 3748 1342 3805 ibi
1374 3762 1491 3805 non
1525 3747 1771 3804 minima
1800 3738 2151 3821 largiuntur.

448 3846 674 3907 Accidit
702 3849 893 3902 autem
925 3840 1175 3914 quodam
1205 3844 1461 3908 tempore
1490 3842 1553 3892 ut
1580 3851 1700 3908 prie
1722 3837 1963 3910 penuria
1994 3854 2155 3911 eges-

447 3937 579 3996 tatis
608 3932 774 3992 valde
805 3931 889 3988 eis
920 3928 1107 3986 victus
1139 3924 1459 3983 necessaria
1497 3923 1857 3981 defecissent.
1903 3925 2156 3997 Congre-

444 4025 599 4101 gatio
624 4021 785 4080 enim
820 4016 1055 4091 garrula
1087 4025 1106 4051 ε
1160 4012 1601 4080 monachorum,
1660 4027 1797 4069 cum
1836 4027 1956 4069 una
1986 4017 2155 4085 atque

451 4100 597 4178 ‘734
621 4111 735 4169 alia
787 4108 880 4165 die
932 4102 1263 4162 refectionis
1314 4100 1656 4158 alimoniam
1712 4114 1825 4156 non
1866 4106 2152 4173 caperent,

447 4204 842 4262 vociferantur
872 4195 947 4255 ad
1006 4193 1294 4262 abbatem,
1351 4190 1607 4247 dicentes
1643 4208 1656 4247 :
1708 4188 1946 4262 Largire
1974 4187 2153 4259 cibos,

512 4388 530 4409 ο
562 4371 969 4428 Obstrvaudum
1032 4367 1121 4417 hic
1165 4367 1362 4429 primo,
1434 4377 1637 4426 panem
1692 4360 2050 4422 solummodo,
2107 4360 2159 4412 id

449 4456 532 4503 est
571 4446 787 4499 unicam
841 4439 1183 4492 eucharistiae
1232 4448 1401 4487 sacra:
1443 4436 1707 4497 speciem,
1733 4447 1764 4484 a
1788 4446 1957 4497 pLero
1978 4432 2160 4503 Judaeo

450 4502 619 4573 fuisse
667 4516 964 4575 receptam,
1018 4510 1110 4572 qui
1168 4512 1345 4557 tamen
1399 4518 1562 4563 supra
1605 4517 1807 4575 corpus
1862 4507 1910 4554 et
1941 4502 2162 4575 sanguis

453 4585 675 4641 Domini
717 4598 747 4633 a
796 4573 1057 4649 chgorio
1102 4577 1421 4649 appellatur.
1457 4574 1858 4649 Observandum
1891 4573 2158 4649 secundo.

2306 3367 2499 3439 Hujus
2547 3367 2729 3424 beata}
2780 3364 3040 3437 Virginis
3091 3363 3369 3436 reliquias
3422 3377 3555 3420 cum
3611 3369 3938 3418 sanctorum

2234 3457 2627 3531 apostolorum
2678 3453 2774 3513 vel
2827 3454 2979 3512 beati
3032 3460 3175 3516 735
3233 3450 3466 3508 Martini
3524 3447 3780 3523 quadam
3826 3452 3939 3506 vice

2236 3564 2408 3622 super
2440 3563 2532 3603 me
2574 3546 2637 3603 in
2688 3560 2859 3604 cruce
2891 3559 3065 3603 aurea
3100 3541 3313 3615 positas
3349 3538 3721 3599 ex‘hibebam.
3766 3536 3940 3594 Cum-

2234 3660 2347 3718 que
2393 3658 2496 3715 per
2524 3640 2680 3699 viam
2708 3639 3102 3714 graderemur,
3142 3634 3434 3707 conspicio
3485 3632 3639 3691 haud
3685 3630 3937 3702 procula

2236 3732 2331 3790 via
2361 3730 2738 3807 hospitiolum
2766 3726 3069 3801 cujusdam
3097 3724 3369 3798 pauperis
3399 3720 3668 3779 incendio
3712 3735 3938 3777 concre-

2236 3821 2405 3879 mari.
2467 3821 2604 3878 Erat
2663 3824 2856 3877 autem
2895 3833 2928 3874 a
2965 3815 3139 3884 foliis,
3198 3810 3625 3887 quaiignibus
3688 3810 3940 3867 maxima

2239 3918 2513 3984 praestant
2565 3911 2834 3978 fomenta,
2880 3911 3227 3964 contectum.
3263 3901 3541 3963 Currebat
3595 3900 3776 3958 miser
3812 3916 3941 3958 eum

2242 3999 2442 4057 liberis
2490 4007 2543 4058 et
2577 4014 2761 4058 uxore
2787 3991 2995 4070 aquam
3024 3995 3351 4066 deportans,
3401 3989 3501 4049 sed
3547 3989 3803 4046 ﬂammae
3830 4003 3940 4046 non

2242 4088 2675 4160 mitigabantur.
2735 4085 2899 4143 Tunc
2956 4087 3273 4141 extractam
3309 4095 3344 4137 a
3385 4086 3609 4153 pectore
3660 4077 3943 4136 crucem‘

2241 4173 2404 4232 elevo
2432 4181 2629 4233 contra
2655 4174 2852 4246 ignem
2883 4194 2895 4228 :
2939 4186 3077 4230 mox
3106 4168 3168 4227 in
3195 4172 3429 4241 aspectu
3458 4170 3794 4224 sanctarum
3814 4163 3947 4222 reli-

2242 4354 2591 4407 Iunocentius
2636 4351 2705 4402 ill
2752 4351 2808 4401 in
2842 4348 2982 4400 libro
3023 4346 3093 4399 de
3132 4343 3411 4408 Mysteriis
3433 4342 3643 4401 misse;
3679 4342 3781 4395 sed
3815 4355 3947 4392 nus-t

2243 4439 2403 4491 quam
2454 4423 2704 4475 invenies
2763 4420 2819 4471 id
2867 4419 3037 4491 fuisse
3086 4415 3364 4491 singulare
3414 4413 3705 4491 pontificis
3733 4412 3947 4491 Romani

2243 4483 2610 4562 privilegium,
2662 4495 2721 4544 ut
2774 4490 3055 4562 contendit
3112 4487 3425 4562 yicecomes
3466 4483 3559 4562 lib.
3595 4496 3648 4534 iv
3675 4484 3947 4562 demisse

2245 4555 2511 4633 Itpparalu
2558 4576 2676 4628 cap.
2730 4562 2806 4613 30.
2857 4560 3062 4633 Morem
3110 4558 3276 4633 illum
3319 4568 3430 4633 non
3468 4555 3947 4633 _adeo_a_ntiqu“um

794 4622 999 4701 mortem
1048 4650 1100 4697 in
1139 4622 1415 4697 rccclesiis
1467 4622 1857 4717 liea'tissimamﬁ
1891 4622 2220 4707 virginemn
2244 4622 2365 4689 esse
2406 4622 2641 4717 colligit
2674 4622 3746 4717 piae;memoria:cardina‘lisﬂBopiliP.

457 4722 884 4792 reprzesentaudi
931 4720 1212 4771 sedentem
1264 4730 1389 4769 cum
1431 4717 1636 4768 infante
1689 4716 1835 4776 Jesu,
1886 4727 2049 4778 quem
2104 4717 2158 4765 in

456 4802 600 4854 ulnis
623 4797 813 4860 gestat.

520 4871 541 4901 δ
576 4856 660 4920 Sic
701 4866 818 4917 cod.
874 4862 1060 4922 Rom.;
1108 4858 1286 4911 caeteri
1332 4857 1465 4916 fere,
1515 4856 1577 4909 in
1618 4869 1722 4921 quo
1777 4858 1886 4909 loco
1925 4857 2161 4922 devotio;

458 4945 571 5001 Ed.,
624 4940 688 4989 in
739 4934 977 5002 quodam
1024 4932 1151 4983 loco.
1197 4930 1364 5002 Porro
1392 4940 1498 5002 _ex
1552 4932 1637 4981 his
1691 4942 1810 4994 quae
1857 4932 2165 5002 sequuntur

459 4999 605 5079 patet
634 4999 1165 5079 hoc'monaste‘rium
1194 5001 1362 5079 beatae
1391 4999 1574 5052 Mariae
1606 5013 1819 5079 sacrum
1848 5001 2035 5051 fuisse.

526 5094 543 5113 ⁸
578 5083 700 5161 Cod.
735 5079 941 5161 “Roma
999 5072 1352 5161 Conlgregatio
1423 5075 1567 5161 enim
1601 5073 1798 5161 creata:
1848 5073 1975 5123 Ed.:
2034 5068 2166 5123 00n-

462 5152 703 5219 gregah’o
724 5151 906 5211 itaque
924 5147 1210 5210 garrula...
1245 5148 1472 5207 caperet,
1498 5146 1817 5208 voci/erant.

531 5226 552 5255 ⁴
584 5225 668 5275 Sic
713 5221 830 5272 cod.
889 5218 1018 5268 Clar.
1067 5230 1112 5267 a.
1160 5217 1343 5267 Caeteri
1387 5229 1515 5267 vero
1551 5229 1674 5267 cum
1728 5216 1890 5267 Exlits
1929 5211 2166 5276 ίΕάίιαο,

462 5301 560 5351 aut
589 5292 791 5344 aeditui.
818 5290 1084 5350 Nonnulli,
1111 5286 1343 5337 editum;
1361 5285 1545 5343 Ctict..'
1564 5286 1773 5337 aedium.

535 5375 554 5396 ⁸
592 5363 797 5418 Exinde
865 5363 1007 5421 patet
1090 5358 1383 5409 monachos
1470 5360 1535 5408 ad
1611 5357 1843 5407 cilicium
1912 5354 2172 5415 divinum,

473 5438 618 5505 quod
665 5435 754 5485 hic
800 5431 1097 5493 Gregorius
1152 5440 1388 5482 cursum,
1440 5432 1497 5477 ut
1545 5428 1678 5477 alias
1730 5438 1873 5489 saepe
1920 5424 2172 5487 appellat,

471 5505 809 5562 convocandi
889 5513 1076 5553 curam
1150 5500 1218 5550 ad
1293 5496 1538 5549 abbatem
1610 5497 1958 5559 pertinuisse,
2033 5493 2178 5559 quod

476 5582 701 5632 sanctus
748 5576 794 5625 P.
843 5573 1162 5625 Benedictus
1215 5567 1417 5631 regulae
1468 5579 1578 5618 suae
1621 5579 1737 5629 cap.
1792 5566 1872 5626 47,
1916 5566 1986 5617 De
2009 5565 2178 5629 signi-

479 5647 684 5701 ficanda
742 5645 877 5696 hora
921 5641 1107 5705 operis
1180 5638 1291 5701 Dei,
1346 5638 1695 5701 praescripsit.
1757 5635 1935 5687 Codex
1996 5638 2179 5688 tamen

473 5438 618 5505 quod
665 5435 754 5485 hic
800 5431 1097 5493 Gregorius
1152 5440 1388 5505 cursum,
1440 5432 1497 5477 ut
1545 5428 1678 5477 alias
1730 5438 1873 5505 saepe

478 5720 619 5771 Clar.
651 5730 683 5767 a
704 5715 863 5768 habet
882 5723 1170 5775 surgerem.

549 5789 567 5825 ι
597 5788 826 5839 Crucem
871 5782 1203 5848 pectoralem
1248 5779 1388 5832 inter
1427 5781 1745 5831 ornamenta
1786 5790 1942 5832 sacra
1985 5775 2180 5842 quibus

1310 5863 1552 5904 summus
1602 5850 1867 5913 pontifex,
1930 5851 2179 5903 recenset

416 5898 417 5901 η
482 5861 549 5913 ad
613 5856 1001 5910 celebrandum
1077 5854 1242 5905 utitur

2241 4721 2360 4759 rum
2411 4694 2823 4768 bitur—gicfcap.
2879 4701 2943 4751 24
2994 4711 3140 4750 num.
3198 4697 3275 4759 10,
3337 4694 3479 4761 quod
3531 4695 3714 4746 crucis
3760 4698 3948 4768 pectes

2243 4778 2373 4831 ralis
2417 4766 2620 4827 mentio
2665 4784 2932 4837 nusquam
2982 4770 3037 4821 in
3063 4769 3340 4821 veteribus
3383 4766 3826 4837 sacramentariis
3859 4777 3948 4817 ec-

2243 4844 2443 4901 currat.
2493 4847 2653 4897 Vetus
2700 4847 2782 4896 est
2835 4846 3015 4894 tamen
3064 4838 3403 4892 consuetudo
3439 4836 3724 4888 deferendi
3758 4846 3948 4887 cruces

2244 4921 2385 4972 collo
2433 4929 2724 4982 appensas,
2764 4915 2820 4965 in
2871 4913 3069 4977 quibus
3119 4916 3428 4982 sanctorum
3478 4908 3724 4982 reliquiae
3778 4908 3948 4982 couti-

2246 4977 2575 5052 uenturfut
2625 4988 2711 5040 vel
2754 4998 2827 5039 ex
2882 4985 2984 5035 hoc
3035 4982 3280 5044 Gregorii
3330 4981 3450 5052 loco
3496 4977 3947 5052 colligerehlicet.

2245 5064 2399 5113 Certe
2449 5047 2741 5122 Gregorius
2812 5055 3042 5119 Magnus
3095 5051 3657 5122 phylacteria_sacris
3706 5047 3948 5122 reliquiis

2250 5133 2450 5185 referta
2531 5120 2599 5181 ad
2660 5128 2859 5181 collum
2929 5136 3198 5189 suspensa
3267 5120 3567 5181 deferebat,
3643 5121 3722 5171 uti
3772 5120 3948 5171 narrat

2247 5206 2482 5256 Joannes
2533 5202 2692 5261 Diac.,
2734 5197 2827 5250 lib.
2877 5209 2933 5249 IV
2983 5208 3101 5259 cap.
3134 5194 3211 5245 80.
3264 5191 3609 5259 Phylacteria
3657 5191 3948 5244 autemiil:

2251 5287 2467 5329 crucem
2517 5274 2900 5335 interpretatur
2949 5268 3067 5331 ipse
3096 5266 3409 5328 Gregorius,
3447 5264 3536 5315 lib.
3571 5274 3675 5324 xu,
3717 5263 3882 5326 epist.
3916 5263 3947 5319 7‘

2254 5353 2320 5399 at
2381 5343 2815 5397 Theodeliudam.
2884 5340 2986 5390 Sed
3048 5335 3317 5399 ejusmodi
3383 5346 3579 5387 cruces
3653 5345 3766 5385 non
3812 5336 3948 5396 epis.

2255 5419 2376 5483 cepi
2424 5420 2618 5477 solum,
2667 5409 3069 5483 v‘erumretiam
3086 5407 3238 5483 _laict
3287 5404 3624 5483 deferebant.
3822 5403 3948 5483 idea

2254 5474 2520 5554 pontifex,
2572 5474 2664 5537 lib.
2720 5496 2759 5535 ιι
2803 5482 2961 5547 epist.
3008 5480 3055 5541 3,
3086 5478 3347 5554 Dynamio
3392 5474 3948 5554 Qatlj6i0__lr§n§li]jlii

2257 5545 2470 5612 crucem
2506 5545 2932 5621 'parvulamfin
2981 5563 3086 5615 qua
3138 5550 3207 5602 de
3253 5548 3461 5621 catenis
3511 5545 3861 5621 beatiPetri.
3920 5557 3948 5621 e

2258 5633 2325 5685 de
2382 5616 2553 5684 sancti
2601 5626 2867 5681 Laurentii
2925 5621 3187 5677 craticula
3244 5618 3453 5684 aliquid
3517 5618 3787 5669 insertum
3831 5616 3948 5671 erat

2257 5708 2319 5756 ut
2377 5716 2459 5762 ea,
2517 5701 2707 5765 inquit,
2760 5699 2941 5750 vestra
2981 5694 3185 5765 collaia
3235 5690 3470 5757 peccatis
3511 5688 3747 5765 solverit.
3776 5688 3948 5765 Canta

2260 5777 2417 5839 epist.
2447 5760 2506 5825 ‘6
2555 5760 2679 5824 libri
2725 5783 2761 5822 v
2813 5768 2881 5822 ad
2936 5764 3338 5839 Childebertum
3382 5772 3611 5839 ιέιςιειιι.⁸
3640 5760 3847 5811 Mirum
3892 5762 3948 5839 es

2260 5830 2445 5911 quanti
2519 5841 2779 5907 ponderis
2862 5848 3060 5892 cruces
3142 5834 3310 5889 Graeci
3384 5833 3753 5897 imperatores
3833 5830 3948 5882 colit
