3982 6346
269 476 378 533 717

268 595 545 670 quiarum
577 594 652 651 ita
684 581 1108 667 cunctus'ignis
1136 594 1451 666 obstupuit,
1471 608 1537 651 ac
1564 591 1612 650 si
1644 606 1757 650 non
1784 587 2044 649 fuissetA

266 701 571 745 accensus.

926 770 1170 829 CAPUT
1204 770 1331 829 XII.

702 883 779 934 De
815 886 1000 935 sancto
1042 882 1246 934 Joanne
1282 881 1555 953 Baptista.

348 987 599 1045 Joannes
626 998 649 1025 ι
680 1001 816 1043 vero
842 985 1093 1059 Baptista
1124 992 1251 1044 astu
1284 986 1529 1046 Herodis
1571 1004 1676 1061 per
1703 988 1979 1047 Herodia-

269 1075 410 1131 dem
438 1091 682 1133 uxorem
714 1076 925 1139 fratris,
978 1075 1038 1131 in
1070 1092 1351 1137 carcerem
1381 1075 1682 1149 colligatur
1710 1078 1833 1149 (An.
1872 1078 1980 1143 30).

270 1162 446 1220 Tunc
474 1166 744 1235 temporis
773 1179 805 1219 a
836 1162 1039 1221 Galliis
1094 1168 1355 1220 matrona
1403 1164 1669 1236 qumdam
1712 1165 1981 1223 Hieroso-

272 1248 455 1323 lymis
505 1249 743 1318 abierat,
794 1266 896 1322 pro
927 1250 1230 1307 devotione
1278 1257 1520 1320 tantum,
1556 1258 1619 1309 ut
1657 1252 1889 1311 Domini
1930 1262 1983 1311 et

278 1341 593 1401 Salvatoris
660 1342 837 1399 nostri
905 1344 1271 1413 praesentiam
1347 1353 1680 1404 mereretur.
1746 1347 1987 1405 Audivit

275 1428 474 1490 autem
509 1434 661 1506 quod
724 1433 923 1490 beatus
980 1433 1233 1492 Joannes
1296 1434 1675 1494 decollarctur
1734 1441 1867 1506 (An.
1919 1439 1980 1495 3t

276 1530 377 1578 aut
411 1523 497 1591 32)
534 1542 546 1580 :
586 1538 758 1579 cursu
804 1521 944 1579 illuc
986 1523 1183 1595 rapido
1215 1523 1417 1595 tendit,
1470 1525 1735 1598 datisque
1778 1542 1984 1584 mune-

276 1612 445 1669 ribus
486 1611 768 1684 supplicat
818 1614 1161 1683 percussori,
1214 1620 1278 1671 ut
1321 1630 1447 1672 eam
1493 1616 1836 1687 sanguinem
1884 1618 1983 1674 de-

278 1704 555 1761 ﬂuentem
634 1701 901 1774 colligere
968 1703 1317 1775 permitteret
1375 1721 1487 1763 non
1551 1707 1809 1764 arceri”.
1880 1706 1986 1764 Illo

276 1801 473 1853 autem
537 1792 928 1867 percutiente,
998 1801 1256 1851 matrona
1316 1797 1595 1853 concham
1657 1803 1985 1870 argenteam

275 1889 581 1959 praeparat,
630 1889 1000 1956 truncatoque
1046 1884 1315 1957 martyris
1356 1886 1559 1957 capite,
1592 1900 1851 1943 cruorem
1884 1886 1984 1943 de-

275 1983 412 2035 vota
451 1974 699 2047 suscepit
735 1998 747 2031 :
801 1990 975 2048 quem
1021 1975 1331 2048 diligenter
1370 1977 1433 2033 in
1479 1977 1737 2050 ampulla
1776 1989 1796 2015 °
1841 1978 1987 2051 posi-

271 2070 402 2121 tum
450 2061 691 2134 patriam
744 2061 970 2133 detulit,
1025 2068 1079 2120 et
1129 2065 1280 2135 apud
1334 2061 1706 2121 Vasatensem
1753 2065 2007 2138 urbem,-

270 2154 559 2213 zediiicata
611 2152 674 2209 in
723 2153 847 2226 ejus
894 2154 1110 2212 honore
1152 2154 1392 2212 ecclesia
1419 2157 1466 2228 ἀ,
1498 2155 1556 2213 in
1586 2163 1783 2216 sancto
1817 2157 1984 2218 altari

273 2246 604 2306 collocavit.

907 2335 1152 2395 CAPUT
1191 2336 1351 2397 XIII.

587 2451 664 2505 De
691 2444 905 2520 gemmd
932 2428 1224 2510 Vasatensi
1250 2457 1385 2508 nata
1413 2453 1701 2510 divinitus.

366 2564 511 2624 736
584 2560 869 2630 Quoniam
946 2562 1277 2620 Vasatensis
1351 2563 1514 2622 urbis
1587 2563 1985 2633 meminimus,

279 2667 475 2725 operae
509 2652 757 2725 pretium
788 2659 925 2726 puto
956 2652 1303 2711 miraculum
1328 2655 1481 2727 quod
1510 2654 1571 2712 in
1611 2671 1678 2713 ea
1709 2654 1990 2714 Dominus

280 2742 529 2816 largitus
563 2749 645 2801 est
672 2760 1009 2802 memorare.
1054 2743 1333 2817 Tempore
1380 2762 1495 2820 quo
1531 2746 1807 2805 diuturna
1844 2745 1993 2804 obsi-

280 2834 463 2895 dione
492 2836 812 2896 vallabatur
838 2854 872 2896 a
903 2838 1125 2897 Cbunis
1151 2851 1195 2910 ο,
1224 2837 1383 2897 omni
1418 2844 1579 2894 nocte
1600 2835 1861 2894 sacerdos
1889 2836 1990 2909 qui

280 2932 531 3000 praeerat
560 2925 841 2984 circuibat
868 2926 1184 3000 psallendo,
1212 2935 1266 2985 et
1310 2925 1549 2995 orabat;
1605 2940 1709 2982 nec
1755 2924 1826 2982 ab
1872 2924 1992 2983 ullo

281 3016 603 3086 auxilium,
665 3016 779 3075 nisi
836 3034 869 3075 a
932 3018 1164 3076 Domini
1220 3016 1615 3075 misericordia
1641 3015 1985 3089 requirebat.

281 3106 635 3165 Hortabatur
683 3123 887 3166 omnes
937 3124 1100 3167 orare
1159 3115 1215 3166 et
1261 3123 1377 3165 non
1422 3108 1685 3177 deiicere,
1730 3121 1991 3164 asserens

160 3268 175 3271 _
281 3196 543 3255 humiles
602 3212 798 3268 preces
851 3197 1132 3255 cmlorum
1170 3198 1376 3270 januas
1420 3202 1740 3269 penetrare.
1795 3194 1990 3252 Hostis

284 3302 425 3344 vero
452 3286 513 3343 in
545 3285 791 3344 circuitu
824 3287 1275 3359 depopulabatur
1320 3284 1506 3355 villas,
1554 3284 1755 3342 domos
1802 3283 1987 3340 trade-

1133 463 1683 525 MIRACULORUM
1722 464 1863 522 LIB.
1902 462 1952 522 l.
1999 460 2092 520 DE
2131 458 2409 519 GLORIA
2445 457 2894 521 MABTYRUM.

3664 473 3771 533 718

2062 584 2299 657 globum
2330 599 2609 657 magnum
2658 584 2811 657 ignis
2852 601 3026 659 super
3056 588 3259 648 urbem
3310 592 3676 669 descendere,
3715 607 3772 658 et

2062 674 2183 733 ait:
2229 671 2287 731 Si
2346 679 2542 731 contra
2585 688 2689 731 nos
2742 674 2804 762 hi
2854 675 3070 735 obsessi
3105 684 3537 742 contumaciter
3564 695 3767 762 agunt,

2063 778 2168 821 nec
2218 777 2322 819 nos
2365 768 2652 831 metuunt,
2711 760 2797 819 vel
2860 765 3107 824 caelestis
3162 784 3257 827 eos
3317 774 3399 831 ira
3448 760 3767 837 consumet.

2065 853 2328 925 Cumque
2359 867 2471 909 non
2504 852 2715 909 videret
2747 852 2936 911 ullum
2978 854 3049 913 ab
3090 858 3232 916 urbe
3263 859 3598 924 incendium
3630 884 3771 926 con-

2067 958 2321 1014 surgere,
2371 941 2528 998 misit
2557 943 2780 1033 iterum
2842 944 3193 1021 interrogare
3240 967 3372 1025 quae
3412 963 3599 1014 essent
3636 976 3771 1033 quas

2067 1034 2306 1091 viderat.
2360 1040 2502 1096 737
2546 1031 2827 1095 Similiter
2864 1048 3220 1111 negaverunt
3270 1043 3417 1102 nihil
3445 1062 3504 1104 se
3533 1031 3772 1109 omnino

2066 1122 2302 1183 vidisse.
2359 1122 2523 1180 Tunc
2591 1140 2691 1180 rex
2747 1124 3091 1187 Gausericus
3134 1141 3160 1176 ε
3204 1133 3333 1191 ait:
3385 1134 3447 1193 Si
3500 1138 3627 1196 haec
3677 1140 3773 1198 isti

2068 1211 2354 1303 nesciunt,
2389 1214 2757 1273 manifestum
2795 1222 2879 1274 est
2927 1221 3079 1292 quod
3112 1222 3264 1281 Deus
3296 1242 3493 1285 eorum
3536 1206 3775 1303 adjuvat

2066 1316 2180 1357 eos.
2215 1300 2287 1358 Et
2326 1303 2517 1359 statim
2563 1303 2823 1362 discessit
2874 1324 2906 1364 a
2950 1309 3072 1367 loco
3112 1311 3231 1371 illo.
3268 1314 3542 1377 Sacerdos
3579 1300 3773 1380 autem

2067 1390 2395 1484 convocatis
2423 1391 2651 1450 civibus
2692 1393 2918 1466 vigilias
2943 1398 3208 1473 celebrat,
3231 1409 3302 1476 et
3326 1405 3633 1467 missarum
3656 1413 3775 1484 agit

2069 1477 2254 1535 festah
2282 1495 2384 1552 pro
2420 1481 2757 1543 liberatione
2800 1487 2998 1560 populi
3044 1490 3157 1549 sui.
3214 1492 3366 1553 Dum
3414 1482 3608 1556 autem
3647 1477 3773 1560 haec

2068 1580 2279 1666 ageret,
2328 1574 2642 1666 respiciens
2695 1593 2927 1636 sursum
2974 1580 3120 1638 vidit
3168 1599 3339 1657 super
3376 1587 3573 1662 altare,
3606 1593 3772 1666 quasi

2067 1662 2138 1719 de
2164 1661 2429 1753 camerai
2462 1666 2681 1736 templi,
2725 1668 2923 1726 cadere
2962 1674 3072 1728 tres
3109 1681 3319 1747 guttas,
3366 1661 3771 1753 aequales—ma-

2066 1752 2394 1827 gnitudine,
2429 1753 2704 1826 claritate,
2737 1763 2791 1815 et
2824 1759 3125 1818 candorem
3158 1766 3412 1837 crystalli
3442 1752 3771 1833 ’vincentes.

2070 1842 2331 1918 Cumque
2374 1859 2576 1902 omnes
2620 1860 2755 1904 cum
2787 1846 3167 1908 admiratione
3211 1860 3266 1910 et
3314 1861 3544 1930 stupore
3595 1862 3769 1920 vehe-

1998 1958 2043 2017 Β
2070 1931 2251 1989 menti
2283 1930 2665 1997 intenderent,
2697 1949 2906 2007 easque
2952 1936 3153 1997 nullus
3194 1943 3430 2001 auderet
3466 1948 3768 2022 attingere,

2070 2023 2272 2082 Petrus
2299 2023 2538 2097 quidam
2577 2024 2893 2097 presbyter,
2943 2026 3065 2099 qui,
3128 2036 3192 2087 ut
3248 2048 3336 2090 res
3377 2032 3502 2107 ipsa
3546 2039 3768 2107 asserit,

2069 2115 2266 2188 magni
2297 2115 2489 2172 meriti
2518 2121 2657 2187 erat,
2699 2116 2958 2174 exhibita
3006 2127 3273 2192 argentea
3316 2130 3543 2199 patena,
3582 2134 3773 2201 guttas

2068 2203 2335 2275 colligere
2365 2203 2608 2273 nititur;
2639 2220 2773 2280 quae
2807 2206 2949 2263 dum
2980 2222 3081 2280 per
3106 2208 3283 2269 altare
3300 2228 3444 2287 vago
3464 2230 3647 2276 cursu
3677 2234 3771 2276 ro-

2068 2298 2282 2361 tantur,
2330 2291 2647 2349 deﬂuentes
2696 2291 2757 2349 in
2820 2292 3003 2365 ipsam
3060 2302 3348 2371 patenam,
3397 2303 3590 2361 statim
3620 2304 3774 2366 inse

2070 2382 2415 2457 conjunctae,
2443 2383 2609 2455 quasi
2639 2398 2818 2441 unam
2842 2400 3132 2456 gemmam
3163 2389 3613 2461 pulcherrimam
3637 2397 3773 2456 effe-

2070 2478 2276 2563 cerunt
2310 2472 2678 2563 {patuitque
2726 2473 2981 2532 evidenti
3021 2478 3243 2537 ratione
3272 2488 3471 2541 contra
3507 2484 3774 2563 iniquam

2071 2568 2126 2622 et
2151 2561 2267 2653 Deo
2290 2561 2564 2653 odibilem
2594 2563 2870 2631 Arianam
2912 2566 3203 2641 haeresim,
3251 2588 3383 2646 qua}
3430 2591 3496 2634 eo
3525 2561 3780 2653 tempore

2074 2652 2417 2726 pullulabat,
2452 2652 2575 2710 haec
2603 2657 2744 2711 acta.
2787 2655 3186 2733 Agnitumque
3225 2668 3309 2719 est
3350 2671 3607 2726 sanctam
3642 2652 3777 2729 Tri-

2076 2742 2337 2834 nitatem,
2368 2741 2430 2799 in
2456 2758 2574 2834 una
2602 2744 3039 2818 omnipotentiae
3078 2750 3404 2822 aequalitate
3431 2772 3777 2834 connexam,

2074 2832 2255 2890 nullis
2290 2833 2781 2906 garrulationibus
2811 2852 2974 2908 posse
3013 2838 3291 2913 disjungi.
3340 2843 3505 2904 Tunc
3542 2832 3781 2921 gavisus

2074 2924 2343 2997 populus,
2395 2929 2451 2981 et
2502 2923 2835 2999 intelligens
2864 2943 3080 2987 munus
3113 2929 3223 2987 sibi
3266 2932 3557 2995 indultum
3598 2940 3780 3001 fuisse

2073 3015 2377 3085 divinitus,
2434 3014 2735 3103 conterens
2790 3032 3001 3074 aurum
3057 3035 3431 3097 gemmasque
3482 3028 3779 3103 pretiosas,

2074 3120 2303 3164 crucem
2332 3103 2484 3172 fecit,
2512 3102 2713 3192 inqua
2741 3104 2889 3162 hanc
2915 3122 3205 3179 gemmam
3235 3115 3451 3174 statuit.
3491 3115 3600 3175 Sed
3646 3136 3781 3192 pro-

2076 3193 2234 3251 tinus
2263 3191 2737 3265 omnesreliquee
2782 3209 3028 3265 gemmas
3063 3197 3185 3267 hac,
3216 3202 3519 3262 accedente
3560 3191 3782 3267 cecide-

2074 3289 2229 3343 runt.
2263 3282 2429 3341 Tunc
2456 3283 2719 3356 pontifex
2748 3283 3081 3358 intelligens
3108 3304 3217 3346 non
3261 3308 3382 3350 esse
3426 3298 3781 3361 consortium

298 3338 420 3344 .-η
452 3338 513 3343 __
551 3338 791 3344 --η-η
828 3338 1265 3359 _-,-,._-___-_-
1562 3338 1751 3342 _-_--
2272 3338 2421 3341 7—---
2457 3338 2565 3356 τω
3108 3338 3217 3346 ην..
3262 3338 3382 3350 ww
3427 3338 3716 3358 ννιωυιιιυ

283 3376 385 3434 bat
413 3376 702 3446 incendio,
729 3391 894 3449 agros
918 3376 1235 3450 vineasque
1265 3374 1569 3449 pecoribus
1599 3338 2049 3431 intromissis‘c
2079 3373 2409 3433 caelestibus
2452 3390 2586 3431 cum
2642 3374 2904 3445 terrenis,
2965 3377 3234 3438 fabricata
3288 3398 3456 3442 cruce
3510 3402 3583 3445 ex
3640 3338 3783 3451 aui;

286 3464 594 3523 vastabat:
648 3464 749 3522 sed
798 3464 1077 3522 sacerdoti
1125 3464 1278 3522 bono
1328 3462 1487 3536 operi
1526 3461 1814 3519 insistenti
1845 3461 1993 3519 cele-

286 3555 432 3613 riter
499 3555 677 3612 virtus
742 3553 943 3613 divina
992 3553 1197 3612 adfuit.
1251 3552 1375 3611 Una
1431 3553 1576 3621 [Ed.,
1622 3551 1782 3625 Nam]
1833 3558 1996 3609 nocte

286 3644 486 3701 visum
516 3650 598 3700 est
641 3642 754 3716 ipsi
800 3642 1176 3699 barbarorum
1206 3640 1327 3713 regi
1357 3640 1521 3712 quasi
1556 3638 1862 3712 psallentes
1889 3640 1995 3695 ho-

287 3732 479 3790 mines
524 3731 584 3788 in
615 3731 972 3795 vestimentis
1009 3729 1175 3801 albis,
1220 3728 1476 3786 accensis
1521 3729 1717 3795 cereis,
1752 3728 1997 3785 circuire

286 3837 488 3880 muros
520 3819 697 3885 urbis.
730 3820 800 3877 Et
846 3820 1184 3893 indignans,
1214 3818 1296 3875 ait
1326 3842 1337 3875 :
1386 3816 1529 3887 Quae
1577 3825 1661 3876 est
1711 3820 1837 3875 haec
1864 3834 1996 3892 per—

287 3914 533 3974 versitas
570 3920 624 3971 et
660 3912 933 3971 securitas
963 3928 1133 3983 vana,
1188 3917 1251 3969 ut
1298 3910 1535 3981 obsessi,
1589 3909 1755 3983 quasi
1790 3910 1994 3982 despe-

286 4004 396 4063 ctis
428 4001 616 4069 nobis,
648 4001 883 4061 canticis
911 4000 1104 4059 nescio
1126 3999 1349 4073 quibus
1368 4014 1433 4057 ac
1454 3997 1722 4056 laudibus
1747 4002 1994 4070 perstre-

284 4089 477 4165 pant?
523 4107 657 4149 vere
695 4091 833 4166 quia
884 4090 1047 4163 digni
1096 4096 1232 4147 sunt
1289 4088 1628 4162 perditione,
1676 4089 1744 4145 Et
1800 4087 1991 4145 statim

285 4185 450 4243 misit
473 4184 545 4243 ad
571 4183 773 4242 urbem
816 4182 1072 4253 nuntios,
1103 4180 1523 4255 interrogantes
1567 4178 1708 4253 quid
1746 4179 1854 4237 sibi
1886 4180 1994 4237 ista

283 4276 488 4335 velint.
522 4273 724 4333 At‘illi
754 4278 967 4347 negant
1015 4271 1160 4331 scire
1207 4288 1266 4331 se
1309 4288 1442 4345 quae
1478 4270 1776 4341 dicuntur,
1805 4284 1993 4343 neque

284 4365 356 4425 de
381 4365 455 4424 iis
483 4362 677 4438 aliqua
701 4361 1071 4437 persensisse.
1102 4359 1236 4419 Alia
1278 4375 1412 4420 vero
1438 4365 1619 4425 nocte,
1651 4358 1795 4417 vidit
1825 4359 1991 4433 quasi

282 4586 560 4640 appensas
600 4577 897 4636 gestarent,
956 4586 1093 4639 quas
1154 4574 1279 4625 ideo
1335 4570 1582 4634 encolpia
1631 4568 1989 4635 appellabant,

288 4646 439 4711 quod
494 4658 659 4707 supra
717 4648 912 4709 pectus
971 4646 1287 4709 penderent.
1355 4644 1667 4696 Praeclaram
1725 4641 1988 4706 ejusmodi

286 4693 531 4776 Erucem,
567 4693 816 4780 rdupiici
896 4693 1209 4775 transverso
1288 4693 1688 4766 munitammac
1754 4693 2057 4763 'viviiicaeD

286 4790 473 4841 crucis
524 4786 641 4838 "non
698 4787 924 4838 modicis
990 4785 1269 4849 particulis
1321 4785 1555 4844 ditatam,
1590 4788 1776 4837 nostro
1812 4786 1984 4835 sancti

288 4858 542 4912 Germani
618 4870 647 4909 a
712 4858 877 4911 Pratis
925 4859 1257 4909 monasterio
1323 4857 1669 4908 serenissima
1732 4856 1984 4920 princeps

285 4930 527 4982 Palatina
577 4930 901 4981 testamento
951 4942 1050 4981 suo
1098 4929 1301 4992 legavit
1347 4928 1490 4979 anno
1552 4930 1687 4985 1685,
1741 4939 1900 4992 quam
1952 4939 1982 4977 a

278 5000 535 5051 Manuale
634 4998 909 5051 Comueno
986 5001 1315 5064 imperatore
1389 4997 1980 5061 Constantinopolitano

274 5072 475 5125 tactam
540 5071 708 5121 fuisse
768 5066 1005 5123 indicant
1079 5072 1186 5123 duo
1243 5082 1437 5122 versus
1493 5070 1546 5120 in
1603 5071 1721 5132 ejus
1772 5069 1977 5132 postica

275 5145 438 5208 parte
496 5141 765 5205 insculpti.
838 5142 1100 5193 Caeterum
1169 5140 1330 5192 hodie
1393 5141 1449 5191 in
1513 5138 1687 5191 Gallia
1731 5139 1974 5203 episcopi

276 5224 503 5265 crucem
560 5213 890 5274 pectoralem
947 5213 1087 5264 collo
1152 5224 1444 5275 appensam
1502 5213 1704 5275 iugiter
1760 5211 1973 5263 deferre

272 5283 472 5341 solent,
526 5282 672 5345 quod
740 5281 987 5346 plerique
1068 5281 1290 5335 abbates
1357 5282 1656 5345 regulares,
1732 5282 1973 5344 exceptis

273 5353 737 5416 Cisterciensibus,
772 5358 824 5405 et
853 5354 1134 5407 abbatissae
1169 5354 1364 5407 imitari
1390 5354 1644 5418 gaudent.

338 5435 357 5456 ³
390 5426 449 5476 In
506 5424 654 5475 Colb.
711 5427 806 5476 tut.
893 5430 1015 5491 post
1078 5425 1366 5490 prologum
1443 5426 1628 5489 incipit
1697 5425 1837 5477 liber
1905 5423 1970 5475 ab

2078 3463 2410 3553 purissimo,
2438 3479 2563 3553 eam
2590 3479 2880 3553 gemmam
2922 3467 3111 3525 media
3160 3469 3589 3547 intercapedine
3614 3477 3782 3553 locat,

2078 3560 2135 3610 et
2157 3551 2367 3626 populo
2396 3550 2744 3609 adorandam
2800 3552 3035 3625 praebet.
3084 3555 3200 3616 Nec
3236 3575 3414 3633 mora,
3462 3564 3678 3638 fugato,
3720 3550 3815 3628 ut.

2079 3641 2361 3711 diximus,
2433 3641 2609 3708 hoste,
2664 3641 2865 3700 civitas
2921 3643 3155 3704 liberata
3215 3656 3317 3707 est.
3372 3651 3501 3710 Jam
3555 3671 3626 3714 ex
3679 3659 3787 3716 hoc

2080 3728 2249 3787 multi
2292 3728 2513 3786 iniirmi
2562 3729 2767 3787 hausto
2804 3730 2943 3789 vino
2981 3733 3071 3790 vel
3108 3751 3258 3809 aqua
3307 3740 3367 3796 in
3412 3757 3525 3815 qua
3556 3760 3784 3817 gemma

2077 3819 2353 3887 abluitur,
2394 3817 2657 3891 protinus
2702 3819 2930 3877 sanitati
2979 3823 3316 3884 redduntur.
3361 3827 3621 3906 Denique
3650 3849 3783 3893 cum

2078 3912 2305 3969 adorata
2346 3909 2538 3980 fuerit,
2590 3909 2638 3966 si
2687 3926 2719 3966 a
2767 3919 2996 3982 peccato
3047 3922 3131 3971 est
3174 3916 3344 3977 homo
3393 3921 3697 3996 immunis,
3729 3932 3785 3984 et

2078 3999 2203 4073 ipsa
2236 4004 2467 4071 apparet
2507 3998 2658 4055 clara
2687 4018 2697 4055 :
2733 4005 3007 4057 caeterum
3052 4003 3122 4073 si,
3157 4012 3221 4063 ut
3256 4007 3598 4085 plerumque
3622 4029 3781 4072 asso-
3846 4036 3852 4041 ”

2076 4089 2173 4160 let,
2200 4092 2477 4147 humanae
2501 4088 2793 4161 iragilitati
2820 4090 3039 4164 aliquid
3064 4093 3330 4154 detulerit
3355 4101 3640 4174 criminis,
3670 4109 3781 4163 tota

2076 4182 2130 4239 ei
2162 4180 2389 4238 videtur
2434 4179 2697 4249 obscura,
2740 4179 3063 4255 miramque
3111 4186 3329 4257 praebet
3374 4188 3781 4254 discretionem

2076 4271 2227 4358 inter
2267 4267 2634 4326 innocentem
2690 4273 2833 4358 738
2887 4275 2944 4326 et
2988 4272 3273 4346 noxium;
3329 4293 3461 4337 cum
3485 4282 3592 4340 uni
3635 4290 3777 4358 atra,

2072 4357 2237 4417 alteri
2268 4361 2619 4416 monstretur
2644 4356 2962 4431 splendida.

2073 4566 2266 4642 dicitur
2318 4563 2519 4627 aliquid
2574 4564 2641 4616 de
2698 4566 2971 4629 sanguine
3025 4570 3274 4633 ejusdem
3339 4573 3480 4629 beati
3537 4590 3772 4642 praecur-

2074 4649 2231 4689 SOI‘lS.
2614 4672 2617 4675 ν

2138 4717 2156 4738 ’
2192 4707 2403 4771 Aliquot
2438 4707 2591 4768 Mss.,
2628 4707 2694 4758 ab
2718 4706 2947 4768 Hunnis,
2982 4712 3126 4774 quod
3153 4713 3299 4769 idem.
3319 4721 3418 4769 est.

2136 4779 2153 4809 ¹
2179 4779 2309 4829 Mss.
2360 4780 2666 4853 _2,;pecora
2684 4779 3048 4853 Aiutromissa,
3104 4784 3337 4839 adhibito
3388 4796 3581 4853 quarto
3633 4807 3763 4847 casu

2072 4849 2190 4902 loco
2234 4850 2390 4930 serti.
2438 4851 2633 4930 Tamen
2676 4850 2817 4901 Colb.
2875 4856 2969 4903 tut.
3024 4859 3077 4905 et
3111 4853 3247 4907 Ciar.
3280 4856 3313 4907 b
3344 4849 3561 4923 habent,
3588 4869 3638 4917 et
3665 4880 3762 4930 pc-

2070 4932 2196 4972 cora
2230 4922 2563 4975 intromissa.
3384 4976 3389 4982 ,

2133 4992 2533 5067 urGensericum
2570 4992 2961 5067 _Vandalorum
3027 5006 3212 5067 regem
3284 5002 3425 5064 apud
3494 5007 3756 5067 quosdam

2067 5066 2317 5138 antiquos
2369 5060 2703 5138 Gaiseri’cum
2733 5066 2968 5138 gdictum
3040 5066 3277 5133 invenio,
3321 5060 3433 5138 qui
3481 5060 3618 5132 forte
3667 5060 3759 5133 hic

2058 5124 2387 5199 designatur.
2451 5124 2783 5187 Prael’erenda
2834 5138 3014 5189 tamen
3094 5124 3306 5195 videtur
3357 5124 3756 5203 esse—"i’altgii

2056 5203 2680 5276 sententiaAscribentis,
2752 5208 2819 5258 ad
2868 5220 3068 5260 annum
3123 5212 3234 5276 437,
3295 5219 3443 5270 tomo
3490 5220 3510 5271 Ι
3560 5221 3753 5276 Rerum

2054 5277 2307 5356 Francia"
2349 5274 2492 5326 hunc
2549 5275 2894 5356 Gausericum
2949 5292 3135 5356 regem
3183 5274 3356 5341 fuisse
3416 5274 3748 5356 Chunorum;

2054 5361 2155 5400 seu
2224 5348 2567 5409 Hunnorum,
2624 5360 2763 5412 quos
2838 5352 3075 5416 Romani,
3136 5363 3332 5420 agente
3394 5362 3556 5420 Aetio,
3622 5348 3751 5418 tunc

2051 5421 2620 5500 advocarentucontra
2666 5420 2899 5500 Gotthos,
2937 5425 3045 5500 qui
3109 5439 3227 5484 eam
3282 5431 3458 5483 Galliae
3517 5436 3747 5500 partem,

270 5498 376 5550 isto
411 5494 609 5558 capite,
652 5495 907 5573 quodque
952 5496 1025 5549 ibi
1066 5496 1304 5561 primum
1354 5496 1566 5556 dicitur,
1618 5499 1671 5549 et
1707 5497 1786 5549 sic
1816 5495 1971 5549 dein-
2048 5491 2142 5573 ubi
2171 5492 2349 5573 gessio
2385 5490 2647 5573 Vasatium
2672 5494 2775 5573 sita
2806 5498 2907 5573 est,
2928 5497 3042 5573 jam
3066 5501 3196 5551 tunc
3229 5490 3558 5557 obtinebant.

271 5580 549 5719 “Pséditi,
603 5642 665 5719 ut
688 5639 820 5719 fit
860 5636 1223 5705 permitteret.
1274 5638 1388 5693 Illo.
1441 5638 1652 5704 Aliquot
1702 5640 1856 5703 Mss.,
1911 5643 1971 5693 ut

268 5724 414 5773 eam,
446 5711 573 5772 etc.,
606 5713 666 5762 ut
688 5709 840 5762 Editi.

332 5794 353 5816 ⁸
385 5780 508 5834 God.
540 5780 676 5833 Clar.
707 5794 753 5841 a,
790 5782 854 5834 in
882 5781 1155 5848 mappula.

330 5854 354 5885 δ
387 5850 719 5905 Cathedralis
802 5852 1036 5907 ecclesia
1102 5854 1411 5907 Vasatensis
1454 5854 1727 5919 hodieque
1781 5854 1967 5919 sancto

264 5923 463 5981 Joanni
506 5921 752 5987 Baptista
806 5927 963 5981 sacra
1002 5927 1106 5988 est,
1148 5926 1204 5979 in
1254 5938 1361 5991 qua
1411 5926 1619 5982 servari
1640 5916 1970 5982 'etiamritmc

2115 5562 2457 5643 hﬂMissarum
2507 5562 2822 5643 celebratio_
2851 5565 2973 5619 festi
3025 5582 3201 5631 genus
3250 5574 3573 5634 censebatur
3600 5580 3747 5643 apud

2055 5636 2323 5700 antiquos,
2389 5636 2446 5687 ut
2507 5645 2577 5685 ex
2639 5634 2741 5687 hoc
2810 5635 2930 5689 loco
2977 5642 3031 5691 et
3092 5651 3161 5691 ex
3212 5653 3331 5693 can.
3404 5645 3460 5696 i7
3507 5634 3659 5701 conc'.
3706 5663 3752 5703 ιι

2052 5706 2247 5787 Europ.
2300 5705 2505 5768 colligit
2558 5705 2833 5760 Mabillon.
2871 5710 2927 5761 in
2968 5711 3232 5774 prooemio
3284 5712 3376 5765 lib.
3427 5730 3465 5771 ιι
3500 5718 3746 5787 ιιίιιιτείω

1940 5791 1947 5799 '
2050 5778 2237 5831 Gallic.

2110 5850 2238 5927 ‘_Id_
2264 5850 2347 5927 est
2416 5848 2645 5927 fornice,
2720 5860 2820 5901 seu
2886 5852 3066 5914 potius
3139 5852 3380 5921 laq‘ueari
3405 5838 3503 5925 zex
3571 5861 3744 5927 ligno.

2052 5920 2194 5984 Vide,
2222 5920 2383 5983 intra,
2412 5930 2531 5986 cap.
2560 5919 2641 5973 47.

2714 6005 2741 6039 /
