3982 6346
327 476 428 533 719

956 603 1198 664 CAPUT
1237 601 1389 660 XIV.

354 745 430 797 De
461 738 686 793 muliere
723 745 843 803 qua
871 729 1108 782 obtinuit
1144 725 1398 796 pollicem
1441 722 1668 778 Joannis
1704 721 1986 791 Baptistae.

1397 453 1454 512 S.
1499 449 1860 511 GREGORII
1900 447 2230 509 EPISCOPI
2270 449 2739 509 TURONENSIS

2035 573 2088 632 A
2108 586 2224 644 quo
2254 571 2446 630 Rufus
2483 577 2603 630 erat
2633 573 2955 646 episcopus,
2994 574 3076 632 ait
3121 575 3569 636 arcihdiaconus
3593 580 3716 652 ejus
3735 582 3802 639 ad

3708 460 3805 518 7‘20

2107 676 2244 718 eum
2276 686 2287 718 :
2320 661 2446 720 Non
2473 667 2557 728 est
2581 678 2817 736 aequum
2850 669 2915 721 ut
2950 665 3058 722 hoc
3106 665 3320 737 pignus
3363 667 3426 724 in
3466 667 3590 726 loco
3618 671 3801 730 viliori

2107 755 2407 821 teneatur;
2439 751 2537 810 sed
2568 769 2759 826 surge,
2793 757 2848 810 et
2875 753 3021 812 illud
3047 754 3260 827 accipe;
3291 762 3348 812 et
3375 757 3535 815 defer
3561 760 3631 816 ad
3654 760 3801 820 Tau-

391 864 533 923 Nam
584 859 732 927 (Ed.,
763 853 968 924 Etiam)
1015 847 1286 922 quaedam
1320 833 1531 903 mulier
1554 856 1576 882 ι
1607 859 1640 900 a
1683 842 2024 899 Maurienna
2105 839 2396 897 rinensem
2417 841 2738 907 ecclesiam,
2770 858 2903 916 quae
2931 842 3062 916 plus
3085 844 3378 916 popularis
3411 847 3672 907 habetur.
3700 851 3803 908 Cui

314 957 458 1017 urbe
485 947 875 1026 progrediens,
908 942 1095 1015 ipsius
1124 936 1501 1033 Prtecursoris
1538 933 1813 1033 reliquias
1843 948 2019 1033 expe-

314 1045 463 1113 tivit,
491 1025 554 1097 et
591 1038 667 1095 ita
694 1052 754 1092 se
783 1028 1132 1091 constrinxit
1161 1025 1395 1084 vinculo
1437 1025 1776 1098 juramenti,
1809 1029 1873 1080 ut
1902 1037 2018 1079 non

311 1142 443 1192 ante
474 1147 507 1188 a
534 1130 653 1186 loco
679 1122 1015 1189 discederet,
1062 1116 1177 1175 nisi
1227 1115 1297 1172 de
1343 1113 1620 1172 membris
1665 1113 1789 1186 ejus
1831 1124 2017 1168 mere-

310 1228 467 1282 retur
503 1216 824 1291 quidquam
860 1209 1135 1281 accipere.
1184 1201 1294 1263 Sed
1341 1218 1476 1261 cum
1521 1199 1879 1291 impossibile
1910 1199 2018 1256 hoc

309 1288 659 1369 incolzeloci
702 1303 1018 1364 narrarent,
1073 1291 1539 1367 prosternebatur
1577 1288 1833 1363 quotidie
1881 1292 2016 1345 ante

306 1401 661 1476 sepulcrum,
688 1408 860 1452 orans
889 1387 1020 1460 sibi,
1070 1392 1135 1445 ut
1178 1385 1462 1454 diximus,
1512 1382 1581 1476 de
1615 1382 1829 1476 sanctis
1855 1385 2015 1438 artu-

304 1471 414 1551 bus
440 1489 636 1561 aliqua
669 1478 1002 1542 condonari.
1056 1476 1126 1534 In
1178 1489 1292 1548 qua
1341 1471 1663 1572 intentione
1718 1472 2012 1543 integrum

302 1582 475 1642 duxit
498 1591 740 1636 annum.
774 1569 1055 1630 Similiter
1098 1571 1154 1623 et
1181 1567 1451 1634 alterum,
1476 1567 1606 1635 jugi
1644 1577 1868 1635 semper
1894 1576 2011 1618 ora-

305 1675 457 1740 tione
495 1648 826 1740 depOscens.
863 1657 1057 1717 Tertio
1103 1670 1236 1712 vero
1277 1653 1637 1727 ingrediente
1663 1668 1837 1721 anno,
1871 1667 2007 1710 cum

298 1736 616 1825 orationem
647 1771 812 1815 suam
837 1748 1141 1827 pervenire
1175 1763 1288 1805 non
1319 1751 1575 1804 cerneret
1611 1746 1683 1803 ad
1715 1744 2001 1816 effectum,

297 1854 536 1932 projecit
581 1864 644 1908 se
694 1851 826 1904 ante
880 1840 1248 1932 sepulcrum;
1302 1837 1718 1932 etobtestatur
1771 1851 1890 1932 non
1943 1850 2004 1894 se

2103 928 2202 986 ille
2233 931 2524 1002 respondit
2552 930 2690 1002 quia
2722 932 2846 989 haec
2874 948 3041 1003 agerc
3072 949 3185 990 non
3206 935 3476 993 audebat.
3503 939 3802 998 Archidia-

2101 1034 2282 1078 conus
2310 1020 2498 1079 dixit:
2541 1021 2657 1095 Ego
2696 1022 2804 1079 hoc
2831 1021 3111 1092 deferam,
3159 1023 3206 1080 si
3250 1026 3553 1097 permittis.
3587 1028 3656 1085 Et
3683 1029 3802 1102 epi-

2099 1123 2343 1180 scopus:
2400 1109 2511 1167 Fac
2558 1111 2710 1185 quod
2764 1110 2918 1169 libet.
2971 1111 3137 1169 Tunc
3179 1113 3621 1173 archidiaconus
3645 1131 3801 1186 acce-

2098 1197 2240 1255 dens
2271 1197 2341 1256 ad
2367 1199 2577 1270 locum,
2611 1199 2755 1257 dum
2788 1200 3018 1273 vigilias
3050 1201 3314 1270 celebrat,
3358 1203 3534 1261 mittit
3565 1220 3803 1263 manum

2097 1289 2168 1345 ad
2218 1289 2533 1362 capsulam.
2584 1288 2716 1348 Mox
2766 1307 2966 1349 amens
3013 1291 3266 1362 eﬂ‘ectus,
3303 1309 3579 1352 accensus
3624 1296 3802 1367 febre,

2095 1379 2190 1437 die
2244 1380 2409 1438 tertio
2454 1381 2811 1455 exspiravit;
2865 1382 3165 1455 factusque
3217 1390 3302 1441 est
3351 1383 3522 1443 timor
3558 1403 3806 1460 magnus

2093 1475 2388 1543 omnibus,
2432 1490 2539 1533 nec
2599 1476 2910 1550 quisquam
2962 1477 3112 1535 ultra
3161 1477 3324 1537 beata
3351 1481 3595 1555 pignora
3623 1500 3804 1544 ausus

2091 1569 2176 1621 est
2208 1571 2450 1622 mutare.

2157 1652 2162 1657 '
2749 1637 2992 1696 CAPUT
3031 1639 3156 1699 XV.

2086 1744 2164 1796 De
2215 1744 2469 1811 reliquiis
2528 1744 2672 1798 beati
2722 1747 2950 1801 Joannis
2978 1750 3132 1814 infra
3178 1754 3567 1808 monasterium
3618 1759 3802 1810 sancti

2697 1835 2932 1888 Martini
2961 1838 3179 1905 positis.

295 1924 508 2005 exinde
538 1940 950 2000 surrecturum,
989 1929 1331 2002 priusquam
1376 1926 1502 1983 WBG
1535 1924 1737 1998 Petilio
1775 1924 2059 2000 Obtiﬂe-B
2152 1933 2321 2005 Apud
2349 1947 2371 1973 ο
2399 1934 2750 1995 Turonicam
2782 1954 2916 1996 vero
2946 1939 3172 2011 urbem,
3198 1943 3340 2001 dum
3383 1944 3445 2002 in
3476 1948 3798 2004 oratorium

294 2042 452 2094 retur
480 2028 767 2088 aSancto.
820 2020 1076 2094 Septima
1125 2033 1261 2075 vero
1308 2016 1422 2084 die,
1463 2030 1598 2073 cum
1632 2015 1750 2089 jam
1801 2014 1997 2072 inedia

292 2125 578 2188 deﬁceret,
609 2112 878 2190 apparuit
916 2124 1089 2182 super
1132 2106 1309 2165 altare
1340 2106 1536 2180 pollex
1567 2104 1702 2162 miri
1730 2105 1996 2163 candoris

218 2207 224 2214 ’
289 2230 356 2272 ac
380 2211 529 2269 lucis
558 2205 862 2277 eﬂ‘ulgens.
897 2197 1138 2271 Cognito
1184 2202 1379 2254 autem
1420 2194 1630 2253 mulier
1677 2193 1782 2251 Dei
1821 2195 1990 2264 dono,

290 2299 545 2365 surrexit
594 2315 626 2355 a
665 2294 1016 2370 pavimento,
1052 2291 1313 2362 factaque
1344 2287 1576 2361 capsula
1603 2302 1796 2356 aurea,
1833 2287 1895 2342 in
1928 2301 1993 2383 ea

289 2387 608 2452 recondidit
666 2398 799 2456 qua}
857 2379 1102 2437 Domino
1150 2377 1426 2449 largiente
1477 2381 1786 2446 meruerat,
1827 2380 1883 2431 et
1912 2377 1995 2430 sic

285 2479 544 2556 gaudens
578 2469 855 2532 remeavit
899 2467 969 2525 ad
1014 2467 1244 2541 prOpria
1275 2486 1286 2523 :
1346 2467 1766 2556 impletumque
1796 2469 1899 2556 est
1930 2464 1991 2521 in

285 2555 388 2630 illa
444 2566 596 2643 quod
655 2560 932 2620 Dominus
978 2558 1058 2614 ait
1105 2559 1166 2614 in
1221 2555 1588 2628 Evangelio:
1645 2557 1819 2610 Amen
1869 2555 1989 2608 dico

205 2659 210 2667 ’
285 2665 458 2732 vobis,
490 2659 635 2730 quod
666 2657 716 2709 si
739 2653 1172 2725 perseveraverit
1190 2651 1423 2720 pulsans
1447 2647 1486 2711 δ,
1519 2653 1569 2702 et
1607 2649 1657 2701 si
1680 2663 1786 2701 non
1811 2647 1990 2713 surgit

279 2770 381 2826 pro
410 2767 467 2806 eo
495 2747 639 2820 quod
674 2747 880 2800 amicus
925 2741 1042 2810 ejus
1087 2743 1179 2800 sit,
1208 2742 1434 2809 propter
1462 2737 1864 2807 improbitatem
1903 2741 1988 2789 ta-

281 2860 401 2899 men
433 2841 550 2910 ejus
579 2839 782 2904 surget,
813 2836 864 2887 et
908 2831 1111 2885 tribuet
1159 2830 1207 2882 ei
1246 2829 1509 2896 quotquot
1557 2826 1716 2879 habet
1742 2841 1987 2881 necessa-

280 2935 392 2987 rios
431 2931 577 2996 (Luc.
625 2935 710 2989 XI,
755 2917 1015 2996 8).7Post
1065 2916 1193 2972 haec
1241 2920 1355 2970 tres
1391 2912 1641 2987 episcopi
1669 2912 1985 2996 advenien-

283 3029 366 3080 tes
403 2992 474 3076 de
512 2995 1003 3073 civitatibus‘suis
1042 3005 1112 3063 ad
1160 3004 1518 3062 adorandum
1567 3005 1629 3061 in
1681 3004 1788 3061 hoc
1836 2992 1979 3087 loco,

279 3108 592 3170 voluerunt
632 3106 851 3175 partem
889 3097 959 3154 de
998 3097 1105 3152 hoc
1140 3094 1376 3170 pignore
1405 3093 1646 3150 elicere:
1685 3091 1982 3164 positoque

187 3199 194 3206 ’
277 3203 340 3259 in
367 3196 576 3266 medio,
612 3192 762 3250 nihil
793 3189 1032 3248 omnino
1061 3188 1288 3245 auferre
1308 3189 1639 3259 potuerunt.
1676 3183 1842 3242 Tunc
1861 3197 1980 3242 una

2080 2023 2212 2081 atrii
2253 2024 2402 2082 beati
2444 2026 2675 2085 Martini
2704 2028 2891 2101 ipsius
2945 2029 3326 2091 Preecursoris
3359 2035 3637 2109 reliquias
3675 2036 3798 2094 col-

2081 2112 2418 2183 locaremus,
2479 2131 2665 2175 caecus
2723 2118 2981 2190 quidam,
3041 2120 3397 2182 adminiculo
3449 2124 3796 2200 deducente,

2078 2202 2278 2261 lumen
2332 2207 2566 2278 recepit.
2610 2207 3058 2282 Energumenus
3107 2227 3242 2270 vero
3287 2213 3578 2272 obtestans
3604 2217 3799 2275 virtu-

2081 2302 2195 2352 tem
2230 2295 2381 2354 beati
2408 2297 2668 2369 Joannis,
2685 2299 3035 2374 Martinique
3059 2303 3354 2374 antistitis,
3375 2305 3624 2378 expulso
3649 2322 3799 2380 pur-

2078 2394 2247 2460 gatus
2291 2389 2702 2450 est/daemone.
2757 2392 2824 2450 In
2863 2393 2973 2451 hoc
3005 2395 3251 2453 oratorio
3289 2411 3407 2455 una
3460 2397 3799 2470 puellarum

2077 2480 2170 2538 cui
2201 2480 2454 2540 ollicium
2509 2490 2629 2540 erat
2680 2491 2823 2547 740
2879 2485 3080 2559 lychni
3136 2487 3388 2545 fomenta
3421 2503 3800 2562 componere,

2073 2570 2391 2629 adveniens
2431 2588 2562 2630 cum
2616 2589 2779 2632 cereo
2825 2583 2891 2632 ut
2940 2577 3064 2634 haec
3090 2585 3302 2650 ageret,
3353 2587 3439 2637 est
3474 2579 3746 2653 ingressa
3783 2600 3797 2638 :

2073 2660 2502 2734 compositoque
2558 2662 2771 2736 lychno
2818 2671 2990 2739 atque
3034 2681 3294 2736 accenso,
3335 2674 3573 2725 attracto
3613 2668 3686 2725 ad
3733 2685 3800 2727 se

2070 2750 2230 2819 fune,
2265 2752 2602 2810 sublimavit
2651 2755 2709 2810 in
2743 2755 2948 2823 altum,
2979 2756 3287 2831 plexisque
3321 2759 3338 2792 τ
3366 2758 3660 2816 innexum
3703 2758 3799 2816 la-

2069 2842 2238 2914 queis
2286 2843 2358 2900 ad
2412 2843 2648 2916 parietis
2698 2845 2950 2916 clavum,
3008 2852 3064 2903 et
3113 2846 3406 2906 abscessit.
3454 2848 3601 2917 Quae
3641 2848 3799 2907 dum

2071 2931 2238 3001 redit,
2279 2948 2478 2990 cereus
2513 2950 2687 3007 quem
2724 2951 2901 2993 manu
2944 2937 3176 3008 gerebat
3217 2938 3638 3010 exstinguitur,
3696 2956 3799 2997 re-

2069 3031 2377 3090 gressaque
2426 3019 2700 3090 velociter
2717 3021 2785 3078 ad
2816 3022 3426 3092 cicendilem,cereum
3456 3041 3569 3083 non
3603 3028 3799 3084 attin-

2069 3108 2237 3182 gebat
2294 3109 2648 3182 illuminare,
2684 3127 2872 3186 neque
2924 3113 3199 3186 laqueum
3251 3114 3406 3172 funis
3456 3115 3798 3175 absolvere.

2067 3196 2221 3254 Dum
2249 3197 2519 3271 ambigua
2546 3199 2617 3257 de
2645 3200 2750 3258 hac
2777 3216 2948 3259 causa
2996 3202 3290 3273 penderet,
3321 3202 3517 3261 subito
3546 3204 3801 3278 delapsa

276 3287 584 3362 Vigilantes
621 3287 807 3350 Ποοῖθν
834 3274 1120 3351 deprecati
1147 3280 1285 3332 sum
1309 3279 1374 3364 ΠΨ
1421 3271 1644 3364 aliqum
1686 3287 2042 3362 mereren-C
2064 3302 2097 3342 a
2126 3285 2396 3344 cicindile
2434 3288 2688 3354 ﬂamma,
2720 3303 2959 3348 cereum;
2992 3271 3054 3347 in
3106 3305 3286 3348 manu
3315 3291 3441 3364 ejus
3476 3293 3802 3353 illumina-

276 3361 369 3438 ῐιπ
405 3394 438 3436 ξι
465 3375 706 3450 1³01110θὶ
744 3369 1042 3444 ροεὶῖοαυθ
1089 3364 1198 3423 ειη)
1239 3379 1305 3420 θο
1335 3361 1530 3432 Πηῖθο,
1579 3362 1719 3420 dum
1757 3369 1978 3452 βοηθῷ
2015 3361 2040 3362 ᾗ
2064 3373 2185 3442 vit;
2224 3381 2277 3431 et
2305 3374 2386 3430 sic
2412 3374 2601 3434 olIicio
2629 3377 2874 3435 luminis
2901 3385 3214 3451 praeeunte,
3257 3361 3373 3452 quo
3418 3381 3608 3439 voluit
3652 3383 3799 3440 ivit.

275 3470 502 3530 auferre
533 3469 834 3532 conantur,
865 3474 983 3517 una
1013 3472 1086 3514 ex
1128 3471 1194 3513 eo
1235 3459 1397 3525 gutta
1435 3451 1738 3524 sanguinis
1776 3451 1982 3510 cecidit
2065 3463 2280 3521 Ferunt
2305 3470 2498 3522 autem
2533 3466 2590 3523 in
2619 3467 2729 3524 hoc
2766 3467 3014 3526 oratorio
3057 3483 3090 3525 ε
3130 3451 3345 3541 ιςοῂίιο
3383 3469 3588 3529 oleum
3617 3473 3800 3532 ebul-

276 3575 448 3634 super
473 3558 737 3616 linteum.
769 3550 931 3620 Quod
974 3551 1295 3634 cernentes,
1325 3544 1470 3599 duas
1518 3547 1661 3604 739
1711 3542 1980 3634 deinceps

275 3630 470 3707 noctes
495 3644 758 3718 vigilant.
791 3638 1010 3696 Deinde
1037 3631 1301 3708 prostrati
1331 3647 1522 3689 coram
1557 3637 1753 3687 sancto
1788 3630 1976 3701 altari,

275 3740 417 3796 dum
445 3731 774 3806 supplicant
801 3732 866 3784 ut
889 3725 1078 3783 adhuc
1110 3721 1297 3816 majus
1326 3718 1546 3790 aliquid
1586 3723 1985 3816 mereantur-na

275 3823 503 3900 pollice,
533 3821 665 3877 dum
709 3817 921 3872 iterum
964 3827 1038 3869 ex
1082 3825 1148 3867 eo
1198 3809 1494 3900 [luxerunt
1535 3812 1761 3900 guttae.-
1787 3809 1863 3900 A}
1893 3806 1983 3864 illi

278 3895 484 3987 gavisi,
547 3905 881 3978 colligentes
937 3901 1138 3957 devote
1197 3911 1330 3970 quae
1393 3895 1676 3987 Dominus
1730 3895 1977 3987 dederat,

269 3986 442 4081 juxta
475 4011 784 4058 numerum
807 4007 982 4050 suum
1005 4001 1025 4026 ο
1050 3986 1638 4046 diviseruntlinteum
1656 4001 1789 4044 cum
1804 3986 1982 4059 guttis

278 4077 418 4163 suis,
453 4105 587 4167 quae
618 4102 734 4145 non
765 4085 892 4142 sine
918 4079 1122 4155 grandi
1150 4077 1528 4136 admiratione
1548 4077 1797 4167 urbibus
1823 4078 1982 4136 intu-

276 4166 488 4243 lerunt;
518 4180 589 4236 Et
618 4176 754 4250 quia
808 4174 967 4232 locus
1009 4170 1107 4229 ille
1147 4167 1609 4227 Mauriennensis
1657 4166 1727 4224 ad
1773 4167 1981 4225 Tauri-

278 4285 518 4331 nensem
546 4265 843 4342 quondam
878 4262 904 4297 ά
948 4258 1152 4318 urbem
1188 4255 1529 4331 pertinebat,
1579 4262 1832 4328 tempore
1885 4255 1984 4314 ille

338 4412 506 4462 -Huec
582 4407 648 4458 ab
737 4403 949 4455 Alberto
1036 4397 1277 4474 Stadensi
1343 4396 1450 4474 in.
1499 4393 1790 4474 (lbronico'
1827 4392 1984 4473 Tecla

282 4485 438 4546 virgo
485 4478 806 4542 appellatur,
844 4474 934 4522 ubi
959 4472 1133 4522 sancti
1165 4468 1388 4520 Joannis
1430 4466 1653 4514 indicem
1685 4466 1984 4516 obtinuisse

286 4555 520 4676 ὼῗῃὲιῖί,
584 4615 830 4681 pulsare;
894 4613 949 4662 et
1008 4609 1150 4681 intra
1205 4607 1330 4681 Mss.
1385 4611 1633 4672 quatuor,
1688 4605 1876 4669 surgit,
1936 4611 1981 4654 et

213 4688 228 4706 ⁸
290 4693 492 4748 tribuit,
515 4679 647 4739 Clar.
679 4687 730 4737 b.
765 4684 953 4744 surget,
979 4689 1022 4730 et
1054 4679 1251 4730 tribuit.

353 4773 372 4795 ο
405 4764 612 4824 Αιιῳιοι
685 4759 802 4808 Mss.
885 4765 1008 4806 cum
1095 4751 1270 4807 editis,

381 4847 516 4884 rum.
905 4869 907 4871 ι

287 4851 552 4956 Νῗνὲιῗῖί),
616 4912 664 4958 a,
719 4869 1006 4960 quamdam.
1068 4891 1202 4943 Urbs
1266 4891 1361 4944 illa
1435 4893 1666 4956 primum
1729 4893 1802 4944 ad
1847 4894 1978 4946 Tau-

291 4981 568 5034 rineusem
647 4974 922 5031 dimceSIm
1002 4965 1278 5029 pertinuit.
1341 4969 1456 5014 tum
1508 4976 1539 5013 a
1597 4963 1813 5016 Francis
1878 4965 1979 5017 sub

292 5053 618 5103 Guntramno
670 5052 800 5103 rege
852 5043 1111 5101 occupata
1157 5038 1472 5098 episcOpum
1526 5038 1806 5099 proprium
1839 5039 1976 5088 obti-

291 5123 428 5176 nuit,
479 5119 572 5181 qui
627 5110 1027 5185 DarentaSIen-si
1087 5108 1510 5185 metropolitano
1548 5107 1840 5185 attributus
1880 5111 1977 5185 est.

295 5195 430 5246 Hinc
492 5179 548 5238 in
603 5185 823 5235 vetustis
874 5181 1193 5243 quibusdam
1258 5179 1462 5229 notitiis
1499 5179 1640 5229 in.er
1687 5180 1981 5241 provincias

292 5267 501 5328 Alpium
548 5257 824 5308 Graiarum
870 5257 923 5302 et
977 5251 1334 5328 Penniuarum
1388 5250 1652 5328 civitates,
1708 5249 1981 5328 Mcrieuua

290 5321 481 5390 ultimo
536 5333 654 5380 loco
707 5328 1041 5376 recensetur.
1098 5323 1164 5373 Ea
1223 5325 1400 5370 tamen
1455 5321 1522 5371 de
1552 5333 1612 5370 re
1651 5324 1982 5384 conquestus

291 5413 374 5461 est
429 5401 703 5454 Ursicinus
782 5393 1164 5468 Taurinensis‘
1207 5391 1518 5468 episcopus,
1579 5393 1875 5468 ‘utApatet_
1914 5403 1984 5442 ex

291 5458 542 5540 ἅτεροι-ιι
578 5467 760 5531 Magni
808 5465 1040 5540 epistola
1088 5462 1173 5511 114
1222 5459 1348 5540 libri
1381 5473 1460 5509 vn
1504 5458 1700 5540 ind.n2,
1746 5461 1984 5540 _ad__Sya-

289 5530 468 5614 εηυῑιι
513 5530 863 5614 θριδούΒυω,
897 5534 1234 5614 suaenam»
1261 5613 1267 5614 ,
1291 5533 1345 5614 et
1395 5532 1649 5614 δαείιξιεξιιέ.
1667 5531 1788 5614 rd.
1812 5530 1986 5614 Iber.-

262 5599 642 5673 ioricum'et
690 5599 1122 5659 Theodebertum
1186 5612 1364 5664 reges.
1407 5600 1511 5650 Sed
1565 5599 1702 5653 nihil
1737 5601 1982 5664 obtinuit,

289 5696 345 5743 et
399 5687 596 5740 exinde
663 5673 1106 5730 Mauriennensis
1178 5676 1526 5743 episcopatus
1595 5677 1981 5736 perseveravit,

1352 4762 1633 4801 numerum
1728 4739 1984 4803 servorum

291 5742 561 5821 hodieque
627 5749 889 5821 subsistit,
955 5743 1058 5821 sed
1131 5742 1240 5821 sub
1319 5742 1606 5821 Viennensi
1680 5745 1980 5821 ωςιτορρι-ί.
2004 5749 2016 5768 κ

292 5829 433 5881 Urbs
469 5812 604 5876 vero
651 5824 772 5885 ipsa
803 5818 873 5870 ob
919 5814 1306 5885 miraculorum
1346 5813 1528 5885 sancti
1579 5812 1800 5867 Joannis
1848 5815 1982 5867 reli-

2062 3553 2188 3611 lire.
2224 3553 2525 3613 Habentur
2550 3555 2709 3613 enim
2739 3566 2765 3601 ε
2790 3563 2846 3614 et
2877 3557 2958 3614 ibi
3002 3557 3274 3630 reliquiae
3311 3566 3526 3618 sanctae
3564 3564 3796 3622 crucis.

2703 3686 2946 3746 CAPUT
2988 3688 3142 3748 XVI.

2202 3793 2279 3845 De
2303 3792 2498 3847 ardore
2524 3809 2718 3860 manus
2744 3795 3032 3863 cujusdam
3064 3799 3313 3853 mulieris
3343 3804 3636 3859 exstincto.

2140 3896 2260 3956 Sub
2283 3901 2456 3973 hujus
2485 3902 2648 3961 urbis
2678 3903 2963 3963 territorio
2989 3906 3144 3978 apud
3161 3906 3358 3965 vicum
3379 3879 3799 3982 Alangavien-

2065 4002 2186 4045 sem
2218 3988 2259 4054 ",
2294 3990 2507 4048 mulier
2553 3992 2821 4065 quaedam
2848 4009 2922 4050 ex
2974 3995 3199 4060 incolis,
3231 4011 3538 4071 conspersa
3585 3999 3802 4058 Domi—

2064 4077 2195 4135 nica
2223 4079 2317 4136 die
2373 4080 2579 4149 farina,
2638 4098 2846 4156 panem
2896 4083 3187 4154 formavit,
3219 4101 3416 4160 quem,
3464 4090 3807 4163 segregatis

2064 4165 2288 4238 prunis,
2319 4167 2511 4226 cinere
2543 4169 2791 4228 ferventi
2828 4171 3085 4228 contexit
3109 4172 3577 4246 decoquendum.
3615 4177 3804 4246 Quod

2063 4267 2198 4312 cum
2225 4254 2467 4320 fecisset,
2501 4256 2765 4328 protinus
2803 4257 2856 4315 ei
2901 4273 3109 4318 manus
3146 4259 3384 4320 dextera
3402 4261 3614 4321 divino
3644 4264 3808 4338 igne

2066 4395 2266 4446 dicitur
2326 4394 2549 4445 Sanctus
2620 4395 2854 4449 Joannes
2919 4397 2987 4449 de
3052 4397 3363 4452 Maurienna
3426 4397 3812 4462 (SainJ-Jean

2065 4467 2129 4517 de
2173 4465 2528 4524 Maurienne).
2572 4466 2737 4519 Vetus
2767 4471 3187 4522 instrumentum
3236 4473 3304 4522 de
3334 4473 3586 4525 ecclesiae
3618 4475 3800 4528 nau-

2061 4541 2372 4590 riennensis
2410 4535 2722 4599 primordiis
2745 4540 2992 4592 dabimus
3021 4543 3078 4591 in
3113 4543 3433 4605 appendice.

2124 4619 2142 4638 ·
2181 4609 2290 4668 Hoc
2366 4614 2526 4671 caput
2574 4623 2699 4661 cum
2747 4612 2998 4673 sequenti
3037 4613 3191 4664 deest
3246 4613 3300 4663 in
3341 4619 3463 4666 cod.
3518 4613 3668 4667 Clar.
3728 4632 3806 4670 δ-

1991 4665 2040 4723 D
2065 4682 2122 4733 In
2157 4665 2328 4732 altero
2365 4665 2494 4752 vero
2549 4688 2668 4731 cod.
2721 4665 2862 4732 Clar.
2902 4683 3055 4734 deest
3091 4697 3213 4734 cum
3254 4697 3357 4735 sex
3388 4665 3815 4752 sequenitibu—év,

2066 4753 2120 4804 id
2197 4756 2279 4803 est
2340 4749 2407 4801 ad
2467 4752 2523 4800 21
2589 4752 2870 4804 inclusive.
2943 4754 3101 4805 Porro
3158 4755 3454 4807 oratoiium
3511 4758 3570 4808 in
3633 4749 3822 4812 ιη·ιό

2063 4823 2236 4876 sancti
2286 4821 2489 4872 Martini
2547 4821 2637 4873 hic
2697 4829 3052 4874 memoratum
3113 4827 3331 4888 quidam
3383 4839 3512 4878 esse
3582 4834 3823 4887 putant

2066 4894 2197 4946 illud
2251 4894 2394 4957 quod
2450 4893 2762 4945 etiamnunc
2824 4894 3068 4945 subsistit
3139 4895 3241 4945 sub
3303 4900 3479 4948 sancti
3545 4899 3834 4956 Joannis

2065 4967 2307 5029 Baptistae
2365 4963 2534 5023 titulo,
2599 4966 2653 5013 iu
2702 4976 2810 5028 quo
2843 4969 3015 5017 sancti
3057 4965 3264 5017 Martini
3314 4969 3567 5020 canonici
3613 4977 3829 5035 capi-

2066 5045 2253 5094 \ulum
2327 5047 2667 5099 congregare
2740 5039 2932 5087 solent.
3018 5038 3197 5088 Exstat
3283 5041 3428 5090 aliud
3491 5046 3842 5100 vetustum

2067 5109 2243 5164 Sancti
2299 5105 2522 5156 J0anuis
2598 5105 2839 5170 Baptistae
2894 5108 3156 5159 sacellum
3229 5107 3282 5159 in
3348 5111 3466 5172 ipso
3521 5115 3848 5170 ecclesia

2067 5180 2238 5234 sancti
2277 5177 2482 5226 Martini
2511 5177 2780 5239 ingressu,
2818 5179 2962 5242 quod
2990 5179 3077 5230 hic
3111 5179 3250 5231 forte
3280 5181 3619 5242 designatur.

2130 5251 2148 5288 τ
2188 5251 2270 5300 Sic
2305 5250 2424 5297 cod.
2457 5247 2604 5297 Colb.
2636 5263 2682 5299 a.
2717 5247 2924 5308 Caleni,
2955 5250 3235 5314 plerisque.

2131 5332 2156 5367 ς
2190 5321 2262 5371 Ex
2311 5328 2428 5382 cap.
2484 5319 2534 5380 5,
2583 5332 2766 5382 supra,
2813 5319 2953 5370 idem
2991 5320 3339 5384 contingebat
3368 5325 3492 5372 ante
3528 5330 3860 5390 sanctam

2067 5392 2288 5445 crucem
2373 5390 2432 5439 in
2467 5459 2475 5461 Α
2512 5391 2840 5445 monasrerio
2904 5392 3202 5446 Pictavensi
3263 5397 3625 5453 asservatam,
3739 5411 3862 5461 ad

2067 5476 2229 5529 quem
2258 5461 2438 5510 locum
2465 5459 2552 5512 hic
2581 5463 2771 5512 alludit
2805 5462 3110 5525 Gregorius.

2129 5531 2306 5583 ll'Cod.
2360 5531 2508 5581 Mart.
2564 5539 2616 5583 et
2665 5533 2813 5583 Clict.
2848 5545 2972 5584 cum
3019 5532 3149 5584 Bell.
3205 5535 3260 5584 et
3318 5530 3466 5583 Colb.
3510 5546 3564 5590 ι,
3599 5535 3664 5585 in
3717 5547 3870 5597 in-

2066 5604 2220 5675 dice,_
2260 5598 2706 5675 Langapiensem.
2751 5602 2911 5675 Laud.
2963 5604 3092 5655 item
3144 5605 3210 5675 in_
3242 5605 3874 5675 indiceALanuiense_

2066 5673 2269 5754 Dicitur
2321 5671 2378 5754 ίιξ
2437 5673 2544 5754 ttae
2595 5672 2690 5754 lib.
2757 5685 2797 5754 at
2861 5674 3110 5726 Historiae
3151 5673 3301 5754 uicus
3349 5671 3874 5754 Atingaomis:

2064 5745 2188 5826 a'liis
2254 5745 2569 5826 auctoribus
2608 5744 2965 5826 tingiacum,
3047 5758 3144 5826 seu
3203 5744 3545 5826 unguium,
3611 5744 3882 5826 va.ng

2064 5813 2334 5892 Langeay,
2358 5815 2542 5892 _locus
2617 5817 2780 5870 etiam
2848 5826 2995 5868 nunc
3041 5819 3248 5878 notus,~
3290 5814 3380 5867 his
3432 5813 3886 5892 ιθπιροΐὶδῖιξ

288 5899 536 5964 quiarum
600 5883 966 5945 celebritatem
1043 5884 1230 5948 vulgo,
1311 5883 1452 5948 sicut
1517 5887 1570 5936 et
1631 5885 1748 5949 ipsa
1805 5885 1980 5951 vallis,
2043 5887 2199 5940 «satis
2234 5885 2488 5941 celebris.
