3982 6346
184 241 289 300 7'23

183 368 266 427 cis
303 369 365 428 in
398 369 521 429 loco
554 368 752 427 eodem
800 367 1144 442 pe‘rjurasse,
1185 367 1287 440 qui
1326 366 1404 424 ita
1448 367 1649 427 divino
1670 369 1951 441 judicioA

178 461 730 531 condemnati'sunt,
747 464 813 517 ut
842 458 904 516 in
942 457 1131 533 ipsius
1158 457 1300 516 anni
1323 457 1616 518 curriculo
1642 460 1885 518 finiren-

185 556 283 611 tur
308 567 342 610 a
373 550 605 610 saeculo.

821 695 1065 777 CAPUT
1092 694 1246 753 XXI.

482 807 558 859 De
584 804 766 871 forma
794 805 1013 858 Domini
1040 803 1190 874 apud
1216 802 1580 861 Phaniadam.

254 909 463 984 Igitur,
488 917 554 969 ut
581 910 863 979 diximus,
895 910 956 967 in
988 910 1109 983 ipso
1137 910 1324 982 primo
1342 909 1614 967 Jordanis
1635 924 1888 983 egressu,

188 997 485 1059 Phaniada
512 996 717 1055 civitas
745 1010 767 1034 ι
795 997 905 1054 sita
943 1001 1047 1065 est,
1088 996 1151 1053 in
1181 1011 1297 1069 qua
1330 996 1574 1054 habetur
1601 1002 1789 1054 statua
1816 1011 1893 1052 ex

100 1160 109 1167 .
183 1090 392 1148 electro
418 1089 730 1163 purissimo
781 1087 1074 1157 fabricata,
1116 1087 1178 1144 in
1209 1102 1326 1160 qua
1360 1086 1759 1160 Redemptoris
1784 1101 1889 1143 no-

181 1180 285 1238 stri
319 1179 502 1237 forma
524 1177 738 1235 dicitur
766 1193 890 1235 esse
922 1193 1216 1252 expressa.
1253 1175 1419 1245 Nam,
1450 1182 1571 1233 uta
1596 1176 1889 1250 plerisque

180 1271 401 1341 audivi,
453 1270 555 1344 qui
594 1285 722 1327 eam
772 1269 1143 1342 contemplati
1186 1267 1437 1335 fuerant,
1481 1267 1625 1323 mira
1663 1267 1891 1325 claritas

183 1361 247 1417 in
294 1359 422 1431 ejus
464 1352 607 1415 facie
637 1356 986 1414 continetur.
1024 1355 1133 1414 Sed
1167 1371 1239 1412 ne
1270 1354 1366 1413 cui
1396 1354 1660 1413 videatur
1685 1357 1889 1415 absur-

182 1448 345 1519 dum,
375 1461 611 1504 narrare
642 1460 776 1519 quas
813 1445 882 1502 de
914 1460 978 1502 ea
1006 1443 1377 1503 Caesariensis
1404 1444 1576 1501 refert
1607 1445 1894 1503 Eusebius

184 1554 302 1597 non
339 1536 579 1611 pigebit.
620 1535 717 1593 Ait
745 1535 944 1593 enim:
978 1560 1004 1585 «
1037 1534 1337 1593 Mulierem
1378 1550 1556 1607 quam
1585 1535 1893 1607 sanguinis

183 1628 477 1704 profluvio
506 1626 861 1684 laborantem
895 1642 927 1683 a
970 1624 1261 1683 Salvatore
1286 1631 1543 1682 curatam
1576 1624 1893 1699 Evangelia

184 1717 567 1787 tradiderunt,
601 1716 777 1789 hujus
808 1716 969 1773 urbis
989 1717 1176 1774 civem
1192 1719 1413 1773 constat
1435 1715 1633 1785 fuisse,
1651 1704 1887 1775 domus—

183 1822 296 1878 que
331 1807 457 1879 ejus
487 1805 549 1862 in
598 1820 664 1862 ea
704 1804 874 1862 etiam
918 1819 1077 1862 nunc
1121 1804 1463 1863 ostenditur.
1514 1804 1624 1863 Pro
1666 1805 1889 1864 foribus

181 1912 318 1955 vero
359 1896 566 1955 domus
618 1894 823 1968 ipsius,
872 1894 1027 1953 basis
1076 1894 1343 1967 quaedam
1382 1896 1444 1952 in
1481 1895 1604 1953 loco
1649 1896 1889 1955 editiore

182 1982 456 2043 collocata
490 1985 863 2051 monstratur,
916 1981 979 2039 in
1035 1998 1151 2055 qua
1201 1982 1468 2040 mulieris
1514 1990 1660 2047 744
1704 1984 1891 2057 ipsius

182 2072 345 2131 velut
373 2071 626 2144 genibus
662 2069 1004 2142 provolutae,
1036 2068 1371 2143 palmasque
1400 2072 1735 2143 suppliciter
1765 2080 1889 2130 ten-

182 2160 396 2230 dentis,
428 2161 620 2231 imago
644 2174 796 2217 zerea
822 2157 1057 2217 videtur
1084 2175 1373 2233 expressa.
1411 2161 1572 2217 Astat
1612 2177 1747 2219 vero
1778 2162 1892 2220 alia

183 2268 334 2313 terea
360 2250 751 2309 nihilominus
773 2249 901 2307 fusa
921 2254 1123 2320 statua,
1150 2250 1348 2309 habitu
1374 2250 1484 2308 viri
1512 2251 1655 2309 stola
1668 2260 1893 2327 compte

184 2341 545 2409 circumdati,
570 2345 627 2398 et
646 2340 908 2397 dextram
935 2340 1171 2398 mulieri
1207 2340 1575 2415 porrigentis.
1606 2340 1797 2414 Hujus
1819 2341 1893 2397 ad

185 2433 390 2509 pedem
436 2430 642 2490 stathaa
690 2431 751 2488 in
804 2430 927 2488 basi
966 2430 1145 2489 herba
1192 2432 1460 2505 quaedam
1512 2448 1661 2489 nova
1704 2431 1931 2505 specie-

187 2521 464 2579 nascitur.
504 2519 649 2589 Qua;
676 2533 811 2576 cum
852 2524 1050 2576 exorta
1092 2519 1284 2588 fuerit,
1331 2534 1662 2576 excrescere
1704 2535 1893 2593 usque

184 2612 256 2671 ad
286 2609 447 2668 stolas
465 2607 627 2666 illius
655 2623 823 2665 terea:
850 2607 1178 2665 indumenti
1209 2607 1495 2664 fimbriam
1516 2607 1686 2665 solet.
1708 2607 1891 2677 Quam

188 2715 324 2759 cum
364 2712 593 2755 summo
632 2695 845 2753 vertice
878 2709 1138 2752 crescens
1181 2692 1355 2749 herba
1387 2693 1710 2763 contigerit,
1740 2693 1894 2752 vires

188 2787 327 2847 inde
379 2786 451 2844 ad
504 2783 872 2858 depellendos
934 2797 1137 2839 omnes
1186 2781 1415 2839 morbos
1471 2780 1894 2855 languoresque

189 2879 505 2952 conquirit,
522 2878 603 2935 ita
626 2881 690 2935 ut
707 2890 1093 2949 quaecumque
1112 2874 1286 2931 fuerit
1312 2872 1413 2931 illa
1434 2873 1743 2931 infirmitas
1769 2889 1893 2933 cor-

192 2969 370 3044 poris,
423 2970 637 3027 haustu
681 2966 898 3039 exiguo
944 2964 1249 3023 madefacti
1304 2964 1574 3023 salutaris
1615 2966 1897 3038 graminis

192 3058 529 3134 depellatur,
564 3055 709 3114 nihil
742 3056 983 3114 omnino
1015 3053 1231 3113 virium
1259 3070 1486 3128 gerens,
1513 3058 1560 3114 si
1586 3063 1895 3130 antequam

194 3164 364 3207 aereae
394 3145 643 3204 fimbriae
674 3143 1069 3204 summitatem
1119 3143 1427 3201 crescendo
1466 3145 1771 3217 contigerit
1797 3143 1941 3203 de-Y

195 3245 482 3313 carpatur»
504 3237 669 3296 Hanc
687 3241 936 3295 statuam
962 3236 1034 3293 ad
1062 3234 1513 3293 similitudinem
1542 3236 1740 3296 vultus
1763 3238 1793 3296 J
1798 3254 1902 3297 esu

195 3332 500 3391 formatam
522 3328 823 3387 tradebant
864 3350 878 3385 :
910 3322 1043 3402 quas
1066 3327 1385 3401 permansit
1411 3328 1583 3385 etiam
1612 3328 1681 3386 ad
1710 3332 1904 3387 nostra

198 3439 387 3500 usque
416 3427 691 3495 tempora,
723 3419 872 3478 sicut
905 3418 1015 3492 ipsi
1044 3418 1230 3478 oculis
1263 3418 1474 3478 nostris
1510 3418 1901 3493 inspeximus.

204 3516 270 3575 Et
313 3514 466 3573 nihil
510 3512 752 3583 mirum,
784 3512 833 3569 si
866 3512 907 3569 ii
952 3511 1054 3585 qui
1092 3527 1167 3569 ex
1209 3509 1479 3583 gentibus
1513 3500 1901 3580 crediderunt,

203 3622 307 3682 pro
330 3602 627 3664 beneficiis
657 3618 790 3676 quae
815 3619 848 3659 a
871 3602 1165 3661 Salvatore
1188 3603 1419 3660 fuerant
1445 3600 1756 3673 consecuti,
1792 3602 1905 3662 hu-

199 3698 457 3773 jusmodi
491 3694 649 3753 velut
677 3708 896 3752 munus
924 3693 1275 3752 videbantur
1295 3693 1521 3761 oﬂ‘erre,
1550 3707 1683 3750 cum
1707 3691 1906 3750 videa-

205 3803 339 3847 mus
378 3785 551 3843 etiam
599 3797 755 3840 nunc
807 3787 862 3839 et
907 3785 1294 3857 apostolorum
1335 3780 1487 3839 Petri
1517 3781 1609 3838 vel
1635 3779 1819 3851 Pauli,
1853 3785 1909 3837 et

99 3896 108 3903 ·
204 3877 393 3952 ipsius
426 3874 739 3935 Salvatoris
768 3872 1054 3947 imagines
1088 3871 1403 3945 designari,
1444 3870 1772 3948 tabulisque
1804 3871 1904 3929 de-

204 3964 392 4040 pingi.
422 3988 449 4017 n
482 3961 624 4021 Haec
656 3960 942 4021 Eusebius
967 3970 988 4000 ι
1026 3959 1245 4019 retulit.

270 4148 291 4169 ·
324 4136 542 4196 Paneas,
570 4134 636 4186 de
665 4147 772 4199 qna
797 4145 981 4195 supra,
1015 4143 1134 4196 cap.
1164 4133 1235 4184 1'7.

273 4208 297 4239 "
332 4209 409 4260 Ex
454 4207 711 4258 versione
756 4204 965 4257 scilicet
997 4204 1187 4267 Rufini,
1242 4205 1332 4268 qui
1386 4206 1436 4257 id
1461 4202 1619 4259 habet
1658 4206 1798 4259 libro
1827 4221 1906 4260 vn

213 4282 411 4333 Histor.
453 4290 572 4343 cap.
633 4276 707 4338 14,
759 4289 881 4328 cum
936 4277 1195 4329 Eusebius
1226 4277 1369 4330 hanc
1398 4278 1677 4345 historiam
1706 4279 1909 4331 referat

213 4352 405 4406 eodem
450 4350 609 4411 libro,
662 4361 780 4412 cap.
829 4348 903 4407 18,
954 4348 1037 4400 cui
1093 4349 1316 4401 Ruﬁnus
1358 4348 1472 4401 haec
1506 4351 1672 4402 verba
1713 4351 1905 4414 adjun-

166 4488 169 4491 ν
214 4425 322 4488 git:

1264 212 1323 295 s.
1367 237 1723 297 GREGORII
1764 241 2097 303 EPISCOPI
2135 243 2609 333 TUltONENSI‘S

3574 251 3681 310 724

2594 375 2837 436 CAPUT
2865 376 3053 436 ΧΧΙΙ.

2017 489 2092 540 De
2116 487 2301 543 Iudaeo
2329 490 2427 558 qui
2450 490 2710 543 iconicum
2739 489 2943 545 Christi
2963 488 3199 556 furavit,
3221 490 3271 540 et
3297 485 3622 552 transfodit.

2046 595 2191 652 Nam
2238 603 2293 655 et
2325 591 2434 655 isto
2468 612 2627 655 nunc
2664 602 2941 669 tempore,
2970 611 3069 668 per
3098 593 3498 652 credulitatem
3529 592 3686 648 inte-

1974 701 2136 759 gram
2176 692 2333 745 tanto
2374 686 2638 745 Christus
2675 702 2870 744 amore
2899 684 3184 757 diligitur,
3214 690 3278 741 ut
3305 683 3473 755 cujus
3496 681 3688 753 legem

1974 775 2039 833 in
2098 776 2309 835 tabulis
2358 776 2547 835 cordis
2600 777 2896 834 credentes
2952 775 3150 848 populi
3208 774 3489 842 retinent,
3554 770 3689 842 ejus

1974 864 2147 922 etiam
2199 866 2515 937 imaginem
2565 865 2635 922 ad
2685 863 3292 922 commemorationem
3340 858 3575 917 virtutis
3620 857 3687 913 in

1975 953 2188 1011 tabulis
2220 954 2551 1012 visibilibus
2578 953 2789 1026 pictam
2818 968 2920 1025 per
2950 950 3215 1008 ecclesias
3259 965 3325 1007 ac
3364 949 3567 1005 domos
3594 944 3686 1001 af-

1975 1042 2186 1115 figant:
2230 1044 2327 1101 sed
2357 1043 2496 1101 etin
2528 1043 2635 1101 hoc
2665 1041 2943 1100 inimicus
2974 1056 3200 1110 semper
3229 1037 3475 1097 humani
3505 1049 3687 1107 gene-

1974 1131 2055 1187 ris
2081 1131 2330 1189 zemulus
2350 1135 2555 1188 exstat.
2588 1130 2732 1188 Nam
2762 1129 3003 1187 Judaeus
3032 1126 3272 1200 quidam
3301 1140 3441 1182 cum
3466 1123 3677 1196 hujus-

1972 1220 2194 1278 cemodi
2226 1220 2543 1292 imaginem
2563 1217 2621 1275 in
2647 1218 2839 1276 tabula
2870 1217 3101 1290 pictam,
3126 1232 3191 1271 ac
3212 1213 3416 1288 parieti
3437 1212 3681 1269 aﬂixam

1974 1309 2035 1366 in
2101 1309 2337 1366 ecclesia
2393 1324 2543 1381 saape
2602 1307 2857 1377 vidisset,
2909 1306 2991 1362 ait
3047 1327 3060 1361 :
3121 1302 3263 1360 Ecce
3316 1302 3680 1359 seductorem

1973 1396 2143 1454 illum
2194 1395 2295 1469 qui
2338 1411 2445 1453 nos
2485 1410 2785 1468 genusque
2817 1400 3081 1453 nostrum
3110 1389 3463 1449 humiliavit.
3500 1387 3569 1444 Et
3597 1386 3681 1443 sic

1973 1496 2117 1552 745
2147 1493 2310 1545 nocte
2344 1487 2606 1557 veniens,
2642 1486 2755 1543 telo
2807 1486 2992 1559 ipsam
3034 1482 3350 1556 imaginem
3386 1479 3678 1547 verberat,

1970 1575 2290 1650 elisamquc
2315 1576 2386 1635 de
2421 1576 2655 1649 pariete,
2686 1580 2941 1648 opertam
2976 1578 3151 1642 veste,
3182 1571 3251 1628 ad
3277 1570 3513 1627 domum
3544 1581 3679 1639 por-

1973 1669 2120 1735 tans,
2158 1649 2409 1723 flammis
2443 1670 2605 1738 parat
2638 1679 2903 1722 exurere.
2943 1661 3053 1720 Sed
3085 1676 3174 1718 res
3214 1659 3359 1717 mira
3387 1649 3693 1730 apparuit;

1901 1744 1947 1803 Β
1972 1770 2127 1827 quae,
2158 1754 2313 1829 quod
2346 1756 2416 1813 de
2446 1754 2658 1813 virtute
2704 1752 2807 1811 Dei
2846 1752 3038 1820 fuerit,
3072 1766 3185 1808 non
3224 1754 3407 1822 potest
3434 1742 3677 1816 ambigi.

1975 1836 2122 1902 Nam
2146 1845 2216 1903 de
2247 1843 2489 1902 vulnere
2511 1843 2613 1901 ubi
2644 1843 2834 1914 imago
2867 1842 3173 1899 transfossa
3203 1839 3414 1915 fuerat,
3441 1831 3685 1905 sanguis

1975 1937 2202 1995 efﬂuxit
2260 1950 2304 1995 ο.
2372 1935 2535 2004 Quod
2596 1935 2718 2005 ipse
2776 1934 3018 2006 iniquus
3066 1931 3373 2004 spiculator
3414 1924 3682 1998 oppletus

1974 2027 2170 2084 furore
2218 2042 2333 2083 non
2370 2023 2568 2083 sensit.
2611 2024 2755 2081 Cum
2807 2029 3001 2081 autem
3048 2036 3149 2094 per
3202 2019 3463 2078 obscurze
3495 2012 3683 2072 noctis

1977 2113 2240 2170 tenebras
2259 2114 2497 2172 dom'um
2523 2127 2689 2169 suam
2718 2111 2918 2168 fuisset
2938 2110 3253 2183 ingressus,
3272 2105 3499 2164 lumine
3512 2101 3681 2161 adhi-

1974 2202 2093 2260 bito
2122 2204 2304 2279 cernit
2330 2220 2389 2261 se
2420 2209 2601 2262 totum
2628 2202 2913 2274 sanguine
2932 2206 3327 2259 cruentatum:
3352 2197 3685 2266 timensque

1974 2310 2046 2351 ne
2085 2293 2273 2351 scelus
2328 2310 2503 2353 suum
2556 2294 2868 2366 patefieret,
2910 2290 3189 2363 abjectam
3240 2305 3274 2345 a
3321 2304 3381 2345 se
3424 2285 3683 2345 tabulam

1973 2383 2195 2441 abdidit
2242 2384 2303 2441 in
2350 2384 2631 2453 obscuris,
2685 2399 2791 2440 nec
2840 2398 3018 2439 ausus
3049 2388 3133 2438 est
3170 2381 3321 2437 ultra
3352 2377 3687 2448 contingere

1974 2473 2131 2546 quod
2184 2472 2386 2545 inique
2450 2473 2817 2547 praesumpsit
2889 2470 3139 2529 auferre.
3209 2468 3523 2525 Venientes
3577 2481 3685 2522 au-

1976 2568 2089 2620 tem
2123 2563 2436 2621 Christiani
2467 2563 2726 2620 diluculo
2773 2561 2844 2619 ad
2894 2560 3131 2617 domum
3180 2557 3303 2626 Dei,
3347 2555 3633 2636 iconicam
3661 2555 3683 2590 ἀ

1977 2668 2093 2709 non
2150 2651 2478 2720 inveniunt,
2536 2657 2944 2723 stupentesque
2998 2664 3061 2705 ac
3122 2645 3481 2720 requirentes
3531 2643 3685 2714 quod

1978 2742 2447 2811 fuerat_factum,
2492 2740 2712 2799 Cruosis
2750 2735 3479 2812 vestigia-deprehendunt.
3521 2730 3685 2801 Quod

1978 2839 2302 2905 sequentes,
2318 2831 2389 2889 ad
2425 2831 2665 2889 domum
2702 2829 2895 2887 Judrni
2920 2827 3220 2885 accedunt.
3255 2824 3519 2896 Denique
3542 2821 3686 2879 scis-

1978 2920 2134 2979 citati
2164 2920 2235 2977 de
2263 2920 2474 2989 tabula,
2506 2919 2655 2975 nihil
2695 2918 2835 2975 certi
2874 2920 3247 2988 cognoscunt.
3300 2911 3690 2984 Requirentes

1980 3016 2174 3069 autem
2206 3024 2332 3067 eam
2366 3008 2628 3079 sollicite,
2677 3006 2736 3063 in
2777 3005 2992 3077 angulo
3037 3002 3267 3061 cellulze
3295 2999 3489 3059 Judaei
3522 3014 3692 3072 repe-

1978 3102 2137 3160 riunt
2167 3119 2179 3158 :
2216 3116 2333 3175 qua
2364 3099 2624 3158 ecclesia}
2654 3096 2898 3167 reddita,
2930 3096 3123 3154 furem
3150 3090 3449 3165 lapidibus
3475 3090 3691 3149 obrue-

1982 3194 2139 3248 runt.

2583 3271 2829 3332 CAPUT
2871 3268 3084 3328 XXIII.

2381 3398 2457 3452 De
2491 3395 2749 3462 cruci/imo
2781 3392 2932 3463 apud
2959 3391 3290 3447 Narbonam.

2007 3580 2013 3585 ,
2060 3513 2160 3572 Est
2201 3517 2257 3571 et
2304 3511 2457 3585 apud
2502 3508 2939 3567 Narbonensem
2994 3506 3199 3564 urbem
3238 3505 3300 3562 in
3334 3502 3571 3562 ecclesia
3598 3517 3696 3559 se-

1989 3606 2172 3675 niore,
2208 3619 2341 3678 qum
2386 3602 2539 3660 beati
2579 3600 2811 3660 Genesii
2840 3599 3111 3673 martyris
3147 3598 3410 3672 reliquiis
3443 3595 3695 3671 plaudit,

1988 3694 2213 3768 pictura
2260 3707 2394 3766 quas
2432 3690 2747 3749 Dominum
2793 3695 3056 3747 nostrum
3095 3686 3260 3763 quasi
3313 3685 3698 3759 praecinctum

1994 3784 2173 3842 linteo
2199 3782 2415 3841 indicat
2442 3782 2812 3841 cruciﬁxum.
2855 3779 2998 3849 Quin
3033 3780 3251 3852 pictura
3294 3778 3438 3836 dum
3462 3775 3698 3833 assidue

1993 3878 2328 3933 cerneretur
2352 3888 2387 3930 a
2414 3870 2662 3945 populis,
2692 3870 2961 3944 apparuit
3005 3867 3232 3927 cuidam
3284 3867 3507 3926 Basileo
3531 3882 3698 3939 prcs-

1990 3966 2194 4039 bytero
2223 3979 2327 4037 per
2350 3964 2545 4022 visum
2575 3978 2821 4037 persona
2868 3961 3169 4031 terribilis,
3202 3960 3398 4018 dicens
3432 3980 3445 4019 :
3480 3958 3700 4018 Omnes

1992 4148 2281 4189 mascenus
2317 4139 2452 4187 orat.
2486 4135 2514 4185 3
2546 4133 2611 4186 de
2632 4134 2835 4186 sanctis
2866 4133 3217 4196 Imaginibus.
3494 4158 3495 4161 η

2055 4209 2077 4240 ⁴
2110 4209 2225 4269 Alii,
2272 4207 2533 4266 iconiam,
2580 4218 2673 4257 seu
2710 4205 2943 4257 iconam.
2980 4204 3107 4265 Bal.,
3145 4206 3369 4255 iconem.
3404 4204 3704 4260 Retinenda

1992 4284 2179 4332 nostra
2233 4278 2411 4336 lectio,
2478 4290 2597 4342 quae
2656 4281 2739 4328 est
2801 4278 3159 4330 vetustiorum
3218 4276 3348 4326 Edit.
3386 4280 3438 4328 et
3466 4277 3703 4341 scripto—

1994 4364 2136 4404 rum.
2194 4351 2276 4401 Sic
2326 4350 2472 4399 enim
2521 4348 2598 4399 illi
2649 4351 2900 4400 auctores
2940 4345 3253 4398 scribebant
3286 4347 3352 4398 ad
3399 4348 3700 4411 designan-

409 4421 699 4494 glnsignia
770 4423 1047 4494 vet_erum_
1081 4421 1353 4494 reservari
1442 4421 1509 4471 ad
1564 4424 1970 4494 posterorumD
1994 4423 2116 4475 dam
2177 4421 2499 4494 imaginem.
2544 4422 2826 4494 utmsupra
2879 4422 2931 4469 in
2978 4430 3095 4494 cap.
3155 4417 3329 4494 titulo,
3360 4421 3439 4494 _et
3487 4419 3544 4469 in
3569 4418 3704 4469 Vitis

213 4493 546 4549 memoriam,
602 4491 815 4540 illorum
860 4488 1097 4547 honoris,
1143 4489 1337 4540 horum
1369 4500 1497 4540 vero
1543 4491 1742 4541 amoris
1765 4488 1963 4543 indi-—
1995 4495 2223 4553 Patrum,
2270 4503 2389 4554 cap.
2452 4490 2526 4540 12.
2591 4490 2721 4541 Hinc
2782 4490 3022 4547 manavit
3082 4488 3414 4540 consuetudo
3485 4501 3703 4541 sacram

215 4564 359 4616 cium
407 4563 505 4611 est.
561 4579 584 4599 ιι
613 4559 773 4608 Porro
813 4557 1058 4608 Julianus
1100 4558 1366 4620 Apostata.
1410 4561 1467 4608 ut
1521 4559 1688 4610 refert
1746 4561 1908 4613 Sozo-

214 4644 409 4686 melius
462 4629 555 4681 lib.
600 4640 633 4676 v
683 4640 800 4691 cap.
842 4628 919 4684 2i,
974 4626 1118 4679 hanc
1148 4627 1340 4679 Christi
1367 4629 1657 4681 Salvatoris
1682 4635 1909 4684 statuam

213 4703 429 4764 evertit,
515 4710 779 4764 suamque
841 4698 1014 4762 ipsius
1072 4697 1149 4748 illi
1212 4698 1505 4751 substituit.
1562 4701 1663 4754 Sed
1713 4704 1907 4766 statim,

214 4773 391 4837 inquit
436 4769 546 4830 ille,
605 4769 748 4833 ignis
787 4781 817 4820 e
865 4767 1000 4820 cmlo
1038 4768 1221 4833 lapsus
1253 4773 1441 4834 pectus
1470 4776 1657 4824 statuae
1692 4778 1743 4826 et
1778 4776 1907 4825 vici-

213 4858 313 4898 nas
361 4842 570 4909 pectori
623 4846 807 4907 partes
844 4840 1076 4899 discidit,
1125 4846 1394 4906 caputque
1430 4855 1549 4895 cum
1582 4845 1723 4896 collo
1758 4848 1911 4910 deje-

216 4917 308 4977 cit,
369 4918 421 4967 et
478 4927 707 4979 pronum
760 4912 906 4963 humi
961 4911 1153 4973 inﬁxit,
1203 4918 1365 4977 atque
1413 4928 1483 4966 ex
1549 4928 1615 4968 eo
1670 4920 1912 4980 tempore

214 4986 479 5039 remansit
556 4985 781 5048 fuligine
858 4982 1101 5035 fulminis
1185 4986 1373 5037 obsita.
1463 4986 1652 5050 Pagani
1735 4991 1913 5039 tamen

218 5058 414 5109 Christi
465 5059 691 5108 statuam
752 5067 854 5119 per
936 5055 1125 5107 urbem
1184 5057 1460 5109 trahentes
1502 5059 1913 5121 confregerunt,

142 5176 143 5179 η
215 5142 377 5193 quam
430 5132 619 5190 postea
672 5127 959 5178 Christiani
1017 5127 1295 5180 collectam
1355 5130 1408 5180 in
1473 5131 1709 5181 ecclesia
1742 5142 1909 5193 repo-

216 5203 463 5251 suerunt.
528 5198 815 5263 Utramque
863 5201 1110 5257 statuam,
1191 5201 1380 5251 Christi
1437 5202 1639 5252 scilicet
1710 5202 1913 5252 Domini

216 5270 272 5322 in
326 5269 574 5329 ecclesia,
640 5272 691 5321 et
771 5270 1031 5332 Apostatae
1107 5271 1333 5335 fuligine
1400 5272 1755 5324 deformatam
1817 5286 1914 5325 suo

216 5346 459 5404 tempore
514 5352 901 5405 perseverasse
944 5344 1172 5393 testatur
1228 5344 1367 5393 idem
1425 5344 1773 5403 Sozomenus,
1822 5346 1912 5407 qui

217 5412 318 5465 sub
353 5412 652 5465 Theodosio
698 5412 913 5475 juniore
944 5412 1186 5472 florebat,
1226 5415 1279 5465 id
1317 5418 1397 5465 est
1428 5420 1643 5466 centum
1678 5420 1729 5465 et
1754 5416 1915 5479 paulo

215 5484 449 5547 amplius
482 5485 656 5544 annis,
685 5488 966 5547 antequam
996 5485 1285 5549 Gzegorius
1317 5490 1499 5537 noster
1536 5485 1817 5536 scriberet.

278 5564 295 5585 ⁸
327 5556 567 5609 Celebris
613 5559 729 5608 erat
782 5554 925 5619 apud
978 5555 1291 5608 Damascum
1342 5556 1605 5609 Theodori
1660 5558 1913 5620 martyris

214 5629 411 5701 statua,
459 5638 657 5701 quae/7a
706 5626 1004 5679 Sarraceno
1045 5628 1277 5688 quodam
1313 5628 1422 5680 telo
1474 5639 1738 5701 percussa
1773 5641 1907 5701 san-

212 5699 437 5765 guinem
487 5699 771 5761 effuderat,
826 5702 884 5752 ut
955 5702 1184 5753 teatatur
1238 5704 1457 5753 sanctus
1508 5699 1741 5754 Joannes
1804 5700 1910 5753 Da-

1992 4565 2187 4615 Cltristt
2240 4562 2529 4624 imaginem
2591 4560 2922 4618 Veronicam,
2974 4561 3126 4624 quasi
3182 4572 3370 4611 veram
3406 4561 3699 4622 iconicam,

1994 4633 2324 4699 appellandi,
2369 4634 2427 4683 ut
2476 4644 2542 4683 ex
2588 4630 2958 4695 compluribus
3006 4631 3316 4681 auctoribus
3370 4629 3557 4692 probat
3592 4643 3700 4681 no-

1996 4711 2110 4759 ster
2158 4703 2498 4756 Mabillonius
2554 4704 2767 4754 itineris
2810 4703 2975 4754 ltalici
3023 4715 3143 4766 pag.
3210 4702 3270 4752 88
3320 4704 3371 4752 et
3403 4703 3481 4753 89.
3532 4702 3701 4760 Quam

1995 4780 2177 4829 tamen
2235 4786 2423 4826 vocem
2496 4774 2747 4826 nonnulli
2810 4773 3058 4826 mulieris
3112 4785 3238 4825 esse
3271 4785 3473 4824 nomen
3507 4778 3704 4836 postea

1996 4848 2386 4906 existimantes,
2463 4845 2773 4896 Veronicam
2869 4845 3147 4895 finxerunt
3207 4846 3348 4907 piam
3419 4842 3699 4903 feminam,

1996 4933 2114 4984 quae
2165 4918 2371 4969 Christo
2424 4916 2490 4967 ad
2544 4916 2794 4966 Calvariae
2847 4922 3087 4968 montem
3130 4916 3445 4967 ascendenti
3480 4914 3702 4967 obviam

1997 5002 2309 5047 occurrens,
2353 4988 2474 5052 ejus
2510 4999 2676 5038 sacrae
2712 4986 2868 5038 faciei
2928 4999 3087 5050 quam
3120 4988 3426 5039 exterserat
3459 4986 3704 5049 efﬁgiem

1998 5061 2057 5111 in
2106 5058 2378 5111 sudariolo
2427 5060 2746 5122 impressam
2799 5059 3086 5120 receperit.
3144 5057 3291 5108 Unde
3337 5068 3537 5108 nomen
3571 5069 3698 5107 san-

1998 5135 2095 5183 ctae
2152 5129 2422 5181 Veronicae
2472 5130 2525 5197 in
2583 5129 2787 5192 aliquot
2832 5128 3209 5193 Martyrologia
3269 5129 3538 5178 invectum
3597 5132 3698 5179 est.

1996 5203 2097 5254 Sed
2150 5216 2216 5253 ne
2272 5203 2321 5250 in
2379 5202 2675 5253 Romanum
2729 5200 3102 5252 admitteretur
3149 5200 3354 5251 obstitit
3412 5199 3703 5260 Baronius,

1995 5287 2117 5326 cum
2171 5273 2294 5323 aliis
2344 5273 2477 5322 viris
2530 5272 2775 5322 eruditis.
2830 5272 2963 5322 Hinc
3006 5272 3188 5321 mirari
3214 5271 3360 5322 'subit
3396 5270 3696 5321 Bollandia-

1995 5346 2082 5396 nis
2122 5344 2341 5395 crimini
2389 5344 2569 5393 datum
2622 5343 2792 5393 fuisse
2822 5355 2852 5393 a
2887 5343 3201 5399 Carmelitis,
3249 5342 3395 5406 quod
3430 5342 3499 5395 de
3529 5343 3699 5393 Vero—

1996 5416 2118 5467 nica
2149 5414 2377 5466 muliere
2414 5414 2565 5479 quasi
2597 5414 2907 5465 dubitanter
2956 5415 3118 5465 locuti
3154 5414 3369 5464 fuerint.
3404 5413 3457 5464 Et
3481 5414 3703 5477 quidem

1996 5488 2264 5546 Nicolaus,
2319 5486 2521 5549 aliique
2568 5486 2881 5548 complures
2935 5485 3220 5546 pontifices
3269 5486 3487 5536 Romani
3527 5486 3703 5546 ipsam

1993 5557 2191 5609 Christi
2249 5557 2452 5609 Domini
2512 5558 2805 5619 imaginem
2852 5556 3018 5619 vulgo
3062 5556 3379 5608 Veronicam
3434 5556 3703 5620 appellari

1994 5632 2173 5682 testati
2229 5632 2368 5681 sunt.
2424 5629 2549 5681 Vide
2613 5628 2957 5694 Papebrochii
3013 5630 3427 5693 responsionem
3474 5628 3540 5678 ad
3594 5641 3705 5679 ex-

1993 5702 2309 5756 bibitionem
2337 5714 2585 5775 errorum
2615 5714 2714 5766 per
2744 5700 3116 5755 Sebastianum
3149 5714 3181 5754 a
3224 5701 3417 5754 Sancto
3452 5698 3631 5753 Paulo.
