3982 6346
145 263 250 320 7‘25

1036 262 1589 324 MIBACULORUM
1626 263 1766 322 LIB.
1812 262 1859 321 Ι.
1907 260 1997 321 DE
2035 260 2314 321 GLORIA
2353 258 2823 319 MABTYBUM..

3551 262 3657 321 726

98 384 109 463 ς
146 401 247 443 vos
303 386 515 444 obtecti
551 387 689 445 estis
746 388 922 447 variis
969 389 1352 461 indumentis,
1400 395 1455 447 et
1502 404 1593 447 me
1642 389 1923 461 jugiterA
1944 394 2008 445 ut
2058 387 2228 446 initio
2271 387 2597 461 produntur
2650 384 2864 454 nescio,
2909 386 2989 443 ita
3045 390 3100 443 et
3138 385 3253 444 ﬁne
3300 386 3658 448 clauduntur

96 498 103 559 μ
145 481 297 539 746
335 476 565 535 nudum
591 477 867 549 aspicitis.
899 480 1056 538 Vade
1109 480 1471 553 quantocius,
1513 480 1739 553 coeperi
1774 495 1865 537 me

145 566 523 623 vestimento.
562 566 634 623 Et
678 568 975 641 presbyter
1033 584 1146 625 non
1188 568 1518 641 intelligens
1555 567 1864 638 visionem,

144 654 279 710 data
312 654 411 712 die
463 670 831 727 nequaquam
876 673 949 714 ex
985 672 1049 714 ea
1096 674 1157 714 re
1184 666 1534 715 memoratus
1579 662 1682 715 est.
1714 656 1865 715 Rur-

90 764 109 775 -
146 758 408 815 sumque
434 744 702 816 apparuit
745 745 835 815 ei;
890 746 987 803 sed
1019 746 1243 805 etillud
1296 747 1677 820 parvipendit.
1736 747 1869 804 Post

88 826 89 869 ἶ
150 833 396 891 tertium
428 841 623 891 autem
668 834 822 892 diem
856 837 1125 894 secundae
1154 836 1419 906 visionis,
1460 838 1734 909 gravibus
1771 854 1875 894 ex-

149 922 413 978 cruciate
460 936 525 978 eo
554 922 914 994 verberibus,
948 924 1061 981 ait:
1098 924 1305 983 Nonne
1344 925 1609 984 dixeram
1655 926 1760 983 tibi
1812 932 1875 984 ut

151 1008 415 1078 operires
446 1024 536 1066 me
574 1010 930 1081 vestimento,
965 1028 1038 1069 ne
1070 1029 1332 1071 cernerer
1360 1015 1551 1074 nudus
1586 1034 1600 1073 :
1640 1022 1693 1072 et
1723 1016 1872 1073 nihil

150 1111 225 1153 ex
268 1096 380 1153 hoc
411 1113 443 1153 a
489 1105 540 1152 te
569 1104 760 1155 actum
805 1099 945 1157 est?
990 1100 1165 1170 Vade,
1198 1101 1410 1174 inquit,
1447 1108 1502 1161 et
1528 1109 1653 1176 tege
1692 1103 1869 1162 linteo

149 1184 443 1257 picturam
488 1184 673 1258 illam,
706 1187 768 1244 in
810 1204 923 1262 qua
968 1190 1287 1249 cruciﬁxus
1331 1207 1593 1264 appareo,
1647 1208 1718 1250 ne
1764 1193 1869 1250 tibi

150 1272 329 1329 velox
386 1275 759 1345 superveniat
808 1276 1103 1336 interitus.
1158 1280 1233 1337 At
1272 1279 1372 1337 ille
1416 1288 1760 1356 commotus,
1816 1288 1871 1340 et

149 1364 322 1425 valde
385 1376 669 1439 metuens,
716 1374 971 1431 narravit
1017 1390 1082 1431 ea
1126 1376 1411 1448 episcopo,
1451 1378 1552 1449 qui
1607 1377 1868 1450 protinus

141 1456 321 1527 jussit
376 1458 627 1531 desuper
675 1461 870 1519 velum
918 1463 1171 1535 expandi
1222 1471 1279 1521 et
1329 1466 1411 1523 sic
1446 1466 1868 1525 obtecta‘nunc

148 1545 379 1615 pictura
414 1547 730 1620 suspicitur
754 1561 799 1604 ι.
849 1550 995 1607 Nam
1037 1557 1093 1607 et
1139 1552 1189 1609 si
1238 1568 1548 1627 parumper
1573 1555 1869 1627 detegatur

148 1634 218 1690 ad
250 1635 790 1709 contemplandum,
824 1654 963 1697 mox
989 1639 1239 1699 demisso
1270 1643 1398 1701 velo
1427 1644 1769 1718 contegitur,
1794 1661 1868 1703 ne

150 1725 374 1783 detecta
405 1732 697 1786 cernatur.

515 1959 520 1962 _
760 1876 1005 1936 CAPUT
1039 1878 1246 1937 xxrv.

358 1986 576 2054 Insigne
614 1989 939 2043 miraculum
969 1988 1034 2042 de
1061 1989 1307 2054 fontibus
1337 1990 1638 2060 Hispaniae.

208 2097 313 2155 Est
343 2097 366 2126 ⁵
390 2104 444 2156 et
482 2098 631 2159 illud
671 2100 899 2159 illustre
925 2102 1274 2160 miraculum
1306 2104 1375 2161 de
1418 2103 1676 2162 fontibus
1722 2102 1855 2161 His-

138 2180 358 2268 paniae,
435 2212 580 2269 quos
636 2196 937 2254 Lusitania
992 2196 1293 2270 provincia
1346 2198 1577 2270 profert.
1628 2196 1857 2254 Piscina

140 2301 401 2360 namque
430 2293 511 2343 est
541 2286 692 2359 apud
722 2286 871 2346 Osen
899 2298 918 2323 °
954 2303 1225 2360 campum
1264 2287 1587 2362 antiquitus
1634 2286 1856 2359 sculpta

139 2384 195 2434 et
223 2393 303 2435 ex
335 2393 622 2435 marmore
652 2378 812 2435 vario
842 2379 901 2435 in
929 2378 1167 2436 modum
1199 2379 1405 2448 crucis,
1435 2378 1583 2435 miro
1621 2392 1854 2449 compo-

138 2466 249 2523 sita
276 2483 466 2541 opere.
505 2466 615 2525 Sed
646 2475 701 2524 et
743 2468 895 2525 {edes
938 2484 1164 2541 magum
1204 2468 1477 2525 claritatis
1520 2482 1582 2524 ac
1621 2466 1856 2524 celsitu-

139 2556 300 2614 dinis
334 2554 581 2629 desuper
604 2572 637 2613 a
667 2555 1009 2613 Christianis
1034 2561 1361 2613 constructa
1378 2561 1481 2611 est.
1510 2554 1698 2625 Igitur
1719 2570 1855 2612 cum

96 2716 97 2725 χ
137 2646 263 2703 dies
294 2660 453 2702 sacer
498 2650 627 2717 post
656 2644 940 2703 circulum
980 2645 1121 2702 anni
1173 2644 1501 2702 decedentis
1533 2643 1851 2715 advenerit,

138 2752 255 2810 quo
290 2736 578 2794 Dominus
603 2736 844 2794 confuso
880 2736 1168 2809 proditore
1207 2734 1509 2811 mysticam
1554 2733 1853 2806 discipulis

137 2825 389 2898 praebuit
438 2840 683 2895 ccenam,
738 2825 1097 2883 conveniunt
1158 2824 1220 2881 in
1272 2824 1458 2881 locum
1506 2821 1675 2878 illum
1715 2836 1846 2880 cum

135 2913 413 2985 pontifice
453 2913 630 2982 cives,
668 2911 787 2985 jam
816 2911 1049 2969 odorem
1077 2913 1221 2970 sacri
1254 2910 1688 2984 praesenticntes
1720 2924 1847 2967 aro-

136 3011 331 3068 matis.
364 3011 531 3068 Tunc
573 3009 703 3067 data
741 3011 999 3068 oratione
1038 3026 1071 3067 a
1110 3009 1416 3076 sacerdote,
1467 3008 1612 3065 ostia
1650 3006 1847 3079 templi

1947 476 2168 549 ignaro.

2565 559 2808 620 CAPUT
2858 561 3038 621 XXV.

2088 670 2164 723 De
2193 668 2457 723 hmeticis
2489 670 2587 738 qui
2612 684 2719 723 non
2764 669 3133 724 adhibuerunt
3172 671 3288 725 illis
3330 671 3511 740 ﬁdem.

2028 774 2275 843 Quidam
2326 790 2463 831 vero
2509 789 2583 831 ex
2616 774 2923 833 'iizereticis
2976 778 3156 833 Deum
3210 792 3322 833 non
3370 784 3655 848 metuens,

1956 881 2145 938 neque
2173 864 2601 921 venerationem
2630 870 2905 935 praestans
2927 864 3064 922 huic
3092 865 3214 922 loco
3234 872 3659 939 sancto,neque

1953 954 2191 1011 credens
2219 953 2387 1010 corde
2438 951 2807 1021 miraculum,
2850 952 3004 1025 quod
3062 952 3121 1009 in
3160 968 3226 1010 eo
3276 953 3559 1013 Dominus
3587 957 3659 1014 ad

1951 1044 2428 1101 corroborandam
2461 1059 2698 1101 suorum
2730 1045 2903 1101 iidem
2937 1054 3204 1118 praestare
3252 1048 3526 1120 dignatus
3556 1058 3658 1123 est,

1951 1147 2067 1189 non
2092 1131 2293 1189 silebo.
2324 1130 2496 1187 Venit
2515 1146 2649 1189 cum
2684 1133 2849 1189 turba
2868 1148 3169 1206 equorum,
3204 1134 3406 1193 solutis
3428 1153 3661 1211 quoque

1951 1220 2381 1293 impedimentis
2405 1220 2579 1293 jussit
2613 1220 2671 1276 in
2705 1220 3000 1277 basilicam
3052 1224 3205 1293 poni,
3250 1225 3662 1301 equitibusque

1957 1310 2039 1381 {Id
2082 1316 2179 1380 est,
2233 1308 2413 1383 equis]
2464 1309 2522 1365 in
2564 1324 2629 1365 ea
2679 1310 2955 1382 przescpia
3020 1314 3353 1383 praeparari,
3414 1314 3661 1372 irridens

1952 1401 2129 1459 miser
2158 1417 2288 1474 quae
2336 1400 2405 1457 de
2436 1401 2543 1457 hoc
2592 1400 2713 1457 loco
2744 1401 3126 1459 narrabantur
3158 1403 3230 1460 ab
3274 1404 3499 1462 incolis.
3544 1406 3658 1477 Igi-

1951 1497 2049 1549 tur
2090 1491 2279 1548 media
2331 1496 2494 1547 nocte
2522 1496 2924 1563 praetereunte,
2975 1507 3007 1547 a
3047 1492 3203 1549 febre
3233 1493 3560 1565 corripitur,
3595 1510 3661 1551 ac

1952 1594 2096 1651 pene
2127 1578 2435 1647 exanimis,
2467 1583 2521 1633 et
2564 1577 2783 1634 tardius
2832 1594 3009 1650 quam
3040 1578 3314 1637 debuerat
3345 1581 3653 1653 paenitens,

1951 1666 2237 1723 exclamat
2266 1666 2491 1739 equites
2517 1664 2589 1722 ab
2616 1664 2739 1721 sede
2770 1665 3032 1737 expelli;
3074 1674 3192 1723 erat
3239 1668 3399 1725 enim
3439 1668 3512 1739 ei,
3548 1668 3657 1727 sub

1870 1748 1917 1809 B
1941 1772 2073 1828 rege
2108 1755 2256 1823 licet,
2295 1770 2501 1827 magna
2526 1761 2717 1812 tamen
2750 1754 2811 1812 in
2840 1755 2940 1812 illa
2974 1757 3207 1829 regione
3238 1764 3501 1831 potestas.
3533 1759 3653 1817 Ex-

1941 1844 2243 1919 pulsisque
2266 1861 2298 1901 a
2334 1843 2565 1901 basilica
2585 1850 2777 1902 sancta
2806 1845 3119 1918 equitibus,
3148 1847 3219 1903 ad
3242 1862 3301 1904 se
3339 1862 3655 1906 conversus

1940 1936 2112 2007 coepit
2150 1933 2422 1992 dentibus
2467 1933 2766 2007 proprium
2810 1934 3059 1992 lacerare
3086 1936 3515 2007 corpusculum,
3548 1953 3655 1995 nec

1939 2041 2175 2099 prorsus
2204 2024 2439 2082 retineri
2469 2040 2502 2081 a
2532 2024 2655 2082 suis
2699 2024 2772 2081 ob
2801 2026 3043 2084 nimiam
3075 2031 3292 2097 poterat
3334 2025 3650 2083 debaccha-

1940 2114 2176 2171 tionem.
2226 2111 2605 2185 Tandemque
2658 2118 2800 2175 748
2828 2128 3150 2186 oppressus,
3204 2113 3357 2170 inter
3410 2129 3648 2173 suorum

1938 2190 2149 2261 manus
2177 2203 2445 2275 spiritum
2472 2203 2790 2261 exhalavit.

2015 2294 2273 2367 Denique
2313 2293 2753 2367 Theodegisilus
2782 2303 2799 2323 '
2832 2294 3008 2368 hujus
3043 2308 3146 2351 rex
3191 2294 3464 2367 regionis,
3512 2312 3648 2355 cum

1938 2382 2174 2441 vidisset
2207 2383 2313 2439 hoc
2345 2383 2693 2442 miraculum
2722 2383 2875 2456 quod
2902 2382 2965 2439 in
2987 2382 3079 2440 his
3105 2382 3339 2440 sacratis
3370 2383 3486 2442 Deo
3524 2386 3648 2442 fon-

1939 2474 2095 2531 tibus
2120 2473 2444 2545 gerebatur,
2475 2474 2747 2545 cogitavit
2794 2474 2944 2531 intra
2975 2488 3034 2530 se
3061 2473 3276 2541 dicens,
3312 2474 3449 2548 quia
3480 2475 3644 2548 inge-

1937 2564 2106 2622 nium
2133 2568 2217 2619 est
2264 2562 2661 2621 Romanorum
2692 2564 3002 2633 (Romanos
3038 2563 3197 2620 enim
3237 2564 3489 2621 vocitant
3540 2565 3647 2623 lio-

1940 2653 2126 2710 mines
2170 2656 2380 2710 nostrm
2406 2653 2728 2725 religionis)
2784 2658 2850 2711 ut
2878 2653 2955 2710 ita
3005 2654 3244 2725 accidat,
3291 2659 3346 2712 et
3389 2670 3506 2713 non
3562 2662 3649 2713 est

1935 2743 2037 2802 Dei
2071 2742 2275 2801 virtus.
2327 2743 2580 2801 Veniens
2625 2761 2762 2803 vero
2786 2745 2856 2802 ad
2908 2761 3130 2804 annum
3168 2754 3528 2819 sequentem,
3558 2763 3644 2807 os-

1932 2839 2083 2898 tium
2113 2829 2321 2912 sigillis
2353 2840 2474 2898 suis
2505 2855 2638 2898 cum
2676 2840 2927 2913 episcopi
2976 2840 3169 2913 sigillo
3216 2843 3491 2913 munivit,
3538 2860 3639 2917 po-

1932 2930 2163 3002 suitque
2196 2930 2459 2987 custodes
2490 2930 2549 2986 in
2580 2929 2826 2989 circuitu
2861 2930 3080 3004 templi,
3118 2932 3166 2989 si
3207 2933 3349 2990 forte
3385 2934 3642 3008 aliquem

1929 3017 2357 3088 deprehendere
2384 3024 2573 3090 posset
2612 3018 2833 3075 fraudis
2875 3018 3123 3092 alicujus
3164 3022 3481 3088 conscium,
3539 3038 3639 3095 per

128 3098 345 3171 jubent
370 3098 549 3156 simul
580 3099 799 3157 muniri
829 3097 1165 3169 signaculis,
1206 3103 1348 3161 747
1378 3094 1693 3154 adventum
1728 3096 1899 3165 τίν-Ο
1921 3109 2088 3180 cujus
2118 3108 2423 3180 ingenium
2453 3107 2513 3163 in
2534 3107 2790 3164 fontibus
2810 3124 2958 3180 aqua
2975 3109 3319 3167 succederet.
3357 3094 3640 3170 Similiter

133 3194 275 3251 tutis
307 3192 601 3251 dominica
648 3192 1059 3266 praestolantes.
1096 3190 1200 3249 Die
1227 3195 1421 3248 autem
1468 3192 1652 3262 tertia,
1686 3191 1841 3265 quod

132 3294 217 3344 est
256 3286 501 3355 sabbati,
536 3283 1018 3343 convenientibus
1056 3284 1125 3341 ad
1154 3283 1564 3355 baptizandum
1592 3284 1838 3357 pepulis,

132 3376 454 3434 adveniens
480 3374 780 3448 episcopus
812 3388 945 3431 cum
984 3373 1211 3431 civibus
1253 3373 1395 3443 suis,
1446 3373 1719 3446 inspectis
1761 3374 1841 3431 si-

132 3463 420 3538 gnaculis,
448 3462 594 3521 ostia
617 3467 831 3519 reserat
857 3460 1072 3519 clausa.
1104 3463 1188 3519 Ac
1217 3460 1433 3518 mirum
1461 3461 1638 3531 dictu,
1677 3461 1843 3534 pisci-

132 3569 271 3611 nam
296 3567 473 3626 quam
503 3551 859 3627 reliquerant
879 3566 1140 3621 vacuam,
1189 3550 1483 3623 reperiunt
1506 3549 1755 3623 plenam,
1787 3554 1844 3607 et

130 3644 210 3701 ita
235 3642 473 3699 cumulo
504 3641 709 3699 altiore
758 3641 1045 3709 refertam,
1092 3645 1156 3697 ut
1188 3639 1329 3697 solet
1376 3654 1547 3711 super
1580 3654 1678 3696 ora
1717 3652 1841 3695 mo-

131 3731 368 3789 diorum
403 3731 661 3788 triticum
686 3730 983 3803 aggregari
1014 3749 1026 3787 :
1064 3728 1379 3803 Videasque
1416 3730 1539 3786 huc
1582 3728 1841 3801 illucque

132 3822 335 3881 latices
377 3821 675 3891 ﬂuctuare,
726 3835 831 3877 nec
878 3825 1099 3893 partem
1140 3818 1201 3875 in
1243 3817 1531 3875 diversam
1562 3818 1833 3875 deﬂuere.

125 3913 292 3971 Tunc
322 3928 455 3970 cum
492 3910 815 3969 exorcismo
844 3910 1283 3978 sanctiﬁcatum,
1323 3923 1695 3981 conspersum
1734 3908 1834 3965 de-

127 4020 305 4077 super
334 4002 607 4071 chrisma,
659 4001 849 4059 omnis
872 4000 1118 4073 populus
1140 4013 1243 4072 pro
1268 3998 1571 4055 devotione
1617 3998 1831 4068 haurit;

124 4100 177 4152 et
209 4109 314 4151 vas
362 4092 599 4165 plenum
642 4090 800 4149 domi
854 4106 952 4160 pro
995 4088 1309 4148 salvatione
1366 4093 1631 4160 reportat,
1669 4102 1835 4160 agros

124 4184 444 4257 vineasque
472 4181 802 4254 aspersione
820 4180 1204 4239 saluberrima
1229 4183 1516 4237 tutaturus
1540 4180 1583 4235 ἀ.
1606 4178 1674 4235 Et
1704 4193 1837 4236 cum

124 4276 343 4336 exinde
371 4273 688 4332 multitudo
713 4273 1125 4345 amphorarum
1155 4270 1279 4327 sine
1317 4270 1552 4327 collecto
1592 4284 1837 4328 numero

121 4365 449 4429 hauriatur,
482 4378 783 4437 nunquam
812 4368 999 4419 tamen
1031 4361 1122 4420 vel
1154 4360 1456 4420 cumulum
1490 4362 1732 4420 minuit:
1770 4361 1837 4420 li-

122 4461 209 4512 cet
239 4453 345 4512 ubi
372 4453 568 4510 infans
594 4451 818 4525 primus
846 4451 1125 4509 intinctus
1156 4450 1349 4519 fuerit,
1393 4464 1528 4507 mox
1567 4465 1715 4523 aqua
1743 4466 1897 4527 re-D

122 4542 383 4613 ducitur,
414 4546 466 4599 et
486 4540 787 4614 baptizatis
810 4540 1108 4613 omnibus,
1128 4538 1382 4613 lymphis
1403 4538 1463 4597 in
1485 4555 1545 4597 se
1564 4539 1831 4611 reversis,

182 4704 202 4725 ·
238 4692 449 4746 Exinde
505 4692 739 4745 fortasse
793 4692 1132 4745 consuetudo
1178 4692 1436 4752 manavit,
1493 4693 1553 4741 ut
1585 4690 1831 4745 Christus

121 4766 388 4818 Dominus
444 4767 498 4814 in
562 4776 727 4815 cruce
802 4764 1047 4827 pendens
1123 4762 1352 4815 vestitus
1419 4762 1831 4826 depingeretur.

120 4838 286 4888 Certe
327 4848 412 4887 me
454 4847 563 4886 non
618 4833 790 4885 semel
843 4834 1045 4887 vidisse
1095 4834 1319 4885 memini
1364 4834 1684 4885 crucifixum
1726 4834 1831 4885 Do-

119 4909 335 4958 minum
371 4909 523 4958 veste
569 4904 725 4955 talari
769 4904 1013 4956 indutum
1069 4907 1213 4967 apud
1253 4903 1479 4955 Rhemos
1516 4904 1571 4954 in
1600 4904 1834 4957 ecclesia

118 4977 418 5039 collegiata
467 4978 669 5037 sanctae
719 4975 1015 5033 Balsamize,
1070 4987 1186 5032 seu,
1242 4978 1299 5026 ut
1356 4977 1569 5034 vocant,
1633 4978 1830 5027 sanctae

116 5051 376 5101 Nutricis.
439 5047 582 5105 (Hec
642 5047 786 5098 enim
848 5047 1063 5098 beatum
1144 5045 1441 5109 Remigium
1498 5046 1829 5098 enutrivisse

115 5120 367 5181 dicitur.)
419 5117 563 5168 Alias
614 5118 883 5179 ejusmodi
937 5118 1204 5181 imagines
1263 5129 1324 5169 se
1358 5116 1561 5170 vidisse
1596 5118 1830 5169 testatur

114 5189 466 5243 Mabillonius
521 5188 577 5238 in
652 5189 970 5251 praefatione
1028 5189 1097 5240 ad
1160 5191 1286 5241 Acta
1344 5194 1652 5240 sanctorum
1708 5188 1824 5240 ord.

115 5260 346 5320 Bened.,
391 5270 515 5311 saec.
556 5269 637 5319 ιν,
677 5262 814 5323 part.
878 5272 914 5321 ι,
962 5271 1109 5310 num.
1166 5259 1247 5322 47,
1288 5260 1341 5311 et
1389 5259 1445 5310 in
1476 5256 1594 5309 Itin.
1628 5258 1828 5317 Italico,

112 5344 243 5396 pag.
292 5332 401 5382 133.

173 5404 197 5434 δ
232 5402 350 5455 Hoc
400 5404 560 5465 caput
602 5414 726 5455 cum
776 5402 952 5455 tribus
1016 5401 1369 5466 sequentibus
1410 5401 1563 5454 deest
1606 5403 1659 5454 in
1713 5401 1831 5456 Cla-

110 5488 253 5528 rom.
280 5485 329 5524 8.

178 5556 197 5576 ε
233 5544 352 5597 Non
400 5543 541 5596 alius
593 5544 697 5597 iste
746 5544 904 5598 locus
965 5544 1183 5598 videtur
1238 5557 1365 5599 esse
1415 5544 1481 5596 ab
1535 5542 1706 5605 Osser,
1734 5557 1830 5597 seu

114 5618 263 5679 Osci,
316 5628 489 5680 prope
541 5615 829 5679 Hispalim,
880 5617 949 5670 de
1001 5629 1109 5682 quo
1161 5618 1277 5682 ipse
1314 5616 1607 5680 Gregorius
1650 5615 1742 5667 lib.
1773 5629 1833 5670 vi

116 5686 373 5747 Historiae
422 5698 542 5753 cap.
590 5688 671 5743 43.
739 5687 977 5756 Hispana
1022 5701 1153 5745 vero
1207 5701 1279 5745 ex
1318 5689 1508 5744 Baetica
1553 5688 1835 5753 provincia

1924 3205 1981 3256 et
2033 3198 2148 3256 alio
2200 3198 2335 3255 fecit
2388 3212 2559 3278 anno.
2611 3197 2803 3255 Tertio
2842 3213 2977 3256 vero
3011 3206 3319 3257 convocata
3377 3200 3637 3259 virorum

1925 3290 2317 3356 multitudine,
2369 3288 2549 3345 fossas
2578 3287 2637 3343 in
2687 3287 2932 3346 circuitu
2980 3287 3235 3345 basilicae
3284 3289 3412 3346 ﬁeri
3437 3290 3634 3362 jussit,

1927 3390 2000 3432 ne
2029 3376 2172 3432 forte
2202 3373 2347 3446 togis
2398 3373 2547 3445 [Ed.,
2600 3372 2755 3445 locis]
2811 3372 3052 3431 occultis
3096 3373 3352 3447 lymphze
3386 3376 3631 3435 deduce-

1926 3468 2123 3522 rentur
2146 3462 2206 3519 in
2236 3462 2471 3519 fontem.
2506 3460 2879 3536 Fueruntque
2918 3463 3086 3519 fossa:
3115 3462 3173 3518 in
3218 3463 3507 3534 profundo
3540 3465 3630 3522 vi-

1923 3567 2133 3611 cenum
2165 3550 2412 3626 quinum
2441 3549 2671 3623 pedum,
2708 3551 2767 3607 in
2802 3550 3108 3609 latitudine
3152 3567 3286 3610 vero
3318 3553 3632 3625 quindece-

1924 3658 2091 3700 Iium.
2126 3640 2234 3699 Sed
2264 3639 2407 3696 nihil
2450 3638 2710 3696 abditum
2738 3638 2921 3711 potuit
2959 3638 3218 3712 reperiri.
3252 3639 3469 3698 Tamen
3496 3640 3631 3699 vitze

1925 3733 2099 3790 ﬁnem
2129 3732 2368 3802 faciens,
2400 3737 2453 3788 et
2476 3730 2649 3787 credo
2677 3746 2777 3803 pro
2809 3732 2983 3804 hujus
3011 3730 3411 3805 inquisitionis
3450 3737 3626 3789 teme-

1923 3824 2108 3892 ritate,
2137 3822 2275 3878 anni
2303 3822 2597 3893 sequentis
2625 3820 2780 3877 diem
2820 3837 2935 3895 quo
2962 3822 3068 3879 hoc
3106 3822 3446 3895 mysterium
3479 3822 3629 3879 cele-

1922 3914 2193 3971 brabatur
2220 3911 2413 3969 videre
2444 3926 2558 3969 non
2591 3913 2821 3983 meruit,
2854 3928 2920 3970 eo
2945 3912 3097 3985 quod
3123 3929 3399 3971 arcanum
3440 3914 3627 3971 virtu-

1926 4009 1995 4066 tis
2018 4010 2237 4066 divinas
2281 4007 2628 4077 investigare
2656 4008 3041 4079 praesumpsit.
3088 4007 3392 4067 Habentur
3433 4016 3626 4068 autem

1920 4098 1982 4157 in
2009 4115 2074 4157 ea
2105 4097 2366 4171 reliquiae
2394 4098 2571 4154 sancti
2607 4095 2881 4169 Stephani
2912 4096 3123 4158 levitze.

2496 4222 2739 4282 CAPUT
2824 4224 3029 4283 XXVI.

1917 4341 1993 4393 De
2018 4339 2114 4392 illo
2146 4338 2245 4407 qui
2263 4340 2487 4409 propter
2508 4341 2883 4408 perpetratum
2907 4339 3120 4403 furtum
3147 4338 3395 4408 nequivit
3419 4353 3623 4409 aquam

2656 4426 2900 4485 haurire.

1989 4536 2138 4610 Ergo
2167 4535 2308 4610 quia
2337 4535 2466 4594 fons
2493 4534 2591 4593 ille
2614 4534 2818 4593 divino
2848 4540 3017 4607 nutu,
3048 4542 3113 4595 ut
3137 4553 3309 4613 supra
3336 4538 3620 4615 diximus,

1918 4689 2261 4751 censebatur,
2305 4688 2465 4740 hodie
2508 4689 2808 4742 Andalusias
2854 4692 3012 4755 regni
3050 4696 3228 4757 caput.
3264 4692 3474 4746 Similes
3497 4694 3619 4747 ion-

1916 4764 1998 4815 tes
2046 4762 2099 4812 in
2155 4760 2337 4813 Galliis
2368 4761 2724 4822 habebantur,
2769 4762 2929 4824 intra,
2982 4764 3077 4816 lib.
3124 4765 3193 4819 de
3244 4766 3423 4818 Gloria
3466 4767 3620 4819 Geni.

1916 4844 2031 4896 cap.
2064 4832 2141 4882 69.
3056 4882 3059 4885 .

1975 4904 1997 4934 ⁴
2036 4904 2184 4967 Viget
2254 4904 2562 4957 etiamnunc
2636 4918 2700 4956 ea
2750 4906 3106 4967 consuetudo,
3180 4918 3359 4970 quam,
3423 4910 3483 4959 ut
3548 4921 3619 4961 ex

1913 4975 2015 5026 hoc
2065 4973 2187 5025 loco
2222 4978 2386 5039 patet,
2422 4988 2452 5025 a
2499 4976 2742 5038 patribus
2786 4976 2989 5025 nostris
3046 4976 3378 5039 accepimus,
3421 4989 3620 5041 aquam

1914 5047 1970 5097 in
2018 5044 2207 5108 vigilia
2267 5045 2481 5097 Pascbze
2538 5046 2878 5097 sacerdotum
2941 5046 3194 5109 precibus
3229 5047 3620 5099 sanctiﬁcatam

1913 5118 1969 5167 in
2020 5116 2209 5168 domos
2256 5116 2568 5179 reportandi
2625 5117 2690 5167 ad
2741 5120 2979 5167 tutamen
3031 5118 3294 5169 adversus
3324 5118 3620 5171 diabolicos

1916 5190 2189 5247 incursus,
2223 5190 2275 5238 et
2323 5187 2387 5237 ad
2422 5199 2705 5238 aerearum
2748 5188 3077 5250 potestatum
3123 5190 3347 5242 insidias
3384 5190 3619 5254 abigen-

1915 5260 2028 5311 das.
2064 5257 2191 5307 Vide
2228 5257 2392 5307 Vitam
2436 5258 2609 5309 sancti
2660 5258 2869 5309 Caesarii
2896 5261 3084 5323 episc.,
3123 5262 3211 5311 lib.
3247 5274 3306 5323 ri,
3354 5274 3500 5313 num.
3540 5262 3614 5312 t3.

1978 5338 1996 5360 ο
2037 5326 2164 5379 Cod.
2245 5327 2371 5380 Bell.
2446 5327 2796 5393 Teodegisilis.
2868 5331 3227 5384 Teudisculus
3283 5334 3349 5385 ab
3398 5332 3611 5384 lsidoro

1918 5399 2227 5467 appellatur
2286 5411 2392 5451 aera
2448 5399 2556 5450 586.
2595 5401 2707 5452 Sed
2758 5400 2850 5452 ille
2902 5406 3025 5465 post
3068 5405 3231 5456 unius
3259 5404 3384 5453 anni
3423 5405 3475 5454 et
3509 5402 3617 5453 ali-

1920 5475 2047 5539 quot
2100 5473 2369 5523 mensium
2420 5482 2650 5534 regnum
2695 5474 2838 5538 apud
2888 5474 3144 5540 Hispalim
3173 5474 3611 5525 interfectusest.

1915 5544 2012 5597 Hic
2070 5542 2304 5596 fortasse
2355 5542 2674 5607 designatur
2738 5544 2995 5607 Theudix,
3070 5558 3166 5596 seu
3216 5542 3463 5605 Theudis,
3524 5547 3617 5595 aut

1913 5615 2175 5679 Theodas,
2229 5616 2321 5681 qui
2371 5616 2494 5667 ante
2543 5612 2919 5669 Theudisclum
2958 5616 3116 5668 annis
3147 5614 3263 5668 fere
3292 5615 3352 5666 Π
3382 5626 3615 5679 regnum

1916 5688 2107 5741 tenuit.
