3982 6346
361 382 468 439 727

1440 381 1498 441 S.
1542 382 1901 444 GREGORII
1940 385 2274 445 EPISCOPI
2316 390 2787 454 TURONENSIS

3753 406 3851 466 7‘28

359 504 431 563 ad
463 505 715 599 ofﬁcium
744 505 1345 599 baptizandirepletur
1373 514 1465 599 pet
1487 510 1623 583 quia
1652 526 1784 567 cum
1814 510 2129 584 comple-A
2149 506 2446 585 memoria,
2497 533 2669 590 quam
2725 521 2835 579 sibi
2878 522 2999 595 ipse
3031 526 3192 599 prius
3245 528 3641 593 fabricaverat.
3693 540 3745 589 et
3794 533 3849 591 in

359 599 456 653 tus
502 594 695 666 fuerit,
751 595 919 653 avide
956 612 1029 653 ex
1070 596 1175 654 hoc
1214 598 1462 671 populus
1525 599 1757 656 haurire
1812 601 2060 671 festinat,

358 680 595 755 quidam
622 690 847 755 accepto
876 685 1129 753 vasculo,
1162 686 1491 758 presbytero
1531 688 1631 760 qui
1675 688 1824 745 hanc
1853 704 2065 761 aquam

356 768 723 830 ministrabat
770 775 1029 848 porrexit
1084 777 1151 833 ad
1210 776 1635 848 complendum.
1709 778 1869 846 Quod
1924 780 2065 837 dum

356 861 604 934 complet
641 862 851 932 senior,
900 863 995 921 hic
1047 864 1195 921 inter
1222 865 1667 936 comprimentes
1720 867 1913 923 turbas
1941 883 2064 923 ma-

357 964 505 1007 num
532 949 771 1008 alterius
796 951 1053 1008 extendit
1083 951 1155 1007 ab
1182 952 1456 1022 balteum,
1499 954 1867 1028 cultrumque
1907 956 2063 1013 fura-

358 1044 454 1098 tus
482 1047 566 1097 est
602 1064 613 1097 :
649 1056 765 1113 quo
812 1042 1020 1115 vagina
1069 1042 1383 1113 recondito,
1438 1059 1646 1102 manus
1688 1046 1947 1102 extendit
1990 1045 2063 1102 ad

354 1128 749 1202 accipiendam
798 1130 1090 1203 bydriam,
1142 1146 1319 1204 quam
1370 1132 1677 1191 tradiderat
1709 1137 2058 1210 presbytero.

355 1216 481 1287 Qua
511 1227 759 1293 accepta,
793 1226 1018 1278 amotus
1066 1220 1128 1276 in
1165 1229 1383 1292 partem
1423 1222 1618 1292 aliam,
1670 1240 1857 1299 neque
1886 1241 2058 1283 unam

356 1302 578 1382 guttam
629 1324 795 1383 aqum
847 1308 909 1365 in
940 1325 1007 1366 ea
1044 1310 1231 1382 potuit
1260 1312 1530 1382 reperire.
1577 1313 1743 1371 Tunc
1788 1316 2063 1374 confusus

357 1403 502 1461 749
540 1397 728 1468 valde,
756 1404 811 1455 et
838 1398 950 1456 sibi
983 1398 1056 1456 ob
1087 1398 1225 1455 furti
1257 1414 1489 1456 causam
1522 1400 1627 1457 hoc
1666 1402 1927 1460 evenisse
1964 1419 2061 1461 co-

356 1500 659 1558 gnoscens,
700 1488 923 1546 homini
957 1488 1420 1563 cultrum,quem
1452 1490 1677 1548 furatus
1708 1492 1911 1563 fuerat,
1942 1493 2063 1550 red-

356 1575 556 1646 didit’;
595 1583 650 1634 et
676 1578 759 1635 sic
804 1578 1018 1637 iterum
1066 1584 1323 1652 porrecta
1356 1578 1589 1652 'lagena,
1636 1580 1864 1654 plenam
1896 1600 2062 1658 aqua:

356 1666 585 1741 recepit.
628 1666 729 1726 Est
754 1669 909 1727 enim
956 1670 1205 1743 populus
1233 1669 1332 1727 ille
1365 1670 1691 1740 haereticus,
1721 1675 1821 1746 qui
1859 1674 2063 1733 videns

356 1755 480 1813 haec
504 1757 813 1829 magnalia,
856 1772 972 1815 non
1004 1758 1415 1830 compungitur
1444 1758 1516 1815 ad
1554 1760 1929 1833 credendum,
1963 1763 2060 1821 sed

354 1861 580 1919 semper
614 1845 817 1905 callide
844 1847 1180 1905 divinarum
1226 1850 1675 1924 prmeeptionum
1708 1860 2119 1940 sacrament

351 1936 727 2010 aequissimis
780 1937 1323 2012 interpretationum
1390 1941 1887 2013 garrulationibus
1938 1960 2055 2001 non

352 2026 561 2085 desinit
592 2027 936 2103 impugnare
968 2047 979 2085 :
1008 2031 1106 2089 sed
1136 2031 1323 2091 virtus
1356 2030 1589 2091 Domini
1620 2034 1908 2093 diversam
1934 2052 2059 2110 par-

352 2121 467 2175 tem
496 2115 742 2177 destruit
770 2126 825 2178 et
856 2121 1181 2180 confundit.

966 2237 1209 2298 CAPUT
1228 2240 1465 2300 XXVII.

530 2338 608 2391 De
637 2340 904 2407 martyrio
928 2340 1117 2395 Jacobi
1139 2344 1373 2413 apostoli
1414 2344 1614 2411 fratris
1641 2344 1878 2400 Domini.

422 2444 669 2504 Iacobus
699 2457 722 2483 ι
752 2446 1044 2518 apostolus
1086 2450 1213 2521 (An.
1248 2448 1311 2508 61
1360 2453 1445 2506 vel
1472 2450 1561 2521 6‘2,
1598 2451 1621 2507 1
1652 2455 1834 2525 Maii),
1873 2451 1976 2524 qui
2005 2458 2062 2509 et

355 2536 528 2596 frater
558 2536 793 2596 Domini
831 2538 1110 2598 vocitatus
1151 2546 1253 2609 est,
1286 2540 1359 2597 ab
1410 2542 1534 2613 ipso
1570 2541 1818 2600 Domino
1862 2544 2060 2600 nostro

353 2624 491 2683 Jesu
518 2624 745 2683 Christo
772 2625 1073 2699 episcopus
1094 2626 1307 2684 dicitur
1330 2628 1628 2686 ordinatus
1653 2627 1692 2685 ⁸³.
1727 2628 1856 2685 Post
1895 2629 2062 2701 cujus

351 2711 662 2786 gloriosam
712 2713 1147 2786 Ascensionem,
1178 2714 1321 2773 dum
1364 2716 1516 2775 viam
1562 2718 1803 2791 justitiaa
1840 2715 2060 2774 Judaais

348 2802 679 2863 errantibus
713 2804 935 2877 aperire
963 2814 1224 2877 conatur,
1255 2808 1326 2866 de
1350 2808 1529 2881 pinna
1567 2808 1764 2883 templi
1792 2807 2059 2881 praecipi-

352 2898 526 2963 tatus,
560 2892 841 2965 alliditur,
869 2895 1168 2970 eﬂ’usoque
1211 2897 1448 2957 fullonis
1470 2899 1622 2956 fuste
1650 2898 1902 2967 cerebro,
1936 2898 2054 2971 spi-

356 2982 536 3040 ritum
571 2983 819 3042 reddidit
845 2994 885 3053 °,
915 2986 1289 3060 sepultusque
1312 2988 1473 3045 estin
1494 2992 1690 3046 monte
1711 2986 1974 3058 Oliveti‘,
1995 2986 2053 3047 in

416 3152 437 3173 ·
466 3140 622 3194 Deest
646 3141 749 3201 hoc
777 3146 938 3205 caput
972 3143 1026 3194 in
1060 3147 1295 3207 utroque
1323 3144 1444 3195 cod.
1484 3142 1714 3196 Clarom.

420 3211 733 3293 fEusebius
779 3213 1039 3309 μαννεδ.
1081 3213 1504 3309 ChArynso'stpmiis
1548 3215 1601 3309 iri
1641 3215 1659 3265 Ι
1695 3214 1761 3296 ad
1795 3213 2118 3309 (Dprint‘hhuc

357 3283 729 3350 Hieronymus
790 3286 840 3335 in
894 3285 1058 3346 Epist.
1113 3285 1179 3336 ad
1215 3286 1399 3348 Galat.,
1454 3285 1670 3336 Proclus
1722 3286 1771 3335 in
1801 3290 1934 3335 orat.
1970 3285 2050 3347 22,

360 3359 414 3408 et
448 3355 538 3407 alii
591 3360 808 3407 veteres
852 3356 1105 3407 Iacobum
1158 3356 1228 3408 ab
1266 3358 1383 3421 ipso
1435 3357 1676 3415 Christo;
1730 3355 2061 3417 alii,utCle-

361 3438 519 3478 mens
578 3426 872 3485 Alexand.,
918 3427 1028 3477 imo
1082 3430 1135 3479 et
1188 3428 1307 3491 ipse
1371 3427 1632 3480 Eusebius
1695 3440 1804 3478 non
1868 3426 2056 3485 semel,

361 3497 723 3562 Hieronymus
789 3499 859 3550 de
930 3498 1062 3548 Viris
1110 3498 1432 3557 illustribus,
1504 3503 1628 3557 etc.,
1688 3498 1753 3549 ab
1802 3499 2062 3561 apostolis

362 3560 612 3620 eumdem
666 3560 1133 3633 Jefosolymitana:
1215 3570 1466 3622 Ecclesiae
1535 3560 2060 3632 specialem’curam

366 3640 677 3703 suscepisse
733 3639 966 3690 tradunt.
1025 3640 1168 3699 Quod
1219 3641 1451 3691 fortasse
1487 3653 1516 3689 a
1550 3638 1758 3689 Christo
1802 3638 2062 3700 designa-

364 3711 472 3770 tus,
544 3707 610 3759 ab
681 3710 941 3773 apostolis
1008 3723 1140 3762 vero
1198 3711 1503 3763 declaratus
1557 3712 1611 3760 et
1675 3708 2062 3759 inthronizatus

366 3779 548 3831 fuerit.
602 3780 736 3831 Hinc
786 3780 925 3833 forte
968 3781 1222 3835 laminam
1257 3794 1494 3838 auream,
1521 3783 1579 3837 ut
1621 3780 1804 3829 scribit
1831 3778 2059 3843 Epipha-

364 3852 490 3904 nius
535 3850 723 3903 bares.
768 3852 847 3914 29,
894 3853 950 3904 in
999 3855 1177 3916 capite
1225 3851 1495 3915 gestabat,
1551 3859 1796 3899 veterum
1845 3851 2057 3913 pontifi-

365 3933 491 3973 cum
536 3934 705 3974 more.
758 3922 853 3973 Hic
904 3927 1083 3974 autem
1142 3923 1432 3985 Gregorius
1462 3918 1722 3971 Iacobum
1746 3921 2061 3983 episcopum

366 3992 435 4045 ab
476 3994 719 4057 apostolo
763 4006 871 4044 non
906 3994 1207 4053 distinguit,
1245 4006 1364 4056 quae
1408 3992 1626 4042 videtur
1659 4003 1785 4041 esse
1815 4003 2059 4043 commu-

368 4066 492 4116 nior
521 4068 662 4130 apud
699 4069 917 4118 veteres
959 4068 1013 4115 et
1058 4066 1396 4117 recentiores
1421 4062 1688 4115 sententia
1715 4079 1727 4121 ;
1761 4062 1850 4112 alii
1884 4068 2062 4115 tamen

370 4135 529 4188 aliter
571 4137 827 4196 sentiunt,
893 4148 998 4200 qua
1056 4134 1126 4188 de
1193 4148 1254 4187 re
1302 4134 1541 4188 videndi
1620 4133 1949 4186 Bollandiani
2000 4135 2068 4186 ad

370 4206 511 4260 diem
564 4209 583 4259 1
633 4208 769 4267 Maii,
823 4207 1192 4259 Tillemontius
1241 4208 1295 4259 in
1341 4207 1485 4259 notis
1541 4205 1609 4257 ad
1675 4204 1805 4256 Hist.
1860 4204 2061 4258 Eccles.

365 4279 570 4332 tomum
604 4280 644 4341 l,
680 4282 787 4333 etc.

433 4361 451 4382 ·
490 4350 616 4414 Ejus
675 4350 993 4413 martyrium
1060 4351 1316 4404 describit
1372 4352 1711 4415 Hegesippus
1761 4347 1904 4411 apud
1956 4348 2063 4399 Eu-

373 4420 603 4482 sebium,
635 4423 726 4474 lib.
765 4434 802 4474 u
851 4423 991 4474 Hist.
1048 4426 1251 4476 eccles.
1304 4436 1421 4484 cap.
1473 4423 1551 4472 23.
1589 4420 1715 4471 Vide
1753 4424 1804 4472 et
1846 4419 2061 4483 Joseph.

373 4492 465 4544 lib.
514 4505 590 4543 xx
626 4493 878 4554 Antiquit.
929 4505 1046 4556 cap.
1078 4496 1128 4547 8.
1174 4494 1312 4558 Lege
1345 4496 1468 4545 Acta
1514 4492 1803 4555 Martyrum
1830 4490 2061 4553 sincera,

371 4575 490 4627 pag.
531 4565 551 4614 1
590 4565 642 4614 et
674 4575 826 4626 seqq.
860 4589 870 4597 -

2148 619 2264 675 qua
2293 604 2629 665 Zachariam
2658 625 2722 668 ac
2755 610 3083 674 Simeonem
3115 625 3133 643 °
3160 618 3480 690 sepelierat.
3514 621 3654 679 Haec
3672 623 3741 680 de
3771 626 3851 682 Ja-

2148 694 2286 752 cobo
2310 699 2581 769 apostolo.

2705 800 2949 859 CAPUT
3034 803 3299 865 XXVIII.

2612 911 2687 962 De
2720 916 2904 965 sancto
2942 915 3097 967 Petro
3127 918 3392 985 apostolo.

2228 1021 2370 1079 750
2392 1012 2593 1071 Petrus
2611 1015 2628 1049 τ
2640 1016 2931 1088 apostolus
2949 1019 3073 1089 (An.
3096 1017 3183 1089 66,
3205 1020 3455 1090 ‘29Jun.l,
3476 1021 3548 1079 ob
3566 1024 3848 1081 humilita-

2146 1101 2260 1153 tem
2294 1100 2631 1173 docendam,
2663 1115 2835 1177 caput
2867 1109 3113 1181 desuper
3145 1111 3363 1168 tonderi
3397 1112 3649 1171 instituit
3677 1124 3721 1183 8,
3749 1115 3843 1188 qui

2146 1188 2218 1245 ab
2273 1193 2544 1263 apostolis
2615 1196 2836 1252 czeteris
2902 1198 3202 1270 episcopus
3253 1201 3577 1270 ordinatus,
3654 1203 3845 1261 Romae

2146 1280 2472 1348 cathedram
2526 1281 2752 1340 locavit.
2806 1285 2986 1358 Cujus
3014 1288 3271 1346 oratione
3317 1297 3372 1347 et
3401 1279 3422 1307 ⁸³
3452 1289 3637 1357 Pauli,
3671 1288 3847 1347 Simo-

2146 1369 2239 1426 nis
2264 1369 2415 1442 Magi
2452 1371 2734 1430 calliditas
2773 1374 2865 1430 vel
2894 1375 3111 1432 detecta
3142 1383 3245 1446 est,
3280 1377 3370 1435 vel
3407 1377 3612 1435 obruta
3648 1379 3684 1432 ί.
3725 1377 3837 1433 Ex-

2145 1464 2293 1515 stant
2324 1459 2609 1531 hodieque
2639 1461 2789 1535 apud
2820 1464 3023 1519 urbem
3056 1462 3377 1522 Romanam
3405 1465 3539 1522 duas
3573 1465 3631 1521 in
3661 1463 3840 1533 lapide

2144 1548 2398 1620 fossulae,
2423 1565 2595 1623 super
2625 1566 2796 1624 quem
2848 1552 2998 1609 beati
3043 1554 3304 1625 apostoli,
3351 1554 3576 1611 deﬂexo
3614 1553 3836 1626 poplite,

2143 1638 2458 1696 orationem
2473 1646 2668 1698 contra
2682 1640 2875 1713 ipsum
2890 1640 3186 1700 Simonem
3205 1643 3434 1715 Magum
3445 1644 3517 1700 ad
3536 1641 3840 1699 Dominum

2143 1726 2491 1785 effuderunt.
2518 1728 2584 1785 In
2611 1729 2829 1801 quibus
2857 1747 2987 1789 cum
3023 1732 3094 1789 de
3140 1731 3358 1804 pluviis
3388 1732 3643 1805 lymphae
3673 1730 3837 1788 colle-

2142 1824 2248 1876 ciae
2282 1817 2515 1885 fuerint,
2546 1834 2579 1875 a
2611 1818 2888 1877 morbidis
2933 1827 3309 1893 expetuntur,
3343 1823 3679 1893 haustzeque
3709 1837 3837 1878 mox

2140 1907 2441 1964 sanitatem
2469 1907 2754 1967 tribuunt.
2786 1908 3029 1968 Sanctus
3054 1926 3188 1968 vero
3219 1911 3419 1969 Petrus
3443 1910 3753 1983 apostolus,
3781 1916 3840 1966 ut

2138 1995 2364 2069 praefati
2418 2011 2644 2064 sumus.
2705 2011 2838 2054 cum
2888 2006 3009 2070 post
3040 1998 3369 2057 Neroniana
3406 2016 3471 2056 ac
3524 1998 3841 2057 Simoniaca

2138 2085 2289 2143 bella
2325 2086 2397 2143 ad
2426 2100 2654 2144 crucem
2687 2088 2959 2157 venisset,
2992 2089 3228 2162 impleto
3260 2090 3381 2163 jam
3436 2089 3617 2147 felicis
3647 2088 3837 2160 tropaei

2138 2174 2471 2246 certamine,
2517 2175 2806 2249 resupinis
2851 2177 2922 2233 ad
2954 2177 3167 2234 ccelum
3210 2178 3467 2248 vestigiis
3504 2193 3563 2234 se
3608 2176 3839 2249 expetiit

2140 2266 2422 2338 cruciﬁgi,
2456 2267 2769 2339 indignum
2793 2283 2851 2323 se
2882 2267 3205 2324 vociferans
3236 2274 3297 2324 ut
3328 2266 3640 2323 Dominum
3682 2264 3833 2321 exal-

2142 2355 2288 2413 tarii
2322 2380 2333 2412 :
2364 2357 2561 2429 sicque
2586 2355 2841 2428 dirigens
2868 2355 3136 2429 spiritum
3167 2356 3424 2413 vivacem
3451 2356 3511 2412 iu
3554 2362 3719 2419 astra,
3753 2370 3835 2409 se-

2141 2443 2339 2516 pultus
2393 2451 2477 2501 est
2532 2445 2593 2501 in
2632 2442 2863 2517 templo,
2920 2444 3073 2517 quod
3123 2443 3478 2502 vocitabatur
3524 2441 3837 2515 antiquitus

2142 2534 2483 2593 Vaticanum
2536 2534 2588 2607 ι,
2639 2544 2885 2608 quatuor
2933 2535 3164 2592 ordines
3217 2534 3618 2592 columnarum
3676 2530 3834 2587 valde

2140 2628 2577 2686 admirabilium
2610 2644 2855 2686 numero
2886 2628 3199 2699 nonaginta
3231 2643 3334 2684 sex
3384 2627 3622 2684 habens.
3658 2623 3834 2679 Habet

2140 2718 2313 2775 etiam
2362 2723 2606 2789 quatuor
2656 2716 2717 2773 in
2784 2718 2969 2785 altari,
3010 2732 3141 2790 quae
3187 2723 3325 2773 sunt
3370 2714 3545 2772 simul
3587 2720 3830 2778 centum,

2138 2814 2349 2882 praeter
2384 2807 2513 2865 illas
2536 2822 2669 2878 quae
2697 2807 2981 2865 ciborium
3010 2807 3023 2845 ¹
3052 2805 3302 2879 sepulcri
3328 2809 3666 2863 sustentant.
3699 2807 3828 2863 751

2139 2895 2262 2955 Hoc
2313 2896 2473 2955 enim
2524 2896 2853 2969 sepulcrum
2890 2894 2999 2953 sub
3029 2894 3193 2952 altari
3236 2894 3575 2952 collocatum
3608 2907 3646 2931 ω
3678 2890 3835 2948 valde

2136 3004 2333 3047 rarum
2375 2988 2639 3047 habetur.
2694 2985 2804 3046 Sed
2857 2986 2959 3060 qui
3008 3000 3169 3043 orare
3221 2984 3523 3055 desiderat,
3582 2980 3834 3041 reseratis

2138 3144 2298 3206 atque
2358 3154 2424 3192 ea
2474 3142 2761 3192 occasione
2804 3141 3013 3204 profert
3048 3141 3329 3204 egregium
3360 3139 3614 3191 Amalarii
3660 3142 3829 3192 locum

2140 3214 2387 3265 testantis
2426 3212 2566 3263 hanc
2647 3213 2991 3270 sententiam,
3043 3224 3163 3275 quae
3207 3216 3481 3262 tonsuram
3532 3210 3831 3263 clericalem

2142 3285 2211 3336 ad
2255 3288 2500 3335 sanctum
2560 3284 2770 3335 Petrum
2838 3288 3076 3341 revocat,
3139 3295 3245 3333 non
3289 3282 3426 3333 adeo
3460 3295 3583 3333 esse
3615 3288 3830 3334 certam.

2142 3362 2201 3407 ut
2254 3357 2351 3417 ipsi
2406 3355 2681 3406 adhaerere
2752 3367 2981 3405 necesse
3042 3355 3125 3403 sit.
3194 3353 3318 3404 Vide
3378 3357 3534 3403 notas
3578 3354 3632 3404 in
3673 3354 3830 3404 Vitam

2142 3428 2315 3479 saniti
2341 3427 2540 3483 Nicetii,
2564 3424 2735 3476 in'lib.
2762 3427 2827 3476 de
2864 3428 2987 3476 Vitis
3020 3426 3228 3477 Patrum
3265 3435 3387 3488 cap.
3425 3426 3497 3475 t7.

2205 3499 2225 3527 "
2262 3500 2406 3557 λιες..
2444 3498 2548 3560 vel,
2601 3498 2743 3560 quod
2797 3496 3023 3559 perinde
3080 3500 3178 3546 est.
3236 3496 3429 3546 Eodem
3473 3508 3655 3559 sensu,
3681 3495 3827 3555 Infra,

2143 3570 2227 3621 vel
2281 3570 2486 3622 detecta
2536 3571 2611 3619 est
2656 3567 2739 3618 vel
2781 3568 2991 3625 obruta,
3041 3569 3091 3619 id
3140 3573 3221 3620 est
3262 3572 3311 3620 et
3351 3566 3558 3620 detecta
3580 3573 3647 3629 et,
3678 3571 3728 3619 et
3755 3569 3829 3619 sic

2142 3643 2361 3704 passim.
3484 3639 3499 3657 ‘

2202 3711 2503 3767 lVictoria,
2564 3724 2725 3775 quam
2812 3709 2867 3760 in
2936 3710 3207 3760 Simonem
3269 3711 3474 3772 Magum
3534 3708 3826 3761 retulerunt

2142 3784 2392 3847 apostoli,
2462 3786 2538 3834 tot
2591 3785 2897 3833 sanctorum
2964 3781 3169 3831 Patrum
3250 3782 3577 3832 testimoniis
3635 3795 3825 3844 appro.

2143 3854 2265 3905 bata
2343 3858 2439 3915 est,
2518 3858 2575 3904 ut
2641 3853 2847 3917 absque
2909 3854 3209 3903 temeritate
3264 3854 3419 3915 rejici
3478 3865 3586 3901 non
3651 3852 3824 3914 possit,

2144 3938 2469 3990 quanquam,
2500 3923 2739 3975 historiae
2800 3924 3083 3974 veritatem
3128 3924 3371 3974 nonnulli
3407 3927 3657 3973 auctores
3697 3934 3824 3983 apo-

2142 3995 2367 4060 cryphis
2400 3995 2799 4046 narrationibus
2842 3994 2895 4044 in
2930 3994 3131 4058 aliquot
3188 3994 3607 4045 circumstantiis
3640 3993 3824 4043 obscu-

2143 4070 2331 4118 rarint.

2216 4137 2505 4190 lEamdem
2566 4138 2825 4187 rationem
2891 4137 3121 4188 atterunt
3176 4136 3488 4188 Ambrosius
3544 4139 3599 4187 in
3647 4136 3824 4198 psalm.

2146 4223 2328 4270 cxvm,
2389 4207 2731 4271 Augustinus,
2778 4207 3154 4265 Theodoritus,
3211 4213 3314 4260 etc.
3370 4208 3464 4259 Alii
3528 4208 3658 4259 alias
3706 4207 3825 4269 adji-

2147 4282 2309 4340 ciunt,
2341 4293 2476 4346 quas
2502 4276 2681 4330 fusius
2712 4281 2968 4343 prosequi
2991 4293 3097 4331 non
3120 4284 3297 4332 vacat.

2208 4354 2229 4383 ι
2264 4351 2636 4414 Apostolorum
2713 4354 2931 4414 tropea,
3020 4357 3077 4401 ut
3160 4351 3397 4413 loquitur
3462 4351 3616 4403 Caius
3695 4349 3827 4412 apud

2146 4423 2450 4480 Eusebium,
2508 4422 2600 4473 lib.
2655 4438 2691 4471 Il
2727 4421 2856 4472 Hist.
2903 4434 3023 4485 cap.
3070 4422 3149 4483 25,
3198 4424 3309 4485 jam
3352 4423 3537 4474 saeculi
3580 4437 3640 4473 III
3685 4422 3828 4471 initio

2145 4494 2383 4548 celebria
2417 4498 2570 4546 erant
2606 4494 2797 4554 Romae,
2860 4494 3003 4557 apud
3055 4495 3362 4544 Vaticanum
3388 4499 3439 4545 et
3469 4495 3558 4543 via
3594 4492 3826 4549 Ostiensi,

2146 4566 2199 4617 id
2246 4571 2328 4617 est
2394 4566 2445 4616 in
2505 4566 2570 4615 iis
2621 4566 2751 4627 ipsis
2805 4564 2939 4615 locis
2989 4564 3079 4616 ubi
3124 4566 3391 4627 hodieque
3438 4577 3630 4616 eorum
3668 4576 3827 4613 sacras

435 4634 458 4663 ⁴
492 4633 832 4684 Commum‘or
875 4636 1051 4684 tamen
1096 4639 1179 4687 est
1225 4635 1512 4695 sententia,
1554 4645 1678 4684 eum
1726 4634 1879 4695 juxta
1924 4626 2123 4687 tem-D
2146 4639 2388 4701 reliquiae
2436 4626 2709 4687 coluntur.
2774 4635 2984 4687 Etenim
3043 4626 3323 4698 utriusque
3378 4636 3555 4688 media
3605 4647 3727 4699 pars
3778 4635 3825 4683 in

371 4701 545 4767 plum,
590 4704 683 4753 ubi
726 4706 949 4754 necatus
992 4704 1185 4765 fuerat,
1243 4705 1510 4770 sepultum
1544 4705 1731 4765 fuisse,
1757 4706 1914 4766 cujus
1946 4717 2060 4754 mo-

372 4777 689 4825 numentum
718 4772 1021 4839 adhucsuo
1051 4780 1298 4840 tempore
1329 4787 1712 4839 perseverasse
1754 4774 1910 4826 tradit
1934 4776 2061 4827 Hie-

370 4856 638 4907 ronymus
668 4845 822 4896 testis
842 4844 1107 4897 oculatus.
1130 4912 1135 4913 γ
1643 4908 1649 4913 η

435 4923 454 4945 ⁸
484 4914 797 4968 Zachariam
844 4919 1014 4968 sancti
1069 4912 1290 4969 Joannis
1355 4917 1598 4981 Baptistae
1646 4912 1853 4981 patrem
1911 4917 2062 4969 multi

368 4988 755 5059 interemptum
804 4999 927 5040 esse
992 4990 1183 5041 volunt
1217 4990 1446 5041 Herodis
1490 4992 1647 5054 jussu
1703 4991 1841 5039 intra
1877 4989 2061 5052 templi

368 5058 543 5121 ipsius
573 5064 744 5121 septa.
780 5060 1043 5111 Simeonis
1083 5073 1218 5113 vero
1253 5062 1419 5120 senis,
1450 5062 1542 5125 qui
1576 5059 1845 5111 Christum
1887 5060 1939 5110 in
1978 5060 2055 5111 ul-

368 5130 457 5182 nis
509 5136 845 5193 susceperat,
903 5132 1217 5194 sepulcrum
1251 5135 1303 5193 in
1340 5146 1474 5196 rupe
1510 5133 1710 5185 montis
1753 5132 1940 5183 OlinII
1964 5144 2060 5183 e1-

365 5200 571 5251 stitisse
602 5202 831 5252 testatur
851 5202 1205 5259 Adamnanus.

429 5270 449 5308 ί
482 5271 593 5323 Hoc
624 5275 785 5335 caput
816 5276 869 5322 et
897 5284 1134 5336 sequens
1162 5275 1360 5327 desunt
1396 5276 1449 5325 iu
1484 5274 1603 5327 cod.
1640 5275 1783 5327 Colb.
1807 5278 1902 5327 tut.

426 5341 740 5394 s‘l'onsurm
804 5343 1071 5397 clericalis
1136 5348 1401 5409 originem
1469 5347 1629 5406 vulgo
1683 5348 1748 5399 ad
1810 5351 2055 5397 sanctum

361 5414 583 5466 Petrum
618 5414 863 5466 referunt
910 5417 1067 5468 medii
1103 5422 1199 5468 ωτι
1233 5430 1501 5476 aucores,
1532 5419 1685 5479 cujus
1718 5419 2055 5469 instituendas

360 5487 495 5535 varii
562 5487 742 5537 varias
805 5500 997 5538 causas
1059 5488 1322 5539 referunt.
1394 5490 1516 5537 Vide
1592 5488 1805 5545 Bedam,
1877 5491 1964 5538 lib.
2024 5503 2055 5538 v

356 5555 493 5606 Hist
542 5556 692 5618 Angl.
744 5571 862 5620 cap.
914 5560 991 5609 ‘22.
1040 5558 1204 5615 lnl‘ra,
1236 5556 1381 5610 Vind.
1419 5573 1524 5609 non
1571 5559 1728 5609 habet
1758 5560 2055 5625 episcopus.

358 5626 596 5678 —-Huuc
638 5628 816 5679 locum
861 5631 928 5680 de
971 5630 1210 5680 clericali
1249 5642 1450 5681 corona
1482 5632 1698 5683 minime
1743 5644 1870 5681 esse
1896 5632 2047 5682 intel-

351 5697 628 5759 ligendum
668 5700 944 5752 contendit
977 5700 1362 5752 Thouassluus
1416 5707 1565 5763 parte
1613 5715 1628 5752 ι
1693 5702 1908 5765 Discipl.
1953 5714 2043 5754 ec-

355 5767 610 5827 clesiast.,
660 5770 747 5821 lib.
803 5784 864 5833 u,
916 5784 1035 5834 cap.
1074 5773 1152 5831 37,
1204 5771 1301 5824 sed
1332 5774 1399 5825 de
1430 5775 1677 5825 omnibus
1708 5774 2043 5835 Christianis,

314 5840 446 5898 qui
506 5852 615 5902 prae
676 5842 935 5895 modestia
1001 5844 1229 5907 capillos
1274 5844 1473 5897 breves
1507 5844 1720 5898 deferre
1752 5846 2041 5907 deberent;

2147 4711 2383 4761 ecclesia
2419 4708 2685 4762 Vaticana,
2712 4706 2881 4757 altera
2914 4720 3043 4758 vero
3078 4707 3339 4757 medietas
3374 4708 3427 4757 in
3460 4706 3682 4757 basilica
3706 4718 3821 4755 sau-

2146 4782 2217 4833 cti
2264 4779 2428 4840 Pauli,
2477 4793 2594 4845 quae
2646 4778 2855 4829 abbatis
2914 4781 2993 4829 est
3036 4779 3245 4830 ordinis
3273 4778 3618 4834 Beuedictini,
3650 4789 3817 4829 asser-

2147 4856 2355 4912 vantur,
2424 4863 2578 4902 sacra
2642 4862 2767 4900 vero
2826 4862 3014 4901 eorum
3066 4852 3241 4912 capita
3287 4850 3340 4900 in
3375 4848 3600 4901 basilica
3627 4849 3823 4900 Latera-

2144 4922 2321 4973 uensi.

2208 4992 2523 5043 l(libortum
2599 4995 2682 5043 est
2744 4990 2968 5041 aedicula
3030 4991 3240 5049 turrita,
3303 4992 3371 5042 ad
3427 4992 3643 5043 modum
3711 5002 3826 5041 um-

2144 5064 2368 5125 braculi,
2417 5064 2621 5127 aliquot
2666 5062 2934 5113 columnis
2989 5064 3193 5123 innixa,
3229 5062 3296 5114 ad
3347 5065 3636 5125 tegendum
3666 5061 3827 5111 altare

2143 5149 2239 5188 seu
2292 5136 2522 5199 alicujus
2599 5134 2770 5184 sancti
2834 5136 3166 5196 sepulcrum.
3220 5134 3344 5185 Vide
3401 5134 3601 5197 Liturg.
3652 5133 3825 5187 Gallic,

2145 5207 2409 5260 Mahillon.
2444 5207 2538 5256 tib.
2574 5218 2610 5265 ι,
2643 5218 2762 5269 cap.
2795 5206 2841 5264 8,
2882 5218 2937 5255 n.
2968 5206 3016 5255 8.

2206 5289 2236 5310 -
2279 5279 2445 5336 Viud.,
2494 5277 2652 5328 valde
2698 5282 2897 5328 ratum.
2954 5278 3215 5341 Antiquus
3249 5280 3331 5327 est
3357 5289 3473 5327 mos
3508 5279 3562 5326 in
3598 5275 3827 5327 Ecclesia

2138 5354 2394 5411 receptus
2444 5354 2751 5399 sanctorum
2814 5348 3076 5409 reliquias
3126 5349 3179 5396 in
3230 5355 3435 5409 cryptis
3464 5346 3827 5398 subterraneis

2138 5423 2331 5474 subtus
2376 5419 2543 5471 altare
2594 5420 2922 5474 collocandi,
2974 5418 3062 5467 ubi
3116 5425 3429 5469 sanctorum
3472 5419 3823 5470 celebriorum

2138 5490 2388 5553 sepulcra
2440 5493 2491 5540 in
2546 5490 2783 5552 antiquis
2841 5488 3076 5539 basilicis
3137 5490 3297 5539 etiam
3364 5502 3505 5539 nunc
3565 5498 3822 5540 visuntur.

2138 5562 2270 5613 Hinc
2321 5562 2656 5612 consuetudo
2717 5564 2950 5610 manavit
2998 5561 3191 5610 altaria
3233 5561 3480 5622 crigcudi
3530 5574 3695 5624 super
3744 5572 3821 5609 tu-

2137 5636 2315 5684 muios
2360 5632 2598 5681 virorum
2654 5632 2882 5694 piorum,
2917 5645 2950 5696 q
2978 5644 3054 5681 tos
3080 5632 3325 5695 episcopi
3363 5646 3460 5694 pro
3495 5638 3698 5685 sanctis
3732 5637 3822 5683 ua-

2127 5703 2247 5755 beri
2294 5704 2567 5761 volebant,
2614 5701 2807 5764 hicque
2863 5712 2979 5754 erat
3022 5704 3154 5754 olim
3212 5707 3430 5755 sanctos
3476 5703 3825 5757 canonisandi

2131 5776 2282 5826 ritus.
2336 5773 2605 5837 Reliquias
2659 5780 2968 5825 sanctorum
3016 5774 3071 5824 in
3121 5774 3434 5838 baptisteria
3488 5790 3518 5827 a
3568 5790 3630 5828 se
3660 5778 3823 5840 depo-

2128 5848 2264 5900 sitas
2300 5848 2567 5897 memorat
2614 5845 2731 5907 ipse
2777 5845 3068 5909 Gregorius
3104 5844 3199 5898 lib.
3251 5860 3285 5897 ι
3338 5847 3468 5899 Hist.
3528 5860 3647 5911 cap.
3693 5851 3820 5908 ult.;
