3982 6346
83 439 181 498 729
947 438 1502 501 MIBACULOBUM
1544 443 1685 501 LIB.
1729 445 1774 503 Ι.
1825 445 1920 503 ΒΕ.
1960 446 2239 506 GLORIA
2277 445 2730 505 MABTYBUM.
3359 464 3362 466 ‘
3477 443 3584 506 730

81 561 354 622 cancellis
381 561 601 635 quibus
629 561 788 618 locus
818 559 915 617 ille
943 563 1219 636 ambitur,
1250 566 1466 624 accedit
1497 583 1670 640 super
1705 573 1856 630 se—A
1877 562 2146 642 quendaa,
2188 578 2430 643 pararet,
2465 586 2691 642 semper
2724 569 2913 627 aiebat
2947 591 2959 626 :
3011 567 3351 625 Beatissime
3380 565 3584 639 Paule,

78 651 377 724 pulcrum;
414 659 468 706 et
500 650 582 706 sic
617 649 909 706 f'enestella
934 651 1174 723 parvula
1205 654 1500 725 patefacta,
1531 653 1791 712 immisso
1877 665 1994 715 esto
2014 659 2242 732 adjutor
2270 676 2451 718 meus.
2480 661 2738 733 Denique
2759 659 3161 732 expeditojam
3192 657 3416 730 laqueo,
3449 672 3585 715 cum

82 741 397 799 introrsum
451 738 654 811 capite,
712 754 848 812 qum
883 740 1189 796 necessitas
1239 742 1448 813 promit
1499 742 1786 814 efflagitat.

83 831 194 888 Nec
231 835 492 886 moratur
520 829 775 896 effectus,
828 828 874 885 si
904 830 1193 900 petitionis
1225 837 1450 886 tantum
1476 831 1629 902 justa
1659 847 1790 904 pro-

83 920 304 978 feratur
332 920 531 976 oratio.
591 918 754 987 Quod
796 918 843 975 si
892 919 1052 975 beata
1098 921 1324 976 auferre
1367 920 1650 978 desiderat
1703 921 1792 993 pi-

86 1027 277 1084 gnora,
341 1008 647 1082 palliolum
679 1021 701 1045 α
749 1008 985 1082 aliquod
1018 1016 1384 1065 momentana
1424 1009 1503 1082 [Id
1549 1016 1644 1078 est,
1678 1016 1789 1066 sta-

88 1100 218 1169 tera]
275 1106 581 1170 pensatum
627 1098 760 1154 facit
807 1097 1178 1165 intrinsecus,
1219 1097 1426 1154 deinde
1462 1098 1704 1169 vigilans
1731 1113 1795 1153 ac

82 1188 367 1260 jejunans,
427 1185 794 1244 devotissime
827 1185 1184 1257 deprecatur,
1221 1193 1283 1242 ut
1333 1186 1622 1243 devotioni
1673 1201 1793 1242 suae

88 1276 262 1331 virtus
320 1275 630 1347 apostolica
679 1274 1045 1345 suffragetur.
1103 1273 1316 1330 Mirum
1346 1276 1497 1330 dictu
1530 1278 1539 1331 !
1575 1275 1622 1330 si
1653 1273 1792 1330 fides

88 1365 338 1422 hominis
390 1365 786 1438 praevaluerit,
826 1381 858 1420 a
898 1365 1120 1423 tumulo
1169 1365 1466 1438 palliolum
1505 1356 1791 1422 elevatum

90 1455 156 1511 ita
187 1451 478 1509 imbuitur
503 1452 704 1508 divina
736 1452 968 1521 virtute,
1013 1459 1078 1508 ut
1124 1454 1308 1509 multo
1337 1452 1588 1525 amplius
1618 1467 1791 1526 quam

89 1544 240 1616 prius
268 1550 611 1616 pensaverat
639 1543 944 1614 penderet;
980 1548 1032 1598 et
1063 1549 1202 1598 tunc
1230 1541 1332 1598 scit
1362 1543 1462 1614 qui
1495 1542 1789 1601 levaverit,

89 1649 209 1690 cum
234 1633 363 1703 ejus
393 1632 576 1705 gratia
609 1633 924 1703 sumpsisse
955 1632 1103 1702 quod
1144 1633 1320 1704 petiit.
1358 1632 1526 1690 Multi
1554 1633 1707 1689 enim
1736 1639 1790 1689 et

89 1722 265 1778 claves
313 1737 520 1779 aureas
549 1721 617 1778 ad
664 1720 1002 1777 reserandos
1042 1722 1326 1779 cancellos
1357 1721 1507 1779 beati
1539 1721 1787 1795 sepulcri

88 1810 320 1880 faciunt,
377 1810 481 1881 qui
540 1811 789 1866 ferentes
831 1824 933 1880 pro
961 1809 1360 1867 benedictione
1388 1811 1606 1882 priores
1636 1812 1786 1868 acci-

48 1883 55 1898 ’
86 1898 264 1990 piunt,
304 1898 544 1990 quibus“
569 1896 898 1990 infirmitati
949 1897 1354 1990 tribulatorum
1391 1899 1848 1990 ‘_medeantur.B

88 1984 284 2042 Omnia
318 1985 474 2042 enim
511 1985 655 2041 ﬁdes
685 1985 908 2055 integra
937 1991 1186 2056 prmetat.
1207 1983 1358 2042 Sunt
1387 1985 1468 2042 ibi
1493 1993 1548 2041 et
1576 1983 1846 2044 colum-"
1876 2003 1888 2015 ·

85 2093 168 2134 nae
204 2078 371 2134 mirae
408 2076 712 2150 elegantia:
742 2078 988 2136 candore
1021 2079 1214 2147 niveo,
1249 2086 1495 2152 quatuor
1523 2096 1784 2150 numero,

85 2183 205 2241 qua:
237 2168 523 2227 ciborium
555 2169 804 2241 sepulcri
843 2169 1132 2226 sustinere
1160 2169 1453 2229 dicuntur.
1519 2203 1534 2232 -.

671 2311 925 2384 CAPUT
955 2311 1158 2369 XXiX.

620 2426 695 2478 De
738 2425 909 2478 Paulo
959 2426 1223 2494 apostolo.

153 2534 365 2627 l’aulus
390 2536 411 2565 δ
439 2552 574 2595 vero
605 2537 896 2611 apostolus
931 2537 1057 2610 (An.
1090 2537 1179 2606 66,
1212 2535 1290 2627 '29
1323 2541 1501 2608 Jun.),
1550 2544 1676 2610 post
1703 2553 1787 2596 re-

1876 748 2276 807 vehementius
2301 757 2604 823 urgeretur
2626 751 2697 808 ab
2725 751 2951 810 umbra.
2981 757 3045 804 ut
3072 747 3286 805 collum
3313 747 3587 806 immitte-

1876 848 1979 912 ret,
2003 843 2190 900 subito
2203 843 2388 900 adfuit
2408 845 2520 900 alia
2543 845 2746 900 umbra
2769 843 2902 900 huic
2915 842 3370 912 sit‘nilis;dicens
3384 842 3584 914 eiquaa

1879 946 2010 988 cum
2041 932 2274 991 homine
2305 941 2456 991 erat:
2495 933 3032 1003 Fugemiserrime,
3064 948 3132 990 en
3170 932 3413 990 Paulum
3445 949 3584 1005 apo-

1847 1047 1858 1054 -
1880 1022 2024 1078 stolu
2037 1038 2088 1077 ιιι
2111 1023 2227 1098 huc
2243 1023 2448 1078 venien
2461 1029 2570 1078 tem
2585 1040 2598 1091 ;
2627 1023 2683 1079 in
2696 1028 2928 1079 vocatus
2944 1021 3186 1078 enimah
3203 1022 3311 1078 hoc
3325 1021 3586 1091 homine,

1880 1126 2007 1168 ecce
2045 1113 2220 1169 adest.
2252 1113 2415 1169 Tunc
2441 1113 2922 1170 evanescentibus
2950 1111 3196 1179 umbris,
3231 1111 3324 1168 hic
3356 1111 3426 1168 ad
3457 1126 3586 1168 sen-

1881 1219 2007 1261 sum
2033 1219 2204 1260 suum
2221 1219 2518 1274 reversus,
2555 1210 2609 1259 et
2640 1219 2869 1260 crucem
2900 1201 3132 1259 virtutis
3157 1201 3466 1258 dominicae
3497 1215 3587 1273 pe-

1876 1293 2017 1350 ctori
2045 1291 2271 1349 nutanti
2302 1291 2642 1364 depingens,
2693 1290 3093 1364 pmnitentiam
3123 1290 3287 1362 genis
3313 1288 3588 1363 lacryma-

1877 1398 2007 1440 rum
2041 1381 2226 1438 imbre
2255 1382 2503 1453 perfusis
2531 1381 2734 1454 agebat
2763 1391 2781 1410 '
2814 1397 2917 1437 cur
2951 1381 3058 1437 ista
3096 1385 3381 1437 tentasset.
3417 1380 3584 1438 Unde

1877 1472 2250 1530 manifestum
2274 1479 2356 1528 est
2385 1472 2543 1528 hunc
2557 1469 2941 1541 eumdemque
2963 1468 3258 1525 hominem
3283 1483 3382 1540 per
3405 1468 3586 1525 virtu-

1880 1567 1990 1616 tem
2037 1559 2184 1615 beati
2246 1557 2482 1632 apostoli
2536 1557 2608 1614 ab
2665 1558 2773 1613 hoc
2803 1571 2978 1613 saeva
3029 1555 3231 1614 mortis
3264 1555 3584 1630 praecipitio

1873 1648 2051 1704 fuisse
2078 1647 2382 1705 salvatum.

2495 1784 2739 1844 CAPUT
2771 1784 2948 1843 XXX.

2202 1906 2277 1958 De
2305 1905 2512 1957 Joanne
2538 1903 2780 1972 apostolo
2808 1906 2857 1955 et
2890 1900 3244 1967 evangelista.

1957 2023 2101 2080 753
2149 2016 2401 2074 Joannes
2430 2016 2448 2051 ί
2496 2030 2632 2072 vero
2669 2013 2958 2088 apostolus
2998 2021 3054 2072 et
3091 2010 3444 2085 evangelista
3474 2010 3579 2069 Dei

1877 2106 2003 2176 (An.
2042 2105 2144 2163 100
2185 2112 2282 2161 aut
2317 2105 2434 2172 lO-‘i,
2467 2105 2535 2162 527
2571 2104 2736 2175 Dec.l,
2785 2111 2913 2177 post
2958 2110 3252 2175 peractum
3284 2108 3400 2159 tam
3439 2117 3582 2173 ago-

1875 2197 1969 2253 nis
1989 2195 2235 2269 legitimi
2253 2211 2429 2269 quam
2449 2194 2876 2268 praidicationis
2896 2195 3579 2263 saluberrimascursum,

1875 2287 2048 2344 vivus
2078 2287 2431 2344 descendens
2469 2285 2530 2341 in
2583 2283 2824 2347 tumulo,
2866 2283 3080 2357 operiri
3118 2299 3178 2340 se
3228 2283 3409 2340 humo
3436 2296 3579 2354 prae-

1871 2375 2036 2449 cepit.
2103 2375 2282 2447 Cujus
2327 2389 2486 2430 nunc
2539 2373 2872 2444 sepulcrum
2902 2387 3116 2429 manna
3149 2380 3176 2415 ε
3218 2371 3280 2427 in
3335 2368 3572 2426 modum

1869 2465 2074 2522 farina:
2107 2464 2392 2537 hodieque
2416 2468 2655 2527 eructat,
2691 2478 2764 2519 ex
2792 2477 2905 2535 qua
2936 2461 3117 2519 beatae
3160 2458 3443 2532 reliquiae,
3477 2473 3579 2530 per

1869 2551 2211 2610 universum
2242 2550 2448 2607 delatae
2490 2549 2800 2617 mundum,
2839 2547 3086 2605 salutem
3119 2545 3399 2604 morbidis
3429 2560 3577 2617 prie-

93 2623 345 2712 volutum
381 2627 521 2684 anni
551 2627 860 2696 circulum,
907 2629 1028 2700 ipsa
1056 2628 1148 2686 die
1179 2623 1294 2702 qua
1326 2628 1783 2700 Petrusaposto-
1869 2647 2038 2699 stant,
2097 2641 2207 2697 Hic
2263 2646 2348 2697 est
2406 2639 2658 2698 Joannes
2706 2654 2881 2712 quem
2926 2636 3207 2696 Dominus
3239 2635 3367 2708 plus
3400 2649 3576 2708 quam

95 2711 174 2769 “15
200 2730 398 2786 DHSSUS
424 2725 529 2786 est,
559 2719 716 2790 apud
747 2719 948 2776 urbem
982 2718 1226 2775 Romam
1257 2717 1448 2788 gladio
1480 2732 1787 2789 DOPCUSSUS
1867 2737 2104 2787 caeteros
2131 2729 2339 2786 dilexit
2371 2728 2674 2802 apostolos,
2709 2711 2813 2801 qui
2844 2732 3020 2784 tantm
3050 2725 3346 2784 charitatis
3375 2739 3572 2781 amore

93 2801 372 2860 occubuit.
393 2805 436 2861 E
471 2806 637 2879 cujus
668 2823 829 2864 sacro
851 2822 1088 2882 corpore
1113 2806 1233 2862 lac°
1255 2804 1503 2862 deﬂuxit
1529 2810 1584 2860 et
1611 2820 1772 2876 aqua.

1925 2819 2141 2875 'zelatus
2189 2825 2294 2888 est,
2328 2826 2389 2874 ut
2441 2833 2616 2889 super
2662 2816 2858 2888 ipsum
2918 2814 3065 2872 sacri
3096 2813 3349 2885 corporis
3379 2817 3578 2885 pectus

95 2887 196 2984 δθε
217 2890 432 2984 "lilium
460 2891 509 2948 Si
542 2893 627 2949 130
654 2894 781 2965 eius
801 2895 1058 2984 mallaVit
1079 2910 1153 2951 ex
1185 2892 1555 2984 εονροπθνίιμί
1589 2900 1786 2984 genti”
1865 2887 2229 2974 accumbens,
2261 2887 2672 2980 mysteriorum
2692 2887 3024 2964 caelestium
3051 2903 3312 2962 hauriret
3342 2917 3572 2959 arcana.

95 2978 582 3072 iPC‘:‘?du‘3S_752
613 2988 668 3039 εἴ
697 2983 1005 3053 ρὶιΐῑυΓίνῘῐ
1035 2990 1089 3040 θῖ
1117 2982 1354 3072 peperit.
1399 2998 1465 3039 ac
1493 2981 1634 3040 Ῑὶὶοίθ
1665 2981 1783 3054 SPi'
1867 2998 1986 3072 Ipsi
2043 2999 2216 3055 etiam
2272 2978 2558 3055 Dominus
2612 3001 2807 3054 noster
2849 2994 3161 3066 gloriosam
3197 2991 3570 3058 Genitricem,

93 3067 232 3125 milli
268 3070 534 3142 Πυῐνίῑᾶεν
585 3073 655 3130 ad
685 3073 882 3130 Cibum
910 3072 1165 3130 SOlidum
1193 3071 1622 3162 SCI‘iPtm‘amm
1651 3086 1782 3162 εεη-
1864 3067 2033 3162 quasi
2065 3088 2346 3162 peculiari
2377 3088 2626 3160 quodam
2659 3085 2829 3142 modo
2866 3083 3176 3156 discipulo,
3209 3081 3268 3138 in
3299 3082 3423 3152 ipsa
3452 3095 3577 3153 pas-

92 3163 321 3249 ctarum,
352 3174 527 3232 opaca
555 3163 882 3233 reserando,
912 3161 1209 3236 perduxit.
1242 3161 1323 3219 De
1351 3162 1518 3236 cujus
1548 3161 1772 3218 virtuti-

1925 3177 2044 3234 onis
2069 3161 2234 3248 liora,
2270 3178 2331 3234 in
2358 3192 2527 3234 cruce
2555 3190 2658 3249 pro
2687 3172 2894 3230 mundi
2927 3173 3113 3229 salute
3142 3171 3383 3243 positus,
3414 3183 3572 3226 com-

72 3241 189 3299 bus
211 3245 661 3358 mmmflmdfm
680 3250 1052 3308 ἃυάίνίηιυεε
1083 3251 1179 3307 59d
1202 3251 1272 3308 de
1297 3249 1569 3323 Plurimis
1593 3266 1836 3358 ωηιωο
1863 3267 2178 3326 mendavit.
2215 3241 2295 3323 De
2322 3266 2429 3322 hoc
2460 3241 2618 3320 enim
2647 3266 2702 3317 et
2728 3264 2853 3334 post
2881 3241 3362 3316 resurrectionem
3388 3256 3567 3314 dixit:

92 3338 299 3390 tantum
344 3335 694 3395 miraculum
721 3339 1056 3397 studuimus
1085 3339 1395 3397 declarare.
1429 3339 1668 3397 Factum
1697 3335 1836 3398 est”
1862 3362 1954 3416 Sic
1994 3374 2112 3412 eum
2166 3358 2284 3412 υοιο
2329 3371 2546 3410 manere
2591 3354 2756 3408 donec
2797 3357 3012 3406 veniam
3071 3354 3252 3420 (Joan,
3287 3360 3421 3416 xxx,
3452 3344 3566 3416 22).

90 3426 267 3522 ἒυίθω
299 3420 359 3522 if}
390 3424 639 3522 QUOdfim
662 3425 804 3522 1009s
840 3433 903 3522 ul
934 3427 1410 3522 h0m0_1_31‘_lugeum
1436 3427 1548 3486 Sibi
1573 3430 1643 3486 ad
1673 3444 1779 3487 ex‘
1863 3449 1930 3507 In
1964 3449 2186 3522 Epheso
2217 3455 2411 3506 autem
2446 3445 2691 3502 habetur
2713 3443 2877 3500 locus
2909 3442 2970 3499 in
2995 3457 3113 3516 quo
3142 3442 3238 3499 hic
3279 3438 3572 3513 apostolus

91 3513 452 3613 torquendam
499 3515 700 3588 vitam,
759 3517 1069 3591 instigante
1104 3519 1354 3589 diabolo,
1409 3526 1772 3592 praepararet.

1925 3513 2244 3613 rangelium
2275 3537 2427 3611 quod
2455 3552 2529 3593 ex
2556 3537 2683 3608 ejus
2719 3532 2954 3592 nomine
2981 3513 3044 3590 in
3074 3528 3330 3589 Ecclesia
3355 3527 3569 3599 legitur

92 3597 339 3694 Cumque
369 3609 656 3661 secretum
710 3605 935 3664 cellula:
986 3607 1048 3664 in
1095 3623 1209 3681 qua
1241 3609 1368 3665 haec
1404 3613 1594 3680 ageret
1623 3624 1772 3682 repe-

1925 3597 2109 3701 ripsit.
2157 3597 2329 3686 iSun't
2381 3597 2603 3682 autem'
2629 3622 2694 3679 in
2756 3619 3088 3679 summitate
3138 3618 3354 3677 montis
3405 3597 3570 3673 illius

90 3689 260 3794 sisset,
297 3689 499 3749 funem
537 3692 682 3750 trahi
712 3695 1140 3794 transmissum,
1183 3695 1458 3794 laqueum
1484 3695 1655 3794 erepit
1682 3696 1780 3752 in-
1856 3689 2113 3794 proiimi
2171 3724 2422 3794 quatuor
2472 3714 2599 3773 sine
2655 3718 2797 3772 tecto
2850 3712 3118 3786 parietes.
3174 3709 3243 3768 In
3290 3709 3382 3766 his
3411 3706 3570 3765 enim

92 3785 318 3878 Ρθῗίθξίῆ
348 3790 776 3878 Ποωεῗηῆδωθῐι
807 3802 1034 3861 semper
1062 3787 1110 3844 Ρ
1107 3787 1240 3878 ἓυιξ
1285 3787 1526 3878 δέοδίοη
1553 3787 1780 3878 ίυνίξοδ·
1857 3785 2105 3866 orationi
2152 3785 2446 3875 insistens,
2476 3802 2790 3862 Dominum
2814 3785 3044 3860 assidue
3081 3815 3185 3874 pro
3211 3798 3436 3857 delictis
3459 3811 3568 3870 po-

91 3862 193 3937 bat,
219 3868 416 3969 dicens
441 3889 454 3928 :
484 3871 713 3969 Adjuva
743 3889 855 3944 me,
885 3881 1090 3969 sancte
1105 3875 1386 3969 _Paule.Et
1413 3891 1542 3969 ecce
1570 3876 1779 3934 umbra
1858 3862 2367 3969 puli—deprecans,
2425 3862 2758 3950 morabatur
2789 3916 2802 3950 :
2841 3862 3209 3965 obtinuitque
3236 3903 3310 3946 ne
3340 3887 3404 3945 in
3442 3862 3567 3945 loco

89 3957 335 4055 ῗίὲυέλξάδ
359 3964 942 4055 δίςυθΐιωθειδμιυω
968 3966 1120 4024 nihil
1146 3968 1383 4025 minus“
1406 3967 1574 4025 νυῙῐΠ
1597 3982 1774 4040 quam
1854 3957 1958 4043 illo
1988 3957 2177 4042 imber
2227 3957 2387 4042 ullus
2410 3981 2800 4048 descenderet,
2836 3980 3021 4039 donec
3045 3957 3145 4037 ille
3176 3975 3562 4050 Evangelium

91 4045 368 4148 [Fadum
397 4054 707 4148 Similab‘lt:
748 4057 1017 4148 δρρὶξΐυίί
1042 4058 1116 4128 ei:
1164 4058 1270 4116 h01‘
1276 4064 1402 4116 “1115
1431 4073 1496 4148 βο
1523 4057 1720 4148 dicens
1754 4079 1767 4113 ³
1852 4075 2210 4148 adimpleret.
2259 4073 2366 4132 Sed
2408 4078 2463 4131 et
2504 4087 2689 4145 usque
2717 4045 2889 4130 hodie
2933 4072 3012 4129 ita
3043 4045 3410 4143 praestatur'a
3447 4065 3566 4123 Do-

89 4133 179 4192 Eia
203 4155 326 4237 .359:
359 4159 433 4237 Pe
459 4145 722 4237 mereris,
753 4145 923 4220 exple
945 4149 1084 4220 [Αἶαν
1105 4147 1331 4222 expedi]
1369 4146 1612 4206 celerius
1639 4161 1772 4219 qum
1854 4133 2037 4235 mino:
2065 4168 2130 4222 ut
2161 4162 2324 4221 nulla
2377 4161 2462 4219 ibi
2514 4133 2819 4218 descendat
2868 4133 3091 4233 pluvia,
3134 4172 3326 4232 neque
3374 4152 3562 4213 imber

89 4230 309 4300 coepisti.
343 4233 420 4291 At
471 4233 572 4293 ille
615 4251 749 4294 cum
801 4253 946 4316 opus
996 4237 1124 4310 hoc,
1186 4238 1246 4296 id
1275 4243 1360 4296 est
1406 4237 1543 4296 vitae
1590 4243 1775 4296 extor-
1853 4230 2146 4313 violeﬁtus
2169 4249 2460 4308 adveniat.

91 4438 372 4515 ﬁmi-VII.
399 4457 519 4504 θεῖ)-
548 4447 838 4507 31.118?”t
868 4447 1131 4511 ΐθὶίίιηίδῑ
1177 4449 1349 4499 επιεῐί
1384 4448 1554 4511 Sergii
1587 4449 1647 4499 in
1675 4461 1771 4498 ,ςυ-
1853 4453 2064 4505 etiamsi
2137 4449 2353 4502 veritati
2425 4449 2760 4502 conformior
2819 4448 3087 4510 videatur,
3156 4448 3427 4500 incertum
3474 4450 3561 4498 ta-

90 4507 222 4584 blimi
240 4515 467 4577 parietis
500 4521 693 4568 contra
722 4507 1054 4570 altar-iunia
1085 4519 1318 4583 quodam
1356 4507 1766 4583 Syro'recondi-
1851 4535 1974 4575 men
2026 4526 2107 4574 est
2149 4535 2217 4572 an
2265 4522 2452 4584 reipsa
2502 4521 2570 4571 sit
2617 4523 2898 4573 sincerior.
2936 4507 3135 4571 Tamen
3177 4533 3245 4571 ex
3272 4519 3560 4572 Fortunato

91 4582 158 4657 tas
202 4583 388 4637 fuisse.
455 4589 734 4652 Nunquam
800 4594 1000 4650 autem,
1059 4582 1167 4640 nisi
1227 4582 1406 4641 forte,
1447 4589 1770 4641 brevissimo
1853 4598 1905 4646 et
1952 4607 2023 4646 ex
2065 4594 2302 4654 Liturgia
2345 4582 2617 4644 Gallicana
2661 4593 2805 4657 apud
2841 4592 3132 4652 Mabillon.,
3170 4591 3265 4643 lib.
3313 4604 3354 4643 ιι
3401 4603 3555 4643 num.

91 4653 333 4730 tempore,
389 4671 558 4730 super
611 4662 780 4711 altare
825 4661 1164 4718 loeabantur,
1218 4667 1276 4712 ut
1319 4666 1464 4725 patet
1514 4676 1580 4711 ex
1649 4663 1828 4724 ipsoD
1853 4665 1932 4724 63,
1993 4670 2141 4730 patet
2201 4653 2340 4715 hanc
2404 4665 2457 4714 in
2529 4653 2712 4714 Gallia'
2747 4663 3173 4716 communiorem
3229 4665 3555 4715 sententiam

91 4721 348 4802 gregario,
368 4729 492 4802 __lib.
528 4742 609 4802 ix.
637 4741 774 4802 capa
801 4732 848 4792 6,
880 4731 1024 4793 quod
1057 4735 1235 4783 tamen
1260 4721 1350 4782 alii
1377 4721 1767 4793 improbarunt.

92 4791 200 4846 Vide
232 4797 499 4852 Habillon.
555 4800 647 4852 lib.
697 4791 720 4852 ι
761 4791 1010 4864 Liturgite
1035 4803 1168 4853 Gall.
1205 4815 1327 4866 cap.
1376 4791 1554 4860 9.οιιο
1592 4808 1770 4853 autem

89 4875 190 4941 avo
221 4874 530 4921 sanctorum
568 4884 799 4934 corpora
856 4875 908 4922 in
963 4874 1248 4925 Occidente
1289 4875 1456 4925 levari
1503 4874 1769 4924 transfer-

89 4945 225 5000 rique
261 4946 541 5004 ceperunt
596 4943 756 4994 docet
808 4943 1076 4996 Mabillon.
1119 4944 1274 5008 praef.
1319 4949 1371 4995 in
1403 4947 1527 4995 Acta
1553 4949 1770 4996 sancto-

89 5015 190 5057 rum
218 5015 427 5062 ordinis
462 5012 813 5072 Benedictini,
851 5027 977 5065 saec.
1013 5027 1050 5065 ιι
1081 5029 1306 5068 nurnero
1342 5017 1419 5067 42.

142 5079 299 5134 'Haec
339 5082 559 5145 palliola
613 5084 926 5136 Hormisdas
982 5087 1034 5136 in
1087 5087 1319 5150 epistola
1365 5087 1432 5138 ad
1475 5088 1762 5150 Justinian.

89 5142 1160 5229 imp._.appellat_sanctuariabeatorum
1203 5159 1356 5210 Petri
1405 5163 1453 5211 et
1490 5142 1664 5212 Pauli.
1713 5160 1767 5209 Et

88 5223 313 5281 ejusdem
345 5226 619 5289 pontificis
653 5227 817 5288 legati
849 5228 1023 5289 ipSum
1049 5231 1324 5291 deprectiti
1358 5236 1503 5292 sunt,
1534 5241 1585 5281 ut
1616 5234 1767 5293 ejus-

86 5295 213 5365 modi
234 5299 542 5348 sanctuaria
574 5311 736 5363 usque
766 5299 833 5349 ad
855 5302 1150 5351 secundum
1171 5305 1516 5354 cataractam
1547 5309 1764 5365 propter

89 5362 413 5419 devotionem
468 5362 829 5433 imperatoris,
899 5372 986 5420 cui
1042 5374 1470 5433 destinat-antur,
1524 5362 1768 5435 deponev

87 5440 174 5513 rei.
233 5437 482 5513 Biandea
518 5439 1126 5513 _appellat_7Gregorius
1185 5444 1426 5505 Magnus.
1488 5445 1654 5495 tinum
1699 5456 1792 5513 ex‘

87 5502 171 5562 bis,
207 5514 348 5572 quod
394 5510 463 5560 ad
518 5502 910 5563 Brunichildem
951 5502 1208 5576 reginam
1258 5502 1639 5566 transmissum
1688 5515 1768 5565 di-

88 5583 226 5636 citur,
275 5586 590 5631 asserVatur
611 5577 692 5632 ‘in
743 5581 985 5634 sacrario
1038 5587 1354 5637 monasteiii
1392 5586 1562 5635 nr-sxri
1599 5586 1769 5635 sancti

86 5643 312 5777 ggﬁmtani
339 5662 370 5700 a
404 5650 594 5711 Pratis,
630 5653 773 5719 quod
812 5646 975 5716 vulgo
1006 5664 1285 5721 corporate
1303 5656 1481 5708 sancti
1505 5658 1654 5708 Petri
1674 5671 1765 5720 ap-

184 5735 208 5766 δ
237 5733 318 5772 ur.

138 5787 155 5815 δ
187 5791 339 5845 Deest
381 5793 484 5847 hoc
540 5800 697 5860 caput
739 5797 795 5850 in
839 5799 1065 5851 Claram.
1120 5801 1172 5850 b.
1233 5801 1286 5851 ln
1319 5799 1460 5850 Clar.
1514 5811 1544 5848 a
1575 5798 1768 5850 desunt

83 5854 184 5912 hac
230 5864 416 5927 verba,
454 5871 574 5931 post
608 5854 933 5924 revolutum
961 5870 1099 5923 anni
1127 5871 1430 5934 circulum;
1453 5883 1571 5935 qua:
1603 5871 1765 5923 lectio

1855 4737 2052 4797 fuisse,
2106 4735 2250 4800 quod
2300 4734 2488 4785 Petrus
2539 4736 2594 4786 et
2633 4735 2830 4788 Paulus
2883 4735 3076 4786 eadem
3127 4734 3219 4786 die
3252 4734 3559 4799 eodemque

1852 4820 1993 4859 anno
2014 4819 2158 4870 pasm
2187 4805 2408 4858 fuerint.

1915 4887 1933 4907 ε
1966 4877 2075 4928 Hoc
2119 4889 2185 4927 ex
2241 4876 2552 4941 apocrypha
2603 4875 2705 4927 sub
2732 4875 3111 4938 Lininomine,
3155 4878 3244 4925 aut
3267 4874 3371 4926 alia
3399 4876 3558 4939 ejus-

1852 4949 2003 5000 modi
2055 4947 2303 5009 historia,
2353 4948 2529 4998 hausit
2586 4947 2901 5007 Gregorius,
2958 4944 3103 5005 quod
3126 4944 3285 4998 silent
3315 4947 3552 4998 veteres.

1853 5020 1980 5070 Vide
2016 5019 2286 5070 Mabillon.
2326 5019 2432 5069 lter
2468 5017 2636 5068 llalic.
2663 5029 2783 5078 pag.
2822 5017 2928 5066 142.

1913 5090 1934 5118 ἀ
1969 5090 2026 5140 lu
2057 5090 2203 5141 Colb.
2237 5102 2268 5139 a
2295 5090 2636 5139 emendatum
2659 5086 2800 5137 nihil
2821 5087 3011 5150 magis.

1910 5171 1932 5197 ο
1962 5160 2145 5211 Vind:
2190 5159 2576 5210 Paenitentiam
2609 5171 2769 5222 agens
2813 5157 3188 5223 lacrymarum
3220 5159 3392 5214 imbre
3420 5174 3552 5227 per-

1845 5233 2019 5297 fusus,
2054 5231 2256 5283 aiebat.
2449 5261 2452 5264 -

1920 5304 1937 5339 ι
1978 5310 1981 5317 '
2013 5308 2128 5352 eest
2151 5301 2254 5352 hoc
2289 5301 2524 5364 caputin
2559 5300 2792 5354 Clarum.
2821 5313 2872 5352 a.

1918 5383 1943 5422 ε
1978 5374 2089 5423 liuc
2153 5385 2351 5422 manna
2409 5371 2585 5423 adhuc
2630 5383 2697 5423 ex
2740 5371 2970 5436 apostoli
3011 5374 3262 5438 sepulcro
3302 5372 3557 5426 scaturie-

1850 5443 1940 5496 bat
1991 5443 2192 5494 saacnlo
2261 5455 2376 5500 Vlll,
2446 5456 2515 5492 ex
2568 5442 2808 5493 secunda
2867 5447 3038 5496 sancti
3093 5445 3370 5497 Willibaldi
3425 5443 3554 5507 Vita,

1851 5528 2002 5567 num.
2055 5517 2100 5577 5,
2150 5516 2203 5564 in
2259 5526 2298 5564 ιι
2354 5515 2508 5578 parte
2539 5525 2662 5566 saec.
2711 5526 2776 5565 ιιι
2807 5516 3158 5568 Benedictini.
3204 5516 3274 5566 De
3305 5514 3552 5578 ejusdem

1853 5595 2026 5639 moite
2081 5597 2189 5638 non
2257 5585 2435 5649 pauci.
2509 5588 2672 5636 etiam
2730 5588 2871 5638 inter
2935 5592 3167 5648 veteres,
3219 5586 3551 5639 dubitarunt.

1852 5658 1960 5715 Qia
2023 5657 2089 5708 de
2148 5669 2206 5707 re
2260 5668 2357 5718 pro
2403 5667 2500 5705 suo
2566 5668 2719 5708 more
2765 5657 2978 5707 erudite
3030 5658 3396 5709 disserentem
3463 5659 3551 5710 adi

1851 5727 2247 5779 Tillemontium
2295 5731 2436 5776 tomo
2487 5726 2504 5776 Ι
2553 5726 2687 5777 Hist.
2735 5727 2958 5785 Eccles.,
3011 5730 3092 5778 tit.
3160 5730 3335 5779 Sancti
3377 5728 3550 5791 Joau.,

1849 5811 1947 5850 ari.
2013 5799 2058 5848 7.
2115 5798 2240 5848 Vide
2293 5797 2466 5848 sancti
2511 5801 2788 5861 Augustini
2853 5801 3060 5852 tractat.
3120 5800 3229 5864 124,
3283 5800 3340 5852 in
3394 5800 3556 5853 Joan-

1847 5881 1993 5929 nem,
2023 5872 2076 5921 et
2110 5868 2272 5920 Photii
2306 5867 2708 5931 Bibliothecam,
2734 5866 2851 5921 cod.
2878 5868 2986 5919 229.
