3982 6346
355 280 455 342 731

367 512 471 571 per
499 511 558 553 se
589 500 854 567 tegumen
882 496 1122 557 habens.
1157 501 1225 559 In
1256 518 1323 559 ea
1356 508 1411 559 et
1439 512 1651 577 septem
1702 506 2062 565 Dormientes

364 585 667 657 habentur,
715 585 784 642 de
824 586 1041 659 quibus
1066 590 1281 665 aliqua,
1313 594 1558 653 Domino
1578 597 1838 670 jubente,
1870 597 1928 654 in
1970 613 2063 670 po-

367 680 587 733 sterum
637 678 931 735 narraturi
983 696 1207 741 sumus.
1256 683 1321 741 In
1374 685 1477 743 hac
1510 694 1563 744 et
1607 677 1840 745 idolum
1860 689 2062 748 Dianae

362 766 491 858 fuit,
554 766 625 824 ab
670 770 926 840 apostolo
960 770 1135 832 Paulo
1168 775 1544 839 destructum.
1609 781 1717 841 Sed
1770 784 1840 841 ad
1880 790 2062 858 coepta

360 853 685 914 redeamus.

971 936 1214 995 CAPUT
1244 940 1448 999 XXXI.

674 1094 691 1095 ἡ
879 1035 956 1088 De
1006 1035 1232 1092 Andrea
1284 1044 1544 1110 apostolo.

448 1129 591 1187 754
617 1127 880 1187 Andreas
912 1129 934 1157 δ
963 1133 1255 1204 apostolus
1284 1138 1453 1204 (Ann.
1488 1137 1557 1194 66
1596 1146 1692 1195 aut
1719 1138 1807 1207 70,
1856 1157 1949 1196 seu
1978 1137 2068 1211 93,

365 1211 436 1269 30
463 1215 624 1281 Nov.)
657 1229 935 1288 magnum
964 1219 1314 1279 miraculum
1341 1224 1401 1281 in
1431 1224 1523 1281 die
1548 1224 1926 1284 solemnitatis
1951 1243 2072 1284 sum

368 1302 603 1377 profert,
634 1307 743 1365 hoc
767 1316 853 1366 est
894 1328 1107 1371 manna
1145 1314 1205 1371 in
1238 1316 1474 1375 modum
1504 1319 1730 1384 farinze,
1759 1320 1850 1377 vel
1881 1320 2072 1377 oleum

1428 290 1487 353 S.
1525 291 1883 352 GBEGORII
1923 292 2258 355 EPISCOPI
2296 297 2771 361 TURONENSIS

434 409 506 468 In
533 424 598 467 ea
623 408 765 467 urbe
799 408 979 500 Maria
1002 409 1336 484 Magdalene
1363 416 1606 489 quiescit
1636 429 1679 489 ι,
1708 417 1939 477 ιιιιΙΙιιιιι
1971 422 2232 481 su-Ahil
2261 422 2334 480 ab
2371 424 2506 497 igne
2551 427 2796 497 nocitus,
2834 427 3045 487 extulit
3079 428 3232 487 foras
3260 447 3278 500 ;
3326 430 3422 488 sed
3459 430 3741 490 continuo
3774 431 3845 488 ita
3937 416 3939 500 ἦ

2148 514 2490 574 constrictus
2519 520 2624 586 est,
2654 523 2719 574 ut
2746 533 3009 592 gressum
3040 520 3103 577 in
3132 525 3301 577 antea
3325 536 3493 593 agere
3531 536 3649 579 non
3696 520 3847 578 vale-

2148 608 2252 658 ret.
2289 601 2453 660 Tunc
2482 603 2791 679 indignum
2821 623 2881 664 se
2908 606 3177 680 judicans
3203 609 3308 681 qui
3328 610 3648 681 easterret,
3674 625 3845 667 unam

2148 689 2399 761 puellam
2428 692 2733 765 parvulam
2764 694 3245 769 impollutamque
3267 697 3437 771 elegit
3464 714 3497 754 a
3525 698 3746 769 praeda,
3763 699 3848 756 cui
3938 690 3939 771 ᾗ

2148 780 2444 852 capsulam
2469 783 2539 838 ad
2580 782 2791 840 collum
2841 784 3053 857 posuit,
3104 792 3158 842 et
3193 785 3275 843 sic
3321 787 3382 843 in
3421 788 3665 859 patriam
3728 804 3847 860 pro-

2148 883 2311 942 spere
2340 869 2595 927 accessit.
2628 870 2790 929 Tunc
2808 872 3176 931 collocatisin
3208 873 3373 932 altari
3406 875 3848 933 Novivicensise
3938 896 3939 942 ς

2140 957 2425 1033 ecclesiae,
2457 958 2559 1016 ubi
2592 960 2753 1017 nulla
2783 960 2973 1019 adhuc
3008 969 3339 1020 sanctorum
3388 963 3627 1035 pignora
3678 964 3848 1021 habe-

2152 1044 2382 1114 bantur,
2418 1047 2589 1103 annis
2630 1048 2879 1119 singulis
2906 1050 3274 1108 devotissime
3326 1067 3525 1109 eorum
3572 1051 3850 1110 solemnia

2154 1135 2494 1194 celebrabat.
2530 1138 2709 1211 Cujus
2734 1140 2910 1209 illius,
2939 1156 3073 1199 cum
3107 1141 3231 1198 hinc
3257 1151 3383 1215 post
3409 1143 3587 1215 patris
3629 1142 3852 1201 obitum

2155 1242 2268 1284 non
2293 1228 2575 1300 impleret,
2616 1245 2649 1286 a
2682 1230 2836 1287 febre
2866 1238 3145 1305 quartana
3174 1248 3274 1304 per
3301 1249 3523 1291 annum
3560 1233 3852 1305 integrum

2153 1318 2443 1387 laborans,
2479 1320 2637 1376 vovit
2672 1325 2735 1377 ut
2770 1335 2981 1377 novam
3006 1320 3308 1379 basilicam
3349 1322 3409 1379 in
3437 1338 3638 1381 eorum
3680 1323 3855 1379 hono-

372 1396 707 1492 cumodore
756 1403 1040 1492 nectareo,
1074 1403 1225 1476 quod
1272 1412 1325 1462 te
1359 1407 1584 1465 tumulo
1620 1409 1748 1482 ejus
1791 1410 2070 1467 exundat.
2156 1424 2279 1465 rem
2309 1415 2696 1479 construeret;
2731 1424 2847 1482 quo
2876 1410 3042 1479 facto,
3077 1419 3265 1468 amota
3302 1411 3456 1470 febre
3484 1418 3731 1470 sanatus
3760 1418 3860 1471 est.

369 1482 477 1539 Per
598 1484 754 1541 enim
785 1502 919 1559 quae
945 1489 1019 1545 sit
1048 1490 1311 1549 fertilitas
1339 1495 1477 1551 anni
1502 1496 1797 1568 sequentis
1820 1495 2075 1553 ostendi-
2160 1498 2271 1556 Sed
2304 1514 2411 1557 nec
2442 1500 2549 1557 hoc
2575 1500 2700 1557 sine
2726 1500 3057 1558 Divinitatis
3086 1502 3448 1574 providentia
3486 1510 3689 1561 actum
3720 1518 3857 1572 reor,

372 1578 487 1665 tur.
547 1571 609 1632 Si
647 1577 931 1645 exiguum
962 1583 1325 1653 proﬂuxerit,
1359 1585 1642 1659 exiguum
1678 1594 1827 1647 terra
1862 1589 2077 1662 profert
2160 1589 2312 1663 quod
2352 1588 2549 1647 eadem
2603 1589 2697 1645 die
2746 1604 2860 1663 qua
2914 1571 3387 1665 beatae—reliquiae
3427 1591 3489 1648 in
3518 1592 3704 1649 aliam
3739 1571 3863 1650 sunt

377 1660 632 1721 fructum
656 1683 672 1734 ;
704 1666 754 1722 si
779 1683 914 1725 vero
944 1669 1119 1728 fuerit
1139 1674 1457 1746 copiosum,
1489 1692 1767 1750 magnum
1783 1660 1921 1737 arva
1952 1696 2080 1752 pro-
2161 1660 2452 1735 translata)
2482 1660 2802 1748 basilicam,
2836 1684 3090 1736 errantes
3110 1660 3377 1737 homines
3407 1697 3439 1739 a
3467 1681 3561 1737 via
3590 1681 3703 1754 qui
3726 1680 3863 1738 beati

376 1758 619 1846 ventum
662 1754 963 1816 fructuum
1003 1744 1225 1821 habere
1245 1744 1551 1838 signifieat,
1587 1744 1751 1827 vNam
1781 1744 1980 1828 ferunt
2016 1770 2138 1846 inB
2162 1765 2454 1823 Vincentii
2482 1764 2763 1837 reliquias
2792 1744 3158 1837 deferebant,
3199 1767 3271 1824 ad
3303 1768 3497 1826 vicum
3537 1744 3742 1841 ipsum
3774 1768 3862 1824 de-

376 1840 674 1916 aliquibus
697 1847 961 1917 annis,in
984 1856 1207 1911 tantum
1236 1872 1266 1912 e
1298 1857 1523 1917 tumulo
1546 1860 1740 1918 oleum
1761 1862 2080 1932 exundare,

377 1938 444 1992 ut
466 1949 650 2008 usque
681 1936 747 1992 ad
777 1939 1033 1999 medium
1062 1942 1315 2004 basilicae
1345 1950 1590 2022 proﬂuat
1617 1952 1780 2008 rivus
1800 1952 1915 2009 ille.
1943 1953 2109 2010 Hsec'

378 2030 571 2084 autem
595 2037 851 2101 aguntur
875 2034 1028 2105 apud
1060 2039 1417 2108 provinciam
1448 2043 1745 2111 Achaiam,
1771 2046 1831 2101 in
1853 2046 2084 2102 civitate

382 2116 597 2209 Patras,
634 2118 696 2178 in
724 2138 839 2194 qua
870 2123 1069 2184 beatus
1106 2130 1395 2202 apostolus
1426 2132 1548 2191 sive
1575 2141 1816 2209 martyr,
1847 2152 1952 2209 pro
1979 2136 2117 2195 Ben

378 2208 694 2283 demptoris
725 2217 961 2273 nomine
1001 2220 1340 2293 cruciﬁxus,
1374 2230 1719 2297 praesentem
1750 2208 1925 2283 vitam
1955 2225 2081 2299 glo-

382 2300 537 2358 riosa
574 2308 757 2360 morte
794 2305 985 2364 finivit
1018 2319 1056 2365 ο.
1102 2309 1321 2369 Tamen
1355 2329 1488 2371 cum
1527 2313 1723 2373 oleum
1752 2315 2079 2385 deﬂuxerit,

382 2392 610 2448 tantum
640 2391 873 2452 odorem
906 2399 1148 2457 naribus
1175 2409 1424 2475 przestat,
1469 2410 1535 2461 ut
1576 2410 1741 2478 putes
1771 2405 1852 2462 ibi
1882 2405 2083 2463 multo

384 2494 513 2570 rum
567 2490 891 2543 aromatum
932 2504 1187 2561 sparsam
1237 2509 1360 2551 esse
1403 2498 1750 2567 congeriem,
1784 2496 1937 2570 quod
1965 2511 2084 2553 non

386 2569 514 2626 sine
543 2570 826 2632 miraculo
854 2591 919 2632 ac
957 2576 1235 2639 beneﬁcio
1259 2584 1512 2641 habetur
1541 2575 1609 2641 in
1659 2569 1904 2658 populis.
1940 2585 2086 2642 Nam

386 2676 460 2718 ex
488 2661 599 2720 hoc
627 2677 730 2721 seu
788 2664 1155 2726 inunctioncs
1202 2672 1386 2743 factas,
1438 2675 1561 2732 sive
1608 2675 1870 2748 potiones
1916 2668 2105 2747 datae,“

388 2749 734 2827 plerumque
763 2755 1179 2829 languentibus
1207 2764 1570 2822 commodum
1604 2772 1894 2838 prmstant.
1959 2765 2091 2823 Post
2172 2760 2471 2824 lectatione
2497 2758 2835 2818 comedendi
2869 2763 3041 2832 atque
3068 2755 3328 2825 bibendi,
3370 2754 3693 2811 adventum
3727 2767 3872 2810 mor-
3938 2772 3939 2823 ι

2163 1855 2263 1912 lati
2323 1860 2474 1913 sunt.
2541 1854 2706 1911 Tunc
2758 1859 2992 1927 rogante
3041 1856 3392 1930 presbytero,
3446 1857 3782 1916 diviserunt
3818 1856 3863 1913 ei

2163 1944 2502 2018 particulam
2566 1945 2897 2017 pignorum,
2940 1961 3113 2019 quam
3158 1945 3219 2002 in
3272 1952 3468 2004 sancto
3514 1945 3688 2003 altari
3722 1944 3864 2004 unde
3938 1948 3939 2019 ι

2164 2039 2306 2096 alias
2334 2038 2646 2096 abstulerat
2675 2037 2996 2095 collocavit.

2237 2129 2595 2188 Mummolus
2625 2134 2840 2199 autem,
2866 2144 3001 2188 cum
3019 2127 3399 2188 Theodeberti
3424 2128 3579 2201 regis
3599 2134 3865 2201 tempore,
3938 2112 3939 2193 ἰ

2166 2221 2237 2279 ad
2291 2221 2690 2280 Justinianum
2727 2220 3133 2293 imperatorem
3161 2233 3423 2292 pergens,
3465 2216 3865 2274 Constantinoc
3938 2242 3939 2273 ι

2166 2312 2406 2386 politani
2445 2311 2671 2368 itineris
2701 2311 2857 2368 viam
2894 2310 3089 2368 navali
3127 2316 3329 2366 evectu
3369 2306 3643 2376 sulcaret,
3674 2306 3751 2364 ad
3776 2321 3865 2363 ur-
3938 2342 3939 2353 η

2166 2404 2296 2462 bem
2331 2402 2542 2468 Patras,
2576 2402 2635 2459 in
2668 2418 2780 2476 qua
2811 2402 2965 2459 idem
3006 2401 3250 2458 habetur
3299 2398 3612 2471 apostolus,
3652 2404 3742 2454 est
3776 2412 3867 2469 ap-

2167 2496 2391 2570 pulsus.
2446 2496 2531 2551 Ac
2580 2494 2722 2551 dum
2789 2493 2872 2550 ibi
2920 2508 3051 2549 cum
3109 2489 3450 2551 satellitibus
3528 2492 3868 2554 moraretur,

2171 2586 2461 2643 intirmata
2495 2583 2681 2641 vesica
2712 2582 3037 2640 calculosus
3066 2580 3335 2639 efficitur.
3377 2577 3603 2635 Dehinc
3630 2575 3871 2635 diversis

2170 2672 2469 2731 doloribus
2497 2658 2746 2728 arctatus
2794 2670 2947 2727 febre
2976 2669 3336 2727 consumitur
3373 2686 3385 2724 :
3438 2665 3753 2738 ablataque
3781 2664 3870 2721 de-

387 2839 554 2913 cujus
582 2841 892 2915 gloriosam
920 2850 1378 2924 assumptionem
1405 2853 1609 2911 multae
1646 2854 1886 2912 virtutes
1911 2855 2001 2912 vel
2021 2855 2091 2911 ad
2174 2853 2245 2911 tis
2275 2850 2459 2910 solius
2486 2848 2941 2923 praestolabatur.
2977 2846 3161 2919 Igitur
3190 2844 3334 2902 dum
3366 2859 3425 2901 se
3469 2842 3547 2899 ita
3574 2842 3802 2900 fessum
3827 2846 3874 2897 et

390 2927 497 3005 hoc
527 2929 877 3003 Sepulcrum,
930 2934 1021 2991 vel
1068 2952 1170 3009 per
1201 2936 1323 2995 loca
1359 2939 1589 2998 diversa
1625 2942 1682 2999 in
1720 2942 1933 3013 quibus
1970 2941 2095 3015 ejus
2174 2940 2299 2998 sine
2328 2956 2424 3013 spe
2474 2939 2609 2996 vitae
2637 2938 2912 3006 decernit,
2944 2942 3087 2998 756
3124 2938 3529 2991 testamentum
3568 2945 3752 2988 suum
3788 2945 3874 3000 pe-
3938 2960 3939 2987 ι

390 3018 656 3096 reliquias
683 3023 974 3082 collocatae
1002 3034 1158 3099 sunt,
1187 3027 1455 3088 feruntur
1481 3037 1747 3090 ostensze.
1769 3031 1850 3089 De
1878 3032 2094 3106 quibus
2176 3029 2244 3086 tit
2272 3028 2477 3098 scribi,
2509 3025 2919 3098 munitumque
2965 3021 3488 3095 subscriptionibus
3527 3035 3597 3078 ac
3648 3018 3876 3091 sigillis,
3938 3056 3939 3063 η

388 3131 569 3190 pauca
594 3122 902 3179 memorari
934 3137 1049 3181 non
1081 3125 1278 3198 putavi
1301 3127 1641 3199 absurdum,
1681 3129 1820 3205 quia
1851 3119 2399 3209 aediﬁca-Cinquiri
2450 3117 2722 3193 prmcepit
2772 3117 2839 3209 si-
2872 3115 3109 3173 forsitan
3158 3112 3372 3209 aliquis
3419 3111 3776 3209 reperiretur
3822 3111 3877 3168 in
3938 3144 3939 3175 ι

2178 3208 2407 3266 civitate
2445 3206 2550 3280 qui
2582 3207 2801 3279 peritus
2825 3205 2887 3262 in
2914 3210 3033 3261 arte
3062 3202 3372 3261 medicinae
3400 3206 3589 3274 posset
3625 3200 3878 3274 perituro
3938 3242 3939 3257 ι

2178 3310 2531 3356 succurrere.
2587 3293 2694 3353 Sed
2742 3310 2876 3352 cum
2914 3294 3024 3351 hoc
3045 3292 3309 3367 episc0po
3344 3290 3448 3365 qui
3475 3294 3618 3348 tunc
3642 3295 3883 3367 praeerat
3938 3300 3939 3349 ι

391 3209 470 3267 tio
502 3215 588 3268 est
634 3209 907 3271 Ecclesiae
958 3214 1141 3287 gloria
1171 3223 1495 3295 martyrum
1547 3221 1852 3297 virtusque
1883 3226 2094 3279 sancto-

389 3314 542 3357 rum.

462 3389 743 3465 Tempore
778 3409 917 3468 quo,
971 3394 1323 3456 interfecto.‘1
1349 3398 1726 3467 Chlodomere
1753 3416 1886 3475 rege
1915 3400 2092 3459 Fran-

391 3496 614 3554 corum,
667 3499 727 3541 se
756 3485 1045 3544 exercitus
1082 3504 1352 3561 reparans
1400 3490 1797 3564 Burgundiam
1839 3492 2097 3549 devasta-

393 3569 509 3639 bat,
557 3572 621 3629 in
652 3573 903 3644 quadam
951 3574 1188 3632 basilica
1237 3577 1501 3651 reliquiae
1542 3579 1662 3652 jam
1689 3579 1825 3636 dicti
1855 3578 2094 3653 apostoli

392 3672 526 3715 cum
558 3659 857 3718 Saturnini
900 3664 1172 3735 martyris
1209 3666 1571 3724 tenebantur.
1607 3668 1975 3741 Accensaque
2002 3668 2096 3726 ba-

397 3745 579 3819 silica,
610 3762 745 3806 cum
769 3748 891 3821 jam
938 3749 1231 3822 tignorum
1272 3753 1454 3810 moles
1490 3754 1763 3827 dirueret,
1817 3772 2096 3830 pauperes

310 3896 323 3907 ,
397 3856 465 3899 ac
491 3855 679 3912 senes,
715 3856 859 3914 quos
882 3841 1179 3901 barbaries
1224 3844 1551 3919 reliquerat,
1582 3848 1812 3919 ﬂebant,
1844 3856 1987 3914 755
2015 3849 2099 3907 di-

401 3934 595 3989 centes
636 3949 649 3989 :
707 3930 811 3988 Vae
858 3932 1027 4005 nobis
1066 3934 1167 4008 qui
1224 3939 1519 3995 tantorum
1572 3938 1883 4012 pignorum
1930 3938 2101 3996 hodie

397 4036 662 4080 caremus
685 4022 944 4095 auxilio;
968 4038 1075 4082 nec
1102 4026 1270 4084 nobis
1295 4026 1447 4086 ultra
1478 4044 1605 4101 spes
1633 4030 1936 4102 praesentis
1966 4029 2101 4087 vita)

396 4110 675 4183 manebit,
712 4114 761 4171 si
790 4114 919 4172 haec
943 4114 1310 4190 deperierint.
1340 4118 1446 4175 His
1497 4118 1575 4175 ita
1624 4118 1919 4188 ﬂentibus,
1948 4124 2103 4176 nutu

396 4201 500 4260 Dei
515 4201 830 4263 adveniens
850 4203 1174 4266 Turonicus
1206 4208 1400 4279 homo,
1428 4206 1738 4267 condolens
1763 4208 1855 4265 his
1880 4208 2104 4265 lamen-

474 4713 492 4734 ι
526 4701 671 4753 Idem
713 4697 874 4751 habet
920 4702 1109 4751 auctor
1153 4699 1275 4749 Viae
1307 4699 1479 4751 sancti
1519 4696 1803 4748 Willibaldi
1852 4696 1908 4747 in
1964 4708 2106 4760 prae-

412 4773 627 4826 cedenti
708 4774 838 4822 nota
910 4770 1172 4829 laudatus,
1234 4774 1287 4821 et
1336 4772 1556 4820 sanctus
1626 4768 1894 4819 Modestus
1936 4768 2105 4831 epise.

414 4844 920 4909 Jerosolymitanus,
991 4842 1177 4893 saeculi
1240 4854 1319 4893 vu
1388 4840 1562 4901 initio,
1636 4840 1778 4901 apud
1849 4839 2107 4898 Photium,

416 4917 654 4970 Biblioth.
706 4920 831 4967 cod.
893 4915 1003 4983 2‘15.
1057 4914 1184 4978 Ejus
1248 4912 1493 4975 reliquiae
1544 4910 1740 4962 saeculo
1787 4923 1851 4983 ix
1899 4909 2110 4961 labente

416 4986 928 5049 Constantinopolim
1004 4986 1273 5036 translata:
1329 4983 1583 5034 dicuntur
1642 4985 1742 5031 sub
1784 4981 1957 5033 Leone
2019 4984 2113 5032 Sa-

415 5062 620 5124 piente.
670 5060 794 5109 Aliae
844 5061 968 5109 sunt
1020 5057 1179 5109 hodie
1242 5058 1295 5107 in
1351 5056 1513 5105 variis
1558 5052 1737 5104 Gallias
1777 5052 1911 5124 locis
1944 5053 2115 5103 tradi—

418 5123 597 5182 tiones
654 5130 801 5181 circa
847 5129 896 5180 B.
970 5128 1296 5191 ltlagdalenie
1362 5126 1675 5188 sepulcrum
1731 5128 1782 5175 et
1836 5123 2113 5188 reliquias,

417 5213 554 5262 quas
626 5199 713 5251 hic
783 5200 1056 5250 discutere
1116 5213 1225 5251 non
1292 5200 1466 5249 vacat.
1528 5197 1597 5248 De
1648 5200 1856 5258 septem
1901 5206 2115 5259 quoque

422 5270 823 5322 Dormientibus
886 5271 1063 5333 agitur
1120 5271 1175 5321 in
1253 5270 1365 5321 Vita
1412 5270 1581 5320 sancti
1632 5265 1933 5317 Willibaldi.
1988 5264 2115 5315 Vide

415 5342 558 5394 intra
591 5354 708 5407 cap.
745 5342 823 5392 95.

483 5414 505 5443 ⁵
540 5415 695 5466 Deest
727 5414 828 5466 hoc
856 5417 1016 5478 caput
1048 5414 1099 5464 in
1132 5413 1358 5464 Ciarom.
1392 5412 1441 5461 b.

475 5496 493 5515 ·
528 5486 650 5539 Haec
706 5489 787 5538 est
839 5475 1082 5537 veterum
1138 5485 1355 5535 traditio
1400 5497 1430 5533 a
1462 5483 1666 5534 sanctis
1699 5480 1949 5535 Paulino,
1978 5475 2117 5527 Gau-

426 5558 626 5616 dentio,
695 5558 846 5609 Petro
920 5556 1269 5619 Chrysologo,
1342 5553 1569 5617 aliisque
1601 5549 1957 5614 scriptoribus
2013 5560 2114 5619 ap-

428 5630 672 5692 probata.
741 5628 986 5680 Celebria
1034 5618 1191 5676 sunt
1250 5624 1494 5689 ejusdem
1568 5620 1797 5686 apostoli
1849 5618 2117 5692 passionis

425 5687 570 5756 ficta,
606 5711 724 5761 quae
774 5699 875 5750 sub
923 5687 1368 5760 presbyterorum
1418 5697 1472 5747 et
1539 5693 1888 5746 diaconorum
1929 5687 2113 5761 eccle-

425 5770 522 5821 sias
569 5760 787 5823 Aehaiae
835 5769 1056 5823 nomine
1107 5766 1393 5831 habentur,
1436 5764 1503 5820 de
1540 5775 1771 5831 quorum
1805 5760 2117 5817 sinceritate

2113 4532 2164 4591 D

2178 3387 2530 3463 suggeritur,
2569 3387 2694 3444 ait:
2738 3385 3054 3461 Quousque
3103 3400 3225 3455 vos,
3281 3382 3667 3447 dilectissimi,
3732 3396 3883 3439 casso

2178 3478 2429 3553 fatigatis
2460 3477 2672 3548 labore,
2702 3483 2758 3534 et
2803 3478 2955 3535 inter
2995 3477 3261 3535 homines
3303 3473 3603 3549 requiritis
3642 3472 3881 3533 medici-

2179 3586 2336 3641 nam,
2390 3583 2523 3626 cum
2553 3567 2831 3624 habeatur
2858 3566 2952 3623 hic
2990 3563 3237 3623 cmlestis
3283 3561 3563 3634 medicus,
3598 3564 3709 3637 qui
3740 3578 3884 3636 saepe
3938 3564 3939 3567 “

2179 3660 2547 3717 infirmorum
2601 3653 2961 3712 valetudines
3004 3652 3127 3710 sine
3158 3651 3466 3710 herbarum
3499 3650 3880 3717 adminiculo,

2179 3748 2412 3807 virtutis
2446 3743 2692 3820 propriae
2723 3741 2968 3815 depellat
2996 3738 3241 3798 effectu?
3292 3738 3361 3796 Et
3398 3738 3551 3813 quis,
3580 3739 3881 3813 inquiunt,
3938 3798 3939 3801 η

2181 3842 2267 3896 est
2291 3832 2441 3894 ille?
2486 3830 2768 3902 Andreas,
2808 3830 2907 3900 ait,
2936 3827 3226 3902 apostolus
3269 3826 3503 3884 Christi.
3556 3826 3705 3885 Haec
3736 3843 3882 3885 nun-
3938 3830 3939 3869 ι

2183 3928 2390 3985 tiantes
2419 3925 2674 3989 infirmo,
2700 3926 2863 3993 rogat
2883 3937 2941 3978 se
2972 3918 3183 3993 portari
3210 3917 3285 3975 ad
3316 3917 3465 3975 beati
3494 3917 3835 3990 sepulcrum
3851 3917 3883 3971 ί.

2185 4017 2464 4090 Cumque,
2497 3990 2828 4087 pavimento
2866 3990 3204 4083 prostratus,
3244 4022 3375 4081 quae
3404 4008 3723 4065 necessitas
3766 4006 3887 4064 exi-
3938 3990 3939 4009 ¹

2183 4108 2349 4183 gebat
2382 4106 2628 4165 fideliter
2682 4106 3029 4176 precaretur,
3090 4097 3280 4156 medio
3320 4098 3435 4154 fere
3464 4096 3654 4154 noctis
3694 4112 3891 4154 omnes

2187 4198 2289 4271 qui
2316 4189 3016 4266 aderantsoporobtinuit.
3050 4186 3370 4259 Statimque
3391 4184 3630 4244 infirmo
3652 4192 3891 4243 conatus
3938 4192 3939 4275 ξ

399 4289 490 4362 tis,
527 4294 583 4348 et
629 4290 855 4350 discens
888 4294 1158 4353 virtutem
1204 4303 1546 4370 martyrum,
1596 4310 1710 4352 non
1766 4296 1963 4352 minus
1996 4294 2106 4352 fide
2187 4285 2487 4361 ejiciendis
2514 4283 2704 4373 urinae
2752 4279 3039 4373 imminet,
3080 4283 3656 4373 tangensque-unum
3688 4291 3893 4349 puero-

405 4399 585 4457 quam
611 4401 809 4460 parma
834 4386 1149 4461 “protectus,
1201 4402 1300 4460 per
1329 4362 1546 4444 medias
1578 4385 1903 4459 ingreditur
1948 4385 2107 4442 ﬂam-
2191 4393 2340 4445 rum,
2370 4389 2508 4432 voce
2537 4371 2694 4463 tenui
2712 4362 3888 4463 vasculumpos‘tula‘texhiberi,illatoquE,
3938 4406 3939 4429 ι

364 4454 376 4471 κ
403 4453 548 4547 mas,
578 4453 1079 4551 apprehensasque
1109 4453 1183 4535 ab
1202 4453 1379 4535 altari
1412 4453 1673 4534 sanctas“
1694 4475 1985 4549 reliquiae,
2019 4476 2162 4551 ni-“
2186 4469 2330 4526 dum
2360 4462 2592 4523 urinam
2622 4458 2831 4517 nititur
2855 4456 3080 4530 ejicere,
3113 4453 3363 4527 lapidem
3377 4467 3660 4525 magnum
3674 4453 3889 4511 emisit:
3938 4482 3939 4495 ι

2191 4699 2297 4738 nou
2345 4697 2455 4737 una
2501 4684 2584 4734 est
2634 4678 2876 4731 omnium
2933 4671 3219 4726 sententia.
3252 4670 3379 4721 Vide
3418 4667 3755 4721 Tillemontii
3802 4681 3893 4719 no-

2190 4762 2273 4810 tas
2309 4758 2376 4809 de
2413 4756 2599 4806 sancto
2652 4749 2880 4809 Andrea,
2932 4748 3076 4796 torno
3132 4744 3149 4793 ι
3191 4741 3320 4792 Hist.
3354 4739 3552 4793 eccles.
3600 4766 3661 4776 —
3688 4740 3749 4791 1n
3781 4740 3898 4789 Mrs.

2192 4829 2291 4881 sali
2325 4826 2543 4879 Gothico
2578 4821 2847 4874 Gallicano
2882 4817 3028 4881 quod
3080 4827 3145 4866 ex
3175 4813 3450 4865 Thomasio
3489 4810 3671 4861 edidit
3720 4814 3899 4862 noster

2195 4897 2541 4952 Mabillonius
2586 4894 2679 4945 lib.
2736 4903 2794 4942 ιιι
2848 4888 3094 4950 Liturgiaa
3143 4884 3427 4937 Gallicanae
3480 4893 3633 4933 num.
3696 4884 3771 4940 t7,
3809 4882 3899 4932 ha-

2194 4973 2353 5024 betur
2388 4968 2553 5019 Missa
2600 4965 2667 5017 de
2719 4965 2908 5013 sancto
2940 4958 3165 5018 Andrea,
3214 4958 3371 5018 cujus
3409 4954 3769 5027 contestatio,
3793 4964 3897 5027 seu.

2186 5047 2253 5095 ut
2310 5042 2598 5104 loquimur,
2656 5032 2900 5104 praefatio
2962 5043 3033 5081 ex
3072 5024 3664 5104 _vu_lgatorum‘hujus
3716 5024 3901 5104 sancti

2199 5098 2431 5178 apostoli
2454 5098 2909 5178 Actorumgverbis
2937 5105 3000 5178 _u_t
3035 5100 3343 5178 plurimum‘
3360 5098 3615 5148 contexta
3643 5099 3753 5147 est.

2261 5184 2280 5213 τ’
2322 5183 2467 5242 Vide,
2497 5192 2679 5244 supra,
2715 5176 2909 5227 Hister.
2937 5171 3027 5222 lib.
3055 5182 3290 5244 Πυθίη)ἒ

3746 306 3843 366 73?

2261 5267 2280 5291 ε
2314 5237 2463 5305 ϐοὰ(
2501 5237 2641 5301 Clar.
2708 5262 2778 5308 a.,
2836 5242 3201 5297 Noviacensis.
3262 5238 3401 5291 Colb.
3449 5241 3568 5295 tut.,
3638 5237 3939 5290 Nova-en»

2197 5329 2290 5378 sis.
2338 5324 2506 5375 Locus
2548 5326 2630 5373 est
2673 5318 2815 5382 apud
2858 5317 3115 5371 Turones,
3159 5311 3321 5374 vulgo
3352 5309 3529 5361 Neuvi
3573 5308 3789 5368 dictus,
3824 5308 3939 5358 ubi.

2200 5397 2473 5459 hodieque
2503 5394 2695 5443 visitur
2724 5388 2957 5440 ecclesia
2990 5382 3292 5459 antiquati.
3312 5382 3535 5459 andreas
3561 5391 3752 5459 sacra.

2266 5470 2283 5505 ί
2323 5450 2451 5529 Ejus
2526 5474 2742 5515 sacrum
2804 5468 3007 5529 corpus
3070 5450 3589 5529 Constantinopolim
3668 5451 3909 5529 transis-

2202 5544 2315 5591 tum
2362 5520 2445 5589 est
2503 5548 2593 5590 an.
2658 5533 2767 5589 357,
2827 5528 2927 5579 sub
2978 5525 3282 5578 Constantio
3324 5524 3475 5585 imp.,
3534 5522 3595 5570 ut
3667 5520 3939 5591 scribuut‘

2201 5589 2424 5663 veteres
2479 5589 2744 5659 auctores.
2795 5600 2925 5697 Vide‘
2954 5596 3400 5697 hPhilostorgium,
3454 5591 3545 5643 lib.
3583 5602 3655 5642 ιιι
3691 5589 3939 5667 numd,

2214 5686 2250 5697 ,1
2297 5679 2541 5697 nu.--.l-_.
2588 5677 2857 5697 I--l-_-m
2933 5672 2945 5697 ι
3041 5682 3081 5697 II
3938 5672 3939 5697 l

2202 5686 2255 5735 et
2297 5679 2559 5734 Theodor.
2587 5677 2882 5736 Lectorem,
2911 5669 3003 5723 lib.
3041 5682 3101 5722 ιι.
