3982 6346
817 318 1369 380 MIRACULORU“
1414 318 1552 379 LIB.
1595 318 1640 377 Ι.
1684 318 1777 377 DE
1819 318 2098 379 GLOBIA
2140 321 2589 383 MARTYRUM.

3336 321 3442 383 734

62 448 178 500 tam
202 441 447 502 validus
470 442 600 510 fuit,
630 448 697 503 ut
734 446 941 504 cadens
990 462 1196 504 sonum
1246 447 1308 504 in
1355 448 1478 521 ipsa
1518 445 1712 519 quaeA
1733 449 1931 503 tenum
1953 448 2165 519 pedum
2191 448 2498 508 altitudine
2519 465 2669 523 aqua
2688 449 2992 509 hauriatur
3015 465 3049 507 a
3068 449 3277 524 puteis,
3304 452 3445 508 tunc

36 538 121 588 ata
166 532 372 590 fuerat
422 533 638 591 concha
689 534 986 607 proferret.
1041 534 1211 593 Tunc
1260 534 1448 593 ablata
1496 534 1652 593 febre

36 640 59 681 ri
86 623 262 682 omni
289 624 508 691 dolore,
542 625 678 683 navi
714 630 1067 686 restauratur
1094 625 1405 685 incolumis
1430 639 1474 685 ³.

546 770 790 828 CAPUT
819 771 1060 834 XXXII.

476 880 551 933 De
611 880 813 934 Thoma
871 881 1135 951 apostolo.

36 984 262 1041 ,‘homas
289 984 314 1013 ⁸
344 986 633 1058 apostolus
681 988 823 1057 (Post
868 1005 959 1045 an.
1010 987 1097 1052 66,
1140 985 1404 1055 21Dec.),
1451 1000 1655 1042 secun-

36 1092 71 1131 n
110 1076 410 1147 passionis
449 1078 571 1151 ejus
618 1077 941 1146 historiam,
992 1079 1051 1134 in
1109 1077 1274 1135 India
1303 1092 1506 1150 passus
1534 1090 1656 1131 esse

40 1168 283 1225 laratur.
323 1168 503 1241 Cujus
538 1169 771 1226 beatum
813 1185 1021 1241 corpus
1066 1178 1190 1243 post
1226 1170 1476 1227 multum
1509 1174 1652 1225 tem-

36 1274 42 1307 ;
68 1264 448 1329 assumptum
482 1258 541 1315 in
578 1258 826 1324 civitate,
858 1275 1030 1332 quam
1055 1258 1187 1333 Syri
1218 1271 1238 1296 ο
1264 1259 1525 1317 Edissam
1549 1273 1651 1315 vo-

36 1354 82 1409 t,
114 1348 470 1405 translatum
502 1356 605 1420 est,
654 1349 852 1423 ibique
893 1350 1210 1422 sepultum.
1252 1350 1398 1421 Ergo
1438 1349 1652 1406 inloco

38 1438 186 1493 iouis
234 1437 450 1503 Indiae,
490 1455 604 1515 quo
634 1440 795 1513 prius
827 1440 1067 1514 quievit,
1106 1441 1519 1499 monasterium
1546 1439 1651 1495 lia-

36 1540 119 1587 ur,
148 1532 205 1581 et
238 1527 532 1597 templum
564 1526 727 1583 mirae
767 1529 1205 1602 magnitudinis,
1237 1527 1658 1600 diligenterque

1736 534 2041 608 paululum
2101 539 2150 596 si
2206 536 2407 609 fodias,
2463 537 2681 597 aifatim
2740 540 3004 614 lymphas
3059 538 3445 598 exuberantes

1736 623 2022 694 invenies,
2056 627 2209 699 quod
2246 642 2363 684 non
2386 627 2702 700 ambigitur
2727 628 2853 685 haac
2882 628 3095 685 virtute
3122 626 3274 685 beati
3301 640 3441 699 apo-

1738 712 1869 770 stoli
1934 714 2233 788 impertiri.
2295 716 2561 775 Decursis
2619 716 2797 789 igitur
2832 717 3160 774 festivitatis
3216 709 3444 787 diebus,

1745 804 2033 863 teloneum
2090 806 2387 880 publicum
2428 816 2454 852 ε
2498 806 2779 876 redditur,
2836 821 3036 864 musca
3092 820 3226 879 quae
3263 803 3449 864 defuit

1742 892 1917 963 adest,
1960 895 2357 969 propinquitas
2413 911 2580 970 aqua)
2630 896 2894 953 dehiscit.
2952 895 3177 953 Dehinc
3235 895 3445 953 emissa

1740 978 2026 1037 divinitus
2060 981 2257 1053 pluvia
2298 983 2375 1039 ita
2404 998 2575 1041 omne
2602 984 2815 1041 atrium
2866 982 3063 1055 templi
3106 998 3139 1040 a
3176 982 3447 1042 sordibus

1740 1078 1795 1129 et
1824 1072 2068 1129 diversis
2108 1074 2473 1146 squaloribus
2514 1076 2617 1147 qui
2669 1090 2768 1146 per
2814 1076 2938 1147 ipsa
2986 1073 3269 1133 solemnia
3308 1072 3441 1131 facti

1738 1168 1877 1218 sunt
1903 1162 2164 1231 mundat,
2199 1167 2263 1219 ut
2291 1170 2455 1233 putes
2481 1163 2673 1220 locum
2703 1177 2809 1219 nec
2839 1162 3016 1221 fuisse
3052 1162 3353 1221 calcatum.

2322 1294 2566 1353 CAPUT
2602 1294 2865 1353 XXXIII.

2189 1406 2264 1459 De
2296 1405 2685 1459 Bartholomaao
2721 1405 2986 1476 apostolo.

1813 1518 2302 1578 Bartholomzeum
2333 1519 2657 1593 apostolum
2686 1520 2838 1591 apud
2870 1517 3097 1575 Indiam
3126 1523 3148 1553 ιι
3185 1530 3442 1589 passum,

36 1622 285 1672 irnatum
344 1623 515 1689 atque
570 1618 970 1690 compositum.
1032 1620 1100 1677 In
1154 1620 1261 1677 hac
1310 1618 1489 1690 igitur
1537 1618 1669 1685 {ede
1738 1611 1939 1683 agonis
1980 1611 2161 1683 ipsius
2188 1618 2382 1668 narrat
2420 1610 2657 1668 historia
2694 1612 2847 1679 (Saec.
2889 1621 2928 1677 I,
2962 1608 3029 1666 24
3068 1608 3259 1678 Aug.).
3312 1606 3446 1664 Post

36 1720 219 1775 gnum
252 1705 613 1765 miraculum
648 1709 796 1766 Deus
833 1709 1099 1768 ostendit,
1138 1709 1414 1783 Lychnus
1444 1709 1659 1766 etenim
1742 1700 2055 1759 multorum
2074 1716 2208 1760 vero
2236 1716 2523 1758 annorum
2550 1700 2729 1773 spatia
2758 1699 2829 1757 de
2848 1699 3113 1773 passione
3139 1699 3285 1771 ejus,
3309 1712 3444 1755 cum

36 1796 83 1850 bi
114 1796 368 1867 positus,
418 1802 589 1871 atque
626 1796 1019 1869 illuminatus,
1060 1797 1193 1857 ante
1239 1800 1430 1857 locum
1465 1799 1716 1886 sepul-B
1742 1799 1884 1886 7A5_8
1940 1791 2559 1886 iterum__Christianis
2614 1790 2934 1886 persecutio
2993 1788 3347 1886 advenisset,
3388 1790 3447 1844 et

36 1902 84 1942 εξ)
116 1886 313 1957 ipsius
362 1889 765 1961 perpetualiter
810 1891 904 1948 die
954 1898 1242 1965 noctuque
1266 1892 1478 1961 idivino
1504 1899 1654 1949 nutu

36 1976 293 2048 plendet,
356 1994 386 2034 a
435 1986 578 2043 757
622 1980 782 2038 nullo
834 1982 1156 2054 fomentum
1203 1983 1313 2040 olei
1369 1982 1656 2054 scirpique

38 2064 227 2134 ipiens
258 2089 270 2123 :
307 2082 501 2139 neque
528 2076 697 2127 vento
727 2070 1141 2143 exstinguitur,
1177 2085 1360 2141 neque
1388 2086 1525 2127 casu
1567 2070 1655 2126 di-

36 2155 167 2223 itur,
225 2171 427 2229 neque
473 2157 725 2217 ardendo
770 2159 1095 2228 minuitur;
1146 2159 1429 2231 habetque
1468 2159 1656 2215 incre-

36 2252 201 2302 ntum
253 2262 365 2319 per
418 2249 655 2319 apostoli
722 2250 1013 2315 virtutem,
1071 2250 1219 2323 quod
1281 2250 1535 2307 nescitur
1583 2250 1655 2306 ab

36 2337 192 2408 nine,
226 2339 531 2411 cognitum
558 2346 748 2397 tamen
781 2343 805 2377 ά
842 2342 1084 2398 habetur
1110 2340 1327 2398 divinm
1365 2341 1653 2413 potentite.

36 2442 55 2481 ς
86 2426 442 2486 Theodorus
474 2430 576 2502 qui
616 2430 685 2487 ad
718 2430 910 2503 ipsum
964 2430 1150 2487 locum
1193 2432 1445 2498 accessit,
1490 2430 1655 2487 nobis

36 2517 231 2573 iosuit.
286 2516 358 2573 In
409 2518 732 2589 supradicta
784 2520 963 2590 igitur
1003 2520 1165 2590 urbe,
1220 2521 1279 2576 in
1319 2536 1435 2593 qua
1464 2519 1655 2576 beatos

36 2620 95 2660 us
128 2604 403 2661 diximus
434 2605 767 2675 tumulatos,
799 2607 1141 2663 adveniente
1173 2608 1499 2679 festivitate,
1532 2627 1654 2667 ma-

36 2712 90 2751 IS
140 2702 502 2771 aggregatur
559 2696 897 2769 populorum
956 2707 1154 2768 coetus,
1211 2715 1275 2755 ac
1314 2701 1382 2757 de
1410 2696 1657 2762 diversis

40 2786 277 2843 ionibus
308 2801 450 2843 cum
479 2786 627 2843 votis
654 2788 1013 2861 negotiisque
1039 2788 1411 2847 venientibus
1437 2806 1478 2862 °,
1514 2809 1655 2850 ven-

36 2878 107 2934 idi
137 2878 637 2952 comparandique
662 2896 761 2953 per
794 2881 1023 2951 triginta
1052 2881 1175 2938 dies
1200 2883 1327 2940 sine
1366 2883 1485 2941 ulla
1517 2884 1657 2941 telo-

64 2966 381 3023 exactione
411 2964 644 3023 licentia
668 2966 858 3024 datur.
887 2967 953 3024 In
981 2968 1072 3024 his
1096 2984 1231 3025 vero
1247 2969 1452 3028 diebus
1475 2972 1575 3043 qui
1596 2972 1655 3029 in

36 3069 132 3109 nse
164 3053 463 3110 habentur
489 3053 691 3125 quinto
724 3054 760 3117 ι,
796 3070 1003 3126 magna
1034 3061 1087 3111 et
1120 3054 1393 3114 inusitata
1426 3058 1655 3131 populis

36 3146 275 3203 abentur
303 3143 607 3202 beneﬁcia.
632 3145 756 3203 Non
790 3145 1129 3204 scandalum
1163 3147 1348 3221 surgit
1378 3148 1436 3205 in
1466 3148 1647 3220 plebe,

36 3252 49 3289 ι
87 3249 293 3292 musca
322 3232 539 3291 insidet
569 3234 927 3292 mortificatre
955 3234 1138 3305 carni,
1171 3208 1297 3292 non
1320 3208 1709 3296 latex‘deestc‘

38 3322 175 3380 enti.
214 3319 369 3379 Nam
399 3336 534 3379 cum
565 3320 646 3379 ibi
677 3320 917 3395 reliquis
942 3321 1147 3381 diebus
1182 3322 1487 3395 plusquam
1518 3340 1651 3383 cen-

54 3492 110 3542 In
170 3493 406 3543 Clarom.
469 3504 499 3542 a
550 3491 677 3543 huic
742 3492 906 3556 capiti
968 3493 1316 3557 subjungitur
1367 3500 1523 3560 caput
1586 3498 1653 3550 de

40 3563 216 3614 acnlis
280 3564 461 3614 sancti
544 3563 768 3615 Andrete
844 3566 1091 3626 apostoli,
1144 3566 1286 3629 quod
1337 3572 1435 3623 est,
1492 3568 1651 3631 infra,

38 3639 96 3683 ut
128 3635 212 3684 79.

57 3708 219 3757 Deest
276 3704 387 3756 hoc
429 3710 607 3769 caput
652 3706 707 3756 in
769 3705 913 3758 Colb.
974 3708 1070 3757 tut.
1121 3710 1175 3760 et
1229 3708 1393 3760 simul
1448 3722 1571 3762 cum
1628 3713 1657 3762 2

38 3791 87 3841 q.
138 3778 193 3827 in
239 3775 386 3827 Clar.
436 3790 489 3827 a.
536 3777 593 3827 in
628 3777 749 3828 aliis
783 3777 911 3829 Mss.
962 3781 1121 3841 caput
1156 3780 1257 3829 hoc
1289 3780 1339 3829 in
1377 3781 1480 3832 duo
1514 3782 1656 3834 divi-

38 3862 117 3903 ir;
158 3848 395 3919 alterius
441 3848 624 3898 titulus
674 3851 791 3899 est:
838 3847 909 3899 De
948 3848 1157 3902 virtute
1190 3849 1423 3903 basilicae
1463 3852 1524 3903 in
1548 3867 1657 3919 qua

38 3923 120 3969 lea
205 3917 519 3970 translatus
589 3920 681 3970 est.
746 3919 1034 3971 Historiam
1119 3922 1388 3984 passionis
1477 3917 1651 3978 sancti

38 4004 149 4041 ,ωδε
200 3989 569 4041 authenticam
618 3989 823 4041 nullam
881 3992 1150 4043 novimus.
1205 3993 1413 4045 Certum
1471 3999 1650 4048 tamen

38 4065 156 4112 etur
204 4060 364 4110 illum
413 4060 552 4124 apud
606 4061 765 4112 Indos
800 4059 994 4112 Christi
1049 4062 1209 4113 fidem
1246 4065 1647 4129 disseminasse,

38 4132 426 4183 attestantibus
487 4131 745 4195 Gregorio
796 4134 1149 4191 Nazianzeno,
1198 4138 1333 4187 orat.
1388 4138 1466 4197 ‘25,
1523 4138 1649 4189 Hie-

38 4215 176 4265 ymo
230 4203 393 4265 epist.
450 4203 553 4261 148,
620 4205 897 4255 Ambrosio
944 4206 999 4255 in
1042 4206 1229 4268 psalm.
1269 4219 1397 4269 XLV,
1435 4208 1650 4261 Paulino

38 4287 176 4337 sque
234 4275 443 4325 sanctis
513 4274 767 4331 Patribus,
819 4288 888 4325 ex
962 4277 1155 4340 quibus
1226 4277 1553 4330 Gaudentius
1602 4284 1654 4333 et

38 4381 47 4403 ,
114 4358 243 4397 cum
331 4344 723 4396 vetustioribus
787 4346 1207 4410 Martyrologiis,
1289 4351 1436 4399 aiunt
1530 4365 1652 4401 eum

38 4420 135 4467 lem
186 4419 355 4466 vitam
406 4416 629 4473 ﬂniisse,
693 4422 743 4467 et
804 4418 1023 4479 quidem
1080 4422 1360 4485 martyrio,
1415 4434 1481 4473 ex
1520 4424 1647 4481 Nilo,

38 4490 159 4543 ario,
196 4490 395 4539 eodem
431 4488 751 4547 Gaudentio,
774 4494 876 4540 etc.

1003 4560 1285 4621 Edessam,
1330 4564 1417 4613 ubi
1453 4526 1708 4633 Saeculob

49 4631 229 4681 sancti
292 4628 505 4682 Thomte
552 4641 753 4693 corpus
808 4632 1082 4683 exstitisse
1140 4639 1351 4685 constat
1400 4648 1467 4687 ex
1541 4628 1700 4687 Ru-—
1734 4638 1918 4703 quenti

52 4706 269 4836 habet
294 4772 486 4835 scripti
514 4778 565 4823 et
600 4775 745 4832 Editi,
776 4778 1072 4839 cognitumt
1103 4779 1333 4827 amtum.

50 4844 200 4903 Bal.,
315 4844 846 4910 negotiatoribusque
964 4862 1022 4898 vc
1074 4848 1322 4899 tantibus.
1436 4850 1647 4915 Aliquot

46 4917 139 4976 pti,
189 4915 531 4987 negotiisque
573 4917 860 4981 venientes.
898 4919 1193 4982 Negotium,
1252 4932 1350 4982 pro
1379 4923 1641 4987 mercede,

1741 1882 2000 1941 viderent
2030 1881 2271 1953 gentiles
2295 1896 2529 1939 omnem
2550 1879 2829 1952 populum
2857 1877 2928 1934 ad
2955 1876 3081 1955 ejus
3109 1874 3443 1949 sepulcrum

1740 1985 2105 2039 concurrere,
2138 1969 2306 2042 eique
2335 1968 2759 2041 deprecationes
2814 1966 3044 2025 assidue
3102 1970 3158 2021 et
3203 1963 3444 2021 incensa

1739 2057 1978 2124 deferre,
2034 2055 2256 2113 invidia
2316 2056 2510 2125 illecti,
2549 2054 2912 2113 abstulerunt
2965 2068 3171 2125 corpus
3201 2052 3347 2124 ejus,
3389 2054 3446 2109 et

1740 2155 2014 2221 ponentes
2066 2147 2127 2203 in
2180 2148 2598 2228 sarcophagum
2647 2145 3010 2217 plumbeum,
3079 2141 3445 2215 projecerunt

1738 2236 1881 2293 illud
1913 2236 1973 2293 in
2017 2252 2190 2306 mare,
2239 2236 2526 2293 dicentes:
2577 2235 2723 2305 Quia
2762 2250 2875 2293 non
2908 2233 3143 2291 seduces
3190 2230 3443 2305 amplius

1739 2324 2015 2397 populum
2064 2330 2341 2381 nostrum.
2397 2321 2505 2380 Sed
2555 2320 2917 2395 providentia
2949 2320 3053 2399 Dei
3106 2321 3443 2403 cooperante

1736 2427 1834 2485 per
1879 2417 2163 2468 secretum
2211 2410 2399 2483 Operis
2440 2410 2583 2483 ejus,
2624 2410 3011 2483 sarophagum
3041 2405 3382 2480 plumbeum
3409 2420 3444 2463 a

1736 2499 1858 2557 loco
1902 2500 2003 2557 illo
2034 2500 2200 2573 aquis
2251 2498 2708 2557 subvehentibus
2757 2498 3147 2567 sublevatum,
3185 2496 3442 2553 delatum

1737 2598 1821 2648 est
1850 2591 1919 2647 ad
1942 2590 2220 2661 insulam,
2254 2591 2533 2649 vocabulo
2558 2590 2784 2664 Liparis
2804 2590 2838 2648 ί.
2872 2588 3329 2661 Revelatumque
3355 2590 3443 2643 est

1739 2679 2102 2743 Christianis,
2136 2688 2198 2737 ut
2228 2696 2363 2737 eum
2393 2680 2728 2751 colligerent
2755 2704 2766 2737 :
2800 2679 3223 2752 collectumque
3249 2694 3316 2735 ac
3347 2691 3438 2735 se-

1737 2772 1989 2844 pultum,
2020 2771 2457 2829 tediiicaverunt
2477 2787 2649 2844 super
2673 2786 2810 2828 eum
2832 2770 3115 2843 templum
3138 2783 3440 2840 magnum.

1740 2864 1805 2921 In
1840 2880 1952 2937 quo
1983 2881 2141 2922 nunc
2179 2864 2497 2932 invocatus,
2532 2863 2801 2937 prodesse
2826 2862 3055 2937 pOpulis
3089 2860 3289 2921 multis
3318 2860 3440 2920 vir-

1742 2956 1959 3014 tutibus
1986 2971 2050 3012 ac
2081 2955 2374 3035 beneficiis
2409 2955 2754 3014 manifestat.

2299 3092 2542 3152 CAPUT
2574 3090 2813 3150 XXXIV
2840 3092 2877 3149 ³.

2174 3208 2249 3261 De
2284 3208 2558 3277 Stephano
2588 3207 3011 3276 protomartyre.

1809 3318 2137 3394 Stephanus
2188 3324 2383 3378 autem
2434 3318 2657 3393 primus
2708 3318 2800 3377 vel
2849 3317 3128 3376 diaconus
3165 3315 3439 3376 Ecclesiae

1734 3496 1939 3560 gorius,
1993 3494 2099 3545 alia
2147 3506 2257 3545 non
2305 3493 2373 3543 sit
2431 3492 2496 3543 ab
2556 3505 2620 3544 ea
2674 3504 2795 3555 qua:
2845 3490 2944 3541 sub
2996 3489 3173 3542 Abdita
3216 3490 3439 3541 nomine

1738 3569 1958 3631 vulgat-1
2016 3571 2116 3625 est,
2164 3568 2351 3616 nostra
2398 3565 2555 3615 lectio
2605 3566 2707 3615 erit
2750 3562 3108 3625 praeferenda.
3174 3561 3233 3613 In
3277 3561 3441 3613 Editis

1739 3644 1899 3702 caput
1964 3640 2024 3690 33
2086 3641 2167 3690 est
2229 3636 2296 3688 de
2348 3642 2541 3688 sancto
2618 3634 2906 3698 Stephano,
2965 3638 3018 3685 et
3084 3645 3322 3697 sequens
3372 3639 3441 3684 de

1739 3714 1926 3763 sancto
2008 3708 2417 3761 Bartholomaeo.
2510 3707 2955 3759 Bartholomaeum
3046 3704 3191 3769 apud
3275 3704 3438 3756 Indos

1739 3783 1896 3833 ﬁdem
1940 3783 2287 3833 aununtiasse
2320 3780 2574 3832 constare
2604 3780 2818 3831 videtur
2870 3789 2939 3829 ex
2972 3774 3223 3837 Eusebio,
3262 3774 3355 3828 lib.
3381 3788 3434 3835 v,

1738 3865 1857 3916 cap.
1956 3853 2027 3911 10,
2118 3852 2326 3912 Ruﬁno,
2408 3848 2499 3901 illi.
2602 3864 2679 3909 III,
2755 3861 2874 3913 cap.
2960 3850 3003 3909 1,
3084 3846 3433 3912 Hieronymo.

1736 3938 1835 3977 seu
1883 3924 2197 3988 SOphronio,
2257 3923 2324 3973 de
2375 3922 2509 3973 Viris
2567 3922 2841 3981 illustrib.,
2896 3920 3132 3980 Socrate,
3178 3921 3285 3970 etc.
3332 3919 3435 3971 Sed

1734 4010 1839 4047 non
1897 3997 2032 4047 adeo
2092 3997 2299 4045 certum
2347 3998 2428 4046 est
2483 4006 2643 4057 quam
2711 3993 2993 4054 regionem
3038 3989 3116 4041 illi
3183 3994 3436 4042 auctores

1735 4069 1895 4119 Iudae
1942 4067 2159 4117 nomine
2217 4066 2505 4128 designare
2566 4064 2853 4115 voluerint.
2938 4060 3062 4112 Vide
3127 4059 3433 4118 Tillemont,

1733 4143 1876 4189 tomo
1911 4137 2085 4193 liiist.
2119 4136 2315 4188 eccles.

1794 4209 2027 4271 'Lipara
2107 4207 2282 4257 insula
2358 4206 2632 4270 praecipua
2685 4206 2766 4256 est
2830 4204 3112 4255 {Eoliarum
3172 4204 3228 4254 in
3295 4202 3433 4253 mari

1736 4281 2032 4344 Tyrrheno,
2112 4277 2255 4327 haud
2331 4278 2520 4341 procul
2592 4289 2621 4326 a
2676 4274 2888 4336 Sicilia;
2961 4275 3241 4337 proprium
3302 4272 3431 4323 olim

1736 4352 1917 4403 habuit
1966 4352 2298 4411 episcopum,
2344 4348 2440 4398 sed
2490 4350 2609 4409 ejus
2658 4346 3003 4408 episc0patus
3046 4348 3233 4408 postea
3288 4344 3427 4395 Pac-

1736 4424 1895 4483 tensi,
1931 4421 2096 4479 Pam,
2140 4422 2189 4469 in
2222 4418 2549 4485 ora_Sicilize
2597 4419 2778 4467 unitus
2822 4420 2903 4467 est
2930 4430 2960 4467 a
3001 4416 3264 4466 Bonifacio
3301 4415 3431 4466 Vlll.

1737 4496 1909 4547 Sancti
1987 4490 2356 4542 Battholomzei
2428 4490 2737 4553 sepulcrum
2812 4501 2953 4539 anno
3004 4488 3095 4538 808
3156 4501 3185 4537 a
3240 4488 3428 4538 Sarra-

1732 4567 1882 4621 cenis
1927 4564 2180 4616 violatum
2230 4568 2330 4623 est,
2395 4562 2621 4625 ejusque
2664 4573 2835 4612 sacrae
2887 4560 3127 4623 reliquiae
3163 4572 3305 4612 anno
3336 4572 3434 4611 se-

1994 4636 2359 4686 Beneveutum
2431 4634 2707 4684 translatas
2799 4636 2943 4691 sunt,
3005 4632 3148 4682 unde
3211 4631 3428 4691 Romam

1728 4711 1905 4761 allatae
1945 4708 2161 4757 fuerunt
2208 4706 2275 4755 ab
2316 4706 2502 4765 Ottone
2552 4704 2634 4762 ill,
2690 4707 2850 4768 atque
2880 4706 2933 4753 in
2970 4702 3147 4753 insula
3176 4703 3429 4754 Tiberina

1730 4781 2010 4843 depositae,
2109 4777 2201 4826 ubi
2286 4779 2597 4828 etiamnunc
2664 4778 3034 4827 asservantur.
3116 4772 3429 4825 Theodorus

1730 4852 1916 4903 Lector
1950 4850 2036 4898 lib.
2087 4860 2125 4896 ιι
2166 4848 2354 4898 scribit
2396 4846 2568 4897 sancti
2599 4846 2964 4897 Bartholomaai
2990 4843 3248 4906 reliquias
3281 4852 3424 4893 anno

1730 4924 1857 4975 circ.
1900 4921 1990 4970 508
2044 4920 2098 4970 in
2132 4918 2320 4971 urbem
2372 4917 2546 4969 haras
2583 4917 2841 4969 Anastasii
2895 4918 3021 4977 imp.
3055 4918 3213 4977 jussu
3247 4916 3423 4964 trans-

78 4999 135 5037 re
194 4984 403 5046 venali,
453 4988 780 5053 quandoqhe
837 4991 1038 5040 assumi
1087 4994 1234 5041 notat
1268 4992 1559 5054 Bignonius
1590 4984 1642 5043 in
1724 4994 1863 5045 latas
1894 4991 2078 5044 fuisse.

74 5056 321 5108 Formul.
349 5068 467 5119 cap.
494 5057 567 5107 45.

44 5130 145 5179 Hic
204 5130 421 5177 mensis
473 5131 626 5191 juxta
693 5130 948 5194 Syrorum
1010 5136 1337 5194 computum,
1398 5135 1485 5197 qui
1546 5147 1645 5185 an-

40 5214 57 5249 ]
113 5213 145 5249 a
190 5198 483 5250 Novembri
548 5201 891 5259 inchoabant.
944 5206 1025 5253 est
1077 5204 1312 5259 Martius,
1371 5218 1475 5266 quo
1531 5208 1648 5269 Syri

42 5285 135 5321 um
197 5270 377 5322 sancti
427 5270 637 5337 Thema:
684 5274 1044 5332 celebrabant,
1102 5278 1155 5324 ut
1190 5280 1327 5337 pulit
1364 5289 1427 5325 ex
1458 5290 1644 5329 eorum

40 5342 264 5392 :ndario
324 5345 469 5405 quod
533 5344 912 5396 Genebrardus
981 5346 1145 5395 edidit
1205 5346 1447 5408 Lugduni
1508 5348 1641 5407 1615,

40 5414 83 5462 Jl
140 5425 270 5463 cum
319 5425 421 5463 suo
475 5416 528 5464 in
586 5415 821 5467 Psalmos
875 5416 1304 5468 commentario:

40 5506 45 5533 i
114 5484 207 5534 die
256 5485 287 5534 3
342 5483 484 5543 Julii,
542 5498 639 5537 seu
707 5489 911 5539 mensis
975 5488 1165 5551 quinti,
1224 5487 1418 5539 lestnm
1471 5493 1639 5542 sancti

40 5566 158 5613 mae,
204 5555 467 5605 nimirum
504 5556 914 5619 Transiationis,
941 5558 1235 5622 celebrant.

50 5626 172 5685 Alii,
197 5624 429 5687 publica,
453 5639 551 5679 seu
580 5628 806 5691 publico.

1788 5064 1945 5114 illoc
2018 5063 2068 5112 in
2150 5064 2323 5125 capite
2416 5062 2707 5123 Gregorius
2783 5060 3048 5109 memorat
3128 5057 3426 5110 ecclesiam

1728 5136 1896 5185 sancti
1944 5133 2217 5196 Stephani,
2266 5145 2425 5195 quam
2474 5132 2617 5195 apud
2668 5129 2997 5182 Turonicam
3034 5126 3223 5181 urbem
3247 5131 3421 5181 exsti-

1729 5209 1858 5257 tisse
1904 5206 2058 5263 dicit;
2114 5206 2261 5255 addit
2321 5211 2495 5253 tamen
2542 5202 2701 5266 paulo
2775 5207 2893 5264 post
2951 5212 3012 5251 se
3064 5204 3180 5263 post
3224 5203 3422 5255 mullos

1729 5277 1838 5326 dies
1894 5274 1967 5324 ad
2004 5275 2189 5325 urbem
2238 5285 2553 5335 regressum,
2601 5277 2737 5331 etc.;
2786 5284 2905 5338 qua:
2952 5271 3133 5329 verba,
3189 5274 3297 5325 nisi
3353 5274 3420 5324 de

1728 5346 1833 5399 alio
1889 5348 2140 5409 quopiam
2197 5346 2385 5395 itinere
2437 5344 2785 5406 intelligenda
2843 5345 2970 5407 sint,
3020 5345 3260 5396 indicant
3293 5355 3419 5395 ora-

1368 5420 1526 5469 Latini
1556 5426 1641 5470 ta-
1725 5418 1924 5468 torium
1967 5420 2146 5479 ipsum
2179 5422 2329 5466 «xtra
2364 5414 2553 5467 urbem
2600 5418 2654 5467 in
2686 5417 2804 5469 vico
2829 5416 3011 5480 aliquo
3037 5418 3198 5467 situm
3227 5415 3422 5467 fuisse.

1724 5488 1988 5539 Caeterum
2036 5492 2211 5539 exstat
2264 5488 2533 5552 hodieque
2573 5488 2716 5552 apud
2765 5488 3009 5541 Turonos
3038 5487 3173 5538 haud
3231 5485 3423 5549 procul

1720 5572 1751 5609 a
1817 5558 2075 5623 primario
2136 5559 2288 5611 urbis
2335 5560 2535 5622 templo
2605 5559 2837 5612 ecclesia
2920 5559 3090 5611 sancti
3145 5557 3424 5619 Stephani,

1722 5630 2014 5693 parochiali
2062 5631 2211 5684 titulo
2260 5632 2519 5695 gaudeis,
2572 5645 2689 5696 quae
2740 5630 2891 5685 urbis
2938 5633 3106 5695 porta;
3160 5630 3214 5682 et
3239 5627 3421 5691 vicino

48 5695 134 5747 Sic
195 5695 358 5750 Mart.
420 5702 477 5749 et
524 5698 679 5751 Clict.
734 5699 924 5752 Crateri
976 5699 1066 5752 Ed.
1126 5702 1179 5752 et
1231 5698 1435 5765 scripti;
1489 5699 1638 5762 apud
1720 5701 1979 5754 suburbio
2011 5703 2429 5761 nomentribuit.

42 5781 128 5819 im.
196 5769 247 5822 Si
300 5770 578 5834 passionis
624 5770 868 5835 historia,
925 5784 1087 5837 quam
1140 5772 1228 5827 hic
1278 5773 1457 5828 laudat
1500 5773 1629 5825 Gre-
