3982 6346
511 354 616 415 735

1586 345 1645 405 S.
1687 342 2042 404 GREGORII
2085 338 2415 419 EPISCOPI
2457 336 2929 399 TUBONENSIS
3882 340 3951 396 736

508 483 721 537 sanctae
755 476 847 533 vel
872 477 960 548 [Id
987 481 1086 545 est,
1114 478 1188 547 et]
1220 479 1440 548 martyr
1481 474 1609 539 (An.
1646 472 1731 540 33,
1763 472 1831 530 26
1864 474 2030 541 Dec.),
2063 469 2488 543 apudAautem
2520 467 2745 537 urbem,
2773 481 2920 524 anus
2946 464 3215 538 quadam
3241 466 3483 537 gravata
3512 465 3699 534 senio,
3754 463 3842 523 sed
3876 464 3951 521 ﬁde

506 564 944 637 Jerosolymam,
982 564 1131 622 sicut
1180 579 1335 621 sacra
1366 560 1769 635 Apostolorum
1812 566 2004 616 narrat
2030 558 2209 614 histo-

508 657 595 714 ria
623 658 767 726 (Act.
806 668 885 723 v1,
929 655 1009 733 7),
1041 671 1142 728 pro
1193 654 1427 711 nomine
1479 659 1674 710 sancto
1705 650 1936 718 Christi,
1976 663 2150 722 quem
2178 663 2211 703 a

503 743 726 802 dextris
755 743 988 800 virtutis
1019 742 1263 815 spiritali
1301 740 1782 813 contemplatione
1810 737 2096 804 cernebat,
2130 736 2210 791 la-

504 831 740 905 pidibus
769 838 853 888 est
878 832 1140 900 obrutus,
1188 844 1288 902 pro
1336 829 1800 901 persecutoribus
1853 827 2039 900 ipsam
2074 843 2209 899 sup-

504 924 725 997 plicans
779 922 1150 994 Majestatem.
1210 920 1477 993 Denique
1535 926 1655 976 erat
1708 919 2023 976 oratorium
2060 916 2209 987 apud

507 1011 714 1069 urbem
764 1009 1135 1071 Turonicam.
1170 1008 1243 1065 ab
1274 1007 1534 1081 antiquis
1566 1008 1692 1079 ejus
1722 1005 1947 1064 nomini
1984 1004 2211 1062 dedica-

506 1105 663 1169 tum,
683 1100 837 1173 quod
866 1116 969 1157 nos
1028 1115 1339 1173 parumper
1359 1099 1645 1172 jussimus
1672 1097 2018 1171 prolongai'i.
2050 1093 2213 1165 Quod

506 1206 638 1249 cum
674 1191 890 1248 factum
917 1190 1141 1255 fuisset,
1181 1189 1357 1246 altare.
1388 1194 1454 1247 ut
1493 1196 1614 1246 erat
1657 1188 1945 1259 integrum
1993 1186 2053 1243 in
2084 1190 2217 1241 ante

505 1277 923 1350 promovimus.
960 1270 1342 1349 Requirentes
1393 1291 1529 1333 vero
1589 1277 1649 1332 in
1700 1272 1910 1337 loculo,
1958 1271 2107 1329 nihil
2145 1272 2216 1328 de

503 1363 847 1437 pignoribus
914 1364 1127 1422 sanctis
1176 1364 1327 1436 quod
1388 1363 1538 1420 fama
1600 1362 1816 1420 ferebat
1869 1360 2211 1433 reperimus.

504 1453 671 1510 Tunc
699 1452 830 1510 misi
858 1467 1043 1510 unum
1082 1467 1156 1508 ex
1180 1450 1503 1521 abbatibus,
1538 1457 1601 1507 ut
1628 1449 1699 1506 ab
1728 1448 1974 1505 oratorio
2009 1446 2214 1505 domus

505 1541 908 1600 ecclesiasticae
937 1541 1104 1599 nobis
1134 1543 1263 1615 ejus
1304 1541 1580 1613 reliquias
1630 1540 1950 1607 exhiberet,
2000 1538 2215 1596 oblitus
2246 1550 2249 1553 ‘

507 1644 639 1687 sum
670 1634 861 1686 tamen
892 1628 1111 1686 clavem
1141 1644 1326 1700 capsze
1360 1629 1661 1701 porrigere,
1689 1643 1825 1705 qua}
1854 1627 2088 1700 cingulo
2114 1627 2213 1683 de-

504 1718 807 1792 pendebat.
842 1726 986 1783 759
1018 1718 1273 1777 Veniens
1302 1734 1437 1776 vero
1462 1718 1657 1783 abbas,
1684 1718 1870 1776 ablato
1917 1719 1990 1775 ab
2026 1732 2213 1774 arma-

2298 556 2509 613 mentis
2541 554 2778 624 integrae
2808 551 3125 622 sublevata,
3166 550 3263 609 cui
3298 565 3425 607 mos
3451 556 3570 608 erat
3589 550 3650 609 in
3677 558 3951 623 sanctorum

2298 644 2569 712 basilicis,
2606 649 2748 705 760
2781 643 2954 699 misso
2987 642 3112 699 oleo
3145 640 3384 713 lychnos
3435 640 3767 709 accendere,
3808 650 3861 698 ut
3882 642 3951 697 hirti

2299 734 2595 805 negotium
2625 740 2835 805 ageret,
2861 738 3028 789 nocte
3050 729 3374 796 Dominica,
3408 727 3555 787 beati
3584 728 3737 785 Petri
3766 728 3951 799 apostoli

2297 823 2588 880 basilicam
2621 824 2881 892 ingressa
2910 828 3012 879 est.
3044 821 3237 893 Hujus
3279 820 3439 878 enim
3466 820 3664 885 altare,
3686 820 3890 895 positis
3915 820 3951 874 ιι

2296 914 2475 972 altum
2511 912 2747 986 pulpitis
2776 923 2816 982 °,
2848 910 3099 969 locatum
3146 909 3431 966 habetur:
3479 908 3651 981 cujus
3689 923 3818 980 pars
3851 907 3951 963 infe

2296 1005 2414 1062 rior
2443 1004 2505 1060 in
2540 1005 2779 1061 modum
2802 1010 3016 1075 crypta:
3037 1001 3181 1059 ostio
3206 998 3521 1065 clauditur,
3544 997 3770 1054 habens
3792 996 3952 1053 nihile

2297 1096 2495 1152 minus
2547 1100 2600 1152 et
2654 1096 2776 1167 ipsa
2832 1110 2967 1152 cum
3020 1098 3351 1150 sanctorum
3403 1091 3749 1183 pignoribus
3780 1090 3952 1145 llaltera

2299 1202 2492 1245 suum.
2528 1185 2593 1243 In
2628 1187 2774 1244 hanc
2805 1182 3154 1243 venerabilis
3188 1182 3399 1240 mulier
3452 1182 3522 1239 ad
3571 1180 3952 1238 accendendum

2297 1287 2361 1337 ut
2387 1277 2669 1339 diximus.
2708 1277 2906 1335 lumen
2958 1276 3160 1333 devota
3186 1272 3500 1342 descendit,
3535 1286 3713 1330 unam
3750 1278 3952 1326 tantum

2296 1367 2465 1424 modo
2492 1365 2712 1422 habens
2739 1363 3056 1438 puellulam
3086 1363 3145 1419 in
3176 1359 3449 1418 comitatu
3484 1373 3609 1415 suo.
3656 1356 3822 1425 Quod
3855 1368 3952 1425 opai

2294 1453 2434 1510 dum
2466 1460 2677 1526 ageret,
2704 1460 2758 1510 et
2790 1467 2904 1508 nox
2934 1450 3251 1508 adveniens
3280 1448 3575 1506 mundum
3603 1444 3849 1502 tenebris
3862 1459 3952 1516 ope

2294 1541 2523 1607 ruisset,
2577 1539 2909 1597 accedentes
2964 1536 3177 1606 clerici,
3238 1535 3407 1594 dictis
3451 1534 3811 1608 psalmorum
3844 1532 3952 1603 capi.

2297 1625 2450 1695 tulis,
2485 1625 2745 1683 obserato
2772 1631 2987 1698 cryptae
3034 1622 3200 1693 ostio,
3230 1622 3640 1689 discesserunt,
3667 1619 3952 1692 ignorantes

2295 1716 2611 1775 introrsum
2639 1732 2761 1773 esse
2794 1715 3118 1773 mulierem.
3155 1715 3227 1771 At
3248 1712 3349 1771 illa
3387 1726 3626 1770 accenso
3654 1705 3952 1776 lumine,ad

503 1789 591 1866 rio
624 1808 836 1883 sigillo,
870 1825 1098 1883 capsam
1152 1809 1361 1883 reperit
1394 1809 1736 1867 obseratam.
1780 1807 1933 1877 Quid
1964 1807 2274 1888 faceret?B
2296 1809 2508 1866 ostium
2536 1814 2815 1879 properat,
2846 1813 2909 1865 ut
2936 1805 3315 1878 egrederetur.
3360 1803 3523 1873 Quod
3577 1789 3714 1859 cum
3744 1799 3952 1857 clausum

504 1896 645 1971 quid
676 1897 909 1971 ageret?
943 1900 1006 1957 in
1037 1898 1311 1971 ambiguo
1340 1898 1717 1969 dependebat.
1754 1897 1815 1956 Si
1843 1897 1913 1953 ad
1946 1912 2037 1953 me
2060 1894 2210 1953 redi-

514 1991 621 2056 ret,
648 1987 886 2059 longum
918 1995 1036 2045 erat
1063 1996 1263 2046 Venire
1289 1995 1341 2045 et
1382 1987 1589 2044 reverti
1624 2005 1637 2055 ;
1691 1987 1736 2043 si
1771 1987 1952 2060 ipsam
1985 2001 2208 2059 capsam

505 2075 829 2145 exhiberet,
862 2074 1172 2132 molestum
1203 2075 1350 2134 mihi
1382 2090 1503 2131 esse
1540 2080 1797 2144 noverat,
1834 2073 1972 2147 quia
2002 2072 2212 2130 mullo-

488 2179 643 2223 ~rum
664 2164 1094 2222 ibisanctorum
1110 2165 1348 2236 pignora
1372 2164 1736 2232 tenebantur;
1768 2163 1815 2221 si
1842 2178 1955 2220 non
1987 2163 2209 2228 faceret,

510 2251 839 2324 jussionem
863 2266 1037 2323 quam
1054 2258 1343 2324 acceperat
1365 2254 1477 2309 non
1500 2250 1792 2324 implebat.
1819 2250 1968 2319 Quid
1996 2249 2214 2307 multa?

512 2340 655 2398 dum
675 2355 902 2413 capsam
931 2342 991 2397 in
1021 2356 1197 2397 manu
1224 2340 1495 2398 dubitans
1509 2341 1799 2410 retineret,
1824 2339 2215 2397 resilientibus

511 2443 643 2487 cum
668 2428 861 2486 sonitu
888 2429 1193 2501 repagulis,
1221 2444 1448 2499 capsam
1477 2428 1679 2500 aspicit
1700 2434 2024 2484 reseratam.
2051 2426 2216 2483 Tunc

508 2536 643 2578 cum
675 2520 993 2593 gratiarum
1022 2520 1245 2577 actione
1270 2526 1591 2591 assumptas
1624 2517 1897 2590 reliquias
1930 2534 2045 2575 non
2089 2518 2213 2574 sine

509 2608 716 2684 grandi
764 2607 1142 2667 admiratione
1177 2608 1343 2665 nobis
1393 2607 1684 2673 exhibuit,
1717 2621 1862 2678 quas
1890 2620 2012 2676 nos,
2046 2605 2213 2662 dictis

508 2700 724 2769 missis,
752 2699 1004 2758 Domino
1029 2699 1289 2772 jubeute,
1320 2697 1727 2770 plantavimus.
1764 2697 2078 2767 Regressus
2106 2711 2211 2751 au-

505 2793 619 2847 tem
646 2794 772 2863 post
814 2788 1027 2846 multos
1056 2788 1179 2845 dies
1212 2786 1283 2843 ad
1328 2785 1553 2854 urbem,
1602 2800 1826 2858 capsam
1870 2784 2075 2856 reperi,
2120 2799 2209 2839 re-

501 2877 674 2965 ducto
727 2875 979 2951 pessulo,
1030 2877 1179 2933 sicut
1228 2872 1595 2947 reliqueram,
1647 2872 1985 2930 obseratam.
2023 2870 2160 2928 Pars
2189 2884 2211 2909 ε

500 2962 660 3028 enim
697 2968 847 3027 beati
890 2967 1195 3040 sanguinis
1225 2964 1566 3025 sacrosancti
1612 2964 1802 3047 levitae
1842 2962 2038 3035 hujus,
2068 2962 2216 3019 sicut

502 3060 724 3120 celebre
750 3060 949 3123 fertur,
976 3058 1036 3115 in
1073 3057 1239 3115 altari
1266 3056 1545 3126 Biturigae
1580 3055 1838 3137 ecclesize
1865 3052 2212 3112 continetur.

2295 1915 2417 1957 esse
2448 1898 2739 1970 sensisset,
2789 1912 2956 1954 voces
3004 1894 3233 1962 emittit,
3276 1893 3378 1967 qui
3430 1892 3483 1950 ei
3535 1892 3764 1965 aperire
3808 1889 3952 1946 deleat

2297 2006 2371 2047 ex
2404 1989 2635 2046 nomine
2666 1997 2847 2045 vocat.
2884 1986 3011 2043 θοι]
3046 2002 3177 2043 cum
3216 2000 3327 2040 non
3374 1991 3519 2039 esset
3547 1998 3661 2039 vox
3696 1997 3819 2054 prae
3847 1984 3952 2035 sciat

2296 2080 2375 2139 ita
2407 2079 2616 2150 valida,
2669 2094 2802 2151 quae
2848 2084 3038 2150 posset
3095 2083 3393 2149 penetrare
3439 2072 3565 2137 hinc
3619 2070 3884 2128 claustra.
3918 2066 3951 2121 At

2296 2172 2402 2235 ubi
2452 2186 2512 2228 se
2561 2170 2739 2229 sensit
2770 2185 2803 2227 a
2831 2168 2995 2226 nullo
3027 2166 3236 2234 audiri,
3270 2170 3545 2238 prostrata
3578 2163 3639 2219 in
3672 2160 3951 2234 pavimenti

2296 2261 2538 2335 quievit,
2601 2259 2837 2317 dicens:
2893 2258 3173 2331 Deprecer
3214 2269 3235 2295 ο
3280 2272 3382 2329 pro
3440 2252 3685 2327 peccatis
3752 2250 3887 2308 meis
3932 2263 3951 2299 ut

2296 2354 2493 2429 populi
2550 2352 2863 2411 Dominum
2923 2349 3186 2407 omnium
3243 2354 3572 2410 creatorem,
3622 2343 3952 2418 quoadusqiit

2296 2445 2490 2504 veniat
2516 2444 2620 2516 qui
2648 2457 2897 2500 reserare
2926 2440 3129 2498 debeat
3157 2440 3331 2511 hujus
3369 2438 3511 2496 mdis
3548 2438 3898 2509 ingressum.
3924 2429 3952 2486 lt

2298 2551 2413 2609 qua
2439 2537 2695 2593 oratiune
2709 2533 3024 2600 excubans,
3038 2530 3184 2588 vidit
3209 2529 3356 2585 circa
3378 2526 3634 2584 medium
3660 2526 3789 2581 fere
3805 2522 3952 2609 noctis

2298 2606 2592 2696 patefactis
2624 2621 2804 2687 ostiis,
2834 2633 3069 2676 omnem
3110 2616 3406 2673 basilicam
3455 2614 3753 2670 immenso
3790 2606 3952 2665 lunn'nt

2295 2711 2585 2781 etlulgere.
2620 2710 2690 2768 Et
2723 2725 2851 2767 ecce
2893 2709 3103 2766 chorus
3148 2703 3519 2779 psallentium
3571 2700 3676 2772 qui
3710 2701 3952 2771 ingressa

2293 2800 2589 2857 basilicam
2628 2799 2666 2870 ί,
2709 2806 3033 2871 postquam,
3075 2795 3225 2852 dicta
3282 2792 3463 2867 gloria
3495 2787 3802 2856 Trinitati,

2296 2890 2461 2949 lentii
2505 2890 2823 2948 modulatio
2874 2887 3225 2962 conquievit,
3287 2882 3513 2943 audivit
3554 2880 3715 2937 viros
3756 2890 3952 2949 conque

2296 2989 2485 3040 rentes
2514 2981 2662 3038 inter
2713 2996 2793 3050 se,
2843 2986 3014 3052 atque
3061 2976 3319 3035 dicentes
3360 2997 3372 3030 :
3419 2971 3638 3030 Moram
3668 2968 3848 3025 nobis
3876 2979 3952 3021 sati

2297 3079 2422 3129 ctus
2471 3069 2607 3127 facit
2634 3069 2805 3127 levita
2837 3066 3181 3140 Stephanus.
3222 3063 3351 3122 Jam
3379 3059 3534 3118 enim
3569 3057 3720 3114 alias
3764 3052 3952 3113 debeba

503 3149 753 3220 QUidam
800 3154 993 3214 autem
1048 3156 1300 3221 tempore
1353 3146 1560 3205 FGIiCiS
1623 3145 1873 3219 episcopi
1899 3144 1949 3211 δν
1991 3143 2268 3217 ViCin050
2293 3176 2422 3219 mus
2454 3159 2613 3217 adire
2650 3157 2937 3227 basilicas,
2968 3163 3023 3213 et
3048 3170 3163 3212 non
3198 3164 3526 3226 possumus,
3559 3146 3676 3204 nisi
3712 3144 3823 3203 ille
3854 3144 3952 3217 prin

501 3255 635 3300 suos
659 3238 911 3313 quodam
940 3253 1042 3312 pro
1071 3237 1317 3295 crimine
1348 3236 1654 3310 impetebat
1689 3256 1700 3293 :
1738 3250 1883 3312 quos
1922 3249 2054 3292 cum
2084 3232 2207 3306 ple-

500 3344 750 3402 rumque
781 3327 971 3385 verbis
1002 3327 1341 3400 procacibus
1370 3327 1689 3392 lacesseret,
1728 3342 1795 3385 ac
1838 3324 2060 3399 judicio
2098 3340 2208 3397 pu-

498 3419 652 3478 blico
680 3427 1032 3492 provocaret,
1058 3418 1355 3477 decretum
1409 3425 1494 3475 est
1556 3417 1837 3476 sententia
1886 3415 2208 3490 primorum

404 3542 411 3561 ρ
497 3508 681 3577 urbis,
708 3513 773 3565 ut
790 3522 850 3565 se
865 3507 938 3564 ab
958 3507 1063 3563 bac
1088 3522 1237 3565 noxa
1267 3507 1367 3582 qui
1398 3505 1824 3578 impetebantur
1851 3510 2209 3563 sacramento

498 3600 831 3671 purgarent.
857 3595 1226 3669 Ingressique
1254 3596 1313 3654 in
1338 3596 1514 3669 hujus
1531 3601 1862 3653 memoratae
1894 3594 2037 3653 aedis
2063 3594 2206 3651 alta-

502 3702 586 3758 re,
617 3702 751 3745 cum
780 3686 1015 3745 elevatis
1043 3688 1312 3746 manibus
1334 3693 1687 3744 sacramenta
1706 3686 2044 3760 proferrent,
2077 3702 2205 3759 pro-

504 3784 730 3836 secutor
780 3793 972 3837 causae
1032 3780 1355 3855 perjurasse
1408 3794 1501 3835 eos
1552 3778 1703 3835 clara
1762 3794 1897 3836 voce
1951 3784 2206 3835 testatur.

508 3867 829 3944 Statimque
854 3870 1091 3929 elevatis
1120 3871 1181 3927 in
1213 3869 1462 3928 sublime
1487 3868 1752 3943 pedibus,
1784 3868 1842 3925 in
1874 3884 2005 3926 aera
2030 3884 2208 3927 excu-

504 3957 663 4025 titur,
696 3975 761 4017 ac
791 3959 945 4018 illiso
983 3958 1168 4031 capite
1195 3958 1254 4014 in
1300 3957 1650 4030 pavimento,
1687 3973 1829 4029 pene
1858 3956 2148 4014 exanimis
2177 3972 2210 4013 a

500 4049 899 4109 circumstanti
952 4049 1120 4107 turba
1178 4048 1550 4121 conspicitur.
1610 4048 1742 4122 Post
1796 4048 2045 4105 duarum
2093 4048 2210 4104 fere

500 4143 777 4201 horarum
809 4140 1079 4213 spatium,
1110 4156 1244 4199 cum
1280 4139 1348 4196 ad
1382 4138 1676 4213 liquidum
1710 4144 2007 4213 putaretur
2036 4136 2207 4209 spiri-

406 4258 409 4262 ⁴
502 4238 625 4291 tum
652 4232 948 4302 exhalare,
990 4230 1200 4304 apertis
1246 4230 1451 4300 oculis,
1498 4230 1717 4288 crimen
1764 4231 1994 4298 fatetur,
2026 4245 2085 4286 se
2118 4229 2208 4286 in-

494 4325 650 4398 juste
680 4323 945 4395 fatigasse
970 4322 1255 4391 homines,
1302 4323 1393 4381 vel
1438 4321 1817 4395 proclamasse
1851 4320 2079 4391 noxios,
2111 4320 2208 4377 ile-

504 4411 782 4480 claravit;
814 4413 1011 4483 sicque
1053 4413 1260 4470 laxatis
1296 4412 1651 4476 insontibus,
1702 4412 2066 4469 manifestato
2104 4426 2208 4468 no-

505 4507 687 4570 cente,
719 4475 1109 4558 virtus-Beati
1164 4500 1469 4574 perpatuit.
1520 4500 1691 4574 Apud
1724 4475 2271 4574 BurdegalensemD

568 4714 586 4734 ·
621 4705 743 4763 Quae
790 4709 1094 4770 sequuntur
1134 4706 1203 4759 ad
1249 4707 1366 4760 haec
1410 4707 1594 4767 verba,
1634 4709 1792 4773 Apud
1844 4707 2209 4775 Burdegalen-

504 4788 632 4840 sem,
683 4784 810 4839 etc.,
866 4778 1065 4829 desunt
1115 4780 1169 4830 in
1220 4779 1446 4832 Clarom.
1500 4779 1555 4831 b:
1596 4782 1872 4843 Hodieqiie
1920 4783 1976 4833 in
2019 4782 2206 4833 cathe-

501 4848 640 4900 drali
721 4850 1014 4912 Biturigum
1082 4850 1315 4903 ecclesia
1374 4852 1566 4903 visitur
1620 4855 1857 4917 ampulla
1933 4854 2206 4915 sanguine

453 4931 457 4934 '
505 4919 645 4971 beati
694 4920 949 4983 Stephani
997 4921 1177 4985 plena,
1214 4934 1354 4986 quae,
1389 4926 1445 4972 ut
1487 4924 1701 4974 traditio
1740 4928 1843 4982 est,
1878 4936 1943 4975 ea
1989 4925 2101 4986 ipsa
2126 4926 2206 4974 est

507 5002 666 5054 quam
726 4991 814 5042 hic
863 4996 1046 5043 noster
1105 4994 1394 5055 Gregorius
1441 4998 1847 5045 commemorat.
1896 4995 2022 5045 Eam
2052 4995 2202 5044 aiunt

505 5072 537 5112 a
580 5061 736 5114 beato
791 5062 982 5114 Ursino
1018 5063 1278 5126 Biturigas
1312 5062 1525 5116 allatam
1574 5065 1760 5126 fuisse,
1804 5078 1927 5115 cum
1972 5078 2203 5127 primum

504 5130 574 5183 ad
634 5132 795 5184 ﬁdem
848 5133 1041 5185 Christi
1105 5135 1452 5186 nuntiandam
1512 5136 1636 5188 illuc
1677 5137 1902 5200 appulit.
1945 5137 2205 5186 Caeterum

502 5200 696 5281 ﬁdeles
747 5204 887 5281 beati
944 5206 1359 5281 protomartyris
1378 5209 1723 5281 sanguinem
1763 5207 2005 5281 studiose
2037 5206 2202 5281 colles

505 5277 656 5336 gisse
708 5280 858 5341 patet
907 5289 978 5327 ex
1032 5277 1125 5327 lib.
1175 5292 1193 5327 ι
1240 5277 1308 5327 de
1378 5277 1657 5329 Miracnlis
1718 5282 1889 5328 sancti
1955 5277 2205 5340 Stephani

504 5355 626 5408 cap.
685 5349 727 5409 l,
781 5347 927 5410 apud
992 5349 1365 5411 Augustinum,
1414 5348 1503 5398 ubi
1558 5354 1760 5399 mentio
1822 5347 2048 5398 habetur
2100 5360 2207 5398 am-

505 5416 666 5480 pullas
720 5420 966 5484 ejusdem
1024 5418 1278 5480 maityris
1336 5420 1599 5480 sanguine
1658 5418 1844 5481 plenae,
1890 5431 2007 5483 quae
2064 5418 2204 5469 Uzali

503 5486 558 5537 in
608 5488 784 5540 Africa
844 5488 1182 5539 servabatur.
1265 5488 1370 5539 Una
1415 5489 1680 5551 ejusmodi
1735 5491 1973 5552 ampulla
2028 5496 2199 5540 Vitrea

502 5557 724 5623 Neapoli
788 5560 1059 5624 hodieque
1134 5559 1346 5615 visitur,
1414 5572 1572 5622 quam
1632 5566 1847 5611 sanctus
1903 5559 2199 5611 Gaudiosus

502 5639 572 5678 ex
601 5633 776 5683 Atriiza
823 5631 1090 5695 protugus
1137 5629 1190 5678 in
1240 5628 1443 5680 italiam
1474 5637 1785 5693 asportasse
1822 5632 2035 5681 dicitur.
2080 5632 2199 5683 Viue

503 5697 790 5753 Hismriam
842 5712 1056 5767 persec.
1094 5699 1394 5753 V’aiidaliCae
1441 5715 1470 5753 a
1501 5701 1659 5754 nobis
1690 5705 1904 5759 editam,
1950 5706 2103 5766 parte
2138 5718 2195 5765 ιι,

501 5779 617 5831 cap.
642 5772 687 5821 9.

2291 3254 2391 3327 qui
2415 3251 2777 3325 prmstolatur
2801 3247 3091 3307 adveniat.
3128 3244 3270 3302 Haec
3299 3242 3456 3299 enim
3490 3236 3691 3297 crebro
3748 3243 3952 3309 repetem

2291 3343 2467 3413 tibus,
2498 3339 2734 3398 advenit
2780 3339 2872 3395 vir
2921 3335 3113 3395 subito
3144 3334 3207 3391 in
3258 3338 3414 3389 veste
3442 3328 3573 3386 alba
3601 3345 3616 3396 ;
3674 3327 3857 3399 cujus
3884 3336 3952 3397 pa-i

2292 3450 2493 3493 sonam
2516 3432 2707 3491 omnis
2736 3431 2836 3489 illa
2850 3444 3131 3487 venerans
3162 3422 3471 3485 multitudo
3498 3420 3789 3480 salutavit
3817 3413 3952 3477 humi

2292 3524 2441 3588 liter,
2468 3522 2703 3579 dicens:
2759 3517 3008 3577 Benedic
3053 3516 3243 3583 nobis,
3276 3527 3434 3570 sacer
3477 3525 3545 3566 ac
3590 3515 3802 3566 sancte
3840 3506 3952 3564 levil

2293 3612 2597 3685 Stephane.
2639 3612 2713 3667 At
2768 3610 2871 3667 ille
2920 3609 3132 3665 iterum
3187 3605 3444 3664 salutans
3468 3614 3516 3671 ε,
3558 3601 3691 3658 data
3725 3600 3952 3659 orationi

2290 3703 2675 3774 interrogatus
2688 3700 2759 3759 ab
2779 3700 2862 3757 eis
2885 3714 2988 3756 cur
3017 3713 3050 3754 a
3082 3692 3683 3755 visitationelocorum
3708 3697 3857 3755 761
3879 3700 3952 3745 sat

2293 3801 2515 3852 ctorum
2546 3789 2850 3865 paululum
2882 3787 3240 3855 retardasset,
3268 3781 3564 3857 respondit
3592 3805 3605 3838 :
3635 3781 3827 3840 Navis
3855 3780 3952 3837 enii

2293 3886 2354 3943 in
2408 3883 2550 3941 mari
2606 3878 2935 3955 periculum
2995 3874 3371 3934 demersionis
3421 3874 3779 3941 incurrerat,
3816 3871 3952 3941 ibiqt

2293 3974 2594 4031 invocatus
2643 3968 2818 4038 astiti,
2876 3973 3155 4038 erutaque
3204 3980 3333 4022 ecce
3361 3964 3590 4020 adsum.
3651 3962 3725 4018 Et
3790 3970 3857 4019 ut
3904 3962 3952 4030 ip

2291 4061 2543 4137 probetis
2577 4075 2700 4116 esse
2738 4074 2872 4114 vera
2923 4072 3057 4129 quae
3116 4054 3340 4125 loquor,
3398 4052 3831 4109 vestimentum
3863 4060 3952 4124 qut

2289 4152 2529 4210 indutus
2563 4166 2714 4219 sum,
2744 4148 2933 4205 adhuc
2978 4146 3156 4219 guttis
3194 4142 3543 4201 stillantibus
3594 4144 3859 4199 marinis
3904 4142 3952 4201 t’t

2289 4241 2477 4298 ctibus
2523 4238 2777 4297 cernitur
2816 4238 3228 4294 humectatum.
3272 4232 3411 4290 Haec
3450 4230 3671 4289 mulier
3711 4246 3863 4288 cum
3906 4240 3952 4283 ιιι

2290 4345 2449 4387 more
2481 4343 2686 4398 magno
2716 4327 3045 4401 opprimens
3092 4322 3489 4396 pavimentum
3540 4320 3785 4379 intente
3826 4334 3952 4389 susp

2292 4416 2494 4474 ciebat.
2524 4414 2746 4483 Quibus
2775 4410 3208 4471 discedentibus
3245 4424 3479 4467 rursum
3521 4407 3694 4466 ostiis
3727 4408 3952 4466 divinat

2291 4506 2587 4577 obseratis,
2615 4506 2741 4564 haec
2770 4506 2842 4563 ad
2868 4504 3061 4562 locum
3104 4504 3167 4560 in
3212 4516 3327 4575 quo
3370 4506 3610 4569 sanctus
3644 4508 3895 4558 steterat
3924 4516 3951 4551 at

2352 4713 2373 4743 δ
2415 4712 2485 4763 De
2518 4711 2621 4763 hoc
2656 4712 2845 4762 sancto
2896 4708 3137 4761 antistite
3190 4707 3315 4759 vide
3355 4707 3448 4761 lib.
3502 4705 3570 4758 de
3631 4705 3835 4758 Gloria
3878 4707 3952 4757 Coi

2289 4796 2406 4847 cap.
2452 4784 2558 4834 102.
3128 4834 3135 4839 λ
3431 4792 3449 4805 ·

2353 4865 2370 4885 ο
2403 4856 2533 4907 Mss.
2591 4854 2707 4905 fere
2726 4866 2957 4921 .omnes,
2992 4853 3171 4917 posita
3224 4853 3283 4903 in
3331 4851 3505 4901 altum
3530 4851 3819 4921 pulpita.
3860 4848 3952 4903 ΕΗ

2289 4928 2476 4989 ferias,
2522 4920 3026 4986 habens’puellam.
3083 4928 3276 4975 Attaria
3336 4923 3476 4974 edita
3520 4920 3708 4975 fuisse
3765 4923 3917 4974 olim.

2287 5003 2347 5049 ut
2393 4988 2689 5062 plurimum
2733 4997 2920 5047 subtus
2969 5009 3026 5045 se
3078 5000 3326 5058 cryptam
3378 4991 3662 5051 habuisse,
3689 4995 3801 5045 ubi
3840 4988 3952 5046 diei

2289 5082 2449 5120 orare
2497 5072 2743 5130 possent,
2794 5066 2978 5118 multis
3027 5065 3295 5129 exemplis
3327 5064 3513 5127 probat
3550 5064 3937 5120 Mabillonins

2288 5141 2436 5203 praef.
2476 5138 2659 5189 saeculi
2705 5154 2780 5197 ni,
2840 5143 2993 5202 parte
3038 5153 3076 5200 ι,
3136 5151 3284 5188 num.
3346 5136 3429 5195 ‘79,
3481 5135 3549 5186 ad
3606 5143 3755 5191 Acta
3811 5140 3952 5191 sanet

2292 5224 2410 5262 rnm
2442 5213 2557 5279 0rd.
2593 5208 2944 5261 Benedii-tiiii.
3174 5278 3184 5279 ί
3384 5277 3395 5279 _
3605 5276 3615 5279 _
3950 5214 3951 5223 “

2351 5282 2371 5312 ⁸
2411 5276 2685 5345 Reliquias
2738 5285 3049 5331 sanctorum
3106 5278 3295 5330 subtus
3351 5277 3521 5329 altare
3563 5276 3716 5329 olim
3782 5284 3952 5335 ser-cst

2292 5355 2460 5405 fuisse
2518 5355 2623 5413 iam
2665 5350 2917 5402 diximus.
2967 5350 3091 5402 Vide
3129 5350 3303 5401 sancti
3350 5348 3545 5399 Paulini
3586 5348 3818 5404 Natale
3862 5368 3929 5405 ιι.

2289 5432 2479 5476 sancto
2504 5423 2697 5474 Felice.

2351 5519 2371 5544 ο
2411 5496 2541 5544 Ediii
2571 5506 2689 5543 cum
2713 5491 2918 5557 aliquot
2952 5491 3105 5552 Mss,
3142 5488 3483 5555 deprecabor.

2350 5565 2675 5629 fEjusmodi
2748 5566 2992 5614 Visiones
3064 5564 3265 5625 passim
3352 5566 3667 5613 occurrunt
3745 5570 3814 5616 in
3900 5570 3952 5614 At

2285 5645 2595 5688 sanctorum
2661 5639 2822 5686 etiam
2900 5633 3318 5690 probatissimis.
3381 5632 3502 5683 Vide
3586 5633 3793 5688 Vitam
3872 5648 3952 5689 san

2285 5707 2533 5759 Gtrinaiii
2558 5705 2919 5757 Autissiodor.
2957 5718 2987 5754 a
3022 5705 3326 5757 Constantio
3354 5704 3643 5768 scriptam,
3689 5718 3839 5774 cap.
3876 5712 3944 5762 15.

2348 5789 2371 5823 ι
2408 5779 2532 5831 Cod.
2568 5778 2729 5831 Laud.
2767 5779 3090 5829 restitutam.
