4094 6380
2523 392 2686 400 ..-.__
2702 385 3438 400 *μη-...Ψη-

985 604 1215 691 ΤΟΥ
1288 604 1434 688 ΕΝ
1506 600 1872 686 ΑΓΙΟΙΣ
1946 598 2383 685 ΠΑΤΡΟΣ
2451 595 2778 685 ΗΜΩΝ

1282 814 2454 987 ΚΥΡΙΛΛΟΥ

594 1141 1904 1262 ΑΡΧΙΕΠΙΣΚΟΠΟΥ
1977 1132 3134 1257 ΑΛΕΞΑΝΔΡΕΙΑΣ

1360 1388 1733 1444 ΕΞΗΓΙΙΣΙΣ
1794 1387 2199 1443 ΥΠΟΜΝΗΜΑ
2210 1385 2389 1442 ΤΙΚΗ

1192 1587 1455 1713 ΕΙΣ
1579 1580 1928 1713 ΤΟΝ
2049 1584 2542 1713 ΩΣΗΕ.

800 2040 975 2219 s.
1154 2032 1350 2215 P.
1533 2032 1733 2218 N.
1951 2044 2970 2221 CYBILLI

1362 2372 1837 2443 ALEXANDRIE
1896 2378 2420 2445 ARCHIEPISCOPI

559 2604 687 2693 IN
764 2600 1154 2694 OSEAM
1233 2603 1970 2696 PROPHETAM
2063 2604 3024 2697 COMMENTARIUS
3106 2592 3230 2724 (ι),

1459 2820 1866 2873 comarst
1904 2822 2131 2872 TOMOS
2179 2822 2219 2869 ν
2237 2804 2329 2870 u.‘

706 3132 1380 3226 ΠΡΟΟΙΜΙΟΝ.

297 3294 540 3365 Οίηθείη
585 3291 686 3363 μὲν
716 3293 782 3347 ἄν
803 3310 887 3356 τις
913 3292 1167 3364 περιττὸν
1190 3288 1332 3346 εἷναί
1358 3309 1495 3356 πως,
1527 3291 1624 3344 καὶ
1640 3291 1843 3344 είκαιό-

230 3384 457 3451 6ουλον,
514 3383 784 3440 καὶ-οὔτι
850 3402 954 3438 που
1018 3385 1226 3457 σφόδρα
1274 3384 1385 3438 τῶν
1408 3382 1725 3453 ἀναγκαίων
1766 3385 1847 3447 εἰς

231 3480 437 3550 ῦνησιν,
465 3479 573 3533 καὶ
601 3479 819 3542 πολλοῖς
849 3479 953 3550 ἤδη
1004 3478 1385 3550 προειρημένα
1435 3479 1721 3549 μονονουχὶ
1752 3477 1848 3529 καὶ¹

235 3572 649 3628 ἀνασκαλεύειν
685 3573 1010 3643 ἐπιχειρεῖν,
1041 3571 1137 3626 καὶ
1168 3574 1283 3635 τοῖς
1315 3570 1423 3624 τῶν
1466 3570 1849 3642 προλαϐόντων

234 3666 417 3730 πόνοις
465 3663 832 3737 ἐπεισφέρειν
889 3663 1148 3735 ἐτέρουςο
1203 3663 1383 3718 καίτοι
1406 3663 1502 3716 καλ¹
1546 3659 1668 3716 λίαν
1713 3663 1851 3715 ἁπο-

237 3758 502 3829 χρώντως
550 3759 789 3828 ἐχόντων
817 3757 1067 3823 ἐκείνων,
1107 3757 1189 3821 εἷς
1229 3775 1293 3826 γε
1332 3756 1395 3810 τὸ
1428 3755 1689 3811 δύνασθαι
1730 3756 1849 3810 δια-

236 3851 472 3921 τρανοῖω
532 3847 592 3904 εὖ
628 3850 776 3921 μάλα
814 3849 914 3913 τὰς
944 3848 1054 3902 τῶν
1086 3848 1257 3918 ἁγίων
1286 3845 1584 3921 προφητῶν
1611 3863 1854 3920 συγγρα-

240 3945 361 4012 φάς.
410 3941 572 4010 Ἐγὼ
620 3941 676 3995 δὲ
720 3941 783 3994 τὸ
821 3940 1016 4011 χρῆμα
1061 3940 1231 4011 φαίην
1275 3941 1341 3995 ἂν
1385 3940 1485 4012 οὐχ
1530 3935 1633 3996 ὧδε
1672 3941 1849 4013 ἔχειν·

1770 3110 1779 3119 ’
1872 3136 1919 3191 Α

2380 3148 3119 3240 PRO(EMIUM.

2015 3301 2058 3369 ι
2086 3298 2434 3353 Existimabit
2453 3298 2684 3354 fortasse
2703 3298 2972 3368 quispiam
3006 3301 3244 3353 otiosum
3279 3314 3398 3355 esse
3419 3315 3548 3367 quo.

1951 3390 2263 3456 dammodo,
2300 3400 2349 3445 et
2394 3406 2517 3445 cum
2555 3390 2862 3445 temeritate
2899 3388 3281 3456 coniunctum,
3330 3407 3549 3459 parum—

1952 3500 2058 3554 que
2098 3484 2463 3547 conducibile,
2506 3484 2670 3539 etiam
2708 3492 2867 3538 antea
2902 3483 3155 3551 pluribus
3185 3486 3459 3555 disputata
3494 3499 3550 3541 et

1953 3577 2222 3647 explicata
2294 3585 2508 3631 tantum
2576 3591 2683 3630 non
2754 3575 3042 3639 refodere,
3103 3578 3551 3647 perscrutarique

1954 3672 2094 3727 velle
2123 3712 2138 3733 .
2193 3677 2248 3726 et
2297 3670 2577 3725 laboribus
2625 3667 2855 3721 aliorum
2899 3670 3195 3735 praeteritis
3246 3685 3414 3724 novos
3461 3686 3551 3723 sn-

1955 3761 2292 3832 peraddere,
2366 3774 2676 3831 quanquam
2732 3758 2808 3814 illi
2856 3759 2922 3813 ad
2974 3759 3293 3829 extranenda
3337 3771 3547 3814 sancta-

1956 3870 2080 3908 rum
2117 3854 2509 3922 prophetarum
2570 3853 2773 3921 scripta
2812 3852 3035 3907 omnino
3086 3867 3151 3905 ac
3206 3851 3364 3922 plane
3399 3852 3553 3906 snﬂi-

1957 3962 2083 4001 cere
2112 3953 2336 4015 queant.
2374 3944 2486 4014 Ego
2514 3958 2645 3997 vero
2675 3959 3008 4014 magnopere
3037 3953 3227 3999 contra
3258 3945 3553 4000 senserim.

245 4036 442 4089 πολλοῦ
502 4052 572 4103 γε
606 4034 705 4087 καὶ
737 4033 836 4087 δεῖ.
874 4033 1247 4104 Μεμνήσομαι
1299 4032 1409 4105 γὰρ
1455 4036 1854 4104 ὲπιφωνοῦντος

1965 4037 2268 4093 Memorabo
2308 4037 2454 4091 enim
2486 4036 2713 4091 Paulum
2739 4036 3133 4090 acclamantem
3168 4038 3254 4100 iis,
3294 4051 3430 4104 quos
3466 4052 3557 4090 re—

238 4127 328 4180 τοῦ
362 4126 595 4181 Παύλου
618 4126 733 4186 τοῖς
760 4122 893 4195 παρ’
922 4124 1089 4176 αὐτοῦ
1118 4124 1699 4195 μυσταγωγουμένοις·
1728 4145 1746 4176 ‹
1775 4125 1857 4178 Τὰ

241 4218 377 4273 αὐτὰ
428 4220 626 4286 λέγειν
674 4217 827 4285 ὑμῖν,
867 4216 990 4286 ἐμοὶ
1048 4216 1147 4286 μὲν
1196 4217 1295 4271 οὐκ
1324 4218 1589 4290 ὀκνηρόνο
1625 4220 1754 4289 ὑμῖν
1800 4219 1858 4273 δὲ

241 4312 514 4381 ἀσφαλές.
550 4329 569 4362 ι
609 4310 803 4379 Ἀθρει
839 4309 917 4374 δὲ,
942 4310 1093 4373 ὅπως
1121 4311 1271 4364 ἐστὶν
1298 4311 1506 4384 ἀληθὴς
1529 4314 1557 4365 ὁ
1586 4312 1763 4382 λόγος.
1796 4315 1860 4367 Ei

245 4407 351 4476 γάρ
400 4425 454 4459 τι
502 4404 799 4474 προκέοιτο
844 4401 953 4455 τῶν
983 4403 1301 4472 ἀναγκαίων
1347 4407 1428 4469 εἰς
1464 4405 1705 4476 εἴδησιν,
1739 4401 1860 4460 εἶτα

1964 4135 2063 4187 bus
2118 4130 2314 4185 divinis
2377 4130 2718 4185 erudiebat:
2774 4127 3035 4191 «Eadem
3094 4126 3341 4181 scribere
3404 4128 3560 4180 vobis

1962 4207 2341 4293 mihi-quidem
2397 4238 2506 4276 non
2561 4222 2795 4291 pigrum,
2853 4219 3005 4274 vobis
3064 4228 3242 4272 autem
3306 4233 3560 4272 necessa-

1964 4320 2103 4373 rium
2129 4318 2172 4371 ¹.
2203 4336 2221 4367 ›
2257 4316 2554 4371 Considera
2581 4329 2744 4384 porro
2776 4327 2937 4383 quam
2964 4325 3150 4366 verum
3175 4309 3393 4365 dixerit.
3426 4308 3559 4363 Nam

1966 4413 2011 4468 si
2062 4410 2344 4481 quidpiam
2407 4418 2778 4479 preponatnr,
2839 4405 3057 4475 cognitu
3108 4404 3440 4475 prmcipunm
3496 4422 3563 4457 ac

245 4497 430 4551 πολλοὶ
477 4497 582 4549 καὶ
632 4494 787 4565 παρά
838 4494 1054 4546 πολλῶν
1104 4495 1193 4547 ἐπ’
1226 4495 1379 4566 αὐτῷ
1436 4496 1580 4550 οὕτω
1622 4496 1857 4565 γένοιντο

1971 4503 2368 4567 necessarium,
2414 4510 2469 4556 et
2510 4503 2586 4555 ita
2645 4515 2810 4569 super
2859 4514 2924 4554 eo
2972 4498 3158 4552 multis
3194 4507 3245 4553 et
3296 4513 3324 4551 a
3380 4496 3564 4550 multis

245 4586 414 4657 λόγοι,
458 4586 666 4658 βλάϐος
708 4588 808 4658 μὲν
862 4588 1017 4644 ἔσται
1045 4590 1107 4643 τὸ
1153 4591 1377 4663 σύμπαν
1422 4592 1614 4645 οὐδέν·
1647 4593 1857 4664 ὀνήσειε

1968 4598 2270 4652 disseratur
2298 4637 2312 4659 ,

2395 4591 2601 4646 nullum
2694 4590 2820 4645 inde
2899 4590 3157 4643 damnum
3232 4588 3299 4642 ad
3374 4603 3566 4657 quem-

244 4678 289 4731 δ’
317 4680 384 4733 ἂν
435 4681 528 4732 ὅτι
563 4675 806 4747 μάλιστὰ
834 4698 899 4749 γε
930 4684 1045 4746 τοῖς
1091 4682 1488 4755 ἀκροωμένοις.
1523 4685 1586 4736 Ei
1618 4685 1717 4754 μὲν
1751 4684 1857 4756 γὰρ

1966 4704 2151 4759 qnam,
2219 4687 2327 4740 imo
2386 4684 2594 4738 h'uctns
2654 4682 2925 4736 maximus
2982 4682 3049 4735 ad
3117 4680 3400 4734 audientes
3438 4696 3567 4748 per-

248 4770 507 4841 ἁλλήλοις
544 4772 947 4841 συμϐαίνοντας
979 4778 1221 4828 ποιοῖντο
1250 4776 1378 4840 τοὺς
1410 4776 1609 4844 λόγους
1638 4778 1687 4829 οἱ
1721 4776 1864 4846 διερ-

252 4865 518 4934 μηνεύειν
563 4866 839 4930 εἰωθότες,
885 4867 1269 4938 ἀσφαλεστέρα
1322 4888 1425 4923 που
1479 4871 1700 4933 πάντως
1749 4873 1863 4933 τοῖς

251 4956 697 5028 φιλακροόιμοσιν
757 4959 1097 5031 εἰσκρίνεται
1162 4961 1385 5029 γνῶσις.
1446 4963 1510 5016 Ei
1561 4962 1619 5015 δὲ
1657 4963 1721 5033 δή
1778 4980 1863 5015 τοι

250 5050 505 5117 φαίνοιτο
558 5051 621 5103 τὸ
669 5052 763 5121 ἀφ’
812 5054 1048 5106 ἑκάστου
1110 5054 1505 5126 καινοπρεπὲς,
1556 5055 1746 5109 καὶτὸ
1789 5055 1867 5126 τῷ

252 5141 383 5195 δεῖνι
412 5144 587 5213 τυχὸν
614 5144 677 5197 οὑ
717 5145 926 5217 σφόδρα
958 5145 1360 5218 διεγνωσμένον
1408 5148 1585 5219 ὀρθῶς
1615 5149 1709 5202 καὶ
1773 5149 1871 5202 ἀν-

337 5301 352 5330 ’
394 5298 604 5366 Philip.
646 5315 729 5365 Ill,
770 5300 823 5354 l.

336 5456 763 5525 (1)1ηιοι·βτειο
814 5457 1021 5514 Jacobo
1070 5458 1336 5523 Pontano,
1371 5460 1428 5514 S.
1472 5459 1548 5522 1.,
1581 5461 1670 5529 qui
1723 5462 1865 5515 hunc

255 5529 723 5597 conlinienitariunt
772 5530 983 5597 primus
1029 5530 1217 5584 Graace
1272 5541 1328 5584 et
1376 5529 1566 5585 Latine
1618 5532 1866 5585 ediderat

256 5594 582 5672 lngolstadii
609 5594 946 5672 anno-1605,
979 5600 1071 5654 fol.
1094 5601 1342 5655 —-Card.
1370 5602 1575 5672 Angelo
1598 5601 1701 5655 Mai
1730 5613 1768 5654 t.
1798 5600 1865 5656 ΙΙΙ

256 5665 612 5723 Bibliotheca
656 5667 826 5739 Norae
878 5669 1123 5735 Patrum,
1161 5672 1365 5739 p.133,
1392 5665 1595 5733 monet,
1643 5672 1864 5726 lacunas

260 5750 319 5791 se
342 5755 471 5808 qum
496 5749 621 5793 sunt
654 5740 705 5792 in
731 5738 922 5811 ('Zyrilli
952 5742 1019 5794 ad
1052 5738 1249 5794 Oseam
1286 5758 1350 5797 ac
1380 5743 1699 5799 Zachariam
1749 5744 1862 5798 edi-

596 5832 876 5892 PATROL.
905 5832 1025 5893 Gn.
1070 5832 1292 5895 LXXI.

1969 4782 2171 4835 veniet.
2252 4778 2307 4830 Si
2382 4777 2566 4841 enim,
2623 4789 2853 4843 quorum
2917 4788 3114 4827 munus
3162 4782 3246 4826 est
3294 4773 3567 4841 interpre—

1971 4874 2095 4937 tari,
2158 4871 2210 4941 2
2283 4869 2424 4923 inter
2508 4882 2566 4921 se
2643 4866 3019 4921 convenientia
3098 4864 3421 4928 attulerint,
3470 4879 3569 4916 an-

1977 4962 2159 5017 diendi
2207 4960 2558 5028 discendique
2608 4957 2821 5026 cupidis
2852 4957 3055 5011 certior
3086 4955 3276 5026 utique
3308 4970 3371 5008 ac
3400 4955 3568 5008 tutior

1978 5053 2164 5107 notitia
2215 5053 2472 5122 parietur.
2515 5048 2571 5103 Si
2607 5049 2739 5119 quid
2779 5059 2960 5102 autem
3003 5049 3072 5102 ab
3104 5063 3432 5117 unoquoque
3467 5063 3567 5099 no-

1984 5161 2105 5199 vum
2165 5143 2399 5215 proferri
2442 5142 2737 5207 videbitur,
2778 5141 2920 5211 quod
2967 5156 3076 5195 non
3126 5155 3286 5196 nemo
3340 5138 3567 5193 forsitan

1976 5459 2042 5513 tis
2082 5460 2493 5515 commentariis
2534 5459 2831 5515 contulisse
2872 5475 2993 5514 cum
3023 5459 3211 5516 codice
3262 5458 3386 5513 Vat.
3434 5458 3567 5522 587.

1976 5532 2123 5585 nullo
2178 5541 2357 5585 tamen
2406 5531 2622 5597 fructu;
2668 5532 3001 5585 tantumdem
3057 5530 3204 5586 enim
3265 5532 3317 5585 in
3369 5529 3566 5585 codice

1973 5602 2163 5655 deesse
2189 5602 2532 5670 cognovisse.
2566 5602 2834 5656 Caeterum
2865 5616 2970 5654 non
3004 5617 3112 5656 uno
3147 5602 3201 5655 in
3241 5603 3359 5655 loco
3397 5601 3570 5652 adno—

1976 5680 2052 5725 tat
2085 5672 2354 5740 interpres
2380 5672 2561 5726 minus
2589 5687 2752 5741 quam
2782 5687 2879 5740 pro
2925 5671 3239 5727 lacunarum
3276 5673 3450 5739 spatio
3477 5681 3573 5724 aut

1974 5742 2114 5799 forte
2142 5743 2306 5799 etiam
2334 5742 2466 5797 nihil
2494 5744 2560 5798 ad
2594 5743 2918 5799 sententiam
2955 5744 3237 5801 omissum.
3267 5742 3428 5797 Ευιτ.

3219 5837 3251 5893 1
