4094 6504
479 355 565 416 Ἠ

1519 346 1578 405 S.
1618 344 1896 403 CYRILLI
1937 342 2410 400 ALEXANDRIN!
2444 341 2767 400 ARCHIEP.

3692 342 3763 403 12

501 469 682 526 minus
732 467 923 541 probe,
979 479 1078 521 nec
1125 463 1262 519 citra
1311 462 1502 517 vilium
1553 460 1900 528 intellexerit,
1938 460 2070 532 quid

2174 459 2561 532 επιλήπτως,εί
2592 459 2686 514 ἐπὶ
2715 458 2841 515 νοῦν
2864 461 2989 532 ἥκοι
3006 460 3100 516 τὸν
3118 460 3331 531 ἐτέρου,
3354 460 3411 514 τί
3429 459 3493 514 τὸ
3516 460 3762 531 tum“;

502 562 631 619 mali
680 570 782 625 est,
833 560 881 614 si
929 554 981 611 id
1016 572 1123 611 non
1157 555 1310 621 mihi,
1341 554 1434 608 sed
1459 553 1613 609 alteri
1638 553 1691 607 in
1715 562 1951 608 mentem
1981 566 2073 608 ve-

503 652 687 708 nerit?
735 650 985 718 Quinimo
1010 661 1223 711 sensus,
1258 661 1321 699 ac
1342 643 1740 699 declarationes
1770 643 2074 714 complures

501 744 873 813 tlilucidasque
927 740 1188 794 adhibere
1244 739 1336 807 qui
1393 738 1606 792 tandem
1654 751 1759 791 non
1811 736 2074 805 praestat?

500 835 651 902 Quod
700 850 823 889 cum
870 833 940 886 ita
987 831 1079 892 sit,
1134 828 1345 883 tametsi
1399 836 1527 881 ante
1573 840 1673 881 nos
1700 840 1805 881 non
1836 826 1992 895 pauci
2019 825 2072 878 in

499 941 687 983 sacros
766 924 1061 995 prophetas
1132 919 1553 974 commentarios
1601 918 1922 979 ediderunt;
1970 916 2068 970 hac

501 1018 721 1088 quidem
758 1019 825 1072 de
854 1029 1016 1071 causa
1045 1028 1149 1067 non
1179 1012 1495 1071 tacebimus,
1527 1011 1835 1079 potiusque,
1867 1007 2074 1062 inertiae

505 1107 719 1179 repulsa
770 1106 1019 1170 mollitie,
1068 1117 1230 1173 quam
1277 1102 1431 1156 nobis
1464 1114 1675 1170 quoque
1713 1099 1939 1170 gratiam
1971 1097 2074 1150 im-

504 1196 806 1267 pertiverit,
856 1194 946 1266 qui
980 1191 1248 1264 profunda
1302 1198 1357 1244 et
1389 1189 1598 1246 occulta
1629 1186 1916 1252 illuminat,
1949 1199 2070 1239 eam

500 1291 712 1344 (ueteris
753 1289 915 1344 etiam
968 1287 1290 1356 prodcntus;
1343 1294 1609 1336 memores
1655 1278 1797 1333 illius
1826 1276 2069 1332 Christi:

506 1397 525 1429 ι
546 1377 732 1433 Gratis
764 1374 1071 1444 accepistis,
1109 1373 1280 1443 gratis
1311 1372 1436 1423 date
1462 1369 1503 1421 ⁸.
1536 1386 1555 1420 ι
1592 1366 1879 1421 Ordientes
1912 1364 2074 1434 igitur

499 1470 717 1520 beatum
784 1464 1099 1532 prophetam
1153 1459 1348 1515 Oscam
1426 1454 1711 1525 perspicue
1770 1464 2068 1521 exponere,

499 1557 654 1627 prius
696 1554 1007 1609 docebimus
1050 1550 1191 1621 quod
1243 1552 1310 1602 ad
1339 1545 1566 1601 aliorum
1593 1557 1807 1614 quoque
1840 1542 2070 1612 prophe-

500 1662 674 1705 tarum
710 1647 881 1702 libros
915 1645 1168 1717 pertinet.
1204 1640 1319 1696 Mos
1349 1637 1619 1710 siquidem
1662 1634 1969 1692 communis
1989 1641 2073 1688 est

496 1739 761 1804 omnium,
794 1736 950 1790 facile
974 1734 1134 1790 verba
1156 1748 1254 1787 sua
1284 1732 1352 1787 ad
1383 1732 1437 1786 id
1460 1729 1604 1800 quod
1630 1726 1851 1797 Spiritui
1882 1733 2072 1780 sancto

496 1831 704 1902 placuit
735 1826 1149 1883 accommodare
1209 1838 1276 1879 ac
1335 1819 1726 1877 transformare
1766 1835 1782 1872 :
1832 1825 1892 1870 ut
1935 1830 2071 1871 non-
2100 1814 2144 1874 Β

497 1933 770 1990 nunquam
798 1933 865 1974 ex
901 1916 1164 1982 historia,
1213 1915 1326 1969 sive
1372 1927 1440 1969 ex
1487 1912 1647 1967 rebus
1687 1922 1907 1965 sensum
1947 1922 2069 1962 mo-

497 2011 778 2074 ventibus,
832 2018 888 2063 et
963 2016 1219 2075 tanquam
1301 2004 1355 2057 in
1418 2010 1708 2072 conspectu
1769 1998 1957 2069 positis
2012 2004 2068 2053 et

499 2101 809 2164 transactis,
828 2100 1110 2153 commode
1136 2097 1203 2150 ad
1222 2096 1413 2150 intima
1438 2092 1798 2164 spiritualium
1828 2089 2071 2147 redeant:

504 2203 895 2258 nonnunquam
925 2201 1054 2241 vero
1079 2199 1175 2255 per
1202 2186 1456 2254 ambages
1506 2180 1941 2247 obscurissimas,
1983 2192 2073 2234 res

486 2285 553 2338 in
581 2295 799 2338 sensum
832 2280 1093 2335 cadentes
1124 2277 1421 2345 attingant.
1445 2272 1910 2343 Frequentissime
1943 2271 2071 2325 item

491 2387 761 2446 personas
807 2372 1094 2436 inducunt,
1141 2377 1196 2423 et
1237 2368 1625 2430 lamentantur,
1658 2374 1714 2421 et
1741 2360 2069 2429 exclamant,

496 2475 550 2521 et
574 2462 972 2534 praeteritorum
999 2460 1384 2524 meminerunt,
1407 2466 1463 2512 et
1489 2456 1665 2511 futura
1690 2455 2071 2525 praenuntiant.

490 2554 846 2624 Quapropter
885 2551 1099 2623 singula
1144 2549 1290 2604 clare
1340 2560 1394 2604 et
1422 2548 1664 2603 studiose
1690 2545 2072 2612 discernenda,

496 2647 1001 2714 sententiarumque
1051 2642 1209 2706 ordo,
1255 2650 1723 2712 personarumque
1766 2634 2071 2692 dilerentia

484 2737 805 2793 necessario
847 2733 1192 2790 observanda
1243 2742 1327 2787 est
1357 2748 1371 2786 :
1404 2733 1487 2786 sic
1527 2730 1672 2784 enim
1721 2729 1903 2798 plane,
1935 2725 2072 2783 citra

493 2829 868 2887 confusionem
937 2836 992 2882 et
1037 2840 1253 2881 omnem
1318 2824 1539 2880 omnino
1586 2821 1954 2877 dilIicultatetn
2006 2822 2075 2876 de

495 2924 566 2978 iis
616 2935 860 2992 agemus.
912 2918 1122 2988 Opinor
1167 2929 1351 2971 autem
1399 2916 1642 2985 quaedam
1689 2915 1839 2984 prius
1884 2912 2072 2984 expla-

497 3016 700 3080 nanda,
719 3027 837 3081 quae
853 3009 1150 3067 Israelitico
1173 3007 1438 3079 sanguine
1469 3007 1713 3062 oriundis
1738 3007 2069 3071 acciderunt,

494 3122 566 3163 ne
593 3106 859 3161 lectorum
896 3102 1113 3156 animus
1150 3099 1520 3171 perturbetur,
1563 3098 1689 3152 dum
1728 3112 1873 3151 nunc
1922 3097 2072 3150 audit
2098 3144 2142 3171 ι,

494 3147 566 3163 ..υ
594 3147 859 3161 mw.-."
896 3147 1112 3156 -....-._-
1150 3147 1520 3171 r------_--_-,
1568 3147 1687 3152 ν---
1728 3147 1870 3151 η.--
2123 3147 2142 3166 ,

493 3197 774 3269 Ephraim,
805 3204 861 3250 et
887 3192 1075 3255 Israel,
1123 3200 1286 3262 atque
1334 3191 1498 3246 etiam
1550 3188 1890 3255 Samariam;
1929 3204 2070 3243 nunc
2097 3147 2143 3206 ⁴⁴

492 3288 716 3353 ludam,
747 3295 802 3341 et
832 3283 1135 3352 Beniamin,
1181 3282 1377 3352 quibus
1418 3279 1697 3335 vocabulis
1742 3279 1884 3334 sacri
1940 3294 2071 3348 pro-

490 3382 674 3451 pheta:
739 3376 1071 3434 creberrime
1129 3382 1372 3427 utuntur.
1428 3370 1495 3427 Ut
1557 3371 1724 3440 igitur
1781 3370 2069 3424 manifeste

496 3471 709 3542 singula
744 3470 950 3534 norint,
990 3467 1293 3522 attendant.
1344 3462 1635 3518 Paternum
1681 3478 1902 3533 regnum
1939 3462 2068 3516 olim

502 3562 899 3634 Hierosolymis
926 3559 1317 3614 administrans
1341 3555 1619 3622 Salomon,
1659 3554 1800 3608 fama
1831 3554 2071 3608 celebra-

496 3669 608 3713 tum
655 3656 783 3711 illud
847 3661 902 3708 et
954 3650 1279 3707 admirabile
1345 3646 1601 3716 templum
1650 3646 1760 3700 Deo
1833 3645 2072 3701 exaedifi-

498 3750 657 3808 ravit.
691 3748 795 3815 Qui
829 3745 1078 3816 quamvis
1119 3742 1434 3796 divitiarum
1474 3738 1762 3809 splendore
1816 3747 1872 3792 et
1905 3754 2071 3808 pecu-

493 3843 598 3898 nia:
661 3839 819 3910 copia
889 3833 1421 3896 excellentissimus,
1499 3831 1552 3885 in
1607 3837 1883 3885 senectute
1944 3829 2070 3883 dum

496 3948 602 3988 non
655 3931 771 3985 vult
822 3927 1098 3983 offendere
1147 3922 1419 3988 mulieres,
1474 3922 1639 3977 Deum
1687 3916 1948 3986 offendit,
2005 3934 2071 3976 eo

496 4025 655 4081 modo
709 4023 761 4095 3
799 4036 907 4092 quo
962 4034 1121 4074 sacra
1169 4018 1325 4072 nobis
1362 4014 1642 4086 Scriptura
1680 4008 2074 4070 commemora-

494 4119 593 4186 nit,
623 4116 780 4188 cujus
809 4115 925 4170 haec
951 4122 1080 4169 sunt
1110 4112 1273 4166 verba
1304 4128 1317 4163 :
1356 4128 1374 4162 ι
1402 4109 1467 4164 Ει
1505 4124 1594 4163 rex
1629 4107 1902 4161 adamavit
1949 4123 2068 4160 mu-

493 4213 654 4266 lieres
687 4209 1022 4277 alienigenas
1054 4203 1272 4269 multas,
1308 4201 1470 4255 filiam
1496 4214 1712 4270 quoque
1746 4198 2068 4266 Pharaonis,

489 4314 549 4362 et
576 4300 923 4364 Moabitidas,
960 4308 1013 4353 et
1042 4293 1462 4357 Ammonitidas,
1497 4303 1549 4347 et
1577 4292 1849 4356 Sidonias,
1884 4302 1935 4347 ct
1966 4290 2074 4346 lle-

495 4396 690 4458 thaeas,
739 4402 796 4447 et
843 4388 1191 4444 Amorrhzeas
1222 4390 1286 4440 de
1316 4384 1585 4454 gentibus,
1622 4386 1688 4439 de
1713 4383 1908 4454 quibus
1938 4386 2072 4440 dixit

2174 555 2391 612 Μᾶλλον
2421 555 2501 623 δὲ,
2535 553 2655 619 πῶς
2677 555 2778 608 οὐκ
2815 554 3036 626 ἄμεινον
3065 554 3357 626 ἀμφιλαφῆ
3391 552 3489 608 καὶ
3512 552 3762 624 εὐκρινε-

2177 648 2372 719 στέραν
2442 646 2542 718 τὴν
2586 645 2699 700 τῶν
2749 645 3038 716 νοημάτων
3097 644 3350 714 γίνεσθαι
3410 644 3761 715 παράθεσιν;

2178 738 2409 803 Οὐκοῦν,
2449 737 2554 791 κᾶν
2603 738 2653 790 οἱ
2687 735 2877 818 πολλοὶ
2930 735 3242 807 γεγράφασι
3285 735 3393 808 πρὸ
3432 734 3631 806 ήμῶν,
3692 734 3763 790 τὰ

2176 829 2235 879 ἐν
2295 828 2409 890 τοῖς
2477 823 2653 894 ἁγίοις
2723 824 3033 895 προφήταις
3102 821 3586 894 διερμηνεύοντες,
3640 822 3762 892 οὐχὶ

2171 915 2377 988 ταύτης
2443 916 2628 969 ἕνεκεν
2703 915 2802 985 τῆς
2872 914 3052 978 αἰτίας
3115 914 3489 985 σιωπήσομεν.
3555 913 3760 968 Διωσό-

2177 1007 2319 1080 μεθα
2343 1007 2400 1060 δέ
2435 1006 2635 1078 μᾶλλον
2665 1006 2742 1070 ὡς
2782 1006 2988 1076 ἀδρανῆ
3020 1005 3113 1058 τὸν
3138 1004 3298 1059 ὄκνον
3319 1043 3334 1069 ,
3362 1005 3458 1058 καὶ
3484 1003 3662 1075 ἥνπερ
3692 1003 3758 1057 ἂν

2172 1100 2267 1153 καὶ
2295 1101 2428 1171 ἡμῖν
2456 1099 2637 1163 αὐτοῖς
2686 1098 2893 1170 ἐπιδοίη
2940 1097 3103 1169 χάριν
3148 1099 3177 1151 ὁ
3219 1097 3560 1169 ἀπολάμπων
3584 1096 3756 1168 βαθέα

2173 1190 2269 1243 καὶ
2323 1189 2641 1262 ἀπόκρυφα,
2669 1189 2875 1259 ταύτην
2909 1188 3006 1243 καὶ
3054 1189 3265 1260 ἑτέροις
3310 1188 3554 1261 φανερὰν
3587 1206 3760 1242 κατα-

2176 1283 2463 1354 στήσομεν,
2503 1283 2838 1353 μεμνημένοι
2865 1281 3115 1350 λέγοντος
3142 1281 3239 1335 τοῦ
3283 1282 3523 1353 Χριστοῦ
3545 1296 3560 1313 ’
3596 1300 3615 1332 ι
3645 1283 3758 1334 Δω-

2177 1375 2305 1446 ρεὰν
2338 1374 2579 1439 ἐλάϐετε,
2620 1374 2831 1445 δωρεὰν
2860 1375 3000 1428 δότε.
3036 1392 3055 1425 ι
3104 1374 3429 1445 Ἀρχόμενος
3453 1373 3631 1428 τοίνυν
3656 1373 3756 1443 τῆς

2172 1466 2252 1529 είς
2277 1465 2367 1519 τδν
2399 1466 2668 1536 μακάριον
2698 1467 2983 1535 προφήτην
3018 1465 3177 1536 Ὠσηὲ
3205 1463 3411 1533 σαφοῦς
3436 1464 3752 1537 ἑρμηνείας,

2173 1556 2349 1609 ἐκεῖνο
2374 1554 2788 1625 προεκθήσομαι
2814 1555 2908 1608 καὶ
2941 1553 3071 1625 περὶ
3097 1552 3207 1606 τῶν
3244 1552 3418 1608 ἄλλων
3460 1552 3756 1626 προφητῶν

2177 1653 2523 1724 συγγραφῆς.
2584 1653 2748 1716 Ἔθος
2799 1651 2910 1722 γὰρ
2968 1651 3217 1715 ἅπασιν,
3270 1651 3362 1714 οὓς
3409 1650 3477 1705 ἂν
3530 1650 3756 1704 ἕκαστοι

2174 1747 2409 1798 ποιοῖντο
2429 1745 2641 1813 λόγους,
2677 1744 3073 1815 μεταπλάττειν
3100 1741 3339 1805 εὐκόλως
3367 1742 3459 1795 ἐπὶ
3479 1740 3541 1794 τὸ
3565 1740 3758 1797 δοκοῦν

2171 1832 2250 1903 τῷ
2283 1834 2423 1905 ἀγίῳ
2455 1834 2755 1904 Πνεύματι,
2789 1834 2866 1898 ὡς
2914 1831 3046 1885 ποτὲ
3092 1832 3190 1902 μὲν
3239 1832 3304 1885 ἐκ
3345 1830 3446 1901 τῆς
3477 1828 3756 1901 ἱστορίας,

2171 1925 2290 1995 ἦτοι
2316 1925 2425 1979 τῶν
2451 1925 2750 1995 αἰσθητῶν,
2775 1925 2870 1978 καὶ
2894 1922 3057 1977 οἱονεί
3088 1940 3206 1986 πως
3235 1922 3294 1975 ἐν
3314 1921 3438 1992 ὄψει
3461 1921 3756 1993 κειμένων,

2171 2016 2266 2069 καὶ
2319 2017 2621 2086 γεγονότων
2668 2016 3011 2087 πραγμάτων
3043 2014 3340 2085 ἀναφοιτᾷν
3391 2013 3632 2077 εὐκόλως
3676 2014 3759 2078 είς

2170 2106 2422 2161 ἐσώτατα
2459 2108 2806 2179 πνευματικά
2828 2122 2845 2139 θ
2881 2104 3013 2159 ποτὲ
3044 2104 3102 2158 δέ
3130 2100 3197 2160 αὖ
3236 2104 3611 2161 καθικνεῖσθαι
3650 2106 3763 2161 πάι

2170 2195 2274 2260 λιν,
2304 2196 2400 2250 καὶ
2433 2195 2568 2251 πολὺ
2587 2197 2651 2269 δὴ
2674 2196 2795 2251 λίαν
2816 2197 2918 2251 ἀσυ
2928 2195 3176 2268 μφανῶς,
3203 2196 3297 2250 ἐπὶ
3320 2195 3388 2250 τά
3421 2197 3478 2250 ἐν
3501 2195 3762 2268 αἰσθήσει

2171 2286 2491 2359 πράγματα.
2540 2286 2775 2355 Πλείστη
2828 2287 2886 2340 δὲ
2920 2287 3018 2358 ὅση
3064 2287 3195 2359 παρ’
3231 2286 3415 2348 αὐτοῖς
3458 2285 3555 2339 καὶ
3577 2287 3614 2357 ή
3645 2285 3763 2339 τῶν

2171 2375 2482 2450 προσώπων
2519 2375 2843 2448 ἐπεισφορά,
2880 2373 3234 2447 σχετλιασμοί
3266 2390 3362 2442 τε,
3397 2373 3493 2428 καὶ
3529 2374 3762 2444 ἀναφω-

2169 2467 2378 2539 νήσεις,
2398 2467 2495 2523 καὶ
2522 2467 2629 2522 τῶν
2649 2467 2752 2540 ήδη
2773 2467 3181 2539 παρῳχηκότων
3218 2466 3252 2537 ἡ
3279 2467 3488 2538 μνήμη,
3519 2465 3619 2520 καὶ
3652 2466 3766 2521 τῶν

2174 2558 2447 2632 ἐσομένων
2492 2557 2886 2631 προάγγελσις.
2928 2560 3022 2613 Δεῖ
3062 2557 3129 2630 δὴ
3181 2552 3277 2612 οὖν
3325 2556 3535 2611 ἕκαστα
3566 2555 3765 2626 σαφῶς

2171 2647 2643 2721 φιλοκρινοῦντας,
2672 2648 2765 2703 καὶ
2780 2647 2881 2719 τὴν
2908 2646 3017 2701 τῶν
3038 2646 3327 2718 νοημάτων
3349 2643 3524 2712 τάξιν,
3548 2645 3650 2700 καὶ
3664 2644 3768 2717 τὴν

2170 2739 2282 2795 τῶν
2304 2739 2614 2812 προσώπων
2653 2737 2918 2811 διαφορὰν
2955 2736 3273 2806 ἀναγκαίως
3306 2737 3593 2809 ἐπιτηρεῖν
3614 2753 3626 2768 ·
3664 2753 3770 2791 σα-

2172 2830 2279 2903 φὴς
2309 2830 2420 2903 γὰρ
2437 2830 2610 2895 οὕτως
2645 2831 2798 2902 ἡμῖν,
2828 2830 2923 2884 καὶ⁸
2948 2830 3279 2900 ἀσὺγχυτος,
3321 2828 3417 2883 καὶ
3439 2828 3774 2902 δυσχερείας

2171 2925 2393 2996 ἀπάσης
2439 2922 2864 2994 ἀπηλλαγμένος
2916 2920 3071 2975 ἔσται
3124 2937 3226 2974 που
3260 2920 3480 2985 πάντως
3518 2922 3553 2975 ὁ
3581 2921 3773 2991 λόγος.

2172 3014 2385 3085 Χρῆναι
2419 3013 2476 3067 δὲ
2510 3012 2916 3084 ὑπολαμϐάνω,
2955 3011 3454 3084 προαφηγήσασθαί
3485 3029 3615 3067 τινα.
3658 3012 3779 3068 τῶν

2176 3103 2601 3175 συμϐεϐηκότων
2636 3104 2750 3164 τοῖς
2788 3101 2848 3169 ἐξ
2882 3102 3114 3173 αἵματος
3149 3100 3399 3175 Ἰσραὴλ,
3429 3101 3520 3157 ἵνα
3553 3103 3634 3177 μὴ
3671 3121 3780 3158 τα-

2177 3195 2423 3266 ράττοιτο
2450 3193 2559 3248 τῶν
2589 3191 2985 3265 ἐντευξομένων
3011 3194 3040 3248 δ
3070 3191 3220 3259 νοῦς.
3255 3194 3387 3249 ποτέ
3418 3194 3522 3265 μὲν
3549 3196 3782 3252 ἀκούων

2184 3285 2444 3357 Ἐφρατμ,
2479 3287 2596 3359 καὶ·
2618 3284 2836 3356 Ἰσραὴλ
2858 3326 2873 3351 ,
2933 3284 3031 3339 καὶ
3074 3286 3258 3357 μέντοι
3298 3287 3394 3340 καὶ
3420 3286 3777 3359 Σαμάρειαν·

2185 3378 2383 3430 Ἰούδαν
2418 3394 2475 3429 τε
2507 3358 2596 3442 αῦ,
2633 3376 2729 3430 καὶ⁹
2775 3376 3052 3448 Βενιαμίν.
3101 3376 3337 3448 Πλείστη
3369 3375 3479 3449 γὰρ
3514 3358 3623 3450 ὅση
3664 3378 3785 3435 τῶν

2170 3466 2428 3519 τοιούτων
2474 3465 2753 3535 ὀνομάτων
2796 3464 2945 3536 παρά
2989 3468 3100 3531 τοῖς
3150 3464 3327 3534 ἁγίοις
3372 3467 3702 3538 προφήταις
3744 3470 3784 3542 ή

2175 3559 2384 3631 μνήμη.
2413 3559 2531 3611 Ἵνα
2559 3558 2739 3612 τοίνυν
2761 3559 2953 3613 εἰδεῖεν
2982 3557 3192 3613 ἕκαστα
3221 3556 3428 3628 σαφῶς,
3453 3558 3789 3616 ἀκουόντων

2170 3651 2253 3705 ὅτι
2278 3650 2375 3721 τὴν
2401 3651 2496 3703 τοῦ
2525 3651 2731 3723 πατρὸς
2757 3650 3034 3722 βασιλείαν
3065 3653 3343 3722 περιέπων
3367 3652 3515 3706 κατὰ
3536 3656 3787 3725 καιροὺς

2172 3744 2229 3797 ἐν
2259 3745 2372 3807 τοῖς
2415 3742 2815 3814 Ἱεροσολύμοις
2839 3745 2867 3797 ὁ
2895 3740 3169 3814 Σολομὼν,
3197 3743 3529 3815 ἀνεδείματο
3560 3745 3667 3818 μὲν
3702 3747 3788 3818 τῷ

2172 3831 2294 3904 Θεῷ
2341 3831 2432 3887 τὸν
2478 3831 2762 3906 διαϐόητον
2822 3835 3029 3889 ἐκεῖνον
3076 3834 3171 3888 καὶ
3210 3834 3548 3904 ἁξιάγαστον
3601 3839 3750 3895 νεών
3770 3883 3788 3898 .

2186 3926 2347 3981 Ἀλλά
2368 3925 2545 3980 καίτοι
2573 3926 2697 3981 λίαν
2721 3924 2963 3996 γεγονὼς
2989 3925 3300 3997 διαπρεπής
3323 3926 3412 3980 διά
3437 3945 3504 3982 τε
3538 3931 3791 3988 πλούτου

2172 4019 2566 4091 λαμπρότητα,
2596 4019 2692 4072 καὶ
2722 4019 3042 4089 περιουσίαν
3090 4019 3390 4090 χρημάτων
3415 4061 3432 4087 ,
3484 4024 3573 4087 είς
3603 4026 3796 4099 γῆρας

2172 4108 2474 4181 ἐληλακὼς,
2494 4110 2584 4165 διά
2599 4127 2682 4164 τοι
2702 4110 2802 4182 τὴν
2815 4111 2895 4174 εἰς
2914 4112 3178 4177 γυναῖκας
3200 4110 3332 4164 αίδὼ
3351 4116 3800 4189 προσκέκρουκα

2171 4206 2251 4278 τῷ
2279 4205 2419 4278 Θεῷ.
2445 4205 2555 4261 Kal
2580 4207 2733 4267 ποῖος
2765 4202 2915 4275 αὐτῷ
2950 4203 3144 4272 γέγονε
3171 4202 3569 4273 πλημμελείας
3599 4210 3630 4262 ό
3659 4212 3799 4282 τρό.

2174 4317 2295 4364 πος,
2329 4299 2391 4353 τὸ
2429 4298 2573 4370 ἱερὸν
2623 4299 2753 4368 ἡμῖν
2788 4297 3138 4367 ἀφηγήσεται
3185 4295 3432 4366 Γρὰμμα
3456 4315 3472 4328 ·
3524 4300 3649 4372 ἔχει
3680 4306 3799 4376 γὰρ

2173 4391 2366 4455 οὓτως-ο
2402 4409 2421 4442 ι
2458 4390 2570 4445 Καὶ
2596 4391 2624 4444 ό
2664 4388 2919 4461 βασιλεὺς
2949 4387 3107 4441 ἔλαϐε
3153 4390 3420 4456 γυναῖκας
3459 4390 3802 4466 ἀλλοτρίας,

496 4485 763 4540 Dominus
819 4482 944 4536 ﬁliis
1004 4479 1211 4534 Israel:
1245 4476 1360 4531 Non
1418 4476 1793 4545 iugredicmini
1844 4476 1909 4530 ad
1956 4492 2070 4544 eas,

2177 4482 2271 4536 κα)¹
2298 4481 2398 4554 τὴν
2429 4480 2704 4553 θυγατέρα
2744 4480 2942 4553 Φαραὼ
2964 4521 2978 4547 ,
3012 4479 3365 4544 Μωαϐίτιδας
3386 4521 3402 4542 ,
3453 4485 3805 4557 Ἀμμανίτι-

488 4585 670 4642 neque
710 4572 775 4626 de
819 4569 928 4625 illis
976 4570 1350 4639 ingredientur
1402 4567 1469 4621 ad
1518 4576 1745 4631 vestras,
1802 4581 1868 4621 ne
1913 4566 2073 4622 inclio

494 4676 625 4720 nent
662 4665 826 4719 corda
859 4675 1039 4715 vestra
1068 4670 1191 4730 post
1221 4657 1360 4713 idola
1404 4672 1521 4712 sua.
1561 4654 1656 4711 llis
1689 4672 1874 4712 amore
1904 4673 2072 4728 copu-

490 4756 637 4812 latus
682 4762 767 4810 cst
826 4750 1103 4807 Salomon.
1158 4750 1223 4803 Et
1271 4756 1425 4803 erant
1464 4746 1511 4801 ei
1557 4763 1754 4802 uxores
1804 4746 2073 4818 principes

495 4847 879 4916 septingenttr,
913 4851 968 4897 ct
1005 4840 1319 4895 concubinae
1356 4847 1628 4893 trecentae.
1672 4838 1739 4892 Et
1782 4839 1954 4893 factus
1991 4850 2074 4893 est

495 4941 550 4994 in
589 4948 833 5005 tempore
869 4932 1164 4990 senectutis
1194 4932 1469 4997 Salomon,
1503 4941 1557 4985 et
1580 4931 1916 4984 declinarunt
1957 4947 2075 4984 mu-

494 5031 657 5082 iieres
685 5024 1001 5093 alienigenae
1034 5037 1126 5076 (-or
1153 5021 1272 5092 οῇιις
1304 5032 1426 5091 post
1454 5023 1584 5076 deos
1618 5021 1847 5083 alienos,
1881 5030 1934 5074 et
1966 5038 2069 5075 non

493 5128 611 5174 erat
634 5132 730 5173 cor
754 5114 870 5184 ejus
900 5114 1196 5185 perfectum
1231 5131 1351 5169 cunt
1389 5117 1614 5170 Domino
1648 5114 1757 5168 Deo
1780 5130 1901 5179 suo,
1932 5115 2071 5169 sicut

494 5226 591 5266 cor
622 5208 789 5264 David
827 5209 999 5278 patris
1027 5208 1166 5278 ejus.
1216 5206 1284 5260 Et
1316 5206 1608 5259 ambulavit
1648 5204 1905 5260 Salomon
1950 5216 2072 5272 post

494 5301 748 5358 Astarten
791 5300 1246 5355 abominationem
1295 5297 1667 5363 Sidoniorum,
1702 5303 1755 5351 et
1788 5306 1909 5366 post
1943 5296 2073 5350 Baal

496 5395 698 5451 idolum
744 5394 978 5452 filiorum
1022 5394 1275 5448 Ammon.
1316 5390 1382 5445 Et
1414 5389 1546 5447 fecit.
1574 5390 1829 5446 Salomon
1873 5390 2072 5445 malum

495 5500 680 5542 eorum
735 5485 986 5549 Domino,
1032 5491 1087 5538 et
1128 5497 1237 5538 non
1272 5480 1569 5537 ambulavit
1610 5488 1733 5552 post
1762 5479 2072 5549 Dominum,

495 5586 559 5634 ut
604 5574 773 5631 David
818 5587 974 5645 pater
997 5574 1134 5645 ejus.
1165 5574 1317 5631 Tunc
1345 5573 1636 5649 aedificavit
1671 5572 1929 5630 Salomon
1971 5587 2069 5630 ex-

566 5753 590 5821 ?
620 5750 811 5808 Matth.
838 5766 893 5817 κ,
921 5751 975 5807 8.

2176 4574 2272 4637 δας
2296 4616 2311 4640 ,
2337 4573 2514 4646 Σύρας
2535 4614 2552 4639 ,
2580 4574 2675 4628 καὶ
2716 4572 3020 4643 Ἰδουμαίας
3041 4612 3055 4636 ,
3084 4571 3353 4634 Χετταίας
3378 4615 3393 4637 ,
3432 4575 3536 4629 καὶ
3584 4579 3807 4654 Ἀμορ..

2180 4664 2363 4737 ραίας,
2398 4665 2463 4718 ἐκ
2491 4665 2601 4717 τῶν
2648 4662 2819 4716 ἐθνῶν
2868 4656 2944 4715 ὧν
2992 4663 3193 4715 ἀπεῖπε
3238 4661 3454 4732 Κύριος
3503 4671 3629 4734 τοῖς
3658 4674 3806 4739 υἱοῖς

2190 4752 2426 4826 Ἰσραήλ·
2457 4749 2576 4807 Οὐκ
2598 4750 2973 4804 είσελεύσεσθε
3003 4752 3084 4813 εἰς
3109 4751 3327 4814 αὐτοὺς,
3367 4756 3471 4809 καὶ
3496 4759 3667 4814 αὐτοὶ
3696 4764 3809 4819 οὐκ

2179 4845 2578 4899 εἰσελεύσονται
2603 4845 2684 4906 είς
2710 4843 2876 4913 ὑμᾶς,
2910 4842 2996 4895 ἵνα
3034 4842 3110 4914 μὴ
3151 4842 3454 4899 ὲκκλίνωσι
3507 4850 3620 4916 τὰς
3656 4871 3808 4926 καρ-

2175 4938 2296 5000 δίας
2341 4935 2497 5006 ὑμῶν
2540 4935 2717 4987 ὀπίσω
2765 4933 2875 4986 τῶν
2933 4934 3168 4988 εἰδώλων
3216 4933 3432 4989 αὐτῶν·
3477 4943 3566 5007 εἰς
3623 4946 3811 5015 αὐτὰς

2176 5026 2441 5097 ἐκολλήθη
2473 5023 2757 5096 Σολομὼν,
2793 5025 2887 5079 τοῦ
2931 5025 3236 5096 ἀγαπῆσαι.
3279 5027 3399 5081 Καὶ
3435 5026 3591 5104 ἦσαν
3646 5038 3811 5114 αὑτῷ

2175 5122 2430 5189 γυναῖκες
2461 5118 2721 5189 ἄρχουσαι
2747 5118 3091 5178 ἑπτακόσιαι,
3123 5116 3217 5170 καὶ
3240 5117 3536 5178 παλλακαὶ
3570 5132 3814 5199 τριακό-

2176 5229 2309 5265 σιαι.
2340 5210 2450 5262 Καὶ
2475 5209 2707 5281 ἐγενήθη
2739 5210 2797 5263 ὲν
2819 5207 2897 5280 τῷ
2922 5207 3099 5279 καιρῷ
3137 5210 3329 5279 γήρως
3373 5211 3675 5285 Σολομὼν,
3711 5221 3814 5276 καὶ

2168 5300 2450 5366 ἐξέκλιναν
2478 5298 2535 5353 αἱ
2568 5301 2824 5368 γυναῖκες
2843 5300 2900 5351 αἱ
2922 5297 3200 5370 ἀλλότριαι
3224 5297 3330 5371 τὴν
3357 5305 3611 5377 καρδίαν
3631 5313 3814 5368 αὐτοῦ

2167 5390 2345 5445 ὀπίσω
2375 5387 2515 5445 θεῶν
2535 5390 2761 5461 ἐτέρων.
2790 5390 2902 5445 Καὶ
2933 5390 3034 5444 οὐκ
3059 5385 3128 5460 ἦν
3169 5392 3203 5461 ἡ
3243 5393 3463 5464 καρδία
3495 5399 3681 5455 αὐτοῦ
3715 5421 3815 5458 τε-

2169 5481 2290 5536 λεία
2327 5481 2466 5553 μετὰ
2501 5480 2713 5553 Κυρίου
2752 5481 2848 5535 τοῦ
2877 5479 3012 5535 Θεοῦ
3042 5479 3209 5535 αὐτοῦ
3232 5520 3248 5546 ,
3282 5484 3487 5552 καθὼς
3527 5491 3566 5563 ὴ
3597 5496 3817 5567 καρδία

2171 5572 2333 5628 Δαϐὶδ
2378 5570 2473 5628 τοῦ
2527 5571 2737 5644 πατρὸς
2797 5569 2984 5643 αὑτοῦ.
3031 5569 3144 5625 Καὶ
3191 5570 3487 5649 ἐπορεύθη
3538 5579 3815 5658 Σολομεη
