4094 6496
328 336 390 392 15
1228 327 1791 387 COMMENTARIUS
1830 329 1899 386 IN
1935 330 2164 386 OSEMI
2207 326 2656 384 PROPIIETAM.
3534 322 3604 378 Η

325 441 486 499 ὀπίσω
529 439 626 510 τῆς
687 439 993 512 Ἀστάρτης
1046 440 1419 512 βδελύγματος
1471 443 1776 508 Σιδωνίων,
1808 445 1902 496 καὶ

2013 442 2212 498 celsum
2261 442 2502 497 (lhamos
2537 439 2683 495 idolo
2726 435 2903 501 Moab,
2933 446 2986 491 et
3016 435 3145 491 Baal
3179 436 3326 493 idolo
3359 437 3603 494 filiorum

324 536 484 591 ὀπίσω
512 533 601 587 τοῦ
629 533 811 599 Βάαλ,
840 532 1063 588 εἰδώλου
1096 534 1234 589 υἱῶν
1280 534 1484 606 Ἀμών.
1517 536 1630 590 Καὶ
1675 538 1904 609 ἐποίησε

326 624 560 696 Σολομὼν
586 623 648 677 τὸ
667 624 908 696 πονηρὸν
928 624 1162 680 ἐνώπιον
1187 626 1519 698 Κυρίου,καὶ
1541 628 1642 681 οὐκ
1669 628 1907 699 ἐπορεύ-

326 718 383 788 θη
421 717 592 769 ὀπίσω
639 715 851 787 Κυρίου
873 755 890 783 ,
922 716 999 781 ὡς
1045 717 1212 770 Δαϐὶδ
1245 717 1274 770 6
1317 718 1503 789 πατὴρ
1539 719 1731 772 αὐτοῦ.
1772 720 1906 773 Τότε

323 808 622 882 ᾠκοδόμησε
646 805 903 878 Σολομὼν
929 807 1134 878 ὑψηλὸν
1153 808 1232 880 τῷ
1255 808 1468 879 Χαμὼς
1485 810 1689 881 είδὼλῳ
1709 810 1906 874 Μωάὄ,

323 902 407 953 καὶ
437 899 514 969 τῷ
543 899 689 953 Βάαλ
727 899 936 971 εἰδώλῳ
978 900 1110 954 υίῶν
1151 899 1355 972 Ἀμὼν,
1387 903 1484 956 καὶ
1521 906 1587 973 τῇ
1635 904 1910 977 Ἀστάρτῃ

323 990 640 1060 βδελύγματι
695 991 992 1048 Σιδωνίων.
1053 993 1164 1048 Καὶ
1206 993 1382 1058 οὕτως
1426 997 1656 1067 ἐποίησε
1704 998 1909 1061 πάσαις

319 1084 428 1145 ταῖς
483 1083 728 1150 γυναιξὶν
779 1083 947 1137 αὑτοῦ
1002 1087 1128 1148 ταῖς
1171 1085 1516 1156 ἀλλοτρίαις,
1571 1089 1628 1141 αἳ
1669 1088 1909 1160 ἐθυμίων

322 1176 409 1227 καὶ
439 1174 590 1228 ἔθυον
620 1179 734 1239 τοῖς
785 1175 1028 1241 εἰδώλοις
1075 1178 1279 1233 αὐτῶν.
1310 1180 1420 1232 Καὶ
1469 1180 1714 1252 ὠργίσθη
1751 1179 1909 1252 θυμῷ

321 1267 511 1337 Κύριος
531 1268 624 1320 ἐπὶ
639 1267 953 1338 Σολομῶνα.
973 1271 1056 1322 ὃτι
1082 1270 1327 1334 ἐξέκλινε
1353 1272 1584 1343 καρδίαν
1605 1271 1772 1326 αὐτοῦ
1801 1273 1910 1326 ἀπὸ

323 1359 519 1428 Κυρίου
571 1359 943 1431 Ἰσραὴλ,“τοῢ
983 1362 1243 1430 ὀφθέντος
1277 1364 1429 1436 αὐτῷ
1459 1365 1540 1429 δὶς
1567 1405 1582 1429 ,
1615 1366 1711 1418 καὶ
1739 1366 1912 1418 ἐντει-

320 1448 547 1520 λαμένου
591 1451 743 1520 αὐτῷ
797 1451 942 1524 ὑπὲρ
980 1454 1075 1507 τοῦ
1121 1453 1285 1524 λόγου
1313 1456 1531 1522 τούτου,
1582 1458 1911 1530 τοπαράπαν

324 1543 394 1614 μὴ
434 1544 772 1615 πορευθῆναι
823 1545 1000 1599 ὀπίσω
1043 1546 1184 1600 θεῶν
1217 1548 1466 1620 ἐτέρων·
1511 1549 1606 1602 καὶ
1643 1549 1910 1619 φυλάξαι,

321 1634 409 1686 καὶ
455 1634 682 1703 ποιῆσαι
709 1632 746 1686 ἃ.
773 1633 1080 1688 ἐνετείλατο
1134 1635 1286 1706 αὐτῷ
1328 1639 1357 1690 6
1388 1636 1595 1708 Κύριος
1641 1638 1670 1690 6
1717 1637 1906 1700 Θεός.»

332 1722 569 1792 Ἀπάσης
603 1723 701 1793 μὲν
729 1718 825 1777 οὖν
865 1723 1131 1778 ἐπέκεινα
1172 1724 1492 1788 δυσσεϐείας
1519 1725 1588 1779 τά
1619 1725 1715 1778 τοῦ
1749 1724 1914 1778 Σολο-

2009 536 2267 601 Ammon,
2315 543 2370 588 et
2415 536 2647 588 Astartac
2677 530 3071 585 abominationi
3106 529 3480 586 Sidoniorum.
3504 533 3604 585 At-

2007 642 2116 697 que
2148 627 2201 681 in
2236 627 2381 681 hunc
2415 626 2632 680 modum
2682 623 2810 678 fecit
2859 623 3129 678 universis
3170 624 3434 679 uxoribus
3487 623 3604 678 suis

2009 719 2369 789 alienigenis,
2434 734 2553 786 quita
2611 716 2902 770 adolehant
2968 715 3167 780 thura,
3233 725 3291 772 et
3349 716 3603 771 immola-

2011 815 2140 868 hant
2163 815 2265 868 diis
2285 814 2416 868 suis.
2448 814 2510 867 Et
2536 815 2706 866 iratus
2734 823 2811 866 est
2841 811 3102 866 Dominus
3130 810 3430 878 Salomoni,
3459 811 3601 880 quod

2011 907 2341 963 declinasset
2371 921 2464 961 cor
2503 921 2659 958 suum
2693 922 2719 958 a
2747 904 2978 959 Domino
3010 905 3117 958 Deo
3145 901 3339 966 Israel,
3376 903 3469 972 qui
3506 917 3605 970 ap-

2011 1006 2268 1067 paruerat
2313 999 2361 1052 ei
2419 999 2681 1061 secundo,
2745 1008 2800 1051 et
2847 1003 3180 1066 praeceperat
3232 995 3282 1050 ei
3331 997 3397 1049 de
3439 995 3604 1049 verbo

2011 1087 2137 1150 hoc,
2189 1097 2248 1142 ut
2291 1087 2510 1156 penitus
2559 1103 2668 1140 non
2718 1095 3039 1156 sequeretur
3095 1086 3226 1139 deos
3279 1084 3508 1147 alienos,
3548 1096 3606 1138 et.

2013 1181 2341 1244 custodiret,
2388 1196 2454 1235 ac
2500 1180 2701 1233 faceret
2745 1194 2867 1248 quae
2924 1179 3205 1233 mandavit
3252 1178 3300 1232 ei
3341 1176 3604 1233 Dominus

2015 1270 2159 1326 Deus
2178 1271 2219 1326 ⁸.
2261 1290 2280 1323 ι
2334 1270 2566 1326 Omnem
2595 1285 2725 1338 ergo
2750 1270 3082 1339 impietatem
3113 1270 3406 1324 commissa
3439 1284 3466 1321 a
3503 1266 3606 1323 Sa-

2014 1363 2230 1418 lomone
2259 1365 2373 1434 jam
2413 1377 2543 1418 sene
2572 1361 2817 1416 facinora
2861 1371 3215 1431 superarunt.
3268 1361 3406 1428 Quid
3455 1360 3604 1414 enim

2017 1467 2125 1512 tam
2175 1455 2402 1511 nefariis
2455 1455 2758 1525 sceleribus
2810 1453 3098 1510 odiosius?
3161 1463 3255 1508 aut
3305 1452 3429 1523 quis
3471 1452 3607 1506 satis

2014 1548 2249 1619 explicet
2274 1563 2438 1619 quam
2474 1548 2548 1603 sit
2574 1547 2826 1617 impium,
2861 1547 3068 1600 honore
3092 1557 3149 1599 et
3177 1546 3450 1600 charitate
3475 1558 3606 1614 erga

2015 1657 2182 1696 unum
2229 1649 2287 1696 et
2319 1649 2515 1695 natura
2567 1655 2633 1695 ac
2664 1656 2791 1695 vere
2838 1639 3002 1693 Deum
3045 1648 3379 1708 contempta,
3434 1637 3608 1706 ipsius

2017 1733 2187 1789 solius
2234 1732 2616 1786 excellentiam
2679 1731 3111 1801 dignitatemque
3137 1729 3446 1784 diemonum
3483 1744 3610 1800 gre-

321 1814 520 1884 μῶντος
549 1815 612 1868 ἐν
655 1815 819 1887 γήρει
847 1815 1197 1886 τολμήματα.
1224 1816 1289 1869 Τί
1327 1817 1436 1890 γάρ
1468 1819 1534 1871 ἂν
1562 1819 1774 1887 γένοιτο
1804 1816 1911 1872 τῶν

2018 1827 2198 1897 gibus,
2235 1827 2347 1881 imo
2407 1839 2538 1880 vero
2588 1823 2860 1894 lapidibus
2907 1834 3072 1893 atque
3112 1821 3274 1891 lignis
3322 1815 3608 1876 tribuere?

319 1905 481 1970 οὕτως
518 1907 770 1962 ἐκτόπων
813 1907 1311 1979 πλημμελημάτων
1338 1909 1400 1962 τὸ
1440 1909 1912 1982 δυσαχθέστερον;

320 1993 383 2047 Ἦ
408 1993 522 2058 πῶς
551 1994 617 2047 οὐ
650 1995 792 2066 πέρα
825 1995 987 2065 λόγου
1041 1997 1264 2061 παντὸς,
1316 1998 1584 2070 ἁλογῆσαι
1619 2001 1718 2071 μὲν
1749 2001 1915 2072 τιμῆς

317 2089 403 2142 καὶ
430 2089 661 2160 ἀγάπης
704 2090 803 2162 τῆς
835 2091 917 2154 είς
969 2091 1067 2146 τὸν
1109 2094 1205 2146 ἓνα
1237 2093 1330 2147 καὶ
1377 2093 1537 2162 φύσει
1577 2094 1672 2148 καὶ
1698 2094 1917 2165 άληθῶς

316 2183 435 2235 ὄντα
467 2181 628 2246 Θεὸν,
680 2182 739 2236 τὸ
790 2181 848 2234 δὲ
892 2183 1044 2255 αὐτῷ
1098 2185 1196 2240 καὶ
1255 2185 1404 2258 μόνῳ
1439 2186 1644 2258 προσὸν
1697 2185 1916 2259 ἀξίωμα

317 2275 540 2329 καὶτῶν
586 2275 884 2346 δαιμονίων
944 2279 1247 2350 ἀπονέμειν
1293 2280 1555 2350 ἀγέλαις,
1611 2281 1814 2353 μᾶλλον
1859 2281 1916 2335 δὲ

316 2369 470 2434 λίθοις
495 2370 766 2425 ἀνάπτειν
795 2371 892 2425 καὶ
921 2371 1131 2438 ξύλοις;
1167 2372 1385 2445 Ἐπειδὴ
1417 2373 1474 2426 δέ
1490 2372 1604 2444 ἥλω
1636 2391 1915 2445 πεφρονη-

317 2462 417 2524 uti);
461 2481 520 2516 τε
560 2464 660 2516 καὶ
702 2464 910 2534 δράσας
943 2464 979 2518 ἃ.
1031 2464 1168 2535 μηδὲ
1213 2465 1373 2536 Θέμις
1403 2467 1580 2521 εἰπεῖν
1606 2507 1623 2533 ,
1677 2468 1774 2520 καὶ
1802 2469 1914 2532 τοῖς

313 2555 475 2619 οὕτως
501 2559 758 2628 αἰσχροῖς
797 2557 905 2628 πλη
915 2558 1271 2629 μμελήμασιν
1299 2557 1482 2630 ἔνοχος
1510 2559 1752 2629 γεγονὼς
1780 2577 1915 2614 κατ-

315 2649 580 2719 εφωρᾱτο,
648 2648 837 2703 λοιπὸν
877 2649 982 2721 ἔφη
1015 2651 1154 2718 πρὸς
1184 2651 1348 2705 αὑτὸν
1371 2655 1402 2706 6
1432 2651 1542 2706 τῶν
1567 2653 1705 2707 ὅλων
1733 2653 1868 2717 Θεός
1898 2669 1910 2680 ·

320 2758 337 2791 ι
378 2739 515 2792 Ἀνθ’
542 2734 626 2794 ὧν
663 2741 888 2809 ἐγένετο
920 2739 1096 2795 ταῦτα
1133 2741 1274 2812 μετά
1309 2741 1428 2808 σοῦ,
1465 2744 1560 2797 καὶ
1587 2745 1690 2798 οὐκ
1716 2744 1915 2814 ἐφύλασ-

316 2830 401 2896 ξας
448 2835 549 2896 τὰς
587 2831 814 2898 ἐντολάς
851 2851 954 2905 μου
1023 2833 1120 2889 καὶ
1152 2834 1220 2888 τά
1268 2835 1674 2906 προστάγματά
1701 2853 1839 2907 μου,
1879 2836 1916 2891 ἃ

313 2925 666 2996 ἐνετειλάμην
697 2943 802 2989 σοι,
833 2926 1185 2998 διαρῤήσσων
1209 2927 1488 3000 διαρῤήξω
1510 2929 1608 3000 τὴν
1639 2928 1916 2999 βασιλείαν

313 3015 370 3067 ἐκ
400 3017 583 3086 χειρός
620 3034 740 3081 σου,
768 3017 864 3070 καὶ
891 3016 1050 3071 δώσω
1079 3016 1252 3089 αὐτὴν
1285 3017 1365 3088 τῷ
1395 3019 1570 3089 δούλῳ
1616 3037 1732 3075 σου.

312 3107 364 3159 ἐν
390 3111 508 3172 ταῖς
552 3111 799 3180 ἡμέραις
833 3127 927 3163 σου
963 3111 1026 3163 οὐ
1054 3112 1272 3182 ποιήσω
1310 3111 1478 3176 αὐτὰ,
1503 3111 1592 3165 διὰ
1625 3113 1791 3166 Δλϐιδ
1823 3113 1915 3166 τὸν

2017 1919 2283 1983 Quoniam
2335 1933 2463 1974 vero
2499 1927 2554 1974 et
2599 1918 2861 1988 cogitare,
2897 1926 2952 1973 et
3002 1915 3186 1972 facere
3233 1917 3380 1971 dictu
3433 1915 3602 1970 etiam

2021 2012 2183 2078 fmda,
2233 2021 2290 2065 et
2329 2013 2465 2066 adeo
2498 2010 2749 2081 turpibus
2778 2008 3079 2065 obstrictus
3109 2008 3324 2064 delictis
3350 2022 3606 2078 comper-

2019 2115 2106 2159 tus
2165 2113 2272 2171 est,
2323 2103 2582 2173 deinceps
2629 2103 2698 2157 ab
2752 2103 3131 2157 universorum
3191 2099 3299 2156 Deo
3357 2100 3604 2155 audivit:

2025 2215 2043 2246 ι
2076 2194 2214 2262 Quia
2271 2195 2385 2249 lucc
2440 2195 2580 2247 facta
2633 2200 2764 2247 sunt
2819 2201 3018 2256 tecum,
3081 2201 3138 2247 et
3179 2207 3284 2244 non
3319 2190 3606 2246 custodisti

2018 2296 2289 2357 praecepta
2335 2300 2453 2339 mea
2499 2295 2556 2340 et
2605 2282 2857 2337 mandata
2890 2297 3032 2348 mea,
3060 2297 3180 2352 qua:
3201 2282 3452 2336 mandavi
3485 2281 3606 2348 tibi,

2019 2378 2259 2434 avellens
2295 2376 2520 2430 avellant
2567 2389 2795 2445 regnum
2854 2374 2922 2428 de
2970 2388 3132 2428 manu
3184 2383 3297 2436 tua,
3354 2383 3410 2428 et
3470 2373 3606 2428 dabo

2018 2469 2154 2524 illud
2208 2484 2368 2524 servo
2411 2477 2525 2522 tuo.
2570 2467 2956 2522 Verumtamen
3001 2465 3054 2518 in
3097 2465 3289 2520 diebus
3338 2464 3444 2518 tuis
3499 2478 3605 2519 non

2017 2561 2211 2617 faciam
2239 2562 2364 2625 hoc,
2392 2570 2612 2630 propter
2642 2558 2810 2613 David
2860 2565 3069 2628 patrem
3103 2565 3276 2611 tuum.
3329 2557 3404 2610 De
3445 2570 3606 2611 manu

2019 2653 2114 2708 lilii
2155 2653 2231 2707 tui
2269 2654 2512 2706 auferam
2551 2650 2701 2704 illud.
2743 2649 3124 2704 Verumtamen
3163 2657 3334 2702 totum
3379 2661 3606 2718 regnum

2018 2760 2124 2800 non
2171 2744 2228 2809 Δ
2271 2743 2546 2808 auferam;
2598 2750 2874 2810 sceptrum
2927 2755 3092 2792 unum
3144 2739 3286 2794 dabo
3336 2738 3451 2793 lilio
3491 2748 3605 2802 tuo,

2017 2848 2240 2906 propter
2300 2834 2466 2889 David
2525 2849 2742 2889 servum
2802 2847 3025 2895 meum,
3089 2843 3144 2887 et
3183 2841 3406 2901 propter
3437 2830 3602 2886 Jeru-

2017 2925 2208 2990 salem,
2274 2923 2460 2977 urbem
2506 2937 2666 2991 quam
2722 2920 2858 2991 elegi
2895 2920 2938 2973 ⁸.
2986 2939 3006 2974 ι
3058 2921 3355 2991 Postquam
3415 2921 3604 2985 enim,

2018 3029 2078 3073 ut
2126 3017 2274 3082 dixi,
2339 3029 2526 3070 amore
2584 3013 2870 3069 mulierum
2939 3014 3153 3082 victus,
3213 3018 3464 3086 quamvis
3514 3032 3607 3072 sa-

2017 3109 2390 3182 pientissimus
2449 3107 2747 3173 Salomon,
2819 3108 2908 3163 Dei
2980 3123 3238 3180 regnum,
3294 3125 3400 3179 qua
3460 3126 3598 3165 ausu

313 3201 519 3272 πατέρα
556 3220 680 3257 σου.
732 3204 828 3256 Ἐκ
875 3205 1061 3275 χειρὸς
1113 3203 1234 3258 υἱοῦ
1284 3222 1380 3259 σου
1427 3205 1671 3276 λήψομαι
1713 3206 1908 3276 αὑτήν.

2017 3211 2073 3256 et
2121 3210 2350 3266 conatu,
2395 3209 2604 3253 tantum
2654 3214 2760 3253 non
2805 3200 3047 3266 discidit,
3099 3201 3220 3270 ipsi,
3254 3213 3308 3256 et
3340 3201 3437 3256 soli
3471 3218 3607 3257 con-

312 3292 471 3363 Πλὴν,
502 3292 642 3362 ὅλην
670 3293 769 3363 τὴν
799 3291 1079 3362 βασιλείαν
1109 3293 1172 3346 οὐ
1204 3295 1280 3365 μὴ
1309 3293 1461 3348 λάϐω
1487 3312 1501 3326 ·
1537 3297 1817 3366 σκῆπτρον
1850 3296 1910 3349 ἓν

307 3381 455 3436 δώσω
492 3382 578 3452 τῷ
612 3381 716 3453 υἱῷ
757 3400 852 3436 σου
877 3423 892 3448 ,
951 3382 1041 3436 διὰ
1089 3384 1256 3438 Δαὸὶδ
1302 3383 1393 3437 τὸν
1421 3383 1607 3437 δοῦλόν
1639 3401 1765 3454 μου,
1816 3385 1910 3437 καὶ

305 3474 387 3528 διὰ
427 3475 794 3548 Ἰερουσαλὴμ
821 3477 920 3549 τὴν
947 3477 1123 3542 πόλιν,
1148 3478 1217 3550 ἢν
1252 3477 1607 3548 ἐξελεξάμην.
1642 3497 1660 3528 ι
1693 3477 1907 3550 Ἐπειδῆ

306 3568 426 3638 γᾶρ,
477 3569 570 3632 ὡς
609 3569 770 3639 ἔφην,
796 3569 897 3639 τῆς
930 3571 1009 3634 εἰς
1043 3573 1310 3640 γυναῖκας
1335 3570 1632 3640 ἐπιθυμίας
1657 3569 1906 3641 ἡττώμε-

306 3676 407 3725 νος,
434 3663 627 3716 καίτοι
655 3661 818 3730 σοφὸς
847 3663 923 3716 ὣν
954 3664 1114 3733 ἄγαν,
1145 3665 1173 3717 6
1209 3662 1461 3734 Σολομὼν
1492 3664 1772 3734 μονονουχὶ
1812 3664 1909 3716 καὶ

304 3751 417 3804 ὅσον
446 3754 585 3824 ἥκει
611 3754 790 3807 εἰπεῖν
818 3756 899 3816 εἰς
933 3753 1354 3826 ἐγχειρημάτων
1391 3753 1644 3824 δύναμιν,
1678 3753 1776 3824 τὴν
1813 3753 1905 3806 τοῦ

306 3845 430 3897 Θεοῦ
464 3844 761 3915 βασιλείαν
790 3846 1104 3920 διέρρηξεν,
1140 3847 1382 3910 εἰδώλοις
1410 3847 1668 3900 ἀνάπτων
1691 3846 1789 3917 τὴν
1810 3847 1908 3900 αὺ-

301 3938 372 4007 τῷ
424 3940 522 3992 καὶ
581 3939 730 4010 μόνῳ
774 3941 1241 4010 πρεπωδεστάτην
1292 3941 1460 4010 τιμήν
1493 3956 1550 3993 τε
1590 3938 1685 3993 καὶ
1725 3937 1904 4006 δόξαν,

303 4030 586 4102 ταύτῃτοι,
619 4032 714 4084 καί
744 4032 888 4102 μάλα
913 4033 1164 4097 εἰκότως,
1191 4031 1586 4104 διαρῤηγνύναι
1615 4031 1748 4096 Θεὸς
1801 4034 1907 4087 ἐπ-

305 4119 516 4184 τιπείλει
551 4118 659 4190 τὴν
694 4119 975 4190 βασιλείαν
1016 4121 1202 4185 αὐτοῦ,
1237 4124 1348 4184 τοῖς
1395 4121 1533 4186 ἴσοις
1565 4121 1904 4186 ἀντιλυπῶν,

303 4211 437 4264 κατὰ
482 4212 550 4264 τὸ
601 4213 659 4264 ἐν
717 4211 797 4282 τῷ
844 4214 1103 4284 προφήτῃ
1156 4213 1554 4285 γεγραμμένον
1617 4204 1935 4284 Ἰεζεχιήλ”

306 4322 323 4352 ι
359 4302 564 4366 Καθὼς
601 4303 886 4373 ἐποίησας,
921 4302 1094 4366 οὕτως
1120 4307 1276 4358 ἐσται
1303 4323 1416 4358 σοι’
1447 4305 1510 4359 τὸ
1550 4305 1908 4374 ἀνταπόδομά

302 4402 412 4448 σου,
444 4388 955 4458 ἀνταποδοθήσεται
989 4389 1068 4450 είς
1103 4388 1352 4460 κεφαλήν
1384 4406 1498 4442 σου.
1532 4407 1550 4440 I
1599 4387 1816 4458 Ἐπειδὴ
1849 4389 1908 4441 δέ

299 4479 512 4534 ἁπεὸἱω
548 4477 843 4548 Σολομὼν,
876 4479 1140 4549 κέκληται
1174 4481 1309 4552 πρὸς
1353 4480 1629 4552 βασιλείαν
1660 4483 1690 4536 6
1721 4483 1779 4549 ἐξ
1809 4483 1907 4535 αὑ-

2016 3293 2483 3348 venientissimum
2551 3291 2852 3356 honorem,
2919 3303 3083 3362 atque
3152 3293 3379 3363 gloriam
3449 3293 3608 3349 idolis

2013 3397 2369 3448 conservans,
2430 3382 2659 3447 idcirco,
2700 3390 2755 3437 et
2786 3383 3008 3452 quidem
3044 3384 3370 3448 rectissime,
3405 3383 3604 3437 discis-

2013 3491 2130 3530 sum
2153 3474 2216 3528 iri
2269 3489 2497 3544 regnum
2541 3473 2662 3544 ejus
2700 3473 2845 3530 Deus
2882 3476 3286 3538 comminatur,
3338 3489 3436 3542 par
3486 3476 3603 3544 pari

2014 3566 2292 3632 referens,
2349 3575 2409 3618 ut
2467 3566 2730 3634 scriptum
2779 3573 2869 3621 est
2920 3565 2974 3619 in
3027 3563 3359 3620 Ezechiele:
3399 3583 3418 3615 ι
3451 3565 3608 3620 Sicut

2011 3658 2210 3726 fecisti,
2263 3659 2344 3714 sic
2389 3659 2495 3713 erit
2546 3658 2684 3712 tibi:
2720 3657 3007 3713 retributio
3051 3668 3140 3712 tua
3188 3658 3520 3712 retribuetur
3550 3658 3602 3712 in

2011 3760 2174 3820 caput
2203 3761 2352 3805 tuum
2389 3751 2434 3806 ⁵.
2477 3770 2497 3803 ο
2562 3749 2831 3805 Defuncto
2893 3749 3227 3814 Salomone,
3285 3749 3428 3804 filius
3484 3749 3606 3819 ejus

2009 3843 2254 3900 Roboam
2294 3844 2360 3898 ad
2403 3859 2632 3914 regnum
2668 3851 2892 3897 vocatus
2915 3853 3018 3897 est.
3053 3842 3205 3898 Tunc
3239 3853 3362 3898 tunc
3397 3844 3606 3898 divisus

2009 3949 2089 3992 est
2115 3935 2303 4001 Israel,
2322 3946 2379 3992 et
2407 3937 2476 3991 ab
2499 3937 2893 4008 Hierosolymis
2914 3938 3102 3994 decem
3141 3937 3315 3993 tribus
3339 3937 3605 3994 discesse-

2009 4040 2158 4092 runt,
2189 4043 2294 4081 una
2323 4043 2445 4083 cum
2473 4027 2698 4083 dimidia
2731 4029 2900 4094 tribu,
2939 4029 3336 4098 Epliraimitica
3371 4031 3601 4086 scilicet.

2009 4119 2086 4174 Ex
2122 4118 2320 4187 JosepII
2351 4118 2622 4188 siquidem
2677 4119 2929 4188 prognati
2977 4119 3237 4186 Ephraim
3284 4131 3341 4174 ct
3387 4121 3604 4177 Manas-

2009 4227 2130 4274 scs,
2179 4211 2505 4270 auctoritate
2547 4220 2602 4264 et
2653 4209 2931 4267 voluntate
2975 4208 3167 4276 Jacob,
3199 4213 3358 4281 primi
3405 4217 3599 4283 patris,

2009 4321 2108 4374 pro
2163 4320 2268 4359 una
2317 4305 2461 4360 tribu
2521 4303 2928 4374 reputabantur.
2967 4305 3112 4359 Dixit
3148 4307 3292 4360 enim
3323 4304 3597 4376 Joscpho:

2016 4416 2034 4449 ι
2068 4397 2229 4451 Nunc
2276 4396 2444 4467 igitur
2485 4395 2541 4450 bi
2583 4398 2690 4451 duo
2719 4396 2817 4450 filii
2852 4396 2946 4460 tui,
2983 4397 3075 4467 qui
3108 4398 3215 4450 nati
3251 4405 3378 4450 sunt
3411 4399 3506 4452 tibi
3543 4399 3600 4452 in

2011 4483 2272 4556 Egypto,
2319 4497 2610 4555 antequam
2661 4487 2905 4543 venirem
2951 4491 3019 4542 ad
3075 4496 3127 4543 te
3172 4483 3599 4560 i_n'1Egyptum,

299 4569 410 4634 τοῦ,
447 4570 764 4636 τουτέστιν,
805 4571 833 4622 ὀ
874 4570 1131 4641 Ῥοϐοάμ.
1163 4572 1299 4624 Τότε
1328 4571 1412 4644 δὴ,
1437 4573 1559 4626 τότε
1575 4573 1904 4646 κατασχίζε-

2015 4580 2118 4633 mei
2175 4588 2341 4644 sunt,
2395 4579 2655 4649 Epltraim
2695 4589 2752 4636 et
2788 4579 3260 4647 Manasses;sicut
3302 4580 3490 4638 Ruben
3545 4593 3604 4637 et

299 4677 383 4714 ται
417 4663 617 4717 λοιπὸν
650 4663 679 4714 ὁ
731 4663 970 4734 Ἰσραὴλ,
1012 4665 1106 4717 καὶ
1168 4665 1507 4733 ἁποφοιτῶσι
1542 4667 1641 4737 μὲν
1684 4669 1912 4740 Ἱεροσο-

295 4751 483 4822 λύμων
512 4755 572 4806 αἱ
604 4753 736 4806 δέκα
771 4755 971 4822 φυλαὶ,
1003 4754 1100 4807 καὶ
1131 4754 1194 4808 τὸ
1222 4754 1394 4824 ἥμισυ
1429 4755 1604 4826 φυλῆς
1645 4755 1905 4828 Ἐφραῖμ.

296 4845 740 4914 Κατελογέζοντο
799 4847 908 4918 γὰρ
966 4848 1046 4911 εἰς
1080 4848 1210 4919 μίαν
1276 4847 1449 4920 φυλὴν
1479 4849 1529 4901 οἱ
1587 4849 1648 4914 ἐξ
1708 4851 1908 4922 Ἰωσὴφ

296 4940 594 5005 γεγονότες
622 4939 732 4992 υἱοὶ
781 4939 1028 5011 Ἐφραῖμ
1077 4958 1137 4994 τε
1169 4940 1264 4994 καὶ
1285 4941 1607 5012 Μανασσῆς,
1633 4941 1792 4994 τοῦτο
1812 4942 1907 4994 τοῦ

297 5033 654 5102 προπάτορος
705 5031 901 5086 Ἰακὼϐ
953 5035 1179 5103 κρατεῖν
1232 5033 1613 5104 ἐθελήσαντος.
1671 5033 1904 5105 Εἴρηται

297 5123 512 5194 γάρτοι
551 5125 692 5195 πρὸς
714 5125 806 5178 τὸν
851 5126 1076 5196 Ἰωσήφο
1115 5145 1132 5175 ι
1167 5124 1282 5178 Νῦν
1307 5122 1401 5180 οὖν
1435 5128 1482 5179 οἱ
1510 5126 1604 5180 δύο
1635 5127 1738 5180 υἱοί
1773 5143 1903 5194 σου,

296 5219 341 5270 οξ
362 5218 663 5288 γενόμενοί
687 5235 769 5271 σοι
794 5219 851 5271 ἐν
880 5219 1166 5290 Αἰγύπτῳ,
1203 5219 1312 5291 πρὸ
1336 5219 1428 5272 τοῦ
1461 5219 1638 5273 ἐλθεῖν
1670 5237 1738 5288 με
1767 5219 1905 5291 πρὸς

299 5310 355 5362 σέ
383 5313 466 5374 εἰς
492 5310 797 5377 Αἴγυπτον,
832 5309 956 5379 ἐμοί
983 5312 1121 5378 εἱσι,
1167 5309 1410 5380 Ἐφραῒμ
1435 5350 1448 5374 ,
1484 5311 1581 5364 καὶ
1609 5311 1902 5382 Μανασσῆ,

296 5399 368 5462 ὡς
415 5402 516 5454 καὶ
558 5400 822 5471 Ῥουϐὴμ,
855 5402 952 5454 καὶ
983 5400 1229 5473 Συμεὼν,
1259 5400 1476 5454 ἔσονταί
1511 5418 1652 5472 μοι.»
1689 5402 1902 5456 Οὐκοῦν

297 5491 350 5541 al
379 5493 483 5561 μὲν
511 5491 645 5545 δέκα
673 5492 840 5562 φυλαὶ
867 5491 964 5545 καὶ
996 5493 1058 5546 τὸ
1085 5494 1256 5564 ἥμισυ
1284 5492 1385 5563 τῆς
1415 5492 1576 5560 μιᾶς,
1616 5491 1898 5546 τουτέστιν

310 5583 580 5656 Ἐφραῒμ,
614 5583 907 5656 ἀπῴχοντο
940 5585 1040 5655 μὲν
1075 5588 1155 5648 είς
1188 5583 1284 5656 τὴν
1337 5584 1674 5655 Σαμάρειαν,
1704 5582 1808 5649 ἔξω
1839 5585 1897 5638 δὲ

368 5759 479 5816 ‘III
515 5760 646 5833 Reg.
682 5779 760 5832 XI,
802 5762 948 5818 I-IO.
1029 5763 1047 5794 ⁵
1077 5763 1203 5820 ibid.
1232 5764 1419 5818 II-I5.
1500 5765 1520 5796 ⁵
1553 5765 1748 5821 ΕΖοιςΙι.
1785 5780 1881 5835 ιιι,
1916 5764 2001 5819 Η.

2014 4671 2251 4741 Symeon
2300 4671 2698 4739 reputabuntur
2741 4671 2872 4724 mihi
2900 4668 2988 4723 “.I
3034 4670 3222 4738 Itaque
3271 4670 3455 4726 decem
3503 4673 3603 4726 tri-

2012 4763 2134 4822 bus,
2176 4771 2232 4816 et
2264 4762 2422 4816 unius
2463 4760 2769 4826 dimidium,
2815 4761 2918 4815 hoc
2947 4770 3054 4828 est,
3091 4759 3372 4830 Ephraim,
3407 4761 3460 4814 iu
3494 4760 3602 4817 Sa-

2013 4852 2242 4904 Inariatn
2292 4861 2704 4917 concesserunt,
2761 4851 3012 4906 alienatae
3053 4867 3085 4906 a
3127 4867 3296 4923 regno
3329 4853 3597 4910 Roboam.

2012 4943 2327 4997 Manserunt
2369 4955 2550 4998 autem
2593 4943 2988 5015 Hierosolymis
3039 4943 3131 5016 qui
3188 4943 3243 4999 in
3277 4944 3420 5000 tribu
3459 4944 3598 5002 Juda

2009 5043 2060 5088 et
2110 5033 2396 5103 Beniamin
2436 5034 2884 5089 numerabantur.
2920 5034 3021 5090 Ast
3071 5050 3198 5104 rege
3245 5045 3301 5092 et
3331 5036 3467 5092 duce
3496 5036 3614 5093 deo.

2009 5126 2183 5180 stituti
2226 5126 2316 5195 qui
2351 5136 2508 5180 erant
2555 5125 2609 5179 in
2659 5125 2933 5192 Samaria,
2977 5142 3098 5182 cum
3137 5125 3476 5182 Rohoamum
3529 5130 3598 5183 de

2012 5218 2417 5273 incursionibus
2451 5226 2762 5286 suspectum
2792 5217 3076 5284 baberent,
3106 5227 3160 5272 et
3185 5234 3309 5273 cum
3333 5219 3598 5276 uxoribus

2007 5308 2306 5378 liberisque
2348 5309 2578 5366 exitium
2614 5319 3020 5377 exspectarent,
3057 5309 3346 5366 .Ieroboam
3378 5325 3596 5366 servum

2007 5402 2340 5468 Salomonis,
2392 5402 2487 5473 qui
2538 5403 2590 5457 in
2641 5401 2937 5476 [Egyptum
2985 5405 3052 5458 ad
3097 5403 3347 5459 Susacim
3409 5419 3594 5474 regem

2005 5495 2340 5564 perlugerat,
2394 5495 2748 5560 accersitum,
2790 5496 2974 5549 statim
3024 5495 3324 5565 principem
3371 5510 3598 5552 creave-

2009 5595 2155 5651 runt,
2181 5595 2238 5640 et
2266 5586 2418 5653 regni
2464 5597 2681 5658 sceptro
2729 5588 3008 5646 hominem
3055 5587 3346 5647 scelestum
3388 5592 3592 5646 condc-

2081 5765 2099 5795 ⁸
2127 5765 2264 5822 Gen.
2303 5780 2488 5835 XLVIII,
2521 5766 2574 5822 5.
