4094 6472
461 273 534 330 93
1484 277 1543 333 S.
1583 275 1859 333 CYRILLI
1898 275 2371 333 ALEXANDRINI
2411 276 2734 334 ARCH‘IEP.
3658 285 3729 333 1‘6

462 396 724 443 corarunt
745 387 789 444 '.
831 386 963 442 Erat
1011 395 1192 443 autem
1245 386 1534 444 Jeroboam
1591 389 1659 444 de
1719 399 1925 456 monte,
1987 403 2028 445 ei

2145 392 2246 462 τῆς
2272 392 2512 464 Ῥοϐοάμ
2542 395 2800 461 γεγόνασι
2839 391 3140 462 βασιλείας,
3181 395 3640 465 ἀπσμεμενήκασι
3673 394 3730 450 δὲ

461 479 604 534 tribu
661 478 940 548 Epliraim.
988 477 1105 534 Rex
1163 481 1491 535 constitutus
1520 481 1584 535 de
1617 489 1814 535 cartero
1853 496 2039 536 secum

459 573 835 639 pertractavit,
873 587 1107 641 quonam
1139 573 1298 627 modo
1331 586 1558 643 regnum
1587 589 1743 626 suum
1773 575 2042 629 stabiliret

459 671 620 732 atque
638 663 1007 730 conﬁrmaret,
1028 674 1285 719 eteorum
1310 665 1402 734 qui
1421 679 1480 718 se
1500 664 1776 735 elegerant
1793 665 2040 719 voluntas

460 757 528 806 ad
561 753 706 807 aliud
751 755 1037 809 consilium
1070 756 1461 824 capessendum
1504 769 1572 808 ne
1607 764 2035 809 converteretur.

458 841 660 895 Deinde
684 855 804 896 eum
831 842 1063 907 timeret,
1092 857 1162 896 ne
1185 842 1325 898 forte
1347 843 1668 913 religionum
1695 857 1726 896 a
1751 843 1867 911 lege
1903 857 2039 912 prae-

455 933 658 1002 scripta
669 948 807 998 rum,
833 942 889 988 ct
904 932 1164 989 festorum
1184 951 1302 1004 qua:
1317 934 1707 1004 llierosolymis
1723 949 2038 1003 perageren-

450 1035 546 1079 tur
571 1027 884 1082 recordatus
910 1026 1075 1082 Israel
1095 1069 1110 1094 ,
1133 1028 1199 1082 ad
1227 1037 1405 1082 vetera
1429 1028 1674 1082 instituta
1707 1037 2032 1092 recurreret,

445 1115 508 1187 5
521 1127 573 1171 et
590 1116 985 1188 Reboamijugo
1000 1119 1064 1173 de
1077 1119 1286 1189 integro
1299 1117 1826 1185 subjiceretur,;duos
1839 1118 2036 1172 vitulos

454 1225 646 1265 aureos
663 1210 967 1266 fabricatus
1008 1212 1258 1275 est,etad
1274 1209 1515 1264 divinum
1554 1209 1757 1262 cultum
1791 1209 1841 1262 in
1860 1211 2035 1264 exet-l-

453 1317 572 1356 sum
591 1303 880 1358 ascendere
913 1302 1164 1356 lsraelem
1183 1301 1511 1366 faciens,eos
1542 1300 1793 1367 precibus
1813 1299 2034 1355 etviCti-

443 1391 558 1447 mis
583 1393 826 1446 venerari
859 1392 1170 1461 suppliciter
1193 1391 1377 1460 jussit.
1401 1410 1418 1442 ‹
1460 1389 1524 1442 Et
1557 1389 1760 1459 posuit,
1787 1408 1804 1439 ι
1841 1391 2031 1458 inquit,

457 1503 476 1535 ι
502 1499 667 1537 unum
685 1485 901 1553 quidem
933 1484 986 1536 in
1020 1482 1260 1552 Galgala,
1290 1482 1454 1536 alium
1502 1481 1553 1534 in
1589 1481 1721 1544 Dan,
1760 1500 1778 1530 ι
1809 1483 2031 1536 urbibus

454 1580 508 1632 in
552 1577 940 1633 Samaritarum
994 1577 1272 1647 provincia
1354 1588 1479 1631 ante
1528 1577 1662 1630 alias
1707 1576 2029 1633 illustribus.

450 1669 635 1740 ltaque
658 1671 845 1725 decem
879 1671 1069 1734 tribus,
1102 1678 1158 1724 et
1186 1669 1406 1723 dimidia
1430 1669 1603 1721 tribus
1642 1667 1898 1736 Ephraim
1933 1671 2030 1723 du-

2149 485 2207 536 ἐν
2238 486 2349 548 τοῖς
2397 485 2796 555 Ἰεροσολύμοις
2824 487 2872 538 οἰ
2897 488 2962 538 ὲκ
2991 485 3163 555 φυλῆς
3205 485 3394 550 Ἰούδα,
3427 487 3521 538 καὶ
3551 487 3732 539 Βενια-

2151 575 2264 646 μίν.
2310 576 2528 646 Ἐπειδὴ
2573 577 2630 629 δὲ
2679 575 3022 630 ἀϐασίλευτοι
3062 594 3122 630 τε
3186 579 3281 630 καὶ
3327 578 3730 650 ἀστρατήγητοι

2150 667 2406 738 μένοντες
2463 670 2512 721 οἰ
2543 671 2600 721 ἐν
2650 668 2936 740 Σαμαρείᾳ
2979 669 3078 731 τὰς
3119 670 3184 720 ἐκ
3215 669 3310 721 τοῦ
3350 668 3588 738 Ῥοϐοάμ
3631 671 3731 738 ἐφ-

2145 759 2296 822 όδους
2321 760 2659 822 ἐπώπτευον,
2684 760 2779 812 καὶ
2809 761 3035 823 ἑαυτοὺς
3055 761 3118 830 δὴ
3155 760 3297 830 μάλα
3320 763 3433 822 τοῖς
3456 760 3730 828 φιλτάτοις

2146 849 2550 904 συνδιόλλυσϐαι
2589 849 2967 921 προσεδόκων,
3006 850 3458 919 μεταπέμπονται
3487 850 3576 902 τὸν
3625 850 3728 902 Ἰε-

2147 942 2373 1014 ροϐοάμ.
2414 945 2644 1013 Οἰκέτης
2674 943 2728 996 δὲ
2755 937 2910 1004 οὗτος
2965 937 3034 1012 ἦν
3063 941 3429 1011 Σολομῶντος,
3487 940 3728 1010 ἀποδράς

2143 1036 2224 1096 εἰς
2271 1035 2546 1104 Αἴγυπτον
2577 1035 2712 1106 πρὸς
2758 1034 3072 1104 Σουσακείμ
3112 1033 3354 1103 βασιλέα.
3386 1033 3495 1086 Καὶ
3529 1033 3592 1103 δὴ
3635 1033 3727 1086 καὶ

2143 1126 2365 1179 ἐλθόντα
2398 1127 2909 1196 κεχειροτονήκασιν
2955 1126 3119 1187 εὐθὺς
3159 1127 3238 1188 εἰς
3264 1124 3586 1194 ἡγούμενον,
3631 1125 3728 1176 καὶ

2145 1219 2412 1288 σκήπτρῳ
2451 1219 2549 1285 τῆς
2603 1217 2878 1286 βασιλείας
2928 1218 3258 1287 τετιμήκασι
3306 1216 3395 1270 τὸν
3426 1215 3722 1284 ἀλιτήριον.

2142 1310 2252 1362 Καὶ
2306 1305 2374 1380 ἦν
2427 1308 2714 1380 Ἰεροϐοάμ
2779 1307 2838 1372 ἐξ
2885 1309 3042 1380 ὅρους
3115 1308 3210 1360 καὶ
3251 1307 3422 1377 φυλῆς
3465 1306 3722 1376 Ἐφραῖμ.

2155 1401 2374 1470 Ἐπειδὴ
2421 1401 2477 1453 δὲ
2543 1401 2955 1471 κεχειροτόνητο
3009 1399 3296 1470 βασιλεὺς,
3354 1398 3728 1468 ὲξεμηχανᾶτο

2141 1493 2348 1559 λοιπὸν,
2384 1494 2506 1547 τίνα
2528 1493 2728 1563 τρόπον
2756 1493 2904 1561 αὐτῷ
2926 1492 2994 1543 τά
3023 1493 3121 1561 τῆς
3146 1491 3420 1562 βασιλείας
3447 1492 3723 1560 στήσεται,

2141 1585 2235 1638 καὶ
2271 1585 2328 1636 ἐν
2365 1584 2568 1656 βεϐαίῳ
2609 1586 2780 1654 μενεῖ,
2808 1585 2903 1638 καὶ
2930 1584 3041 1636 τῶν
3067 1582 3560 1654 χειροτονησάντων
3589 1579 3728 1650 γνώ-

2145 1694 2249 1747 μης
2282 1677 2343 1728 οὐ
2375 1675 2776 1746 μεθισταμένης
2808 1678 2886 1738 εἰς
2915 1675 3108 1746 ἑτέραν
3136 1676 3260 1726 τινὰ
3302 1674 3498 1744 βουλήν
3533 1691 3591 1726 τε
3633 1673 3728 1726 καὶ

441 1763 662 1831 ιιιιίοἰιοι
702 1763 1036 1818 defecerunt.
1094 1759 1208 1815 Non
1281 1760 1452 1816 solum
1494 1763 1639 1815 enim
1688 1762 1756 1816 ab
1788 1761 2028 1816 llieroso-

2141 1767 2350 1836 σκέψιν.
2401 1763 2534 1820 Εἶτα
2584 1766 2768 1830 δεδιὼς
2803 1768 2876 1838 μὴ
2910 1766 3017 1837 ἄρα
3060 1784 3176 1829 πως
3203 1767 3301 1837 τῆς
3334 1767 3391 1818 ἐν
3439 1764 3590 1836 νόμῳ
3633 1764 3726 1817 λα-

445 1854 631 1924 lymis,
669 1853 760 1908 sed
780 1853 943 1907 etiam
978 1853 1042 1907 ab
1061 1852 1176 1921 ipsa
1192 1851 1394 1922 pietate
1417 1868 1541 1923 erga
1563 1853 1732 1909 Deum
1764 1863 2038 1908 tranSVer-

451 1943 552 1997 sint
577 1943 845 2007 abierunt,
892 1944 1090 1997 vitulos
1137 1957 1331 1997 aureos
1373 1943 1679 2011 adorantes,
1729 1944 2036 1998 sacriﬁcan-

450 2047 659 2104 tesque,
698 2045 756 2088 et
801 2036 1059 2104 operibus
1122 2050 1379 2089 manuum
1454 2051 1673 2090 suarum
1715 2036 2032 2099 servientes,

444 2131 587 2184 sicut
633 2131 891 2196 scriptum
922 2136 1005 2184 est
1028 2130 1070 2184 ".
1105 2129 1205 2195 Qui
1238 2139 1416 2184 autem
1449 2127 1800 2201 Jerosolymis
1823 2145 2037 2184 reman-

451 2232 658 2284 serant,
704 2219 894 2286 Judas,
954 2223 1195 2291 inquam,
1225 2231 1280 2276 et
1314 2220 1628 2291 Beniamin,
1671 2223 1891 2276 oracula
1923 2221 2036 2273 Mu-

449 2313 525 2368 sis
564 2312 797 2381 quadam
845 2313 1195 2366 veneratione
1257 2312 1744 2382 prosequebantur,
1795 2312 2030 2366 illorum-

447 2419 552 2472 que
624 2404 893 2459 rationem
962 2402 1253 2458 ducebant.
1323 2401 1713 2457 Saeriiicabaut
1785 2403 1927 2458 enim
1980 2403 2032 2456 in

448 2495 684 2566 templo:
735 2504 1108 2549 verumtamen
1160 2494 1410 2548 cbaritati
1465 2495 1521 2548 in
1565 2493 1734 2549 Deum
1785 2511 1893 2549 non
1939 2509 2034 2563 per

443 2590 626 2642 omnia
654 2587 1023 2649 adhaerebant,
1043 2586 1186 2656 quod
1212 2599 1270 2640 et
1298 2586 1445 2657 ipsos
1477 2588 1767 2656 apostasis,
1804 2601 1901 2641 seu
1934 2587 2032 2641 dc-~

443 2679 606 2736 fectio
651 2679 930 2735 diviserat.
967 2678 1358 2734 Sacriﬁeabant
1398 2694 1629 2748 namque
1667 2679 1824 2734 idolis
1868 2695 2033 2749 super

441 2788 658 2828 omnem
698 2773 893 2828 collem
934 2771 1239 2838 sublimem,
1283 2780 1338 2826 et
1376 2772 1478 2826 sub
1530 2772 1679 2825 omni
1713 2771 1854 2841 ligno
1878 2771 2028 2825 fron-

443 2865 599 2926 doso,
640 2862 794 2931 juxta
858 2878 1045 2917 vocem
1095 2863 1371 2932 propheta:
1401 2863 1442 2917 ⁹.
1485 2863 1619 2916 Cum
1667 2862 1830 2932 igitur
1875 2863 2029 2916 audis

441 2965 660 3010 sanctos
688 2955 985 3024 prophetas
1012 2955 1356 3009 nominantes
1391 2953 1574 3019 Israel,
1607 2953 1720 3008 sive
1751 2954 2026 3023 prraim,

441 3047 739 3102 Samaritas
794 3046 1074 3113 intellige;
1135 3061 1261 3100 cum
1335 3045 1526 3100 Judam
1594 3054 1646 3099 et
1710 3043 2023 3112 Benjamin,

2145 1859 2353 1931 τρείας,
2411 1861 2503 1912 καὶ
2537 1860 2643 1912 τῶν
2676 1861 2733 1913 ὲν
2765 1863 2876 1923 τοῖς
2920 1859 3316 1930 Ἰεροσολύμοις
3372 1859 3727 1930 ἐπιτελουμέ-

2148 1970 2252 2005 νων
2312 1951 2517 2022 ἑορτῶν
2580 1952 2659 2014 εἰς
2730 1951 3036 2022 ἀνάμνησιν
3098 1950 3336 2020 ἐνεχθεὶς
3388 1951 3418 2002 ὁ
3475 1951 3722 2021 Ἰσραὴλ,

2146 2044 2538 2115 παλινδρομεῖν
2588 2043 2766 2096 ἕλοιτο
2823 2045 2901 2105 εἰς
2940 2043 3000 2095 τὸ
3059 2043 3117 2095 ὲν
3169 2043 3362 2113 ἀρχαῖς
3391 2080 3405 2104 ,
3476 2042 3571 2094 καί
3615 2043 3728 2105 τοῖς

2155 2134 2395 2204 Ῥοϐοάμ
2463 2135 2784 2205 ὑπενεχοείη
2832 2133 3054 2200 ζυγοῖς,
3101 2132 3194 2185 δύο
3236 2131 3498 2202 δαμάλεις
3557 2132 3725 2202 ἔργάο

2145 2227 2300 2290 ζεται
2371 2231 2612 2297 χρυσᾶς.
2663 2227 2754 2279 καὶ
2811 2225 2948 2296 πρὸς
3019 2225 3079 2277 τὸ
3147 2223 3312 2285 σέϐας
3384 2222 3728 2286 ἀναϐιϐάζων

2143 2317 2235 2370 τὸν
2279 2317 2513 2388 Ἰσραὴλ,
2546 2318 2767 2370 ἐκέλευε
2794 2318 3118 2388 προσκυνεῖν
3147 2316 3337 2379 αὑταῖς
3372 2315 3465 2366 καὶ
3501 2314 3727 2366 ὁλοκαυ-

2141 2409 2286 2463 τοῦν.
2329 2428 2348 2460 ι
2385 2409 2493 2462 Καὶ
2525 2409 2775 2470 ἀπέθετο,
2812 2427 2830 2459 ι
2859 2409 3011 2479 φησὶ,
3045 2426 3061 2459 ι
3093 2408 3190 2477 τὴν
3223 2407 3322 2478 μὲν
3344 2407 3422 2468 εἰς
3451 2404 3723 2473 Γάλγαλα,

2141 2499 2240 2568 τὴν
2271 2501 2325 2552 δὲ
2352 2501 2431 2562 εἰς
2461 2499 2587 2551 Δάν.
2629 2517 2645 2548 ι
2685 2499 2876 2562 Πόλεις
2922 2499 3030 2570 γάρ
3064 2494 3222 2552 αἶται
3262 2495 3724 2568 περιφανέστεραι

2141 2590 2248 2642 τῶν
2279 2590 2472 2655 ἄλλων,
2510 2591 2565 2642 αἳ
2611 2587 2748 2662 ἦσαν
2792 2592 2850 2643 ὲν
2901 2589 3053 2661 χώρᾳ
3093 2589 3468 2660 Σαμαρειτῶν.
3514 2587 3725 2642 Οὐκοῦν

2139 2679 2290 2749 διττὴ
2317 2681 2504 2749 γέγονε
2532 2681 2641 2733 τῶν
2669 2681 2800 2734 δέκα
2845 2680 3027 2750 φυλῶν
3071 2682 3104 2751 ἡ
3147 2681 3468 2743 ἀπόστασις,
3496 2682 3590 2733 καὶ
3627 2679 3720 2732 τοῦ

2139 2773 2371 2842 ἡμίσους
2403 2773 2574 2843 φυλῆς
2615 2773 2874 2843 Ἐφραῖμ.
2923 2771 3217 2842 Ἐξῲχοντο
3244 2770 3372 2842 γὰρ,
3405 2771 3525 2841 οὐχὶ
3564 2770 3724 2841 μόνον
3799 2831 3810 2838 _

2137 2868 2244 2918 τῶν
2285 2864 2692 2937 Ἱεροσολύμων,
2723 2863 2858 2917 ἀλλὰ
2893 2864 2982 2916 καὶ
3023 2864 3192 2934 αὐτῆς
3226 2863 3324 2932 τῆς
3357 2863 3437 2926 εἰς
3468 2862 3599 2916 Θεὸν
3630 2863 3720 2915 εύ-

2139 2956 2375 3019 σεϐείας,
2425 2956 2690 3025 δαμάλεσι
2725 2955 3154 3028 προσκυνοῦντες
3202 2960 3453 3028 χρυσαῖς,
3500 2957 3721 3021 θύοντές

2135 3065 2194 3100 τε
2248 3048 2340 3101 καὶ
2381 3047 2735 3118 λατρεύοντες
2774 3051 2888 3110 τοῖς
2942 3047 3123 3119 ἔργοις
3144 3047 3253 3100 τῶν
3278 3048 3476 3120 χειρῶν
3518 3047 3718 3115 αὐτῶν,

432 3153 536 3193 eos
601 3139 694 3208 qui
759 3136 1114 3206 Jerosolymis
1173 3149 1574 3192 remanserunt.
1625 3137 1792 3191 Erant
1844 3147 2024 3191 autem

2136 3138 2280 3192 καθά
2308 3141 2640 3209 γέγραπται.
2685 3141 2747 3192 Oi
2791 3138 2846 3191 δέ
2899 3155 2961 3206 γε
2995 3140 3480 3209 ἀπομεμενηκότες
3521 3141 3580 3193 ὲν
3609 3141 3721 3203 τοῖς

438 3230 716 3300 prophetae
751 3230 894 3299 apud
936 3245 1051 3295 eos,
1092 3230 1388 3285 indiscrete
1439 3237 1550 3284 tum
1595 3231 1664 3284 de
1711 3230 1779 3285 iis
1826 3230 1919 3299 qui
1970 3231 2025 3284 in

437 3321 700 3387 Samaria,
742 3331 852 3377 tum
897 3323 965 3377 de
995 3323 1058 3378 iis
1105 3322 1197 3392 qui
1226 3321 1578 3394 Jerosolymis
1621 3323 2021 3377 vaticinantes:

437 3415 1175 3487 quorumaliiJerosolymis,
1236 3416 1327 3470 alii
1379 3417 1433 3470 in
1505 3415 1902 3470 Samaritarum
1940 3430 2027 3470 re-

427 3508 595 3578 gione
624 3508 950 3575 habitantes,
984 3510 1078 3564 Dei
1104 3524 1383 3564 sermones
1413 3508 1758 3562 audientibus
1782 3518 2028 3578 apporta-

429 3603 589 3654 bant.
624 3601 918 3656 Sciendum
941 3610 1143 3665 autem,
1177 3611 1298 3670 post
1324 3600 1539 3656 avulsas
1567 3601 1748 3655 decem
1780 3601 1951 3655 tribus
1971 3610 2026 3655 et

439 3691 722 3746 dimidiam
769 3693 967 3746 tribum
1006 3690 1726 3761 prraimabJei-osolymis
1768 3699 2025 3760 utrosque

436 3784 670 3854 propriis
727 3785 942 3855 regibus
1007 3799 1132 3838 esse
1190 3798 1336 3848 usos,
1408 3783 1571 3851 idque
1631 3783 1698 3837 ad
1775 3782 2023 3837 ultimam

436 3892 607 3947 usque
659 3877 1027 3948 captivitatem
1071 3875 1323 3940 obtinuit,
1353 3891 1384 3930 a
1417 3891 1522 3945 qua
1552 3885 1606 3931 et
1625 3873 2021 3947 Jerosolymam

435 3968 578 4039 Cyro
603 3979 882 4037 regnante,
919 3980 970 4023 et
998 3968 1230 4023 reditum
1283 3968 1387 4023 illis
1438 3967 1784 4039 permittente
1818 3969 2023 4024 reversi

435 4070 586 4126 sunt,
648 4060 797 4116 duce
825 4076 895 4116 ac
932 4060 1177 4132 principe
1211 4059 1544 4116 Zorobabele
1581 4059 1889 4114 Salatliielis
1916 4059 2024 4113 ﬁlio

434 4151 658 4207 detribu
688 4151 848 4216 Juda,
879 4161 935 4206 et
982 4167 1198 4206 summu
1241 4152 1534 4207 sacerdote
1573 4149 1700 4203 Jesu
1735 4149 1842 4202 lilio
1869 4150 2027 4203 Jose-

433 4243 630 4298 dcc”.
674 4243 812 4297 Tum
873 4258 1090 4312 quoque
1150 4243 1410 4311 templum
1493 4240 1910 4303 reaediilcarunt,
1967 4247 2024 4295 et

434 4337 580 4390 omni
600 4336 807 4391 sublata
834 4335 1127 4397 discordia,
1161 4337 1262 4388 sub
1292 4348 1401 4387 uno
1425 4332 1655 4402 imperio
1669 4330 2024 4401 Jerosolymis

432 4427 708 4483 vixerunt.
727 4427 948 4494 Quoties
979 4436 1158 4481 autem
1195 4425 1431 4482 diversis
1468 4423 1801 4493 temporibus
1825 4423 1878 4477 in
1907 4438 2023 4478 ser-

2140 3230 2553 3302 Ἰεροσολύμοις,
2599 3229 2799 3294 Ἰούδας
2829 3247 2910 3294 τε,
2940 3229 3107 3300 φημὶ,
3141 3228 3235 3284 καὶ
3279 3229 3556 3300 Βενιαμὶν,
3585 3228 3718 3284 αἰὸὼ

2130 3323 2229 3393 μέν
2271 3339 2391 3375 τινα
2434 3322 2529 3375 καὶ
2575 3321 2732 3389 λόγον
2759 3320 2870 3374 τῶν
2899 3321 2986 3374 διὰ
3027 3321 3270 3385 Μωσέως
3315 3321 3594 3375 ἐποιοῦντο
3625 3322 3715 3374 Θε-

2129 3417 2475 3485 σπισμάτων.
2509 3414 2706 3468 Ἐθυον
2747 3414 2856 3485 γάρ
2888 3415 2948 3466 ὲν
2990 3413 3067 3484 τῷ
3105 3414 3252 3485 ναῷ·
3299 3413 3562 3485 πλὴνιοὺχ
3593 3414 3714 3467 ὁλο-

2125 3509 2342 3578 τρόπως
2382 3508 2484 3579 τῆς
2533 3510 2614 3572 εἰς
2647 3507 2781 3562 9st
2825 3508 3046 3579 ἀγάπης
3095 3508 3382 3579 ὲξείχοντο,
3419 3511 3716 3582 κατεμερί-

2126 3600 2280 3666 ζοντο
2335 3602 2393 3655 δὲ
2444 3603 2537 3656 καὶ
2586 3603 2744 3656 αὐτοὶ
2791 3603 2930 3674 πρὸς
2978 3601 3300 3656 ἀπόστασιν.
3354 3603 3551 3656 Ἔουον
3604 3604 3716 3675 γάρ

2126 3693 2366 3756 εἰδώλοις
2417 3695 2510 3746 ἐπὶ
2559 3695 2742 3748 πάντα
2796 3694 2984 3764 βουνὸν
3034 3693 3256 3774 ὺυηιτηλὸν,
3309 3694 3405 3748 καὶ
3457 3695 3716 3750 ὑποκάτω

2127 3785 2328 3846 παντὸς
2357 3783 2512 3847 ξύλου
2540 3783 2832 3846 άλσὼδους,
2873 3785 3015 3838 κατά
3041 3785 3138 3854 τὴν
3162 3783 3256 3836 τοῦ
3287 3789 3568 3856 προφήτου
3596 3804 3711 3855 φω-

2125 3875 2241 3943 νήν.
2293 3875 2464 3926 ’Ὀταν
2526 3873 2703 3926 τοίνυν
2764 3874 2973 3948 ἀκούῃς
3024 3875 3132 3928 τῶν
3182 3876 3354 3944 ἁγίων
3415 3879 3712 3948 προφητῶν

2125 3963 2498 4035 ὀνομαζόντων
2528 3965 2619 4018 τὸν
2661 3965 2899 4036 Ἰσραὴλ,
2928 3967 3046 4036 ἦτοι
3073 3965 3162 4018 τὸν
3201 3967 3460 4038 Ἐφραϊμ,
3492 3969 3612 4021 τότε
3645 3969 3709 4039 δή

2129 4071 2219 4122 μοι
2252 4055 2360 4106 νόει
2394 4056 2518 4118 τοὺς
2561 4058 2618 4108 ὲν
2657 4058 2724 4126 τῇ
2769 4055 3074 4128 Σαμαρείᾳο
3127 4057 3252 4109 ὅταν
3291 4057 3347 4110 δὲ
3384 4057 3474 4110 τὸν
3512 4058 3712 4112 Ἰούδαν

2127 4146 2222 4198 καὶ
2252 4145 2531 4216 Βενιαμὶν,
2576 4147 2704 4211 τοὺς
2738 4148 3144 4218 ἀπομείναντας
3190 4150 3248 4201 ἐν
3297 4149 3707 4221 Ἰεροσολύμοις.

2126 4233 2306 4290 Ἦσαν
2337 4239 2393 4291 δὲ
2430 4241 2707 4311 προφῆται
2739 4241 2870 4311 παρ’
2909 4239 3114 4305 αὐτοῖς,
3147 4240 3476 4312 ἀδιακρίτως
3501 4242 3628 4311 περί
3650 4256 3708 4295 τε

2125 4330 2232 4384 τῶν
2258 4331 2316 4384 ὲν
2358 4333 2423 4401 τῇ
2465 4331 2751 4402 Σαμαρείᾳ
2796 4332 2888 4385 καὶ
2929 4331 3038 4385 τῶν
3071 4332 3130 4384 ὲν
3165 4334 3279 4395 τοῖς
3317 4332 3711 4405 Ἰεροσολύμοις

2128 4422 2584 4493 προφητεύοντες.
2613 4423 2724 4476 Καὶ
2749 4423 2798 4474 οἰ
2838 4423 2936 4493 μὲν
2967 4425 3025 4476 ὲν
3054 4426 3167 4488 τοῖς
3213 4424 3625 4494 Ἰεροσολύμοις,
3657 4426 3710 4478 οἱ

432 4522 663 4576 νίιιιιειιι
727 4520 926 4574 redacti
956 4520 1323 4574 sintseorsum
1341 4517 1528 4572 decem
1557 4516 1750 4580 tribus,
1781 4525 1838 4570 et
1859 4515 2024 4571 dimi-

2136 4514 2184 4566 δὲ
2229 4515 2330 4586 τὴν
2388 4515 2747 4587 Σαμαρειτῶν
2792 4517 3070 4580 οἰκοῦντες
3109 4516 3328 4587 χώραν,
3382 4517 3509 4580 τοὺς
3561 4518 3710 4586 παρά

437 4611 523 4664 dia
577 4610 746 4665 tribus
806 4610 1082 4680 Ephraim,
1134 4619 1189 4664 et
1220 4607 1311 4677 qui
1340 4605 1649 4661 incolebant
1695 4605 2016 4672 Jerusalem,

434 4700 596 4767 Juda,
625 4711 682 4756 et
709 4700 1015 4770 Beniamin,
1038 4717 1103 4755 ex
1119 4700 1203 4755 his
1227 4713 1349 4768 quat
1369 4706 1674 4769 sequuntur
1691 4698 1899 4768 liquido
1925 4713 2021 4768 pa-

435 4793 591 4848 tebit.
623 4791 857 4849 Necesse
883 4792 1167 4863 porrofuit
1195 4792 1360 4846 etiam
1385 4799 1629 4862 tempora
1645 4790 1839 4849 litteris
1861 4806 2018 4846 man~

436 4885 572 4949 dari,
599 4884 801 4954 quibus
817 4884 1192 4953 unusquisque
1218 4883 1602 4953 sanctorumc
1627 4881 2017 4952 prophetarum

435 4977 649 5031 locutus
677 4984 778 5040 est,
799 4985 868 5030 ιιι
893 4984 1082 5030 exacte
1115 4987 1483 5039 nosceremus,
1510 4973 1656 5044 quali
1689 4989 1870 5029 rerum
1900 4983 2012 5028 sta-

438 5079 516 5132 tu,
541 5076 596 5123 et
618 5083 856 5137 quonam
902 5067 1069 5124 modo
1107 5067 1173 5121 iis
1219 5065 1561 5134 habentibus,
1614 5065 1711 5122 Dei
1751 5066 1912 5122 verba
1943 5065 2012 5121 ad

436 5175 533 5216 eos
562 5161 703 5216 facta
730 5159 858 5214 sint.

2127 4605 2263 4659 Θεοῦ
2289 4608 2400 4668 τοῖς
2430 4606 2802 4678 ἀκροωμένοις
2825 4605 3129 4676 διεκόμιζον
3161 4607 3370 4673 λόγους.
3413 4607 3606 4660 ’ἰστέον
3627 4606 3704 4672 δὲ,

2125 4698 2207 4752 ὅτι
2238 4696 2374 4769 μετά
2397 4697 2456 4751 τὺ
2483 4698 2864 4770 ἀπορραγῆναι
2892 4697 3000 4750 τῶν
3043 4697 3430 4768 Ἰεροσολύμων
3453 4698 3550 4761 τὰς
3575 4699 3708 4752 δέκα

2125 4790 2319 4860 φυλὰς,
2354 4789 2448 4842 καὶ
2476 4788 2538 4840 τὸ
2566 4789 2735 4858 ἥμισυ
2767 4786 2938 4860 φυλῆς
2996 4788 3254 4860 Ἑφραῒμ,
3290 4789 3438 4852 ἰδίοις
3468 4789 3710 4860 ἐχρῶντο

2126 4880 2408 4953 βασιλεῦσι
2433 4879 2527 4934 καὶ¹
2556 4879 2605 4932 οἱ
2636 4881 2696 4932 ὲν
2723 4880 2789 4950 τῇ
2817 4879 3124 4952 Σαμαρείᾳ,
3153 4881 3248 4935 καὶ
3275 4881 3342 4939 οἰ,
3367 4882 3424 4934 ὲν
3448 4884 3561 4945 τοῖς
3605 4881 3705 4934 Ἰε-

2124 4973 2463 5046 ροσολύμοις.
2512 4970 2624 5024 Καὶ
2659 4968 2818 5023 τοῦτο
2847 4971 3188 5042 κεκράτηκεν
3221 4970 3348 5040 ἄχρι
3377 4968 3574 5040 καιροῦ
3604 4969 3707 5039 τῆς

2120 5063 2437 5124 τελευταίας
2493 5061 2906 5131 αἰχμαλωσίας,
2949 5062 3039 5116 ὅτε
3091 5062 3185 5116 καὶ
3227 5060 3598 5131 ὑπενόστησαν
3644 5063 3704 5116 ὲν

2133 5153 2562 5226 Ἱεροσολύμοις,
2610 5153 2796 5225 Κύρου
2842 5155 3277 5226 κεκρατηκότος,
3330 5155 3426 5207 καὶ
3483 5155 3703 5220 ἀνέντος

437 5253 621 5314 αὐτοῖς
648 5251 749 5320 τὴν
776 5247 1110 5319 ἀποδρομὴν,
1139 5246 1548 5317 καθηγουμένου
1586 5247 1684 5318 μὲν
1713 5244 2016 5317 Ζοροϐάϐελ
2051 5244 2146 5298 τοῦ
2215 5243 2508 5314 Σαλαθιὴλ,
2575 5243 2634 5307 ὃς
2669 5239 2739 5314 ἦν
2783 5246 2848 5298 ὲκ
2893 5244 3068 5316 φυλῆς
3113 5243 3303 5312 Ἰούδα,
3336 5245 3705 5316 ἰερατεύοντος

436 5343 496 5396 δὲ
542 5341 716 5412 Ἰησοῦ
747 5339 842 5395 τοῦ
888 5339 1152 5393 Ἰωσεδέκ.
1201 5339 1337 5393 Τότε
1386 5338 1480 5392 καὶ
1522 5338 1612 5392 τὸν
1649 5337 1778 5391 ναὸν
1836 5335 2208 5408 ἀνεδείμαντο,
2278 5335 2374 5392 καὶ
2435 5335 2544 5390 ὑπὸ
2579 5335 2710 5407 μίαν
2772 5337 3061 5405 γεγόνασιν
3094 5335 3290 5407 ἀρχὴν,
3325 5335 3420 5390 καὶ
3451 5339 3708 5407 κατῳκή-

440 5452 601 5490 κασιν
649 5436 708 5487 ὲν
767 5431 1180 5505 Ἰεροσολύμοις,
1211 5431 1477 5504 διχονοίας
1515 5431 1736 5502 ἀπάσης
1801 5429 2171 5502 ἐξῃρημένης.
2202 5429 2366 5483 Ὅσαι
2429 5428 2486 5483 δὲ
2556 5427 2697 5483 κατά
2743 5429 2969 5501 καιροὺς
3014 5427 3383 5499 αἰχμαλωσίαι
3415 5429 3705 5498 γεγόνασιν

441 5524 546 5582 ἀνὰ
594 5524 760 5597 μέρος
805 5525 913 5580 τῶν
957 5524 1090 5579 δέκα
1136 5521 1341 5594 φυλῶν,
1371 5523 1468 5579 καὶ
1509 5523 1692 5594 μέντοι
1747 5519 1844 5576 καὶ
1889 5520 1983 5576 τοῦ
2022 5521 2267 5594 ἡμίσεως
2323 5521 2498 5593 φυλῆς
2536 5520 2798 5594 Ἐφραῖμ,
2829 5523 2925 5576 καὶ
2994 5519 3104 5575 τῶν
3134 5523 3192 5576 ὲν
3244 5523 3357 5585 τοῖς
3410 5521 3708 5593 Ἰεροσολύ-

508 5709 531 5743 '
562 5705 622 5764 lll
657 5706 785 5779 Reg.
824 5725 902 5780 ιι,
937 5708 1050 5778 ‘26;
1085 5725 1183 5782 xu,
1222 5707 1249 5762 1
1274 5720 1433 5780 seqq.
1509 5705 1532 5740 ⁸
1565 5705 1730 5764 Mich.
1770 5720 1823 5777 γ,
1859 5706 1949 5762 15.
2026 5705 2047 5739 ⁸
2074 5701 2138 5761 lll
2173 5703 2310 5776 Reg.
2338 5717 2453 5770 le,
2478 5701 2592 5775 25_;
2619 5701 2821 5761 Jerem.
2866 5715 2954 5769 ιιι,
2987 5701 3076 5760 l3.

3157 5705 3201 5738 η
3241 5702 3263 5757 l
3300 5700 3455 5760 Esdr.
3491 5715 3553 5771 ιι,
3588 5700 3697 5771 1,2.

3115 5799 3152 5806 ...-
