4094 6462
286 387 344 442 l7
1204 394 1763 452 COMMENTARIUS
1804 395 1869 451 IN
1908 396 2139 453 OSEAM
2178 396 2629 456 PROPIIETAM.
3513 400 3584 462 Η

285 518 420 574 μοις,
469 504 641 560 Ἰούδα
666 525 748 573 τε,
775 509 938 581 φημὶ,
985 513 1077 566 καὶ
1109 514 1391 581 Βενιαμὶν,
1427 515 1640 586 προῖὼν
1687 517 1716 568 6
1782 515 1939 583 λόγος
1977 516 2237 581 ἐπιδείξει
2285 518 2495 588 σαφῶς.
2565 517 2935 591 Ἀνάγραπτοι
2979 519 3035 572 δὲ
3078 519 3370 589 γεγόνασιν
3418 522 3557 591 ἀναγ

284 597 446 661 καίως
493 600 589 652 καὶ
633 602 683 653 οἱ
736 604 939 674 χρόνοι,
982 606 1105 660 καθ’
1146 606 1239 671 οὓς
1283 609 1514 672 ἕκαστος
1554 609 1667 663 τῶν
1705 608 1879 677 ἁγίων
1916 609 2180 682 λελάληκε
2248 613 2571 683 προφητῶν,
2624 614 2691 666 ἵν’
2740 612 3016 684 ειδείημεν
3070 614 3319 686 ἀκριϐῶς
3364 617 3422 669 ὲν
3456 616 3585 686 ποίᾳ

282 690 379 739 τινὶ
426 692 761 753 καταστάσει
816 696 928 750 τῶν
973 699 1318 771 πραγμάτων
1360 701 1654 772 κειμένων,
1692 701 1814 754 τίνα
1861 718 1921 754 τε
1958 701 2162 773 τρόπον
2227 704 2480 774 ἑχόντων,
2509 708 2556 759 οἱ
2593 706 2745 778 παρὰ
2770 706 2906 761 Θεοῦ
2938 707 3077 778 πρὸς
3102 708 3303 771 αὐτοὺς
3327 708 3584 777 γεγόνασι

281 780 455 850 λόγοι,

594 914 984 1003 ΤΟΜΟΣ
1076 919 1556 1012 ΠΡΩΤΟΣ.

884 1051 1141 1107 ΚΕΦΑΛ.
1179 1052 1260 1108 A'.

344 1160 539 1228 Λόγος
569 1163 797 1230 Κιιρίου
831 1164 899 1231 ὃς
936 1166 1193 1237 ἐγενήθη
1229 1170 1382 1237 πρὸς
1422 1167 1604 1237 Ὠσηὲ
1632 1168 1741 1223 τὸν
1768 1168 1875 1223 τοῦ

275 1253 470 1319 Βεηρί,
516 1255 589 1307 ἐν
630 1255 885 1324 ἡμέραις
942 1258 1125 1319 Ὀζίου
1187 1263 1286 1315 καὶ
1347 1262 1611 1332 Ἰωάθαμ,
1679 1262 1872 1331 Ἀχὰζζ

288 1343 572 1414 Ἐζεκίου,
607 1348 925 1410 ,ϐασιιέων
983 1352 1317 1407 Ἰούδα-καὶ
1352 1355 1422 1408 ἐν
1467 1355 1719 1424 ἡμέραις
1768 1356 1875 1410 Ἰε-

272 1436 493 1505 ροόοὰμ
524 1437 660 1491 υἱοῦ
720 1440 886 1507 Ἰωὰς
910 1442 1220 1511 βασιλέως
1261 1446 1369 1500 τοῦ
1422 1446 1692 1517 Ἰσραήλ.

341 1530 417 1581 Λ’.
468 1530 816 1601 Προφητεύει
864 1535 1096 1590 τοίνυνὸ
1123 1539 1394 1609 μακάριος
1440 1540 1599 1611 Ὠσηὲ
1648 1542 1707 1592 ὲν
1735 1539 1875 1611 ἡμέ-

279 1636 393 1688 ρας
441 1621 643 1688 Ὀζίου,
673 1625 767 1677 καὶ
798 1626 1058 1694 Ἰωάθαμ,
1090 1630 1187 1682 κα)⁸
1217 1630 1409 1701 Ἀχὰζ,
1452 1633 1549 1684 καὶ
1603 1632 1871 1702 Ἐζεχίου,

279 1711 538 1780 βασιλέων
603 1715 792 1769 Ἰούδα⁸
844 1720 938 1771 καὶ
984 1721 1042 1775 ἐν
1088 1722 1328 1793 ἡμέραις
1387 1722 1694 1794 Ἱεροϐοάμ,
1755 1723 1876 1777 υίοῦ

289 1803 435 1865 Ἰωὰς
469 1804 745 1875 βασιλέως
781 1809 1026 1881 Ἰσραήλ.
1059 1813 1171 1866 Καὶ
1199 1813 1227 1865 6
1260 1815 1358 1885 μὲν
1386 1815 1578 1885 χρόνος
1610 1815 1709 1885 τῆς
1740 1832 1876 1887 προ-

278 1895 501 1965 φητείας
535 1899 705 1970 μέχρι
728 1901 924 1956 τούτου
957 1908 1158 1957 νοεῖται
1194 1905 1384 1960 λαϐὼν
1413 1908 1514 1979 τὴν
1538 1908 1873 1979 παράτασιν.

277 1990 389 2060 Χρὴ
431 1992 510 2053 δὲ,
570 1989 748 2062 οἶμαι,
786 1996 855 2049 τὰ
903 1997 989 2066 ἐφ’
1021 1999 1241 2070 ἑκάστῳ
1296 2000 1484 2054 λοιπὸν
1536 2001 1875 2073 ἀφηγεῖσθαι

281 2082 476 2151 σαφῶς,
510 2084 590 2148 ὡς
635 2086 702 2139 ἂν
738 2087 953 2159 ἔχωμεν
984 2091 1209 2155 ἐννοεῖν,
1261 2093 1516 2166 καθάπερ
1551 2095 1651 2167 ἤδη
1692 2099 1879 2168 προετ-

280 2192 392 2238 πον,
416 2178 602 2230 ὁποῖοί
627 2196 773 2243 τινες
797 2182 849 2233 οἱ
880 2182 1070 2235 τοιοίδε
1105 2184 1387 2252 γεγόνασι*
1414 2187 1646 2259 πότερον
1678 2188 1875 2258 ἀγαθοί

279 2284 332 2319 τε
390 2268 485 2320 καὶ
531 2268 683 2323 εὖνοι
718 2272 859 2343 πρὸς
893 2273 1046 2339 Θεὸν,
1084 2275 1116 2347 ἦ
1159 2276 1291 2345 γοῦν
1312 2279 1747 2351 ,ἀπονενευκότες
1779 2283 1876 2338 ἐπὶ

280 2357 335 2411 τὸ
368 2359 441 2430 μὴ
488 2359 671 2425 οὕτως
701 2361 861 2434 ἕχον
903 2366 998 2418 καὶ
1026 2365 1153 2419 τίνα
1195 2366 1265 2419 τὰ
1316 2369 1405 2436 ἐφ’
1451 2370 1705 2434 ἑκάστοις
1738 2388 1879 2442 συμ-

280 2450 571 2521 ϐεϐηκότα,
622 2457 737 2519 τοῖς
780 2473 840 2509 τε
872 2457 930 2509 ἐν
962 2459 1027 2528 τῇ
1065 2458 1356 2531 Σαμαρείᾳ
1400 2462 1498 2515 καὶ
1540 2464 1655 2527 τοῖς
1676 2464 1735 2516 έν
1762 2464 1879 2527 τοῖς

291 2540 704 2614 Ἰεροσολύμοις.
740 2546 1018 2617 Εἰσόμεθα
1046 2547 1158 2620 γὰρ
1182 2543 1307 2616 ὦδε,
1342 2551 1438 2604 καὶ
1468 2551 1587 2605 λίαν
1614 2553 1876 2618 εὐκόλως,

278 2632 498 2704 ὅποιπερ
526 2632 600 2686 ἂν
643 2632 824 2706 βλέπῃ
857 2636 957 2705 τῆς
988 2638 1329 2709 προφητείας
1364 2641 1393 2694 6
1427 2642 1652 2705 σκοπός.
1687 2642 1880 2696 Τελευ-

282 2727 417 2789 ταῖος
468 2726 574 2796 μὲν
630 2722 724 2780 οὖν
756 2726 1076 2797 ὠνόμασται
1126 2730 1412 2802 Ἱεροϐοὰμ
1461 2734 1491 2786 6
1541 2733 1637 2789 τοῦ
1702 2734 1878 2801 Ἰωὰς,

283 2816 523 2885 βασιλεὺς
572 2818 821 2890 Ἰσραὴλ,
854 2818 1050 2889 γέγονε
1092 2821 1149 2875 δὲ
1184 2822 1290 2893 πρὸ
1336 2822 1614 2895 Ἀζαρίου,
1658 2825 1753 2879 τοῦ
1787 2828 1882 2888 καὶ

293 2910 478 2975 Ὀξίου.
529 2911 736 2969 Ἰστέον
760 2911 838 2978 δὲ,
870 2912 953 2965 ὅτι
987 2912 1174 2985 ἔτερος
1199 2916 1334 2986 ἡμῖν
1366 2916 1518 2988 παρὰ
1540 2916 1632 2971 τὸν
1662 2917 1891 2988 πρῶτόν,

280 3002 437 3066 ἐστιν,
468 3003 529 3066 ὃς
564 3004 629 3056 ἐν
655 3006 871 3075 καιροῖς
896 3003 1090 3073 γέγονε
1141 3005 1409 3075 βασιλέως
1469 3009 1726 3080 Ῥοϐοὰμ,
1760 3011 1883 3064 υἱοῦ

283 3094 614 3166 Σολομῶνος,
641 3094 787 3165 πλὴν
824 3095 1109 3166 ίσότροπος
1138 3097 1354 3168 ἐκείνῳ,
1396 3099 1492 3151 καὶ
1517 3100 1597 3163 εἰς
1626 3100 1883 3154 ἀσέϐειαν

283 3186 543 3257 ἐμφερής.
587 3186 915 3255 Γέγραπται
954 3188 1063 3259 γὰρ
1113 3187 1211 3241 ὡδὶ
1261 3190 1393 3260 περὶ
1431 3190 1601 3243 αὑτοῦ
1628 3210 1642 3223 ο
1699 3211 1718 3243 ι
1790 3192 1883 3247 Ἐν

282 3276 383 3331 ἔτει
429 3280 919 3351 πεντεκαιδεκάτῳ
958 3280 1053 3345 τοῦ
1101 3282 1387 3351 Ἀμασίου,
1427 3282 1542 3337 υίοῦ
1589 3282 1741 3349 Ἰωὰς
1789 3285 1886 3356 βα·-

283 3372 464 3438 σιλέως
506 3372 710 3440 Ἰούδα,
741 3372 1094 3429 ἐϐασίλευσεν
1136 3373 1423 3446 Ἰεροϐοὰμ
1446 3375 1562 3439 υἱὸς
1608 3377 1761 3441 Ἰωὰς
1790 3378 1885 3431 ἐπὶ

293 3466 500 3538 Ἰσραὴλ
557 3469 617 3521 ὲν
664 3466 975 3539 Σαμαρείᾳ,
998 3466 1415 3539 τεσσαράκοντα
1482 3469 1578 3522 καὶ
1623 3468 1683 3522 ἓν
1740 3469 1881 3534 ἔτος.

282 3560 381 3615 Καὶ
399 3560 635 3631 ἐποίησε
658 3559 718 3613 τὸ
748 3560 987 3632 πονηρὸν
1006 3560 1241 3614 ἐνώπιον
1262 3562 1494 3631 Κυρίου.
1520 3562 1636 3615 Οὐκ
1667 3563 1880 3635 ἀπέστη
1910 3610 1953 3668 C

282 3652 381 3707 ἀπὸ
406 3651 614 3707 πασῶν
636 3652 925 3725 ἁμαρτιῶν
959 3653 1245 3725 Ἰεροϐοὰμ
1288 3652 1406 3707 υἱοῦ
1431 3652 1642 3719 Ναϐὰτ,
1690 3655 1752 3720 ὂς
1793 3656 1885 3723 se.

283 3749 488 3821 ήμαρτε
542 3747 640 3801 τὸν
705 3748 943 3821 Ἰσραήλ.
998 3766 1019 3799 ι
1074 3747 1259 3819 Ὁρᾷς,
1290 3748 1439 3812 ὅπως
1482 3746 1735 3820 ζηλωτὴς
1768 3749 1882 3805 τῶν

283 3838 480 3893 ἐκείνου
524 3837 756 3910 τρόπων
802 3838 1019 3908 γέγονε,
1050 3837 1150 3910 τὴν
1182 3838 1306 3910 ἴσην
1354 3838 1547 3909 ὥσπερ
1592 3838 1883 3910 άμαξητὸν

284 3932 598 4003 ἐρχόμενος,
632 3931 727 3984 καὶ
754 3931 919 3983 οἱονεὶ
951 3929 1095 3983 κατὰ
1128 3930 1295 3995 πόδας
1324 3932 1421 4001 τῆς
1452 3930 1665 3986 ἐκείνου
1686 3932 1887 3986 δυσσε-

285 4022 426 4087 ϐείας
472 4020 680 4077 ἐλθών.
731 4018 869 4076 Εἶτα
916 4022 970 4075 τί
1020 4039 1155 4095 φησι
1192 4023 1250 4076 τὸ
1295 4024 1539 4095 Γράμμα
1587 4024 1650 4078 τὸ
1703 4026 1883 4097 ἱερόν;

292 4135 309 4168 ι
356 4117 440 4171 Ἐν
465 4116 588 4170 ἔτει
626 4115 859 4187 εἰκοστῷ
889 4115 983 4169 καὶ
1016 4116 1233 4187 ἑϐδόμῳ
1265 4116 1361 4175 τοῦ
1405 4118 1693 4189 Ἱεροϐοάμ
1727 4118 1887 4189 βασι-

286 4207 411 4274 λέως
452 4209 705 4280 Ἰσραὴλ,
737 4208 1093 4265 ἐϐασίλευσεν
1137 4209 1396 4280 Ἀζαρίας
1436 4208 1552 4273 υίὸς
1596 4211 1883 4281 Ἀμασίου,

289 4302 549 4371 βασιλέως
594 4302 785 4367 Ἰούδα,
818 4301 877 4365 ὃς
907 4301 1204 4357 ἑκκαίδεκα
1236 4301 1373 4355 ἐτῶν
1403 4298 1495 4374 ἦν,
1529 4304 1587 4355 ἐν
1614 4303 1696 4373 τῷ
1728 4304 1886 4374 βασι-

288 4394 452 4450 λεύειν
490 4395 681 4451 αὐτόν.
712 4394 825 4449 Καὶ
854 4393 948 4447 δύο
980 4394 1075 4446 καὶ
1121 4394 1460 4465 πεντήκοντα
1489 4393 1583 4466 ἔτη
1612 4394 1890 4449 ἐϐασίλευε

290 4508 373 4545 σεν
400 4494 460 4545 ὲν
501 4487 888 4561 Ἰερουσαλήμ.
923 4487 1036 4540 Καὶ
1063 4484 1234 4555 ὄνομα
1272 4487 1338 4555 τῇ
1383 4486 1552 4556 μητρὶ
1580 4486 1747 4540 αὑτοῦ
1792 4487 1888 4540 Ἱε-

288 4584 434 4653 χελία
487 4584 553 4648 ἐξ
621 4580 1002 4652 Ἰερουσαλήμ.
1067 4578 1179 4629 Καὶ
1235 4577 1460 4648 ἐποίησε
1518 4579 1576 4631 τὸ
1620 4578 1778 4643 εὑθὲς
1829 4581 1888 4632 ὲν

290 4675 590 4747 ὀφθαλμοῖς
616 4675 851 4745 Κυρίου,
892 4673 1037 4725 κατὰ
1071 4670 1254 4725 πάντα
1285 4671 1385 4723 ὅσα
1414 4670 1670 4741 ἐποίησεν
1717 4673 1890 4742 Ἀμα-

294 4770 461 4843 σίαςνὸ
491 4768 679 4839 πατὴρ
710 4766 878 4821 αὑτοῦ
897 4782 911 4795 ·
946 4765 1088 4835 πλὴν
1120 4763 1191 4816 τά
1220 4762 1400 4834 ὑψηλὰ
1425 4762 1526 4816 οὐκ
1557 4763 1770 4834 ἐξῆρενο
1808 4763 1889 4818 ἐτι

292 4860 393 4931 γὰρ
431 4861 460 4912 6
487 4858 621 4921 λαὸς
676 4854 933 4920 ὲθυσίαζε
984 4854 1080 4908 καὶ
1124 4853 1327 4925 ἐθυμία
1371 4855 1430 4906 ἐν
1478 4855 1593 4916 τοῖς
1639 4854 1886 4925 ὑψηλοῖς.

292 4950 397 5003 Καὶ
420 4949 602 5021 ἥψατο
634 4945 845 5019 Κύριος
876 4944 968 4998 τοῦ
1002 4943 1289 5014 βασιλέως,
1313 4943 1406 4997 καὶ
1436 4938 1891 5044 ἦνᾼλελεπρωμέ-
1920 4984 1969 5044 D

292 5061 374 5107 νος
419 5043 528 5107 ἕως
558 5041 777 5113 ἡμέρας
823 5038 1058 5093 θανάτου
1081 5036 1270 5091 αὐτοῦ.
1306 5056 1325 5089 ι
1365 5036 1612 5109 Εὐσεϐὴς
1666 5039 1763 5108 μὲν
1794 5040 1889 5093 καὶ

296 5134 537 5203 φιλόθεος
552 5134 772 5199 ’Ὀζίας,
802 5131 945 5203 πλὴν
971 5132 1073 5202 οὐχ
1106 5129 1552 5201 ὁλοτρόπως.ιοὑ
1588 5130 1699 5202 γὰρ
1730 5150 1893 5203 περιπ

296 5226 401 5281 εἷλε
433 5225 504 5280 τὰ
538 5223 741 5295 ὑψηλὰ,
775 5223 964 5295 φησὶν,
1007 5223 1123 5279 ἀλλ’
1165 5221 1407 5292 ἐθυμίων
1449 5223 1509 5275 ὲν
1537 5224 1743 5290 αὐτοῖς,
1794 5227 1890 5280 καὶ

295 5322 403 5384 τοῖς
429 5315 731 5389 δαιμονίοις
760 5314 1042 5386 προσῆγον
1063 5314 1254 5376 θυσίας
1267 5313 1317 5366 σί
1342 5312 1705 5385 πλανώμενοι.
1721 5312 1886 5372 »Εἶτα

297 5406 648 5478 παρενεχθεὶς
690 5403 970 5475 Ἀζαρίας,
1004 5404 1172 5475 ἧγουν
1201 5405 1230 5456 6
1278 5401 1480 5466 Ὀζίας,
1516 5405 1596 5467 είς
1622 5406 1893 5471 ὲκτόπουσέ

300 5498 522 5563 ἐννοίας,
551 5496 707 5569 ᾠήθη
740 5498 973 5568 πρέπειν
1000 5498 1068 5566 τῇ
1109 5497 1211 5565 τῆς
1239 5495 1519 5565 βασιλείας
1544 5494 1669 5567 δόξῃ
1699 5498 1793 5551 καὶ
1827 5498 1890 5552 τὸ

301 5590 493 5661 χρῆναι
548 5586 795 5658 πληροῦν
840 5588 909 5642 τὰ
948 5587 1317 5657 νενομισμένα
1365 5586 1444 5657 τῷ
1476 5586 1616 5657 Θεῷ,
1652 5590 1746 5642 καὶ
1777 5589 1888 5642 λει-

302 5679 552 5753 τουργίας
589 5677 918 5750 ἀντέχεσθαι
961 5678 1062 5747 τῆς
1087 5678 1260 5748 ἱερᾶς.
1303 5677 1412 5730 Καὶ
1438 5676 1504 5747 δὴ
1552 5678 1649 5730 καὶ
1673 5678 1876 5734 τέθυκε

1904 891 1953 947 Α

2283 919 2702 1011 TOMUS
2778 924 3236 1016 PRIMUS

2658 1049 2813 1105 CAP.
2844 1051 2884 1105 Ι.

2050 1159 2215 1217 Vens.
2243 1163 2295 1217 I.
2326 1162 2550 1218 Verbum
2568 1165 2779 1220 Domini
2794 1167 2934 1231 quod
2956 1168 3157 1237 factum
3178 1181 3251 1225 est
3276 1174 3345 1225 ad
3360 1173 3491 1229 Osee
3516 1178 3585 1242 ﬁ-

1978 1252 2273 1307 liumBeeri
2286 1255 2341 1307 in
2358 1256 2540 1308 diebus
2556 1254 2727 1323 Ozia',
2742 1268 2790 1311 et
2809 1258 3077 1327 Joalham,
3103 1260 3299 1328 Ac/iaz,
3322 1265 3582 1332 Ezechiw,

1980 1359 2157 1413 regum
2184 1343 2351 1411 Iuda,
2391 1355 2441 1400 et
2494 1348 2550 1401 in
2592 1348 2777 1403 diebus
2821 1348 3109 1406 Jeroboam
3147 1352 3250 1421 ﬁlii
3284 1355 3419 1412 Joas
3450 1362 3585 1430 regis

1979 1433 2177 1494 Israel.

2050 1526 2093 1581 Ι.
2120 1526 2466 1583 Vaticinatur
2487 1529 2667 1600 itaque
2684 1532 2879 1589 beatus
2904 1532 3075 1590 Oseas
3094 1537 3147 1589 in
3178 1537 3373 1594 diebus
3406 1540 3584 1605 Ozias.

1980 1630 2033 1676 et
2056 1619 2331 1685 Joatham,
2368 1633 2423 1677 et
2453 1623 2669 1686 Achaz.
2703 1636 2757 1679 et
2796 1626 3067 1692 Ezecbire.
3100 1646 3285 1699 regum
3322 1631 3483 1699 Juda,
3524 1646 3581 1690 et

1981 1714 2033 1769 in
2060 1715 2250 1770 diebus
2277 1713 2565 1770 Jeroboam
2592 1717 2684 1770 lilii
2710 1716 2841 1773 .Ioas
2872 1721 3014 1787 regis
3043 1720 3231 1776 Israel.
3262 1724 3329 1777 Et
3366 1735 3581 1796 tempus

1979 1808 2200 1878 quidem
2212 1809 2454 1864 vaticinii
2475 1809 2756 1880 hucusque
2769 1812 3091 1880 productum
3112 1814 3450 1887 intelligitur.
3472 1820 3579 1874 Ar-

1981 1901 2153 1955 bitror
2204 1910 2389 1955 autem
2446 1902 2638 1957 ordine
2689 1904 2756 1957 de
2790 1904 3021 1974 singulis
3059 1910 3393 1963 narrandum
3425 1910 3582 1967 lucu-

1979 1993 2202 2061 lentius,
2257 2004 2315 2049 ut
2358 2010 2589 2051 noscere
2633 1997 2929 2065 possimus,
2967 2001 3430 2068 quemadmodum
3459 2005 3576 2074 jam

1979 2087 2249 2155 dicebam,
2307 2091 2498 2160 quales
2527 2091 2582 2145 1ιί
2623 2108 2783 2162 reges
2828 2091 3049 2159 fuerint,
3095 2104 3284 2149 utrum
3332 2096 3586 2153 videlicet

1980 2180 2132 2247 boni,
2181 2194 2237 2237 et
2298 2182 2437 2237 bene
2493 2199 2622 2254 erga
2670 2185 2837 2238 Deum
2889 2185 3135 2252 animati,
3187 2202 3254 2241 an
3312 2189 3492 2256 potius
3527 2189 3591 2243 in

1979 2276 2316 2331 contrarium
2335 2277 2595 2344 abierint,
2627 2286 2682 2333 et
2703 2295 2824 2349 qua:
2853 2279 3083 2350 singulis
3112 2291 3225 2334 tum
3251 2282 3302 2335 in
3333 2284 3581 2336 Samaria

1982 2374 2094 2419 tum
2140 2365 2498 2440 Jcrosolymis
2548 2372 2902 2439 regnantibus
2956 2374 3260 2427 evenerint.
3309 2372 3383 2427 Ita
3434 2375 3582 2429 enim

1979 2470 2219 2524 quonam
2277 2460 2562 2529 prophetia
2608 2461 2874 2527 collimet,
2923 2463 3070 2518 nullo
3104 2466 3321 2535 negotio
3375 2468 3587 2536 perspi-

1981 2549 2210 2604 ciemus.
2240 2549 2551 2607 ‘Postremo
2580 2553 2743 2623 igitur
2785 2554 2908 2608 loco
2952 2557 3267 2611 nominatus
3288 2568 3372 2613 est
3422 2556 3584 2613 Jero-

1981 2638 2165 2703 boam,
2218 2640 2361 2695 Illius
2406 2640 2555 2707 Joas,
2584 2660 2677 2698 rex
2721 2645 2906 2709 Israel,
2969 2649 3062 2717 qui
3120 2647 3398 2712 Azariam,
3448 2650 3586 2703 alius

1982 2724 2192 2790 Oziam,
2226 2731 2542 2785 antecessit.
2575 2731 2732 2789 Scire
2763 2734 2892 2789 licet
2940 2737 3083 2792 hunc
3142 2738 3309 2792 alium
3348 2740 3518 2794 fuisse
3550 2755 3589 2794 ι

1984 2819 2182 2889 primo,
2231 2823 2323 2891 qui
2377 2826 2713 2892 temporibus
2761 2828 2905 2898 regis
2951 2818 3235 2894 ll‘oboami,
3300 2831 3393 2885 lilii
3427 2832 3582 2889 Salo~

1986 2912 2184 2975 monis.
2225 2914 2389 2968 vixit:
2429 2924 2610 2971 tamen
2646 2919 2886 2974 moribus
2932 2920 3150 2984 iisdem,
3200 2929 3257 2975 et
3302 2922 3585 2991 impietate

1984 2999 2215 3054 similem
2242 3001 2305 3058 ¹¹.
2338 3001 2429 3057 Sic
2445 3006 2588 3059 enim
2613 3007 2813 3077 deipso
2836 3011 3100 3078 scriptum
3127 3021 3335 3065 exstat:
3364 3030 3381 3063 ι
3410 3011 3467 3067 In
3488 3031 3587 3068 an-

1987 3106 2057 3145 no
2092 3092 2302 3149 decimo
2321 3096 2512 3162 quinto
2534 3098 2789 3165 Amasiae,
2826 3100 2916 3153 lilii
2944 3099 3091 3166 Joas,
3127 3103 3271 3170 regis
3304 3102 3589 3172 Judahre-

1987 3184 2174 3254 gnavit
2208 3184 2501 3242 Jeroboam
2536 3190 2819 3246 (iliusloas
2852 3208 3014 3262 super
3039 3194 3201 3247 Israel
3228 3195 3280 3248 in
3314 3195 3595 3263 Samaria,

1987 3292 2163 3333 annos
2191 3295 2356 3333 unum
2392 3291 2447 3335 et
2472 3284 2860 3355 quadraginta.
2906 3286 2973 3340 Et
3006 3287 3131 3341 fecit
3160 3289 3360 3342 malum
3401 3306 3588 3346 coram

1988 3372 2240 3427 Domino.
2284 3374 2401 3429 Non
2452 3377 2679 3431 recessit
2719 3378 2789 3431 ab
2828 3377 3085 3435 omnibus
3152 3381 3389 3451 peccatis
3432 3380 3589 3437 Jero-

1987 3463 2149 3518 boam
2186 3464 2282 3518 ﬁlii
2308 3465 2515 3529 Nadab,
2555 3467 2646 3536 qui
2698 3483 2926 3539 peccare
2971 3470 3101 3526 fecit
3128 3471 3350 3526 Israel.»
3390 3471 3589 3528 Cernis

1988 3572 2096 3627 quo
2118 3568 2278 3627 pacto
2315 3573 2497 3614 mores
2528 3558 2675 3615 illius
2720 3564 3092 3631 expresserit,
3118 3564 3283 3619 veluti
3311 3566 3355 3620 si
3381 3581 3478 3636 per
3499 3581 3590 3621 or-

1988 3650 2156 3705 bitam
2181 3651 2452 3716 eamdem,
2476 3661 2531 3707 et
2568 3667 2663 3721 per
2683 3654 2911 3724 vestigia
2962 3656 3265 3726 impietatis
3296 3657 3417 3727 ejus
3446 3658 3591 3712 ince-

1988 3742 2161 3799 deret.
2191 3744 2332 3812 Quid
2371 3746 2602 3815 amplius
2644 3761 2801 3801 sacra
2841 3749 3126 3818 Scriptura
3178 3750 3337 3804 dicit?
3369 3768 3389 3801 ‹
3429 3751 3589 3805 Anno

1987 3834 2252 3889 vicesimo
2301 3836 2535 3905 septimo
2589 3836 2885 3894 Jeroboam
2930 3838 3071 3909 regis
3103 3839 3295 3908 Israel,
3336 3840 3599 3910 regnavit.

1989 3925 2212 3980 Azarias
2243 3926 2383 3981 [ilius
2414 3927 2653 3982 Amasia:
2698 3929 2841 3999 regis
2876 3927 3042 3993 Juda,
3100 3944 3273 3984 annos
3315 3939 3475 3985 natus
3501 3945 3597 3986 sea

1989 4019 2192 4075 decim.
2233 4019 2381 4074 Duos
2417 4034 2583 4088 supra
2621 4020 3015 4091 quinquaginta
3066 4023 3387 4090 rcgnavitin
3426 4022 3598 4081 εισι-ιη

1987 4113 2181 4169 salem.
2210 4111 2416 4168 Nomen
2436 4114 2630 4167 matris
2653 4112 2773 4183 ejus
2796 4112 3036 4168 Jecbelia
3064 4116 3131 4169 de
3162 4114 3487 4170 Jerusalem.
3520 4114 3593 4169 EI.

1988 4206 2121 4263 fecit
2147 4208 2293 4278 quod
2329 4215 2542 4262 rectum
2566 4214 2685 4261 erat
2709 4222 2893 4261 coram
2929 4206 3183 4274 Domino,
3216 4206 3374 4274 juxta
3402 4208 3593 4269 orantia.

1988 4315 2111 4371 qua:
2144 4299 2275 4356 fecit
2299 4300 2467 4371 :pater
2502 4298 2643 4377 ejus.
2688 4297 3079 4353 Verumtamen
3119 4299 3334 4355 excelsa
3359 4314 3471 4354 non
3503 4308 3593 4361 est

1989 4394 2315 4449 demolitus:
2336 4392 2516 4447 adhuc
2546 4391 2691 4447 enim
2734 4390 3334 4461 populussacrillcabat
3364 4400 3421 4447 et
3450 4392 3595 4448 σάω.

1989 4486 2135 4541 lebat
2165 4486 2449 4540 incensum
2474 4485 2530 4543 in
2551 4485 2801 4539 excelsis.
2829 4485 2895 4539 Et
2920 4484 3194 4554 percussit
3222 4484 3488 4539 Dominus
3510 4498 3598 4540 res

1991 4592 2112 4645 gem
2146 4585 2201 4631 et
2226 4575 2327 4630 fuit
2350 4575 2600 4644 leprosus
2630 4589 2802 4643 usque
2830 4574 2886 4627 in
2921 4574 3065 4630 diem
3098 4573 3287 4629 mortis
3316 4588 3430 4629 sua:
3460 4572 3528 4628 ¹¹.
3564 4590 3585 4624 ι

1991 4667 2122 4722 Pius
2178 4675 2235 4721 et
2274 4666 2371 4721 Dei
2406 4664 2589 4719 cultor
2641 4664 2745 4723 fuit
2814 4665 2998 4731 Ozias,
3034 4664 3202 4735 7-sed
3236 4678 3365 4723 non.
3398 4679 3593 4734 usque-

1992 4772 2239 4828 quaque.
2261 4776 2280 4809 ι
2323 4755 2447 4811 Non
2480 4756 2632 4817 enim
2669 4756 2964 4818 demolitus
2998 4755 3615 4827 est.excelsa,inquit;g

1993 4851 2087 4906 sed
2118 4848 2502 4905 sacriﬁcabant
2528 4848 2585 4903 in
2625 4848 2752 4913 illis,
2779 4856 2837 4903 et
2869 4848 3209 4905 denionibus
3227 4847 3435 4915 hostias
3456 4848 3596 4911 oﬂ‘ea

1994 4943 2190 4997 rebant
2214 4941 2856 5005 seducti.)-Postmodum
2886 4941 3245 4999 transversim
3262 4948 3427 5001 ,actus
3452 4939 3598 5001 Azaa

1996 5033 2127 5099 pias,
2162 5034 2277 5089 sive
2303 5032 2484 5099 Ozias,
2513 5048 2636 5089 esse
2661 5048 2728 5088 ex
2754 5032 2919 5103 regali
2936 5032 3207 5104 dignitate
3231 5030 3479 5093 censuit.
3497 5045 3594 5086 sa-

1998 5126 2105 5182 cris
2154 5124 2366 5197 legibus
2425 5125 2558 5181 Deo.
2589 5124 2838 5187 instituta
2887 5123 3060 5189 obire,
3115 5132 3173 5186 et
3228 5121 3594 5181 miniaterinm

1996 5234 2212 5275 sacrum
2267 5232 2573 5288 capessere.
2626 5216 2731 5271 Per
2766 5231 2827 5271 se
2860 5230 3082 5285 quoque
3133 5213 3481 5277 sacriﬁcavit,
3524 5212 3596 5265 le-

1995 5327 2117 5383 gem
2148 5326 2180 5365 a
2204 5308 2358 5364 Mose
2394 5309 2557 5365 latam
2607 5308 2885 5380 ignorans.
2926 5306 3103 5362 Simul
3154 5314 3344 5361 autem
3366 5303 3434 5357 ad
3465 5304 3594 5357 fun-

1996 5405 2233 5460 ctionem
2256 5403 2600 5470 sacram,sibi
2628 5404 2946 5474 neutiquam
2968 5399 3381 5457 convenientem
3404 5412 3597 5453 ascen-

1995 5497 2074 5552 dit
2097 5496 2179 5562 “,
2208 5516 2227 5549 ‹
2262 5496 2546 5552 Percussit
2617 5512 2743 5551 eum
2798 5496 3083 5559 Dominus,
3138 5490 3335 5561 inquit,
3374 5500 3431 5544 et
3475 5498 3597 5545 erat

1995 5591 2247 5658 leprosus
2275 5604 2447 5658 usque
2476 5588 2529 5642 in
2563 5587 2706 5642 diem
2753 5585 2947 5640 mortis
2976 5583 3176 5640 sua”.
3217 5602 3235 5633 ι
3270 5583 3595 5637 Immundas

1996 5678 2161 5750 igitur
2196 5680 2494 5736 secundum
2546 5679 2717 5748 legem
2769 5686 2888 5732 erat
2928 5677 3201 5747 leprosus,
3228 5683 3285 5730 et
3328 5673 3589 5743 hujusce-

370 5846 421 5889 “.
448 5846 513 5903 III
544 5847 674 5919 Reg.
705 5866 766 5916 ιι,
801 5848 891 5905 26.
976 5851 1017 5883 ¹¹
1051 5849 1118 5907 IV
1149 5849 1280 5920 Reg.
1335 5865 1445 5919 xxv,
1474 5850 1565 5919 25,
1603 5849 1693 5904 24.
1781 5848 1821 5880 ¹³
1848 5846 1886 5901 I‘

1987 5858 2083 5918 ch.
2140 5864 2229 5918 xv,
2271 5847 2391 5903 1-5.
2473 5846 2516 5880 ιδ
2551 5845 2591 5902 Il
2616 5845 2741 5906 Par.
2771 5846 2863 5915 I5,
2898 5846 2947 5901 I.
3030 5846 3072 5876 ”
3106 5843 3173 5909 ιγ
3211 5843 3344 5917 Reg.
3386 5856 3487 5910 xv,
3518 5838 3576 5899 ὅ.
