4094 6476
469 396 535 450 19
1500 395 1556 450 S.
1595 394 1872 451 CYRiLLI
1915 396 2385 453 ALEXANDRINI
2423 395 2746 453 ARCIIIEP.
3658 405 3730 457 “20

465 516 611 572 modi
640 514 831 570 morbo
861 515 1102 584 impliriu
1149 515 1342 570 castris
1365 515 1746 585 ejiciebantur.
1773 516 1862 572 Sic
1895 522 2020 572 enin

2149 517 2212 568 δι’
2233 516 2446 575 ἑαυτοῦ,
2464 515 2575 569 τῶν
2600 516 2686 568 διὰ
2711 515 2954 579 Μωσέως
2980 515 3250 585 ἀλογήσας
3278 516 3478 586 νόμων.
3511 517 3729 592 Ἐπειδὴ

467 609 608 664 Deus
633 607 700 662 ad
735 622 1012 662 sacrorum
1033 608 1309 662 doctorem
1341 607 1522 662 Mosen
1548 625 1561 660 :
1603 627 1621 659 ι
1652 607 1897 677 Loquere
1922 609 2042 682 [iliis

465 699 650 764 Israel,
704 701 923 768 ejiciant
965 711 1118 754 extra
1158 709 1336 754 castra
1401 714 1616 754 omnem
1664 700 1956 768 leprosum,
1981 710 2035 754 et

462 788 662 842 ﬂumini
690 790 910 844 seminis
945 790 1268 859 patientem;
1303 797 1357 843 et
1379 805 1592 844 onmem
1625 790 1960 844 immundum
1989 791 2040 844 in

465 880 647 933 anima
678 881 742 932 ιθ.
776 900 796 931 ι
841 881 1069 935 Punitus
1086 890 1171 935 est
1200 891 1383 935 autem
1403 882 1613 946 morbo,
1649 897 1814 936 ausus
1835 881 2037 946 illicita,

459 983 516 1028 et
545 989 724 1045 regem
783 975 876 1043 qui
929 991 1136 1030 sacram
1191 975 1508 1044 dignitatem
1565 977 1836 1029 invaserat
1891 977 2040 1046 igno-

461 1065 627 1118 minia
676 1064 822 1119 Deus
851 1065 1252 1118 condemnavit.
1295 1063 1432 1129 Quia
1469 1079 1598 1117 vero
1632 1061 1930 1132 prophetia:
1962 1064 2042 1117 vis

459 1169 572 1208 non
605 1155 671 1208 ad
702 1155 876 1210 solum
905 1154 1121 1219 Judam,
1150 1155 1251 1209 hoc
1268 1164 1370 1221 est,
1435 1155 1527 1224 qui
1552 1155 1855 1208 incolebant
1887 1152 2040 1208 .lero-

457 1245 740 1317 solymam,
791 1249 885 1302 sed
925 1247 1086 1302 etiam
1123 1248 1189 1302 ad
1231 1247 1392 1301 Israel
1429 1247 1684 1315 pertinet,
1731 1248 1946 1309 hoeest,
1973 1247 2036 1300 ad

457 1339 644 1395 decem
670 1342 844 1396 tribus
866 1342 919 1394 in
959 1339 1227 1403 Samaria,
1246 1340 1488 1393 dicamus
1517 1347 1730 1407 oportet
1752 1339 1819 1393 de
1849 1339 1912 1393 iis
1947 1339 2036 1406 qui

459 1447 626 1501 regno
655 1433 852 1486 ibidem
895 1431 1253 1502 praefuerunt,
1289 1432 1622 1499 temporibus
1669 1432 1897 1495 Az:rri;v,
1943 1433 2036 1501 qui

455 1531 508 1576 et
532 1521 709 1586 Ozias,
743 1535 796 1579 et
827 1525 1021 1594 quibus
1051 1540 1144 1580 eos
1181 1524 1579 1579 calamitatibus
1623 1525 1853 1595 opprimi
1910 1541 2039 1578 con-

455 1615 786 1685 tigerit,cum
810 1616 1047 1685 profanae
1066 1616 1384 1671 idololatria:
1408 1617 1551 1670 velut
1576 1616 1824 1670 insolenti
1850 1617 2037 1670 morbo

454 1705 721 1760 debilitati
779 1716 980 1760 essent.
1039 1705 1156 1760 Jam
1221 1708 1387 1774 igitur
1426 1707 1742 1761 vicesimum
1783 1715 2034 1762 Ol‘tilVUIH

454 1812 656 1851 annum
703 1807 964 1865 regnante
999 1797 1152 1862 Ozia,
1215 1814 1311 1853 seu
1355 1799 1570 1862 Azaria,
1637 1798 1773 1852 alius
1812 1798 2034 1852 Azarias

455 1884 596 1940 filius
642 1884 926 1941 Jeroboam
982 1885 1196 1941 Israelis
1245 1903 1469 1957 regnum
1511 1889 1687 1942 tenuit
1753 1887 2032 1941 mensibus

454 1991 573 2032 sex.
604 1975 703 2042 Qui
738 1987 1022 2047 postquam
1061 1987 1118 2032 et
1145 1979 1259 2048 ipse
1289 1979 1342 2032 iu
1385 1979 1468 2032 via
1504 1979 1677 2048 patris
1741 1980 1822 2032 sui
1852 1981 2034 2033 ambu-

449 2065 604 2134 lavit,
661 2069 900 2138 fecitque
952 2068 1149 2123 malum
1194 2084 1377 2124 coram
1422 2069 1671 2132 Domino,
1711 2070 2030 2140 quibusdam

452 2157 765 2214 domesticis
819 2159 934 2214 suis
983 2160 1216 2214 traditus
1263 2169 1349 2214 est
1386 2159 1741 2230 jugulaudus,
1773 2170 1827 2214 et
1855 2160 2028 2230 periit.

450 2248 784 2306 Procedente
814 2251 1156 2321 postmodum
1186 2260 1448 2321 tempore,
1495 2267 1638 2304 anno
1683 2253 1957 2306 tricesimo
1976 2259 2031 2306 et

450 2349 643 2398 octavo
668 2344 816 2413 regni
859 2342 1025 2410 Ozire,
1059 2358 1246 2398 rursus
1269 2343 1489 2412 ungitur
1513 2359 1674 2413 super
1714 2344 1873 2398 Israel
1923 2343 2034 2398 Sel-

449 2436 584 2500 lum,
631 2442 687 2489 et
708 2444 894 2506 regnat
924 2449 1108 2490 meuse
1139 2447 1268 2499 uno,
1303 2449 1533 2503 moxque
1584 2451 1612 2487 a
1662 2433 1892 2488 Manaim
1921 2435 2030 2490 lilio

447 2526 595 2583 Gaze
623 2527 690 2580 de
711 2526 912 2581 'I'hersa
952 2526 1300 2580 interimitur.
1332 2523 1804 2594 Signiﬁcatautem
1845 2525 2026 2579 divina

450 2615 730 2685 Scriptura
761 2619 950 2671 ambos
1001 2616 1170 2670 fuisse
1199 2616 1264 2670 de
1296 2616 1559 2686 sanguine
1597 2613 1757 2677 Jebu,
1803 2627 1858 2669 et
1888 2617 2029 2672 tilios

448 2708 567 2779 ejus
605 2709 695 2778 qui
725 2708 925 2763 occidit
957 2708 1166 2772 Achab,
1207 2716 1263 2761 et
1288 2707 1490 2760 liberos
1519 2705 1658 2774 ejus,
1690 2717 1744 2761 et
1771 2706 1983 2763 Iezabel
2009 2725 2024 2771 ;

447 2801 533 2857 cui
567 2801 731 2857 etiam
763 2799 1011 2868 promisit
1043 2795 1214 2854 Deus:
1247 2817 1265 2851 ι
1295 2799 1415 2854 Filii
1452 2800 1528 2853 tui
1561 2814 1732 2869 usque
1767 2800 1832 2852 ad
1865 2815 2027 2865 quar-

449 2902 558 2946 tam
578 2891 983 2958 generationem
1002 2891 1438 2959 sedebuntsuper
1461 2890 1710 2944 thronum
1731 2898 1882 2943 tuum
1909 2891 1970 2943 ¹⁷.
2001 2910 2019 2941 ι

450 2985 709 3056 Regnavit
729 2986 890 3055 igitur
924 2983 1156 3038 Manaim
1186 2998 1348 3053 super
1376 2982 1542 3037 Israel
1582 2998 1704 3036 cum
1731 2983 2024 3037 occidisset

447 3077 673 3141 Sellum,
705 3094 724 3128 ι
757 3075 822 3130 Et
841 3075 968 3130 fecit
998 3074 1222 3139 malum,
1247 3073 1440 3142 inquit,
1534 3073 1586 3126 in
1603 3073 1773 3126 oculis
1791 3071 2022 3126 Domini.

2145 608 2203 660 δὲ
2255 607 2597 677 ἀναϐέϐηκεν
2645 609 2723 670 εἰς
2768 606 2865 676 τὴν
2898 607 3193 676 οὐδαμόθεν
3228 607 3376 677 αὑτῷ
3409 607 3728 679 πρέπουσαν

2142 700 2501 770 λειτουργίαν,
2537 700 2682 770 φημὶ
2711 699 2796 769 δὴ,
2854 699 2952 768 τὴν
2993 699 3163 769 ἱεράν,
3216 720 3234 750 ι
3291 699 3526 768 Ἥψατο,
3570 703 3725 773 φησι,

2143 790 2346 858 Κύριος
2388 791 2586 851 αὑτοῦ,
2640 790 2735 843 xui
2783 785 2851 860 ἦν
2903 790 3316 861 λελεπριιιμένος
3362 792 3467 854 ἓως
3516 795 3725 864 ἡμέρας

2143 882 2375 935 Θανάτου
2411 882 2600 935 αὑτοῦ.
2641 901 2659 932 ι
2711 880 3046 951 Ἀκάθαρτος
3088 883 3185 951 μὲν
3229 879 3322 935 οὖν
3351 884 3494 936 κατὰ
3527 885 3726 955 νόμους

2141 976 2170 1026 6
2227 974 2446 1045 λεπρὸς,
2487 975 2580 1026 καὶ
2612 974 3006 1044 ἁπεπέμποντο
3051 975 3150 1040 τῆς
3184 975 3531 1045 παρεμϐολῆς
3559 979 3607 1028 oi
3646 977 3726 1046 τῷ

2140 1063 2326 1133 meas
2381 1064 2539 1117 πάθει
2575 1063 3020 1134 κατειλημμένοι.
3063 1065 3208 1135 ¹Ἐφη
3259 1064 3367 1135 γάρ
3417 1083 3545 1118 ποτε
3594 1066 3726 1131 Θεὸς

2142 1155 2280 1226 πρὸς
2316 1156 2406 1209 τὸν
2445 1156 2766 1226 ἱεροφάντην
2815 1155 3049 1209 Μωσέα·
3095 1173 3112 1204 ι
3150 1156 3396 1225 Λάλησον
3443 1159 3555 1219 τοῖς
3587 1159 3725 1222 υἱοῖς

2154 1246 2388 1317 Ἰσραὴλ,
2421 1247 2516 1299 xui
2560 1245 3102 1312 ὲξαποστειλάτωσαν
3136 1248 3200 1298 ἐκ
3235 1245 3334 1317 τῆς
3371 1248 3725 1318 παρεμϐολῆς

2141 1337 2318 1390 πάντα
2374 1337 2574 1407 λεπρὸν
2605 1337 2699 1389 xui
2734 1336 3018 1407 γονορροῆ,
3055 1335 3149 1388 xui
3190 1337 3368 1390 πάντα
3413 1336 3724 1406 ἀκάθαρτον

2139 1430 2231 1481 ἐπὶ
2257 1431 2424 1499 ψυχῇ.
2471 1447 2488 1477 ι
2539 1428 2868 1494 Ἐπετιμᾶτο
2898 1426 2954 1479 δὲ
2991 1429 3057 1497 τῇ
3097 1427 3256 1496 νόσῳ,
3304 1427 3656 1500 τετολμηκὼς
3685 1427 3722 1482 ἃ

2141 1519 2215 1587 μὴ
2250 1518 2427 1588 θέμις,
2461 1519 2556 1570 xui
2605 1517 2828 1587 ἀτιμίαν
2877 1516 2968 1568 τοῦ
3006 1516 3271 1585 βασιλέως
3314 1518 3725 1592 κατεψηφίσατο

2137 1609 2290 1673 Θεὸς,
2327 1607 2426 1678 τὴν
2474 1606 2623 1679 ἱερὰν
2661 1607 3008 1678 ἁρπάσαντος
3037 1607 3213 1674 δόξαν.
3269 1608 3483 1680 Ἐπειδὴ
3529 1610 3586 1662 δὲ
3625 1611 3722 1680 τῆς

2139 1699 2476 1769 προφητείας
2505 1699 2537 1768 η
2565 1697 2793 1767 δύναμις
2822 1698 2921 1750 οὐκ
2947 1699 3026 1760 εἰς
3058 1700 3215 1769 μόνον
3247 1699 3431 1768 βλέπει
3462 1701 3552 1753 τὸν
3588 1701 3721 1756 Ἰού·

2136 1788 2251 1853 δαν,
2274 1789 2542 1852 τουτέστι,
2571 1789 2696 1851 τοὺς
2727 1789 2785 1841 ἐν
2816 1791 2930 1852 τοῖς
2971 1789 3236 1860 Ἱεροσολύ
3247 1809 3388 1860 μοις,
3419 1791 3637 1863 ἔρχεται
3664 1791 3722 1846 δὲ

2135 1881 2228 1935 xui
2269 1882 2359 1933 ἐπὶ
2395 1879 2486 1933 τὸν
2529 1879 2768 1950 Ἰσραὴλ,
2794 1880 3058 1945 τουτέστι,
3119 1881 3220 1945 τὰς
3249 1882 3382 1936 δέκα
3423 1884 3593 1952 φυλὰς
3622 1885 3723 1948 τὰς

2133 1975 2192 2026 ὲν
2221 1975 2285 2043 τῇ
2333 1972 2635 2043 Σαμαρείᾳ·
2672 1973 2805 2044 φέρε
2853 1973 3122 2052 λέγωμενκ
3135 1975 3449 2040 ἀναγκαίως
3478 1977 3602 2039 τοὺς
3631 1974 3720 2029 ἐπ’

2133 2067 2293 2120 αὐτὸν
2338 2065 2786 2136 βεϐασιλευκότας
2818 2067 2874 2118 ἐν
2906 2066 3144 2136 ἡμέραις
3189 2067 3462 2138 Ἀζαρίου,
3493 2067 3588 2121 τοῦ
3624 2066 3722 2121 xui

2145 2159 2342 2222 Ὀζίου,
2397 2159 2490 2210 xui
2524 2157 2704 2220 ποίαις
2728 2157 2923 2220 αὐτοὺς
2944 2162 3247 2230 συμφοραῖς
3270 2159 3612 2230 συμϐέϐηκεν
3643 2161 3726 2212 ὲν-

2133 2249 2353 2314 αλῶναι,
2377 2250 2908 2322 κατηρῤωστηκότας
2935 2250 3180 2313 ἐκτόπως
3200 2252 3298 2322 τὴν
3324 2251 3548 2322 βέϐηλον
3568 2253 3722 2304 εἰδω-

2131 2346 2437 2417 λολατρίαν.
2467 2343 2603 2413 Ἤδη
2627 2343 2806 2397 τοίνυν
2835 2343 3078 2396 εἰκοστὸν
3105 2343 3202 2395 xui
3221 2342 3404 2409 ὄγδοον
3421 2341 3538 2405 ἔτος
3553 2344 3611 2395 ἐν
3642 2341 3721 2413 τῷ

2134 2436 2440 2508 βασιλεύειν
2484 2436 2700 2506 ἔχοντος
2740 2433 2940 2498 ὐζίου,
2968 2433 3063 2486 τοῦ
3109 2434 3203 2486 xui
3242 2432 3515 2504 Ἀζαρίου,
3555 2433 3716 2496 Ἀξασ

2132 2534 2255 2605 ρίας
2303 2534 2508 2605 ἕτερος,
2557 2533 2652 2586 τοῦ
2707 2532 3013 2604 Ἱεροϐοάμ,
3062 2529 3446 2601 βεϐασίλευκεν
3487 2525 3582 2578 ἐπὶ
3626 2523 3718 2576 τὸν

2141 2624 2356 2696 Ἰσραὴλ
2388 2626 2561 2695 μῆνας
2590 2625 2672 2688 ἓξ.
2719 2624 2939 2694 Ἐπειδὴ
2972 2623 3065 2676 xui
3098 2621 3260 2684 αὐτὸς
3292 2621 3350 2672 ὲν
3395 2616 3498 2687 ὀδῷ
3544 2615 3718 2668 πεπό-

2129 2733 2319 2786 ρευται
2345 2715 2440 2769 τοῦ
2466 2717 2694 2786 πατρὸς,
2719 2715 2814 2769 xui
2833 2715 3058 2785 ἐποίησε
3089 2712 3148 2766 τὸ
3176 2710 3410 2781 πονηρὸν
3438 2709 3496 2761 ὲν
3524 2705 3718 2774 ὀφθαλ-

2131 2809 2252 2878 μοῖς
2281 2808 2509 2876 Κυρίου,
2541 2805 2749 2860 δέδοταί
2797 2822 2907 2858 τισι
2941 2805 3050 2857 τῶν
3092 2803 3308 2857 οἰκείων
3350 2801 3433 2862 είς
3477 2797 3716 2868 σφαγὴν,

2127 2898 2223 2950 καὶ
2251 2896 2317 2968 δὴ
2342 2897 2635 2950 διόλλυται.
2666 2896 2956 2967 Προϊόντος
2983 2894 3040 2947 δὲ
3069 2889 3162 2947 τοῦ
3198 2891 3390 2963 καιροῦ
3420 2890 3625 2952 λοιπὸν,
3657 2890 3716 2942 ἐν

2127 2989 2238 3042 ἔτει
2267 2988 2576 3060 τριακοστῷ
2603 2988 2700 3041 xui
2730 2987 2902 3057 ὀγδόῳ
2939 2985 3218 3056 βασιλείας
3269 2983 3466 3048 Ὀζίου,
3503 2981 3715 3052 χρίεται

2125 3081 2289 3134 πάλιν
2336 3081 2429 3133 ἐπὶ
2478 3081 2568 3134 τὸν
2631 3079 2901 3152 Ἰσραὴλό
2935 3077 3181 3149 Σελούμο
3233 3077 3328 3130 xui
3361 3074 3714 3146 βεϐασίλευκε

443 3169 563 3225 Νοη
611 3168 836 3224 recessit
882 3168 947 3222 ab
975 3167 1226 3223 omnibus
1288 3165 1529 3236 peccatis
1583 3164 1872 3221 Jeroboam
1924 3165 2018 3219 lilii

2128 3173 2296 3243 μηνὸς
2340 3173 2580 3244 ἡμέρας.
2639 3172 2933 3243 Ἀνῄρηται
2977 3170 3087 3241 γὰρ
3132 3168 3294 3233 εὐθὺς
3345 3168 3448 3221 ὑπὸ
3483 3165 3715 3237 Μαναῒμ

445 3261 653 3324 Nadab,
703 3259 792 3327 qui
833 3272 1060 3329 peccare
1089 3256 1218 3312 fecit
1250 3255 1414 3310 Israel
1448 3255 1511 3308 ¹⁸.
1547 3274 1566 3308 ›
1601 3256 1879 3326 Regnante
1917 3271 2017 3308 au-

443 3365 552 3411 tem
570 3351 821 3417 Manaim,
837 3364 902 3406 ac
926 3350 1088 3402 Demn
1101 3348 1160 3418 8
1177 3345 1485 3403 oiI‘endenIe
1505 3347 1648 3415 quod
1671 3347 2018 3400 vehementer

441 3445 701 3501 falsorum
719 3443 938 3498 deorum
961 3439 1160 3494 cultum
1181 3449 1499 3502 sectaretur,
1517 3437 1652 3493 Phul
1667 3436 2015 3507 Assyriorum

443 3551 538 3591 rex
569 3551 692 3589 cum
722 3532 918 3588 infesto
967 3530 1210 3586 exercitu
1247 3529 1526 3600 ingressus
1563 3539 1649 3586 est
1685 3527 2012 3583 Samariam.

439 3628 540 3685 Cui
567 3643 686 3683 eum
716 3625 974 3681 resistere
1005 3622 1234 3677 Manaini
1260 3637 1367 3678 non
1402 3631 1608 3690 posset,
1647 3621 1835 3692 grandi
1855 3635 2017 3689 pecu-

441 3724 529 3778 nia
560 3728 840 3776 numerata
873 3731 1144 3772 recessum
1184 3724 1238 3770 et
1271 3730 1458 3785 pacem
1485 3713 1770 3783 persuasit.
1801 3711 2014 3768 Mortuo

439 3811 671 3867 Manaim
706 3823 850 3863 anno
907 3807 1078 3862 altero
1115 3816 1167 3861 et
1207 3805 1656 3877 quinquagesimo
1697 3803 1862 3871 Ozias,
1895 3814 2017 3875 post

438 3914 722 3957 excessum
751 3896 919 3966 patris
952 3895 1174 3965 ungitur
1199 3897 1252 3950 in
1287 3909 1467 3964 regem
1498 3893 1855 3965 .Ierosolymis
1887 3895 2016 3951 Joa-

439 3993 611 4054 tbam,
634 3989 822 4057 dequo
837 3987 1093 4056 scriptum
1119 3985 1568 4057 legimuschecit
1590 3988 1731 4058 quod
1759 3989 2012 4057 placitum

437 4088 558 4139 erat
584 4093 769 4134 coram
816 4077 1067 4143 Domino,
1109 4076 1406 4132 secundum
1450 4078 1631 4132 omnia
1662 4093 1784 4146 quae
1815 4079 2016 4134 fecerat

435 4180 590 4242 pater
609 4170 744 4238 ejus.
779 4167 1159 4224 Verumtamen
1177 4166 1391 4222 excelsa
1413 4183 1518 4223 non
1551 4168 1775 4223 abstulit
1799 4187 1813 4222 :
1839 4170 2016 4224 adhuc

436 4262 666 4334 populus
721 4259 1062 4327 immolabat,
1091 4267 1148 4313 et
1200 4257 1449 4312 adolebat
1506 4259 1785 4314 incensum
1817 4262 1873 4314 in
1915 4274 2013 4314 ex-

435 4355 600 4410 celsis
633 4353 699 4404 “.
739 4369 760 4403 ›
797 4351 972 4421 Super
1006 4348 1170 4404 Israel
1200 4359 1379 4404 autem
1402 4357 1596 4404 unctus
1617 4359 1701 4404 est
1724 4350 2010 4417 Phaceias,

437 4445 579 4500 [ilius
646 4441 902 4497 Mattaim.
945 4459 965 4493 ι
1007 4440 1272 4510 Regnavit
1314 4448 1521 4505 autem,
1578 4439 1776 4508 inquit,
1839 4456 2012 4496 annos

2127 3265 2244 3319 υἱοῦ
2294 3263 2444 3334 Γαζῆ
2503 3261 2598 3318 τοῦ
2665 3266 2733 3318 ἐκ
2786 3263 3006 3334 Θερσίν.
3076 3262 3490 3332 Ἐπεσημήνατο
3539 3260 3599 3314 δὲ
3651 3259 3715 3314 τὸ

2125 3357 2364 3427 Γράμμα
2389 3357 2450 3410 τὸ
2487 3356 2650 3428 ἱερὸν,
2684 3357 2768 3410 ὅτι
2801 3355 3090 3425 γεγόνασιν
3130 3355 3256 3419 υἱοὶ,
3309 3353 3405 3406 xui
3444 3351 3504 3416 ἐξ
3545 3352 3716 3423 αἵμα-

2123 3444 2366 3519 τοςὴσαν
2393 3445 3039 3520 ἀμφότεροιτοῦ’1ηοὺ,ὂς
3055 3446 3342 3500 ἀπέκτεινε
3365 3444 3454 3498 τὸν
3481 3439 3712 3514 ’Δχαὰ6,

2124 3539 2220 3592 xui
2257 3540 2383 3601 τοὺς
2424 3538 2572 3602 υἱοὺς
2601 3536 2790 3604 αὐτοῦ,
2822 3537 2918 3591 xui
2939 3537 3041 3607 τὴν
3087 3533 3344 3599 Ἰεζάϐελ,
3377 3525 3423 3602 ᾧ
3479 3535 3577 3588 xui
3607 3534 3711 3587 ὑπ-

2123 3634 2312 3703 έσχετο
2355 3632 2385 3685 ὀ
2429 3631 2582 3696 Θεὸς,
2624 3630 2830 3698 λέγων·
2861 3647 2882 3680 ι
2917 3629 3034 3683 Υἱοὶ
3080 3628 3333 3699 τέταρτοι
3378 3625 3712 3697 καθήσονται

2124 3725 2216 3778 ἐπὶ
2238 3724 2332 3778 τοῦ
2363 3723 2576 3795 θρόνου.
2614 3741 2632 3772 r
2671 3721 3038 3776 Βεϐασίλευκε
3083 3721 3264 3774 τοίνυν
3307 3721 3334 3772 6
3361 3717 3591 3788 Μανὰἲμ
3615 3717 3714 3773 ἐπὶ

2121 3816 2212 3870 τὸν
2248 3815 2484 3887 Ἰσραὴλ,
2514 3813 2826 3876 ἀπεκτονὼς
2851 3812 2942 3866 τὸν
2971 3812 3202 3880 Σελοὺμ,
3237 3829 3256 3862 ι
3285 3810 3395 3864 Καὶ
3426 3809 3703 3878 ἐποίησε.)

2122 3903 2278 3976 φησὶ,
2306 3923 2326 3955 ι
2358 3903 2419 3954 τὸ
2444 3902 2680 3973 πονηρὸν
2705 3902 2764 3954 ὲν
2785 3900 3085 3970 ὀφθαλμοῖς
3107 3899 3335 3967 Κυρίου.
3359 3899 3474 3952 Οὐκ
3497 3898 3707 3969 ἀπέστη

2121 3993 2230 4047 ἀπὸ
2271 3991 2462 4046 πασῶν
2508 3991 2794 4062 ἁμαρτιῶν
2859 3989 3142 4062 Ἰεροϐοὰμ
3203 3990 3320 4043 υἱοῦ
3380 3988 3603 4053 Ναϐὰτ,
3647 3989 3710 4053 ὃς

2121 4085 2398 4156 ἐξήμαρτε
2444 4083 2537 4136 τὸν
2593 4082 2828 4154 Ἰσραήλ.
2888 4102 2906 4135 ι
2965 4081 3347 4146 Βασιλεύοντος
3403 4082 3460 4135 δὲ
3514 4083 3704 4150 αὑτοῦ,

2121 4175 2265 4246 φημὶ
2295 4174 2380 4242 δὴ,
2420 4173 2516 4227 τοῦ
2550 4173 2799 4244 Μαναῒμ,
2830 4175 2926 4226 xui
2968 4173 3088 4244 Θεῷ
3134 4173 3586 4245 προσκρούοντος,
3617 4176 3708 4230 διὰ

2119 4267 2180 4320 τὸ
2193 4264 2552 4338 προσκεῖσθαι
2578 4265 2696 4318 λίαν
2721 4269 2841 4331 ταῖς
2863 4266 2974 4320 τῶν
2997 4265 3230 4320 εἰδώλων
3244 4266 3704 4338 ψευδολατρείαις,

2121 4357 2620 4429 καταστρατεύεται
2683 4359 2784 4429 τῆς
2862 4358 3177 4430 Σαμαρείας
3241 4360 3384 4412 (bona:
3450 4359 3704 4429 βασιλεὺς

2134 4445 2469 4523 Ἀσσυρίων.’
2495 4452 2592 4504 Ὃν
2629 4450 2944 4522 ἀμύνασθαι
2975 4455 3088 4515 τοῖς
3117 4450 3304 4514 ὅπλοις
3349 4451 3449 4505 οὐκ
3495 4450 3635 4520 ἔχων
3677 4451 3705 4502 6

434 4540 591 4600 duos,
613 4544 668 4590 et
691 4533 818 4590 fecit
850 4533 1050 4588 malum
1099 4546 1283 4587 coram
1323 4531 1572 4596 Domino,
1597 4532 2010 4602 conjuravitque

2128 4539 2363 4610 Μαναῒμ,
2413 4539 2629 4602 πολλοῖς
2674 4541 2960 4594 ἀναπείθει
3010 4542 3292 4611 χρήμασιν
3335 4541 3703 4610 ἀποφοιτῆσαι

435 4628 690 4682 adversus
718 4641 839 4680 eum
899 4623 1113 4679 Phaeee
1148 4625 1292 4680 lilius
1342 4624 1598 4680 [tumelias
1648 4626 1754 4680 dux
1787 4625 1924 4691 eius,
1955 4636 2014 4680 et

432 4719 700 4789 percussit
737 4733 858 4773 eum
881 4718 935 4773 in
959 4717 1302 4784 Samaria,et
1343 4717 1589 4786 regnavit
1626 4732 1725 4786 pro
1753 4732 1822 4772 eo
1848 4732 2014 4786 super

434 4812 617 4867 Israel.
634 4811 702 4865 Et
732 4811 861 4867 fecit
884 4811 1082 4865 malum
1099 4823 1284 4865 coram
1303 4809 1552 4874 Domino,
1573 4819 1626 4863 et
1657 4824 1760 4864 non
1788 4811 2009 4865 recessit

430 4919 462 4957 a
488 4903 724 4973 peccatis
755 4902 1043 4958 Jeroboam
1094 4902 1187 4955 lilii
1225 4899 1418 4965 Nabal,
1475 4901 1567 4970 q-ui
1620 4915 1846 4969 peccare
1881 4901 2010 4956 fecit

430 4993 598 5051 Israel
635 4995 738 5049 “.r
775 4995 890 5049 Sub
938 4993 1041 5048 hoc
1084 5007 1214 5062 rege
1246 4993 1489 5048 ascendit
1523 4991 2010 5063 Thcglatphalasar

432 5099 528 5140 rex
557 5084 929 5156 Assyriorum,
957 5091 1033 5148 et,
1069 5084 1119 5136 vi
1166 5093 1428 5153 occupata
1462 5084 1712 5138 universa
1740 5083 2006 5152 Samaria,

429 5171 685 5227 lsraelem
721 5171 995 5226 transtulit
1025 5173 1078 5226 in
1127 5173 1400 5244 Assyrios.
1436 5173 1678 5228 Mortuus
1710 5184 1796 5230 est
1827 5185 2006 5232 autem

437 5269 486 5314 et
514 5259 725 5314 Phaceo
769 5273 867 5330 per
911 5260 1136 5317 insidias
1160 5261 1334 5328 Oseua,
1362 5263 1454 5318 lilii
1485 5263 1712 5334 Ela,qui
1741 5274 1795 5320 et
1820 5279 2010 5336 regna-

435 5350 507 5404 rit
528 5366 624 5420 pro
649 5365 715 5404 eo
746 5366 889 5405 anno
917 5351 1174 5407 vicesimo
1225 5351 1474 5408 Joatham
1517 5353 1608 5408 lilii
1653 5355 1913 5410 Azarilea
1954 5357 2008 5410 In

434 5441 620 5495 diebus
649 5440 774 5504 illis,
799 5440 996 5512 inquit,
1023 5444 1190 5515 cmpit
1215 5444 1478 5501 Dominus
1506 5447 1720 5502 mittere
1742 5447 1793 5501 in
1817 5445 2008 5503 Iudam

432 5527 596 5585 Basia
620 5543 798 5601 regem
837 5531 1030 5605 Syrize,
1067 5545 1122 5590 et
1145 5535 1358 5593 Phacee
1401 5537 1567 5591 tilium
1602 5535 1856 5593 Romeliaa
1883 5541 1950 5591 “.
1985 5558 2005 5592 ι

431 5618 553 5689 Quo
584 5621 706 5680 loco
755 5639 934 5681 sermo
964 5636 1261 5684 retrorsum
1323 5629 1482 5684 redit.
1551 5629 1802 5686 Diximus
1863 5630 2008 5686 enim

2117 4632 2217 4703 τῆς
2255 4633 2376 4701 γῆς,
2408 4631 2501 4684 xui
2547 4630 2706 4684 λῦσαι
2731 4630 2832 4702 τὴν
2873 4632 3076 4701 μάχην.
3123 4631 3339 4702 Ἐπειδὴ
3377 4632 3434 4684 δὲ
3463 4631 3706 4684 τετελεύ-

2115 4739 2283 4793 τηκεν
2313 4723 2343 4775 ὀ
2386 4723 2616 4793 Μαναῖμ
2647 4725 2706 4776 ὲν
2731 4723 2841 4777 ἔτει
2871 4723 3058 4776 λοιπὸν
3085 4723 3436 4795 πεντηκοστῷ
3463 4725 3557 4777 καὶ
3589 4725 3702 4778 δευ-

2114 4813 2258 4885 τέρῳ
2308 4816 2408 4883 τῆς
2453 4810 2730 4882 βασιλείας
2763 4812 2960 4878 Ὀξίου,
3004 4813 3219 4884 χρίεται
3259 4813 3422 4867 πάλιν
3460 4815 3554 4866 ἐπὶ
3601 4816 3700 4884 μὲν

2114 4904 2205 4957 τὸν
2247 4905 2474 4971 Ἰούδαν,
2503 4903 2598 4958 xui
2626 4905 2684 4958 ὲν
2719 4904 3112 4976 Ἰεροσολύμοις
3150 4905 3388 4976 ’ῐωάθαμ
3434 4906 3572 4976 μετὰ
3601 4908 3702 4978 τὴν

2113 4996 2208 5050 τοῦ
2258 4996 2464 5066 πατρὸς
2516 4994 2809 5067 τελευτὴν,
2865 4995 2995 5067 περὶ
3052 4987 3115 5049 οὗ
3180 4997 3528 5070 γέγραπται,
3617 4999 3700 5052 ὅτι

2120 5108 2140 5141 ι
2208 5090 2461 5160 Ἐποίησε
2503 5089 2564 5142 τὸ
2599 5089 2754 5154 suos;
2816 5091 2874 5143 ὲν
2921 5089 3224 5160 ὀφθαλμοῖς
3282 5092 3512 5162 Κυρίου,
3557 5091 3699 5145 κατὰ

2115 5181 2294 5235 πάντα
2327 5181 2430 5234 ὅσα
2473 5181 2728 5252 ἐποίησεν
2773 5182 2955 5247 Ὀζίας
2999 5183 3028 5234 6
3078 5183 3261 5254 πατὴρ
3289 5182 3475 5238 αὐτοῦ.
3543 5182 3692 5254 Πλὴν

2109 5273 2179 5326 τὰ
2211 5271 2392 5344 ὑψηλά
2423 5273 2525 5326 οὐκ
2552 5272 2766 5344 ἐξῆρεν·
2797 5272 2878 5327 ἔτι
2908 5275 2936 5326 ὁ
2959 5273 3085 5336 λαὸς
3113 5273 3389 5338 ὲθυσίαζε,
3431 5275 3528 5329 καὶ
3570 5275 3697 5329 ὲθυ-

2115 5364 2214 5436 μία
2257 5367 2315 5418 ἐν
2354 5369 2467 5430 τοῖς
2493 5366 2739 5437 ὑψηλοῖς.
2780 5387 2798 5420 r
2855 5368 2980 5422 Ἐπὶ
3017 5367 3076 5420 δέ
3104 5385 3169 5436 γε
3197 5367 3290 5421 τὸν
3332 5369 3550 5439 Ἰσραὴλ
3589 5371 3698 5424 Φα-

2112 5455 2244 5520 κέας
2266 5456 2380 5520 υἱὸς
2404 5457 2498 5510 τοῦ
2534 5457 2784 5528 Μαναῒμ,
2825 5473 2846 5508 ί
2886 5457 3248 5511 Βεϐασίλευκε
3279 5457 3357 5521 δὲ,
3390 5458 3576 5529 φησὶν,
3599 5458 3694 5532 ἐτη

2109 5545 2225 5611 δύο,
2257 5548 2352 5601 xui
2390 5547 2614 5618 ἐποίησε
2663 5548 2724 5602 τὸ
2755 5549 2990 5620 πονηρὸν
3028 5551 3088 5603 ὲν
3115 5548 3416 5620 ὀφθαλμοῖς
3460 5551 3688 5621 Κυρίου.

2109 5630 2246 5690 Εἶτα
2277 5637 2643 5710 συνεστράφη,
2688 5637 2846 5710 φησὶ,
2878 5638 2969 5691 ἐπ’
2996 5637 3160 5693 αὑτδν
3219 5638 3414 5704 Φακεὲ,
3459 5639 3576 5704 υίὸς
3600 5638 3693 5693 τοῦ

506 5803 728 5862 “Num.
769 5823 824 5876 v,
860 5807 915 5863 2.
994 5807 1034 5840 ¹⁷
1060 5806 1124 5862 ιν
1154 5805 1286 5877 Reg.
1321 5823 1410 5880 xv,
1441 5807 1526 5862 tit.
1609 5809 1651 5842 ⁸⁸
1690 5807 1758 5863 IV
1793 5807 1926 5881 Reg.
1957 5825 2022 5865 xv

2128 5810 2233 5867 1-8.
2319 5813 2358 5846 ”
2387 5812 2513 5870 ibid.
2545 5813 2738 5870 52-35.
2814 5815 2860 5849 ὀ
2892 5813 3023 5873 ibid.
3059 5811 3246 5870 25-26.
3306 5815 3351 5849 "
3388 5815 3519 5873 ibid.
3559 5817 3650 5874 ὅτ.
