4094 6468
294 339 355 396 SI
1208 338 1765 397 COMMENTARIUS
1798 338 1867 395 IN
1906 338 2141 396 OSEAM
2183 339 2627 397 PROPHETAM.
3506 338 3579 394 952

303 453 600 523 Ῥομελίου,
640 452 668 505 6
698 453 995 524 τριστάτης
1023 453 1212 511 αὐτοῦ.
1245 457 1357 510 Καὶ
1396 459 1667 525 ἐπάταξεν
1714 457 1877 516 αὑτὸν

1993 466 2258 513 mortuum
2317 457 2550 525 Phacee,
2594 456 2738 513 Ozea
2784 458 2893 513 ﬁlio
2948 457 3103 512 Elam
3148 460 3576 528 coniurationem

292 548 347 599 ὲν
382 544 686 616 Σαμαρείᾳ,
737 546 837 598 καὶ
870 543 1256 615 βεϐασίλευκεν
1301 548 1417 602 ἀντ’
1446 548 1612 603 αὐτοῦ
1652 548 1748 603 ἐπὶ
1790 549 1882 602 τὸν

306 636 535 707 Ἰσραὴλ,
576 637 667 689 καὶ
696 635 927 708 εποίησε
961 637 1023 689 τὸ
1063 638 1299 710 πονηρὸν
1342 640 1402 694 ὲν
1431 640 1731 712 ὀφθαλμοῖς
1771 642 1885 694 Κυ-

294 728 423 802 ρίου,
472 728 568 781 καὶ
595 728 696 781 οὐκ
738 729 956 801 ἀπέστη
996 729 1105 783 ἀπὸ
1139 731 1251 785 τῶν
1277 732 1563 806 ἁμαρτιῶν
1601 733 1885 806 ἰεροϐοάμ

291 820 401 875 υίοῦ
446 820 674 885 Ναϐἀτ,
720 821 781 885 ὃς
840 822 1117 894 ἐξήμαρτε
1176 825 1270 880 τὸν
1339 826 1578 899 Ἰσραήλ.
1639 847 1658 881 ι
1708 825 1903 891 Aiaces?

292 913 662 984 βασιλεύοντος
702 914 874 984 ἀνέϐη
920 915 1357 991 Θεγλαϐαλασὰρ
1387 918 1643 989 βασιλεὺς
1689 905 1926 972 Ἀσσυ--ν

292 1004 432 1076 ρίων,
466 1003 527 1067 ὃς
564 1005 748 1058 πᾶσαν
796 1004 935 1057 ἑλὼν
975 1006 1116 1061 κατά
1148 1009 1351 1080 κράτος
1399 1010 1498 1080 τὴν
1541 1009 1881 1079 Σαμάρειαν,

290 1094 536 1165 ἀπῴκισε
578 1096 669 1149 τὸν
724 1098 946 1169 Ἰσραὴλ
993 1101 1074 1163 εἰς
1117 1100 1459 1171 Ἀσσυρίους.
1513 1100 1883 1173 Τετελεύτηκε

289 1189 341 1241 δὲ
385 1190 475 1241 καὶ
524 1190 555 1242 6
608 1190 808 1255 Φακεὲ,
864 1192 1178 1265 συστροφὴν
1220 1194 1307 1247 ἐπ’
1347 1195 1515 1249 αὐτὸν
1557 1198 1884 1266 ποιήσαντος

302 1283 453 1353 Ὠσηὲ
483 1284 582 1336 τοῦ
617 1285 737 1337 υίοῦ
777 1286 935 1351 Ἠλὰ,
958 1285 1017 1350 ὃς
1045 1289 1139 1341 καὶ
1169 1289 1525 1344 ἐϐασίλευσεν
1548 1292 1664 1344 ἀντ’
1691 1289 1879 1354 αὐτοῦ,

290 1377 343 1428 ὲν
366 1375 477 1428 ἔτει
506 1377 746 1447 εἰκοστῷ
802 1379 1042 1450 Ὶωάθαμ
1080 1379 1199 1433 υἱοῦ
1245 1381 1521 1454 Ἀζαρίου.
1569 1400 1591 1433 ι
1650 1381 1790 1434 Ἀλλ’
1827 1384 1884 1435 ὲν

288 1471 401 1530 ταῖς
437 1469 679 1540 ἡμέραις
710 1470 974 1536 ἐκείναις,
1008 1474 1192 1542 φησὶν,
1220 1474 1426 1545 ἤρξατο
1448 1474 1653 1544 Κύριος
1684 1473 1884 1538 ἐξαπο-

291 1560 527 1614 στέλλειν
557 1564 618 1614 ὲν
666 1562 839 1616 Ἰούδα
879 1564 971 1617 τὸν
1008 1564 1257 1619 Ῥαασὼν
1289 1565 1514 1635 βασιλέα
1543 1566 1765 1637 Συρίας,
1789 1566 1884 1620 καὶ

289 1651 373 1703 τὸν
396 1653 574 1705 Φακεὲ
602 1654 718 1707 υἱὸν
763 1656 1067 1727 Ῥομελίου.
1095 1677 1114 1708 ι
1135 1658 1353 1711 Ἀνόπιν
1383 1659 1513 1728 ἡμῖν
1540 1660 1597 1712 ὲν
1619 1658 1830 1722 τούτοις
1854 1659 1885 1711 6

289 1743 439 1812 λόγος
462 1746 707 1817 ἔρχεται.
745 1749 999 1819 Ἔφαμεν
1022 1749 1153 1821 γὰρ,
1179 1750 1262 1802 ὅτι
1290 1749 1680 1822 τετελεύτηκεν
1727 1751 1755 1803 6
1778 1751 1885 1803 Φα-

292 1837 398 1900 nas,
454 1838 619 1909 Ὥσηέ
646 1839 741 1892 τοῦ
768 1840 887 1893 υίοῦ
935 1841 1065 1895 Ἦλά
1092 1841 1422 1914 σύστρεμμα
1466 1845 1562 1897 καὶ
1592 1844 1883 1915 ἐπιϐουλὴν

293 1928 372 1980 ἐπ’
398 1928 562 1983 αὐτόν
602 1948 730 1985 τινα
760 1933 1159 2004 ποιησαμένου.
1203 1935 1351 2007 Πλὴν
1378 1937 1437 1989 ὲν
1469 1936 1684 2006 χρόνοις
1717 1936 1883 1991 αὑτοῦ

292 2021 529 2089 γεγονὸς,
578 2024 665 2087 εἰς
715 2024 882 2094 μέσον
924 2025 1051 2095 ἄγει
1102 2027 1369 2098 διήγημα.
1422 2047 1441 2081 ι
1480 2026 1722 2101 Ἤρξατο
1750 2030 1882 2101 γὰρ,

294 2113 436 2182 φησὶ,
467 2112 681 2183 Κύβος
710 2117 769 2168 ὲν
791 2118 915 2181 ταῖς
936 2117 1177 2189 ἡμέραις
1203 2120 1445 2183 ἐκείναις
1472 2118 1885 2185 ἐξαποστέλλειν

293 2206 347 2257 ὲν
406 2206 580 2261 Ἰούδα
636 2208 729 2263 τὸν
788 2209 1037 2264 Ῥαασὼν
1113 2211 1341 2281 βασιλέα
1388 2214 1607 2285 Συρίας,
1661 2214 1756 2268 καὶ
1794 2215 1887 2268 τὸν

291 2296 455 2352 Φακεὲ
483 2299 604 2352 υἱὸν
650 2302 954 2373 Ῥομελίου.
993 2322 1012 2354 ι
1044 2304 1221 2357 Φακεὲ
1256 2305 1368 2376 γὰρ
1400 2308 1429 2360 6
1467 2306 1562 2359 τοῦ
1603 2306 1885 2377 Ῥομελίου

293 2392 672 2463 πεπολέμηκεν
703 2394 781 2459 ὡς
810 2396 1045 2468 ὁμόρους
1078 2398 1238 2461 ὄντας
1258 2400 1388 2461 τοὺς
1425 2398 1883 2469 Ἱεροσολυμίτας.

303 2484 512 2557 Ἐπειδὴ
556 2487 617 2540 δὲ
661 2488 844 2559 δεινὴν
878 2490 974 2544 καὶ
1018 2490 1328 2561 ἄθραυστον
1378 2489 1575 2545 ἐθεᾶτο
1616 2490 1716 2563 τὴν
1745 2492 1890 2545 ἀντί-

294 2590 491 2642 στασιν,
534 2579 830 2633 ἀναπείθει
872 2580 966 2635 τὸν
1001 2582 1252 2636 Ῥαασὼν
1271 2582 1365 2636 τὸν
1396 2582 1622 2653 βασιλέα
1642 2582 1755 2636 τῶν
1780 2582 1886 2636 Σύ-

295 2684 417 2739 ρων,
457 2667 732 2725 σύνοπλον
762 2672 914 2743 αύτῷ
953 2673 1209 2741 γενέσθαι
1250 2674 1346 2727 καὶ
1394 2672 1762 2746 συλλήπτορα,
1794 2673 1888 2727 καὶ

294 2760 821 2833 συνεκπολιορκῆσαι
880 2761 980 2830 τὴν
1053 2762 1433 2835 Ἰερουσαλήμ.
1490 2764 1889 2834 Συνεστηκότος

289 2850 348 2922 δὴ
389 2847 479 2907 οὖν
530 2854 634 2908 τοῦ
702 2855 965 2927 πολέμου,
1014 2856 1377 2927 τετελεύτηκε
1428 2857 1527 2927 μὲν
1572 2856 1815 2927 Ἰωὰθαμ
1860 2860 1890 2911 6

292 2942 396 3007 υίὸς
440 2944 725 3015 Ἀςαρίου.
769 2946 1083 3018 Διαδέχεται
1105 2946 1161 3001 δὲ
1183 2947 1284 3018 τὴν
1317 2946 1595 3018 βασιλείαν
1630 2946 1840 3018 Ἀχατζ
1861 2948 1891 3000 6

291 3034 396 3099 υίὸς
416 3035 614 3104 αὐτοῦ,
642 3038 885 3110 πονηρὸς
907 3036 984 3093 ὢν
1020 3038 1163 3109 ἄγαν
1212 3039 1310 3093 καὶ
1336 3038 1752 3109 εἰδωλολάτρης,
1794 3038 1891 3092 καὶ

1984 560 2039 606 et
2066 551 2294 607 insidias
2323 551 2377 606 in
2423 551 2572 605 illum
2606 560 2982 621 comparante.
3017 550 3122 605 Sed
3177 552 3320 620 quod
3369 560 3578 616 tempo-

1983 643 2135 698 ribus
2183 643 2300 710 ejus
2351 644 2569 708 accidit,
2600 643 2654 696 in
2711 642 2947 697 medium
3010 643 3345 697 narrationis
3404 642 3575 695 addu-

1982 737 2117 790 cit.t
2150 736 2333 805 Coepit
2362 736 2530 798 enim,
2580 735 2781 806 inquit,
2818 734 3076 788 Dominus
3128 734 3343 788 mittere
3390 733 3581 786 diebus

1985 826 2091 881 illis
2116 827 2166 880 in
2186 824 2375 881 ludam
2408 827 2611 880 thasin
2644 841 2823 897 regem
2850 824 3044 895 Syriae,
3082 834 3137 879 et
3176 825 3388 879 Phacee
3412 824 3579 877 ﬁlium

1985 920 2265 975 Romelire.
2298 940 2319 973 ι
2356 920 2568 975 Phacee
2607 934 2846 987 namque
2891 919 3149 973 ltomeliac
3201 919 3341 973 ﬁlius
3363 917 3583 972 .Icroso-

1986 1008 2224 1079 Iymitas,
2291 1021 2547 1081 tanquam
2591 1010 2851 1064 ﬁnitimos
2882 1011 3050 1063 armis
3086 1009 3381 1063 lacessivit.
3414 1008 3582 1063 Cum-

1986 1117 2093 1170 que
2126 1106 2348 1169 acriter,
2381 1112 2434 1158 et
2465 1101 2697 1157 infracto
2750 1104 2947 1157 robore
2979 1102 3079 1157 sibi
3110 1102 3296 1155 resisti
3350 1101 3579 1166 videret,

1986 1193 2190 1249 thasin
2222 1194 2506 1265 Syriorum
2539 1209 2717 1265 regem
2745 1195 2811 1249 ad
2845 1208 2995 1248 arma
3023 1209 3204 1249 secum
3230 1192 3583 1264 Jerosolymae

1985 1286 2360 1355 expugnanda:
2388 1285 2753 1341 consocianda
2782 1286 3014 1356 impulit.
3047 1284 3195 1340 Bello
3219 1286 3387 1356 igitur
3418 1286 3583 1340 ador-

1986 1386 2137 1442 nato,
2201 1375 2453 1431 loatbam
2520 1378 2734 1433 Azarize
2791 1378 2934 1433 ﬁlius
2968 1379 3202 1445 decedit,
3234 1388 3289 1434 et
3352 1393 3580 1446 regnum

1984 1467 2165 1522 Acltaz
2201 1468 2341 1523 ﬁlius
2366 1466 2482 1537 ejus
2520 1468 2717 1536 accipit
2758 1468 2826 1532 “,
2857 1470 3023 1523 homo
3054 1469 3496 1537 improbissimus
3522 1476 3580 1520 et

1985 1559 2294 1627 idololatra,
2317 1560 2562 1630 adeoque
2591 1562 2657 1615 ad
2675 1574 2915 1615 errorem
2961 1561 3135 1616 insani
3173 1561 3435 1615 idolorum
3467 1559 3583 1613 cut.-

1987 1662 2073 1707 tus
2113 1652 2317 1713 ebrius.
2360 1663 2419 1706 ut
2445 1662 2500 1707 et
2530 1652 2696 1707 ﬁlium
2724 1668 2883 1707 suum
2910 1667 3007 1722 per
3031 1655 3207 1723 ignem
3234 1652 3579 1717 transferret,

1988 1753 2041 1798 et
2095 1746 2161 1798 ad
2220 1745 2452 1815 quodvis
2497 1752 2694 1799 tetrum
2738 1746 2948 1799 facinus
2987 1746 3306 1809 declinaret,
3354 1754 3409 1799 et
3452 1745 3583 1800 ado—

1987 1837 2121 1892 leret
2148 1838 2427 1892 incensum
2456 1838 2507 1891 in
2538 1838 2788 1904 excelsis,
2826 1847 2881 1893 et
2936 1837 3037 1893 sub
3076 1838 3222 1893 omni
3254 1837 3401 1909 ligno
3433 1836 3582 1892 fron-

1987 1933 2143 1996 doso,
2203 1932 2341 1987 sicut
2384 1931 2442 2002 9
2484 1934 2745 2003 scriptum
2793 1940 2875 1987 est
2910 1931 2976 1984 ²³.
3011 1931 3381 1985 Couturbatus
3420 1930 3586 1997 igitur

1985 2025 2185 2091 Achar,
2220 2024 2570 2096 collectisque
2608 2025 2877 2081 universis
2913 2024 3120 2079 divitiis
3151 2038 3270 2093 quae
3323 2024 3377 2077 in
3420 2022 3584 2077 domo

1970 2117 2199 2172 'Domiui
2233 2117 2675 2187 inveniebantur,
2738 2131 2834 2188 per
2858 2117 3077 2172 nuntios
3101 2116 3167 2171 ad
3212 2116 3580 2186 Tlteglatpha-

1987 2211 2131 2265 Iasar
2158 2224 2339 2281 regem
2372 2212 2721 2282 Assyriorum
2754 2209 2947 2265 salutis
2968 2209 3273 2265 obtinendae
3297 2223 3461 2264 causa
3492 2222 3585 2264 eas

1991 2302 2314 2357 transmisit.
2376 2302 2634 2373 Assyrius
2696 2303 2860 2373 igitur
2907 2311 3102 2357 contra
3136 2298 3345 2356 thasiu
3400 2314 3582 2369 regem

1990 2395 2185 2457 bellum
2210 2394 2396 2462 sumit,
2453 2395 2774 2450 Damascum
2821 2394 2998 2466 Syriae
3043 2394 3383 2463 metropolim
3414 2393 3583 2463 capit,

1990 2487 2194 2543 Rhasin
2249 2488 2525 2543 interﬁcit.
2587 2489 2768 2544 Acha:
2826 2490 3172 2557 postmodum
3228 2486 3591 2558 Jerosolymis

1990 2579 2337 2646 Damascum,
2404 2581 2686 2651 Assyrium
2744 2581 2991 2647 visurus,
3037 2580 3337 2637 descendit.
3404 2581 3475 2635 Ibi
3528 2581 3586 2635 in

1990 2671 2229 2727 delubris
2267 2670 2534 2726 idolorum
2567 2686 2688 2727 cum
2726 2673 2901 2728 altare
2942 2688 3083 2727 novo
3132 2674 3366 2742 quodam
3404 2680 3459 2726 et
3504 2671 3589 2726 itt-

1990 2764 2194 2817 usitato
2241 2763 2403 2818 modo
2437 2772 2817 2819 constructum
2852 2765 3099 2828 vidisset,
3150 2778 3215 2818 eo
3258 2777 3591 2834 magnopere

1992 2854 2316 2919 delectatus,
2377 2853 2608 2910 formam
2655 2856 2777 2927 ejus
2813 2870 2911 2914 seu
2969 2854 3252 2925 exemplar
3296 2857 3361 2908 ad
3401 2854 3591 2909 Uriam

1993 2948 2335 3003 sacerdotem
2391 2944 2788 3019 .Ierosolymam
2835 2946 3004 3012 misit,
3060 2955 3115 3001 et
3146 2944 3323 3000 simile
3348 2944 3601 2999 construi

1988 3038 2169 3109 jussit.
2198 3040 2318 3105 Quo
2348 3039 2496 3094 illato
2533 3041 2585 3093 in
2632 3039 2853 3093 domum
2890 3038 3123 3103 Domini,
3158 3047 3213 3093 et
3246 3047 3455 3091 tantum
3484 3052 3590 3093 non

290 3124 653 3195 καταμεθύων
672 3126 816 3181 οῦτω
834 3128 969 3200 πρὸς
1005 3129 1278 3199 πλάνησιν
1307 3129 1669 3200 εἰδωλομανῆ,
1689 3129 1767 3193 ὡς
1786 3132 1884 3184 καὶ

1993 3139 2179 3201 spreto
2199 3145 2266 3185 ac
2291 3141 2606 3201 contempto
2632 3132 2775 3200 quod
2824 3130 3002 3186 Moses
3033 3130 3126 3184 Dei
3154 3130 3433 3185 voluntate
3459 3128 3595 3183 fece-

286 3216 369 3269 τὸν
394 3218 525 3271 ἴδιον
547 3219 673 3273 υἱὸν
694 3220 977 3290 διαγαγεῖν
997 3223 1055 3275 ὲν
1079 3222 1237 3293 πυρὶ,
1260 3223 1355 3275 καὶ
1393 3226 1532 3293 πρὸς
1559 3224 1671 3277 πᾶν
1708 3222 1887 3279 ὁτιοῦν

288 3309 590 3364 ἀπονεῦσαι
663 3312 775 3365 τῶν
843 3312 1127 3379 ἐκτόπιον,
1214 3314 1312 3367 καὶ
1381 3313 1583 3387 θυμιᾷν
1652 3313 1713 3368 ὲν
1774 3316 1889 3379 τοῖς

289 3400 525 3472 ὑψηλοῖς,
605 3404 703 3457 καὶ
775 3405 1037 3459 ὑποκάτω
1090 3405 1295 3469 παντὸς
1346 3405 1503 3470 ξύλου
1573 3405 1846 3471 ἀλσώδους
1871 3447 1887 3474 ,

287 3496 419 3548 κατά
480 3494 547 3549 τὸ
628 3495 1043 3567 γεγραμμένον.
1099 3496 1555 3569 Τεθορυϐημένος
1603 3496 1667 3569 δὴ
1716 3494 1810 3552 οὖν
1860 3498 1891 3551 6

1992 3236 2094 3291 rat,
2152 3238 2319 3294 super
2368 3238 2434 3281 eo
2480 3225 2751 3280 sacriﬁcia
2799 3223 3063 3278 solemnia
3106 3222 3408 3293 perpetrari
3437 3237 3594 3276 man-

1989 3317 2158 3375 davit.
2194 3315 2318 3371 Alia
2380 3316 2720 3386 pmterhmc
2759 3316 2811 3370 in
2884 3316 3106 3387 templo,
3167 3330 3265 3387 pro
3327 3315 3593 3370 arbitratu

1992 3407 2419 3474 inconsiderate,
2441 3415 2499 3463 et
2535 3406 2645 3462 Deo
2685 3408 2856 3463 invito
2894 3408 3133 3464 novavit.
3182 3407 3323 3474 Quin
3367 3417 3424 3462 et
3459 3416 3591 3461 tem-

1990 3498 2215 3567 poribus
2243 3498 2383 3568 ejus,
2411 3498 2707 3555 etiamnum
2738 3500 2953 3554 vivente
2988 3499 3127 3554 Osee
3149 3498 3261 3553 ﬁlio
3295 3497 3444 3554 Elam
3466 3512 3594 3567 rege

291 3584 509 3656 Ἀχατζ,
550 3586 738 3639 πάντα
792 3585 1139 3655 συνενεγκὼν
1188 3588 1279 3641 τὸν
1325 3588 1558 3641 πλοῦτον
1597 3588 1688 3641 τὸν
1732 3579 1889 3660 εὕρε-

1993 3588 2177 3656 lsrael,
2206 3589 2449 3645 ascendit
2471 3590 2820 3645 Salmanasar
2850 3605 2938 3643 rex
2958 3590 3305 3661 Assyriorum
3332 3589 3596 3644 adversus

289 3673 440 3731 θέντα
465 3680 525 3732 ὲν
542 3677 689 3749 οἴκῳ
708 3678 939 3750 Κυρίου,
964 3679 1284 3733 ἀποστέλλει
1306 3679 1444 3750 πρὸς
1461 3679 1890 3752 Θεγλαϐαλασάρ

292 3768 509 3839 βασιλέα
557 3771 888 3842 Ἀσσυρίων,
923 3772 1020 3825 καὶ
1051 3771 1322 3835 σώζεσθαι
1355 3772 1422 3825 δι’
1449 3772 1615 3825 αὐτοῦ
1648 3772 1893 3843 παρεκά-

290 3862 723 3927 λει.⁹οπλίζεται
773 3865 957 3919 τοίνυν
991 3864 1278 3935 Ἀσσύριος
1326 3865 1467 3918 κατὰ
1512 3864 1614 3935 τῆς
1648 3864 1893 3919 Ῥαασὼν

292 3956 598 4027 βασιλείας,
625 3958 722 4011 καὶ
751 3958 964 4029 δέχεται
991 3958 1090 4029 μὲν
1112 3960 1213 4028 τὴν
1237 3958 1550 4029 Δαμασκὸν,
1577 3958 1611 4028 ἦ
1641 3961 1757 4012 ἐστι
1791 3976 1895 4030 μη-

290 4049 542 4119 τρόπολις
579 4050 683 4120 τῆς
711 4050 932 4122 Συρίας,
966 4052 1183 4122 ἀναιρεῖ
1226 4052 1283 4104 δὲ
1326 4052 1419 4105 τὸν
1455 4051 1722 4105 Ῥαοισών.
1760 4048 1895 4107 Εἶτα

291 4140 532 4195 κάτεισιν
562 4140 776 4211 Ἀχατς
803 4142 868 4195 ἐκ
895 4141 1005 4194 τῶν
1040 4142 1428 4213 Ἱεροσολύμων
1468 4144 1547 4206 εἰς
1580 4143 1894 4214 Δαμασκὸν,

292 4233 559 4305 ὀψόμενος
587 4233 679 4286 τὸν
715 4233 1023 4304 Ἀσσύριον.
1042 4234 1130 4287 Ἐν
1163 4235 1220 4289 δὲ
1260 4238 1375 4299 τοῖς
1406 4235 1515 4289 τῶν
1544 4236 1780 4290 εἰδώλων
1807 4254 1898 4290 τε-

296 4327 477 4396 μένεσι
507 4328 904 4399 θυσιαστήριον
956 4327 1242 4399 ἑωρακὼς,
1273 4330 1620 4400 καινοπρεπῆ
1655 4348 1775 4384 τινα
1805 4331 1900 4385 καὶ

294 4422 432 4493 ἀήθη
477 4421 838 4492 κατασκευὴν
892 4419 1033 4490 ἕχον,
1074 4422 1167 4475 καὶ
1216 4423 1404 4493 ἡσθεὶς
1433 4424 1520 4476 ἐπ’
1562 4424 1712 4496 αὐτῷ
1754 4424 1897 4490 λίαν,

295 4511 604 4583 ὲκτύπωμα
634 4509 838 4573 λαϐὼν,
862 4512 1186 4565 ἀποστέλλει
1215 4514 1355 4584 πρὸς
1389 4515 1593 4583 Οὐρίαν
1624 4515 1714 4567 τὸν
1749 4517 1900 4587 ἱερέα

296 4602 351 4654 ὲν
405 4606 523 4665 τοῖς
560 4601 998 4673 Ἱεροσολύμοις,
1053 4603 1150 4655 ποια)⁸
1194 4603 1260 4674 δὴ
1306 4604 1426 4655 κατ’
1460 4605 1593 4657 αὐτὸ
1646 4606 1901 4674 γενέσθαι

297 4696 690 4766 προστέταχεν.
740 4694 1086 4763 Είσενεγκὼν
1134 4696 1191 4748 δὲ
1239 4698 1296 4748 ὲν
1344 4695 1478 4766 οἴκῳ
1532 4698 1766 4773 Κυρίου,
1805 4700 1901 4753 καὶ

301 4790 586 4859 μονονουχὶ
619 4786 714 4840 καὶ⁹
741 4788 1019 4858 ἀτιμάσας
1067 4788 1129 4841 τὸ
1177 4789 1316 4843 κατά
1363 4788 1617 4859 βούλησιν
1646 4790 1783 4843 Θεοῦ
1814 4792 1903 4845 διὰ

298 4881 543 4944 Μωσέως
576 4882 971 4952 γεγενημένον,
1000 4882 1086 4933 ἐπ’
1119 4880 1270 4951 αὐτῷ
1311 4880 1555 4953 πληροῦν
1584 4881 1652 4934 τὰ
1684 4899 1902 4952 νενομι-

300 4970 472 5042 σμένα
507 4970 872 5042 προστέταχε.
899 4971 1009 5023 Καὶ
1034 4970 1201 5041 ’έτερα
1222 4972 1279 5023 δὲ
1312 4970 1451 5042 πρὸς
1478 4971 1690 5034 τούτοις
1712 4988 1905 5024 κεκαι-

299 5062 604 5134 νούργηκεν
647 5063 705 5114 ἐν
737 5062 815 5133 τῷ
840 5061 974 5132 ναῷ,
1005 5062 1146 5116 κατὰ
1172 5061 1232 5114 τὸ
1264 5061 1415 5133 αὐτῷ
1452 5061 1665 5129 δοκοῦν,
1710 5064 1904 5134 ἀπερι-

306 5158 575 5224 σκέπτως,
607 5160 704 5210 καὶ
748 5156 1067 5228 ἀπᾳὸόντως
1096 5155 1239 5226 Θεῷ.
1257 5156 1420 5210 Ἀλλά
1453 5158 1548 5210 καὶ
1572 5158 1631 5210 ὲν
1656 5158 1771 5219 τοῖς
1799 5156 1901 5227 ,αύ-

304 5250 393 5303 τοῦ
450 5253 689 5321 καιροῖς,
718 5249 800 5302 ἔτι
853 5248 1054 5314 ζῶντος
1091 5249 1252 5321 Ὠσηὲ
1300 5250 1417 5303 υἱοῦ
1453 5250 1585 5304 Ἦλά
1638 5249 1902 5321 βασιλέως

316 5344 555 5415 Ἰσραὴλ,
586 5344 751 5415 ἀνέϐη
803 5346 832 5397 6
882 5344 1256 5415 Σαλμανασάρ
1310 5344 1563 5414 βασιλεὺς
1599 5343 1905 5414 ’Λσσυρίων

307 5435 397 5489 ἐπὶ
426 5437 522 5488 τὸν
552 5437 793 5508 Ἰσραὴλ,
821 5436 879 5500 ὃς
907 5435 1268 5509 καταδῃώσας
1297 5436 1393 5507 τὴν
1413 5436 1748 5507 Σαμάρειαν,
1779 5451 1907 5505 μετ-

307 5525 490 5600 ῴκησε
516 5530 606 5585 τὸν
631 5530 851 5603 Ἰσραὴλ
866 5534 922 5584 ἐν
946 5531 1121 5601 ὄρεσι,
1141 5532 1234 5584 καὶ
1256 5532 1524 5601 ποταμοῖς
1547 5529 1656 5583 τῶν
1679 5530 1902 5599 Μήδων.

322 5620 634 5677 ’Λπέκτεινε
662 5625 719 5677 δὲ
748 5624 844 5677 καὶ
868 5624 1031 5677 αὑτὸν
1056 5623 1367 5696 Ὠσηέ.Κα“ι
1392 5622 1479 5677 διὰ
1503 5622 1663 5677 ποίαν
1688 5624 1903 5689 αίτίαν;

383 5812 429 5845 ’⁸
472 5811 539 5868 IV
574 5813 713 5884 Reg.
760 5829 874 5883 xvi,
912 5812 967 5865 2.
1048 5812 1091 5844 ’³
1115 5809 1244 5868 ibid.
1272 5811 1324 5865 ιι.
1402 5811 1447 5844 υ
1486 5808 1555 5865 ιν
1592 5808 1721 5879 Ileg.
1764 5823 1899 5879 xm,
1933 5807 1955 5863 I
1990 5821 2142 5877 seqq.

1994 3683 2185 3748 Israel,
2236 3691 2562 3753 vastataque
2590 3680 2863 3747 Samaria,
2915 3683 2978 3737 ad
3053 3692 3269 3737 montes
3303 3690 3357 3737 et
3405 3680 3597 3735 lluvios

1994 3774 2275 3831 Medorum
2305 3776 2477 3845 ipsum
2510 3776 2803 3831 transtulit.
2841 3778 2978 3831 Osee
3007 3790 3222 3846 quoque
3257 3776 3376 3829 neci
3420 3774 3593 3839 dedit,

1995 3866 2137 3934 quod
2164 3880 2360 3919 mauaa
2397 3864 2661 3936 (signum
2694 3864 3093 3935 subiectionis)
3136 3880 3240 3918 non
3304 3863 3594 3925 attulisset,

1997 3960 2130 4028 quin
2202 3958 2383 4026 petius
2448 3958 2675 4028 IEgypti
2728 3973 2909 4028 regem
2962 3958 3163 4012 auxilio
3226 3964 3478 4012 vocasset
3523 3957 3592 4010 “.

1998 4053 2182 4107 Aclnaz
2212 4065 2242 4105 e
2265 4050 2401 4105 vivis
2429 4060 2704 4119 exempto,
2744 4050 2991 4119 regnavit
3023 4050 3284 4104 Ezechias
3311 4049 3452 4105 ﬁlius
3479 4048 3598 4116 ejus

2000 4158 2166 4211 super
2195 4140 2387 4196 Judam
2414 4142 2467 4196 in
2496 4138 2821 4194 Jerusalem.
2846 4138 2942 4193 llic
2964 4137 3066 4192 fuit
3089 4139 3173 4191 vir
3200 4140 3343 4207 pius,
3368 4139 3601 4208 etjusti-

2004 4238 2092 4292 tite
2129 4250 2291 4307 quant
2353 4232 2812 4297 studiosissimus,
2859 4242 2919 4285 ut
2968 4231 3293 4285 immensum
3333 4241 3596 4300 quantum

2002 4340 2166 4395 supra
2195 4325 2332 4380 alios
2362 4325 2416 4378 in
2443 4325 2526 4378 his
2553 4323 3029 4393 excelleretulpsc
3053 4308 3268 4378 ex'celsa
3290 4322 3595 4391 dissipavit,

2004 4428 2060 4473 et
2079 4417 2230 4470 lucos
2252 4415 2503 4479 succidit,
2533 4422 2588 4468 et
2608 4423 2726 4469 erat
2745 4413 3005 4468 Dominus
3024 4428 3144 4467 cum
3170 4413 3317 4467 eo".
3332 4432 3349 4464 ι
3366 4413 3442 4468 Eo
3471 4427 3597 4483 rege

1934 4502 1977 4557 D
2009 4509 2257 4565 ascendit
2311 4507 2666 4564 Seuacherim
2722 4522 2817 4561 rex
2844 4505 3190 4576 Assyriorum
3224 4505 3294 4559 ad
3349 4507 3600 4562 civitates

2009 4601 2210 4657 Jndzeaz
2238 4600 2496 4667 munitas,
2518 4615 2654 4670 quas
2676 4600 2912 4664 obsedit,
2928 4608 2982 4653 et
3006 4600 3144 4655 citra
3168 4599 3405 4653 laborem
3431 4600 3600 4669 cepit.

2007 4694 2162 4749 Tune
2198 4696 2326 4747 item
2360 4693 2637 4748 Rabsaces
2666 4692 3023 4763 Jerusolymis
3052 4693 3296 4756 insultat,
3327 4702 3382 4747 et
3427 4694 3603 4763 impu-

2007 4789 2141 4843 dens
2189 4802 2254 4841 os
2283 4795 2474 4840 contra
2513 4786 2678 4839 Deum
2740 4787 3013 4853 aperiens,
3052 4784 3602 4843 nudediccntissimas

2009 4879 2128 4934 illas
2162 4894 2322 4933 voces
2365 4877 2586 4932 emittit.
2608 4874 2762 4930 Tunc
2788 4892 3004 4947 quoque
3027 4877 3135 4931 leto
3170 4877 3295 4931 data
3320 4892 3385 4931 ex
3403 4876 3601 4932 castris

2010 4973 2367 5044 Assyriorum
2395 4981 2614 5027 centum
2669 4971 2944 5040 octoginta
2978 4971 3223 5041 quinque
3253 4971 3440 5037 millia,
3494 4986 3599 5024 una

2013 5076 2173 5121 nocte
2194 5078 2357 5118 manu
2382 5064 2561 5134 angeli
2594 5062 2865 5118 confecta.
2891 5062 3019 5118 Iltec
3042 5064 3249 5120 utiliter
3280 5064 3331 5118 in
3360 5078 3603 5133 prtesens

2012 5158 2155 5212 dicta
2180 5166 2305 5212 sunt
2328 5175 2341 5211 :
2368 5158 2562 5225 cuique
2582 5156 2726 5211 enim
2755 5155 2981 5211 istorum
3006 5172 3231 5213 casuum
3253 5156 3602 5227 propheticus

2014 5250 2103 5306 hic
2164 5264 2347 5305 sermo
2374 5250 2510 5305 scite
2533 5250 2906 5320 quadraverit.
2946 5251 3101 5307 Nunc
3121 5252 3266 5306 enim
3299 5251 3603 5304 Samaritas

2010 5343 2295 5412 increpat:
2323 5358 2465 5397 nunc
2487 5341 2886 5414 Jerosolymitis
2910 5344 3160 5399 boatilem
3186 5344 3475 5398 adventum
3500 5344 3605 5396 mi-

2009 5446 2192 5492 natur:
2208 5437 2554 5508 eaptivitates
2570 5439 3171 5508 praeuuntiat,timorem
3189 5439 3599 5510 pratsigniﬁcat,

2012 5529 2272 5586 auxilium
2295 5531 2596 5600 promittit:
2619 5532 2685 5586 ad
2704 5535 3116 5588 conversionem
3137 5532 3330 5587 invitat
3358 5548 3482 5588 :nec
3499 5534 3603 5586 ulla

2012 5619 2067 5673 in
2092 5620 2193 5673 hac
2218 5619 2504 5689 prephctia
2533 5622 2900 5689 praetermissa
2929 5630 3013 5679 est
3051 5622 3210 5691 ratio,
3256 5622 3463 5680 ullusve
3495 5640 3606 5680 utov

2223 5804 2267 5839 ”
2298 5804 2365 5861 IV
2398 5802 2531 5876 Reg.
2562 5819 2722 5873 xvm,
2757 5805 2813 5861 4.
