  <div class='ocr_page' id='page_1' title='image "/cluster/home/n/w/nwhite01/storage/ocr_20150623/71:no.4/coo.31924054869718/019.png"; bbox 0 0 4094 6476; ppageno 0'>
   <div class='ocr_carea' id='block_1_1' title="bbox 499 289 2042 377">
    <p class='ocr_par' dir='ltr' id='par_1_1' title="bbox 499 289 2042 364">
     <span class='ocr_line' id='line_1_1' title="bbox 499 289 2042 364; baseline 0.012 -21"><span class='ocrx_word' id='word_1_1' title='bbox 499 289 574 346; x_wconf 72' lang='lat'>23</span> <span class='ocrx_word' id='word_1_2' title='bbox 1443 301 1448 306; x_wconf 76' lang='grc'><em>’</em></span> <span class='ocrx_word' id='word_1_3' title='bbox 1525 307 1583 362; x_wconf 91' lang='lat' dir='ltr'>S.</span> <span class='ocrx_word' id='word_1_4' title='bbox 1624 307 1898 364; x_wconf 78' lang='lat' dir='ltr'>CYRILLI</span> <span class='ocrx_word' id='word_1_5' title='bbox 1935 308 2042 362; x_wconf 77' lang='grc' dir='ltr'><strong>ΑΗ</strong></span> 
     </span>
    </p>
   </div>
   <div class='ocr_carea' id='block_1_2' title="bbox 2146 289 2767 377">
    <p class='ocr_par' dir='ltr' id='par_1_2' title="bbox 2146 308 2767 377">
     <span class='ocr_line' id='line_1_2' title="bbox 2146 308 2767 377; baseline -0.014 -3"><span class='ocrx_word' id='word_1_6' title='bbox 2146 308 2407 374; x_wconf 60' lang='lat' dir='ltr'><strong>lNDRlNl</strong></span> <span class='ocrx_word' id='word_1_7' title='bbox 2443 311 2767 377; x_wconf 73' lang='lat' dir='ltr'>ARCﬂlEP-._</span> 
     </span>
    </p>
   </div>
   <div class='ocr_carea' id='block_1_3' title="bbox 500 415 2066 501">
    <p class='ocr_par' dir='ltr' id='par_1_3' title="bbox 500 415 2066 501">
     <span class='ocr_line' id='line_1_3' title="bbox 500 415 2066 501; baseline 0.014 -38"><span class='ocrx_word' id='word_1_8' title='bbox 500 415 734 482; x_wconf 84' lang='lat' dir='ltr'><strong>dns,quo</strong></span> <span class='ocrx_word' id='word_1_9' title='bbox 755 426 880 472; x_wconf 92' lang='lat' dir='ltr'><strong>tunc</strong></span> <span class='ocrx_word' id='word_1_10' title='bbox 894 435 1080 478; x_wconf 86' lang='lat' dir='ltr'><strong>errore</strong></span> <span class='ocrx_word' id='word_1_11' title='bbox 1093 423 1330 492; x_wconf 81' lang='lat' dir='ltr'><strong>deceptis</strong></span> <span class='ocrx_word' id='word_1_12' title='bbox 1348 427 1556 484; x_wconf 84' lang='lat' dir='ltr'>consuli</span> <span class='ocrx_word' id='word_1_13' title='bbox 1580 429 1789 494; x_wconf 69' lang='lat' dir='ltr'><strong>debuit,</strong></span> <span class='ocrx_word' id='word_1_14' title='bbox 1803 430 1890 484; x_wconf 83' lang='lat' dir='ltr'>Ait</span> <span class='ocrx_word' id='word_1_15' title='bbox 1905 445 2066 501; x_wconf 78' lang='lat' dir='ltr'><strong>ergo:</strong></span> 
     </span>
    </p>
   </div>
   <div class='ocr_carea' id='block_1_4' title="bbox 3685 317 3759 372">
    <p class='ocr_par' dir='ltr' id='par_1_4' title="bbox 3685 317 3759 372">
     <span class='ocr_line' id='line_1_4' title="bbox 3685 317 3759 372; baseline 0 0"><span class='ocrx_word' id='word_1_16' title='bbox 3685 317 3759 372; x_wconf 66' lang='lat'><em>26</em></span> 
     </span>
    </p>
   </div>
   <div class='ocr_carea' id='block_1_5' title="bbox 2179 431 3756 508">
    <p class='ocr_par' dir='ltr' id='par_1_5' title="bbox 2179 431 3756 508">
     <span class='ocr_line' id='line_1_5' title="bbox 2179 431 3756 508; baseline 0.004 -23"><span class='ocrx_word' id='word_1_17' title='bbox 2179 432 2302 486; x_wconf 88' lang='grc' dir='ltr'>Ὅτι</span> <span class='ocrx_word' id='word_1_18' title='bbox 2333 433 2408 504; x_wconf 81' lang='grc' dir='ltr'>μὴ</span> <span class='ocrx_word' id='word_1_19' title='bbox 2442 433 2882 504; x_wconf 83' lang='grc' dir='ltr'>προσκεκόμικεν</span> <span class='ocrx_word' id='word_1_20' title='bbox 2908 433 3056 504; x_wconf 87' lang='grc' dir='ltr'>αύτῷ</span> <span class='ocrx_word' id='word_1_21' title='bbox 3084 435 3145 487; x_wconf 82' lang='grc' dir='ltr'>τὸ</span> <span class='ocrx_word' id='word_1_22' title='bbox 3176 435 3380 503; x_wconf 87' lang='grc' dir='ltr'>μαναά,</span> <span class='ocrx_word' id='word_1_23' title='bbox 3412 434 3597 505; x_wconf 63' lang='grc' dir='ltr'>φησιν.</span> <span class='ocrx_word' id='word_1_24' title='bbox 3633 435 3661 488; x_wconf 82' lang='grc' dir='ltr'><strong>ὃ</strong></span> <span class='ocrx_word' id='word_1_25' title='bbox 3685 431 3756 508; x_wconf 79' lang='grc' dir='ltr'>ἦν</span> 
     </span>
    </p>
   </div>
   <div class='ocr_carea' id='block_1_6' title="bbox 495 507 3752 600">
    <p class='ocr_par' dir='ltr' id='par_1_6' title="bbox 495 507 3752 600">
     <span class='ocr_line' id='line_1_6' title="bbox 495 507 3752 600; baseline 0.002 -28"><span class='ocrx_word' id='word_1_26' title='bbox 495 507 767 572; x_wconf 63' lang='grc' dir='ltr'>συμϐολον</span> <span class='ocrx_word' id='word_1_27' title='bbox 798 512 1074 582; x_wconf 73' lang='grc' dir='ltr'>ὕποῖαγῆς</span> <span class='ocrx_word' id='word_1_28' title='bbox 1095 532 1109 545; x_wconf 78' lang='grc'><strong><em>⁸</em></strong></span> <span class='ocrx_word' id='word_1_29' title='bbox 1143 516 1328 570; x_wconf 77' lang='grc' dir='ltr'>ἐκάλει</span> <span class='ocrx_word' id='word_1_30' title='bbox 1353 519 1410 572; x_wconf 85' lang='grc' dir='ltr'>δέ</span> <span class='ocrx_word' id='word_1_31' title='bbox 1431 522 1634 590; x_wconf 79' lang='grc' dir='ltr'>μᾶλλον</span> <span class='ocrx_word' id='word_1_32' title='bbox 1653 525 1741 587; x_wconf 80' lang='grc' dir='ltr'>είς</span> <span class='ocrx_word' id='word_1_33' title='bbox 1759 525 2079 595; x_wconf 80' lang='grc' dir='ltr'>ἐπικουρίαν</span> <span class='ocrx_word' id='word_1_34' title='bbox 2113 531 2206 579; x_wconf 70' lang='grc' dir='ltr'>τον</span> <span class='ocrx_word' id='word_1_35' title='bbox 2226 527 2543 595; x_wconf 75' lang='grc' dir='ltr'>Αἰγυπτίων</span> <span class='ocrx_word' id='word_1_36' title='bbox 2607 528 2902 600; x_wconf 85' lang='grc' dir='ltr'>τύραννον.</span> <span class='ocrx_word' id='word_1_37' title='bbox 2947 524 3080 581; x_wconf 85' lang='grc' dir='ltr'>Εἶτα</span> <span class='ocrx_word' id='word_1_38' title='bbox 3120 529 3263 582; x_wconf 84' lang='grc' dir='ltr'>κατὰ</span> <span class='ocrx_word' id='word_1_39' title='bbox 3308 527 3470 581; x_wconf 83' lang='grc' dir='ltr'>τοῦτο</span> <span class='ocrx_word' id='word_1_40' title='bbox 3498 507 3752 598; x_wconf 79' lang='grc' dir='ltr'>τελευτή-</span> 
     </span>
    </p>
   </div>
   <div class='ocr_carea' id='block_1_7' title="bbox 499 601 3140 690">
    <p class='ocr_par' dir='ltr' id='par_1_7' title="bbox 499 601 3140 690">
     <span class='ocr_line' id='line_1_7' title="bbox 499 601 3140 690; baseline -0.002 -13"><span class='ocrx_word' id='word_1_41' title='bbox 499 613 692 690; x_wconf 49' lang='grc' dir='ltr'>σῗντθῖ</span> <span class='ocrx_word' id='word_1_42' title='bbox 721 601 812 663; x_wconf 59' lang='grc' dir='ltr'>τοῦ</span> <span class='ocrx_word' id='word_1_43' title='bbox 834 603 1061 674; x_wconf 69' lang='grc' dir='ltr'>Ἀχατὲζ,</span> <span class='ocrx_word' id='word_1_44' title='bbox 1096 607 1480 676; x_wconf 86' lang='grc' dir='ltr'>βεϐασίλευκεν</span> <span class='ocrx_word' id='word_1_45' title='bbox 1512 612 1760 685; x_wconf 80' lang='grc' dir='ltr'>Ἐζεχίας</span> <span class='ocrx_word' id='word_1_46' title='bbox 1782 615 1897 680; x_wconf 79' lang='grc' dir='ltr'>υίὸς</span> <span class='ocrx_word' id='word_1_47' title='bbox 1921 615 2086 670; x_wconf 80' lang='grc' dir='ltr'>αὑτοῦ</span> <span class='ocrx_word' id='word_1_48' title='bbox 2126 616 2221 671; x_wconf 80' lang='grc' dir='ltr'>ἐπὶ</span> <span class='ocrx_word' id='word_1_49' title='bbox 2267 617 2360 672; x_wconf 80' lang='grc' dir='ltr'>τὸν</span> <span class='ocrx_word' id='word_1_50' title='bbox 2427 618 2631 673; x_wconf 85' lang='grc' dir='ltr'>Ἰούδαν.</span> <span class='ocrx_word' id='word_1_51' title='bbox 2673 620 2731 673; x_wconf 86' lang='grc' dir='ltr'>ἐν</span> <span class='ocrx_word' id='word_1_52' title='bbox 2765 619 3140 690; x_wconf 83' lang='grc' dir='ltr'>Ἰερουσαλήμ.</span> 
     </span>
    </p>
   </div>
   <div class='ocr_carea' id='block_1_8' title="bbox 3247 614 3753 691">
    <p class='ocr_par' dir='ltr' id='par_1_8' title="bbox 3247 614 3753 691">
     <span class='ocr_line' id='line_1_8' title="bbox 3247 614 3753 691; baseline -0.002 -18"><span class='ocrx_word' id='word_1_53' title='bbox 3247 614 3420 682; x_wconf 78' lang='grc' dir='ltr'>Οὗτος</span> <span class='ocrx_word' id='word_1_54' title='bbox 3460 617 3570 689; x_wconf 86' lang='grc' dir='ltr'>γὰρ</span> <span class='ocrx_word' id='word_1_55' title='bbox 3612 619 3712 690; x_wconf 79' lang='grc' dir='ltr'>ἀνὴ</span> <span class='ocrx_word' id='word_1_56' title='bbox 3719 636 3753 691; x_wconf 91' lang='grc' dir='ltr'>ρ</span> 
     </span>
    </p>
   </div>
   <div class='ocr_carea' id='block_1_9' title="bbox 495 689 3750 780">
    <p class='ocr_par' dir='ltr' id='par_1_9' title="bbox 495 689 3750 780">
     <span class='ocr_line' id='line_1_9' title="bbox 495 689 3750 780; baseline 0.006 -36"><span class='ocrx_word' id='word_1_57' title='bbox 495 689 718 780; x_wconf 67' lang='grc' dir='ltr'>γέγονεν</span> <span class='ocrx_word' id='word_1_58' title='bbox 758 694 1007 763; x_wconf 81' lang='grc' dir='ltr'>εὐσεϐὴς,</span> <span class='ocrx_word' id='word_1_59' title='bbox 1034 701 1268 754; x_wconf 77' lang='grc' dir='ltr'>καὶτῶν</span> <span class='ocrx_word' id='word_1_60' title='bbox 1316 704 1399 756; x_wconf 85' lang='grc' dir='ltr'>ὅτι</span> <span class='ocrx_word' id='word_1_61' title='bbox 1447 704 1683 774; x_wconf 84' lang='grc' dir='ltr'>μάλιστα</span> <span class='ocrx_word' id='word_1_62' title='bbox 1731 707 2076 778; x_wconf 78' lang='grc' dir='ltr'>δικαιοσύνης</span> <span class='ocrx_word' id='word_1_63' title='bbox 2112 708 2576 780; x_wconf 72' lang='grc' dir='ltr'>ἐπιμελουμένων,</span> <span class='ocrx_word' id='word_1_64' title='bbox 2603 711 2680 773; x_wconf 86' lang='grc' dir='ltr'>ὠς</span> <span class='ocrx_word' id='word_1_65' title='bbox 2749 709 3083 780; x_wconf 80' lang='grc' dir='ltr'>ἀσύγκριτον</span> <span class='ocrx_word' id='word_1_66' title='bbox 3131 708 3276 780; x_wconf 83' lang='grc' dir='ltr'>ἐχειν</span> <span class='ocrx_word' id='word_1_67' title='bbox 3307 708 3458 779; x_wconf 88' lang='grc' dir='ltr'>παρά</span> <span class='ocrx_word' id='word_1_68' title='bbox 3485 711 3612 772; x_wconf 84' lang='grc' dir='ltr'>τοὺς</span> <span class='ocrx_word' id='word_1_69' title='bbox 3653 689 3750 763; x_wconf 64' lang='lat' dir='ltr'><strong>si;</strong></span> 
     </span>
    </p>
   </div>
   <div class='ocr_carea' id='block_1_10' title="bbox 494 773 3752 872">
    <p class='ocr_par' dir='ltr' id='par_1_10' title="bbox 494 773 3752 872">
     <span class='ocr_line' id='line_1_10' title="bbox 494 773 3752 872; baseline 0.008 -47"><span class='ocrx_word' id='word_1_70' title='bbox 494 773 621 838; x_wconf 85' lang='grc' dir='ltr'>λους</span> <span class='ocrx_word' id='word_1_71' title='bbox 664 779 763 872; x_wconf 80' lang='grc' dir='ltr'>τὴν</span> <span class='ocrx_word' id='word_1_72' title='bbox 800 781 858 835; x_wconf 81' lang='grc' dir='ltr'>ἓν</span> <span class='ocrx_word' id='word_1_73' title='bbox 886 800 949 851; x_wconf 90' lang='grc' dir='ltr'>γε</span> <span class='ocrx_word' id='word_1_74' title='bbox 997 787 1172 858; x_wconf 87' lang='grc' dir='ltr'>τούτῳ</span> <span class='ocrx_word' id='word_1_75' title='bbox 1217 773 1497 860; x_wconf 85' lang='grc' dir='ltr'>διαφοράν.</span> <span class='ocrx_word' id='word_1_76' title='bbox 1532 811 1551 844; x_wconf 76' lang='grc' dir='ltr'>ι</span> <span class='ocrx_word' id='word_1_77' title='bbox 1577 795 1752 858; x_wconf 74' lang='grc' dir='ltr'>Αὐτὸς</span> <span class='ocrx_word' id='word_1_78' title='bbox 1781 796 1995 850; x_wconf 83' lang='grc' dir='ltr'>καθεῖλε</span> <span class='ocrx_word' id='word_1_79' title='bbox 2025 773 2108 852; x_wconf 60' lang='grc' dir='ltr'>τά</span> <span class='ocrx_word' id='word_1_80' title='bbox 2133 773 2346 869; x_wconf 75' lang='grc' dir='ltr'>ὑψηλὰ,</span> <span class='ocrx_word' id='word_1_81' title='bbox 2373 773 2470 858; x_wconf 71' lang='grc' dir='ltr'>καὶ</span> <span class='ocrx_word' id='word_1_82' title='bbox 2511 773 2582 854; x_wconf 85' lang='grc' dir='ltr'>τά</span> <span class='ocrx_word' id='word_1_83' title='bbox 2623 799 2787 872; x_wconf 82' lang='grc' dir='ltr'>ἄλση,</span> <span class='ocrx_word' id='word_1_84' title='bbox 2827 773 2981 869; x_wconf 48' lang='grc' dir='ltr'>φησὶ,</span> <span class='ocrx_word' id='word_1_85' title='bbox 3029 773 3275 868; x_wconf 44' lang='grc' dir='ltr'>ἐξέκοψε.</span> <span class='ocrx_word' id='word_1_86' title='bbox 3306 773 3418 852; x_wconf 46' lang='grc' dir='ltr'>Καὶ</span> <span class='ocrx_word' id='word_1_87' title='bbox 3447 795 3515 869; x_wconf 79' lang='grc' dir='ltr'>ἦν</span> <span class='ocrx_word' id='word_1_88' title='bbox 3543 799 3752 868; x_wconf 80' lang='grc' dir='ltr'>Κύριος</span> 
     </span>
    </p>
   </div>
   <div class='ocr_carea' id='block_1_11' title="bbox 495 871 3748 964">
    <p class='ocr_par' dir='ltr' id='par_1_11' title="bbox 495 871 3748 964">
     <span class='ocr_line' id='line_1_11' title="bbox 495 871 3748 964; baseline 0.007 -44"><span class='ocrx_word' id='word_1_89' title='bbox 495 871 616 964; x_wconf 81' lang='grc' dir='ltr'>μετ’</span> <span class='ocrx_word' id='word_1_90' title='bbox 645 871 830 939; x_wconf 68' lang='grc' dir='ltr'>αὐτοῦ,</span> <span class='ocrx_word' id='word_1_91' title='bbox 870 893 889 926; x_wconf 75' lang='grc' dir='ltr'>ι</span> <span class='ocrx_word' id='word_1_92' title='bbox 917 876 1092 932; x_wconf 80' lang='grc' dir='ltr'>Αὐτοῦ</span> <span class='ocrx_word' id='word_1_93' title='bbox 1139 879 1517 948; x_wconf 78' lang='grc' dir='ltr'>βασιλεύοντος</span> <span class='ocrx_word' id='word_1_94' title='bbox 1559 885 1728 956; x_wconf 79' lang='grc' dir='ltr'>ἀνέϐη</span> <span class='ocrx_word' id='word_1_95' title='bbox 1759 888 2116 959; x_wconf 76' lang='grc' dir='ltr'>Σεναχερεὶμ,</span> <span class='ocrx_word' id='word_1_96' title='bbox 2159 888 2409 959; x_wconf 81' lang='grc' dir='ltr'>βασιλεὺς</span> <span class='ocrx_word' id='word_1_97' title='bbox 2439 889 2763 964; x_wconf 70' lang='grc' dir='ltr'>Ἀσσυρίων,</span> <span class='ocrx_word' id='word_1_98' title='bbox 2784 890 2879 943; x_wconf 80' lang='grc' dir='ltr'>ἐπὶ</span> <span class='ocrx_word' id='word_1_99' title='bbox 2904 891 3003 954; x_wconf 87' lang='grc' dir='ltr'>τὰς</span> <span class='ocrx_word' id='word_1_100' title='bbox 3032 891 3335 961; x_wconf 76' lang='grc' dir='ltr'>πόλειςτῆς</span> <span class='ocrx_word' id='word_1_101' title='bbox 3369 891 3626 954; x_wconf 76' lang='grc' dir='ltr'>ἰουδαίας</span> <span class='ocrx_word' id='word_1_102' title='bbox 3647 891 3748 955; x_wconf 86' lang='grc' dir='ltr'>τάς</span> 
     </span>
    </p>
   </div>
   <div class='ocr_carea' id='block_1_12' title="bbox 491 961 3744 1057">
    <p class='ocr_par' dir='ltr' id='par_1_12' title="bbox 491 961 3744 1057">
     <span class='ocr_line' id='line_1_12' title="bbox 491 961 3744 1057; baseline 0.004 -29"><span class='ocrx_word' id='word_1_103' title='bbox 491 961 712 1057; x_wconf 72' lang='grc' dir='ltr'>ὀχυράς.</span> <span class='ocrx_word' id='word_1_104' title='bbox 744 969 856 1024; x_wconf 73' lang='grc' dir='ltr'>Καὶ</span> <span class='ocrx_word' id='word_1_105' title='bbox 886 971 1273 1045; x_wconf 73' lang='grc' dir='ltr'>πολιορκήσας,</span> <span class='ocrx_word' id='word_1_106' title='bbox 1305 971 1449 1034; x_wconf 76' lang='grc' dir='ltr'>εἷλεν</span> <span class='ocrx_word' id='word_1_107' title='bbox 1497 978 1720 1049; x_wconf 83' lang='grc' dir='ltr'>ἀμοχθί.</span> <span class='ocrx_word' id='word_1_108' title='bbox 1780 981 1913 1034; x_wconf 87' lang='grc' dir='ltr'>Τότε</span> <span class='ocrx_word' id='word_1_109' title='bbox 1942 981 2036 1035; x_wconf 77' lang='grc' dir='ltr'>καὶ</span> <span class='ocrx_word' id='word_1_110' title='bbox 2073 985 2102 1036; x_wconf 92' lang='lat'>6</span> <span class='ocrx_word' id='word_1_111' title='bbox 2153 983 2435 1054; x_wconf 80' lang='grc' dir='ltr'>Ῥαψάκης</span> <span class='ocrx_word' id='word_1_112' title='bbox 2481 961 2667 1048; x_wconf 68' lang='grc' dir='ltr'>αὐτοίς</span> <span class='ocrx_word' id='word_1_113' title='bbox 2732 987 2847 1049; x_wconf 72' lang='grc' dir='ltr'>τοῖς</span> <span class='ocrx_word' id='word_1_114' title='bbox 2894 983 3287 1055; x_wconf 84' lang='grc' dir='ltr'>Ἱεροσολύμοις</span> <span class='ocrx_word' id='word_1_115' title='bbox 3334 986 3599 1057; x_wconf 75' lang='grc' dir='ltr'>ἐπιπηδᾷ,</span> <span class='ocrx_word' id='word_1_116' title='bbox 3651 988 3744 1044; x_wconf 81' lang='grc' dir='ltr'>καὶ</span> 
     </span>
    </p>
   </div>
   <div class='ocr_carea' id='block_1_13' title="bbox 489 1055 3745 1146">
    <p class='ocr_par' dir='ltr' id='par_1_13' title="bbox 489 1055 3745 1146">
     <span class='ocr_line' id='line_1_13' title="bbox 489 1055 3745 1146; baseline 0.007 -39"><span class='ocrx_word' id='word_1_117' title='bbox 489 1055 772 1112; x_wconf 77' lang='grc' dir='ltr'>ἀπύλωτον</span> <span class='ocrx_word' id='word_1_118' title='bbox 793 1061 1045 1131; x_wconf 83' lang='grc' dir='ltr'>ἀνοιγνὺς</span> <span class='ocrx_word' id='word_1_119' title='bbox 1069 1066 1212 1128; x_wconf 85' lang='grc' dir='ltr'>κατά</span> <span class='ocrx_word' id='word_1_120' title='bbox 1233 1067 1372 1128; x_wconf 77' lang='grc' dir='ltr'>Θεοῦ</span> <span class='ocrx_word' id='word_1_121' title='bbox 1391 1070 1452 1123; x_wconf 84' lang='grc' dir='ltr'>τὸ</span> <span class='ocrx_word' id='word_1_122' title='bbox 1478 1071 1671 1140; x_wconf 85' lang='grc' dir='ltr'>στόμα,</span> <span class='ocrx_word' id='word_1_123' title='bbox 1733 1072 1834 1134; x_wconf 84' lang='grc' dir='ltr'>τὰς</span> <span class='ocrx_word' id='word_1_124' title='bbox 1887 1073 2369 1145; x_wconf 82' lang='grc' dir='ltr'>παμϐλασφήμους</span> <span class='ocrx_word' id='word_1_125' title='bbox 2433 1075 2648 1140; x_wconf 87' lang='grc' dir='ltr'>ἐκείνας</span> <span class='ocrx_word' id='word_1_126' title='bbox 2688 1075 2874 1146; x_wconf 81' lang='grc' dir='ltr'>ἀνίησι</span> <span class='ocrx_word' id='word_1_127' title='bbox 2930 1075 3135 1145; x_wconf 79' lang='grc' dir='ltr'>φωνάς.</span> <span class='ocrx_word' id='word_1_128' title='bbox 3166 1076 3300 1129; x_wconf 82' lang='grc' dir='ltr'>Τότε</span> <span class='ocrx_word' id='word_1_129' title='bbox 3333 1078 3427 1130; x_wconf 76' lang='grc' dir='ltr'>καὶ</span> <span class='ocrx_word' id='word_1_130' title='bbox 3456 1055 3745 1131; x_wconf 83' lang='grc' dir='ltr'>πεπτώκα-</span> 
     </span>
    </p>
   </div>
   <div class='ocr_carea' id='block_1_14' title="bbox 491 1147 3746 1239">
    <p class='ocr_par' dir='ltr' id='par_1_14' title="bbox 491 1147 3746 1239">
     <span class='ocr_line' id='line_1_14' title="bbox 491 1147 3746 1239; baseline 0.009 -42"><span class='ocrx_word' id='word_1_131' title='bbox 491 1163 576 1239; x_wconf 80' lang='grc' dir='ltr'>σιν</span> <span class='ocrx_word' id='word_1_132' title='bbox 603 1147 797 1239; x_wconf 14' lang='grc' dir='ltr'>ἐκγτῆς</span> <span class='ocrx_word' id='word_1_133' title='bbox 828 1153 1184 1226; x_wconf 83' lang='grc' dir='ltr'>παρεμϐολῆς</span> <span class='ocrx_word' id='word_1_134' title='bbox 1206 1156 1316 1210; x_wconf 85' lang='grc' dir='ltr'>τῶν</span> <span class='ocrx_word' id='word_1_135' title='bbox 1351 1159 1648 1229; x_wconf 80' lang='grc' dir='ltr'>Ἀσσυρίων</span> <span class='ocrx_word' id='word_1_136' title='bbox 1668 1162 1862 1215; x_wconf 80' lang='grc' dir='ltr'>ἑκατὸν</span> <span class='ocrx_word' id='word_1_137' title='bbox 1917 1163 2246 1234; x_wconf 85' lang='grc' dir='ltr'>ὀγδοήκοντα</span> <span class='ocrx_word' id='word_1_138' title='bbox 2295 1165 2457 1219; x_wconf 83' lang='grc' dir='ltr'>πέντε</span> <span class='ocrx_word' id='word_1_139' title='bbox 2507 1165 2762 1236; x_wconf 83' lang='grc' dir='ltr'>χιλιάδες,</span> <span class='ocrx_word' id='word_1_140' title='bbox 2833 1167 2893 1219; x_wconf 84' lang='grc' dir='ltr'>ἐν</span> <span class='ocrx_word' id='word_1_141' title='bbox 2949 1167 3050 1236; x_wconf 79' lang='grc' dir='ltr'>μιᾷ</span> <span class='ocrx_word' id='word_1_142' title='bbox 3084 1166 3262 1229; x_wconf 78' lang='grc' dir='ltr'>νυκτὶ,</span> <span class='ocrx_word' id='word_1_143' title='bbox 3316 1167 3552 1235; x_wconf 78' lang='grc' dir='ltr'>ἀγγέλου</span> <span class='ocrx_word' id='word_1_144' title='bbox 3600 1169 3746 1239; x_wconf 79' lang='grc' dir='ltr'>χειρὶ</span> 
     </span>
    </p>
   </div>
   <div class='ocr_carea' id='block_1_15' title="bbox 487 1237 3742 1328">
    <p class='ocr_par' dir='ltr' id='par_1_15' title="bbox 487 1237 3742 1328">
     <span class='ocr_line' id='line_1_15' title="bbox 487 1237 3742 1328; baseline 0.007 -39"><span class='ocrx_word' id='word_1_145' title='bbox 487 1237 1091 1312; x_wconf 80' lang='grc' dir='ltr'>δαπανώμεναι.Ταῦτα</span> <span class='ocrx_word' id='word_1_146' title='bbox 1105 1247 1390 1317; x_wconf 81' lang='grc' dir='ltr'>χρησίμως</span> <span class='ocrx_word' id='word_1_147' title='bbox 1405 1248 1619 1318; x_wconf 76' lang='grc' dir='ltr'>εἴρηται</span> <span class='ocrx_word' id='word_1_148' title='bbox 1636 1250 1772 1320; x_wconf 75' lang='grc' dir='ltr'>πρὸς</span> <span class='ocrx_word' id='word_1_149' title='bbox 1804 1251 1867 1304; x_wconf 84' lang='grc' dir='ltr'>τὸ</span> <span class='ocrx_word' id='word_1_150' title='bbox 1920 1253 2117 1324; x_wconf 80' lang='grc' dir='ltr'>παρόν.</span> <span class='ocrx_word' id='word_1_151' title='bbox 2135 1254 2382 1326; x_wconf 85' lang='grc' dir='ltr'>Ἐκάστῳ</span> <span class='ocrx_word' id='word_1_152' title='bbox 2415 1255 2524 1327; x_wconf 83' lang='grc' dir='ltr'>γὰρ</span> <span class='ocrx_word' id='word_1_153' title='bbox 2587 1255 2697 1308; x_wconf 86' lang='grc' dir='ltr'>τῶν</span> <span class='ocrx_word' id='word_1_154' title='bbox 2731 1255 3158 1327; x_wconf 85' lang='grc' dir='ltr'>συμϐεϐηκότων</span> <span class='ocrx_word' id='word_1_155' title='bbox 3189 1257 3554 1328; x_wconf 74' lang='grc' dir='ltr'>ἐφαρμόσειεν</span> 
     </span>
    </p>
   </div>
   <div class='ocr_carea' id='block_1_16' title="bbox 489 1333 3743 1422">
    <p class='ocr_par' dir='ltr' id='par_1_16' title="bbox 489 1333 3743 1422">
     <span class='ocr_line' id='line_1_16' title="bbox 489 1333 3743 1422; baseline 0.001 -21"><span class='ocrx_word' id='word_1_156' title='bbox 489 1350 631 1401; x_wconf 83' lang='grc' dir='ltr'>κνως</span> <span class='ocrx_word' id='word_1_157' title='bbox 659 1333 759 1404; x_wconf 81' lang='grc' dir='ltr'>τῆς</span> <span class='ocrx_word' id='word_1_158' title='bbox 785 1339 1121 1408; x_wconf 75' lang='grc' dir='ltr'>προφητείας</span> <span class='ocrx_word' id='word_1_159' title='bbox 1145 1343 1174 1393; x_wconf 79' lang='grc' dir='ltr'><strong>ὁ</strong></span> <span class='ocrx_word' id='word_1_160' title='bbox 1201 1342 1372 1409; x_wconf 80' lang='grc' dir='ltr'>λόγος.</span> <span class='ocrx_word' id='word_1_161' title='bbox 1402 1343 1537 1401; x_wconf 82' lang='grc' dir='ltr'>[Ιοτέ</span> <span class='ocrx_word' id='word_1_162' title='bbox 1570 1343 1670 1414; x_wconf 76' lang='grc' dir='ltr'>μὲν</span> <span class='ocrx_word' id='word_1_163' title='bbox 1700 1346 1811 1416; x_wconf 80' lang='grc' dir='ltr'>γὰρ</span> <span class='ocrx_word' id='word_1_164' title='bbox 1873 1349 2100 1419; x_wconf 78' lang='grc' dir='ltr'>ἐπιτιμᾷ</span> <span class='ocrx_word' id='word_1_165' title='bbox 2155 1351 2270 1412; x_wconf 81' lang='grc' dir='ltr'>τοῖς</span> <span class='ocrx_word' id='word_1_166' title='bbox 2321 1352 2379 1403; x_wconf 83' lang='grc' dir='ltr'>ἐν</span> <span class='ocrx_word' id='word_1_167' title='bbox 2430 1349 2750 1420; x_wconf 68' lang='grc' dir='ltr'>Σαμαρείᾳο</span> <span class='ocrx_word' id='word_1_168' title='bbox 2799 1350 2928 1403; x_wconf 83' lang='grc' dir='ltr'>ποτὲ</span> <span class='ocrx_word' id='word_1_169' title='bbox 2971 1349 3030 1402; x_wconf 86' lang='grc' dir='ltr'>δὲ</span> <span class='ocrx_word' id='word_1_170' title='bbox 3081 1351 3195 1413; x_wconf 86' lang='grc' dir='ltr'>τοῖς</span> <span class='ocrx_word' id='word_1_171' title='bbox 3249 1351 3306 1402; x_wconf 85' lang='grc' dir='ltr'>ἐν</span> <span class='ocrx_word' id='word_1_172' title='bbox 3353 1349 3743 1422; x_wconf 86' lang='grc' dir='ltr'>Ἱεροσολύμοις</span> 
     </span>
    </p>
   </div>
   <div class='ocr_carea' id='block_1_17' title="bbox 486 1421 3741 1513">
    <p class='ocr_par' dir='ltr' id='par_1_17' title="bbox 486 1421 3741 1513">
     <span class='ocr_line' id='line_1_17' title="bbox 486 1421 3741 1513; baseline 0.007 -41"><span class='ocrx_word' id='word_1_173' title='bbox 486 1421 703 1476; x_wconf 84' lang='grc' dir='ltr'>ἀπειλεῖ</span> <span class='ocrx_word' id='word_1_174' title='bbox 741 1425 836 1488; x_wconf 75' lang='grc' dir='ltr'>τὰς</span> <span class='ocrx_word' id='word_1_175' title='bbox 885 1427 1124 1495; x_wconf 81' lang='grc' dir='ltr'>ἐφόδους,</span> <span class='ocrx_word' id='word_1_176' title='bbox 1191 1434 1630 1502; x_wconf 78' lang='grc' dir='ltr'>προαπαγγέλλει</span> <span class='ocrx_word' id='word_1_177' title='bbox 1679 1435 1778 1499; x_wconf 75' lang='grc' dir='ltr'>τὰς</span> <span class='ocrx_word' id='word_1_178' title='bbox 1822 1438 2220 1507; x_wconf 72' lang='grc' dir='ltr'>αἰχμαλωσίας,</span> <span class='ocrx_word' id='word_1_179' title='bbox 2291 1441 2742 1511; x_wconf 88' lang='grc' dir='ltr'>προκαταμηνύει</span> <span class='ocrx_word' id='word_1_180' title='bbox 2787 1441 2879 1494; x_wconf 80' lang='grc' dir='ltr'>τὸν</span> <span class='ocrx_word' id='word_1_181' title='bbox 2930 1441 3130 1512; x_wconf 76' lang='grc' dir='ltr'>φόϐονο</span> <span class='ocrx_word' id='word_1_182' title='bbox 3199 1421 3598 1511; x_wconf 83' lang='grc' dir='ltr'>ἐπαγγέλλεται</span> <span class='ocrx_word' id='word_1_183' title='bbox 3641 1444 3741 1513; x_wconf 72' lang='grc' dir='ltr'>τὴν</span> 
     </span>
    </p>
   </div>
   <div class='ocr_carea' id='block_1_18' title="bbox 483 1521 3743 1609">
    <p class='ocr_par' dir='ltr' id='par_1_18' title="bbox 483 1521 3743 1609">
     <span class='ocr_line' id='line_1_18' title="bbox 483 1521 3743 1609; baseline 0.006 -38"><span class='ocrx_word' id='word_1_184' title='bbox 483 1521 803 1588; x_wconf 85' lang='grc' dir='ltr'>ἐπικουρίαν</span> <span class='ocrx_word' id='word_1_185' title='bbox 823 1540 835 1552; x_wconf 88' lang='grc'><strong>·</strong></span> <span class='ocrx_word' id='word_1_186' title='bbox 871 1523 1026 1576; x_wconf 86' lang='grc' dir='ltr'>καλεῖ</span> <span class='ocrx_word' id='word_1_187' title='bbox 1052 1525 1190 1596; x_wconf 82' lang='grc' dir='ltr'>πρὸς</span> <span class='ocrx_word' id='word_1_188' title='bbox 1226 1529 1595 1600; x_wconf 74' lang='grc' dir='ltr'>ἐπιστροφήνο</span> <span class='ocrx_word' id='word_1_189' title='bbox 1643 1531 1740 1584; x_wconf 75' lang='grc' dir='ltr'>καὶ</span> <span class='ocrx_word' id='word_1_190' title='bbox 1783 1533 1959 1596; x_wconf 75' lang='grc' dir='ltr'>οὐδεὶς</span> <span class='ocrx_word' id='word_1_191' title='bbox 1991 1537 2058 1606; x_wconf 79' lang='grc' dir='ltr'>τῇ</span> <span class='ocrx_word' id='word_1_192' title='bbox 2098 1535 2406 1606; x_wconf 74' lang='grc' dir='ltr'>προφητείᾳ</span> <span class='ocrx_word' id='word_1_193' title='bbox 2466 1535 2884 1590; x_wconf 81' lang='grc' dir='ltr'>καταλέλειπται</span> <span class='ocrx_word' id='word_1_194' title='bbox 2947 1536 3104 1606; x_wconf 84' lang='grc' dir='ltr'>λόγος</span> <span class='ocrx_word' id='word_1_195' title='bbox 3143 1538 3177 1606; x_wconf 84' lang='grc' dir='ltr'>ἢ</span> <span class='ocrx_word' id='word_1_196' title='bbox 3218 1538 3416 1609; x_wconf 87' lang='grc' dir='ltr'>τρόπος</span> <span class='ocrx_word' id='word_1_197' title='bbox 3435 1536 3543 1592; x_wconf 83' lang='grc' dir='ltr'>τῶν</span> <span class='ocrx_word' id='word_1_198' title='bbox 3569 1537 3743 1606; x_wconf 72' lang='grc' dir='ltr'>ἀναγσι</span> 
     </span>
    </p>
   </div>
   <div class='ocr_carea' id='block_1_19' title="bbox 483 1613 2481 1702">
    <p class='ocr_par' dir='ltr' id='par_1_19' title="bbox 483 1613 2481 1702">
     <span class='ocr_line' id='line_1_19' title="bbox 483 1613 2481 1702; baseline 0.009 -36"><span class='ocrx_word' id='word_1_199' title='bbox 483 1613 654 1678; x_wconf 76' lang='grc' dir='ltr'>καίων</span> <span class='ocrx_word' id='word_1_200' title='bbox 697 1617 778 1678; x_wconf 86' lang='grc' dir='ltr'>είς</span> <span class='ocrx_word' id='word_1_201' title='bbox 819 1615 1003 1686; x_wconf 78' lang='grc' dir='ltr'>δνησιν</span> <span class='ocrx_word' id='word_1_202' title='bbox 1047 1622 1158 1683; x_wconf 85' lang='grc' dir='ltr'>τοῖς</span> <span class='ocrx_word' id='word_1_203' title='bbox 1202 1623 1514 1691; x_wconf 86' lang='grc' dir='ltr'>τοτηνικάδε</span> <span class='ocrx_word' id='word_1_204' title='bbox 1565 1625 2022 1698; x_wconf 84' lang='grc' dir='ltr'>πεπλανημένοις.</span> <span class='ocrx_word' id='word_1_205' title='bbox 2063 1629 2254 1684; x_wconf 88' lang='grc' dir='ltr'>Τοίνυν</span> <span class='ocrx_word' id='word_1_206' title='bbox 2286 1631 2481 1702; x_wconf 67' lang='grc' dir='ltr'>φησιν’</span> 
     </span>
    </p>
   </div>
   <div class='ocr_carea' id='block_1_20' title="bbox 557 1755 2054 1828">
    <p class='ocr_par' dir='ltr' id='par_1_20' title="bbox 557 1755 2054 1828">
     <span class='ocr_line' id='line_1_20' title="bbox 557 1755 2054 1828; baseline 0.009 -22"><span class='ocrx_word' id='word_1_207' title='bbox 557 1756 660 1825; x_wconf 79' lang='lat' dir='ltr'>lo</span> <span class='ocrx_word' id='word_1_208' title='bbox 686 1755 851 1812; x_wconf 72' lang='lat' dir='ltr'><strong>Vsus.</strong></span> <span class='ocrx_word' id='word_1_209' title='bbox 873 1758 926 1811; x_wconf 74' lang='lat'>‘2.</span> <span class='ocrx_word' id='word_1_210' title='bbox 955 1757 1282 1828; x_wconf 83' lang='lat' dir='ltr'><strong>Principium</strong></span> <span class='ocrx_word' id='word_1_211' title='bbox 1308 1765 1557 1818; x_wconf 76' lang='lat' dir='ltr'>sermonis</span> <span class='ocrx_word' id='word_1_212' title='bbox 1579 1764 1793 1820; x_wconf 79' lang='lat' dir='ltr'>Domini</span> <span class='ocrx_word' id='word_1_213' title='bbox 1815 1767 1884 1819; x_wconf 87' lang='lat' dir='ltr'>ad</span> <span class='ocrx_word' id='word_1_214' title='bbox 1906 1765 2054 1821; x_wconf 67' lang='lat' dir='ltr'><strong>Osee.</strong></span> 
     </span>
    </p>
   </div>
   <div class='ocr_carea' id='block_1_21' title="bbox 480 1844 1288 1920">
    <p class='ocr_par' dir='ltr' id='par_1_21' title="bbox 480 1844 1288 1920">
     <span class='ocr_line' id='line_1_21' title="bbox 480 1844 1288 1920; baseline 0.011 -20"><span class='ocrx_word' id='word_1_215' title='bbox 480 1844 557 1911; x_wconf 72' lang='lat' dir='ltr'><strong>Et</strong></span> <span class='ocrx_word' id='word_1_216' title='bbox 582 1847 719 1901; x_wconf 74' lang='lat' dir='ltr'><strong>dixit</strong></span> <span class='ocrx_word' id='word_1_217' title='bbox 751 1848 1005 1905; x_wconf 79' lang='lat' dir='ltr'>Dominus</span> <span class='ocrx_word' id='word_1_218' title='bbox 1034 1853 1103 1920; x_wconf 81' lang='lat' dir='ltr'>ad</span> <span class='ocrx_word' id='word_1_219' title='bbox 1138 1851 1288 1909; x_wconf 84' lang='lat' dir='ltr'><strong>Osee.</strong></span> 
     </span>
    </p>
   </div>
   <div class='ocr_carea' id='block_1_22' title="bbox 553 1980 2051 2062">
    <p class='ocr_par' dir='ltr' id='par_1_22' title="bbox 553 1980 2051 2062">
     <span class='ocr_line' id='line_1_22' title="bbox 553 1980 2051 2062; baseline 0.009 -28"><span class='ocrx_word' id='word_1_220' title='bbox 553 1980 617 2040; x_wconf 84' lang='grc' dir='ltr'>ιι.</span> <span class='ocrx_word' id='word_1_221' title='bbox 642 1981 987 2053; x_wconf 82' lang='lat' dir='ltr'><strong>lucipitenim</strong></span> <span class='ocrx_word' id='word_1_222' title='bbox 1008 1986 1150 2042; x_wconf 90' lang='lat' dir='ltr'><strong>Deus</strong></span> <span class='ocrx_word' id='word_1_223' title='bbox 1170 1988 1221 2043; x_wconf 87' lang='lat' dir='ltr'>in</span> <span class='ocrx_word' id='word_1_224' title='bbox 1242 1991 1500 2060; x_wconf 73' lang='lat' dir='ltr'>propheta</span> <span class='ocrx_word' id='word_1_225' title='bbox 1516 1991 1756 2046; x_wconf 81' lang='lat' dir='ltr'>revelare</span> <span class='ocrx_word' id='word_1_226' title='bbox 1775 1994 2051 2062; x_wconf 84' lang='lat' dir='ltr'><strong>mysteria,</strong></span> 
     </span>
    </p>
   </div>
   <div class='ocr_carea' id='block_1_23' title="bbox 479 2076 2054 2153">
    <p class='ocr_par' dir='ltr' id='par_1_23' title="bbox 479 2076 2054 2153">
     <span class='ocr_line' id='line_1_23' title="bbox 479 2076 2054 2153; baseline 0.006 -25"><span class='ocrx_word' id='word_1_227' title='bbox 479 2076 775 2130; x_wconf 84' lang='lat' dir='ltr'><strong>secundum</strong></span> <span class='ocrx_word' id='word_1_228' title='bbox 809 2076 938 2132; x_wconf 90' lang='lat' dir='ltr'><strong>illud</strong></span> <span class='ocrx_word' id='word_1_229' title='bbox 967 2079 1173 2149; x_wconf 88' lang='lat' dir='ltr'><strong>utique,</strong></span> <span class='ocrx_word' id='word_1_230' title='bbox 1211 2082 1353 2149; x_wconf 92' lang='lat' dir='ltr'><strong>quod</strong></span> <span class='ocrx_word' id='word_1_231' title='bbox 1385 2081 1453 2136; x_wconf 89' lang='lat' dir='ltr'>ab</span> <span class='ocrx_word' id='word_1_232' title='bbox 1485 2081 1590 2137; x_wconf 87' lang='lat' dir='ltr'><strong>alio</strong></span> <span class='ocrx_word' id='word_1_233' title='bbox 1623 2083 1885 2153; x_wconf 73' lang='lat' dir='ltr'><strong>propheta</strong></span> <span class='ocrx_word' id='word_1_234' title='bbox 1921 2085 2054 2140; x_wconf 83' lang='lat' dir='ltr'><strong>satis</strong></span> 
     </span>
    </p>
   </div>
   <div class='ocr_carea' id='block_1_24' title="bbox 479 2165 2054 2241">
    <p class='ocr_par' dir='ltr' id='par_1_24' title="bbox 479 2165 2054 2241">
     <span class='ocr_line' id='line_1_24' title="bbox 479 2165 2054 2241; baseline 0.007 -23"><span class='ocrx_word' id='word_1_235' title='bbox 479 2174 670 2232; x_wconf 74' lang='lat' dir='ltr'><strong>aperte</strong></span> <span class='ocrx_word' id='word_1_236' title='bbox 703 2165 904 2221; x_wconf 79' lang='lat' dir='ltr'><strong>dictum</strong></span> <span class='ocrx_word' id='word_1_237' title='bbox 950 2177 1035 2223; x_wconf 86' lang='lat' dir='ltr'>est</span> <span class='ocrx_word' id='word_1_238' title='bbox 1071 2189 1086 2224; x_wconf 87' lang='lat'>:</span> <span class='ocrx_word' id='word_1_239' title='bbox 1117 2187 1136 2220; x_wconf 80' lang='grc' dir='ltr'>σ</span> <span class='ocrx_word' id='word_1_240' title='bbox 1191 2168 1366 2241; x_wconf 84' lang='lat' dir='ltr'><strong>Super</strong></span> <span class='ocrx_word' id='word_1_241' title='bbox 1396 2171 1699 2227; x_wconf 73' lang='lat' dir='ltr'>custodiam</span> <span class='ocrx_word' id='word_1_242' title='bbox 1746 2189 1917 2228; x_wconf 87' lang='lat' dir='ltr'><strong>meam</strong></span> <span class='ocrx_word' id='word_1_243' title='bbox 1949 2185 2054 2229; x_wconf 87' lang='lat' dir='ltr'><strong>sta-</strong></span> 
     </span>
    </p>
   </div>
   <div class='ocr_carea' id='block_1_25' title="bbox 475 2256 2054 2335">
    <p class='ocr_par' dir='ltr' id='par_1_25' title="bbox 475 2256 2054 2335">
     <span class='ocr_line' id='line_1_25' title="bbox 475 2256 2054 2335; baseline 0.007 -26"><span class='ocrx_word' id='word_1_244' title='bbox 475 2256 570 2319; x_wconf 89' lang='lat' dir='ltr'>bo,</span> <span class='ocrx_word' id='word_1_245' title='bbox 595 2264 650 2310; x_wconf 82' lang='lat' dir='ltr'>et</span> <span class='ocrx_word' id='word_1_246' title='bbox 673 2257 963 2316; x_wconf 79' lang='lat' dir='ltr'>ascendam</span> <span class='ocrx_word' id='word_1_247' title='bbox 999 2274 1162 2330; x_wconf 87' lang='lat' dir='ltr'><strong>super</strong></span> <span class='ocrx_word' id='word_1_248' title='bbox 1195 2270 1424 2330; x_wconf 85' lang='lat' dir='ltr'><strong>petram,</strong></span> <span class='ocrx_word' id='word_1_249' title='bbox 1461 2272 1515 2316; x_wconf 90' lang='lat' dir='ltr'>et</span> <span class='ocrx_word' id='word_1_250' title='bbox 1535 2265 1960 2335; x_wconf 81' lang='lat' dir='ltr'><strong>coutemplabor,</strong></span> <span class='ocrx_word' id='word_1_251' title='bbox 1995 2276 2054 2320; x_wconf 91' lang='lat' dir='ltr'>ut</span> 
     </span>
    </p>
   </div>
   <div class='ocr_carea' id='block_1_26' title="bbox 472 2345 2050 2419">
    <p class='ocr_par' dir='ltr' id='par_1_26' title="bbox 472 2345 2050 2419">
     <span class='ocr_line' id='line_1_26' title="bbox 472 2345 2050 2419; baseline 0.009 -20"><span class='ocrx_word' id='word_1_252' title='bbox 472 2345 684 2404; x_wconf 81' lang='lat' dir='ltr'><strong>videam</strong></span> <span class='ocrx_word' id='word_1_253' title='bbox 713 2348 840 2418; x_wconf 88' lang='lat' dir='ltr'><strong>quid</strong></span> <span class='ocrx_word' id='word_1_254' title='bbox 869 2349 1121 2419; x_wconf 86' lang='lat' dir='ltr'><strong>loquetur</strong></span> <span class='ocrx_word' id='word_1_255' title='bbox 1152 2352 1204 2406; x_wconf 92' lang='lat' dir='ltr'>in</span> <span class='ocrx_word' id='word_1_256' title='bbox 1245 2368 1331 2409; x_wconf 88' lang='lat' dir='ltr'>me</span> <span class='ocrx_word' id='word_1_257' title='bbox 1371 2355 1631 2410; x_wconf 90' lang='lat' dir='ltr'><strong>Dominus</strong></span> <span class='ocrx_word' id='word_1_258' title='bbox 1660 2353 1907 2411; x_wconf 58' lang='lat' dir='ltr'><strong>Deus‘h</strong></span> <span class='ocrx_word' id='word_1_259' title='bbox 1947 2357 2050 2413; x_wconf 81' lang='lat' dir='ltr'>Rc-</span> 
     </span>
    </p>
   </div>
   <div class='ocr_carea' id='block_1_27' title="bbox 471 2436 2051 2508">
    <p class='ocr_par' dir='ltr' id='par_1_27' title="bbox 471 2436 2051 2508">
     <span class='ocr_line' id='line_1_27' title="bbox 471 2436 2051 2508; baseline 0.01 -22"><span class='ocrx_word' id='word_1_260' title='bbox 471 2436 616 2498; x_wconf 83' lang='lat' dir='ltr'><strong>velat</strong></span> <span class='ocrx_word' id='word_1_261' title='bbox 652 2440 793 2494; x_wconf 88' lang='lat' dir='ltr'><strong>enim</strong></span> <span class='ocrx_word' id='word_1_262' title='bbox 835 2440 1207 2498; x_wconf 80' lang='lat' dir='ltr'><strong>universorum</strong></span> <span class='ocrx_word' id='word_1_263' title='bbox 1237 2443 1400 2508; x_wconf 78' lang='lat' dir='ltr'><strong>Deus,</strong></span> <span class='ocrx_word' id='word_1_264' title='bbox 1434 2443 1558 2498; x_wconf 92' lang='lat' dir='ltr'>dum</span> <span class='ocrx_word' id='word_1_265' title='bbox 1599 2446 1806 2501; x_wconf 83' lang='lat' dir='ltr'><strong>sanctis</strong></span> <span class='ocrx_word' id='word_1_266' title='bbox 1845 2447 2051 2504; x_wconf 81' lang='lat' dir='ltr'><strong>futuro-</strong></span> 
     </span>
    </p>
   </div>
   <div class='ocr_carea' id='block_1_28' title="bbox 472 2529 2047 2599">
    <p class='ocr_par' dir='ltr' id='par_1_28' title="bbox 472 2529 2047 2599">
     <span class='ocr_line' id='line_1_28' title="bbox 472 2529 2047 2599; baseline 0.008 -19"><span class='ocrx_word' id='word_1_267' title='bbox 472 2544 596 2584; x_wconf 87' lang='lat' dir='ltr'>rum</span> <span class='ocrx_word' id='word_1_268' title='bbox 623 2529 872 2596; x_wconf 85' lang='lat' dir='ltr'><strong>notitiam</strong></span> <span class='ocrx_word' id='word_1_269' title='bbox 899 2533 949 2586; x_wconf 94' lang='lat' dir='ltr'>in</span> <span class='ocrx_word' id='word_1_270' title='bbox 977 2535 1216 2599; x_wconf 82' lang='lat' dir='ltr'><strong>animum</strong></span> <span class='ocrx_word' id='word_1_271' title='bbox 1253 2535 1516 2590; x_wconf 86' lang='lat' dir='ltr'><strong>immittit.</strong></span> <span class='ocrx_word' id='word_1_272' title='bbox 1550 2535 1701 2598; x_wconf 83' lang='lat' dir='ltr'><strong>Unde</strong></span> <span class='ocrx_word' id='word_1_273' title='bbox 1727 2538 1914 2593; x_wconf 87' lang='lat' dir='ltr'><strong>beatus</strong></span> <span class='ocrx_word' id='word_1_274' title='bbox 1947 2539 2047 2593; x_wconf 91' lang='lat' dir='ltr'><strong>Da-</strong></span> 
     </span>
    </p>
   </div>
   <div class='ocr_carea' id='block_1_29' title="bbox 470 2622 2046 2696">
    <p class='ocr_par' dir='ltr' id='par_1_29' title="bbox 470 2622 2046 2696">
     <span class='ocr_line' id='line_1_29' title="bbox 470 2622 2046 2696; baseline 0.01 -27"><span class='ocrx_word' id='word_1_275' title='bbox 470 2622 559 2674; x_wconf 83' lang='lat' dir='ltr'>vid</span> <span class='ocrx_word' id='word_1_276' title='bbox 592 2638 607 2676; x_wconf 88' lang='lat'>:</span> <span class='ocrx_word' id='word_1_277' title='bbox 642 2640 662 2674; x_wconf 81' lang='grc' dir='ltr'>ι</span> <span class='ocrx_word' id='word_1_278' title='bbox 699 2623 930 2684; x_wconf 83' lang='lat' dir='ltr'><strong>Audiam</strong></span> <span class='ocrx_word' id='word_1_279' title='bbox 950 2625 1078 2695; x_wconf 92' lang='lat' dir='ltr'><strong>quid</strong></span> <span class='ocrx_word' id='word_1_280' title='bbox 1114 2626 1367 2696; x_wconf 77' lang='lat' dir='ltr'><strong>loquatur</strong></span> <span class='ocrx_word' id='word_1_281' title='bbox 1395 2627 1448 2681; x_wconf 95' lang='lat' dir='ltr'>in</span> <span class='ocrx_word' id='word_1_282' title='bbox 1478 2641 1567 2682; x_wconf 84' lang='lat' dir='ltr'>me</span> <span class='ocrx_word' id='word_1_283' title='bbox 1588 2627 1846 2687; x_wconf 89' lang='lat' dir='ltr'><strong>Dominus</strong></span> <span class='ocrx_word' id='word_1_284' title='bbox 1881 2628 2046 2696; x_wconf 88' lang='lat' dir='ltr'><strong>Deus,</strong></span> 
     </span>
    </p>
   </div>
   <div class='ocr_carea' id='block_1_30' title="bbox 467 2711 2044 2786">
    <p class='ocr_par' dir='ltr' id='par_1_30' title="bbox 467 2711 2044 2786">
     <span class='ocr_line' id='line_1_30' title="bbox 467 2711 2044 2786; baseline 0.006 -22"><span class='ocrx_word' id='word_1_285' title='bbox 467 2711 726 2778; x_wconf 87' lang='lat' dir='ltr'><strong>quoniam</strong></span> <span class='ocrx_word' id='word_1_286' title='bbox 749 2713 998 2783; x_wconf 82' lang='lat' dir='ltr'><strong>loquetur</strong></span> <span class='ocrx_word' id='word_1_287' title='bbox 1015 2729 1203 2785; x_wconf 89' lang='lat' dir='ltr'><strong>pacem</strong></span> <span class='ocrx_word' id='word_1_288' title='bbox 1221 2716 1274 2770; x_wconf 91' lang='lat' dir='ltr'>in</span> <span class='ocrx_word' id='word_1_289' title='bbox 1299 2715 1506 2786; x_wconf 85' lang='lat' dir='ltr'><strong>plebem</strong></span> <span class='ocrx_word' id='word_1_290' title='bbox 1525 2733 1677 2772; x_wconf 85' lang='lat' dir='ltr'><strong>suam</strong></span> <span class='ocrx_word' id='word_1_291' title='bbox 1695 2718 1762 2772; x_wconf 65' lang='grc' dir='ltr'>ι’.</span> <span class='ocrx_word' id='word_1_292' title='bbox 1798 2738 1817 2770; x_wconf 76' lang='grc' dir='ltr'>ι</span> <span class='ocrx_word' id='word_1_293' title='bbox 1844 2719 2044 2774; x_wconf 86' lang='lat' dir='ltr'><strong>Eodem</strong></span> 
     </span>
    </p>
   </div>
   <div class='ocr_carea' id='block_1_31' title="bbox 467 2801 2047 2880">
    <p class='ocr_par' dir='ltr' id='par_1_31' title="bbox 467 2801 2047 2880">
     <span class='ocr_line' id='line_1_31' title="bbox 467 2801 2047 2880; baseline 0.007 -26"><span class='ocrx_word' id='word_1_294' title='bbox 467 2801 630 2856; x_wconf 86' lang='lat' dir='ltr'><strong>modo</strong></span> <span class='ocrx_word' id='word_1_295' title='bbox 659 2812 717 2863; x_wconf 79' lang='lat' dir='ltr'>et</span> <span class='ocrx_word' id='word_1_296' title='bbox 743 2803 935 2865; x_wconf 87' lang='lat' dir='ltr'><strong>beatus</strong></span> <span class='ocrx_word' id='word_1_297' title='bbox 962 2804 1257 2869; x_wconf 76' lang='lat' dir='ltr'><strong>Zacharias</strong></span> <span class='ocrx_word' id='word_1_298' title='bbox 1289 2807 1528 2877; x_wconf 89' lang='lat' dir='ltr'><strong>loquitur</strong></span> <span class='ocrx_word' id='word_1_299' title='bbox 1564 2830 1575 2862; x_wconf 92' lang='lat'>:</span> <span class='ocrx_word' id='word_1_300' title='bbox 1623 2827 1642 2866; x_wconf 72' lang='grc' dir='ltr'>ι</span> <span class='ocrx_word' id='word_1_301' title='bbox 1677 2810 1740 2865; x_wconf 89' lang='lat' dir='ltr'><strong>Et</strong></span> <span class='ocrx_word' id='word_1_302' title='bbox 1769 2811 2047 2880; x_wconf 84' lang='lat' dir='ltr'><strong>respondit</strong></span> 
     </span>
    </p>
   </div>
   <div class='ocr_carea' id='block_1_32' title="bbox 467 2892 2044 2972">
    <p class='ocr_par' dir='ltr' id='par_1_32' title="bbox 467 2892 2044 2972">
     <span class='ocr_line' id='line_1_32' title="bbox 467 2892 2044 2972; baseline 0.009 -28"><span class='ocrx_word' id='word_1_303' title='bbox 467 2892 716 2963; x_wconf 68' lang='lat' dir='ltr'><strong>angelus,</strong></span> <span class='ocrx_word' id='word_1_304' title='bbox 746 2893 972 2965; x_wconf 82' lang='lat' dir='ltr'><strong>loquens</strong></span> <span class='ocrx_word' id='word_1_305' title='bbox 1024 2899 1078 2951; x_wconf 94' lang='lat' dir='ltr'>in</span> <span class='ocrx_word' id='word_1_306' title='bbox 1122 2913 1208 2953; x_wconf 89' lang='lat' dir='ltr'>me</span> <span class='ocrx_word' id='word_1_307' title='bbox 1227 2900 1293 2954; x_wconf 52' lang='lat'>&#39;7’.</span> <span class='ocrx_word' id='word_1_308' title='bbox 1331 2917 1350 2952; x_wconf 75' lang='grc' dir='ltr'>ι</span> <span class='ocrx_word' id='word_1_309' title='bbox 1381 2899 1793 2957; x_wconf 82' lang='lat' dir='ltr'><strong>Consueverunt</strong></span> <span class='ocrx_word' id='word_1_310' title='bbox 1847 2904 2044 2972; x_wconf 80' lang='lat' dir='ltr'><strong>quippe</strong></span> 
     </span>
    </p>
   </div>
   <div class='ocr_carea' id='block_1_33' title="bbox 467 2985 2038 3063">
    <p class='ocr_par' dir='ltr' id='par_1_33' title="bbox 467 2985 2038 3063">
     <span class='ocr_line' id='line_1_33' title="bbox 467 2985 2038 3063; baseline 0.005 -25"><span class='ocrx_word' id='word_1_311' title='bbox 467 2985 644 3042; x_wconf 77' lang='lat' dir='ltr'><strong>sancti</strong></span> <span class='ocrx_word' id='word_1_312' title='bbox 679 2987 956 3056; x_wconf 71' lang='lat' dir='ltr'><strong>propheta:</strong></span> <span class='ocrx_word' id='word_1_313' title='bbox 987 2989 1080 3045; x_wconf 90' lang='lat' dir='ltr'>Dei</span> <span class='ocrx_word' id='word_1_314' title='bbox 1106 3004 1414 3048; x_wconf 82' lang='lat' dir='ltr'><strong>sermonem</strong></span> <span class='ocrx_word' id='word_1_315' title='bbox 1451 2992 1722 3061; x_wconf 88' lang='lat' dir='ltr'><strong>appellare</strong></span> <span class='ocrx_word' id='word_1_316' title='bbox 1769 2994 2038 3063; x_wconf 80' lang='lat' dir='ltr'><strong>angelum,</strong></span> 
     </span>
    </p>
   </div>
   <div class='ocr_carea' id='block_1_34' title="bbox 465 3080 2032 3151">
    <p class='ocr_par' dir='ltr' id='par_1_34' title="bbox 465 3080 2032 3151">
     <span class='ocr_line' id='line_1_34' title="bbox 465 3080 2032 3151; baseline 0.007 -24"><span class='ocrx_word' id='word_1_317' title='bbox 465 3085 653 3144; x_wconf 80' lang='lat' dir='ltr'><strong>utpote</strong></span> <span class='ocrx_word' id='word_1_318' title='bbox 683 3080 1093 3137; x_wconf 80' lang='lat' dir='ltr'><strong>annuntiantem</strong></span> <span class='ocrx_word' id='word_1_319' title='bbox 1129 3081 1280 3151; x_wconf 87' lang='lat' dir='ltr'><strong>ipsis,</strong></span> <span class='ocrx_word' id='word_1_320' title='bbox 1311 3092 1364 3139; x_wconf 89' lang='lat' dir='ltr'>et</span> <span class='ocrx_word' id='word_1_321' title='bbox 1391 3083 1826 3139; x_wconf 76' lang='lat' dir='ltr'><strong>manifestautem</strong></span> <span class='ocrx_word' id='word_1_322' title='bbox 1848 3087 2032 3140; x_wconf 81' lang='lat' dir='ltr'><strong>volun-</strong></span> 
     </span>
    </p>
   </div>
   <div class='ocr_carea' id='block_1_35' title="bbox 2087 1732 2134 1786">
    <p class='ocr_par' dir='ltr' id='par_1_35' title="bbox 2087 1732 2134 1786">
     <span class='ocr_line' id='line_1_35' title="bbox 2087 1732 2134 1786; baseline 0 0"><span class='ocrx_word' id='word_1_323' title='bbox 2087 1732 2134 1786; x_wconf 83' lang='grc' dir='ltr'><strong>Α</strong></span> 
     </span>
    </p>
   </div>
   <div class='ocr_carea' id='block_1_36' title="bbox 2247 1766 3738 1846">
    <p class='ocr_par' dir='ltr' id='par_1_36' title="bbox 2247 1766 3738 1846">
     <span class='ocr_line' id='line_1_36' title="bbox 2247 1766 3738 1846; baseline 0.002 -24"><span class='ocrx_word' id='word_1_324' title='bbox 2247 1768 2426 1838; x_wconf 79' lang='grc' dir='ltr'>Ἀρχὴ</span> <span class='ocrx_word' id='word_1_325' title='bbox 2459 1771 2644 1839; x_wconf 76' lang='grc' dir='ltr'>λόγου</span> <span class='ocrx_word' id='word_1_326' title='bbox 2667 1770 2887 1846; x_wconf 80' lang='grc' dir='ltr'>Κυρίου</span> <span class='ocrx_word' id='word_1_327' title='bbox 2915 1769 2985 1824; x_wconf 86' lang='grc' dir='ltr'>ἐν</span> <span class='ocrx_word' id='word_1_328' title='bbox 3016 1769 3208 1839; x_wconf 85' lang='grc' dir='ltr'>Ὼσηέ.</span> <span class='ocrx_word' id='word_1_329' title='bbox 3234 1770 3344 1826; x_wconf 82' lang='lat' dir='ltr'><strong>Kal</strong></span> <span class='ocrx_word' id='word_1_330' title='bbox 3364 1766 3494 1824; x_wconf 79' lang='grc' dir='ltr'>εἷπε</span> <span class='ocrx_word' id='word_1_331' title='bbox 3520 1770 3738 1838; x_wconf 82' lang='grc' dir='ltr'>Κύριος</span> 
     </span>
    </p>
   </div>
   <div class='ocr_carea' id='block_1_37' title="bbox 2163 1859 2540 1928">
    <p class='ocr_par' dir='ltr' id='par_1_37' title="bbox 2163 1859 2540 1928">
     <span class='ocr_line' id='line_1_37' title="bbox 2163 1859 2540 1928; baseline 0.013 -18"><span class='ocrx_word' id='word_1_332' title='bbox 2163 1859 2312 1927; x_wconf 80' lang='grc' dir='ltr'>πρὸς</span> <span class='ocrx_word' id='word_1_333' title='bbox 2345 1860 2540 1928; x_wconf 76' lang='grc' dir='ltr'>Ὠσηὲ.</span> 
     </span>
    </p>
   </div>
   <div class='ocr_carea' id='block_1_38' title="bbox 2230 1993 3740 2068">
    <p class='ocr_par' dir='ltr' id='par_1_38' title="bbox 2230 1993 3740 2068">
     <span class='ocr_line' id='line_1_38' title="bbox 2230 1993 3740 2068; baseline 0.002 -21"><span class='ocrx_word' id='word_1_334' title='bbox 2230 1996 2304 2050; x_wconf 90' lang='lat' dir='ltr'>B&#39;.</span> <span class='ocrx_word' id='word_1_335' title='bbox 2351 1997 2608 2066; x_wconf 82' lang='grc' dir='ltr'>Ἀρχεται</span> <span class='ocrx_word' id='word_1_336' title='bbox 2637 1997 2737 2068; x_wconf 81' lang='grc' dir='ltr'>μὲν</span> <span class='ocrx_word' id='word_1_337' title='bbox 2763 1996 2872 2068; x_wconf 89' lang='grc' dir='ltr'>γάρ</span> <span class='ocrx_word' id='word_1_338' title='bbox 2901 1998 2957 2049; x_wconf 78' lang='grc' dir='ltr'>ἐν</span> <span class='ocrx_word' id='word_1_339' title='bbox 2984 1995 3062 2065; x_wconf 81' lang='grc' dir='ltr'>τῷ</span> <span class='ocrx_word' id='word_1_340' title='bbox 3093 1997 3345 2067; x_wconf 84' lang='grc' dir='ltr'>προφήτῃ</span> <span class='ocrx_word' id='word_1_341' title='bbox 3367 1993 3499 2056; x_wconf 78' lang='grc' dir='ltr'>Θεὸς</span> <span class='ocrx_word' id='word_1_342' title='bbox 3525 1993 3740 2050; x_wconf 70' lang='grc' dir='ltr'>ἀποκαεε</span> 
     </span>
    </p>
   </div>
   <div class='ocr_carea' id='block_1_39' title="bbox 2159 2080 3734 2159">
    <p class='ocr_par' dir='ltr' id='par_1_39' title="bbox 2159 2080 3734 2159">
     <span class='ocr_line' id='line_1_39' title="bbox 2159 2080 3734 2159; baseline -0.004 -20"><span class='ocrx_word' id='word_1_343' title='bbox 2159 2086 2380 2140; x_wconf 84' lang='grc' dir='ltr'>λύπτειν</span> <span class='ocrx_word' id='word_1_344' title='bbox 2430 2088 2728 2159; x_wconf 85' lang='grc' dir='ltr'>μυστήρια,</span> <span class='ocrx_word' id='word_1_345' title='bbox 2754 2088 2875 2140; x_wconf 90' lang='grc' dir='ltr'>κατ’</span> <span class='ocrx_word' id='word_1_346' title='bbox 2903 2086 3078 2139; x_wconf 87' lang='grc' dir='ltr'>ἐκεῖνό</span> <span class='ocrx_word' id='word_1_347' title='bbox 3125 2102 3230 2138; x_wconf 85' lang='grc' dir='ltr'>που</span> <span class='ocrx_word' id='word_1_348' title='bbox 3283 2083 3519 2146; x_wconf 82' lang='grc' dir='ltr'>πάντως,</span> <span class='ocrx_word' id='word_1_349' title='bbox 3555 2081 3617 2134; x_wconf 81' lang='grc' dir='ltr'>τὸ</span> <span class='ocrx_word' id='word_1_350' title='bbox 3663 2080 3734 2134; x_wconf 86' lang='grc' dir='ltr'>δι’</span> 
     </span>
    </p>
   </div>
   <div class='ocr_carea' id='block_1_40' title="bbox 2159 2174 3731 2250">
    <p class='ocr_par' dir='ltr' id='par_1_40' title="bbox 2159 2174 3731 2250">
     <span class='ocr_line' id='line_1_40' title="bbox 2159 2174 3731 2250; baseline -0.003 -18"><span class='ocrx_word' id='word_1_351' title='bbox 2159 2177 2345 2249; x_wconf 81' lang='grc' dir='ltr'>ἐτέρου</span> <span class='ocrx_word' id='word_1_352' title='bbox 2380 2180 2659 2250; x_wconf 81' lang='grc' dir='ltr'>προφήτου</span> <span class='ocrx_word' id='word_1_353' title='bbox 2685 2177 2869 2248; x_wconf 82' lang='grc' dir='ltr'>σαφῶς</span> <span class='ocrx_word' id='word_1_354' title='bbox 2897 2179 3212 2249; x_wconf 76' lang='grc' dir='ltr'>εἰρημένον·</span> <span class='ocrx_word' id='word_1_355' title='bbox 3245 2196 3262 2229; x_wconf 81' lang='grc' dir='ltr'>ι</span> <span class='ocrx_word' id='word_1_356' title='bbox 3286 2176 3408 2229; x_wconf 70' lang='grc' dir='ltr'>Ἐπὶ</span> <span class='ocrx_word' id='word_1_357' title='bbox 3436 2175 3534 2244; x_wconf 83' lang='grc' dir='ltr'>τῆς</span> <span class='ocrx_word' id='word_1_358' title='bbox 3560 2174 3731 2244; x_wconf 87' lang='grc' dir='ltr'>φυλα-</span> 
     </span>
    </p>
   </div>
   <div class='ocr_carea' id='block_1_41' title="bbox 2158 2264 3734 2338">
    <p class='ocr_par' dir='ltr' id='par_1_41' title="bbox 2158 2264 3734 2338">
     <span class='ocr_line' id='line_1_41' title="bbox 2158 2264 3734 2338; baseline -0.001 -18"><span class='ocrx_word' id='word_1_359' title='bbox 2158 2266 2259 2336; x_wconf 87' lang='grc' dir='ltr'>κῆς</span> <span class='ocrx_word' id='word_1_360' title='bbox 2295 2283 2396 2337; x_wconf 91' lang='grc' dir='ltr'>μου</span> <span class='ocrx_word' id='word_1_361' title='bbox 2425 2267 2716 2338; x_wconf 84' lang='grc' dir='ltr'>στήσομαι,</span> <span class='ocrx_word' id='word_1_362' title='bbox 2742 2267 2837 2320; x_wconf 79' lang='grc' dir='ltr'>καὶ</span> <span class='ocrx_word' id='word_1_363' title='bbox 2882 2267 3219 2338; x_wconf 80' lang='grc' dir='ltr'>ἐπιϐήσομαι</span> <span class='ocrx_word' id='word_1_364' title='bbox 3255 2268 3349 2318; x_wconf 77' lang='grc' dir='ltr'>ἐπὶ</span> <span class='ocrx_word' id='word_1_365' title='bbox 3377 2266 3606 2335; x_wconf 87' lang='grc' dir='ltr'>πέτραν,</span> <span class='ocrx_word' id='word_1_366' title='bbox 3637 2264 3734 2318; x_wconf 75' lang='grc' dir='ltr'>καὶ</span> 
     </span>
    </p>
   </div>
   <div class='ocr_carea' id='block_1_42' title="bbox 2157 2354 3731 2430">
    <p class='ocr_par' dir='ltr' id='par_1_42' title="bbox 2157 2354 3731 2430">
     <span class='ocr_line' id='line_1_42' title="bbox 2157 2354 3731 2430; baseline -0.001 -21"><span class='ocrx_word' id='word_1_367' title='bbox 2157 2356 2556 2414; x_wconf 79' lang='grc' dir='ltr'>ἀποσκοπεύσω</span> <span class='ocrx_word' id='word_1_368' title='bbox 2584 2355 2678 2411; x_wconf 80' lang='grc' dir='ltr'>τοῦ</span> <span class='ocrx_word' id='word_1_369' title='bbox 2712 2357 2839 2412; x_wconf 88' lang='grc' dir='ltr'>ίδείν</span> <span class='ocrx_word' id='word_1_370' title='bbox 2867 2359 2920 2411; x_wconf 87' lang='grc' dir='ltr'>τί</span> <span class='ocrx_word' id='word_1_371' title='bbox 2948 2359 3170 2430; x_wconf 86' lang='grc' dir='ltr'>λαλήσει</span> <span class='ocrx_word' id='word_1_372' title='bbox 3210 2359 3268 2410; x_wconf 87' lang='grc' dir='ltr'>ἐν</span> <span class='ocrx_word' id='word_1_373' title='bbox 3303 2357 3428 2427; x_wconf 74' lang='grc' dir='ltr'>ἐμοὶ</span> <span class='ocrx_word' id='word_1_374' title='bbox 3465 2354 3671 2425; x_wconf 84' lang='grc' dir='ltr'>Κύριος</span> <span class='ocrx_word' id='word_1_375' title='bbox 3701 2356 3731 2408; x_wconf 97' lang='lat'>6</span> 
     </span>
    </p>
   </div>
   <div class='ocr_carea' id='block_1_43' title="bbox 2155 2443 3731 2516">
    <p class='ocr_par' dir='ltr' id='par_1_43' title="bbox 2155 2443 3731 2516">
     <span class='ocr_line' id='line_1_43' title="bbox 2155 2443 3731 2516; baseline -0.001 -18"><span class='ocrx_word' id='word_1_376' title='bbox 2155 2446 2306 2510; x_wconf 84' lang='grc' dir='ltr'>Θεός.</span> <span class='ocrx_word' id='word_1_377' title='bbox 2335 2465 2355 2497; x_wconf 73' lang='grc' dir='ltr'>ι</span> <span class='ocrx_word' id='word_1_378' title='bbox 2376 2447 2776 2501; x_wconf 84' lang='grc' dir='ltr'>Ἀποκαλύπτει</span> <span class='ocrx_word' id='word_1_379' title='bbox 2809 2449 2916 2516; x_wconf 85' lang='grc' dir='ltr'>γὰρ</span> <span class='ocrx_word' id='word_1_380' title='bbox 2947 2449 3059 2509; x_wconf 86' lang='grc' dir='ltr'>τοῖς</span> <span class='ocrx_word' id='word_1_381' title='bbox 3087 2447 3282 2514; x_wconf 89' lang='grc' dir='ltr'>ἀγίοις,</span> <span class='ocrx_word' id='word_1_382' title='bbox 3315 2448 3396 2508; x_wconf 86' lang='grc' dir='ltr'>είς</span> <span class='ocrx_word' id='word_1_383' title='bbox 3419 2443 3543 2498; x_wconf 82' lang='grc' dir='ltr'>νοῦν</span> <span class='ocrx_word' id='word_1_384' title='bbox 3567 2444 3731 2506; x_wconf 78' lang='grc' dir='ltr'>ἐνιεὶς</span> 
     </span>
    </p>
   </div>
   <div class='ocr_carea' id='block_1_44' title="bbox 2153 2535 3730 2612">
    <p class='ocr_par' dir='ltr' id='par_1_44' title="bbox 2153 2535 3730 2612">
     <span class='ocr_line' id='line_1_44' title="bbox 2153 2535 3730 2612; baseline -0.003 -16"><span class='ocrx_word' id='word_1_385' title='bbox 2153 2539 2262 2596; x_wconf 81' lang='grc' dir='ltr'>τῶν</span> <span class='ocrx_word' id='word_1_386' title='bbox 2289 2540 2561 2612; x_wconf 76' lang='grc' dir='ltr'>ἐσομένων</span> <span class='ocrx_word' id='word_1_387' title='bbox 2587 2541 2686 2612; x_wconf 82' lang='grc' dir='ltr'>τὴν</span> <span class='ocrx_word' id='word_1_388' title='bbox 2715 2541 2915 2610; x_wconf 85' lang='grc' dir='ltr'>γνῶσιν</span> <span class='ocrx_word' id='word_1_389' title='bbox 2942 2542 2973 2599; x_wconf 83' lang='lat'>6</span> <span class='ocrx_word' id='word_1_390' title='bbox 2997 2540 3105 2594; x_wconf 87' lang='grc' dir='ltr'>τῶν</span> <span class='ocrx_word' id='word_1_391' title='bbox 3137 2539 3273 2594; x_wconf 81' lang='grc' dir='ltr'>ὅλων</span> <span class='ocrx_word' id='word_1_392' title='bbox 3297 2537 3575 2601; x_wconf 73' lang='grc' dir='ltr'>Θεός.Καὶ</span> <span class='ocrx_word' id='word_1_393' title='bbox 3597 2535 3730 2605; x_wconf 83' lang='grc' dir='ltr'>γοῦν</span> 
     </span>
    </p>
   </div>
   <div class='ocr_carea' id='block_1_45' title="bbox 2153 2628 3730 2706">
    <p class='ocr_par' dir='ltr' id='par_1_45' title="bbox 2153 2628 3730 2706">
     <span class='ocr_line' id='line_1_45' title="bbox 2153 2628 3730 2706; baseline -0.004 -20"><span class='ocrx_word' id='word_1_394' title='bbox 2153 2636 2182 2686; x_wconf 89' lang='grc' dir='ltr'>ὁ</span> <span class='ocrx_word' id='word_1_395' title='bbox 2217 2634 2485 2706; x_wconf 80' lang='grc' dir='ltr'>μακάριός</span> <span class='ocrx_word' id='word_1_396' title='bbox 2527 2651 2658 2704; x_wconf 88' lang='grc' dir='ltr'>φησι</span> <span class='ocrx_word' id='word_1_397' title='bbox 2689 2632 2873 2688; x_wconf 57' lang='grc' dir='ltr'>Δαϐίδι</span> <span class='ocrx_word' id='word_1_398' title='bbox 2910 2650 2929 2684; x_wconf 87' lang='grc'><em>‹</em></span> <span class='ocrx_word' id='word_1_399' title='bbox 2952 2630 3280 2701; x_wconf 83' lang='grc' dir='ltr'>Ἀκούσομαι</span> <span class='ocrx_word' id='word_1_400' title='bbox 3320 2630 3375 2682; x_wconf 91' lang='grc' dir='ltr'>τί</span> <span class='ocrx_word' id='word_1_401' title='bbox 3414 2629 3638 2698; x_wconf 80' lang='grc' dir='ltr'>λαλήσει</span> <span class='ocrx_word' id='word_1_402' title='bbox 3669 2628 3730 2680; x_wconf 89' lang='grc' dir='ltr'>ἐν</span> 
     </span>
    </p>
   </div>
   <div class='ocr_carea' id='block_1_46' title="bbox 2151 2716 3729 2796">
    <p class='ocr_par' dir='ltr' id='par_1_46' title="bbox 2151 2716 3729 2796">
     <span class='ocr_line' id='line_1_46' title="bbox 2151 2716 3729 2796; baseline -0.003 -21"><span class='ocrx_word' id='word_1_403' title='bbox 2151 2725 2276 2794; x_wconf 80' lang='grc' dir='ltr'>ἐμοὶ</span> <span class='ocrx_word' id='word_1_404' title='bbox 2300 2725 2502 2796; x_wconf 82' lang='grc' dir='ltr'>Κύριος</span> <span class='ocrx_word' id='word_1_405' title='bbox 2524 2724 2553 2776; x_wconf 88' lang='lat'>6</span> <span class='ocrx_word' id='word_1_406' title='bbox 2585 2723 2739 2787; x_wconf 80' lang='grc' dir='ltr'>Θεὸς,</span> <span class='ocrx_word' id='word_1_407' title='bbox 2760 2724 2844 2777; x_wconf 80' lang='grc' dir='ltr'>ὅτι</span> <span class='ocrx_word' id='word_1_408' title='bbox 2876 2722 3101 2794; x_wconf 88' lang='grc' dir='ltr'>λαλήσει</span> <span class='ocrx_word' id='word_1_409' title='bbox 3125 2722 3346 2792; x_wconf 72' lang='grc' dir='ltr'>εἰρήνην</span> <span class='ocrx_word' id='word_1_410' title='bbox 3371 2719 3464 2773; x_wconf 76' lang='grc' dir='ltr'>ἐπὶ</span> <span class='ocrx_word' id='word_1_411' title='bbox 3490 2718 3581 2772; x_wconf 78' lang='grc' dir='ltr'>τὸν</span> <span class='ocrx_word' id='word_1_412' title='bbox 3602 2716 3729 2771; x_wconf 85' lang='grc' dir='ltr'>λαὸν</span> 
     </span>
    </p>
   </div>
   <div class='ocr_carea' id='block_1_47' title="bbox 2151 2809 3730 2884">
    <p class='ocr_par' dir='ltr' id='par_1_47' title="bbox 2151 2809 3730 2884">
     <span class='ocr_line' id='line_1_47' title="bbox 2151 2809 3730 2884; baseline 0.001 -18"><span class='ocrx_word' id='word_1_413' title='bbox 2151 2814 2336 2867; x_wconf 83' lang='grc' dir='ltr'>αὑτοῦ.</span> <span class='ocrx_word' id='word_1_414' title='bbox 2371 2833 2390 2866; x_wconf 75' lang='grc' dir='ltr'>ι</span> <span class='ocrx_word' id='word_1_415' title='bbox 2421 2813 2585 2868; x_wconf 78' lang='grc' dir='ltr'>Οὐδὲν</span> <span class='ocrx_word' id='word_1_416' title='bbox 2611 2813 2667 2867; x_wconf 82' lang='grc' dir='ltr'>δέ</span> <span class='ocrx_word' id='word_1_417' title='bbox 2692 2809 2856 2884; x_wconf 80' lang='grc' dir='ltr'>ἦττον</span> <span class='ocrx_word' id='word_1_418' title='bbox 2879 2814 3010 2884; x_wconf 79' lang='grc' dir='ltr'>ἡμῖν</span> <span class='ocrx_word' id='word_1_419' title='bbox 3037 2813 3131 2874; x_wconf 76' lang='grc' dir='ltr'>καὶ</span> <span class='ocrx_word' id='word_1_420' title='bbox 3159 2812 3188 2863; x_wconf 91' lang='lat'>6</span> <span class='ocrx_word' id='word_1_421' title='bbox 3224 2811 3492 2881; x_wconf 75' lang='grc' dir='ltr'>μακάριος</span> <span class='ocrx_word' id='word_1_422' title='bbox 3514 2809 3730 2880; x_wconf 78' lang='grc' dir='ltr'>προφή-</span> 
     </span>
    </p>
   </div>
   <div class='ocr_carea' id='block_1_48' title="bbox 2148 2899 3723 2974">
    <p class='ocr_par' dir='ltr' id='par_1_48' title="bbox 2148 2899 3723 2974">
     <span class='ocr_line' id='line_1_48' title="bbox 2148 2899 3723 2974; baseline -0.003 -17"><span class='ocrx_word' id='word_1_423' title='bbox 2148 2921 2249 2974; x_wconf 85' lang='grc' dir='ltr'>της</span> <span class='ocrx_word' id='word_1_424' title='bbox 2284 2905 2555 2974; x_wconf 85' lang='grc' dir='ltr'>Ζαχαρίας</span> <span class='ocrx_word' id='word_1_425' title='bbox 2587 2904 2678 2956; x_wconf 87' lang='grc' dir='ltr'>διά</span> <span class='ocrx_word' id='word_1_426' title='bbox 2697 2903 2806 2956; x_wconf 82' lang='grc' dir='ltr'>τῶν</span> <span class='ocrx_word' id='word_1_427' title='bbox 2833 2903 2964 2956; x_wconf 85' lang='grc' dir='ltr'>ῐσων</span> <span class='ocrx_word' id='word_1_428' title='bbox 2987 2902 3205 2974; x_wconf 75' lang='grc' dir='ltr'>ἔρχεται</span> <span class='ocrx_word' id='word_1_429' title='bbox 3227 2901 3430 2970; x_wconf 60' lang='grc' dir='ltr'>λόγων</span> <span class='ocrx_word' id='word_1_430' title='bbox 3457 2899 3560 2970; x_wconf 77' lang='grc' dir='ltr'>ἔφη</span> <span class='ocrx_word' id='word_1_431' title='bbox 3581 2899 3690 2970; x_wconf 86' lang='grc' dir='ltr'>γάρ</span> <span class='ocrx_word' id='word_1_432' title='bbox 3706 2914 3723 2930; x_wconf 81' lang='grc'><strong><em>⁸</em></strong></span> 
     </span>
    </p>
   </div>
   <div class='ocr_carea' id='block_1_49' title="bbox 2155 2989 3727 3062">
    <p class='ocr_par' dir='ltr' id='par_1_49' title="bbox 2155 2989 3727 3062">
     <span class='ocr_line' id='line_1_49' title="bbox 2155 2989 3727 3062; baseline -0.001 -18"><span class='ocrx_word' id='word_1_433' title='bbox 2155 3011 2174 3043; x_wconf 75' lang='grc' dir='ltr'>ι</span> <span class='ocrx_word' id='word_1_434' title='bbox 2207 2993 2317 3044; x_wconf 74' lang='grc' dir='ltr'>Καὶ</span> <span class='ocrx_word' id='word_1_435' title='bbox 2361 2993 2634 3062; x_wconf 86' lang='grc' dir='ltr'>ἀπεκρίθη</span> <span class='ocrx_word' id='word_1_436' title='bbox 2683 2995 2712 3045; x_wconf 90' lang='grc' dir='ltr'>ό</span> <span class='ocrx_word' id='word_1_437' title='bbox 2757 2991 2986 3061; x_wconf 79' lang='grc' dir='ltr'>ἄγγελος</span> <span class='ocrx_word' id='word_1_438' title='bbox 3033 2994 3063 3045; x_wconf 89' lang='lat'>6</span> <span class='ocrx_word' id='word_1_439' title='bbox 3114 2990 3291 3045; x_wconf 83' lang='grc' dir='ltr'>λαλῶν</span> <span class='ocrx_word' id='word_1_440' title='bbox 3318 2993 3376 3044; x_wconf 86' lang='grc' dir='ltr'>ἐν</span> <span class='ocrx_word' id='word_1_441' title='bbox 3406 2989 3550 3061; x_wconf 82' lang='grc' dir='ltr'>ἐμοί.</span> <span class='ocrx_word' id='word_1_442' title='bbox 3583 3009 3603 3042; x_wconf 69' lang='grc' dir='ltr'>ι</span> <span class='ocrx_word' id='word_1_443' title='bbox 3637 2989 3727 3043; x_wconf 80' lang='grc' dir='ltr'>Ἐν</span> 
     </span>
    </p>
   </div>
   <div class='ocr_carea' id='block_1_50' title="bbox 2148 3079 3726 3156">
    <p class='ocr_par' dir='ltr' id='par_1_50' title="bbox 2148 3079 3726 3156">
     <span class='ocr_line' id='line_1_50' title="bbox 2148 3079 3726 3156; baseline -0.001 -20"><span class='ocrx_word' id='word_1_444' title='bbox 2148 3083 2260 3136; x_wconf 81' lang='grc' dir='ltr'>ἐοει</span> <span class='ocrx_word' id='word_1_445' title='bbox 2285 3082 2394 3156; x_wconf 81' lang='grc' dir='ltr'>γὰρ</span> <span class='ocrx_word' id='word_1_446' title='bbox 2426 3079 2495 3154; x_wconf 82' lang='grc' dir='ltr'>ἦν</span> <span class='ocrx_word' id='word_1_447' title='bbox 2520 3087 2628 3148; x_wconf 88' lang='grc' dir='ltr'>τοῖς</span> <span class='ocrx_word' id='word_1_448' title='bbox 2677 3084 2734 3136; x_wconf 85' lang='grc' dir='ltr'>ἐν</span> <span class='ocrx_word' id='word_1_449' title='bbox 2781 3084 2959 3152; x_wconf 83' lang='grc' dir='ltr'>ἁγίοις</span> <span class='ocrx_word' id='word_1_450' title='bbox 2987 3084 3290 3154; x_wconf 83' lang='grc' dir='ltr'>προφήταις</span> <span class='ocrx_word' id='word_1_451' title='bbox 3332 3081 3561 3150; x_wconf 79' lang='grc' dir='ltr'>ἄγγελον</span> <span class='ocrx_word' id='word_1_452' title='bbox 3588 3082 3726 3134; x_wconf 82' lang='grc' dir='ltr'>ἀπο·</span> 
     </span>
    </p>
   </div>
   <div class='ocr_carea' id='block_1_51' title="bbox 467 3155 2042 3245">
    <p class='ocr_par' dir='ltr' id='par_1_51' title="bbox 467 3167 2042 3245">
     <span class='ocr_line' id='line_1_51' title="bbox 467 3167 2042 3245; baseline 0.003 -20"><span class='ocrx_word' id='word_1_453' title='bbox 467 3177 632 3225; x_wconf 84' lang='lat' dir='ltr'><strong>latcm</strong></span> <span class='ocrx_word' id='word_1_454' title='bbox 662 3168 756 3224; x_wconf 88' lang='lat' dir='ltr'>Dei</span> <span class='ocrx_word' id='word_1_455' title='bbox 791 3167 986 3225; x_wconf 84' lang='lat' dir='ltr'><strong>Patris.</strong></span> <span class='ocrx_word' id='word_1_456' title='bbox 1020 3172 1171 3238; x_wconf 85' lang='lat' dir='ltr'><strong>Quod</strong></span> <span class='ocrx_word' id='word_1_457' title='bbox 1216 3175 1341 3229; x_wconf 86' lang='lat' dir='ltr'><strong>item</strong></span> <span class='ocrx_word' id='word_1_458' title='bbox 1385 3175 1645 3245; x_wconf 84' lang='lat' dir='ltr'><strong>propheta</strong></span> <span class='ocrx_word' id='word_1_459' title='bbox 1680 3176 1847 3231; x_wconf 87' lang='lat' dir='ltr'><strong>Isaias</strong></span> <span class='ocrx_word' id='word_1_460' title='bbox 1879 3185 2042 3233; x_wconf 85' lang='lat' dir='ltr'><strong>testa-</strong></span> 
     </span>
    </p>
   </div>
   <div class='ocr_carea' id='block_1_52' title="bbox 2146 3155 3722 3245">
    <p class='ocr_par' dir='ltr' id='par_1_52' title="bbox 2149 3155 3722 3243">
     <span class='ocr_line' id='line_1_52' title="bbox 2149 3155 3722 3243; baseline -0.004 -12"><span class='ocrx_word' id='word_1_461' title='bbox 2149 3178 2336 3232; x_wconf 70' lang='grc' dir='ltr'>καιεῖν</span> <span class='ocrx_word' id='word_1_462' title='bbox 2364 3155 2454 3230; x_wconf 79' lang='grc' dir='ltr'>τὸν</span> <span class='ocrx_word' id='word_1_463' title='bbox 2484 3177 2579 3230; x_wconf 78' lang='grc' dir='ltr'>τοῦ</span> <span class='ocrx_word' id='word_1_464' title='bbox 2609 3176 2746 3230; x_wconf 81' lang='grc' dir='ltr'>Θεοῦ</span> <span class='ocrx_word' id='word_1_465' title='bbox 2781 3176 2959 3243; x_wconf 88' lang='grc' dir='ltr'>λόγον,</span> <span class='ocrx_word' id='word_1_466' title='bbox 3001 3177 3077 3239; x_wconf 86' lang='grc' dir='ltr'>ὡς</span> <span class='ocrx_word' id='word_1_467' title='bbox 3102 3175 3513 3243; x_wconf 82' lang='grc' dir='ltr'>ἀπαγγέλλοντά</span> <span class='ocrx_word' id='word_1_468' title='bbox 3537 3190 3597 3226; x_wconf 86' lang='grc' dir='ltr'>τε</span> <span class='ocrx_word' id='word_1_469' title='bbox 3622 3173 3722 3228; x_wconf 84' lang='grc' dir='ltr'>αὐ-</span> 
     </span>
    </p>
   </div>
   <div class='ocr_carea' id='block_1_53' title="bbox 467 3261 2044 3335">
    <p class='ocr_par' dir='ltr' id='par_1_53' title="bbox 467 3261 2044 3335">
     <span class='ocr_line' id='line_1_53' title="bbox 467 3261 2044 3335; baseline 0.006 -25"><span class='ocrx_word' id='word_1_470' title='bbox 467 3271 600 3315; x_wconf 84' lang='lat' dir='ltr'><strong>tur:</strong></span> <span class='ocrx_word' id='word_1_471' title='bbox 635 3278 659 3315; x_wconf 69' lang='grc' dir='ltr'>ι</span> <span class='ocrx_word' id='word_1_472' title='bbox 711 3261 845 3329; x_wconf 82' lang='lat' dir='ltr'><strong>Quia</strong></span> <span class='ocrx_word' id='word_1_473' title='bbox 874 3278 1088 3320; x_wconf 90' lang='lat' dir='ltr'><strong>omnem</strong></span> <span class='ocrx_word' id='word_1_474' title='bbox 1121 3264 1318 3322; x_wconf 81' lang='lat' dir='ltr'><strong>stolam</strong></span> <span class='ocrx_word' id='word_1_475' title='bbox 1371 3276 1752 3335; x_wconf 73' lang='lat' dir='ltr'><strong>congregatam</strong></span> <span class='ocrx_word' id='word_1_476' title='bbox 1801 3267 1945 3332; x_wconf 78' lang='lat' dir='ltr'><strong>dolo,</strong></span> <span class='ocrx_word' id='word_1_477' title='bbox 1990 3276 2044 3320; x_wconf 88' lang='lat' dir='ltr'>et</span> 
     </span>
    </p>
   </div>
   <div class='ocr_carea' id='block_1_54' title="bbox 466 3353 2045 3421">
    <p class='ocr_par' dir='ltr' id='par_1_54' title="bbox 466 3353 2045 3421">
     <span class='ocr_line' id='line_1_54' title="bbox 466 3353 2045 3421; baseline 0.004 -14"><span class='ocrx_word' id='word_1_478' title='bbox 466 3353 847 3415; x_wconf 66' lang='lat' dir='ltr'><strong>vestimentum</strong></span> <span class='ocrx_word' id='word_1_479' title='bbox 893 3371 1014 3410; x_wconf 92' lang='lat' dir='ltr'>cum</span> <span class='ocrx_word' id='word_1_480' title='bbox 1057 3359 1480 3415; x_wconf 81' lang='lat' dir='ltr'><strong>commutatione</strong></span> <span class='ocrx_word' id='word_1_481' title='bbox 1515 3360 1819 3421; x_wconf 88' lang='lat' dir='ltr'><strong>restituent,</strong></span> <span class='ocrx_word' id='word_1_482' title='bbox 1862 3367 1914 3414; x_wconf 89' lang='lat' dir='ltr'>et</span> <span class='ocrx_word' id='word_1_483' title='bbox 1957 3374 2045 3413; x_wconf 85' lang='lat' dir='ltr'><strong>vo-</strong></span> 
     </span>
    </p>
   </div>
   <div class='ocr_carea' id='block_1_55' title="bbox 464 3444 2045 3519">
    <p class='ocr_par' dir='ltr' id='par_1_55' title="bbox 464 3444 2045 3519">
     <span class='ocr_line' id='line_1_55' title="bbox 464 3444 2045 3519; baseline 0.003 -21"><span class='ocrx_word' id='word_1_484' title='bbox 464 3444 602 3508; x_wconf 87' lang='lat' dir='ltr'><strong>lent,</strong></span> <span class='ocrx_word' id='word_1_485' title='bbox 635 3445 685 3505; x_wconf 81' lang='lat' dir='ltr'>si</span> <span class='ocrx_word' id='word_1_486' title='bbox 715 3445 935 3506; x_wconf 69' lang='lat' dir='ltr'><strong>{tierunt</strong></span> <span class='ocrx_word' id='word_1_487' title='bbox 969 3448 1091 3518; x_wconf 83' lang='lat' dir='ltr'><strong>igne</strong></span> <span class='ocrx_word' id='word_1_488' title='bbox 1123 3449 1413 3513; x_wconf 86' lang='lat' dir='ltr'><strong>combusti,</strong></span> <span class='ocrx_word' id='word_1_489' title='bbox 1452 3451 1576 3519; x_wconf 85' lang='lat' dir='ltr'><strong>quia</strong></span> <span class='ocrx_word' id='word_1_490' title='bbox 1615 3465 1748 3518; x_wconf 83' lang='lat' dir='ltr'><strong>puer</strong></span> <span class='ocrx_word' id='word_1_491' title='bbox 1774 3457 1934 3504; x_wconf 89' lang='lat' dir='ltr'><strong>natus</strong></span> <span class='ocrx_word' id='word_1_492' title='bbox 1962 3459 2045 3503; x_wconf 90' lang='lat' dir='ltr'>est</span> 
     </span>
    </p>
   </div>
   <div class='ocr_carea' id='block_1_56' title="bbox 466 3536 2044 3610">
    <p class='ocr_par' dir='ltr' id='par_1_56' title="bbox 466 3536 2044 3610">
     <span class='ocr_line' id='line_1_56' title="bbox 466 3536 2044 3610; baseline 0.004 -21"><span class='ocrx_word' id='word_1_493' title='bbox 466 3536 643 3600; x_wconf 83' lang='lat' dir='ltr'><strong>nobis,</strong></span> <span class='ocrx_word' id='word_1_494' title='bbox 669 3546 724 3592; x_wconf 90' lang='lat' dir='ltr'>et</span> <span class='ocrx_word' id='word_1_495' title='bbox 756 3547 986 3592; x_wconf 80' lang='lat' dir='ltr'><strong>vocatur</strong></span> <span class='ocrx_word' id='word_1_496' title='bbox 1016 3553 1209 3595; x_wconf 89' lang='lat' dir='ltr'><strong>nomen</strong></span> <span class='ocrx_word' id='word_1_497' title='bbox 1242 3539 1380 3608; x_wconf 82' lang='lat' dir='ltr'><strong>ejus,</strong></span> <span class='ocrx_word' id='word_1_498' title='bbox 1412 3542 1594 3610; x_wconf 76' lang='lat' dir='ltr'><strong>magni</strong></span> <span class='ocrx_word' id='word_1_499' title='bbox 1629 3539 1841 3594; x_wconf 88' lang='lat' dir='ltr'><strong>consilii</strong></span> <span class='ocrx_word' id='word_1_500' title='bbox 1865 3541 2044 3610; x_wconf 84' lang='lat' dir='ltr'><strong>Ange-</strong></span> 
     </span>
    </p>
   </div>
   <div class='ocr_carea' id='block_1_57' title="bbox 464 3629 2039 3697">
    <p class='ocr_par' dir='ltr' id='par_1_57' title="bbox 464 3629 2039 3697">
     <span class='ocr_line' id='line_1_57' title="bbox 464 3629 2039 3697; baseline 0.003 -18"><span class='ocrx_word' id='word_1_501' title='bbox 464 3629 548 3683; x_wconf 85' lang='lat' dir='ltr'>lus</span> <span class='ocrx_word' id='word_1_502' title='bbox 591 3629 658 3682; x_wconf 66' lang='grc'>⁸⁵.</span> <span class='ocrx_word' id='word_1_503' title='bbox 702 3647 722 3685; x_wconf 71' lang='grc' dir='ltr'>ι</span> <span class='ocrx_word' id='word_1_504' title='bbox 760 3629 951 3686; x_wconf 84' lang='lat' dir='ltr'><strong>Fuisse</strong></span> <span class='ocrx_word' id='word_1_505' title='bbox 990 3640 1174 3691; x_wconf 89' lang='lat' dir='ltr'><strong>autem</strong></span> <span class='ocrx_word' id='word_1_506' title='bbox 1221 3635 1460 3697; x_wconf 84' lang='lat' dir='ltr'><strong>tenuem,</strong></span> <span class='ocrx_word' id='word_1_507' title='bbox 1521 3647 1623 3687; x_wconf 90' lang='lat' dir='ltr'>nec</span> <span class='ocrx_word' id='word_1_508' title='bbox 1679 3642 1788 3685; x_wconf 88' lang='lat' dir='ltr'>tam</span> <span class='ocrx_word' id='word_1_509' title='bbox 1837 3630 2039 3686; x_wconf 87' lang='lat' dir='ltr'><strong>claram</strong></span> 
     </span>
    </p>
   </div>
   <div class='ocr_carea' id='block_1_58' title="bbox 465 3721 2042 3794">
    <p class='ocr_par' dir='ltr' id='par_1_58' title="bbox 465 3721 2042 3794">
     <span class='ocr_line' id='line_1_58' title="bbox 465 3721 2042 3794; baseline 0.004 -20"><span class='ocrx_word' id='word_1_510' title='bbox 465 3721 854 3781; x_wconf 81' lang='lat' dir='ltr'><strong>revelationem</strong></span> <span class='ocrx_word' id='word_1_511' title='bbox 892 3722 944 3777; x_wconf 93' lang='lat' dir='ltr'>in</span> <span class='ocrx_word' id='word_1_512' title='bbox 976 3723 1201 3788; x_wconf 88' lang='lat' dir='ltr'><strong>sanctis,</strong></span> <span class='ocrx_word' id='word_1_513' title='bbox 1227 3739 1328 3783; x_wconf 87' lang='lat' dir='ltr'>nec</span> <span class='ocrx_word' id='word_1_514' title='bbox 1359 3724 1565 3794; x_wconf 78' lang='lat' dir='ltr'><strong>lingua,</strong></span> <span class='ocrx_word' id='word_1_515' title='bbox 1599 3734 1652 3778; x_wconf 90' lang='lat' dir='ltr'>et</span> <span class='ocrx_word' id='word_1_516' title='bbox 1681 3724 1859 3778; x_wconf 81' lang='lat' dir='ltr'><strong>verbis</strong></span> <span class='ocrx_word' id='word_1_517' title='bbox 1891 3739 2042 3780; x_wconf 88' lang='lat' dir='ltr'><strong>more</strong></span> 
     </span>
    </p>
   </div>
   <div class='ocr_carea' id='block_1_59' title="bbox 463 3812 2040 3884">
    <p class='ocr_par' dir='ltr' id='par_1_59' title="bbox 463 3812 2040 3884">
     <span class='ocr_line' id='line_1_59' title="bbox 463 3812 2040 3884; baseline 0.002 -19"><span class='ocrx_word' id='word_1_518' title='bbox 463 3822 651 3868; x_wconf 87' lang='lat' dir='ltr'><strong>nostro</strong></span> <span class='ocrx_word' id='word_1_519' title='bbox 680 3819 1039 3876; x_wconf 81' lang='lat' dir='ltr'><strong>constantem,</strong></span> <span class='ocrx_word' id='word_1_520' title='bbox 1066 3813 1224 3884; x_wconf 87' lang='lat' dir='ltr'><strong>plane</strong></span> <span class='ocrx_word' id='word_1_521' title='bbox 1262 3813 1418 3869; x_wconf 83' lang='lat' dir='ltr'><strong>ﬁdem</strong></span> <span class='ocrx_word' id='word_1_522' title='bbox 1453 3813 1610 3867; x_wconf 89' lang='lat' dir='ltr'><strong>nobis</strong></span> <span class='ocrx_word' id='word_1_523' title='bbox 1638 3813 1800 3868; x_wconf 76' lang='lat' dir='ltr'><strong>faciet</strong></span> <span class='ocrx_word' id='word_1_524' title='bbox 1845 3812 2040 3869; x_wconf 79' lang='lat' dir='ltr'><strong>Paulus</strong></span> 
     </span>
    </p>
   </div>
   <div class='ocr_carea' id='block_1_60' title="bbox 463 3901 2037 3974">
    <p class='ocr_par' dir='ltr' id='par_1_60' title="bbox 463 3901 2037 3974">
     <span class='ocr_line' id='line_1_60' title="bbox 463 3901 2037 3974; baseline 0.003 -21"><span class='ocrx_word' id='word_1_525' title='bbox 463 3901 747 3962; x_wconf 82' lang='lat' dir='ltr'><strong>scribens:</strong></span> <span class='ocrx_word' id='word_1_526' title='bbox 787 3920 807 3954; x_wconf 74' lang='grc' dir='ltr'>ι</span> <span class='ocrx_word' id='word_1_527' title='bbox 838 3903 919 3957; x_wconf 82' lang='lat' dir='ltr'><strong>An</strong></span> <span class='ocrx_word' id='word_1_528' title='bbox 946 3903 1374 3971; x_wconf 75' lang='lat' dir='ltr'><strong>experimentum</strong></span> <span class='ocrx_word' id='word_1_529' title='bbox 1419 3903 1664 3970; x_wconf 68' lang='lat' dir='ltr'><strong>quaeritis</strong></span> <span class='ocrx_word' id='word_1_530' title='bbox 1688 3902 1805 3970; x_wconf 85' lang='lat' dir='ltr'><strong>ejus</strong></span> <span class='ocrx_word' id='word_1_531' title='bbox 1845 3905 1937 3974; x_wconf 89' lang='lat' dir='ltr'>qui</span> <span class='ocrx_word' id='word_1_532' title='bbox 1985 3905 2037 3958; x_wconf 92' lang='lat' dir='ltr'>in</span> 
     </span>
    </p>
   </div>
   <div class='ocr_carea' id='block_1_61' title="bbox 465 3992 2036 4062">
    <p class='ocr_par' dir='ltr' id='par_1_61' title="bbox 465 3992 2036 4062">
     <span class='ocr_line' id='line_1_61' title="bbox 465 3992 2036 4062; baseline 0.004 -18"><span class='ocrx_word' id='word_1_533' title='bbox 465 4007 552 4046; x_wconf 86' lang='lat' dir='ltr'>me</span> <span class='ocrx_word' id='word_1_534' title='bbox 579 3993 814 4062; x_wconf 84' lang='lat' dir='ltr'><strong>loquitur</strong></span> <span class='ocrx_word' id='word_1_535' title='bbox 835 3992 1085 4049; x_wconf 89' lang='lat' dir='ltr'><strong>Christus</strong></span> <span class='ocrx_word' id='word_1_536' title='bbox 1109 3995 1190 4048; x_wconf 70' lang='lat'>&#39;9?</span> <span class='ocrx_word' id='word_1_537' title='bbox 1242 4013 1260 4046; x_wconf 73' lang='grc' dir='ltr'>ι</span> <span class='ocrx_word' id='word_1_538' title='bbox 1307 3993 1667 4060; x_wconf 86' lang='lat' dir='ltr'><strong>Quamobrem</strong></span> <span class='ocrx_word' id='word_1_539' title='bbox 1701 3997 1899 4062; x_wconf 85' lang='lat' dir='ltr'><strong>dicere,</strong></span> <span class='ocrx_word' id='word_1_540' title='bbox 1945 3997 2036 4051; x_wconf 89' lang='lat' dir='ltr'>Dei</span> 
     </span>
    </p>
   </div>
   <div class='ocr_carea' id='block_1_62' title="bbox 461 4085 2039 4155">
    <p class='ocr_par' dir='ltr' id='par_1_62' title="bbox 461 4085 2039 4155">
     <span class='ocr_line' id='line_1_62' title="bbox 461 4085 2039 4155; baseline 0.003 -19"><span class='ocrx_word' id='word_1_541' title='bbox 461 4086 685 4140; x_wconf 82' lang='lat' dir='ltr'><strong>verbum</strong></span> <span class='ocrx_word' id='word_1_542' title='bbox 723 4085 924 4141; x_wconf 73' lang='lat' dir='ltr'><strong>factum</strong></span> <span class='ocrx_word' id='word_1_543' title='bbox 963 4086 1020 4140; x_wconf 91' lang='lat' dir='ltr'>in</span> <span class='ocrx_word' id='word_1_544' title='bbox 1063 4085 1223 4149; x_wconf 90' lang='lat' dir='ltr'><strong>Osea,</strong></span> <span class='ocrx_word' id='word_1_545' title='bbox 1256 4099 1378 4140; x_wconf 87' lang='lat' dir='ltr'>meo</span> <span class='ocrx_word' id='word_1_546' title='bbox 1407 4086 1624 4154; x_wconf 88' lang='lat' dir='ltr'><strong>quidem</strong></span> <span class='ocrx_word' id='word_1_547' title='bbox 1650 4086 1857 4155; x_wconf 90' lang='lat' dir='ltr'><strong>judicio</strong></span> <span class='ocrx_word' id='word_1_548' title='bbox 1895 4085 2039 4142; x_wconf 85' lang='lat' dir='ltr'><strong>aliud</strong></span> 
     </span>
    </p>
   </div>
   <div class='ocr_carea' id='block_1_63' title="bbox 461 4175 2041 4246">
    <p class='ocr_par' dir='ltr' id='par_1_63' title="bbox 461 4175 2041 4246">
     <span class='ocr_line' id='line_1_63' title="bbox 461 4175 2041 4246; baseline 0 -18"><span class='ocrx_word' id='word_1_549' title='bbox 461 4175 596 4238; x_wconf 76' lang='lat' dir='ltr'><strong>nihil</strong></span> <span class='ocrx_word' id='word_1_550' title='bbox 642 4185 747 4239; x_wconf 80' lang='lat' dir='ltr'><strong>est,</strong></span> <span class='ocrx_word' id='word_1_551' title='bbox 795 4192 957 4246; x_wconf 87' lang='lat' dir='ltr'><strong>quam</strong></span> <span class='ocrx_word' id='word_1_552' title='bbox 997 4175 1342 4238; x_wconf 86' lang='lat' dir='ltr'><strong>audientibus</strong></span> <span class='ocrx_word' id='word_1_553' title='bbox 1388 4177 1715 4245; x_wconf 78' lang='lat' dir='ltr'><strong>signiﬁcare,</strong></span> <span class='ocrx_word' id='word_1_554' title='bbox 1756 4175 2041 4232; x_wconf 84' lang='lat' dir='ltr'><strong>revelatio-</strong></span> 
     </span>
    </p>
   </div>
   <div class='ocr_carea' id='block_1_64' title="bbox 463 4265 2040 4331">
    <p class='ocr_par' dir='ltr' id='par_1_64' title="bbox 463 4265 2040 4331">
     <span class='ocr_line' id='line_1_64' title="bbox 463 4265 2040 4331; baseline -0.003 -9"><span class='ocrx_word' id='word_1_555' title='bbox 463 4283 583 4322; x_wconf 87' lang='lat' dir='ltr'>nem</span> <span class='ocrx_word' id='word_1_556' title='bbox 611 4268 804 4322; x_wconf 75' lang='lat' dir='ltr'><strong>factam</strong></span> <span class='ocrx_word' id='word_1_557' title='bbox 829 4269 882 4322; x_wconf 93' lang='lat' dir='ltr'>in</span> <span class='ocrx_word' id='word_1_558' title='bbox 914 4267 1074 4331; x_wconf 82' lang='lat' dir='ltr'><strong>Osca,</strong></span> <span class='ocrx_word' id='word_1_559' title='bbox 1123 4277 1177 4324; x_wconf 89' lang='lat' dir='ltr'>et</span> <span class='ocrx_word' id='word_1_560' title='bbox 1223 4265 1528 4322; x_wconf 84' lang='lat' dir='ltr'><strong>futurorum</strong></span> <span class='ocrx_word' id='word_1_561' title='bbox 1583 4265 1830 4320; x_wconf 88' lang='lat' dir='ltr'><strong>notitiam</strong></span> <span class='ocrx_word' id='word_1_562' title='bbox 1878 4266 1928 4319; x_wconf 88' lang='lat' dir='ltr'>ei</span> <span class='ocrx_word' id='word_1_563' title='bbox 1977 4266 2040 4320; x_wconf 89' lang='lat' dir='ltr'><strong>il-</strong></span> 
     </span>
    </p>
   </div>
   <div class='ocr_carea' id='block_1_65' title="bbox 463 4357 2039 4425">
    <p class='ocr_par' dir='ltr' id='par_1_65' title="bbox 463 4357 2039 4425">
     <span class='ocr_line' id='line_1_65' title="bbox 463 4357 2039 4425; baseline 0.001 -15"><span class='ocrx_word' id='word_1_564' title='bbox 463 4359 665 4419; x_wconf 80' lang='lat' dir='ltr'><strong>luxisse</strong></span> <span class='ocrx_word' id='word_1_565' title='bbox 715 4359 888 4414; x_wconf 84' lang='lat' dir='ltr'><strong>instar</strong></span> <span class='ocrx_word' id='word_1_566' title='bbox 927 4360 1170 4424; x_wconf 87' lang='lat' dir='ltr'><strong>luminis,</strong></span> <span class='ocrx_word' id='word_1_567' title='bbox 1225 4372 1329 4414; x_wconf 90' lang='lat' dir='ltr'>non</span> <span class='ocrx_word' id='word_1_568' title='bbox 1387 4357 1574 4418; x_wconf 89' lang='lat' dir='ltr'><strong>oculos</strong></span> <span class='ocrx_word' id='word_1_569' title='bbox 1623 4357 1894 4425; x_wconf 86' lang='lat' dir='ltr'><strong>corporis,</strong></span> <span class='ocrx_word' id='word_1_570' title='bbox 1944 4359 2039 4412; x_wconf 84' lang='lat' dir='ltr'>sed</span> 
     </span>
    </p>
   </div>
   <div class='ocr_carea' id='block_1_66' title="bbox 2143 3259 3724 3337">
    <p class='ocr_par' dir='ltr' id='par_1_66' title="bbox 2143 3259 3724 3337">
     <span class='ocr_line' id='line_1_66' title="bbox 2143 3259 3724 3337; baseline -0.005 -13"><span class='ocrx_word' id='word_1_571' title='bbox 2143 3274 2255 3334; x_wconf 65' lang='grc' dir='ltr'>τοίς</span> <span class='ocrx_word' id='word_1_572' title='bbox 2298 3269 2394 3324; x_wconf 79' lang='grc' dir='ltr'>καὶ</span> <span class='ocrx_word' id='word_1_573' title='bbox 2432 3268 2636 3337; x_wconf 86' lang='grc' dir='ltr'>ἐναργῆ</span> <span class='ocrx_word' id='word_1_574' title='bbox 2667 3266 3008 3320; x_wconf 84' lang='grc' dir='ltr'>καθιστῶντα</span> <span class='ocrx_word' id='word_1_575' title='bbox 3039 3266 3138 3334; x_wconf 73' lang='grc' dir='ltr'>τὴν</span> <span class='ocrx_word' id='word_1_576' title='bbox 3173 3264 3427 3336; x_wconf 80' lang='grc' dir='ltr'>βούλησιν</span> <span class='ocrx_word' id='word_1_577' title='bbox 3450 3261 3544 3316; x_wconf 84' lang='grc' dir='ltr'>τοῦ</span> <span class='ocrx_word' id='word_1_578' title='bbox 3587 3259 3724 3316; x_wconf 79' lang='grc' dir='ltr'>Θεοῦ</span> 
     </span>
    </p>
   </div>
   <div class='ocr_carea' id='block_1_67' title="bbox 2145 3352 3725 3428">
    <p class='ocr_par' dir='ltr' id='par_1_67' title="bbox 2145 3352 3725 3428">
     <span class='ocr_line' id='line_1_67' title="bbox 2145 3352 3725 3428; baseline -0.006 -17"><span class='ocrx_word' id='word_1_579' title='bbox 2145 3359 2237 3412; x_wconf 72' lang='grc' dir='ltr'>καὶ</span> <span class='ocrx_word' id='word_1_580' title='bbox 2255 3357 2485 3428; x_wconf 85' lang='grc' dir='ltr'>Πατρός.</span> <span class='ocrx_word' id='word_1_581' title='bbox 2505 3355 2813 3426; x_wconf 84' lang='grc' dir='ltr'>Ἐπιμαρτυ</span> <span class='ocrx_word' id='word_1_582' title='bbox 2822 3357 2976 3426; x_wconf 87' lang='grc' dir='ltr'>ρήσει</span> <span class='ocrx_word' id='word_1_583' title='bbox 2998 3353 3054 3406; x_wconf 78' lang='grc' dir='ltr'>δὲ</span> <span class='ocrx_word' id='word_1_584' title='bbox 3074 3353 3247 3421; x_wconf 87' lang='grc' dir='ltr'>λέγων</span> <span class='ocrx_word' id='word_1_585' title='bbox 3268 3352 3361 3406; x_wconf 81' lang='grc' dir='ltr'>καὶ</span> <span class='ocrx_word' id='word_1_586' title='bbox 3386 3354 3414 3405; x_wconf 88' lang='lat'>6</span> <span class='ocrx_word' id='word_1_587' title='bbox 3439 3352 3725 3422; x_wconf 77' lang='grc' dir='ltr'>προφήτης</span> 
     </span>
    </p>
   </div>
   <div class='ocr_carea' id='block_1_68' title="bbox 2155 3443 3725 3515">
    <p class='ocr_par' dir='ltr' id='par_1_68' title="bbox 2155 3443 3725 3515">
     <span class='ocr_line' id='line_1_68' title="bbox 2155 3443 3725 3515; baseline -0.006 -13"><span class='ocrx_word' id='word_1_588' title='bbox 2155 3448 2384 3511; x_wconf 75' lang='grc' dir='ltr'>Ἡσαΐας</span> <span class='ocrx_word' id='word_1_589' title='bbox 2415 3447 2545 3515; x_wconf 74' lang='grc' dir='ltr'>περὶ</span> <span class='ocrx_word' id='word_1_590' title='bbox 2588 3446 2754 3499; x_wconf 79' lang='grc' dir='ltr'>αὐτοῦ</span> <span class='ocrx_word' id='word_1_591' title='bbox 2780 3461 2792 3475; x_wconf 90' lang='grc'><strong>·</strong></span> <span class='ocrx_word' id='word_1_592' title='bbox 2847 3447 3002 3498; x_wconf 76' lang='grc' dir='ltr'>«Ὅτι</span> <span class='ocrx_word' id='word_1_593' title='bbox 3042 3446 3223 3498; x_wconf 80' lang='grc' dir='ltr'>πᾶσαν</span> <span class='ocrx_word' id='word_1_594' title='bbox 3271 3443 3464 3512; x_wconf 84' lang='grc' dir='ltr'>στολὴν</span> <span class='ocrx_word' id='word_1_595' title='bbox 3503 3443 3725 3494; x_wconf 71' lang='grc' dir='ltr'>ἐπισυνο-</span> 
     </span>
    </p>
   </div>
   <div class='ocr_carea' id='block_1_69' title="bbox 2142 3529 3723 3608">
    <p class='ocr_par' dir='ltr' id='par_1_69' title="bbox 2142 3529 3723 3608">
     <span class='ocr_line' id='line_1_69' title="bbox 2142 3529 3723 3608; baseline -0.006 -17"><span class='ocrx_word' id='word_1_596' title='bbox 2142 3538 2389 3608; x_wconf 83' lang='grc' dir='ltr'>ηγμένην</span> <span class='ocrx_word' id='word_1_597' title='bbox 2435 3537 2592 3606; x_wconf 87' lang='grc' dir='ltr'>δόλῳ,</span> <span class='ocrx_word' id='word_1_598' title='bbox 2633 3534 2774 3607; x_wconf 87' lang='grc' dir='ltr'>μετά</span> <span class='ocrx_word' id='word_1_599' title='bbox 2823 3533 3171 3603; x_wconf 83' lang='grc' dir='ltr'>καταλλαγῆς</span> <span class='ocrx_word' id='word_1_600' title='bbox 3213 3532 3532 3594; x_wconf 81' lang='grc' dir='ltr'>ἀποτίσουσι</span> <span class='ocrx_word' id='word_1_601' title='bbox 3556 3571 3572 3596; x_wconf 93' lang='grc'>,</span> <span class='ocrx_word' id='word_1_602' title='bbox 3626 3529 3723 3584; x_wconf 80' lang='grc' dir='ltr'>καὶ</span> 
     </span>
    </p>
   </div>
   <div class='ocr_carea' id='block_1_70' title="bbox 2142 3621 3724 3701">
    <p class='ocr_par' dir='ltr' id='par_1_70' title="bbox 2142 3621 3724 3701">
     <span class='ocr_line' id='line_1_70' title="bbox 2142 3621 3724 3701; baseline -0.005 -19"><span class='ocrx_word' id='word_1_603' title='bbox 2142 3629 2460 3701; x_wconf 79' lang='grc' dir='ltr'>θελήσουσιν</span> <span class='ocrx_word' id='word_1_604' title='bbox 2492 3630 2542 3681; x_wconf 85' lang='grc' dir='ltr'>εί</span> <span class='ocrx_word' id='word_1_605' title='bbox 2577 3627 2916 3697; x_wconf 88' lang='grc' dir='ltr'>ἐγενήθησαν</span> <span class='ocrx_word' id='word_1_606' title='bbox 2957 3624 3470 3695; x_wconf 81' lang='grc' dir='ltr'>πυρίκαυστοι.”υτι</span> <span class='ocrx_word' id='word_1_607' title='bbox 3514 3621 3724 3676; x_wconf 86' lang='grc' dir='ltr'>παιδίον</span> 
     </span>
    </p>
   </div>
   <div class='ocr_carea' id='block_1_71' title="bbox 2141 3715 3722 3792">
    <p class='ocr_par' dir='ltr' id='par_1_71' title="bbox 2141 3715 3722 3792">
     <span class='ocr_line' id='line_1_71' title="bbox 2141 3715 3722 3792; baseline -0.006 -13"><span class='ocrx_word' id='word_1_608' title='bbox 2141 3721 2404 3792; x_wconf 72' lang='grc' dir='ltr'>ἐγεννήθη</span> <span class='ocrx_word' id='word_1_609' title='bbox 2433 3721 2590 3790; x_wconf 76' lang='grc' dir='ltr'>ἡμῖν,</span> <span class='ocrx_word' id='word_1_610' title='bbox 2623 3719 2718 3771; x_wconf 73' lang='grc' dir='ltr'>καὶ</span> <span class='ocrx_word' id='word_1_611' title='bbox 2752 3717 2999 3770; x_wconf 88' lang='grc' dir='ltr'>καλεῖται</span> <span class='ocrx_word' id='word_1_612' title='bbox 3034 3716 3097 3768; x_wconf 85' lang='grc' dir='ltr'>τὸ</span> <span class='ocrx_word' id='word_1_613' title='bbox 3134 3715 3305 3784; x_wconf 72' lang='grc' dir='ltr'>ὄνομα</span> <span class='ocrx_word' id='word_1_614' title='bbox 3333 3715 3517 3780; x_wconf 79' lang='grc' dir='ltr'>αὐτοῦ,</span> <span class='ocrx_word' id='word_1_615' title='bbox 3551 3715 3722 3784; x_wconf 82' lang='grc' dir='ltr'>μεγά-</span> 
     </span>
    </p>
   </div>
   <div class='ocr_carea' id='block_1_72' title="bbox 2141 3805 3724 3884">
    <p class='ocr_par' dir='ltr' id='par_1_72' title="bbox 2141 3805 3724 3884">
     <span class='ocr_line' id='line_1_72' title="bbox 2141 3805 3724 3884; baseline -0.003 -17"><span class='ocrx_word' id='word_1_616' title='bbox 2141 3814 2240 3884; x_wconf 88' lang='grc' dir='ltr'>λης</span> <span class='ocrx_word' id='word_1_617' title='bbox 2271 3813 2466 3883; x_wconf 85' lang='grc' dir='ltr'>βουλῆς</span> <span class='ocrx_word' id='word_1_618' title='bbox 2500 3810 2948 3880; x_wconf 79' lang='grc' dir='ltr'>Ἀγγελος.›”οτι</span> <span class='ocrx_word' id='word_1_619' title='bbox 2976 3809 3035 3861; x_wconf 84' lang='grc' dir='ltr'>δὲ</span> <span class='ocrx_word' id='word_1_620' title='bbox 3055 3805 3124 3878; x_wconf 84' lang='grc' dir='ltr'>ἧν</span> <span class='ocrx_word' id='word_1_621' title='bbox 3153 3808 3306 3878; x_wconf 76' lang='grc' dir='ltr'>ἰσχνὴ</span> <span class='ocrx_word' id='word_1_622' title='bbox 3345 3808 3440 3861; x_wconf 77' lang='grc' dir='ltr'>καὶ</span> <span class='ocrx_word' id='word_1_623' title='bbox 3467 3809 3724 3879; x_wconf 78' lang='grc' dir='ltr'>ἀσυμφα--</span> 
     </span>
    </p>
   </div>
   <div class='ocr_carea' id='block_1_73' title="bbox 2141 3899 3719 3975">
    <p class='ocr_par' dir='ltr' id='par_1_73' title="bbox 2141 3899 3719 3975">
     <span class='ocr_line' id='line_1_73' title="bbox 2141 3899 3719 3975; baseline -0.005 -15"><span class='ocrx_word' id='word_1_624' title='bbox 2141 3907 2239 3975; x_wconf 88' lang='grc' dir='ltr'>νὴς</span> <span class='ocrx_word' id='word_1_625' title='bbox 2275 3907 2336 3958; x_wconf 88' lang='grc' dir='ltr'>ἐν</span> <span class='ocrx_word' id='word_1_626' title='bbox 2361 3906 2474 3968; x_wconf 87' lang='grc' dir='ltr'>τοῖς</span> <span class='ocrx_word' id='word_1_627' title='bbox 2515 3902 2690 3970; x_wconf 82' lang='grc' dir='ltr'>ἁγίοις</span> <span class='ocrx_word' id='word_1_628' title='bbox 2723 3904 2756 3970; x_wconf 85' lang='grc' dir='ltr'>ή</span> <span class='ocrx_word' id='word_1_629' title='bbox 2795 3900 3156 3969; x_wconf 73' lang='grc' dir='ltr'>ἀποκάλυψις,</span> <span class='ocrx_word' id='word_1_630' title='bbox 3194 3900 3290 3952; x_wconf 67' lang='grc' dir='ltr'>καὶ⁵</span> <span class='ocrx_word' id='word_1_631' title='bbox 3328 3899 3450 3969; x_wconf 77' lang='grc' dir='ltr'>οὐχὶ</span> <span class='ocrx_word' id='word_1_632' title='bbox 3507 3900 3719 3972; x_wconf 75' lang='grc' dir='ltr'>γλώττῃ</span> 
     </span>
    </p>
   </div>
   <div class='ocr_carea' id='block_1_74' title="bbox 2139 3989 3720 4066">
    <p class='ocr_par' dir='ltr' id='par_1_74' title="bbox 2139 3989 3720 4066">
     <span class='ocr_line' id='line_1_74' title="bbox 2139 3989 3720 4066; baseline -0.004 -16"><span class='ocrx_word' id='word_1_633' title='bbox 2139 3997 2238 4050; x_wconf 73' lang='grc' dir='ltr'>καὶ</span> <span class='ocrx_word' id='word_1_634' title='bbox 2285 3997 2492 4066; x_wconf 80' lang='grc' dir='ltr'>ῥήμασι</span> <span class='ocrx_word' id='word_1_635' title='bbox 2521 3996 2636 4055; x_wconf 85' lang='grc' dir='ltr'>τοῖς</span> <span class='ocrx_word' id='word_1_636' title='bbox 2666 3991 2789 4046; x_wconf 86' lang='grc' dir='ltr'>καθ’</span> <span class='ocrx_word' id='word_1_637' title='bbox 2821 3991 2968 4062; x_wconf 72' lang='grc' dir='ltr'>ἡμᾶς</span> <span class='ocrx_word' id='word_1_638' title='bbox 2995 3989 3412 4062; x_wconf 81' lang='grc' dir='ltr'>ἐπιτελουμένη,</span> <span class='ocrx_word' id='word_1_639' title='bbox 3445 3990 3720 4061; x_wconf 83' lang='grc' dir='ltr'>πληροφο-</span> 
     </span>
    </p>
   </div>
   <div class='ocr_carea' id='block_1_75' title="bbox 2143 4081 3722 4157">
    <p class='ocr_par' dir='ltr' id='par_1_75' title="bbox 2143 4081 3722 4157">
     <span class='ocr_line' id='line_1_75' title="bbox 2143 4081 3722 4157; baseline -0.002 -18"><span class='ocrx_word' id='word_1_640' title='bbox 2143 4088 2297 4157; x_wconf 83' lang='grc' dir='ltr'>ρήσει</span> <span class='ocrx_word' id='word_1_641' title='bbox 2332 4085 2559 4154; x_wconf 84' lang='grc' dir='ltr'>γράφων</span> <span class='ocrx_word' id='word_1_642' title='bbox 2584 4085 2614 4136; x_wconf 91' lang='lat'>6</span> <span class='ocrx_word' id='word_1_643' title='bbox 2636 4081 2867 4146; x_wconf 75' lang='grc' dir='ltr'>Παῦλοςο</span> <span class='ocrx_word' id='word_1_644' title='bbox 2901 4102 2919 4134; x_wconf 79' lang='grc' dir='ltr'>ι</span> <span class='ocrx_word' id='word_1_645' title='bbox 2936 4083 3005 4135; x_wconf 88' lang='grc' dir='ltr'>Ἣ</span> <span class='ocrx_word' id='word_1_646' title='bbox 3029 4081 3260 4154; x_wconf 81' lang='grc' dir='ltr'>δοκιμὴν</span> <span class='ocrx_word' id='word_1_647' title='bbox 3287 4083 3501 4153; x_wconf 78' lang='grc' dir='ltr'>ζητεῖτε</span> <span class='ocrx_word' id='word_1_648' title='bbox 3522 4083 3580 4135; x_wconf 85' lang='grc' dir='ltr'>ἐν</span> <span class='ocrx_word' id='word_1_649' title='bbox 3596 4083 3722 4150; x_wconf 80' lang='grc' dir='ltr'>ἐμοὶ</span> 
     </span>
    </p>
   </div>
   <div class='ocr_carea' id='block_1_76' title="bbox 2139 4172 3720 4246">
    <p class='ocr_par' dir='ltr' id='par_1_76' title="bbox 2139 4172 3720 4246">
     <span class='ocr_line' id='line_1_76' title="bbox 2139 4172 3720 4246; baseline -0.001 -18"><span class='ocrx_word' id='word_1_650' title='bbox 2139 4175 2426 4239; x_wconf 80' lang='grc' dir='ltr'>λαλοῦντος</span> <span class='ocrx_word' id='word_1_651' title='bbox 2476 4175 2748 4246; x_wconf 83' lang='grc' dir='ltr'>Χριστοῦ;</span> <span class='ocrx_word' id='word_1_652' title='bbox 2777 4193 2796 4226; x_wconf 75' lang='grc' dir='ltr'>ι</span> <span class='ocrx_word' id='word_1_653' title='bbox 2828 4173 3035 4228; x_wconf 79' lang='grc' dir='ltr'>Οὐκοῦν</span> <span class='ocrx_word' id='word_1_654' title='bbox 3073 4173 3134 4226; x_wconf 86' lang='grc' dir='ltr'>τὸ</span> <span class='ocrx_word' id='word_1_655' title='bbox 3175 4175 3233 4227; x_wconf 91' lang='grc' dir='ltr'>ὲν</span> <span class='ocrx_word' id='word_1_656' title='bbox 3271 4173 3428 4243; x_wconf 85' lang='grc' dir='ltr'>Ὠσηὲ</span> <span class='ocrx_word' id='word_1_657' title='bbox 3468 4172 3720 4242; x_wconf 87' lang='grc' dir='ltr'>γενέσθαι</span> 
     </span>
    </p>
   </div>
   <div class='ocr_carea' id='block_1_77' title="bbox 2139 4261 3716 4335">
    <p class='ocr_par' dir='ltr' id='par_1_77' title="bbox 2139 4261 3716 4335">
     <span class='ocr_line' id='line_1_77' title="bbox 2139 4261 3716 4335; baseline -0.003 -13"><span class='ocrx_word' id='word_1_658' title='bbox 2139 4265 2230 4322; x_wconf 73' lang='grc' dir='ltr'>τὸν</span> <span class='ocrx_word' id='word_1_659' title='bbox 2252 4264 2345 4326; x_wconf 81' lang='grc' dir='ltr'>τοῦ</span> <span class='ocrx_word' id='word_1_660' title='bbox 2380 4264 2515 4318; x_wconf 83' lang='grc' dir='ltr'>Θεοῦ</span> <span class='ocrx_word' id='word_1_661' title='bbox 2545 4264 2722 4332; x_wconf 87' lang='grc' dir='ltr'>λόγον,</span> <span class='ocrx_word' id='word_1_662' title='bbox 2759 4264 2844 4335; x_wconf 75' lang='grc' dir='ltr'>εἴη</span> <span class='ocrx_word' id='word_1_663' title='bbox 2874 4263 2960 4330; x_wconf 81' lang='grc' dir='ltr'>ἂν,</span> <span class='ocrx_word' id='word_1_664' title='bbox 2991 4261 3067 4326; x_wconf 89' lang='grc' dir='ltr'>ὡς</span> <span class='ocrx_word' id='word_1_665' title='bbox 3096 4261 3284 4333; x_wconf 71' lang='grc' dir='ltr'>ἔμοιγε</span> <span class='ocrx_word' id='word_1_666' title='bbox 3303 4263 3534 4334; x_wconf 62' lang='grc' dir='ltr'>πάρεστι</span> <span class='ocrx_word' id='word_1_667' title='bbox 3555 4261 3716 4326; x_wconf 75' lang='grc' dir='ltr'>νοεῖν.</span> 
     </span>
    </p>
   </div>
   <div class='ocr_carea' id='block_1_78' title="bbox 2141 4354 3718 4427">
    <p class='ocr_par' dir='ltr' id='par_1_78' title="bbox 2141 4354 3718 4427">
     <span class='ocr_line' id='line_1_78' title="bbox 2141 4354 3718 4427; baseline -0.002 -18"><span class='ocrx_word' id='word_1_668' title='bbox 2141 4357 2328 4427; x_wconf 83' lang='grc' dir='ltr'>ἓτερον</span> <span class='ocrx_word' id='word_1_669' title='bbox 2369 4355 2520 4409; x_wconf 80' lang='grc' dir='ltr'>οὐδὲν</span> <span class='ocrx_word' id='word_1_670' title='bbox 2560 4358 2672 4418; x_wconf 80' lang='grc' dir='ltr'>τοῖς</span> <span class='ocrx_word' id='word_1_671' title='bbox 2711 4354 3084 4426; x_wconf 81' lang='grc' dir='ltr'>ἀκροωμένοις</span> <span class='ocrx_word' id='word_1_672' title='bbox 3111 4357 3538 4425; x_wconf 82' lang='grc' dir='ltr'>κατασημαῖνον,</span> <span class='ocrx_word' id='word_1_673' title='bbox 3573 4354 3607 4424; x_wconf 76' lang='grc' dir='ltr'><strong>ἢ</strong></span> <span class='ocrx_word' id='word_1_674' title='bbox 3637 4355 3718 4407; x_wconf 86' lang='grc' dir='ltr'>’ότι</span> 
     </span>
    </p>
   </div>
   <div class='ocr_carea' id='block_1_79' title="bbox 464 4447 2042 4541">
    <p class='ocr_par' dir='ltr' id='par_1_79' title="bbox 464 4449 2034 4518">
     <span class='ocr_line' id='line_1_79' title="bbox 464 4449 2034 4518; baseline 0.003 -19"><span class='ocrx_word' id='word_1_675' title='bbox 464 4460 696 4506; x_wconf 77' lang='lat' dir='ltr'><strong>mentem</strong></span> <span class='ocrx_word' id='word_1_676' title='bbox 740 4460 795 4504; x_wconf 85' lang='lat' dir='ltr'>et</span> <span class='ocrx_word' id='word_1_677' title='bbox 821 4465 916 4505; x_wconf 92' lang='lat' dir='ltr'>cor</span> <span class='ocrx_word' id='word_1_678' title='bbox 963 4451 1306 4508; x_wconf 82' lang='lat' dir='ltr'><strong>illustrantls.</strong></span> <span class='ocrx_word' id='word_1_679' title='bbox 1347 4450 1581 4510; x_wconf 80' lang='lat' dir='ltr'><strong>Rursum</strong></span> <span class='ocrx_word' id='word_1_680' title='bbox 1610 4449 1754 4518; x_wconf 87' lang='lat' dir='ltr'><strong>quod</strong></span> <span class='ocrx_word' id='word_1_681' title='bbox 1792 4449 1989 4503; x_wconf 88' lang='lat' dir='ltr'><strong>dicitur</strong></span> <span class='ocrx_word' id='word_1_682' title='bbox 2021 4468 2034 4503; x_wconf 94' lang='lat'>:</span> 
     </span>
    </p>
   </div>
   <div class='ocr_carea' id='block_1_80' title="bbox 2146 4447 3716 4541">
    <p class='ocr_par' dir='ltr' id='par_1_80' title="bbox 2146 4447 3716 4518">
     <span class='ocr_line' id='line_1_80' title="bbox 2146 4447 3716 4518; baseline -0.001 -18"><span class='ocrx_word' id='word_1_683' title='bbox 2146 4449 2365 4517; x_wconf 86' lang='grc' dir='ltr'>γέγονεν</span> <span class='ocrx_word' id='word_1_684' title='bbox 2412 4447 2753 4517; x_wconf 75' lang='grc' dir='ltr'>ἀποκάλυψις</span> <span class='ocrx_word' id='word_1_685' title='bbox 2791 4450 2850 4502; x_wconf 90' lang='grc' dir='ltr'>ἐν</span> <span class='ocrx_word' id='word_1_686' title='bbox 2889 4447 3067 4518; x_wconf 84' lang='grc' dir='ltr'>Ὠσηὲ,</span> <span class='ocrx_word' id='word_1_687' title='bbox 3096 4447 3190 4502; x_wconf 80' lang='grc' dir='ltr'>καὶ</span> <span class='ocrx_word' id='word_1_688' title='bbox 3233 4447 3342 4500; x_wconf 85' lang='grc' dir='ltr'>τῶν</span> <span class='ocrx_word' id='word_1_689' title='bbox 3372 4448 3644 4516; x_wconf 79' lang='grc' dir='ltr'>ἐσομένων</span> <span class='ocrx_word' id='word_1_690' title='bbox 3683 4447 3716 4514; x_wconf 88' lang='grc' dir='ltr'>ή</span> 
     </span>
    </p>
   </div>
   <div class='ocr_carea' id='block_1_81' title="bbox 466 4536 2042 4611">
    <p class='ocr_par' dir='ltr' id='par_1_81' title="bbox 466 4540 2042 4611">
     <span class='ocr_line' id='line_1_81' title="bbox 466 4540 2042 4611; baseline 0.001 -19"><span class='ocrx_word' id='word_1_691' title='bbox 466 4560 485 4592; x_wconf 76' lang='grc' dir='ltr'>ι</span> <span class='ocrx_word' id='word_1_692' title='bbox 522 4541 583 4605; x_wconf 83' lang='lat' dir='ltr'><strong>Et</strong></span> <span class='ocrx_word' id='word_1_693' title='bbox 611 4540 748 4602; x_wconf 60' lang='lat' dir='ltr'><strong>dixit</strong></span> <span class='ocrx_word' id='word_1_694' title='bbox 776 4542 1036 4601; x_wconf 89' lang='lat' dir='ltr'><strong>Dominus</strong></span> <span class='ocrx_word' id='word_1_695' title='bbox 1070 4543 1136 4597; x_wconf 88' lang='lat' dir='ltr'>ad</span> <span class='ocrx_word' id='word_1_696' title='bbox 1171 4542 1329 4610; x_wconf 87' lang='lat' dir='ltr'><strong>Osee,</strong></span> <span class='ocrx_word' id='word_1_697' title='bbox 1371 4561 1390 4594; x_wconf 81' lang='grc' dir='ltr'>ι</span> <span class='ocrx_word' id='word_1_698' title='bbox 1443 4543 1543 4596; x_wconf 89' lang='lat' dir='ltr'>hoc</span> <span class='ocrx_word' id='word_1_699' title='bbox 1596 4541 1751 4597; x_wconf 90' lang='lat' dir='ltr'><strong>nobis</strong></span> <span class='ocrx_word' id='word_1_700' title='bbox 1797 4541 2042 4611; x_wconf 80' lang='lat' dir='ltr'><strong>cOgitan-</strong></span> 
     </span>
    </p>
   </div>
   <div class='ocr_carea' id='block_1_82' title="bbox 2146 4536 3721 4611">
    <p class='ocr_par' dir='ltr' id='par_1_82' title="bbox 2146 4536 3721 4610">
     <span class='ocr_line' id='line_1_82' title="bbox 2146 4536 3721 4610; baseline -0.003 -17"><span class='ocrx_word' id='word_1_701' title='bbox 2146 4539 2346 4610; x_wconf 80' lang='grc' dir='ltr'>γνῶσις</span> <span class='ocrx_word' id='word_1_702' title='bbox 2393 4539 2568 4607; x_wconf 77' lang='grc' dir='ltr'>φωτὸς</span> <span class='ocrx_word' id='word_1_703' title='bbox 2613 4539 2912 4610; x_wconf 78' lang='grc' dir='ltr'>ἐνέστραψε</span> <span class='ocrx_word' id='word_1_704' title='bbox 2943 4538 3118 4609; x_wconf 86' lang='grc' dir='ltr'>δίκην,</span> <span class='ocrx_word' id='word_1_705' title='bbox 3144 4539 3204 4592; x_wconf 86' lang='grc' dir='ltr'>οὑ</span> <span class='ocrx_word' id='word_1_706' title='bbox 3241 4536 3493 4606; x_wconf 86' lang='grc' dir='ltr'>σώματος</span> <span class='ocrx_word' id='word_1_707' title='bbox 3520 4536 3721 4606; x_wconf 81' lang='grc' dir='ltr'>ὀφθαλ-</span> 
     </span>
    </p>
   </div>
   <div class='ocr_carea' id='block_1_83' title="bbox 463 4633 2041 4703">
    <p class='ocr_par' dir='ltr' id='par_1_83' title="bbox 463 4633 2041 4703">
     <span class='ocr_line' id='line_1_83' title="bbox 463 4633 2041 4703; baseline 0.004 -21"><span class='ocrx_word' id='word_1_708' title='bbox 463 4633 588 4685; x_wconf 79' lang='grc' dir='ltr'>ιιιιιιι</span> <span class='ocrx_word' id='word_1_709' title='bbox 620 4633 861 4701; x_wconf 64' lang='grc' dir='ltr'>ειιΙιῇι-ἰι.</span> <span class='ocrx_word' id='word_1_710' title='bbox 895 4633 1047 4700; x_wconf 86' lang='lat' dir='ltr'><strong>Quod</strong></span> <span class='ocrx_word' id='word_1_711' title='bbox 1081 4634 1224 4690; x_wconf 86' lang='lat' dir='ltr'><strong>enim</strong></span> <span class='ocrx_word' id='word_1_712' title='bbox 1274 4633 1590 4703; x_wconf 85' lang='lat' dir='ltr'><strong>jubebatur,</strong></span> <span class='ocrx_word' id='word_1_713' title='bbox 1635 4649 1742 4687; x_wconf 89' lang='lat' dir='ltr'>nou</span> <span class='ocrx_word' id='word_1_714' title='bbox 1788 4635 2041 4688; x_wconf 86' lang='lat' dir='ltr'><strong>omnibus</strong></span> 
     </span>
    </p>
   </div>
   <div class='ocr_carea' id='block_1_84' title="bbox 461 4723 2036 4795">
    <p class='ocr_par' dir='ltr' id='par_1_84' title="bbox 461 4723 2036 4795">
     <span class='ocr_line' id='line_1_84' title="bbox 461 4723 2036 4795; baseline 0.001 -19"><span class='ocrx_word' id='word_1_715' title='bbox 461 4723 688 4784; x_wconf 84' lang='lat' dir='ltr'><strong>lecturis</strong></span> <span class='ocrx_word' id='word_1_716' title='bbox 722 4739 1006 4786; x_wconf 86' lang='lat' dir='ltr'><strong>commune</strong></span> <span class='ocrx_word' id='word_1_717' title='bbox 1048 4735 1186 4789; x_wconf 77' lang='lat' dir='ltr'><strong>erat,</strong></span> <span class='ocrx_word' id='word_1_718' title='bbox 1234 4741 1330 4782; x_wconf 89' lang='lat' dir='ltr'>nec</span> <span class='ocrx_word' id='word_1_719' title='bbox 1376 4726 1796 4795; x_wconf 88' lang='lat' dir='ltr'><strong>proponebatur,</strong></span> <span class='ocrx_word' id='word_1_720' title='bbox 1845 4734 1903 4778; x_wconf 92' lang='lat' dir='ltr'>ut</span> <span class='ocrx_word' id='word_1_721' title='bbox 1947 4727 2036 4794; x_wconf 89' lang='lat' dir='ltr'>qui</span> 
     </span>
    </p>
   </div>
   <div class='ocr_carea' id='block_1_85' title="bbox 461 4815 2038 4886">
    <p class='ocr_par' dir='ltr' id='par_1_85' title="bbox 461 4815 2038 4886">
     <span class='ocr_line' id='line_1_85' title="bbox 461 4815 2038 4886; baseline 0.003 -20"><span class='ocrx_word' id='word_1_722' title='bbox 461 4817 662 4878; x_wconf 82' lang='lat' dir='ltr'><strong>vellent</strong></span> <span class='ocrx_word' id='word_1_723' title='bbox 703 4817 1013 4884; x_wconf 77' lang='lat' dir='ltr'><strong>aliquando,</strong></span> <span class='ocrx_word' id='word_1_724' title='bbox 1049 4817 1100 4871; x_wconf 91' lang='lat' dir='ltr'>id</span> <span class='ocrx_word' id='word_1_725' title='bbox 1145 4815 1383 4875; x_wconf 71' lang='lat' dir='ltr'><strong>facerent</strong></span> <span class='ocrx_word' id='word_1_726' title='bbox 1421 4835 1434 4871; x_wconf 89' lang='lat'>:</span> <span class='ocrx_word' id='word_1_727' title='bbox 1477 4817 1570 4872; x_wconf 85' lang='lat' dir='ltr'>sed</span> <span class='ocrx_word' id='word_1_728' title='bbox 1609 4816 1904 4886; x_wconf 87' lang='lat' dir='ltr'><strong>separatim</strong></span> <span class='ocrx_word' id='word_1_729' title='bbox 1937 4817 2038 4870; x_wconf 90' lang='lat' dir='ltr'><strong>soli</strong></span> 
     </span>
    </p>
   </div>
   <div class='ocr_carea' id='block_1_86' title="bbox 457 4903 2036 4982">
    <p class='ocr_par' dir='ltr' id='par_1_86' title="bbox 457 4903 2036 4982">
     <span class='ocr_line' id='line_1_86' title="bbox 457 4903 2036 4982; baseline 0 -20"><span class='ocrx_word' id='word_1_730' title='bbox 457 4903 614 4962; x_wconf 76' lang='lat' dir='ltr'><strong>Osca:</strong></span> <span class='ocrx_word' id='word_1_731' title='bbox 643 4908 842 4970; x_wconf 82' lang='lat' dir='ltr'><strong>dictum</strong></span> <span class='ocrx_word' id='word_1_732' title='bbox 877 4917 980 4963; x_wconf 89' lang='lat' dir='ltr'><strong>est.</strong></span> <span class='ocrx_word' id='word_1_733' title='bbox 1024 4905 1136 4962; x_wconf 86' lang='lat' dir='ltr'><strong>Nec</strong></span> <span class='ocrx_word' id='word_1_734' title='bbox 1182 4908 1334 4962; x_wconf 81' lang='lat' dir='ltr'><strong>enim</strong></span> <span class='ocrx_word' id='word_1_735' title='bbox 1381 4908 1834 4982; x_wconf 86' lang='lat' dir='ltr'><strong>quemadmodum</strong></span> <span class='ocrx_word' id='word_1_736' title='bbox 1888 4923 2036 4964; x_wconf 82' lang='lat' dir='ltr'><strong>com-</strong></span> 
     </span>
    </p>
   </div>
   <div class='ocr_carea' id='block_1_87' title="bbox 2145 4629 3720 4703">
    <p class='ocr_par' dir='ltr' id='par_1_87' title="bbox 2145 4629 3720 4703">
     <span class='ocr_line' id='line_1_87' title="bbox 2145 4629 3720 4703; baseline -0.003 -17"><span class='ocrx_word' id='word_1_737' title='bbox 2145 4633 2302 4703; x_wconf 74' lang='grc' dir='ltr'>μους.</span> <span class='ocrx_word' id='word_1_738' title='bbox 2337 4633 2473 4687; x_wconf 82' lang='grc' dir='ltr'>ἀλλά</span> <span class='ocrx_word' id='word_1_739' title='bbox 2505 4634 2630 4691; x_wconf 75' lang='grc' dir='ltr'>νοῦν</span> <span class='ocrx_word' id='word_1_740' title='bbox 2667 4632 2761 4688; x_wconf 77' lang='grc' dir='ltr'>καὶ</span> <span class='ocrx_word' id='word_1_741' title='bbox 2789 4631 3016 4702; x_wconf 84' lang='grc' dir='ltr'>καρδίαν</span> <span class='ocrx_word' id='word_1_742' title='bbox 3049 4629 3620 4701; x_wconf 84' lang='grc' dir='ltr'>καταλαμπρύνοντος.</span> <span class='ocrx_word' id='word_1_743' title='bbox 3646 4629 3720 4682; x_wconf 82' lang='grc' dir='ltr'>Τὸ</span> 
     </span>
    </p>
   </div>
   <div class='ocr_carea' id='block_1_88' title="bbox 2138 4719 3719 4796">
    <p class='ocr_par' dir='ltr' id='par_1_88' title="bbox 2138 4719 3719 4796">
     <span class='ocr_line' id='line_1_88' title="bbox 2138 4719 3719 4796; baseline -0.003 -17"><span class='ocrx_word' id='word_1_744' title='bbox 2138 4726 2196 4787; x_wconf 78' lang='grc' dir='ltr'>δὲ</span> <span class='ocrx_word' id='word_1_745' title='bbox 2230 4725 2295 4796; x_wconf 84' lang='grc' dir='ltr'>δὴ</span> <span class='ocrx_word' id='word_1_746' title='bbox 2331 4726 2496 4795; x_wconf 82' lang='grc' dir='ltr'>φάναι</span> <span class='ocrx_word' id='word_1_747' title='bbox 2524 4725 2707 4785; x_wconf 83' lang='grc' dir='ltr'>πάλιν,</span> <span class='ocrx_word' id='word_1_748' title='bbox 2743 4742 2762 4778; x_wconf 77' lang='lat' dir='ltr'>t</span> <span class='ocrx_word' id='word_1_749' title='bbox 2791 4723 2902 4777; x_wconf 83' lang='grc' dir='ltr'>Καὶ</span> <span class='ocrx_word' id='word_1_750' title='bbox 2931 4719 3053 4778; x_wconf 82' lang='grc' dir='ltr'>εἷπε</span> <span class='ocrx_word' id='word_1_751' title='bbox 3083 4721 3286 4793; x_wconf 82' lang='grc' dir='ltr'>Κύριος</span> <span class='ocrx_word' id='word_1_752' title='bbox 3317 4721 3452 4792; x_wconf 80' lang='grc' dir='ltr'>πρὸς</span> <span class='ocrx_word' id='word_1_753' title='bbox 3485 4721 3662 4790; x_wconf 66' lang='grc' dir='ltr'>Ὠσηὲ,</span> <span class='ocrx_word' id='word_1_754' title='bbox 3693 4739 3719 4774; x_wconf 75' lang='grc' dir='ltr'>ι</span> 
     </span>
    </p>
   </div>
   <div class='ocr_carea' id='block_1_89' title="bbox 2141 4813 3718 4888">
    <p class='ocr_par' dir='ltr' id='par_1_89' title="bbox 2141 4813 3718 4888">
     <span class='ocr_line' id='line_1_89' title="bbox 2141 4813 3718 4888; baseline -0.001 -20"><span class='ocrx_word' id='word_1_755' title='bbox 2141 4818 2279 4888; x_wconf 78' lang='grc' dir='ltr'>πρὸς</span> <span class='ocrx_word' id='word_1_756' title='bbox 2323 4817 2532 4880; x_wconf 89' lang='grc' dir='ltr'>ἐννοίας</span> <span class='ocrx_word' id='word_1_757' title='bbox 2573 4815 2723 4885; x_wconf 80' lang='grc' dir='ltr'>ἡμᾶς</span> <span class='ocrx_word' id='word_1_758' title='bbox 2767 4815 3034 4885; x_wconf 86' lang='grc' dir='ltr'>ἀποφέρει</span> <span class='ocrx_word' id='word_1_759' title='bbox 3083 4813 3355 4876; x_wconf 80' lang='grc' dir='ltr'>τοιαύτας.</span> <span class='ocrx_word' id='word_1_760' title='bbox 3407 4814 3480 4866; x_wconf 86' lang='grc' dir='ltr'>Τὸ</span> <span class='ocrx_word' id='word_1_761' title='bbox 3527 4813 3718 4883; x_wconf 80' lang='grc' dir='ltr'>γάρτοι</span> 
     </span>
    </p>
   </div>
   <div class='ocr_carea' id='block_1_90' title="bbox 2139 4903 3719 4978">
    <p class='ocr_par' dir='ltr' id='par_1_90' title="bbox 2139 4903 3719 4978">
     <span class='ocr_line' id='line_1_90' title="bbox 2139 4903 3719 4978; baseline -0.003 -18"><span class='ocrx_word' id='word_1_762' title='bbox 2139 4905 2609 4978; x_wconf 83' lang='grc' dir='ltr'>προστεταγμένον</span> <span class='ocrx_word' id='word_1_763' title='bbox 2650 4905 2711 4958; x_wconf 86' lang='grc' dir='ltr'>οὐ</span> <span class='ocrx_word' id='word_1_764' title='bbox 2759 4905 2937 4959; x_wconf 83' lang='grc' dir='ltr'>κοινὸν</span> <span class='ocrx_word' id='word_1_765' title='bbox 2967 4904 3140 4958; x_wconf 82' lang='grc' dir='ltr'>ἆπασι</span> <span class='ocrx_word' id='word_1_766' title='bbox 3171 4906 3284 4967; x_wconf 85' lang='grc' dir='ltr'>τοῖς</span> <span class='ocrx_word' id='word_1_767' title='bbox 3312 4903 3719 4974; x_wconf 81' lang='grc' dir='ltr'>ἐντευξομένοις</span> 
     </span>
    </p>
   </div>
   <div class='ocr_carea' id='block_1_91' title="bbox 460 4992 2042 5068">
    <p class='ocr_par' dir='ltr' id='par_1_91' title="bbox 460 4998 2041 5068">
     <span class='ocr_line' id='line_1_91' title="bbox 460 4998 2041 5068; baseline 0.001 -16"><span class='ocrx_word' id='word_1_768' title='bbox 460 5013 623 5052; x_wconf 87' lang='lat' dir='ltr'><strong>mune</strong></span> <span class='ocrx_word' id='word_1_769' title='bbox 661 5007 715 5052; x_wconf 91' lang='lat' dir='ltr'>et</span> <span class='ocrx_word' id='word_1_770' title='bbox 751 4998 884 5055; x_wconf 87' lang='lat' dir='ltr'><strong>utile</strong></span> <span class='ocrx_word' id='word_1_771' title='bbox 925 5007 1252 5068; x_wconf 58' lang='lat' dir='ltr'><strong>praeceptum</strong></span> <span class='ocrx_word' id='word_1_772' title='bbox 1299 5009 1381 5054; x_wconf 86' lang='lat' dir='ltr'>est</span> <span class='ocrx_word' id='word_1_773' title='bbox 1413 5001 1538 5056; x_wconf 87' lang='lat' dir='ltr'><strong>illud</strong></span> <span class='ocrx_word' id='word_1_774' title='bbox 1583 5019 1597 5055; x_wconf 90' lang='lat'>:</span> <span class='ocrx_word' id='word_1_775' title='bbox 1652 5019 1672 5052; x_wconf 70' lang='grc' dir='ltr'>ι</span> <span class='ocrx_word' id='word_1_776' title='bbox 1735 5001 1858 5060; x_wconf 70' lang='grc' dir='ltr'>Η,ωο</span> <span class='ocrx_word' id='word_1_777' title='bbox 1910 5002 2041 5056; x_wconf 88' lang='lat' dir='ltr'><strong>dicit</strong></span> 
     </span>
    </p>
   </div>
   <div class='ocr_carea' id='block_1_92' title="bbox 2146 4992 3716 5068">
    <p class='ocr_par' dir='ltr' id='par_1_92' title="bbox 2146 4993 3716 5068">
     <span class='ocr_line' id='line_1_92' title="bbox 2146 4993 3716 5068; baseline -0.001 -18"><span class='ocrx_word' id='word_1_778' title='bbox 2146 4993 2216 5068; x_wconf 64' lang='grc' dir='ltr'>Ριν.</span> <span class='ocrx_word' id='word_1_779' title='bbox 2247 4995 2384 5057; x_wconf 76' lang='grc' dir='ltr'>Οὔτε</span> <span class='ocrx_word' id='word_1_780' title='bbox 2421 4997 2530 5067; x_wconf 85' lang='grc' dir='ltr'>μὴν</span> <span class='ocrx_word' id='word_1_781' title='bbox 2570 4995 2864 5067; x_wconf 78' lang='grc' dir='ltr'>προύκειτο</span> <span class='ocrx_word' id='word_1_782' title='bbox 2901 4998 3014 5060; x_wconf 87' lang='grc' dir='ltr'>τοῖς</span> <span class='ocrx_word' id='word_1_783' title='bbox 3053 4994 3296 5048; x_wconf 82' lang='grc' dir='ltr'>ἐθέλουσι</span> <span class='ocrx_word' id='word_1_784' title='bbox 3325 4993 3716 5064; x_wconf 82' lang='grc' dir='ltr'>ἀποπεραίνειν</span> 
     </span>
    </p>
   </div>
   <div class='ocr_carea' id='block_1_93' title="bbox 462 5087 2042 5160">
    <p class='ocr_par' dir='ltr' id='par_1_93' title="bbox 462 5087 2042 5160">
     <span class='ocr_line' id='line_1_93' title="bbox 462 5087 2042 5160; baseline 0.002 -18"><span class='ocrx_word' id='word_1_785' title='bbox 462 5091 744 5149; x_wconf 86' lang='lat' dir='ltr'><strong>Dominus,</strong></span> <span class='ocrx_word' id='word_1_786' title='bbox 789 5087 950 5146; x_wconf 75' lang='lat' dir='ltr'><strong>Juxta</strong></span> <span class='ocrx_word' id='word_1_787' title='bbox 985 5089 1101 5144; x_wconf 85' lang='lat' dir='ltr'><strong>vias</strong></span> <span class='ocrx_word' id='word_1_788' title='bbox 1140 5091 1377 5160; x_wconf 78' lang='lat' dir='ltr'><strong>gentium</strong></span> <span class='ocrx_word' id='word_1_789' title='bbox 1417 5092 1582 5146; x_wconf 84' lang='lat' dir='ltr'><strong>nolite</strong></span> <span class='ocrx_word' id='word_1_790' title='bbox 1624 5093 1835 5146; x_wconf 80' lang='lat' dir='ltr'><strong>discere</strong></span> <span class='ocrx_word' id='word_1_791' title='bbox 1874 5111 1888 5146; x_wconf 90' lang='lat'>:</span> <span class='ocrx_word' id='word_1_792' title='bbox 1924 5103 1976 5146; x_wconf 89' lang='lat' dir='ltr'>et</span> <span class='ocrx_word' id='word_1_793' title='bbox 2011 5107 2042 5145; x_wconf 91' lang='lat' dir='ltr'>a</span> 
     </span>
    </p>
   </div>
   <div class='ocr_carea' id='block_1_94' title="bbox 458 5179 2034 5253">
    <p class='ocr_par' dir='ltr' id='par_1_94' title="bbox 458 5179 2034 5253">
     <span class='ocr_line' id='line_1_94' title="bbox 458 5179 2034 5253; baseline 0.001 -18"><span class='ocrx_word' id='word_1_794' title='bbox 458 5181 629 5251; x_wconf 80' lang='lat' dir='ltr'><strong>signis</strong></span> <span class='ocrx_word' id='word_1_795' title='bbox 653 5179 774 5235; x_wconf 61' lang='lat' dir='ltr'><strong>caeli</strong></span> <span class='ocrx_word' id='word_1_796' title='bbox 804 5181 968 5236; x_wconf 89' lang='lat' dir='ltr'><strong>nolite</strong></span> <span class='ocrx_word' id='word_1_797' title='bbox 1003 5190 1246 5239; x_wconf 85' lang='lat' dir='ltr'><strong>metuere</strong></span> <span class='ocrx_word' id='word_1_798' title='bbox 1268 5181 1342 5247; x_wconf 85' lang='grc'>⁸⁰;</span> <span class='ocrx_word' id='word_1_799' title='bbox 1387 5202 1406 5243; x_wconf 65' lang='grc' dir='ltr'>ι</span> <span class='ocrx_word' id='word_1_800' title='bbox 1450 5183 1530 5238; x_wconf 85' lang='lat' dir='ltr'>sic</span> <span class='ocrx_word' id='word_1_801' title='bbox 1581 5191 1758 5252; x_wconf 83' lang='lat' dir='ltr'><strong>potest</strong></span> <span class='ocrx_word' id='word_1_802' title='bbox 1811 5183 2034 5253; x_wconf 77' lang='lat' dir='ltr'><strong>intelligi</strong></span> 
     </span>
    </p>
   </div>
   <div class='ocr_carea' id='block_1_95' title="bbox 459 5271 2029 5346">
    <p class='ocr_par' dir='ltr' id='par_1_95' title="bbox 459 5271 2029 5346">
     <span class='ocr_line' id='line_1_95' title="bbox 459 5271 2029 5346; baseline 0.002 -20"><span class='ocrx_word' id='word_1_803' title='bbox 459 5273 622 5326; x_wconf 81' lang='lat' dir='ltr'><strong>etiam</strong></span> <span class='ocrx_word' id='word_1_804' title='bbox 670 5271 868 5326; x_wconf 88' lang='lat' dir='ltr'><strong>bonum</strong></span> <span class='ocrx_word' id='word_1_805' title='bbox 917 5279 973 5326; x_wconf 89' lang='lat' dir='ltr'>et</span> <span class='ocrx_word' id='word_1_806' title='bbox 1020 5271 1334 5342; x_wconf 72' lang='lat' dir='ltr'><strong>frugiferum</strong></span> <span class='ocrx_word' id='word_1_807' title='bbox 1364 5289 1487 5330; x_wconf 89' lang='lat' dir='ltr'><strong>csse</strong></span> <span class='ocrx_word' id='word_1_808' title='bbox 1532 5276 1781 5346; x_wconf 87' lang='lat' dir='ltr'><strong>accipere</strong></span> <span class='ocrx_word' id='word_1_809' title='bbox 1805 5291 2029 5330; x_wconf 78' lang='lat' dir='ltr'><strong>uxorem</strong></span> 
     </span>
    </p>
   </div>
   <div class='ocr_carea' id='block_1_96' title="bbox 458 5363 2036 5428">
    <p class='ocr_par' dir='ltr' id='par_1_96' title="bbox 458 5363 2036 5428">
     <span class='ocr_line' id='line_1_96' title="bbox 458 5363 2036 5428; baseline 0.002 -10"><span class='ocrx_word' id='word_1_810' title='bbox 458 5363 829 5428; x_wconf 72' lang='lat' dir='ltr'><strong>fornicariam,</strong></span> <span class='ocrx_word' id='word_1_811' title='bbox 857 5375 910 5418; x_wconf 89' lang='lat' dir='ltr'>et</span> <span class='ocrx_word' id='word_1_812' title='bbox 943 5363 1079 5419; x_wconf 83' lang='lat' dir='ltr'><strong>ﬁlios</strong></span> <span class='ocrx_word' id='word_1_813' title='bbox 1114 5365 1506 5426; x_wconf 78' lang='lat' dir='ltr'><strong>fornicationis.</strong></span> <span class='ocrx_word' id='word_1_814' title='bbox 1535 5365 1732 5422; x_wconf 82' lang='lat' dir='ltr'><strong>Verum</strong></span> <span class='ocrx_word' id='word_1_815' title='bbox 1767 5367 1898 5426; x_wconf 83' lang='lat' dir='ltr'><strong>illud</strong></span> <span class='ocrx_word' id='word_1_816' title='bbox 1929 5367 2036 5421; x_wconf 84' lang='lat' dir='ltr'><strong>uti-</strong></span> 
     </span>
    </p>
   </div>
   <div class='ocr_carea' id='block_1_97' title="bbox 460 5451 2039 5525">
    <p class='ocr_par' dir='ltr' id='par_1_97' title="bbox 460 5451 2039 5525">
     <span class='ocr_line' id='line_1_97' title="bbox 460 5451 2039 5525; baseline 0.003 -20"><span class='ocrx_word' id='word_1_817' title='bbox 460 5451 586 5506; x_wconf 88' lang='lat' dir='ltr'><strong>liter</strong></span> <span class='ocrx_word' id='word_1_818' title='bbox 618 5451 684 5504; x_wconf 90' lang='lat' dir='ltr'>ad</span> <span class='ocrx_word' id='word_1_819' title='bbox 735 5467 922 5507; x_wconf 87' lang='lat' dir='ltr'><strong>omnes</strong></span> <span class='ocrx_word' id='word_1_820' title='bbox 963 5453 1232 5523; x_wconf 87' lang='lat' dir='ltr'><strong>pertinere</strong></span> <span class='ocrx_word' id='word_1_821' title='bbox 1283 5463 1503 5524; x_wconf 83' lang='lat' dir='ltr'><strong>potest:</strong></span> <span class='ocrx_word' id='word_1_822' title='bbox 1541 5457 1643 5511; x_wconf 93' lang='lat' dir='ltr'>hoc</span> <span class='ocrx_word' id='word_1_823' title='bbox 1697 5456 1912 5525; x_wconf 90' lang='lat' dir='ltr'><strong>proprie</strong></span> <span class='ocrx_word' id='word_1_824' title='bbox 1967 5456 2039 5509; x_wconf 86' lang='lat' dir='ltr'>ad</span> 
     </span>
    </p>
   </div>
   <div class='ocr_carea' id='block_1_98' title="bbox 461 5537 2031 5617">
    <p class='ocr_par' dir='ltr' id='par_1_98' title="bbox 461 5537 2031 5617">
     <span class='ocr_line' id='line_1_98' title="bbox 461 5537 2031 5617; baseline 0.004 -26"><span class='ocrx_word' id='word_1_825' title='bbox 461 5537 638 5598; x_wconf 72' lang='lat' dir='ltr'><strong>solum</strong></span> <span class='ocrx_word' id='word_1_826' title='bbox 664 5539 980 5617; x_wconf 60' lang='lat' dir='ltr'><strong>prophetam</strong></span> <span class='ocrx_word' id='word_1_827' title='bbox 1009 5560 1038 5597; x_wconf 84' lang='lat' dir='ltr'>a</span> <span class='ocrx_word' id='word_1_828' title='bbox 1068 5542 1180 5598; x_wconf 91' lang='lat' dir='ltr'>Deo</span> <span class='ocrx_word' id='word_1_829' title='bbox 1218 5543 1322 5599; x_wconf 90' lang='lat' dir='ltr'><strong>dici</strong></span> <span class='ocrx_word' id='word_1_830' title='bbox 1361 5544 1632 5610; x_wconf 86' lang='lat' dir='ltr'><strong>convenit.</strong></span> <span class='ocrx_word' id='word_1_831' title='bbox 1684 5545 1780 5601; x_wconf 87' lang='lat' dir='ltr'><strong>Est</strong></span> <span class='ocrx_word' id='word_1_832' title='bbox 1829 5554 2031 5612; x_wconf 89' lang='lat' dir='ltr'><strong>autem,</strong></span> 
     </span>
    </p>
   </div>
   <div class='ocr_carea' id='block_1_99' title="bbox 2135 5085 3715 5158">
    <p class='ocr_par' dir='ltr' id='par_1_99' title="bbox 2135 5085 3715 5158">
     <span class='ocr_line' id='line_1_99' title="bbox 2135 5085 3715 5158; baseline 0 -18"><span class='ocrx_word' id='word_1_833' title='bbox 2135 5087 2297 5140; x_wconf 80' lang='grc' dir='ltr'>αὑτὸν</span> <span class='ocrx_word' id='word_1_834' title='bbox 2325 5087 2464 5140; x_wconf 79' lang='grc' dir='ltr'>κατὰ</span> <span class='ocrx_word' id='word_1_835' title='bbox 2489 5085 2732 5157; x_wconf 80' lang='grc' dir='ltr'>καιρούς.</span> <span class='ocrx_word' id='word_1_836' title='bbox 2751 5086 2890 5140; x_wconf 84' lang='grc' dir='ltr'>Ἀλλ’</span> <span class='ocrx_word' id='word_1_837' title='bbox 2923 5085 3106 5150; x_wconf 83' lang='grc' dir='ltr'>ίδικῶς</span> <span class='ocrx_word' id='word_1_838' title='bbox 3149 5088 3244 5140; x_wconf 84' lang='grc' dir='ltr'>καί</span> <span class='ocrx_word' id='word_1_839' title='bbox 3271 5086 3408 5158; x_wconf 78' lang='grc' dir='ltr'>πρὸς</span> <span class='ocrx_word' id='word_1_840' title='bbox 3439 5088 3603 5156; x_wconf 81' lang='grc' dir='ltr'>μόνον</span> <span class='ocrx_word' id='word_1_841' title='bbox 3634 5087 3715 5140; x_wconf 80' lang='grc' dir='ltr'>εἷ-</span> 
     </span>
    </p>
   </div>
   <div class='ocr_carea' id='block_1_100' title="bbox 2145 5174 3718 5246">
    <p class='ocr_par' dir='ltr' id='par_1_100' title="bbox 2145 5174 3718 5246">
     <span class='ocr_line' id='line_1_100' title="bbox 2145 5174 3718 5246; baseline -0.008 -17"><span class='ocrx_word' id='word_1_842' title='bbox 2145 5193 2276 5245; x_wconf 82' lang='grc' dir='ltr'>ρητο</span> <span class='ocrx_word' id='word_1_843' title='bbox 2297 5175 2390 5229; x_wconf 84' lang='grc' dir='ltr'>τὸν</span> <span class='ocrx_word' id='word_1_844' title='bbox 2419 5175 2598 5246; x_wconf 67' lang='grc' dir='ltr'>Ὠσηὲ.</span> <span class='ocrx_word' id='word_1_845' title='bbox 2627 5176 2703 5229; x_wconf 85' lang='grc' dir='ltr'>Οὐ</span> <span class='ocrx_word' id='word_1_846' title='bbox 2730 5175 2861 5246; x_wconf 86' lang='grc' dir='ltr'>γὰρ,</span> <span class='ocrx_word' id='word_1_847' title='bbox 2900 5175 3088 5246; x_wconf 78' lang='grc' dir='ltr'>ὥσπερ</span> <span class='ocrx_word' id='word_1_848' title='bbox 3117 5175 3235 5234; x_wconf 69' lang='grc' dir='ltr'>ἐστὶ</span> <span class='ocrx_word' id='word_1_849' title='bbox 3263 5174 3441 5236; x_wconf 76' lang='grc' dir='ltr'>κοινὸν</span> <span class='ocrx_word' id='word_1_850' title='bbox 3482 5177 3575 5229; x_wconf 73' lang='grc' dir='ltr'>καὶ</span> <span class='ocrx_word' id='word_1_851' title='bbox 3619 5177 3718 5226; x_wconf 84' lang='grc' dir='ltr'>ἐπ.</span> 
     </span>
    </p>
   </div>
   <div class='ocr_carea' id='block_1_101' title="bbox 2135 5266 3717 5340">
    <p class='ocr_par' dir='ltr' id='par_1_101' title="bbox 2135 5266 3717 5340">
     <span class='ocr_line' id='line_1_101' title="bbox 2135 5266 3717 5340; baseline 0 -19"><span class='ocrx_word' id='word_1_852' title='bbox 2135 5269 2343 5338; x_wconf 39' lang='grc' dir='ltr'>ωίφελὲς</span> <span class='ocrx_word' id='word_1_853' title='bbox 2374 5268 2763 5340; x_wconf 82' lang='grc' dir='ltr'>παράγγελμα,</span> <span class='ocrx_word' id='word_1_854' title='bbox 2793 5268 2876 5334; x_wconf 83' lang='grc' dir='ltr'>τὸ,</span> <span class='ocrx_word' id='word_1_855' title='bbox 2912 5286 2930 5328; x_wconf 73' lang='lat' dir='ltr'>t</span> <span class='ocrx_word' id='word_1_856' title='bbox 2961 5267 3098 5327; x_wconf 86' lang='grc' dir='ltr'>Τάδε</span> <span class='ocrx_word' id='word_1_857' title='bbox 3128 5267 3276 5335; x_wconf 76' lang='grc' dir='ltr'>λέγει</span> <span class='ocrx_word' id='word_1_858' title='bbox 3305 5266 3528 5337; x_wconf 85' lang='grc' dir='ltr'>Κύριος,</span> <span class='ocrx_word' id='word_1_859' title='bbox 3559 5267 3717 5321; x_wconf 83' lang='grc' dir='ltr'>Κατά</span> 
     </span>
    </p>
   </div>
   <div class='ocr_carea' id='block_1_102' title="bbox 2136 5359 3716 5433">
    <p class='ocr_par' dir='ltr' id='par_1_102' title="bbox 2136 5359 3716 5433">
     <span class='ocr_line' id='line_1_102' title="bbox 2136 5359 3716 5433; baseline -0.003 -19"><span class='ocrx_word' id='word_1_860' title='bbox 2136 5361 2235 5424; x_wconf 84' lang='grc' dir='ltr'>τάς</span> <span class='ocrx_word' id='word_1_861' title='bbox 2265 5361 2414 5425; x_wconf 82' lang='grc' dir='ltr'>ὁδοὺς</span> <span class='ocrx_word' id='word_1_862' title='bbox 2443 5362 2550 5415; x_wconf 85' lang='grc' dir='ltr'>τῶν</span> <span class='ocrx_word' id='word_1_863' title='bbox 2579 5360 2749 5414; x_wconf 84' lang='grc' dir='ltr'>ἐθνῶν</span> <span class='ocrx_word' id='word_1_864' title='bbox 2781 5359 2856 5431; x_wconf 83' lang='grc' dir='ltr'>μὴ</span> <span class='ocrx_word' id='word_1_865' title='bbox 2883 5359 3204 5432; x_wconf 75' lang='grc' dir='ltr'>μανθάνετε,</span> <span class='ocrx_word' id='word_1_866' title='bbox 3241 5359 3331 5412; x_wconf 80' lang='grc' dir='ltr'>καὶ</span> <span class='ocrx_word' id='word_1_867' title='bbox 3353 5359 3459 5433; x_wconf 79' lang='grc' dir='ltr'>ἀπὸ</span> <span class='ocrx_word' id='word_1_868' title='bbox 3487 5359 3592 5413; x_wconf 86' lang='grc' dir='ltr'>τῶν</span> <span class='ocrx_word' id='word_1_869' title='bbox 3616 5375 3716 5430; x_wconf 86' lang='grc' dir='ltr'>ση-</span> 
     </span>
    </p>
   </div>
   <div class='ocr_carea' id='block_1_103' title="bbox 2141 5449 3717 5524">
    <p class='ocr_par' dir='ltr' id='par_1_103' title="bbox 2141 5449 3717 5524">
     <span class='ocr_line' id='line_1_103' title="bbox 2141 5449 3717 5524; baseline -0.003 -18"><span class='ocrx_word' id='word_1_870' title='bbox 2141 5455 2307 5524; x_wconf 91' lang='grc' dir='ltr'>μείων</span> <span class='ocrx_word' id='word_1_871' title='bbox 2353 5453 2448 5506; x_wconf 82' lang='grc' dir='ltr'>τοῦ</span> <span class='ocrx_word' id='word_1_872' title='bbox 2497 5452 2727 5524; x_wconf 79' lang='grc' dir='ltr'>ούρανοῦ</span> <span class='ocrx_word' id='word_1_873' title='bbox 2781 5453 2857 5524; x_wconf 83' lang='grc' dir='ltr'>μὴ</span> <span class='ocrx_word' id='word_1_874' title='bbox 2902 5451 3169 5522; x_wconf 80' lang='grc' dir='ltr'>φοϐεῖσθε·</span> <span class='ocrx_word' id='word_1_875' title='bbox 3203 5471 3222 5503; x_wconf 76' lang='grc' dir='ltr'>ι</span> <span class='ocrx_word' id='word_1_876' title='bbox 3254 5449 3426 5514; x_wconf 75' lang='grc' dir='ltr'>οὕτως</span> <span class='ocrx_word' id='word_1_877' title='bbox 3449 5451 3514 5514; x_wconf 81' lang='grc' dir='ltr'>ἂν</span> <span class='ocrx_word' id='word_1_878' title='bbox 3545 5452 3717 5502; x_wconf 86' lang='grc' dir='ltr'>νοοῖτο</span> 
     </span>
    </p>
   </div>
   <div class='ocr_carea' id='block_1_104' title="bbox 2139 5541 3713 5616">
    <p class='ocr_par' dir='ltr' id='par_1_104' title="bbox 2139 5541 3713 5616">
     <span class='ocr_line' id='line_1_104' title="bbox 2139 5541 3713 5616; baseline -0.002 -19"><span class='ocrx_word' id='word_1_879' title='bbox 2139 5544 2303 5612; x_wconf 84' lang='grc' dir='ltr'>καλόν</span> <span class='ocrx_word' id='word_1_880' title='bbox 2324 5561 2383 5597; x_wconf 89' lang='grc' dir='ltr'>τε</span> <span class='ocrx_word' id='word_1_881' title='bbox 2425 5545 2520 5598; x_wconf 79' lang='grc' dir='ltr'>καὶ</span> <span class='ocrx_word' id='word_1_882' title='bbox 2541 5544 2865 5616; x_wconf 85' lang='grc' dir='ltr'>ὀνησιφόρον</span> <span class='ocrx_word' id='word_1_883' title='bbox 2893 5543 2954 5607; x_wconf 77' lang='grc' dir='ltr'>τὸ</span> <span class='ocrx_word' id='word_1_884' title='bbox 2975 5542 3158 5598; x_wconf 84' lang='grc' dir='ltr'>λαϐεῖν</span> <span class='ocrx_word' id='word_1_885' title='bbox 3179 5545 3414 5613; x_wconf 87' lang='grc' dir='ltr'>γυναῖκα</span> <span class='ocrx_word' id='word_1_886' title='bbox 3434 5541 3713 5614; x_wconf 82' lang='grc' dir='ltr'>πορνείας,</span> 
     </span>
    </p>
   </div>
   <div class='ocr_carea' id='block_1_105' title="bbox 533 5695 2042 5776">
    <p class='ocr_par' dir='ltr' id='par_1_105' title="bbox 533 5695 2042 5776">
     <span class='ocr_line' id='line_1_105' title="bbox 533 5695 2042 5776; baseline 0.005 -29"><span class='ocrx_word' id='word_1_887' title='bbox 533 5695 734 5767; x_wconf 66' lang='lat' dir='ltr'><strong>italiae.</strong></span> <span class='ocrx_word' id='word_1_888' title='bbox 761 5711 816 5764; x_wconf 89' lang='grc' dir='ltr'>ιι,</span> <span class='ocrx_word' id='word_1_889' title='bbox 856 5698 906 5752; x_wconf 76' lang='grc' dir='ltr'>ί.</span> <span class='ocrx_word' id='word_1_890' title='bbox 985 5699 1030 5730; x_wconf 87' lang='grc'>²⁶</span> <span class='ocrx_word' id='word_1_891' title='bbox 1060 5697 1205 5755; x_wconf 86' lang='lat' dir='ltr'><strong>Psal.</strong></span> <span class='ocrx_word' id='word_1_892' title='bbox 1243 5715 1465 5769; x_wconf 75' lang='grc' dir='ltr'>ωιιιιςιν,</span> <span class='ocrx_word' id='word_1_893' title='bbox 1502 5700 1555 5756; x_wconf 86' lang='lat'>9.</span> <span class='ocrx_word' id='word_1_894' title='bbox 1633 5702 1676 5734; x_wconf 86' lang='grc'>³⁷</span> <span class='ocrx_word' id='word_1_895' title='bbox 1705 5699 1932 5776; x_wconf 76' lang='lat' dir='ltr'><strong>Zachar.</strong></span> <span class='ocrx_word' id='word_1_896' title='bbox 1955 5714 1993 5764; x_wconf 87' lang='grc' dir='ltr'>ι,</span> <span class='ocrx_word' id='word_1_897' title='bbox 2030 5701 2042 5755; x_wconf 74' lang='grc' dir='ltr'><strong>ε</strong></span> 
     </span>
    </p>
   </div>
   <div class='ocr_carea' id='block_1_106' title="bbox 2146 5695 3709 5776">
    <p class='ocr_par' dir='ltr' id='par_1_106' title="bbox 2163 5695 3709 5770">
     <span class='ocr_line' id='line_1_106' title="bbox 2163 5695 3709 5770; baseline -0.004 -11"><span class='ocrx_word' id='word_1_898' title='bbox 2163 5702 2206 5734; x_wconf 84' lang='grc'>³⁸</span> <span class='ocrx_word' id='word_1_899' title='bbox 2239 5702 2339 5759; x_wconf 86' lang='lat' dir='ltr'><strong>lsa.</strong></span> <span class='ocrx_word' id='word_1_900' title='bbox 2376 5717 2450 5769; x_wconf 73' lang='grc' dir='ltr'>ιχ,</span> <span class='ocrx_word' id='word_1_901' title='bbox 2481 5699 2534 5768; x_wconf 84' lang='grc' dir='ltr'>ϐ,</span> <span class='ocrx_word' id='word_1_902' title='bbox 2563 5700 2614 5757; x_wconf 84' lang='grc'>’7.</span> <span class='ocrx_word' id='word_1_903' title='bbox 2693 5702 2737 5735; x_wconf 80' lang='grc'>²⁹</span> <span class='ocrx_word' id='word_1_904' title='bbox 2765 5699 2806 5756; x_wconf 93' lang='grc' dir='ltr'><strong>ΙΙ</strong></span> <span class='ocrx_word' id='word_1_905' title='bbox 2840 5699 2964 5756; x_wconf 90' lang='lat' dir='ltr'><strong>Cor.</strong></span> <span class='ocrx_word' id='word_1_906' title='bbox 2995 5716 3090 5770; x_wconf 81' lang='lat' dir='ltr'><strong>xu,</strong></span> <span class='ocrx_word' id='word_1_907' title='bbox 3134 5701 3186 5756; x_wconf 81' lang='lat'>&#39;5.</span> <span class='ocrx_word' id='word_1_908' title='bbox 3265 5699 3309 5731; x_wconf 84' lang='grc' dir='ltr'>³ο</span> <span class='ocrx_word' id='word_1_909' title='bbox 3338 5696 3539 5770; x_wconf 86' lang='lat' dir='ltr'><strong>.lcretn.</strong></span> <span class='ocrx_word' id='word_1_910' title='bbox 3567 5713 3622 5768; x_wconf 74' lang='grc' dir='ltr'>ιι,</span> <span class='ocrx_word' id='word_1_911' title='bbox 3652 5695 3709 5753; x_wconf 72' lang='lat'>2.</span> 
     </span>
    </p>
   </div>
  </div>
