4094 6458
424 334 505 393 25
1382 335 1938 395 COMMENTARIUS
1977 337 2044 393 IN
2084 339 2320 395 OSEAM
2356 339 2805 397 PROPHETAM.
3660 340 3743 397 ‘26

425 454 532 508 καὶ
581 451 753 505 τέκνα
803 450 1087 521 πορνείας.
1104 450 1244 503 Ἀλλ’
1267 450 1449 505 ὲκεῖνο
1495 452 1594 523 μὲν
1637 453 1924 524 χρησίμως
1963 454 2042 517 είς

2146 456 2358 525 opinor,
2392 457 2536 525 quod
2568 458 2664 522 ait,
2700 465 2758 511 et
2788 475 2806 507 ι
2848 455 2988 510 dixit
3012 455 3077 509 ad
3096 454 3255 522 Osee,
3288 474 3306 506 ι
3336 456 3558 526 perinde
3596 454 3732 509 ac'si

425 546 689 607 ἅπαντας
718 543 899 614 διήκοι
936 542 1023 596 ἄν·
1056 542 1215 596 τοῦτό
1241 559 1307 611 γε
1339 544 1449 614 μὴν
1496 544 1677 607 ἰδικῶς
1706 544 1844 615 πρὸς
1880 543 2041 613 μόνον

425 635 499 690 ἂν
530 636 737 707 πρέποι
769 634 863 688 τὸν
882 635 1175 706 προφήτην
1200 633 1459 703 λέγεσθαι
1492 634 1642 708 παρὰ
1663 635 1821 689 Θεοῦ.
1846 634 2038 701 Τοῦτο,

424 725 611 797 οἶμαι,
644 727 793 791 ἐστὶ,
830 726 927 778 καὶ
962 744 980 776 ι
1016 723 1152 779 Είπε
1202 726 1340 796 πρὸς
1373 726 1552 797 Ὠσηὲ,
1585 745 1604 779 ι
1652 727 1834 796 ὅμοιον
1878 726 1954 789 ὡς
1992 727 2041 779 εί

423 820 598 887 τυχὸν
623 818 793 886 λέγοιο
822 818 898 870 Ού
943 816 1082 888 πρὸς
1114 817 1325 880 πάντας
1355 816 1541 881 ἁπλῶς
1568 817 1596 868 ό
1630 816 1835 871 τοιόσδε
1860 815 2038 884 λόγος,

422 912 574 965 ἀλλὰ
624 912 765 982 πρὸς
808 911 973 982 μόνον
1025 911 1118 963 τὸν
1147 911 1328 980 Ὠσηέ.
1361 913 1436 965 Oti
1469 911 1578 982 γὰρ
1607 911 1716 964 ἔδει
1764 909 2039 981 πρόφασιν

2149 546 2295 600 dicat
2324 547 2572 612 fortasse,
2615 547 2735 602 Non
2772 548 2837 601 ad
2882 562 3071 601 omnes
3121 547 3439 617 simpliciter
3494 547 3618 600 talis
3650 553 3736 599 est

2149 650 2348 700 sermo,
2396 639 2489 692 sed
2537 639 2604 693 ad
2639 637 2833 693 Oscam
2867 637 3059 692 soinm.
3096 635 3212 693 Non
3254 638 3409 691 enim
3456 637 3629 704 turpis
3678 644 3735 689 et

2147 729 2462 798 voluptariae
2495 732 2614 786 vitae
2633 731 2815 786 multis
2831 730 3301 785 ﬁerioccasionem
3318 730 3599 798 oportebat
3628 730 3670 797 1
3684 728 3728 795 1

2147 818 2287 886 quod
2314 818 2711 887 dispensatorie
2746 819 2813 873 ad
2864 834 3030 872 unum
3061 818 3334 887 quondam
3368 818 3573 871 dictum
3622 826 3728 871 est.

2146 908 2286 974 Quid
2315 926 2445 980 ergo
2474 911 2551 965 ait
2584 912 2649 965 ad
2680 913 2892 967 beatum
2924 911 3151 969 Oscam?

423 1005 671 1074 αἰσχρᾶς
703 1020 765 1054 τε
800 972 893 1055 καὶ
919 1000 1207 1069 φιληδόνου
1240 972 1385 1071 ξωῆς
1455 972 1712 1070 γενέσθαι
1780 972 2017 1069 πολλοῖς,
2052 1001 2112 1054 τὸ
2150 972 2507 1072 ο-ίκονομζκῶς
2555 1007 2691 1078 πρὸς
2738 1007 2836 1061 ἕνα
2872 1006 3013 1061 κατὰ
3058 1007 3283 1076 καιροὺς
3328 972 3637 1077 εἰρημένον.
3663 1000 3731 1063 Τί

422 1091 527 1151 οὖν
558 1096 665 1165 ἔφη
702 1098 732 1149 ὁ
764 1096 895 1159 Θεὸς
925 1096 1065 1167 πρὸς
1096 1096 1187 1149 τὸν
1218 1096 1490 1168 μακάρων
1529 1096 1721 1167 Ὠσηέ;

498 1148 737 1254 Βάδιλῖε,
782 1189 935 1244 λαϐὲ
969 1148 1230 1256 ⁸σεαυτῷ⁵
1267 1148 1526 1258 γυκαῐκα
1568 1148 1877 1258 πορκείας,
1920 1187 2037 1241 ’καὶ
2085 1148 2097 1157 ⁸

421 1283 621 1337 τέκνα
661 1285 965 1352 πορνείας,
1015 1285 1166 1339 διότι
1212 1284 1672 1352 ἐκπορνεύουσα
1716 1281 2040 1349 ἐκπορνεύ-

420 1392 529 1429 σει
572 1377 610 1444 ἡ
647 1377 725 1446 γῆ
757 1377 875 1431 ἀπὸ
927 1379 1185 1432 ὄπισθεν
1227 1376 1335 1432 τοῦ
1379 1376 1621 1445 Κυρίου.
1652 1375 1762 1430 Καὶ
1789 1373 2038 1441 ἐπορεύ-

422 1472 527 1534 θη,
562 1470 665 1526 καὶ
712 1470 892 1524 ἔλαϐε
938 1471 1055 1539 τὴν
1107 1472 1326 1541 Γόμερ,
1376 1469 1671 1539 θυγατέρα
1718 1466 2037 1536 Δεόηλαῒμ,

421 1560 528 1619 καὶ
562 1559 890 1621 συνέλαϐε.
922 1562 1020 1617 καί
1048 1563 1255 1617 ἔτεκεν
1287 1560 1452 1627 αὐτῷ
1486 1562 1639 1616 υἱόν.

2213 1180 2381 1236 Vsus.
2410 1184 2462 1238 3.
2524 1182 2686 1251 Vade,
2734 1184 2912 1253 accipe
2952 1184 3045 1238 tibi
3084 1201 3301 1239 uxorem
3339 1186 3735 1253 fornicationi”

2141 1282 2190 1329 et
2219 1274 2357 1342 filios
2384 1276 2773 1343 fornicationis,
2801 1277 2926 1345 quia
2948 1276 3219 1343 fornicum
3237 1277 3586 1345 fornicabimr
3621 1289 3728 1332 ter-

2142 1382 2201 1419 ra
2230 1381 2260 1417 a
2292 1364 2417 1418 Deo.
2440 1363 2507 1417 Et
2533 1366 2687 1430 abiit,
2719 1377 2768 1419 et
2795 1368 2994 1435 accepit
3025 1366 3216 1421 Gomer
3237 1368 3410 1436 ﬁliam
3436 1368 3727 1433 Debelaim,

2141 1467 2189 1512 et
2218 1458 2472 1527 concepit,
2498 1466 2548 1512 et
2578 1460 2777 1529 peperit
2812 1460 2859 1514 ei
2891 1458 3083 1528 ﬁlium.

500 1649 588 1703 Γ’.
636 1652 832 1716 Οὐδεὶς
856 1654 1013 1724 ἡμᾶς
1042 1654 1325 1708 ἀναπείσει
1352 1653 1531 1722 λόγος,
1560 1653 1946 1725 παραιτεῖσθαι
1976 1655 2037 1707 τὸ

2214 1636 2300 1695 ll].
2338 1637 2494 1693 Nullo
2523 1637 2678 1691 nobis
2702 1646 3021 1707 argumento
3048 1634 3459 1706 persuadebitur
3482 1634 3736 1703 Scriptuq

422 1740 591 1812 Γράμ
601 1760 702 1812 μα,
718 1743 814 1795 καὶ
834 1744 936 1814 τῆς
961 1745 1206 1816 ἱστορίας
1228 1743 1288 1797 τὸ
1311 1744 1519 1797 εἰκαῖον
1535 1743 2035 1814 καταψηφίζεσθαι,

423 1835 525 1887 καὶ
558 1835 732 1888 αὐτοῦ
758 1836 855 1890 τοῦ
881 1837 1211 1908 πράγματος
1236 1836 1549 1908 καθορίζειν
1574 1836 1635 1889 τὸ
1662 1836 1918 1901 ἀκαλλὲς,
1944 1838 2039 1891 καὶ

417 1925 643 1981 οἴεσθαι
678 1929 823 1981 κατά
847 1946 1023 1995 τινας,
1055 1928 1129 1999 μὴ
1167 1928 1343 1991 οὕτως
1384 1927 1722 1998 πεπρᾶχθαι,
1759 1929 1895 1999 μήτε
1931 1928 2039 1999 μὴν

420 2020 805 2090 παρειλῆφθαι
842 2020 983 2089 πρὸς
1015 2020 1216 2089 γάμον,
1246 2020 1364 2090 ήτοι
1414 2018 1632 2074 σύνοδον
1664 2021 1909 2091 γαμικὴν
1940 2018 2038 2091 τὴν

418 2112 636 2183 Γόμερ,
670 2113 805 2165 ὅπου
831 2112 928 2165 καὶ
952 2110 1215 2182 σύλληψιν
1242 2110 1572 2181 γεγενῆσθαί
1598 2128 1735 2181 φησι
1769 2111 1830 2164 τὸ
1854 2112 2041 2182 Γράμ-

423 2223 507 2275 μα
534 2204 600 2257 τὸ
637 2205 802 2275 ἱερὸν.
836 2203 931 2257 καὶ
961 2203 1068 2275 μὴν
1098 2205 1196 2257 καὶ
1226 2203 1505 2270 ἀπότεξιν,
1544 2203 1823 2274 μέμνηταί
1850 2220 1909 2255 τε
1941 2203 2039 2255 καὶ

416 2298 696 2368 ὀνόματος
720 2297 815 2349 τοῦ
844 2296 1085 2361 παιδίου,
1118 2297 1212 2350 καὶ
1250 2296 1341 2350 τὸν
1373 2296 1468 2350 τοῦ
1496 2296 1717 2364 γυναίου
1753 2294 1899 2363 λέγει
1933 2312 2040 2347 πα-

414 2388 585 2457 τέρα,
618 2385 884 2439 καὶάύτὸ
915 2386 973 2438 δὲ
1001 2386 1138 2458 πρὸς
1162 2384 1377 2448 τούτοις
1415 2383 1509 2438 τοῦ
1555 2382 1782 2452 γυναίου
1816 2382 1879 2434 τὸ
1919 2382 2039 2435 δνο-

418 2497 523 2550 μα.
547 2478 769 2549 Ἐπειδὴ
815 2478 872 2531 δὲ
923 2480 1224 2546 ἀναγκαῖον
1253 2472 1323 2547 ἦν
1347 2476 1652 2547 ὁμολογεῖν,
1682 2478 1749 2546 τῇ
1791 2474 1901 2527 τῶν
1935 2490 2038 2525 πε-

415 2571 768 2642 πραγμένων
812 2569 1046 2640 ἀληθείᾳ
1098 2570 1378 2621 συνειπεῖν
1412 2552 1722 2637 ἑλομένους,
1765 2566 1847 2618 ὅτι
1880 2563 2038 2617 ταῦθ’

413 2663 602 2728 οὕτως
622 2664 849 2733 γέγονεν
876 2662 1117 2732 ἀληθῶς,
1145 2661 1280 2733 φέρε
1310 2662 1437 2723 τοὺς
1469 2660 1579 2712 τῶν
1616 2659 2037 2713 κατασκώπτειν

412 2756 701 2809 εἰωθότων
736 2754 1085 2827 παραθέντες
1126 2754 1341 2822 λόγους,
1372 2752 1496 2805 τότε
1523 2751 1712 2805 λοιπὸν
1739 2750 2037 2819 ἐπαγάγω-

417 2868 526 2921 μεν
561 2850 658 2902 ἐπὶ
698 2848 896 2920 καιροῦ
925 2848 1028 2918 τῆς
1067 2847 1381 2917 οἰκονομίας
1408 2845 1511 2915 τὴν
1535 2845 1834 2914 ἀφήγησιν.
1872 2844 2037 2911 Λογι-

412 2946 521 3016 δίῳ
563 2944 666 3015 μὲν
687 2938 783 2996 οὖν
811 2942 1065 3012 ἐνέτυχον
1098 2941 1293 3011 ἀνδρὸς
1315 2940 1418 2992 οὐκ
1445 2939 1683 3009 ἀσήμου.
1713 2936 2036 3008 διατρανοῦν

411 3037 710 3099 ιθέλοντος
747 3034 817 3087 τὰ
868 3035 997 3104 περὶ
1043 3033 1134 3085 τὸν
1176 3033 1377 3085 τόπον·
1412 3030 1472 3094 ὃς
1502 3030 1600 3099 τῆς
1635 3030 1900 3100 ἱστορίας,
1944 3030 2039 3082 καὶ

411 3132 532 3186 τῶν
571 3128 720 3183 οὕτω
748 3126 1079 3196 γεγενῆσθαι
1109 3126 1400 3193 λεγόντων,
1447 3125 1508 3177 οὐ
1541 3124 1769 3194 μετρίαν
1802 3124 2039 3176 ἐποιεῖτο

409 3225 524 3294 τὴν
562 3223 935 3291 κατάρῤησιν,
975 3219 1084 3272 δεῖν
1112 3236 1171 3271 τε
1205 3217 1446 3287 ἔφασκεν
1495 3215 1747 3285 ἐναργῶς
1774 3216 1862 3267 ἐπ’
1888 3212 2039 3284 αύτῷ

409 3314 484 3385 δὴ
513 3312 699 3381 τούτῳ
731 3310 808 3381 τῷ
837 3309 1121 3379 κεφαλαίῳ
1160 3309 1398 3378 μάλιστα
1427 3306 1668 3370 δεδιότας
1697 3305 1872 3371 οὐδὲν,
1908 3305 2040 3357 ἀνα-

411 3406 663 3477 κραγεῖν
705 3403 807 3473 τῆς
833 3402 1166 3473 ἐγκρατείας
1195 3401 1323 3465 τοὺς
1352 3400 1607 3470 ἐραστάς·
1652 3419 1670 3450 ι
1703 3398 1778 3451 Τὸ
1805 3398 2041 3468 γράμμα

411 3496 770 3553 ἀποκτείνει.
805 3496 1094 3566 »Ἐρήμην
1145 3493 1255 3565 γὰρ
1307 3493 1496 3564 ὥσπερ
1554 3491 1912 3562 κατατρέχων
1944 3489 2039 3542 τοῦ

412 3595 807 3663 γράμματος,
864 3589 959 3642 καὶ
1011 3586 1179 3639 οἱονεὶ
1233 3585 1378 3639 κατὰ
1432 3583 1671 3656 πρανοῦς
1726 3583 2039 3653 ἐρχόμενος,

411 3680 679 3736 τοιούσδε
722 3679 877 3742 τινὰς
914 3678 1185 3731 συνετίθει
1224 3677 1438 3744 λόγους.
1471 3675 1677 3744 Μωσῆς
1723 3674 1850 3744 γὰρ,
1910 3672 2043 3741 ἔφα-

420 3791 590 3837 σκεν,
633 3773 663 3824 ό
692 3770 981 3833 θεσπέσιος
1008 3767 1410 3840 προσετάττετό
1443 3783 1574 3818 ποτε
1594 3767 1693 3835 τῆς
1722 3764 2042 3831 Αἰγυπτίων

413 3865 680 3929 δουλείας
732 3862 1145 3934 λελυτρωμένον
1185 3857 1545 3929 ἀποκομίζειν
1589 3858 1680 3909 τὸν
1718 3857 1933 3925 Ἰσραὴλ
1963 3858 2045 3920 είς

416 3961 532 4031 τὴν
582 3959 756 4012 πάλαι
798 3958 915 4021 τοῖς
952 3955 1225 4026 πατράσιν
1270 3951 1689 4022 ἐπηγγελμένην
1723 3949 1888 4018 ἁγίαν
1916 3949 2040 4019 γῆν,

420 4054 584 4123 φημὶ
624 4050 689 4123 δὴ
737 4050 835 4120 τὴν
874 4049 976 4120 τῆς
1008 4046 1363 4116 ἐπαγγελίας·
1397 4043 1534 4098 ἀλλὰ
1563 4044 1659 4096 καὶ
1691 4045 1719 4095 ό
1753 4042 2045 4113 προφήτης

433 4128 723 4217 Ἱερεμίας
753 4145 954 4215 ήκουσε
985 4140 1120 4194 Θεοῦ
1149 4140 1398 4207 λέγοντος
1431 4135 1697 4207 ἐναργῶς·
1745 4154 1763 4185 ι
1794 4133 1910 4205 Πρὸ
1950 4132 2044 4186 τοῦ

424 4257 504 4312 με
535 4230 747 4292 πλάσαι
782 4254 841 4289 σε
892 4237 950 4288 ἐν
980 4233 1195 4305 ξκοιλίᾳ,
1229 4229 1530 4301 ἐπίσταμαί
1575 4246 1656 4293 σε,
1693 4228 1787 4281 καί
1814 4226 1918 4299 πρὸ
1950 4225 2044 4279 τοῦ

424 4351 495 4389 σε
528 4329 774 4397 ἐξελθεῖν
798 4331 864 4381 ἐκ
894 4328 1130 4398 μήτρας,
1150 4323 1361 4394 ήγίακά
1392 4340 1472 4385 σε,
1498 4322 1789 4390 προφήτην
1816 4322 1893 4382 εἰς
1916 4319 2043 4389 ἔθνη
2077 4351 2120 4405 D

2142 1746 2257 1785 ram
2297 1731 2599 1799 repudiare,
2636 1740 2691 1785 et
2721 1730 3003 1784 historiam
3035 1731 3290 1784 vanitatis
3343 1732 3724 1795 condemnare,

2140 1829 2195 1877 et
2222 1836 2337 1875 rem
2369 1821 2543 1891 ipsam
2577 1820 2939 1875 inhonestatis
2971 1834 3289 1889 coarguere,
3315 1826 3635 1887 putareque,
3666 1829 3728 1873 ut

2141 1914 2383 1985 quidam,
2436 1928 2541 1966 non
2575 1914 2648 1966 ita
2701 1921 2930 1981 gestam,
2986 1927 3161 1978 neque
3199 1911 3265 1964 ad
3318 1910 3553 1978 nuptias,
3613 1910 3729 1965 sive

2142 2003 2476 2057 matrimonii
2524 2002 2975 2056 consuetudinem
3026 2000 3288 2054 adscitam
3332 2013 3453 2053 esse
3504 1997 3725 2065 Gomer,

2140 2093 2357 2161 quando
2401 2101 2455 2146 et
2496 2100 2843 2160 conceptum,
2881 2100 2937 2145 et
2992 2098 3207 2159 partum
3265 2096 3511 2143 secutum
3572 2104 3737 2143 sacra.

2142 2185 2424 2253 Scriptura
2458 2185 2636 2247 docet,
2666 2183 3025 2252 meminitque
3053 2192 3107 2236 et
3140 2182 3375 2235 nominis
3402 2180 3515 2245 lilii,
3550 2189 3606 2234 et
3636 2197 3729 2251 pa-

2143 2284 2279 2329 trem
2312 2275 2484 2342 ipsius
2513 2273 2845 2327 mulierculae
2876 2270 3201 2325 nominatim
3231 2270 3509 2338 exprimit,
3548 2279 3602 2325 et
3638 2271 3729 2325 in-

2139 2379 2303 2435 super
2332 2366 2501 2434 ipsam
2540 2365 2759 2419 nomine
2791 2362 3048 2431 appellat.
3082 2360 3221 2427 Quia
3248 2375 3381 2415 vero
3412 2375 3595 2415 rerum
3634 2376 3731 2434 ge-

2139 2467 2345 2512 starum
2378 2458 2596 2510 veritati
2642 2455 2892 2510 assentiri
2937 2454 3202 2517 volentes,
3252 2452 3502 2507 confiteri
3546 2468 3731 2509 neces-

2138 2550 2285 2603 sario
2314 2549 2535 2614 debent,
2565 2548 2681 2601 hzec
2716 2546 2783 2600 ad
2817 2547 2961 2600 hunc
2992 2548 3210 2599 modum
3240 2558 3370 2599 vere
3415 2544 3729 2613 contigisse,

2138 2655 2237 2710 age
2268 2655 2452 2694 eorum
2485 2640 2682 2708 quibus
2710 2638 2953 2691 solemne
2998 2644 3083 2690 est
3130 2635 3454 2688 calumniari
3508 2635 3730 2689 rationi-

2138 2734 2241 2789 bus
2270 2732 2583 2803 propositis,
2614 2738 2799 2800 postea
2850 2728 3169 2783 oeconomia
3221 2726 3585 2781 narrationem
3634 2740 3731 2795 op-

2139 2837 2369 2896 portune
2394 2823 2804 2891 subjungamus.
2836 2821 3007 2896 incidi
3052 2821 3215 2891 igitur
3264 2820 3317 2873 in
3370 2820 3732 2889 disputatiun-

2138 2917 2316 2973 culam
2354 2917 2454 2969 viri
2483 2914 2763 2985 cujusdam
2814 2895 2935 2967 non.
2968 2912 3210 2975 obscuri,
3250 2909 3340 2979 qui
3379 2909 3523 2962 hunc
3555 2908 3732 2962 locum

2066 3006 2109 3064 C
2143 3011 2434 3081 explanare
2469 3015 2787 3072 conaretur,
2846 3017 2901 3060 et
2951 3005 3234 3059 historiam
3291 3000 3734 3069 aﬂirmantesque

2142 3104 2194 3157 id
2225 3118 2284 3156 re
2316 3104 2428 3172 ipsa
2471 3101 2564 3154 tali
2600 3100 2760 3155 modo
2795 3098 3018 3162 factum,
3056 3111 3160 3150 non
3197 3094 3386 3148 leviter
3435 3093 3732 3161 reprehen-

2141 3195 2318 3258 deret,
2354 3201 2736 3261 assereretque
2782 3189 2960 3258 planis
3008 3187 3215 3250 verbis,
3258 3199 3422 3254 super
3459 3185 3562 3238 hoc
3614 3183 3735 3252 ipso

2142 3289 2318 3357 capite
2351 3288 2469 3341 sine
2501 3286 2610 3339 ullo
2649 3285 2843 3338 timore
2887 3281 3326 3345 exclamandum,
3386 3275 3735 3331 continentia:

2144 3380 2498 3443 amatoribus,
2530 3395 2549 3428 ι
2585 3375 2792 3430 Littera
2823 3368 3104 3429 occidit“.
3138 3391 3157 3423 ι
3191 3370 3354 3437 Quasi
3381 3369 3523 3423 enim
3552 3370 3736 3423 deser-

2146 3483 2200 3527 to
2230 3475 2296 3525 ab
2323 3472 2434 3542 ipsa
2463 3471 2776 3525 vadimonio
2806 3470 3131 3537 scripturam
3164 3468 3476 3527 incursans,
3502 3477 3567 3516 ac
3590 3459 3712 3516 velu

2144 3564 2475 3632 praecipitem
2511 3576 2729 3631 urgens,
2764 3557 3141 3628 hujuscemodi
3182 3554 3557 3611 conclusiones
3585 3561 3737 3607 texe-

2144 3659 2257 3714 bat.
2277 3656 2489 3727 Moyses
2514 3657 2657 3711 enim
2690 3655 2929 3717 divinus,
2956 3653 3157 3715 aiebat,
3185 3650 3443 3705 Israelem
3474 3648 3542 3701 ab
3560 3644 3736 3715 [Egy-

2143 3752 2255 3822 ptia
2296 3752 2559 3805 servitute
2586 3749 2714 3803 olim
2752 3748 3087 3801 vindicatum
3138 3744 3190 3797 in
3227 3752 3428 3796 terram
3467 3728 3735 3799 sanctam,

2145 3844 2393 3914 patribus
2430 3844 2778 3912 promissam,
2832 3841 2884 3893 in
2941 3848 3145 3894 terram
3195 3831 3595 3904 promissionis,
3650 3828 3737 3882 iu-

2147 3951 2332 4006 quam,
2362 3935 2651 4003 deportare
2682 3933 2868 4000 jussus
2914 3940 2998 3986 est
3044 3931 3113 3984 ".
3170 3928 3310 3995 Quin
3371 3934 3426 3980 et
3472 3921 3741 3978 Jeremias

2149 4032 2316 4085 Deum
2350 4026 2636 4081 manifeste
2665 4026 2930 4078 dicentem
2966 4022 3194 4083 audivit,
3231 4038 3250 4070 ι
3275 4018 3595 4084 Priusquam
3628 4011 3739 4065 for-

2148 4136 2355 4177 marem
2388 4120 2514 4173 tein
2557 4128 2733 4179 utero,
2768 4114 2890 4169 novi
2928 4123 3009 4177 te;
3046 4120 3408 4176 etantequam
3448 4105 3628 4159 exires
3674 4102 3740 4155 de

2148 4214 2335 4277 vulva,
2385 4209 2722 4267 sanctificavi
2793 4216 2863 4260 te.
2913 4205 2978 4258 Et
3016 4202 3337 4273 prophetam
3386 4198 3438 4251 in
3488 4194 3739 4264 gentibus

2151 4307 2387 4375 dedi‘te
2414 4304 2479 4357 ³³.
2548 4322 2566 4354 ›
2645 4300 2924 4366 Quomodo
2994 4296 3157 4364 igitur
3215 4307 3319 4346 non
3380 4286 3739 4343 admiratione

425 4378 494 4389 τ’
530 4378 765 4397 *τ’-’νεα
802 4378 862 4381 ---
894 4378 1022 4398 (⁷⁷ΙῚ
1054 4378 1057 4379 ν
1090 4378 1130 4388 ει
1173 4378 1212 4394 ιο
1461 4378 1471 4385 ι
1544 4378 1555 4390 .
1623 4378 1635 4390 .
1675 4378 1684 4390 .
1746 4378 1758 4390 .
1874 4378 1888 4382 -
2032 4378 2043 4389 .

421 4422 664 4478 τέθεικά
695 4438 776 4473 σε.
808 4438 827 4469 ι
868 4417 997 4480 Πῶς
1020 4406 1115 4470 οὖν
1144 4417 1245 4468 οὐκ
1277 4413 1617 4482 ἁξιάγαστοι,
1650 4412 1836 4480 φησὶν,
1869 4411 1919 4462 οἱ
1946 4408 2043 4463 καὶ

2152 4397 2322 4468 digni,
2354 4396 2548 4466 inquit,
2581 4393 2672 4463 qui
2705 4392 2840 4445 adeo
2876 4386 3268 4451 venerandum,
3311 4395 3367 4437 et
3416 4378 3738 4435 honestissi-

420 4515 533 4586 τὴν
567 4512 717 4566 οὕτω
748 4509 953 4581 σεπτὴν
978 4508 1073 4562 καὶ
1101 4505 1392 4575 παγκάλην
1433 4502 1710 4555 διακονίαν
1746 4499 2044 4570 παραιτού-

428 4620 618 4680 μενοιο
654 4605 749 4659 καὶ
780 4602 880 4675 τὴν
911 4600 1173 4672 μέλλησιν
1200 4600 1302 4652 οὐκ
1334 4596 1801 4665 ἁπαναινόμενοι;
1849 4595 1908 4647 Ὁ
1943 4594 2044 4665 μὲν

424 4701 548 4770 γὰρ
573 4697 806 4766 ἔφασκε*
841 4714 861 4746 ι
888 4694 1113 4763 Δέομαι,
1143 4690 1338 4761 Κύριε,
1375 4688 1723 4759 προχείρισαι
1761 4686 1920 4739 ἄλλον
1948 4685 2043 4737 δυ-

424 4793 678 4862 νάμενον
705 4789 765 4842 ὃν
798 4785 1139 4849 ἀποστελεῖς.
1174 4804 1192 4836 ι
1214 4784 1271 4837 Ὀ
1297 4783 1355 4837 δὲ
1381 4782 1479 4855 τήν
1522 4782 1752 4851 νεότητα
1785 4779 2044 4852 προϊσχό-

430 4901 631 4957 μενος.
662 4882 1001 4937 ἐκδυσωπεῖν
1035 4879 1297 4950 ἐπειρᾶτο
1329 4876 1483 4930 Θεόν.
1504 4873 1668 4927 Ἀλλὰ
1706 4874 1801 4927 καὶ
1840 4875 1868 4925 ὁ
1911 4889 2046 4943 προ-

428 4973 645 5045 φήτης,
677 4970 865 5041 φησὶν,
885 4966 1145 5038 Ἰεζεχιὴλ
1176 4968 1232 5018 ὲν
1265 4965 1534 5035 βολὸίτοις
1567 4964 1777 5034 κόπρου
1826 4961 2054 5033 ἀνθρω-

427 5066 607 5145 πίνης
641 5054 842 5133 ἄρτους
865 5058 1046 5130 ἑαυτῷ
1074 5058 1300 5129 ποιῆσαι
1327 5055 1830 5128 προστεταγμένος,
1864 5053 2053 5107 δεδυσ-⁹

428 5143 689 5229 φόρηκεν
716 5154 778 5206 ού
817 5150 1068 5224 μικρῶς,
1121 5148 1325 5221 ἤκουσέ
1346 5165 1407 5201 τε
1434 5148 1522 5201 διὰ
1544 5145 1723 5201 τοῦτο’
1761 5165 1782 5198 ι
1802 5146 1933 5199 Ἰδοὺ
1966 5143 2051 5197 δέ-

425 5250 592 5307 δωκά
629 5266 713 5301 σοι
761 5246 985 5317 pexam
1019 5242 1157 5313 βοῶν
1203 5243 1325 5295 ἀντὶ
1361 5238 1621 5311 βολϐίτων
1665 5237 2044 5308 ἀνθρωπίνων,

426 5346 537 5402 καὶ
568 5342 837 5412 ὀπτήσεις
863 5339 991 5401 τοὺς
1020 5336 1219 5408 ἄρτους
1250 5352 1345 5387 σου
1381 5334 1466 5385 ἐπ’
1507 5331 1706 5385 αὐτῶν.
1740 5350 1759 5383 ι
1795 5329 1906 5384 Καὶ
1941 5328 2048 5400 μὴν

430 5439 537 5493 καὶ
563 5433 711 5489 αὐτὰ
733 5433 762 5484 ὁ
788 5430 1080 5493 θεσπέσιος
1107 5427 1339 5497 Πέτρος,
1370 5425 1459 5478 ὅτε
1485 5424 1588 5493 τῆς
1624 5422 1819 5494 ὀθόνης
1860 5421 2049 5475 καθιε-

440 5529 625 5601 μένης
657 5521 719 5589 ἐξ
748 5518 1005 5593 ούρανοῦ,
1036 5519 1096 5571 ὲν
1193 5515 1372 5569 πάντα
1415 5515 1728 5585 ἐγέγραπτο
1760 5511 1827 5565 τὰ
1851 5510 2049 5582 τετρά-

432 5620 587 5677 ποδα
630 5617 729 5675 καὶ
755 5616 826 5669 τὰ
859 5614 1058 5685 κτήνη,
1095 5610 1232 5665 Θεοῦ
1270 5609 1523 5676 λέγοντος
1558 5606 1813 5676 ήκουσεψ
1844 5623 1863 5655 ι
1886 5604 2046 5655 Ἀναυ-

2152 4467 2299 4548 mum
2336 4503 2558 4558 prorsus
2591 4480 2954 4538 ministerium
3002 4485 3343 4541 aversantur,
3387 4479 3442 4525 et
3493 4467 3737 4524 cunctari

2106 4609 2115 4624 -
2152 4600 2258 4639 non
2286 4578 2579 4635 verentur?
2612 4577 2708 4630 Ille
2732 4571 3138 4640 enim,Moyses,
3174 4567 3394 4622 aiebat:
3430 4581 3449 4613 ι
3482 4561 3740 4622 Obsecro,

2153 4674 2406 4738 Domine,
2443 4670 2623 4737 delige
2658 4667 2823 4721 alium
2856 4665 3132 4724 idoneum,
3164 4670 3322 4727 quem
3362 4654 3545 4708 mitteS
3590 4652 3654 4705 ³⁸⁵.
3716 4669 3737 4702 ι

2153 4766 2306 4819 Alius
2336 4763 2672 4832 jnventutem
2710 4754 3076 4826 prmtendens,
3105 4762 3334 4806 exorare
3384 4746 3553 4802 Deum
3597 4744 3741 4798 nite-

2153 4856 2331 4909 batur.
2369 4852 2507 4918 Quin
2536 4859 2590 4905 et
2619 4850 2880 4918 propheta
2934 4842 3203 4909 Ezechiel,
3252 4840 3308 4894 in
3357 4848 3601 4893 stercore
3639 4837 3740 4890 hu-

2154 4959 2315 5000 mano
2335 4958 2501 5012 panes
2533 4943 2635 4996 sibi
2669 4940 2853 4994 facere
2874 4937 3078 5004 jussus,
3112 4946 3218 4987 non
3250 4928 3596 4984 mediocriter
3627 4941 3739 4981 mo-

2150 5037 2290 5093 leste
2328 5037 2457 5100 fert,
2489 5043 2545 5089 et
2588 5033 2793 5088 idcirco
2827 5030 2975 5083 audit
3007 5045 3021 5081 :
3074 5044 3092 5077 ι
3130 5023 3270 5078 Ecce
3302 5020 3424 5076 dedi
3475 5019 3571 5074 tibi
3604 5027 3740 5072 ster-

2152 5148 2280 5189 cora
2311 5132 2475 5186 boum
2507 5128 2612 5197 12
2644 5142 2739 5195 pro
2771 5125 3031 5184 humano,
3066 5128 3121 5173 et
3170 5130 3373 5183 coques
3405 5126 3575 5182 panes
3623 5120 3742 5164 tuos

2157 5226 2211 5281 in
2244 5224 2325 5278 eis
2354 5224 2422 5277 ³⁸.
2465 5241 2485 5275 ι
2520 5222 2743 5288 Insuper
2811 5224 2866 5270 et
2896 5215 3052 5269 divus
3094 5210 3208 5279 ipse
3256 5208 3469 5269 Petrus,
3527 5202 3742 5273 quando

2154 5321 2326 5374 linteo
2364 5317 2429 5372 de
2460 5315 2599 5371 cmlo
2631 5310 2923 5374 submisso,
2958 5308 3012 5360 in
3046 5319 3154 5374 quo
3203 5301 3383 5355 omnia
3439 5295 3736 5367 quadrupe-

2157 5409 2245 5464 dia
2282 5416 2339 5463 et
2373 5406 2619 5475 iumenta
2648 5400 3032 5461 cernebantur,
3082 5395 3247 5448 Deum
3281 5390 3549 5445 dicentem
3591 5386 3741 5440 audi-

2160 5503 2277 5557 vit:
2312 5519 2331 5551 ι
2366 5498 2562 5567 Surge,
2593 5494 2777 5558 Petre;
2808 5488 3013 5551 occide,
3037 5493 3093 5540 et
3118 5482 3379 5537 manduca
3408 5479 3475 5545 “,
3514 5496 3533 5530 ι
3587 5491 3741 5532 recn-

2156 5589 2436 5658 savit,his
2487 5586 2666 5642 verbis
2723 5601 2737 5637 :
2793 5600 2813 5635 ι
2869 5578 3243 5649 Nequaquam,
3306 5572 3555 5638 Domine,
3616 5568 3743 5639 quia

516 5798 562 5840 ⁸⁸
599 5795 645 5871 ιι
682 5795 809 5851 Cor.
854 5809 937 5861 lli,
980 5793 1032 5848 6.
1144 5792 1187 5824 ³³
1230 5790 1399 5847 Exod.
1447 5805 1527 5855 ut,
1562 5788 1615 5843 8.
1694 5786 1873 5842 3".ler.
1919 5801 1955 5853 ι,
1998 5782 2044 5837 5.

2143 5778 2176 5813 νο
2210 5775 2383 5831 Exod.
2421 5787 2493 5840 tv,
2530 5772 2615 5827 i5.
2731 5769 2777 5801 ³⁸
2807 5765 3005 5825 Ezech.
3062 5780 3136 5832 tv,
3171 5763 3258 5818 15.
3321 5759 3367 5793 ³⁸
3396 5759 3517 5813 Act.
3552 5769 3605 5821 χ,
3647 5747 3739 5808 13.
