4094 6472
441 325 511 380 27
1464 315 1522 375 S.
1562 317 1648 375 Οἵ
1663 316 1846 374 ιιιιιιι
1881 309 2354 394 ΔΙΑΕΧΑΝΒΒιΝί
2393 307 2716 365 ΔΒΕΗΙΕΡ.
3627 309 3706 366 28

444 452 721 508 nunquam
781 434 988 492 comedi
1041 447 1203 490 omne
1261 448 1583 502 commune,
1633 442 1727 490 aut
1783 434 2018 488 immun-

2130 427 2275 492 στάς,
2319 425 2517 495 Πέτρε,
2551 423 2732 488 θῦσον,
2768 421 2863 476 καὶ
2898 419 3060 490 φάγεο
3093 437 3113 470 ι
3158 418 3484 493 παρῃτεῖτο,
3515 423 3699 488 φησιν,

448 531 573 584 dum
608 528 674 592 ³⁷,
711 545 731 579 ι
762 541 934 595 neque
961 525 1203 595 ingressa
1228 534 1311 580 est
1338 525 1393 580 in
1426 539 1488 580 os
1523 539 1700 580 meum
1742 523 1846 577 ulla
1896 536 2022 577 caro

449 618 696 690 profana.
726 617 892 672 Oseas
935 627 1112 671 autem
1162 616 1346 671 audito
1406 631 1466 672 se
1521 631 1644 670 cum
1705 614 2024 669 muliercula

451 708 735 763 inhonesta
764 715 820 761 et
847 704 1160 769 fornicaria,
1197 715 1253 760 et
1295 705 1460 759 vitam
1515 705 1728 759 vivente
1772 718 2028 757 exsecra-

451 797 614 852 bilem
647 797 842 853 debere
875 797 1139 865 copulari,
1185 812 1297 850 rem
1329 811 1434 850 non
1481 797 1832 865 deprecatur;
1894 808 1997 848 eun

453 889 745 945 elationem
794 889 993 943 nullam
1029 888 1298 954 admittit;
1344 903 1448 941 non
1491 887 1592 943 sibi
1639 887 1779 942 istud
1825 883 2025 940 remitti

453 981 766 1052 suppliciter
794 989 942 1044 orat;
974 980 1093 1047 sed,
1129 988 1186 1034 ut
1213 981 1480 1050 quispiam
1535 977 2024 1048 petulantissimus,

454 1083 662 1127 tantum
697 1089 800 1128 non
834 1073 1255 1142 promptissime,
1284 1074 1401 1127 sine
1435 1088 1606 1136 mora,
1639 1071 2026 1140 propemodum

455 1165 511 1216 in
548 1179 658 1218 rem
686 1162 908 1225 involat,
947 1163 1238 1230 voluptate,
1271 1161 1452 1224 credo,
1489 1159 1815 1214 mulierculae
1846 1159 2025 1213 fruen-

455 1253 536 1304 da:
568 1259 876 1320 superatus.
912 1251 1113 1305 Deinde
1149 1252 1448 1305 orationem
1500 1265 1622 1303 cum
1675 1249 1910 1303 absurdo
1966 1249 2030 1302 ﬂ-

456 1342 632 1406 niens,
666 1356 830 1411 pauca
858 1346 1124 1411 quaedam,
1156 1349 1211 1394 et
1258 1340 1449 1410 frigida
1501 1340 1764 1409 adjungit.
1799 1339 2031 1393 Simulat

455 1434 601 1488 enim
630 1447 689 1488 se
718 1434 988 1502 prophetae
1013 1432 1366 1501 patrocinari,
1415 1441 1469 1486 et
1519 1433 1614 1498 ait,
1647 1431 1938 1500 plurimum
1970 1447 2029 1487 se

456 1523 630 1592 ipsum
660 1532 1041 1578 excusaturum
1071 1523 1263 1586 fuisse,
1297 1523 1340 1576 si
1393 1521 1561 1576 Deum
1598 1522 2027 1577 commistiouem

456 1627 772 1683 corpoream
809 1613 1094 1669 mandasse
1127 1617 1446 1684 putavisset.

530 1795 634 1850 Sed
659 1796 912 1863 quoniam
947 1805 1067 1850 erat
1095 1793 1376 1864 spirituale
1418 1791 1675 1862 quiddam
1720 1792 1860 1860 quod
1902 1805 2028 1860 age-

455 1888 633 1951 batur,
664 1902 733 1941 ex
767 1886 931 1939 inulta
977 1901 1100 1954 erga
1152 1886 1318 1938 Deum
1349 1884 1614 1938 charitate
1648 1884 2028 1953 propemodum

457 1976 600 2030 ultro
631 1977 696 2029 ad
736 1977 786 2030 id
818 1978 960 2040 quod
985 1975 1196 2044 jussum
1228 1981 1347 2031 erat
1375 1975 1762 2044 praastandum,
1802 1975 2031 2043 prophe-

458 2072 566 2116 tam
588 2063 952 2118 descendisse.
985 2063 1272 2128 Praeterea,
1297 2061 1491 2130 inquit,
1515 2061 1859 2116 continentia:
1895 2063 2032 2116 Deus

459 2159 604 2213 haud
638 2157 899 2212 voluisset
925 2157 1217 2226 quidquam
1246 2154 1510 2210 committi
1541 2155 1665 2218 tale,
1699 2163 1758 2208 ut
1783 2155 1866 2208 vir
1914 2164 2032 2208 tan-

461 2261 548 2307 tus
574 2251 707 2304 adeo
759 2250 1002 2318 turpibus
1044 2249 1482 2318 detestandisque
1519 2245 1906 2314 complexibus,
1958 2249 2032 2298 fe-

457 2342 620 2396 mina:
672 2339 850 2408 liuius,
895 2339 1140 2410 inquam,
1189 2341 1440 2395 obscenae
1483 2349 1537 2393 et
1575 2337 1874 2393 foruicariae
1902 2352 2031 2392 eon-

460 2432 834 2487 taminaretur.
875 2429 1165 2486 Historiam
1192 2441 1371 2501 autem
1403 2444 1690 2496 enervans,
1733 2438 1787 2484 et
1819 2442 1936 2482 eam
1975 2428 2029 2482 in

458 2537 654 2578 sensus
677 2521 985 2591 spirituales
1028 2520 1422 2590 quodammodo
1471 2517 1881 2582 transformans,
1925 2516 2032 2572 Go-

458 2628 577 2668 mer
612 2611 910 2667 allirmabat
936 2625 1058 2666 esse
1090 2618 1270 2680 typum
1299 2610 1513 2674 animae,
1548 2623 1667 2678 quae
1716 2607 1818 2662 sibi
1867 2607 2030 2662 vitam

457 2700 795 2759 lnhoneStam
829 2717 892 2757 ac
920 2711 1128 2770 turpem
1159 2701 1387 2770 delegit;
1426 2700 1740 2770 prophetam
1765 2701 2032 2754 sustinere

462 2794 760 2864 imaginem
797 2791 912 2860 ejus
941 2793 1028 2861 qui
1057 2792 1124 2846 de
1157 2790 1294 2845 coelo
1342 2801 1448 2858 εει,
1495 2791 1598 2844 hoc
1636 2798 1740 2854 est,
1759 2787 1920 2844 Verbi
1966 2804 2032 2843 ex

457 2884 624 2942 Patre
659 2904 672 2939 :
705 2885 794 2953 qui
823 2886 1036 2954 quidem
1063 2883 1348 2939 animabus
1383 2884 1581 2939 nostris
1614 2883 1774 2938 modo
1803 2884 1905 2938 sub
1946 2883 2031 2938 in-

463 2976 814 3047 telligentiam
871 2976 1240 3029 tantummodo
1284 2975 1508 3030 cadente
1556 2975 1856 3046 c0pulatus,
1911 2975 2033 3030 vita:

459 3068 642 3137 probae
668 3081 733 3121 ac
763 3074 967 3120 sanetae
982 3066 1187 3120 semina
1215 3065 1488 3134 injicit.Et
1509 3067 1590 3121 ba:
1616 3066 1831 3135 quidem
1860 3065 1913 3120 in
1942 3064 2031 3119 illa

457 3163 730 3228 oratione,
755 3175 858 3231 qua
888 3161 1210 3231 persuadere
1235 3161 1424 3229 voluit,
1472 3162 1822 3232 probationes
1861 3164 1928 3219 ab
1967 3176 2033 3217 eo

459 3253 775 3324 excogitata
828 3262 973 3308 sunt.
1019 3252 1171 3321 Cepit
1216 3263 1394 3308 autem
1452 3269 1538 3309 me
1587 3252 1872 3310 admiratio
1925 3270 2033 3310 non

459 3342 700 3414 vulgaris
743 3359 758 3398 :
798 3341 1054 3412 primum,
1098 3343 1240 3411 quod
1269 3357 1394 3397 vera
1433 3342 1638 3398 sentire
1662 3351 2031 3408 contemnens,

461 3449 627 3489 ausus
673 3441 759 3489 est
804 3431 1006 3495 dicere,
1054 3431 1289 3487 litteram
1318 3432 1602 3498 occidere;
1638 3431 1852 3498 deinde,
1889 3431 2034 3494 quod

460 3523 763 3581 introduxit
791 3523 1028 3595 Moysen,
1061 3535 1114 3577 et
1152 3538 1288 3593 quos
1311 3525 1470 3578 modo
1497 3523 1913 3586 nominavimus,
1941 3521 2030 3590 qui

462 3616 779 3674 coelestibus
805 3615 1038 3670 oraculis
1070 3615 1449 3680 reclamarint;
1487 3613 1628 3683 quod
1659 3623 1840 3667 autem
1891 3613 2031 3668 divi-

461 3709 548 3762 nis
581 3706 848 3761 mandatis
877 3721 936 3762 se
978 3720 1250 3774 opponere
1296 3707 1411 3760 ausi
1461 3715 1614 3760 extra
1663 3703 1876 3772 culpam
1923 3720 2031 3761 non

461 3798 703 3862 fuerunt,
732 3797 871 3851 male
923 3797 1108 3852 tacuit.
1139 3796 1428 3851 Sacrorum
1477 3810 1711 3866 namque
1758 3797 2031 3852 doctorem

460 3889 682 3961 Moysen
717 3890 1220 3958 subterfugientem,
1261 3899 1316 3944 et
1361 3890 1426 3942 ad
1467 3889 1768 3944 obeundam
1819 3890 2035 3947 missio-

464 3996 588 4037 nem
619 3982 1086 4051 tergiversantem,
1111 3990 1172 4035 et
1199 3979 1392 4050 liugum
1411 3981 1719 4035 tarditatem
1736 3981 2030 4036 obtenden-

461 4083 591 4138 tem,
619 4084 678 4128 ut
711 4073 979 4126 inﬁrmum
1013 4073 1065 4127 in
1101 4071 1204 4128 lide
1245 4073 1590 4142 reprehendit
1619 4073 1780 4139 Deus,
1828 4074 1880 4127 in
1919 4074 2034 4128 haec

461 4165 625 4222 verba
657 4179 672 4218 :
711 4164 812 4234 13
839 4183 857 4216 ι
885 4165 1015 4230 Quis
1044 4165 1187 4218 dedit
1217 4180 1278 4218 os
1315 4164 1551 4232 homini}
1577 4175 1630 4218 et
1658 4165 1778 4228 quis
1800 4163 2032 4218 fabrica-

463 4255 539 4310 vit
563 4265 766 4309 mutum
799 4263 854 4308 et
881 4255 1124 4319 surdum,
1156 4254 1424 4308 videntem
1470 4260 1524 4307 et
1574 4253 1810 4307 arcum?
1854 4268 2033 4310 nonne

460 4363 560 4417 ego
586 4345 848 4401 Dominus
881 4345 1056 4400 Deus?
1091 4345 1259 4415 Perge
1283 4346 1472 4414 igitur,
1506 4352 1560 4398 et
1583 4358 1681 4413 ego
1713 4328 1946 4414 aperiam
1969 4361 2031 4400 os

2125 517 2267 572 οὕτω
2287 517 2460 586 λέγων
2477 534 2491 550 ο
2527 535 2547 569 ι
2570 515 2872 587 Μηδαμῶς,
2895 513 3089 584 Κύριε,
3108 512 3190 564 ὅτι
3217 510 3470 564 οὐδέποτε
3500 509 3706 579 ἔφαγον

2125 612 2234 664 πᾶν
2265 609 2462 670 κοινὸν,
2507 608 2540 677 ἢ
2591 607 2921 677 ἀκάθαρτον,
2974 623 2995 658 ι
3046 602 3167 656 οὐδὲ
3215 601 3466 671 εἰσῆλθεν
3517 602 3600 664 εἰς
3642 599 3703 667 ro

2125 701 2300 771 στόμα
2335 717 2434 770 μου
2464 701 2570 752 πᾶν
2597 698 2762 769 κρέας
2797 697 3043 768 βέϐηλον.
3062 695 3219 766 Ὠσηὲ
3247 694 3306 747 δὲ
3337 692 3595 756 ἀκούσας,
3623 693 3703 746 ὅτι

2124 795 2334 864 γυναίῳ
2365 790 2730 846 συνάπτεσθαι
2776 792 2856 844 δεῖ
2896 787 3129 859 αἰσχρῷ,
3157 787 3254 840 καλ⁸
3299 784 3700 857 πορνευομένῳ,

2128 886 2222 938 καὶ
2254 885 2523 954 ἐπάρατον
2552 882 2726 953 ἔχοντι
2749 881 2915 951 ζωὴν,
2941 881 3003 933 ού
3029 877 3380 950 παραιτεῖται
3403 875 3464 929 τὸ
3490 876 3701 947 χρῆμα,

2127 976 2229 1027 οὐκ
2253 974 2409 1028 ὄκνον
2435 974 2728 1044 ἐνδέχεται,
2765 973 2826 1025 οὐ
2856 971 3121 1042 προσάγει
3153 970 3252 1040 τὴν
3282 968 3582 1039 ἱκετηρίαν,
3608 969 3704 1020 άν-

2129 1069 2307 1123 εῖσθαι
2359 1069 2694 1139 παρακαλῶν
2719 1083 2732 1097 ·
2764 1066 2879 1120 ἀλλ’
2909 1060 2999 1120 οἶὰ
3040 1082 3124 1128 τις
3160 1063 3270 1118 τῶν
3301 1061 3706 1131 ἀσελγεστάτων

2131 1161 2547 1232 προχειρότατα,
2587 1160 2680 1212 καὶ
2712 1157 2999 1229 ἀμελλητὶ,
3036 1155 3319 1228 μονονουχὶ
3348 1155 3443 1208 καί
3473 1153 3707 1224 ἁρπάζει

2129 1255 2190 1306 τὸ
2219 1252 2428 1324 χρῆμα,
2452 1252 2593 1322 τάχα
2623 1269 2722 1303 που
2751 1250 2850 1320 τῆς
2875 1251 2955 1312 εἰς
2983 1250 3044 1301 τὸ
3075 1247 3299 1316 γύναιον
3321 1246 3516 1316 ἡδονῆς
3538 1244 3710 1315 ἡττώ-

2134 1362 2312 1416 μενος.
2359 1339 2494 1396 Εἶτα
2531 1342 2872 1396 κατακλείων
2925 1341 3005 1404 εἰς
3049 1339 3279 1392 ἀτοπίαν
3325 1339 3450 1400 τοὺς
3495 1336 3705 1403 λόγους,

2131 1437 2440 1509 προσετίθει
2473 1435 2681 1498 τούτοις
2715 1433 2871 1502 ὀλίγα
2910 1433 3046 1487 ἄττα
3085 1431 3180 1485 καὶ
3213 1430 3416 1501 ψυχρά.
3460 1429 3709 1498 Σκήπτε-

2130 1547 2220 1584 ται
2253 1529 2351 1600 μὲν
2383 1528 2491 1598 γάρ
2519 1525 2597 1596 τῷ
2624 1527 2882 1596 προφήτῃ
2914 1524 3252 1594 συνηγορεῖν,
3279 1523 3374 1574 καὶ
3412 1520 3573 1574 πάλιν
3602 1537 3708 1590 φη-

2134 1622 2238 1685 σὶν,
2264 1620 2347 1673 ὅτι
2394 1617 2651 1686 πλείστην
2685 1615 2752 1669 ἂν
2792 1615 3086 1684 ἐποιήσατο
3130 1613 3228 1684 τὴν
3273 1611 3624 1682 παραίτησιν,
3660 1611 3708 1662 εί

2135 1709 2453 1782 σωματικὴν
2481 1709 2750 1780 ἠπίστατο
2783 1706 3065 1762 κοινωνίαν
3092 1702 3395 1774 προστάξαι
3423 1701 3575 1755 Θεόν.

2215 1799 2432 1869 Ἐπειδὴ
2480 1797 2537 1851 δὲ
2577 1791 2645 1867 ἦν
2697 1794 3065 1865 πνευματικόν
3112 1811 3167 1846 τι
3216 1791 3277 1844 τὸ
3321 1791 3616 1861 δρώμενον,
3647 1789 3719 1842 ἐκ

2130 1893 2333 1962 πολλῆς
2366 1891 2506 1958 ἄγαν
2537 1887 2831 1957 φιλοθεῒας,
2867 1884 3150 1957 μονονουχὶ
3183 1882 3277 1936 καὶ
3304 1880 3600 1952 αὐτόμολος
3621 1879 3714 1932 ἐπὶ

2129 1984 2189 2036 τὺ
2231 1983 2361 2054 δρᾷν
2405 1981 2624 2051 ἔρχεται
2651 1977 2713 2031 τὸ
2742 1972 3404 2046 κεκελευσμένον.”Αλλως
3443 1987 3526 2035 τε,
3554 1969 3710 2040 φησί,

2129 2073 2229 2126 οὐκ
2258 2072 2323 2125 ἂν
2349 2073 2378 2124 ὁ
2413 2069 2514 2139 τῆς
2541 2068 2867 2136 ἐγκρατείας
2909 2066 3040 2129 Θεὸς
3077 2063 3310 2134 ἠθέλησέ
3361 2079 3415 2114 τι
3458 2059 3713 2129 γενέσθαι

2129 2163 2390 2225 τοιοῦτον,
2408 2162 2486 2225 ὡς
2512 2161 2681 2230 ἄνδρα
2713 2157 2966 2213 τοσοῦτον
2993 2157 3248 2227 αἰσχραῖς
3266 2153 3440 2216 οὕτως
3468 2153 3562 2206 καὶ
3590 2153 3711 2222 βδε-

2129 2255 2464 2324 λυρωτάταις
2516 2249 2974 2320 καταμιαίνεσθαι
3033 2246 3399 2316 συμπλοκαῖς,
3452 2245 3573 2307 ταῖς
3632 2243 3714 2306 εἰς

2130 2347 2382 2414 γυναῖκα,
2413 2344 2578 2414 φημὶ,
2614 2340 2896 2395 καὶτοῦτο
2941 2338 3233 2410 μαχλῶσαν
3277 2336 3373 2389 καί
3409 2350 3713 2405 πεπορνευ-

2134 2437 2320 2507 μένην,
2348 2433 2755 2488 Μεταπλάττων
2787 2432 2844 2486 δὲ
2881 2431 3070 2498 ὥσπερ
3098 2429 3196 2498 τῆς
3229 2426 3468 2498 ἱστορίας
3497 2426 3596 2495 τὴν
3621 2423 3713 2478 δύ-

2131 2544 2296 2598 ναμιν
2321 2526 2402 2588 εἰς
2426 2524 2636 2587 ἐννοίας
2665 2521 3064 2594 πνευματικὰς,
3094 2519 3300 2588 ἔφασκε
3327 2517 3427 2588 μὲν
3455 2511 3718 2584 εἶναιτὴν

2129 2619 2309 2690 Γόμερ
2335 2618 2415 2681 εἰς
2446 2615 2616 2670 τύπον
2646 2614 2845 2685 ψυχῆς,
2877 2611 3119 2684 αἰσχρῶς
3141 2611 3234 2664 καὶ
3253 2609 3503 2679 άσέμνως
3525 2606 3722 2676 διαζῇν

2131 2709 2415 2782 ᾑρημένης
2437 2725 2452 2741 ·
2497 2707 2584 2761 τὸν
2625 2706 2684 2760 δέ
2728 2722 2792 2774 γε
2827 2704 3112 2775 προφήτην
3139 2700 3323 2754 εἰκόνα
3353 2697 3594 2770 πληροῦν
3618 2695 3714 2751 τοῦ

2131 2799 2338 2854 ἄνωθεν
2387 2797 2484 2852 καὶ
2534 2796 2594 2864 ἐξ
2644 2794 2898 2867 ούρανοῦ,
2945 2792 3215 2856 τουτέστι,
3243 2787 3339 2844 τοῦ
3387 2791 3453 2842 ὲκ
3504 2787 3724 2858 Πατρὸς

2131 2887 2268 2944 Θεοῦ
2289 2889 2464 2957 Λόγου
2484 2902 2501 2918 ο
2529 2887 2590 2950 ὃς
2614 2887 2737 2950 ταῖς
2767 2883 3063 2956 ῄμετέραις
3083 2882 3281 2953 ψυχαῖς
3313 2879 3716 2949 συναπτόμενος

2132 2983 2449 3055 νοητῶς,τά
2488 2981 2589 3052 τῆς
2637 2981 2930 3052 φιλαρέτου
2978 2977 3128 3048 ζωῆς
3173 2976 3349 3048 ἐνίησι
3401 2976 3720 3046 σπέρματάι

2133 3074 2245 3128 Καὶ
2259 3073 2432 3127 ταῦτα
2454 3071 2554 3141 μὲν
2573 3071 2674 3141 τῆς
2695 3070 2904 3124 ἐκείνου
2923 3066 3304 3134 πιθανολογίας
3325 3064 3395 3119 τὰ
3410 3064 3470 3117 εὐ
3480 3065 3718 3135 ρέμαται

2136 3163 2469 3237 Τεθαύμακα
2496 3163 2554 3218 δὲ
2575 3163 2633 3216 οὐ
2662 3162 2900 3233 μετρίως
2931 3158 3060 3229 ἐγὼ,
3093 3157 3308 3229 πρῶτον
3343 3156 3465 3227 μὲν,
3495 3156 3578 3210 ὅτι
3605 3155 3720 3208 τῶν

2134 3259 2215 3321 εἰς
2247 3255 2503 3326 ἀλήθειαν
2539 3252 2838 3324 ἀφειδήσας
2873 3249 3115 3315 ἐννοιῶν,
3153 3247 3485 3317 τετόλμηκεν
3517 3247 3713 3308 εἰπεῖν,

2133 3348 2215 3402 ὅτι
2257 3347 2318 3400 τὸ
2365 3347 2600 3419 γράμμα
2649 3342 2981 3399 ἀποκτείνει.
3017 3337 3151 3395 Εἶτα
3197 3339 3334 3411 πρὸς
3378 3338 3605 3402 τούτοις,
3631 3339 3715 3390 ὅτι

2133 3438 2469 3510 παρεκόμισε
2521 3437 2620 3508 μὲν
2662 3437 2789 3500 τοὺς
2834 3433 2976 3504 ἀμφὶ
3014 3434 3104 3486 τὸν
3131 3433 3354 3497 Μωσέα,
3383 3431 3477 3484 καὶ
3503 3424 3578 3483 ὧν
3613 3430 3713 3480 ὲπ-

2133 3529 2488 3601 εμνήσθημεν
2525 3528 2751 3599 ἀρτίως,
2779 3528 2889 3588 τοῖς
2921 3523 3126 3579 ἄνωθεν
3161 3521 3713 3594 κεχρησμῳδημὲνοις

2133 3624 2540 3694 ἀντειρηκότας·
2565 3623 2648 3676 ὅτι
2671 3622 2729 3674 δὲ
2753 3622 2864 3684 τοῖς
2888 3619 3054 3682 θείοις
3079 3617 3443 3688 θεσπίσμασιν
3465 3617 3560 3669 ἀντ
3571 3614 3710 3667 ιϐλέ-

2131 3715 2231 3782 ψαι
2256 3713 2650 3784 τετολμηκότες
2680 3713 2782 3765 οὐκ
2812 3709 2916 3776 ἔξω
2947 3710 3237 3780 γεγόνασιν
3264 3707 3465 3772 αἰτίας,
3491 3707 3712 3778 σεσίγη·

2132 3825 2227 3862 κεν
2255 3807 2356 3860 οὐκ
2387 3804 2584 3875 ὀρθῶς.
2613 3801 3054 3872 Παραιτούμενον
3084 3801 3182 3870 μὲν
3211 3798 3318 3870 γὰρ
3343 3799 3434 3854 τὸν
3461 3799 3712 3868 ἱεροφάν-

2131 3915 2230 3968 την
2258 3895 2480 3960 Μωσέα,
2512 3894 2606 3947 καὶ
2630 3893 2890 3946 ὀκνοῦντα
2918 3891 3016 3960 τὴν
3045 3889 3347 3959 ἀποστολὴν
3368 3929 3382 3953 ,
3438 3889 3532 3943 καὶ
3574 3905 3710 3958 προ-

2132 3987 2418 4057 ϊσχόμενον
2463 3985 2560 4056 τὴν
2600 3981 3062 4055 βραδυγλωσσίαν,
3110 3982 3188 4046 ὡς
3238 3980 3567 4036 ἀσθενοῦντα
3586 3982 3712 4051 περί

2131 4076 2232 4145 τὴν
2275 4075 2458 4127 πίστιν
2503 4074 2700 4144 ἤλεγχε
2740 4072 2894 4136 Θεὸς,
2933 4071 3076 4126 οὕτω
3107 4071 3308 4139 λέγων·
3370 4089 3387 4122 ι
3417 4069 3515 4133 Τίς
3544 4069 3709 4122 ἔδωκε

2134 4165 2311 4235 στόμα
2338 4163 2645 4236 άνθρώπῳ;
2684 4163 2777 4217 καὶ
2803 4163 2886 4226 τίς
2911 4163 3134 4233 ἐποίησε
3164 4161 3446 4229 δύσκωφον
3477 4160 3570 4214 καί
3600 4180 3709 4214 κω-

2135 4255 2254 4324 φὸν,
2288 4254 2557 4324 βλέποντα
2589 4254 2681 4307 καὶ
2710 4253 2944 4322 τυφλόν;
2980 4254 3080 4307 ούκ
3125 4254 3235 4322 ἐγὼ
3261 4253 3464 4325 Κύριος
3491 4256 3519 4307 ό
3545 4254 3711 4321 Θεός;

2133 4347 2243 4400 Καὶ
2271 4347 2387 4410 νῦν,
2419 4346 2675 4418 πορεύου,
2711 4347 2803 4400 καί
2835 4345 2946 4414 ἐγὼ
2990 4344 3188 4410 άνοίξω
3235 4347 3295 4398 τὸ
3342 4346 3517 4416 στόμα
3545 4363 3658 4399 σου.
3685 4365 3703 4397 ι

463 4449 609 4494 tuum
642 4439 707 4492 ³⁸.
745 4456 763 4489 ι
800 4437 874 4491 Eo
899 4440 1072 4491 adhuc
1101 4447 1406 4500 recusante,
1454 4446 1509 4490 et
1550 4451 1728 4490 moras
1758 4444 2027 4503 nectente,

2145 4435 2532 4504 Ἀναδυομένου
2552 4437 2607 4489 δὲ
2642 4436 2781 4506 μετὰ
2805 4436 2982 4502 τοῦτο,
3005 4436 3098 4489 καὶ
3128 4436 3408 4506 μέλλοντος
3424 4437 3526 4500 ἔτι,
3548 4455 3565 4488 ι
3589 4438 3710 4508 Ὠρ-

465 4546 487 4581 σ
527 4527 698 4581 Iratus
726 4537 833 4590 est,
874 4545 891 4578 ι
943 4527 1135 4597 inquit,
1195 4545 1214 4578 ι
1269 4526 1528 4581 Dominus
1577 4525 1630 4578 in
1686 4524 1926 4596 Moysen,
1977 4537 2033 4583 et

461 4619 598 4676 dixit
630 4635 645 4672 :
683 4618 798 4673 Non
827 4633 951 4673 ecce
981 4619 1159 4674 Aaron
1209 4617 1377 4673 frater
1403 4618 1562 4672 tuus?
1593 4617 1719 4672 Scio
1765 4619 1905 4687 quod
1952 4618 2032 4674 lo-

461 4724 634 4781 quens
669 4709 916 4780 loquetur
946 4708 1058 4777 ipse
1097 4710 1190 4763 tibi
1226 4709 1291 4763 3°.
1344 4727 1364 4760 ι
1410 4707 1664 4776 Rursum,
1707 4726 1832 4765 cum
1879 4709 2032 4766 Jere-

462 4799 598 4854 mias
630 4798 1078 4854 inconsideratius
1115 4786 1341 4852 dixisset
1390 4813 1450 4853 se
1485 4797 1756 4866 juniorem
1810 4814 1932 4854 esse
1976 4809 2032 4855 ct

460 4891 673 4947 nescire
705 4890 870 4959 loqui,
921 4890 1268 4945 nihilominus
1307 4900 1366 4946 ct
1404 4889 1546 4944 Deus
1604 4889 1674 4943 ita
1723 4891 1960 4945 occurrit
2012 4909 2028 4946 ;

467 4999 489 5036 ι
519 4981 636 5038 Noli
680 4983 884 5045 dicere,
921 4981 1042 5050 quia
1079 4979 1267 5035 Junior
1313 4996 1412 5052 ego
1460 4997 1603 5045 sum,
1659 4983 1910 5052 quoniam
1962 4983 2029 5038 ad

459 5087 672 5140 omnes,
713 5074 778 5127 ad
811 5087 947 5142 quos
987 5088 1086 5142 ego
1139 5073 1346 5127 mittam
1385 5083 1434 5128 te
1493 5073 1614 5138 ibis,
1665 5083 1720 5128 et
1777 5075 2028 5131 universa

460 5181 579 5235 qua:
609 5165 933 5220 mandavero
969 5163 1063 5216 tibi
1096 5163 1330 5233 loqueris
1359 5165 1421 5220 ⁸ο.
1467 5183 1485 5217 ι
1524 5163 1638 5218 Non
1690 5166 1832 5218 enim
1877 5167 2024 5220 omni

459 5239 699 5326 periculo
731 5257 982 5321 vacabat,
1017 5256 1217 5319 dicere,
1251 5266 1344 5310 aut
1366 5257 1553 5310 saltem
1585 5259 1840 5326 cogitare,
1877 5273 2026 5311 sum-

460 5360 606 5399 mum
651 5344 932 5400 consiliqu
957 5361 983 5397 τι
1020 5355 1166 5399 recta
1207 5345 1414 5401 ratione
1443 5349 1742 5410 aberrasse,
1775 5348 1899 5400 dum
1941 5349 2029 5414 ju-

456 5448 647 5488 venem
674 5435 740 5488 ad
768 5435 1092 5490 vaticinandi
1125 5435 1356 5492 oﬁicium
1411 5448 1582 5492 vocar.
1629 5437 1890 5492 Similiter
1926 5438 2030 5492 Pe-

459 5532 580 5579 trus
610 5525 822 5594 accepit
852 5527 1068 5596 quidem
1100 5542 1305 5597 vocem,
1339 5529 1501 5584 linteo
1535 5530 1599 5584 de
1627 5527 1765 5583 cwlo
1788 5528 2022 5584 submis-

2129 4524 2313 4594 γίσθη,
2365 4530 2518 4595 φησι,
2568 4526 2772 4598 Κύριος
2801 4526 2896 4579 ὲπί
2953 4521 3178 4596 Μωσῆν,
3226 4525 3319 4578 καὶ
3366 4522 3554 4580 εἶπεν
3599 4528 3712 4580 Οὐκ

2133 4616 2243 4669 ἰδοὺ
2284 4616 2493 4687 Ἀαρὼν
2513 4619 2540 4670 ὁ
2564 4617 2790 4686 ἀδελφός
2821 4635 2942 4683 σου;
2980 4617 3280 4686 ἐπίσταμαι
3305 4617 3385 4670 ὅτι
3416 4616 3591 4671 λαλῶν
3613 4617 3710 4672 λα-

2130 4708 2282 4778 λήσει
2333 4709 2494 4773 αύτός
2546 4727 2649 4764 σοι.
2682 4709 2986 4779 »Ἱερεμίου
3016 4709 3073 4760 δὲ
3109 4708 3272 4762 πάλιν
3316 4710 3710 4781 προαλέστερον

2130 4800 2430 4871 είρηκότος,
2457 4803 2537 4855 ὅτι
2557 4798 2840 4870 Νεώτερος
2871 4797 2982 4866 ἐγώ
3012 4801 3147 4869 εἰμι,
3169 4800 3263 4852 καί
3287 4801 3387 4853 οὐκ
3413 4801 3711 4870 ἐπίσταμαι

2134 4891 2337 4957 λαλεῖν,
2367 4891 2519 4944 οὐδὲν
2547 4885 2708 4960 ἦττον
2745 4891 2958 4962 ὑπήντα
2980 4891 3133 4957 Θεὸς,
3155 4891 3327 4960 λέγων
3351 4910 3364 4923 °
3400 4911 3418 4943 ι
3449 4893 3540 4952 Μὴ
3565 4893 3710 4959 λέγε,
3787 4900 3792 4906 ”

2134 4983 2214 5036 ὅτι
2239 4981 2521 5051 Νε-ώτερος
2553 4980 2664 5050 ἐγώ
2691 4984 2826 5053 εἰμι,
2858 4983 2941 5036 ὅτι
2971 4983 3108 5055 πρὸς
3142 4985 3347 5048 πάντας
3378 4984 3471 5047 οὓς
3510 4984 3575 5038 ἂν
3601 4984 3712 5052 ἐγὼ

2133 5073 2477 5141 ἐξαποστελῶ
2506 5089 2586 5137 σε,
2616 5073 2878 5144 πορεύσῃ,
2912 5074 3006 5128 καὶ
3037 5075 3178 5129 κατὰ
3206 5076 3383 5130 πάντα
3408 5076 3508 5128 ὅσα
3538 5075 3605 5130 ἂν
3627 5079 3712 5129 ἐν-

2131 5162 2396 5232 τείλωμαί
2432 5179 2534 5225 σοι,
2564 5162 2836 5234 λαλήσεις.
2885 5184 2904 5217 ι
2938 5166 3012 5218 Οὺ
3041 5165 3148 5236 γὰρ
3175 5159 3242 5238 ἦν
3271 5165 3408 5229 ὅλως
3431 5166 3710 5220 ἀκίνδυνον

2131 5254 2326 5319 εἰπεῖν,
2360 5253 2528 5321 ἤγουν
2559 5256 2807 5326 ἐννοῆσαι
2843 5256 3022 5326 μόνον,
3054 5258 3136 5310 ὅτι
3165 5256 3423 5326 λογισμοῦ
3452 5255 3544 5310 τοῦ
3577 5255 3710 5325 πρέ-

2131 5360 2326 5408 ποντος
2379 5347 2412 5416 ὴ
2467 5345 2746 5418 ὑπερτάτη
2793 5347 2956 5419 βουλὴ
3001 5349 3360 5420 διημάρτηκε,
3393 5351 3509 5400 νέον
3544 5348 3710 5422 ἄνδρα

2131 5436 2370 5490 καλοῦσα
2418 5439 2552 5510 πρὸς
2601 5440 2959 5512 προφητείαν.
2979 5441 3210 5511 Ὁμοίως
3234 5442 3262 5493 ὁ
3289 5441 3572 5504 θεσπέσιος
3599 5439 3707 5492 Πέ-

2129 5545 2255 5599 τρος
2280 5530 2481 5600 ήκουσε
2508 5531 2627 5603 μὲν,
2653 5533 2752 5604 τὴς
2779 5533 2968 5606 ὀθόνης
2997 5533 3324 5606 καθιεμένης
3361 5531 3422 5598 ἐξ
3447 5533 3698 5608 ούρανοῦ·

523 5694 572 5776 ετ
603 5695 731 5762 Act.
770 5715 826 5769 ι,
859 5702 947 5758 ιι.
1023 5703 1068 5736 ιε
1094 5701 1265 5762 Exod.
1301 5719 1374 5760 ιν.
1421 5703 1506 5775 ιι,
1545 5705 1631 5760 12.
1725 5707 1769 5740 εο
1809 5706 1937 5764 ibid.
1976 5708 2029 5763 ιιι

2142 5708 2187 5741 ⁸⁸
2220 5705 2420 5765 Jcrem.
2454 5725 2494 5777 ι,
2534 5709 2588 5764 7.
