4094 6472
296 365 357 418 ’ίθ
1217 361 1778 420 COMMENTARIUS
1811 362 1876 416 IN
1917 361 2151 419 OSEAM
2192 363 2640 422 PROPIIETAM.
3519 375 3592 431 '50

297 478 629 541 ιἈναστὰς,
657 477 855 549 Πέτρε,
911 478 1109 545 θῦσον,
1166 480 1263 534 καὶ
1308 481 1471 550 φάγε.
1502 499 1520 533 ι
1559 481 1779 552 Ἐπειδὴ
1834 479 1887 533 δέ

1995 495 2058 535 so
2090 504 2099 536 :
2139 501 2156 535 ι
2193 482 2393 553 Surge,
2423 482 2605 546 Petro,
2637 482 2847 548 occide,
2880 492 2935 538 et
2965 483 3232 539 manduca
3261 484 3326 540 “.
3363 505 3381 538 ι
3437 487 3588 554 Quo-

301 561 608 634 Ἰουδαϊκῶς
653 570 1027 642 ἀνακεκράγει
1053 571 1134 634 τὺ,
1173 589 1191 623 t
1218 573 1526 644 Μηδαμῶς,
1579 572 1773 644 Κύριε,
1808 573 1890 626 ὃτι

287 663 541 714 οὐδέποτε
592 661 798 730 ἔφαγον
837 662 1036 729 κοινὸν,
1080 662 1113 733 ἦ
1163 664 1494 737 ἀκάθαρτον·
1531 684 1551 718 ι
1591 666 1892 736 ἐπετιμᾶτο

290 755 652 826 παραχρῆμα,
679 755 776 808 καὶ
802 756 880 820 ὡς
905 759 1020 820 τοῖς
1065 757 1230 820 θείοις
1260 758 1574 829 σκέμμασιν
1603 759 1890 830 ἀντιφέρε-

291 847 407 900 σθαι
433 847 676 917 τολμῶν,
696 849 899 918 ἤκουεν
929 847 1179 918 ἐναργῶς
1198 869 1211 880 ⁸
1226 869 1245 900 ι
1261 852 1329 902 "A
1363 853 1391 903 6
1419 850 1552 915 Θεὸς
1571 851 1887 922 ἐκαθάρισε,

290 937 350 990 σὺ
386 936 461 1007 μὴ
489 936 698 990 κοίνου.
739 955 758 988 ι
797 937 862 989 Ei
894 937 1005 1008 γὰρ
1035 939 1130 991 καὶ
1160 939 1411 1010 ἐλέγχειν
1435 940 1624 1011 ἢθελεν
1652 942 1830 1011 ἠπίως
1861 943 1890 996 6

287 1028 387 1081 τῶν
422 1029 568 1081 ὅλων
615 1027 770 1092 Θεὸς,
814 1030 910 1082 καὶ
953 1030 1054 1083 οὐκ
1100 1030 1264 1096 εὐθὺς
1293 1033 1369 1096 ὡς
1410 1034 1792 1104 ἁντειρηκόσιν
1825 1034 1887 1087 οὐ

290 1118 525 1191 μετρίως
564 1118 1006 1188 ἐξεπικραίνετο,
1039 1122 1153 1175 ἀλλ’
1183 1125 1284 1176 οὐκ
1313 1123 1420 1188 ἐξω
1457 1125 1679 1193 γέγονεν
1710 1125 1891 1189 αἰτίας

285 1215 463 1276 αὐτοῖς
491 1216 525 1284 ἡ
563 1216 919 1284 παραίτησις.
954 1216 1170 1287 Χρῆναι
1214 1218 1273 1270 δέ
1317 1235 1459 1289 φημι
1506 1222 1629 1282 ταῖς
1682 1219 1890 1274 ἄνωθεν

282 1303 480 1373 ψήφοις
515 1305 794 1376 ἀμελλητὶ
823 1307 1089 1378 νέμοντας
1115 1308 1178 1361 τὸ
1206 1310 1384 1380 ὀρθῶς
1427 1311 1522 1364 καὶ
1548 1310 1891 1383 ἀδιαὸλήτως

283 1401 441 1468 ἐχειν,
492 1400 898 1470 ἀποπεραίνειν
942 1401 1263 1470 ἐπείγεσθαι
1316 1404 1379 1456 τὸ
1434 1404 1887 1473 κεκελευσμένον,

284 1491 382 1544 κᾶν
434 1493 484 1543 εἰ
518 1492 598 1561 μὴ
646 1493 854 1562 σφόδρα
900 1493 962 1546 τὸ
991 1495 1183 1564 χρῆμα
1208 1498 1329 1559 ταῖς
1357 1497 1657 1566 ἡμετέραις
1686 1496 1887 1569 ἁνδάνῃ

283 1583 497 1652 ψυχαῖς.
538 1579 670 1637 Οἷόν
723 1585 776 1637 τί
826 1602 990 1656 φημι·
1017 1587 1364 1659 Προστέταχε
1413 1588 1492 1659 τῷ
1523 1589 1696 1642 Σαοὺλ
1723 1591 1751 1642 6
1775 1589 1887 1642 τῶν

283 1675 410 1729 ὅλων
455 1674 618 1740 Θεὸς,
653 1677 969 1746 ἀποσφάξαι
1009 1679 1103 1732 τὸν
1137 1681 1341 1748 Ἀγαγ,
1373 1680 1448 1744 ὡς
1480 1680 1669 1734 ἀνόσια
1696 1681 1887 1753 δεδρα-

285 1769 407 1820 κότα
453 1767 603 1822 κατά
645 1768 756 1821 τῶν
795 1768 854 1835 ἐξ
908 1771 1308 1842 Ἰσραήλ.Ἀλλ’
1350 1771 1506 1842 ᾠήθη
1547 1772 1609 1825 τὸ
1650 1774 1887 1845 χρηστὸν

286 1862 365 1913 ἐπ’
398 1859 550 1930 αὐτῷ
599 1860 980 1930 βουλεύεσθαι,
1031 1865 1127 1916 καὶ
1174 1865 1394 1933 φειδοῦς
1443 1866 1595 1935 ἠξίου
1641 1866 1733 1918 τὸν
1766 1870 1886 1930 ταῖς

286 1953 478 2021 ψήφοις
504 1953 1070 2023 καταδεδικασμένον.
1106 1957 1446 2028 Προσκρούει
1481 1959 1538 2012 δέ
1568 1955 1660 2013 οὗν
1684 1959 1888 2032 ταύτῃ-

286 2060 358 2097 τοι
386 2043 464 2114 τῷ
492 2044 643 2114 Θεῷ,
676 2045 773 2099 καὶ⁵
800 2045 968 2116 μάλα.
987 2047 1245 2118 Ἐκήδετο
1284 2050 1348 2119 δὴ
1396 2047 1489 2104 οὖν
1515 2052 1606 2105 τοῦ
1637 2053 1888 2106 τεθνάναι

289 2137 790 2208 προστεταγμένου,
827 2140 1112 2209 μονονουχὶ
1141 2140 1547 2211 διακεκραγὼς,
1580 2145 1674 2199 καὶ
1713 2145 1888 2214 λέγων

286 2230 347 2282 δι’
371 2229 538 2282 αὐτοῦ
588 2229 690 2282 τοῦ
737 2229 1091 2300 πράγματος,
1122 2233 1204 2285 ὅτι
1260 2233 1334 2304 μὴ
1362 2234 1579 2289 δικαίαν
1613 2238 1702 2289 ἐπ’
1737 2238 1888 2308 αὐτῷ

288 2322 375 2393 τὴν
416 2322 600 2392 ψῆφον
649 2323 888 2374 ἐποιεῖτο
936 2322 1088 2386 Θεός.
1118 2324 1337 2395 Ταύτης
1368 2327 1531 2380 ἕνεκα
1576 2329 1677 2399 τῆς
1707 2331 1888 2395 αἰτίας

290 2415 526 2467 ἐλυπεῖτο
565 2415 670 2486 μὲν
714 2413 858 2476 λίαν,
896 2415 992 2468 καὶ
1035 2417 1437 2486 συνηγανάκτει
1474 2420 1594 2490 Θεῷ
1627 2423 1653 2474 6
1703 2423 1886 2491 μακάο

295 2525 394 2578 ριος
417 2508 702 2580 Σαμουήλ.
733 2511 845 2563 Kal
870 2511 1211 2580 ἀποσφάττει
1247 2512 1345 2582 μὲν
1369 2513 1461 2565 τὸν
1490 2515 1675 2582 Ἀγαγ
1699 2516 1884 2581 αὐτὸς,

290 2599 566 2666 ἐπιφωνῶν
589 2601 693 2664 τὰς
725 2602 928 2665 αἰτίας
962 2621 980 2653 ι
1004 2601 1147 2655 Ἀνθ’
1170 2596 1246 2657 ὧν
1276 2603 1409 2673 γὰρ,
1443 2606 1629 2675 φησιν,
1654 2607 1886 2675 ἠτέκνωο

292 2708 344 2745 σε
369 2694 637 2760 γυναῖκας
667 2694 700 2762 ἡ
731 2693 982 2764 ῥομφαία
1014 2711 1129 2760 σου,
1155 2694 1329 2759 οὕτως
1354 2697 1794 2767 ἀτεκνωθήσεται
1821 2701 1886 2752 ἐκ

291 2783 552 2848 γυναικῶν
572 2787 608 2856 ή
639 2785 826 2856 μήτηρ
845 2802 964 2842 σου.
991 2805 1010 2838 ι
1038 2787 1486 2857 Προαπαγγέλλει
1514 2787 1570 2840 δέ
1588 2787 1665 2858 τῷ
1687 2790 1882 2854 Σαοὺλ,

289 2875 361 2927 ὅτι
387 2876 480 2929 καὶ
508 2876 617 2946 τῆς
652 2877 936 2947 βασιλείας
986 2877 1386 2951 ἐξοισθήσεται,
1427 2880 1524 2934 καὶ
1558 2882 1761 2952 πικρὰς
1786 2882 1885 2953 τῆς

288 2969 565 3039 παρακοῆς
598 2970 857 3024 ἀποτίσει
883 2970 1062 3035 δίκας.

350 3059 408 3111 El
437 3059 493 3113 δέ
528 3060 644 3132 χρὴ
690 3061 830 3133 πρὸς
867 3062 1045 3133 τούτῳ
1078 3061 1176 3117 καὶ
1209 3061 1404 3134 ἐτέρας
1443 3065 1594 3135 ἡμᾶς
1643 3065 1885 3136 ἱστορίας

1997 575 2141 627 niam
2172 583 2352 628 autem
2386 581 2444 628 ιιι
2475 573 2694 628 Judazus
2720 574 3063 630 exclamabat
3099 593 3114 629 :
3155 593 3174 627 ι
3215 575 3588 646 Nequaquam,

1995 663 2244 730 Domine,
2281 665 2406 734 quia
2439 680 2714 735 nunquam
2754 666 2962 721 comedi
2991 681 3303 732 commune,
3353 677 3446 722 aut
3488 670 3591 722 im-

1993 761 2252 814 mundum
2284 760 2563 830 quidpiam
2597 760 2664 826 “,
2704 779 2722 812 ι
2755 761 2900 816 illico
2927 769 3010 816 est
3052 761 3391 830 objurgatus,
3442 770 3491 814 et
3533 772 3592 814 ut

1994 851 2179 906 divino
2212 853 2494 922 pr0posito
2535 851 2804 908 obsistere
2849 867 2955 907 non
3010 852 3394 915 reformidans,
3441 851 3590 905 clare

1991 943 2244 998 audivit:
2281 963 2299 996 ι
2333 944 2485 1011 Quod
2521 945 2659 999 Dens
2694 945 3024 1015 purificavit,
3068 955 3125 999 ιιι
3167 959 3456 998 commune
3520 959 3591 999 ne

1991 1034 2198 1090 dixeris
2231 1034 2297 1088 ⁸³.
2338 1055 2356 1086 ι
2393 1035 2654 1103 Quamvis
2699 1037 2842 1092 enim
2899 1039 3042 1092 Deus
3106 1037 3483 1091 universorum
3534 1047 3590 1089 et

1991 1134 2276 1180 mansuete
2310 1127 2710 1195 reprehendere
2744 1128 2936 1193 voluit,
2984 1139 3040 1183 et
3071 1144 3178 1182 nun
3233 1127 3396 1193 illico,
3430 1136 3489 1180 ut
3532 1127 3587 1181 in

1996 1216 2355 1274 refractarios
2400 1221 2778 1275 vehementius
2821 1230 2903 1276 est
2957 1221 3355 1285 exacerbatus,
3406 1230 3589 1273 tamen

1990 1321 2178 1362 eorum
2216 1309 2540 1363 detrectalio
2569 1311 2726 1380 culpa
2754 1327 2858 1364 non
2885 1311 3084 1364 caruit.
3115 1309 3381 1378 Oportere
3405 1321 3589 1364 autem

1990 1401 2242 1456 existimo
2279 1403 2423 1456 omni
2462 1417 2614 1456 mora
2659 1404 2992 1472 posthabita,
3030 1403 3312 1458 caelestem
3368 1414 3588 1458 senten-

1991 1493 2120 1546 tiam
2148 1504 2358 1549 rectam
2388 1504 2552 1563 atque
2587 1496 2969 1564 incnlpabilem
2999 1505 3323 1562 statuentes,
3375 1497 3441 1550 ad
3471 1495 3589 1564 jus-

1991 1600 2049 1640 sa
2073 1589 2418 1657 exsequenda
2451 1603 2764 1658 properare,
2790 1589 3003 1643 etiamsi
3036 1603 3122 1643 res
3157 1588 3355 1642 animis
3387 1589 3588 1642 nostris

1989 1693 2182 1748 parum
2216 1680 2482 1734 arriserit.
2510 1680 2680 1748 Quale
2711 1690 2814 1746 est,
2841 1680 3088 1749 inquam,
3121 1681 3264 1748 quod
3300 1681 3587 1734 universo-

1993 1786 2112 1825 rum
2151 1771 2292 1826 Deus
2323 1775 2388 1828 de
2416 1774 2561 1844 Agag
2605 1773 2926 1839 occidendo,
2965 1772 3144 1842 utqui
3198 1773 3250 1826 in
3307 1771 3587 1827 lsraelitas

1920 1848 1963 1904 Β
1995 1863 2226 1920 nefanda
2262 1865 2481 1920 molitus
2528 1878 2696 1928 esset,
2747 1864 2900 1919 Sauli
2945 1864 3246 1929 mandavit,
3292 1864 3383 1934 qui
3433 1864 3588 1920 beni-

1991 1957 2150 2028 gnius
2183 1958 2236 2011 in
2263 1973 2386 2011 eum
2418 1957 2834 2021 consulendum,
2884 1965 2940 2011 et
2971 1957 3128 2010 venia
3181 1957 3399 2025 dignum
3453 1971 3585 2010 cen-

1991 2049 2122 2113 suit,
2159 2064 2318 2118 quem
2354 2049 2538 2102 divina
2571 2051 2871 2104 auctoritas
2903 2049 3260 2103 damnaverat
3308 2047 3374 2102 “.
3409 2047 3589 2114 Quare

1992 2156 2096 2194 non
2135 2140 2326 2195 leviter
2352 2141 2518 2194 Deum
2546 2139 2793 2195 offendit.
2831 2140 3034 2197 Curam
3056 2140 3225 2208 igitur
3247 2141 3414 2210 gessit
3448 2139 3584 2208 ejus,

1991 2235 2079 2301 qui
2118 2237 2252 2287 mori
2282 2232 2472 2301 jussus
2507 2233 2704 2296 fuerat,
2733 2242 2945 2288 tantum
2981 2249 3087 2287 non
3119 2233 3384 2296 clamans,
3417 2240 3467 2286 et
3502 2232 3586 2285 di-

1990 2337 2120 2376 cens
2185 2324 2330 2376 facto
2393 2323 2548 2391 ipso,
2615 2324 2858 2392 iniquam
2929 2323 3255 2378 sententiam
3327 2324 3589 2381 adversus

1991 2415 2166 2483 ipsum
2202 2416 2387 2470 tulisse
2417 2415 2605 2470 Deum.
2661 2415 2811 2470 lianc
2849 2416 2917 2470 ob
2961 2429 3181 2470 causam
3232 2415 3589 2474 contria-datus

1993 2523 2343 2578 magnopere,
2377 2517 2432 2562 et
2457 2526 2562 2562 una
2597 2525 2722 2564 eum
2753 2509 2865 2563 Deo
2901 2508 3216 2578 indignatus
3264 2516 3347 2563 est
3399 2509 3590 2562 beatus

1990 2601 2232 2666 Samuel,
2280 2603 2596 2670 occiditque
2629 2603 2743 2670 ipsa
2781 2617 2878 2656 sua
2926 2617 3088 2655 manu
3127 2600 3302 2671 Agag,
3364 2614 3588 2653 causam

1986 2693 2453 2762 superadjiciens:
2488 2712 2506 2745 ι
2548 2691 2701 2746 Sicut
2729 2692 3080 2762 fecitabsque
3112 2691 3298 2747 liberis
3335 2690 3590 2746 mulieres

1987 2785 2196 2856 gladius
2227 2795 2372 2850 tuus.
2404 2786 2483 2839 sic
2517 2784 2725 2855 absque
2773 2783 2962 2840 liberis
3008 2785 3113 2838 erit
3157 2783 3299 2838 inter
3335 2781 3590 2838 mulieres

1988 2887 2163 2934 mater
2183 2877 2356 2932 tua".
2381 2897 2400 2929 ι
2421 2877 2758 2932 Ριωηιιιιιίιιι
2787 2885 2971 2932 autem
3007 2873 3156 2930 Sauli
3184 2889 3348 2946 regno
3374 2873 3588 2943 pulsum

1988 2971 2074 3033 iri,
2145 2979 2199 3026 et
2250 2970 2477 3026 acerbas
2525 2970 2885 3026 contumaciae
2928 2984 3118 3040 poenas
3165 2966 3588 3039 persoluturum.

2059 3061 2212 3129 Quod
2256 3061 2299 3116 si
2330 3063 2550 3130 insuper
2582 3061 2808 3117 alterius
2875 3060 3121 3115 historia:
3176 3059 3469 3114 intexenda
3506 3068 3591 3114 est

288 3157 644 3221 παρενεγκεῖν
691 3155 993 3224 ἀφήγησιν,
1025 3156 1083 3207 ἐν
1129 3157 1199 3227 τῇ
1240 3155 1400 3227 τρίτῃ
1431 3157 1744 3227 γέγραπται
1771 3159 1883 3213 τῶν

1990 3155 2253 3218 narratio,
2281 3155 2334 3208 in
2372 3155 2533 3207 tertio
2588 3153 2800 3223 Regum
2858 3153 3121 3222 scriptum
3161 3164 3265 3219 est,
3299 3151 3590 3221 aliquando

286 3241 603 3307 Βασιλειῶν,
649 3246 731 3299 ὅτι
767 3246 1239 3317 κατεστρατεύετό
1273 3264 1404 3300 ποτε
1435 3247 1544 3302 τῶν
1573 3249 1631 3316 ἐξ
1667 3250 1885 3322 Ἰσραὴλ

284 3336 310 3388 6
337 3337 506 3408 Ἀδέρ,
533 3341 576 3391 ὁ
612 3339 803 3409 Σύρων
837 3339 1165 3411 ἡγούμενος,
1195 3340 1316 3411 ἤτοι
1349 3339 1622 3410 βασιλεύς.
1669 3342 1887 3397 Ἀλύον-

285 3444 364 3490 τος
401 3428 456 3482 δὲ
502 3430 578 3482 οὐ
611 3431 828 3502 μικρῶς
881 3432 973 3486 τοῦ
1009 3433 1237 3503 Ἀχαά6,
1275 3433 1334 3497 ὃς
1382 3430 1451 3505 ἧν
1491 3434 1747 3505 βασιλεὺς
1784 3439 1887 3490 Ἰσ-

288 3520 435 3590 ραὴλ,
467 3523 573 3574 καὶ
595 3521 850 3587 ’δεδιότος
877 3523 976 3596 τὴν
1012 3524 1222 3594 ἔφοδον,
1254 3525 1562 3581 ἀλώσεσθαί
1590 3545 1649 3581 τε
1677 3531 1778 3583 οὐκ
1806 3531 1887 3594 εἰς

289 3609 490 3680 μακρὰν
533 3615 898 3685 πανστρατιᾷ
950 3615 1467 3686 προσδοκήσαντος,
1512 3618 1887 3687 ἐπηγγέλλετο

285 3699 360 3753 διὰ
396 3703 687 3774 προφήτου
719 3703 883 3770 Θεὸς,
935 3706 1288 3777 παραδώσειν
1339 3707 1492 3780 αὐτῷ
1539 3709 1632 3763 τὸν
1665 3711 1882 3782 ἐχθρόν.

287 3786 405 3845 Εἶτα
431 3794 624 3848 λαϐὼν
667 3796 897 3861 ἐκεῖνος,
940 3797 1096 3867 ἠξίου
1145 3799 1366 3869 φειδοῦς
1417 3801 1570 3872 παρὰ
1602 3802 1664 3856 τὸ
1693 3803 1887 3858 δοκοῦν

287 3883 354 3955 τῷ
393 3885 530 3957 Θεῷ.
583 3887 697 3940 Kal
739 3888 793 3942 τί
830 3889 971 3960 μετά
1027 3891 1187 3945 τοῦτο
1219 3893 1282 3946 τὸ
1315 3893 1558 3965 Γράμμα
1604 3896 1666 3948 τὸ
1705 3897 1886 3967 ίερὸν;

293 3979 436 4032 tKal
482 3979 785 4052 ἄνθρωπος
835 3977 918 4047 εἷς
965 3983 1034 4037 ἐκ
1089 3984 1199 4038 τῶν
1251 3986 1385 4040 υίῶν
1441 3987 1552 4040 τῶν
1588 3988 1887 4059 προφητῶν

288 4062 395 4121 εἶπε
435 4071 583 4142 πρὸς
623 4071 716 4123 τὸν
759 4072 990 4142 πλησίον
1017 4074 1184 4128 αὑτοῦ
1217 4077 1276 4129 ἐν
1320 4077 1465 4148 λόγῳ
1504 4079 1734 4149 Κυρίου’
1779 4079 1891 4132 Πά-

288 4160 436 4224 ταξον
460 4162 525 4234 δή
575 4179 667 4231 με.
697 4163 808 4216 Kal
838 4165 940 4218 οὐκ
969 4165 1238 4236 ⁷ήθέλησεν
1268 4166 1296 4218 6
1330 4169 1620 4239 ἄνθρωπος
1647 4171 1889 4238 πατάξαι

289 4253 457 4309 αὐτόν.
487 4255 611 4308 Kal
660 4251 783 4308 εἷπε
814 4259 954 4328 πρὸς
978 4259 1164 4312 αὐτόν’
1213 4260 1357 4314 Ἀνθ’
1384 4255 1460 4316 ὧν
1497 4265 1600 4318 οὒκ
1649 4265 1890 4336 ἤκουσας

289 4344 378 4416 τῆς
405 4347 600 4416 φωνῆς
624 4348 856 4418 Κυρίου,
884 4348 994 4401 ίδοὺ
1025 4351 1090 4404 σὺ
1122 4352 1449 4424 ἀποτρέχεις
1482 4355 1575 4407 ἀπ’
1604 4355 1762 4426 ἐμοῦ,
1795 4356 1890 4408 καὶ¹

291 4437 510 4502 πατάξει
543 4455 609 4490 σε
639 4438 800 4491 λέων.
829 4440 941 4494 Kal
983 4441 1228 4512 ἀπῆλθεν
1277 4445 1374 4498 ἀπ’
1418 4445 1610 4509 αὐτοῦ,
1658 4447 1753 4502 καὶ
1799 4449 1890 4500 εὑ-

1988 3257 2175 3302 contra
2205 3244 2480 3300 lsraelitas
2509 3243 2615 3316 14
2643 3245 2786 3298 Ader
2821 3243 3090 3314 Syrorqu
3116 3242 3444 3312 principem,
3473 3241 3592 3296 sive

1988 3353 2197 3409 regem,
2234 3338 2634 3408 expeditionem
2673 3336 3008 3405 suscepisse.
3035 3335 3225 3390 Maesta
3254 3346 3438 3395 autem
3479 3350 3588 3389 non

1988 3430 2336 3486 mediocriter
2363 3430 2556 3485 Achab
2588 3445 2715 3499 rege
2755 3429 2946 3496 lsrael,
3001 3438 3055 3485 et
3095 3429 3376 3484 incursum
3411 3428 3590 3482 hosti-

1987 3526 2092 3581 lem
2118 3532 2413 3591 metuente,
2441 3539 2542 3579 nec
2587 3523 2757 3578 multo
2788 3532 2910 3594 post
2940 3538 3062 3578 cum
3095 3522 3349 3596 omnibus
3367 3522 3480 3576 suis
3505 3536 3593 3576 co-

1986 3622 2091 3692 piis
2118 3620 2170 3674 in
2190 3629 2512 3690 potestatem
2534 3627 2822 3672 venturmn
2842 3617 3078 3672 hostium
3102 3615 3446 3682 formidante,
3469 3629 3593 3686 pro-

1989 3711 2141 3766 misit
2158 3726 2254 3782 per
2278 3709 2596 3780 prophetam
2620 3707 2784 3774 Deus,
2817 3723 2876 3764 se
2903 3707 2979 3762 illi
3006 3707 3217 3762 hostem
3236 3707 3590 3761 traditurum.

1989 3802 2161 3869 Quem
2193 3817 2319 3856 cum
2344 3801 2665 3870 accepisset,
2694 3799 2770 3854 illi
2798 3800 3132 3868 parcendum
3167 3799 3388 3862 statuit,
3429 3812 3592 3853 secus

1989 3911 2152 3966 quam
2188 3895 2418 3947 Domino
2455 3894 2758 3962 placuerat.
2805 3893 2870 3947 Et
2906 3892 3032 3962 quid
3073 3902 3198 3961 post
3254 3891 3370 3947 haec
3432 3890 3587 3946 Scri-

1988 3997 2152 4059 ptura
2184 3985 2378 4040 sacra?
2409 4003 2426 4034 ι
2445 3985 2507 4037 Ει
2540 3985 2702 4038 Ιιοιιιο
2725 3985 2944 4053 quidam
2973 3983 3039 4038 de
3059 3984 3180 4038 filiis
3204 3983 3590 4052 prophetarum

1991 4078 2128 4134 dixit
2189 4076 2254 4129 ad
2319 4074 2626 4144 proximum
2683 4087 2839 4126 suum
2895 4073 2947 4124 in
3008 4086 3262 4126 sermone
3312 4069 3526 4124 Domini
3573 4088 3588 4124 :

1991 4169 2221 4225 Pereute
2240 4183 2348 4220 me.
2373 4163 2474 4231 Qui
2502 4161 2674 4216 noluit
2708 4169 3016 4230 perculere.
3061 4158 3124 4211 Et
3154 4157 3292 4210 dixit
3327 4158 3392 4210 ad
3424 4171 3547 4210 eum
3574 4173 3589 4210 :

1991 4260 2127 4326 Quia
2179 4273 2281 4312 non
2335 4253 2532 4310 audisti
2595 4267 2779 4307 vocem
2838 4249 3075 4309 Domini,
3126 4262 3258 4303 ecce
3316 4248 3592 4301 rccedesa

1992 4367 2103 4415 me,
2147 4359 2198 4404 et
2243 4347 2507 4417 percutiet
2555 4354 2606 4398 te
2662 4344 2768 4398 leo.
2818 4343 2884 4396 Et
2939 4339 3193 4395 discessit
3261 4339 3327 4393 ab
3377 4352 3462 4392 eo.
3525 4336 3595 4392 Et

1993 4443 2201 4497 invenit
2245 4456 2370 4495 eum
2424 4423 2549 4504 leo,
2585 4446 2639 4490 et
2702 4432 2976 4504 percussit
3030 4433 3228 4501 ipsum.
3274 4430 3339 4484 Et
3387 4429 3595 4484 invenit

293 4527 458 4598 ρίσκει
500 4530 674 4583 αὐτὸν
725 4531 885 4597 λέων,
931 4535 1026 4586 καὶ
1080 4535 1354 4600 ἐπάταξεν
1399 4539 1583 4594 αὐτόν.
1623 4541 1736 4593 Kal
1794 4541 1887 4594 εύ-

1995 4535 2225 4589 alterum
2271 4532 2469 4594 virum,
2511 4538 2565 4584 et
2589 4528 2731 4582 dixit
2765 4546 2778 4581 :
2810 4525 3047 4580 Percute
3085 4538 3190 4577 me.
3229 4520 3331 4589 Qui
3372 4533 3594 4592 percus-

293 4620 460 4690 ρίσκει
509 4623 804 4695 ἄνθρωπον
835 4625 1044 4697 ἕτερον,
1077 4627 1173 4680 καὶ
1211 4623 1352 4680 εἶπε·
1399 4629 1647 4694 Πάταξον
1691 4631 1756 4703 δή
1794 4650 1884 4704 με.

293 4712 394 4766 Kal
419 4715 698 4781 ἐπάταξεν
745 4718 909 4771 αὑτὸν
933 4719 960 4770 6
991 4719 1297 4791 ἄνθρωπος,
1339 4724 1432 4775 καὶ
1467 4723 1711 4788 πατάξας
1761 4742 1885 4779 συν-

295 4801 492 4875 ἑτριψε.
556 4808 672 4861 Kal
717 4808 993 4881 ἐπορεύθη
1041 4811 1071 4861 ὁ
1118 4813 1440 4884 προφήτης,
1490 4813 1583 4866 καὶ
1628 4814 1757 4887 ἔστη
1808 4815 1885 4886 τῷ

297 4895 498 4965 βασιλεῖ
530 4900 753 4972 Ἰσραὴλ
780 4903 878 4954 ἐπὶ
904 4902 1005 4972 τῆς
1044 4902 1190 4957 ὁδοῦ.
1216 4905 1328 4958 Kal
1364 4906 1702 4978 κατεδήσατο
1731 4908 1887 4961 τελα-

299 4987 426 5056 μῶνι
463 4990 596 5052 τοὺς
642 4991 958 5063 ὀφθαλμοὺς
988 4993 1178 5047 αὐτοῦ.
1223 5014 1241 5045 ι
1280 4995 1474 5068 Μικρά
1514 4996 1572 5049 δὲ
1609 4997 1748 5050 ἄττα
1787 5015 1887 5068 με-

295 5079 418 5144 ταξὺ
446 5083 914 5156 προσλελαληκιὶκ
937 5086 1334 5159 ὑποστρέφοντι
1359 5088 1436 5160 τῷ
1463 5089 1691 5160 Ἀχαά6,
1719 5107 1889 5160 προσ-

298 5174 453 5228 ετίθει
484 5177 854 5234 πά).ιν”‹Τάδε
880 5181 1029 5250 λέγει
1060 5182 1289 5254 Κύριος·
1320 5184 1464 5237 Διότι
1485 5183 1787 5256 ἐξήνεγκας
1823 5185 1886 5238 σὺ

299 5267 457 5339 ἄνδρα
484 5270 732 5343 ὀλέθριον
762 5274 959 5345 ἐκτῆς
991 5275 1179 5348 χειρός
1208 5293 1326 5342 σου,
1352 5277 1446 5330 καὶ
1471 5277 1624 5331 ἔσται
1661 5279 1693 5349 ἡ
1740 5277 1886 5350 ψυχή

303 5373 386 5412 σου
415 5361 538 5416 ἀντὶ
575 5364 679 5434 τῆς
705 5365 888 5438 ψυχῆς
931 5367 1122 5435 αὐτοῦ,
1154 5369 1250 5423 καὶ
1293 5370 1321 5422 6
1354 5370 1483 5433 λαός
1515 5387 1610 5424 σου
1649 5371 1772 5424 ἀντὶ
1794 5371 1890 5425 τοῦ

303 5446 422 5504 λαοῦ
471 5453 661 5507 αὐτοῦ.
695 5474 715 5507 ι
765 5456 1014 5522 ’Δκούεις
1062 5459 1213 5524 ὅπως
1246 5461 1276 5514 6
1314 5459 1554 5526 πατάξαι
1603 5459 1697 5513 τὸν
1753 5477 1893 5532 προ-

308 5541 471 5612 φήτην
506 5546 969 5620 παραιτούμενος,
1011 5551 1262 5616 ἐλεεινῶς
1299 5551 1566 5625 ἀνῃρέθη,
1594 5549 1754 5622 δεινῷ
1793 5549 1892 5622 θη-

371 5721 415 5754 ⁸¹
447 5723 564 5780 Act.
587 5741 645 5790 ι,
683 5729 770 5785 15.

313 5728 770 5820 ωδειιὲοιὶξΛὸ.
855 5729 900 5763 ι’
933 5729 1064 5787 ibid.
1108 5729 1197 5785 ιι.
1275 5729 1322 5765 ιε
1357 5728 1490 5787 ibid.
1525 5728 1615 5785 15-

389 5793 516 5852 ibid.
556 5795 647 5852 ιι.

1715 5727 1762 5761 ⁸⁵
1793 5726 1810 5784 1
1838 5725 1972 5799 Reg.
2025 5724 2117 5793 15,
2151 5722 2375 5796 passim.
2454 5720 2501 5755 "
2532 5719 2666 5777 ibid.
2708 5720 2798 5776 '53.

1995 4628 2065 4683 sit
2087 4642 2231 4692 eum,
2262 4633 2315 4678 et
2343 4636 2663 4695 percussum
2684 4619 2962 4674 contrivit.
2985 4615 3135 4670 Abiit
3157 4630 3286 4685 ergo
3307 4614 3591 4684 propheta,

1994 4733 2050 4775 et
2065 4717 2308 4774 occurrit
2333 4715 2448 4785 regi
2465 4715 2516 4768 in
2532 4713 2638 4776 via,
2671 4721 2723 4766 et
2740 4711 2922 4780 ligavit
2946 4707 3114 4761 fascia
3131 4706 3318 4760 oculos
3335 4719 3462 4759 suos
3481 4703 3546 4767 ⁸⁵,
3569 4723 3588 4755 ι

1994 4823 2049 4868 et
2078 4825 2246 4882 pauca
2271 4809 2480 4861 locutus
2521 4804 2814 4860 revertenti
2855 4800 3064 4868 Achab,
3103 4812 3319 4852 rursum
3350 4795 3546 4864 adjecit
3577 4815 3590 4850 :

1999 4923 2020 4956 ι
2053 4904 2177 4957 Haec
2208 4901 2341 4955 dicit
2373 4899 2634 4954 Dominus
2661 4914 2674 4950 :
2703 4894 2838 4962 Quia
2870 4891 3127 4946 dimisisti
3163 4890 3338 4942 virum
3368 4888 3592 4957 dignum

1995 5005 2170 5052 morte
2200 5009 2231 5048 e
2260 5009 2422 5046 manu
2463 5000 2576 5057 tua,
2609 4990 2714 5045 erit
2753 4986 2936 5041 anima
2969 4996 3055 5037 tua
3089 4998 3187 5053 pro
3216 4982 3398 5035 anima
3427 4980 3588 5045 illius,

1994 5099 2050 5144 et
2076 5086 2308 5158 populus
2374 5093 2498 5140 tuus
2541 5098 2640 5152 pro
2686 5079 2885 5152 populo
2931 5079 3052 5150 ejus
3070 5077 3136 5131 ⁵⁷.
3174 5094 3193 5127 ι
3236 5075 3420 5141 Vides,
3486 5086 3593 5142 quo

1996 5174 2158 5250 pacto
2190 5179 2280 5251 qui
2331 5178 2652 5248 prophetam
2687 5181 2974 5244 percutere
3018 5168 3209 5235 noluit,
3267 5165 3594 5222 miserabili-

1995 5286 2077 5326 ter
2118 5273 2171 5326 in
2230 5281 2471 5325 atrocem
2522 5267 2750 5322 bestiam
2819 5262 3010 5318 incidit
3057 5275 3121 5315 ac
3167 5257 3362 5329 periit?
3403 5257 3588 5324 Atqui,

1993 5363 2264 5434 quomodo
2314 5377 2420 5416 non
2450 5374 2642 5415 verum
2697 5367 2800 5423 est,
2849 5369 3047 5411 munus
3105 5365 3226 5407 esse
3272 5348 3490 5421 pietatis
3533 5349 3589 5403 in

1995 5456 2190 5522 Deum,
2224 5469 2252 5509 a
2288 5461 2477 5510 saneto
2507 5459 2563 5506 et
2592 5450 2856 5522 propheta
2905 5443 3260 5516 percutienda
3301 5438 3591 5511 refugere?

1994 5548 2097 5605 sed
2127 5555 2248 5602 erat
2275 5545 2384 5602 hoc
2421 5544 2478 5599 in
2516 5554 2773 5599 sermone
2808 5537 3048 5602 Domini,
3093 5533 3462 5591 inobedientia
3489 5531 3586 5589 de-

2907 5717 2954 5752 “
2992 5716 3056 5775 Ill
3093 5717 3224 5791 Reg.
3257 5731 3349 5784 xx,
3390 5710 3583 5771 55-58.
