4094 6454
372 280 450 334 55
1317 272 1871 331 COMMENTARIUS
1912 273 1978 328 IN
2016 272 2246 330 OSEAM
2291 275 2736 335 ΡΒΟΡΙΙΕΤᾹΜ.
3604 273 3677 339 55

441 394 664 461 Χρῆναι
712 393 769 447 δὲ
816 393 899 447 δεῖ
936 393 1175 464 μάλιστα
1222 394 1323 465 τῆς
1370 392 1515 448 κατά
1564 394 1655 447 τὸν
1708 395 1966 466 μακάριοι

2154 394 2396 451 Historia
2428 406 2613 452 autem
2643 398 2710 452 de
2750 398 2912 453 beato
2940 398 3084 453 Osca
3150 402 3461 469 neutiquam
3504 402 3675 470 turpi-

381 484 549 557 Ὠσηὲ
584 486 890 556 γενομένης
940 486 1192 556 ἱστορίας
1242 486 1315 556 μὴ
1369 486 1679 558 καθορίζειν
1718 488 1777 539 τὸ
1808 487 1981 539 ἀκαλ-

2087 487 2288 543 tudinis
2310 484 2557 544 'notanda
2583 500 2689 553 est,
2718 490 2771 544 in
2801 506 2905 559 qua
2940 490 3309 559 pulcherrime
3344 494 3671 554 ostenditur,

367 574 481 641 λὲς,
511 576 839 647 γραφούσης
882 578 1017 647 ἡμῖν
1050 577 1136 645 ἐφ’
1158 576 1363 647 ἑαυτῆς
1400 578 1721 646 παγκάλως,
1750 579 1829 633 ὃτι
1862 579 1966 649 βδε·

2082 594 2190 649 quo
2217 588 2379 647 pacto
2402 580 2559 636 nobis
2590 575 2771 635 adhuc
2820 582 3106 637 sceleratis
3133 592 3188 636 et
3218 584 3514 638 immundis
3556 585 3672 651 spi-

366 668 560 737 λυροῖς
607 668 704 720 καὶ
735 668 1075 738 ἀκαθάρτοις
1108 664 1259 722 οὖσιν
1312 670 1423 735 ἔτι,
1466 671 1564 742 τὴν
1606 672 1737 741 παρ’
1784 672 1976 726 ἑαυτοῦ

366 759 758 830 πνευματικὴν
781 761 1069 814 κοινωνίαν
1097 762 1125 813 6
1159 761 1301 825 θεῖος
1328 763 1458 834 ἡμῖν
1482 763 1763 834 χαρίζεται
1782 764 1975 833 Λόγος.

369 856 525 925 Ἐερη
580 855 762 908 τοίνυν
805 857 834 908 6
866 857 977 909 τῶν
1012 857 1149 911 ὅλων
1195 856 1327 922 Θεὸς
1380 858 1517 928 πρὸς
1570 859 1661 912 τὸν
1707 861 1978 932 μακάριον

376 947 576 1017 Ὡσηέο
607 966 626 999 ι
657 947 872 1012 Βάδιζε,
907 948 1041 1003 λάϐε
1069 949 1283 1020 σεαυτῷ
1313 951 1546 1018 γυναῖκα
1571 952 1849 1022 πορνείας,
1882 954 1977 1007 καὶ

354 1038 536 1091 τέκνα
570 1040 854 1111 πορνείας.
880 1058 901 1091 ›
954 1040 1179 1111 Δέχεται
1220 1042 1277 1093 δὲ
1324 1040 1423 1111 τὴν
1457 1042 1660 1114 Γόμερ,
1704 1044 1802 1114 οὑχ
1844 1045 1974 1114 ἡδυ-

353 1130 605 1195 παθείας
639 1132 853 1203 εὕρεμα
879 1132 941 1184 τὸ
970 1134 1159 1204 χρῆμα
1192 1134 1536 1203 ποιούμενος,
1562 1135 1675 1189 ἀλλ’
1728 1138 1975 1209 ὑπακοῆς

353 1222 461 1274 καὶ
493 1220 779 1284 διακονίας
822 1222 990 1294 ἔργον
1020 1222 1378 1294 ἀποπληρῶν,
1426 1225 1518 1277 καὶ
1568 1226 1848 1298 ὑπηρέτης
1877 1228 1972 1280 τοῦ

349 1312 542 1365 τύπου
571 1314 879 1383 γινόμενος,
911 1314 971 1368 ὃν
1004 1314 1167 1367 αὑτὸν
1205 1315 1271 1385 δὴ
1302 1315 1447 1385 μάλα
1482 1316 1740 1388 ἐροῦμεν,
1773 1321 1831 1372 ἐν
1860 1323 1973 1383 τοῖς

350 1407 658 1474 σαρκικοῖς
709 1406 803 1458 καὶ
840 1406 1229 1478 γεωδεστέροις
1286 1407 1716 1478 διαμορφοῦντα,
1746 1409 1821 1472 ὡς
1860 1410 1971 1474 ἔνι,

346 1497 427 1549 τὰ
482 1484 858 1567 πνευματικά.
893 1498 1129 1568 Ᾱίτιῷτο
1166 1499 1213 1551 δ’
1258 1498 1348 1563 ἂν,
1391 1494 1582 1570 οἶμαι,
1638 1501 1719 1564 τίς
1764 1502 1864 1554 οὑκ
1912 1504 1971 1555 ὲν

347 1592 560 1660 κόσμῳ
590 1591 777 1644 λοιπὸν
806 1591 899 1644 τὸν
929 1592 1024 1646 τοῦ
1056 1594 1340 1663 προφήτου
1373 1593 1594 1649 σκοπόν.
1624 1594 1697 1647 Τὸ
1728 1595 1836 1666 γὰρ
1862 1594 1972 1647 ἐλέ-

348 1683 493 1737 σθαι
531 1685 759 1754 γαμεῖν,
790 1685 885 1736 καὶ
931 1685 1143 1754 γυναίῳ
1195 1684 1585 1747 συνάπτεσθαι,
1635 1686 1731 1738 καὶ
1762 1685 1969 1738 τέκνων

346 1778 516 1847 ἐρᾷν,
546 1778 577 1827 6
602 1776 704 1846 τῆς
743 1775 1105 1829 θεοπνεύστου
1136 1776 1365 1847 Γραφῆς
1388 1777 1487 1830 οὑκ
1520 1777 1754 1847 ἐξείργει
1788 1778 1966 1846 λόγος,

352 1868 570 1939 μᾶλλον
610 1868 668 1919 δὲ
706 1868 903 1938 μώμου
943 1868 1039 1920 καὶ
1096 1866 1352 1937 διαϐολῆς
1396 1868 1727 1923 ἀπαλλάττει
1759 1886 1966 1922 παντα-

347 1962 453 2032 χοῦ
476 1979 488 1991 ·
530 1981 550 2012 ι
582 1962 779 2031 Τίμιος
817 1960 927 2031 γὰρ
955 1962 984 2013 6
1021 1959 1221 2030 γάμος,
1249 1962 1344 2013 καὶ
1373 1963 1405 2032 ἡ
1438 1960 1591 2031 κοίτη
1631 1962 1914 2031 ἀμίαντος,
1943 1981 1961 2014 ι

347 2055 502 2109 κατὰ
546 2054 649 2123 τὴν
685 2053 780 2105 τοῦ
824 2053 1100 2124 μακαρίου
1143 2053 1362 2106 Παύλου
1410 2055 1615 2125 φωνήν.
1658 2054 1870 2124 Ἐφεῖτο
1911 2056 1968 2109 δὲ

347 2149 469 2209 τοῖς
502 2145 753 2198 ἐθέλουσι
793 2143 1077 2196 διαϐιῶναι
1116 2142 1316 2212 ὀρθῶς,
1346 2144 1440 2196 καὶ
1471 2144 1562 2195 τὸν
1592 2143 1847 2213 ὲνάρετόν
1906 2160 1966 2195 τε

348 2236 449 2291 καὶ
480 2234 690 2305 εὐσεδῆ
722 2232 1071 2302 κατορθῶσαι
1099 2231 1237 2302 βίον,
1277 2231 1379 2285 κᾶν
1403 2234 1452 2285 εί
1487 2232 1693 2285 τέκνων
1725 2231 1968 2303 εὔχοιντο

348 2329 544 2399 γονάς.
576 2326 777 2379 Διεϐίω
824 2326 936 2396 γὰρ
976 2324 1149 2388 οὑτως
1195 2326 1223 2377 6
1258 2324 1527 2395 μακάριος
1564 2325 1841 2396 Ἀϐραὰμ,
1874 2342 1968 2393 γε·

348 2421 553 2489 γόνασι
586 2420 644 2472 δὲ
677 2420 773 2472 καὶ
803 2420 855 2471 οἱ
893 2420 1012 2488 μετ’
1041 2416 1206 2471 αὑτὸν
1244 2416 1522 2487 εὐδόκιμοι
1552 2418 1702 2489 παρὰ
1730 2418 1867 2489 Θεῷ.
1900 2418 1942 2470 Τ
1950 2418 1965 2469 ί

346 2510 469 2576 οὖν,
502 2513 631 2565 είπέ
673 2529 785 2582 μοι,
812 2511 874 2563 τὸ
907 2511 1110 2565 ἄτοπον
1138 2525 1152 2575 ;
1181 2509 1214 2579 ἦ
1249 2508 1368 2571 πῶς
1402 2509 1467 2563 ἂν
1510 2510 1647 2572 ὅλως
1679 2510 1965 2580 διαϐεϐλή-

348 2623 513 2659 σεται
545 2604 611 2657 τὸ
644 2604 720 2675 μὴ
770 2602 1076 2672 ἀνήνασθαι
1115 2601 1314 2671 γάμον,
1346 2600 1482 2653 Θεοῦ
1533 2601 1965 2669 προστάττοντος

346 2697 667 2770 γράφεσθαί
703 2714 756 2749 τι
804 2696 916 2749 τῶν
952 2695 1362 2765 πνευματικῶν,
1411 2695 1506 2748 καὶ
1538 2696 1852 2763 ἀναγκαίων
1884 2697 1963 2759 εἰς

339 2793 544 2863 ὄνησιν
584 2794 700 2854 τοῖς
729 2789 1141 2860 ἐντευξομένοις
1169 2794 1226 2843 ἐν
1262 2793 1375 2852 τοῖς
1411 2792 1744 2860 σωματικοῖς
1775 2807 1835 2841 τε
1872 2791 1964 2841 καὶ

344 2882 678 2952 αίσθητοῖς;
719 2881 891 2951 Φαίην
921 2880 966 2933 δ’
995 2880 1061 2934 ἂν
1099 2879 1276 2951 ἔγωγε
1325 2880 1649 2943 καταδείσας
1678 2881 1851 2942 οὐδὲν,
1882 2881 1962 2933 ὅτι

340 2975 441 3029 καὶ
478 2973 727 3025 σέσωκεν
754 2973 782 3024 6
815 2972 1103 3042 προφήτης
1134 2970 1230 3042 τὴν
1259 2970 1461 3040 Γὸμερ.
1506 2969 1733 3023 Γύναιον
1762 2970 1870 3041 γὰρ
1902 2970 1964 3023 τὸ

2080 672 2330 726 ritualem
2356 688 2508 727 suam
2544 674 2990 729 communionem
3024 674 3270 728 divinum
3298 674 3535 729 Verbum
3565 674 3673 727 lar-

2078 765 2282 834 giatur.
2322 764 2630 835 Alloquitur
2660 781 2791 837 ergo
2852 766 3232 836 universorum
3275 768 3418 822 Deus
3452 768 3671 821 beatum

2078 855 2272 911 Oscam
2314 857 2366 911 in
2409 858 2553 913 hunc
2590 860 2806 914 modum
2839 877 2853 913 :
2885 878 2903 911 ι
2947 860 3118 926 Vade,
3162 862 3348 931 accipe
3392 861 3485 915 tibi
3538 877 3672 915 uxo-

2079 965 2191 1005 rem
2238 950 2621 1007 fornicationis
2661 961 2715 1007 et
2766 952 2905 1006 filios
2969 951 3364 1008 fornicationis.
3400 972 3418 1004 ι
3458 954 3673 1022 Accipit

2077 1050 2262 1097 autem
2320 1039 2545 1109 Gomer,
2594 1058 2700 1096 non
2750 1051 2809 1096 ut
2858 1044 2982 1097 inde
3031 1043 3319 1098 materiam
3378 1044 3672 1113 voluptatis

2075 1135 2526 1194 nancisceretur:
2551 1135 2646 1189 sed
2674 1144 2735 1188 ut
2773 1134 3007 1189 ministri
3056 1136 3409 1205 obsequentis
3432 1136 3670 1191 oﬂicium

2075 1225 2347 1293 impleret,
2410 1235 2468 1280 ut
2521 1236 2648 1297 typo
2703 1226 3072 1295 praeserviret,
3125 1243 3284 1296 quem
3332 1229 3504 1297 ipsum
3547 1245 3671 1285 esse

2075 1317 2419 1387 potissimum
2453 1318 2714 1380 dicemus.
2754 1317 2805 1370 iu
2837 1319 3171 1381 carnalibus,
3206 1330 3263 1374 et
3298 1321 3531 1375 terrenis
3556 1322 3670 1390 spi-

2076 1407 2316 1473 ritualia,
2375 1418 2431 1462 ut
2478 1408 2623 1472 licet,
2686 1419 3193 1476 repraesentantem.
3238 1413 3344 1483 16
3405 1413 3671 1481 Deinceps

2074 1501 2353 1569 propheta:
2404 1514 2628 1569 scopum
2657 1499 2711 1553 in
2756 1500 2917 1554 modo
2955 1509 3011 1554 et
3047 1502 3259 1557 ratione
3303 1518 3463 1558 nemo
3508 1520 3671 1559 accu-

2072 1593 2232 1649 sabit.
2278 1591 2429 1646 Velle
2459 1592 2603 1645 enim
2656 1591 2867 1645 uxoriis
2919 1592 3153 1647 vinculis
3212 1593 3446 1665 alligari,
3487 1600 3666 1651 susci-

2073 1683 2502 1751 piendorunique
2544 1681 2839 1735 liberorum
2876 1682 3053 1734 studio
3107 1684 3304 1746 teneri,
3338 1699 3368 1736 a
3405 1684 3668 1739 divinitus

2073 1774 2337 1843 inspirata
2414 1771 2695 1841 Scriptura
2757 1786 2865 1825 non
2923 1774 3241 1841 prohibetur
3286 1793 3298 1828 :
3336 1776 3467 1845 quin
3529 1777 3581 1831 id
3634 1795 3667 1832 ει

2071 1867 2365 1928 dedecore,
2396 1874 2450 1920 et
2476 1864 2748 1919 calumnia
2800 1864 3002 1933 ubique
3031 1864 3274 1920 defendit
3305 1882 3319 1921 :
3358 1884 3377 1916 ‹
3429 1865 3669 1921 Honora-

2070 1957 2179 2012 bile
2215 1959 2360 2013 enim
2392 1957 2750 2023 connubium,
2785 1966 2838 2012 et
2891 1959 3084 2012 thorus
3141 1957 3604 2026 immaculatus“,
3638 1978 3656 2009 ι

2064 2051 2219 2118 juxta
2280 2051 2421 2105 beati
2485 2050 2634 2104 Pauli
2671 2051 2897 2104 dictum.
2968 2052 3302 2105 Concessum
3351 2062 3434 2106 est
3479 2066 3659 2106 autem

2071 2144 2383 2197 volentibus
2418 2153 2565 2197 recte
2598 2142 2803 2205 vivere,
2837 2153 2892 2195 et
2926 2143 3095 2195 vitam
3126 2142 3324 2197 virtute
3357 2159 3421 2198 ac
3461 2145 3663 2213 pietate

2069 2232 2419 2300 conspicuam
2482 2246 2606 2285 cum
2678 2229 2838 2283 laude
2884 2229 3193 2292 traducere,
3252 2230 3415 2283 etiam
3482 2230 3663 2298 proles

2068 2334 2280 2394 optare.
2324 2323 2417 2378 Sic
2451 2336 2685 2392 namque
2713 2320 2849 2374 vixit
2883 2321 3075 2375 beatus
3116 2322 3418 2383 Abraham,
3447 2332 3503 2376 et
3532 2337 3663 2392 pos-

2071 2420 2170 2473 teri
2200 2418 2319 2487 ejus
2361 2417 2471 2471 Deo
2512 2416 2565 2470 in
2619 2416 2723 2470 hoc
2754 2424 2899 2470 statu
2942 2414 3280 2483 placuerunt.
3324 2413 3466 2481 Quid
3510 2432 3663 2486 ergo.

2068 2512 2155 2566 dic
2187 2512 2339 2577 mihi,
2381 2511 2619 2565 alienum
2659 2517 2762 2572 est,
2816 2517 2909 2561 aut
2952 2509 3171 2562 cuinam
3226 2508 3440 2563 tandem
3474 2509 3663 2563 crimi-

2071 2604 2277 2659 nationi
2329 2603 2557 2673 patebit,
2625 2616 2732 2655 non
2791 2600 3033 2653 aversari
3087 2601 3326 2669 nuptias,
3372 2614 3493 2654 cum
3522 2599 3665 2654 Deus

2070 2695 2122 2747 in
2160 2696 2245 2749 his
2290 2692 2601 2762 corporeis,
2648 2699 2708 2743 ut
2754 2706 2973 2744 sensum
3012 2690 3354 2744 moventibus
3385 2690 3663 2760 quidpiam

2069 2785 2375 2857 spirituale,
2397 2794 2452 2839 et
2489 2783 2708 2838 lecturis
2740 2782 2807 2835 ad
2835 2782 2999 2835 animi
3048 2782 3287 2836 fructum
3321 2783 3667 2837 conducibile

2067 2878 2306 2935 describi
2337 2892 2399 2932 ac
2427 2876 2641 2947 depingi
2669 2873 2897 2942 jusserit
2926 2874 2948 2927 ?
2994 2874 3255 2944 Equidem
3291 2890 3396 2931 non
3434 2876 3668 2930 verebor

2069 2974 2363 3039 aﬂirtnare,
2416 2973 2737 3044 prophetam
2784 2968 2986 3024 Gomer
3030 2973 3193 3026 etiam
3262 2971 3427 3027 saluti
3473 2971 3661 3028 fuisse.

337 3066 527 3128 οὕτως
578 3063 811 3135 αἰσχρὸν
849 3064 945 3116 καὶ
990 3062 1330 3126 πολύκοινον,
1376 3062 1458 3115 ἐνὶ
1494 3062 1761 3116 πέπεικεν
1806 3063 1962 3135 ἀνδρὶ

2071 3066 2443 3121 Mulierculam
2492 3066 2634 3121 enim
2691 3063 2826 3119 adeo
2881 3063 3162 3131 infamem,
3200 3064 3495 3134 multisque
3524 3079 3668 3119 com-

340 3157 723 3232 προσκεῖσθαι
761 3158 930 3228 μόνῳ,
964 3156 1058 3209 καὶ
1086 3156 1186 3229 τὴν
1210 3156 1400 3213 ,πάλαι
1433 3158 1528 3210 καί
1559 3156 1728 3228 αὐτὴν
1761 3156 1964 3210 λυποῦ-

338 3267 447 3307 σαν
480 3250 585 3321 τὴν
621 3247 785 3317 φύσιν
817 3248 920 3318 (ὅτι
958 3247 1035 3318 μὴ
1058 3247 1264 3302 τέκνων
1298 3246 1557 3300 ὑπέκειτο
1585 3249 1794 3315 γοναῖς,
1827 3246 1964 3301 ἀλλά

338 3346 469 3406 ταῖς
510 3341 627 3395 τῶν
680 3339 1102 3413 προστυχόντων
1150 3338 1509 3410 ἡδυπαθείαις
1559 3338 1816 3393 πωλοῦσα
1861 3340 1962 3409 τὴν

334 3435 523 3510 ὥραν,
561 3430 843 3504 πέταυρον
883 3427 953 3501 ἦν
991 3430 1247 3495 θανάτου,
1275 3430 1371 3483 καὶ
1405 3430 1567 3501 θύρα,
1600 3432 1695 3484 κςιιι¹
1726 3431 1845 3495 ὁδὸς
1882 3433 1963 3494 εἰς

338 3528 480 3582 αὑτό
518 3544 626 3579 που
668 3525 729 3578 τὸ
766 3524 904 3595 βαθὺ
960 3525 1054 3579 καὶ
1084 3522 1297 3577 λοῖσθον
1326 3523 1711 3592 καταφέρουσα
1750 3523 1960 3594 σκότος)

338 3618 697 3690 ἀποσχέσθαι
721 3618 956 3671 πέπεικε
979 3616 1087 3671 τῶν
1108 3617 1253 3670 οὕτω
1275 3616 1681 3686 διεπτυσμένων
1707 3617 1963 3688 ἐπᾳσμά-

338 3731 453 3767 των
482 3730 547 3765 τε
591 3711 712 3782 ἅμα
762 3710 859 3764 καὶ⁵
902 3710 1346 3782 ἐγχειρημάτων,
1405 3709 1502 3762 καὶ
1534 3709 1743 3763 τέκνων
1787 3710 1961 3763 ἐποίει

342 3804 574 3877 μητέρα
610 3803 839 3873 σεμνήν.
886 3800 961 3854 Τὸ
1003 3800 1059 3853 δὲ
1086 3800 1150 3871 δὴ
1184 3801 1258 3871 μὴ
1293 3800 1499 3871 σφόδρα
1534 3799 1818 3869 φροντίσαι
1853 3800 1961 3852 τῶν

338 3896 469 3951 καθ’
520 3894 743 3958 ἑαυτὸν,
793 3891 1053 3959 ἐξανύσαι
1100 3910 1164 3961 γε
1217 3892 1324 3964 μὴν
1377 3890 1595 3945 ἑλέσθαι
1648 3890 1847 3962 μᾶλλον
1902 3892 1962 3945 τὸ

339 3989 528 4059 ἑτέρῳ
567 3989 864 4057 χρήσιμον,
897 3986 993 4039 καὶ
1023 3986 1326 4053 ἀναγκαῖον
1369 3985 1450 4048 είς
1482 3984 1778 4055 σωτηρίαν,
1812 3985 1961 4051 άγιο-

340 4080 567 4151 πρεπὲς
614 4078 681 4132 ἂν
724 4078 970 4147 φαίνοιτο
1023 4078 1118 4130 καὶ
1146 4077 1477 4145 ἁξιάγαστον
1512 4075 1857 4147 σπούδασμα.
1890 4076 1962 4127 Ἦ

338 4173 458 4240 γὰρ
508 4170 613 4239 οὐχ
660 4168 806 4221 οὕτω
854 4169 950 4221 καὶ
993 4168 1219 4221 ἐπαίνου
1273 4166 1473 4230 παντὸς
1515 4166 1825 4238 ἀξιώσομεν
1868 4166 1961 4219 τὸν

342 4261 635 4334 μακάριον
663 4262 953 4332 προφήτην
990 4260 1244 4323 Ἡσαΐαν,
1275 4262 1324 4312 εί
1353 4260 1444 4312 τὸν
1474 4260 1797 4329 χιτωνίσκον
1828 4260 1962 4312 ἀπο-

334 4356 463 4421 δὺς,
516 4352 936 4423 ὑπολυσάμενος
966 4352 1024 4405 δέ
1070 4352 1166 4407 καὶ
1206 4352 1274 4406 τὰ
1307 4352 1601 4419 σανδάλια,
1650 4353 1746 4406 καὶ
1776 4352 1958 4420 ὀλίγου

2072 3175 2292 3216 munem
2345 3175 2411 3215 eo
2452 3162 2745 3230 promovit,
2798 3171 2856 3215 ut
2908 3158 3000 3213 uni
3052 3158 3169 3211 viro
3219 3157 3662 3211 adhaeresceret:

2070 3263 2127 3310 et
2158 3270 2278 3323 qum
2306 3254 2514 3322 pridem
2565 3254 2734 3321 ipsam
2772 3265 2991 3323 quoque
3022 3258 3273 3303 naturam
3307 3247 3668 3302 contristabat

2072 3346 2285 3417 (neque
2308 3347 2452 3401 en'im
2486 3345 2654 3416 prolis
2686 3346 2933 3401 tollenda:
2981 3357 3146 3399 causa
3179 3340 3230 3395 id
3263 3339 3532 3405 faciebat;
3571 3342 3665 3394 sed

2071 3440 2447 3495 accedentium
2480 3440 2547 3493 ad
2572 3452 2629 3493 se
2653 3437 2976 3492 libidinibus
3004 3436 3235 3489 formam
3292 3433 3552 3494 vendens,
3588 3432 3668 3485 la-

2071 3548 2245 3603 queus
2273 3543 2394 3587 erat
2426 3532 2643 3599 mortis,
2672 3530 2911 3598 ctjanua
2941 3544 3006 3583 ac
3041 3528 3126 3581 via
3166 3528 3219 3580 in
3260 3527 3407 3596 ipsas
3440 3526 3666 3595 profun-

2070 3628 2169 3682 das
2213 3635 2268 3682 et
2313 3634 2590 3681 extremas
2645 3622 2897 3677 tenebras
2941 3617 3290 3689 deducens),
3317 3617 3366 3672 ei
3394 3618 3665 3686 persuasit

2072 3716 2350 3771 abstinere
2374 3717 2441 3771 ab
2481 3717 2618 3771 adeo
2641 3712 2975 3784 despuendis
3003 3708 3433 3765 incantamentis
3457 3716 3510 3762 et
3529 3722 3664 3773 ope-

2071 3808 2242 3873 ribus,
2306 3808 2699 3877 honestamque
2752 3806 3047 3860 liberorum
3120 3810 3400 3870 parentem
3455 3798 3661 3855 eﬂ‘ecit.

2070 3900 2225 3966 Quod
2269 3910 2450 3954 autem
2484 3902 2552 3954 de
2606 3914 2665 3954 se
2709 3913 2901 3968 parum
2954 3895 3243 3959 sollicitus,
3302 3894 3483 3965 potius
3517 3896 3663 3963 quod

2069 3991 2227 4046 alteri
2259 3991 2416 4055 utile,
2461 4000 2515 4045 et
2547 3992 2613 4044 ad
2668 3990 2900 4046 salutem
2959 3989 3329 4043 necessarium
3356 3986 3517 4052 foret,
3549 4002 3663 4040 am-

2069 4081 2262 4151 plexus
2285 4090 2389 4144 est,
2426 4080 2721 4150 praeclarus
2751 4087 2998 4142 conatus,
3029 4086 3292 4131 etsancto
3314 4078 3432 4131 viro
3467 4078 3663 4146 dignus

2069 4172 2189 4228 fuit.
2225 4174 2307 4227 An
2341 4173 2485 4227 enim
2520 4187 2627 4225 non
2671 4171 2743 4224 ita
2784 4170 2934 4223 omni
2975 4167 3365 4238 prmdicatione
3421 4168 3662 4223 cohone-

2068 4265 2320 4319 standum
2357 4244 2703 4318 censebimus
2748 4262 2965 4315 beatum
3028 4258 3249 4325 Isaiam,
3295 4258 3462 4327 quod,
3497 4270 3661 4314 exuta

2070 4355 2309 4411 tunicula
2365 4354 2670 4423 solutisque
2714 4352 2995 4417 sandaliis,
3048 4360 3105 4406 et
3151 4360 3471 4420 contempta
3508 4350 3661 4418 peni-

337 4447 639 4510 παντελῶς
669 4445 912 4512 ἀξιώσας
944 4445 1107 4513 λόγου
1136 4445 1235 4516 τὴν
1283 4446 1602 4516 εὐκοσμίαν,
1637 4446 1963 4517 περιεπάτει

2071 4458 2155 4503 tus
2211 4446 2457 4502 decentia
2508 4454 2844 4513 ornatuque,
2884 4444 3060 4498 nudus
3093 4441 3550 4509 obambulavit“,
3604 4452 3659 4495 ut

336 4539 583 4611 γυμνὸς,
616 4539 705 4592 ἵνα
737 4538 839 4607 τῆς
869 4536 1137 4607 ἐσομένης
1184 4538 1564 4608 αἰχμαλωσίας
1597 4540 1711 4601 τοῖς
1757 4538 1815 4604 ἐξ
1859 4539 1963 4590 Ἰσ-

341 4631 493 4704 ραὴλ
506 4629 844 4701 παραδείξας
864 4630 926 4684 τό
949 4631 1161 4701 σχῆμα,
1190 4630 1310 4701 Θεῷ
1343 4628 1750 4701 προ[σ]κεῖσθαι
1784 4647 1965 4699 παρα-

343 4724 604 4795 σκευάσῃ
634 4723 859 4789 λοιπόν;
888 4724 953 4776 Τί
982 4724 1061 4789 δὲ,
1105 4723 1228 4777 είπέ
1261 4741 1388 4795 μοι,
1428 4723 1527 4777 καὶ
1566 4724 1595 4775 6
1635 4721 1799 4792 σοφὸς
1831 4724 1965 4794 ήμῖν

340 4816 574 4878 Παῦλος
601 4816 703 4869 οὑκ
733 4815 974 4885 ἔφασκεν
1002 4815 1278 4887 ἐναργῶςο
1322 4834 1340 4867 ι
1369 4816 1634 4887 Ηύχὸμην
1660 4816 1769 4886 γάρ
1803 4814 1967 4878 αὐτὸς

341 4905 462 4975 ἐγὼ
488 4904 747 4975 ἀνάθεμα
775 4900 918 4958 εἶναι
945 4905 1056 4959 ἀπὸ
1081 4904 1177 4959 τοῦ
1205 4905 1472 4976 Χριστοῦ,
1499 4905 1642 4977 ὑπὲρ
1674 4904 1784 4958 τῶν
1810 4905 1964 4958 ἀδελ-

340 4997 470 5067 φῶν
501 5012 629 5066 μου,
659 4996 770 5049 τῶν
794 4997 1075 5066 συγγενῶν
1106 5016 1206 5069 μου
1227 4998 1337 5049 τῶν
1367 4998 1509 5051 κατὰ
1539 4998 1749 5069 σάρκα;
1778 5016 1797 5049 ι
1828 4997 1964 5067 Οὐχὶ

339 5093 405 5146 δὲ
437 5093 541 5145 καὶ
570 5094 688 5154 τοῖς
719 5093 854 5144 πᾶσι
887 5090 1146 5159 γενέσθαι
1174 5089 1243 5143 τά
1274 5090 1454 5143 πάντα
1488 5090 1674 5161 φησιν,
1713 5090 1799 5143 ἴνα
1828 5088 1963 5143 πάν-

337 5201 459 5246 τως
506 5182 665 5246 τινάς
701 5182 888 5254 σώσῃ,
937 5184 1033 5236 καὶ
1067 5182 1352 5252 γεγονέναι
1392 5182 1489 5252 μὲν
1533 5186 1649 5246 τοῖς
1686 5182 1963 5246 Ἰουδαίοις

339 5275 426 5338 ὡς
468 5273 749 5336 Ἰουδαῖος,
780 5276 894 5337 τοῖς
928 5273 1152 5343 ἀνόμοις
1187 5273 1264 5337 ὡς
1292 5273 1511 5342 ἄνομος,
1556 5273 1631 5343 μὴ
1661 5272 1737 5326 ὢν
1764 5274 1964 5341 ἄνομος

338 5365 492 5436 Θεῷ,
536 5364 657 5418 ἀλλ’
700 5362 926 5433 ἔννομος
971 5363 1217 5435 Χριστῷ,
1298 5363 1385 5416 ἵνα
1464 5362 1613 5435 σώσῃ
1662 5364 1789 5427 τοὺς
1835 5364 1964 5416 ἀνό-

343 5473 521 5530 μους;
576 5457 689 5509 Καὶ
709 5456 764 5509 τί
801 5456 882 5509 ἔτι
913 5456 1088 5510 ταῦτα
1112 5457 1279 5525 λέγω,
1322 5456 1385 5507 τὸ
1417 5453 1498 5507 ἔτι
1537 5456 1721 5523 μεῖζον
1765 5456 1961 5523 ἀφείς;

336 5552 427 5604 ὅτι
462 5549 565 5602 καὶ
594 5549 765 5613 αὐτὸς
794 5550 821 5602 6
853 5548 1155 5620 μονογενὴς
1192 5546 1285 5601 τοῦ
1316 5546 1451 5600 Θεοῦ
1478 5546 1671 5615 Λόγος,
1695 5547 1779 5600 ἵνα
1812 5546 1959 5619 σώσῃ

416 5730 461 5763 ³⁸
496 5728 671 5785 Hebr.
707 5744 831 5796 xm,
868 5727 923 5783 4.
1000 5728 1045 5761 ³¹
1084 5728 1186 5786 lsa.
1226 5744 1318 5797 xx,
1378 5729 1431 5785 2.
1514 5732 1558 5762 "
1600 5728 1758 5784 Rom.
1801 5745 1878 5799 ιγ,
1914 5730 1966 5783 5.

2073 4542 2268 4595 futurae
2320 4538 2657 4607 captivitatis
2702 4537 2891 4591 habitu
2949 4534 3210 4589 lsraelitis
3262 4536 3661 4597 demonstrato,

2066 4632 2177 4688 Deo
2226 4631 2349 4687 illos
2406 4631 2459 4685 in
2515 4641 2793 4700 posterum
2855 4629 3137 4684 adhmrere
3188 4627 3440 4681 faceret?
3472 4626 3661 4693 Quid?

2064 4739 2242 4779 annon
2269 4731 2324 4778 et
2346 4722 2564 4793 sapiens
2603 4721 2693 4776 ille
2738 4716 2942 4775 Paulus
2983 4717 3141 4773 nobis
3185 4728 3373 4787 aperte
3403 4717 3657 4773 dicebat:

2072 4834 2091 4868 ι
2123 4814 2390 4886 Optabam
2436 4814 2581 4868 enim
2608 4828 2708 4884 ego
2740 4814 2855 4884 ipse
2888 4812 3179 4866 anathema
3215 4823 3340 4864 esse
3377 4824 3409 4864 a
3440 4810 3661 4864 Christo

2067 4924 2167 4979 pro
2206 4906 2470 4961 fratribus
2498 4904 2659 4973 meis,
2691 4905 2783 4975 qui
2809 4911 2936 4960 sunt
2979 4903 3192 4970 cognati
3218 4903 3323 4956 mei
3358 4902 3660 4957 secundum

2070 5016 2293 5056 carnem
2312 4998 2400 5052 "1'
2433 5017 2453 5050 ι
2502 4997 2696 5052 Annon
2736 4997 2900 5053 etiam
2931 4994 3187 5050 omnibus
3229 4994 3413 5048 omnia
3456 4994 3659 5047 factum

2071 5106 2131 5148 se
2166 5090 2479 5157 confitetur,
2528 5097 2589 5143 ut
2634 5103 2828 5143 omnes
2863 5086 3070 5141 faceret
3107 5084 3333 5141 salvos?
3366 5094 3422 5139 et
3450 5082 3653 5137 factum

2070 5184 2291 5254 quidem
2330 5179 2537 5237 Judaeis
2576 5189 2635 5236 ut
2656 5179 2900 5236 Judzeum
2928 5193 2945 5233 :
2970 5179 3037 5235 iis
3064 5178 3155 5248 qui
3187 5178 3304 5233 sine
3336 5176 3452 5245 lege
3483 5183 3659 5238 erant,

2072 5274 2227 5345 quasi
2269 5273 2387 5329 sine
2403 5272 2520 5343 lege
2545 5282 2715 5337 esset,
2748 5288 2872 5328 cum
2907 5272 3027 5328 sine
3074 5271 3193 5341 lege
3239 5268 3330 5323 Dei
3362 5282 3466 5322 non
3493 5276 3659 5328 esset,

2071 5367 2167 5420 sed
2194 5364 2249 5418 in
2310 5362 2429 5434 lege
2484 5373 2631 5419 esset
2678 5362 2907 5431 Christi,
2958 5371 3018 5418 ut
3056 5361 3398 5418 lucrifaceret
3435 5376 3531 5416 eos
3568 5361 3659 5431 qui

2069 5456 2190 5511 sine
2227 5454 2346 5525 lege
2397 5454 2637 5509 erant“.
2697 5456 2765 5511 Et
2798 5457 2929 5526 quid
2977 5468 3077 5525 ego
3116 5453 3219 5508 ista
3265 5468 3659 5522 commemoro,

2071 5549 2217 5618 quod
2270 5545 2446 5614 majus
2503 5557 2587 5603 est
2638 5548 2875 5605 relicto?
2912 5547 3090 5619 ipsum
3133 5549 3264 5606 item
3322 5548 3658 5619 unigenitum

2046 5728 2092 5761 ⁸⁸
2133 5727 2151 5783 l
2187 5729 2314 5787 (lor.
2371 5744 2449 5797 ιι,
2489 5727 2691 5785 20-22.
