  <div class='ocr_page' id='page_1' title='image "/cluster/home/n/w/nwhite01/storage/ocr_20150623/71:no.4/coo.31924054869718/025.png"; bbox 0 0 4094 6480; ppageno 0'>
   <div class='ocr_carea' id='block_1_1' title="bbox 532 277 3786 347">
    <p class='ocr_par' dir='ltr' id='par_1_1' title="bbox 532 277 3786 347">
     <span class='ocr_line' id='line_1_1' title="bbox 532 277 3786 347; baseline 0.005 -17"><span class='ocrx_word' id='word_1_1' title='bbox 532 285 603 342; x_wconf 75' lang='lat'><strong>35</strong></span> <span class='ocrx_word' id='word_1_2' title='bbox 1551 280 1611 336; x_wconf 86' lang='lat' dir='ltr'><strong>S.</strong></span> <span class='ocrx_word' id='word_1_3' title='bbox 1647 279 1925 336; x_wconf 77' lang='lat' dir='ltr'><strong>CYRILLI</strong></span> <span class='ocrx_word' id='word_1_4' title='bbox 1965 277 2435 337; x_wconf 73' lang='lat' dir='ltr'><strong>ALEXANDRINI</strong></span> <span class='ocrx_word' id='word_1_5' title='bbox 2473 282 2794 339; x_wconf 74' lang='lat' dir='ltr'><strong>ARCHIEP.</strong></span> <span class='ocrx_word' id='word_1_6' title='bbox 3719 293 3786 347; x_wconf 79' lang='lat'><strong>55</strong></span> 
     </span>
    </p>
   </div>
   <div class='ocr_carea' id='block_1_2' title="bbox 532 397 2102 474">
    <p class='ocr_par' dir='ltr' id='par_1_2' title="bbox 532 397 2102 472">
     <span class='ocr_line' id='line_1_2' title="bbox 532 397 2102 472; baseline -0.004 -13"><span class='ocrx_word' id='word_1_7' title='bbox 532 402 633 459; x_wconf 86' lang='lat' dir='ltr'><strong>Dei</strong></span> <span class='ocrx_word' id='word_1_8' title='bbox 680 400 780 472; x_wconf 80' lang='lat'><strong>17</strong></span> <span class='ocrx_word' id='word_1_9' title='bbox 848 397 1105 465; x_wconf 79' lang='lat' dir='ltr'><strong>Verbum,</strong></span> <span class='ocrx_word' id='word_1_10' title='bbox 1157 407 1220 454; x_wconf 89' lang='lat' dir='ltr'><strong>ut</strong></span> <span class='ocrx_word' id='word_1_11' title='bbox 1270 399 1508 456; x_wconf 82' lang='lat' dir='ltr'><strong>salvaret</strong></span> <span class='ocrx_word' id='word_1_12' title='bbox 1559 401 1855 455; x_wconf 87' lang='lat' dir='ltr'><strong>humanum</strong></span> <span class='ocrx_word' id='word_1_13' title='bbox 1919 415 2102 471; x_wconf 80' lang='lat' dir='ltr'><strong>genus,</strong></span> 
     </span>
    </p>
   </div>
   <div class='ocr_carea' id='block_1_3' title="bbox 2202 397 3788 474">
    <p class='ocr_par' dir='ltr' id='par_1_3' title="bbox 2209 401 3788 474">
     <span class='ocr_line' id='line_1_3' title="bbox 2209 401 3788 474; baseline 0.005 -20"><span class='ocrx_word' id='word_1_14' title='bbox 2209 401 2270 455; x_wconf 72' lang='grc' dir='ltr'><strong>τὸ</strong></span> <span class='ocrx_word' id='word_1_15' title='bbox 2301 401 2644 474; x_wconf 78' lang='grc' dir='ltr'>ἀνθρώπινον</span> <span class='ocrx_word' id='word_1_16' title='bbox 2691 401 2867 471; x_wconf 75' lang='grc' dir='ltr'>γένος,</span> <span class='ocrx_word' id='word_1_17' title='bbox 2897 420 2916 454; x_wconf 75' lang='grc' dir='ltr'><strong>ι</strong></span> <span class='ocrx_word' id='word_1_18' title='bbox 2947 403 3059 474; x_wconf 82' lang='grc' dir='ltr'><strong>Οὐχ</strong></span> <span class='ocrx_word' id='word_1_19' title='bbox 3111 402 3406 474; x_wconf 77' lang='grc' dir='ltr'><strong>ἁρπαγμὸν</strong></span> <span class='ocrx_word' id='word_1_20' title='bbox 3453 403 3693 474; x_wconf 79' lang='grc' dir='ltr'><strong>ἡγήσατο</strong></span> <span class='ocrx_word' id='word_1_21' title='bbox 3730 408 3788 462; x_wconf 69' lang='grc' dir='ltr'>τὸ</span> 
     </span>
    </p>
   </div>
   <div class='ocr_carea' id='block_1_4' title="bbox 537 488 2108 560">
    <p class='ocr_par' dir='ltr' id='par_1_4' title="bbox 537 488 2108 560">
     <span class='ocr_line' id='line_1_4' title="bbox 537 488 2108 560; baseline -0.001 -15"><span class='ocrx_word' id='word_1_22' title='bbox 537 513 556 545; x_wconf 75' lang='grc' dir='ltr'><strong>ι</strong></span> <span class='ocrx_word' id='word_1_23' title='bbox 593 507 698 547; x_wconf 93' lang='lat' dir='ltr'><strong>non</strong></span> <span class='ocrx_word' id='word_1_24' title='bbox 727 489 972 558; x_wconf 85' lang='lat' dir='ltr'><strong>rapinam</strong></span> <span class='ocrx_word' id='word_1_25' title='bbox 1017 488 1342 544; x_wconf 75' lang='lat' dir='ltr'><strong>arbitratum</strong></span> <span class='ocrx_word' id='word_1_26' title='bbox 1390 499 1495 554; x_wconf 86' lang='lat' dir='ltr'><strong>est,</strong></span> <span class='ocrx_word' id='word_1_27' title='bbox 1525 504 1650 545; x_wconf 85' lang='lat' dir='ltr'><strong>esse</strong></span> <span class='ocrx_word' id='word_1_28' title='bbox 1699 489 1908 560; x_wconf 60' lang='lat' dir='ltr'><strong>aequale</strong></span> <span class='ocrx_word' id='word_1_29' title='bbox 1968 490 2108 557; x_wconf 84' lang='lat' dir='ltr'><strong>Deo;</strong></span> 
     </span>
    </p>
   </div>
   <div class='ocr_carea' id='block_1_5' title="bbox 537 579 2108 650">
    <p class='ocr_par' dir='ltr' id='par_1_5' title="bbox 537 579 2108 650">
     <span class='ocr_line' id='line_1_5' title="bbox 537 579 2108 650; baseline -0.001 -14"><span class='ocrx_word' id='word_1_30' title='bbox 537 584 626 638; x_wconf 83' lang='lat' dir='ltr'><strong>sed</strong></span> <span class='ocrx_word' id='word_1_31' title='bbox 679 595 739 636; x_wconf 91' lang='lat' dir='ltr'><strong>se</strong></span> <span class='ocrx_word' id='word_1_32' title='bbox 771 579 946 648; x_wconf 88' lang='lat' dir='ltr'><strong>ipsum</strong></span> <span class='ocrx_word' id='word_1_33' title='bbox 1003 579 1326 646; x_wconf 77' lang='lat' dir='ltr'><strong>exinanivit,</strong></span> <span class='ocrx_word' id='word_1_34' title='bbox 1360 579 1590 634; x_wconf 80' lang='lat' dir='ltr'><strong>formam</strong></span> <span class='ocrx_word' id='word_1_35' title='bbox 1642 581 1783 634; x_wconf 88' lang='lat' dir='ltr'><strong>servi</strong></span> <span class='ocrx_word' id='word_1_36' title='bbox 1817 580 2108 650; x_wconf 89' lang='lat' dir='ltr'><strong>accipiens,</strong></span> 
     </span>
    </p>
   </div>
   <div class='ocr_carea' id='block_1_6' title="bbox 536 671 2113 730">
    <p class='ocr_par' dir='ltr' id='par_1_6' title="bbox 536 671 2113 730">
     <span class='ocr_line' id='line_1_6' title="bbox 536 671 2113 730; baseline -0.001 -4"><span class='ocrx_word' id='word_1_37' title='bbox 536 690 586 726; x_wconf 90' lang='grc' dir='ltr'><strong>ιιι</strong></span> <span class='ocrx_word' id='word_1_38' title='bbox 615 671 1026 727; x_wconf 80' lang='lat' dir='ltr'><strong>similitudinem</strong></span> <span class='ocrx_word' id='word_1_39' title='bbox 1067 671 1344 725; x_wconf 87' lang='lat' dir='ltr'><strong>hominum</strong></span> <span class='ocrx_word' id='word_1_40' title='bbox 1375 671 1605 730; x_wconf 78' lang='lat' dir='ltr'><strong>factum.</strong></span> <span class='ocrx_word' id='word_1_41' title='bbox 1650 681 1706 725; x_wconf 90' lang='lat' dir='ltr'><strong>et</strong></span> <span class='ocrx_word' id='word_1_42' title='bbox 1749 671 2024 726; x_wconf 90' lang='lat' dir='ltr'><strong>inventum</strong></span> <span class='ocrx_word' id='word_1_43' title='bbox 2055 680 2113 725; x_wconf 93' lang='lat' dir='ltr'><strong>ut</strong></span> 
     </span>
    </p>
   </div>
   <div class='ocr_carea' id='block_1_7' title="bbox 535 761 2112 828">
    <p class='ocr_par' dir='ltr' id='par_1_7' title="bbox 535 761 2112 828">
     <span class='ocr_line' id='line_1_7' title="bbox 535 761 2112 828; baseline 0.002 -13"><span class='ocrx_word' id='word_1_44' title='bbox 535 767 692 819; x_wconf 81' lang='lat' dir='ltr'><strong>homo</strong></span> <span class='ocrx_word' id='word_1_45' title='bbox 722 763 790 828; x_wconf 83' lang='lat'><strong>&quot;,</strong></span> <span class='ocrx_word' id='word_1_46' title='bbox 837 761 1098 818; x_wconf 85' lang='lat' dir='ltr'><strong>sustinuit</strong></span> <span class='ocrx_word' id='word_1_47' title='bbox 1145 778 1364 818; x_wconf 87' lang='lat' dir='ltr'><strong>crucem</strong></span> <span class='ocrx_word' id='word_1_48' title='bbox 1392 803 1409 828; x_wconf 95' lang='lat'><strong>,</strong></span> <span class='ocrx_word' id='word_1_49' title='bbox 1475 763 1795 819; x_wconf 75' lang='lat' dir='ltr'><strong>confusione</strong></span> <span class='ocrx_word' id='word_1_50' title='bbox 1867 773 2112 819; x_wconf 88' lang='lat' dir='ltr'><strong>contem-</strong></span> 
     </span>
    </p>
   </div>
   <div class='ocr_carea' id='block_1_8' title="bbox 534 856 765 924">
    <p class='ocr_par' dir='ltr' id='par_1_8' title="bbox 534 856 765 924">
     <span class='ocr_line' id='line_1_8' title="bbox 534 856 765 924; baseline -0.009 -16"><span class='ocrx_word' id='word_1_51' title='bbox 534 864 624 924; x_wconf 86' lang='lat' dir='ltr'><strong>pta</strong></span> <span class='ocrx_word' id='word_1_52' title='bbox 648 856 716 910; x_wconf 80' lang='grc'><strong>³⁸.</strong></span> <span class='ocrx_word' id='word_1_53' title='bbox 745 873 765 906; x_wconf 77' lang='grc' dir='ltr'><strong>ι</strong></span> 
     </span>
    </p>
   </div>
   <div class='ocr_carea' id='block_1_9' title="bbox 601 944 2109 1017">
    <p class='ocr_par' dir='ltr' id='par_1_9' title="bbox 601 944 2109 1017">
     <span class='ocr_line' id='line_1_9' title="bbox 601 944 2109 1017; baseline -0.002 -16"><span class='ocrx_word' id='word_1_54' title='bbox 601 945 747 1001; x_wconf 82' lang='lat' dir='ltr'><strong>Nihil</strong></span> <span class='ocrx_word' id='word_1_55' title='bbox 827 960 958 1017; x_wconf 76' lang='lat' dir='ltr'><strong>ergo</strong></span> <span class='ocrx_word' id='word_1_56' title='bbox 1020 945 1240 1009; x_wconf 89' lang='lat' dir='ltr'><strong>mirum,</strong></span> <span class='ocrx_word' id='word_1_57' title='bbox 1302 945 1345 1000; x_wconf 88' lang='lat' dir='ltr'><strong>si</strong></span> <span class='ocrx_word' id='word_1_58' title='bbox 1390 945 1610 1014; x_wconf 89' lang='lat' dir='ltr'><strong>paulum</strong></span> <span class='ocrx_word' id='word_1_59' title='bbox 1653 953 1806 1000; x_wconf 83' lang='lat' dir='ltr'><strong>extra</strong></span> <span class='ocrx_word' id='word_1_60' title='bbox 1856 944 2109 1000; x_wconf 84' lang='lat' dir='ltr'><strong>decorum</strong></span> 
     </span>
    </p>
   </div>
   <div class='ocr_carea' id='block_1_10' title="bbox 533 1039 2112 1109">
    <p class='ocr_par' dir='ltr' id='par_1_10' title="bbox 533 1039 2112 1109">
     <span class='ocr_line' id='line_1_10' title="bbox 533 1039 2112 1109; baseline 0.001 -19"><span class='ocrx_word' id='word_1_61' title='bbox 533 1053 779 1108; x_wconf 81' lang='lat' dir='ltr'><strong>egressus</strong></span> <span class='ocrx_word' id='word_1_62' title='bbox 822 1040 1110 1109; x_wconf 79' lang='lat' dir='ltr'><strong>prapheta,</strong></span> <span class='ocrx_word' id='word_1_63' title='bbox 1166 1039 1392 1093; x_wconf 87' lang='lat' dir='ltr'><strong>salvavit</strong></span> <span class='ocrx_word' id='word_1_64' title='bbox 1444 1039 1662 1103; x_wconf 83' lang='lat' dir='ltr'><strong>Gomer.</strong></span> <span class='ocrx_word' id='word_1_65' title='bbox 1715 1050 1768 1093; x_wconf 90' lang='lat' dir='ltr'><strong>et</strong></span> <span class='ocrx_word' id='word_1_66' title='bbox 1819 1039 2112 1092; x_wconf 88' lang='lat' dir='ltr'><strong>muliercu-</strong></span> 
     </span>
    </p>
   </div>
   <div class='ocr_carea' id='block_1_11' title="bbox 534 1131 2108 1198">
    <p class='ocr_par' dir='ltr' id='par_1_11' title="bbox 534 1131 2108 1198">
     <span class='ocr_line' id='line_1_11' title="bbox 534 1131 2108 1198; baseline 0.003 -18"><span class='ocrx_word' id='word_1_67' title='bbox 534 1131 636 1182; x_wconf 88' lang='lat' dir='ltr'><strong>lam</strong></span> <span class='ocrx_word' id='word_1_68' title='bbox 694 1131 959 1198; x_wconf 82' lang='lat' dir='ltr'><strong>perditam</strong></span> <span class='ocrx_word' id='word_1_69' title='bbox 1020 1131 1086 1184; x_wconf 91' lang='lat' dir='ltr'><strong>ad</strong></span> <span class='ocrx_word' id='word_1_70' title='bbox 1143 1146 1354 1184; x_wconf 86' lang='lat' dir='ltr'><strong>morum</strong></span> <span class='ocrx_word' id='word_1_71' title='bbox 1415 1131 1752 1185; x_wconf 82' lang='lat' dir='ltr'><strong>honestatem</strong></span> <span class='ocrx_word' id='word_1_72' title='bbox 1813 1131 2108 1185; x_wconf 84' lang='lat' dir='ltr'><strong>revocavit.</strong></span> 
     </span>
    </p>
   </div>
   <div class='ocr_carea' id='block_1_12' title="bbox 534 1221 2114 1287">
    <p class='ocr_par' dir='ltr' id='par_1_12' title="bbox 534 1221 2114 1287">
     <span class='ocr_line' id='line_1_12' title="bbox 534 1221 2114 1287; baseline -0.001 -11"><span class='ocrx_word' id='word_1_73' title='bbox 534 1221 690 1276; x_wconf 83' lang='lat' dir='ltr'><strong>Utilis</strong></span> <span class='ocrx_word' id='word_1_74' title='bbox 715 1232 921 1287; x_wconf 89' lang='lat' dir='ltr'><strong>autem,</strong></span> <span class='ocrx_word' id='word_1_75' title='bbox 957 1231 1012 1275; x_wconf 91' lang='lat' dir='ltr'><strong>ct</strong></span> <span class='ocrx_word' id='word_1_76' title='bbox 1048 1223 1367 1276; x_wconf 61' lang='lat' dir='ltr'><strong>necessariae</strong></span> <span class='ocrx_word' id='word_1_77' title='bbox 1430 1222 1507 1276; x_wconf 85' lang='lat' dir='ltr'><strong>rei</strong></span> <span class='ocrx_word' id='word_1_78' title='bbox 1563 1237 1726 1276; x_wconf 79' lang='lat' dir='ltr'><strong>causa</strong></span> <span class='ocrx_word' id='word_1_79' title='bbox 1770 1221 1935 1276; x_wconf 91' lang='lat' dir='ltr'><strong>Deum</strong></span> <span class='ocrx_word' id='word_1_80' title='bbox 1967 1236 2114 1274; x_wconf 85' lang='lat' dir='ltr'><strong>man-</strong></span> 
     </span>
    </p>
   </div>
   <div class='ocr_carea' id='block_1_13' title="bbox 533 1312 2110 1382">
    <p class='ocr_par' dir='ltr' id='par_1_13' title="bbox 533 1312 2110 1382">
     <span class='ocr_line' id='line_1_13' title="bbox 533 1312 2110 1382; baseline 0.002 -19"><span class='ocrx_word' id='word_1_81' title='bbox 533 1313 715 1374; x_wconf 88' lang='lat' dir='ltr'><strong>dasse,</strong></span> <span class='ocrx_word' id='word_1_82' title='bbox 755 1313 830 1366; x_wconf 91' lang='lat' dir='ltr'><strong>uti</strong></span> <span class='ocrx_word' id='word_1_83' title='bbox 864 1312 1195 1367; x_wconf 56' lang='lat' dir='ltr'><strong>muliercula</strong></span> <span class='ocrx_word' id='word_1_84' title='bbox 1229 1313 1632 1381; x_wconf 77' lang='lat' dir='ltr'><strong>conjugaretur,</strong></span> <span class='ocrx_word' id='word_1_85' title='bbox 1670 1313 1852 1366; x_wconf 83' lang='lat' dir='ltr'><strong>statim</strong></span> <span class='ocrx_word' id='word_1_86' title='bbox 1894 1312 2110 1382; x_wconf 89' lang='lat' dir='ltr'><strong>plenam</strong></span> 
     </span>
    </p>
   </div>
   <div class='ocr_carea' id='block_1_14' title="bbox 533 1403 2112 1465">
    <p class='ocr_par' dir='ltr' id='par_1_14' title="bbox 533 1403 2112 1465">
     <span class='ocr_line' id='line_1_14' title="bbox 533 1403 2112 1465; baseline 0.001 -10"><span class='ocrx_word' id='word_1_87' title='bbox 533 1404 690 1458; x_wconf 82' lang='lat' dir='ltr'><strong>[idem</strong></span> <span class='ocrx_word' id='word_1_88' title='bbox 725 1405 938 1465; x_wconf 82' lang='lat' dir='ltr'><strong>astruit,</strong></span> <span class='ocrx_word' id='word_1_89' title='bbox 995 1405 1094 1456; x_wconf 89' lang='lat' dir='ltr'><strong>hac</strong></span> <span class='ocrx_word' id='word_1_90' title='bbox 1140 1404 1207 1456; x_wconf 87' lang='lat' dir='ltr'><strong>de</strong></span> <span class='ocrx_word' id='word_1_91' title='bbox 1236 1417 1399 1458; x_wconf 85' lang='lat' dir='ltr'><strong>causa</strong></span> <span class='ocrx_word' id='word_1_92' title='bbox 1435 1403 1564 1456; x_wconf 89' lang='lat' dir='ltr'><strong>illud</strong></span> <span class='ocrx_word' id='word_1_93' title='bbox 1604 1404 1889 1458; x_wconf 83' lang='lat' dir='ltr'><strong>mandasse</strong></span> <span class='ocrx_word' id='word_1_94' title='bbox 1915 1403 2112 1459; x_wconf 83' lang='lat' dir='ltr'><strong>confir-</strong></span> 
     </span>
    </p>
   </div>
   <div class='ocr_carea' id='block_1_15' title="bbox 530 1490 2112 1562">
    <p class='ocr_par' dir='ltr' id='par_1_15' title="bbox 530 1490 2112 1562">
     <span class='ocr_line' id='line_1_15' title="bbox 530 1490 2112 1562; baseline 0.002 -17"><span class='ocrx_word' id='word_1_95' title='bbox 530 1507 722 1546; x_wconf 89' lang='lat' dir='ltr'><strong>mans:</strong></span> <span class='ocrx_word' id='word_1_96' title='bbox 760 1511 779 1544; x_wconf 74' lang='grc' dir='ltr'>ι</span> <span class='ocrx_word' id='word_1_97' title='bbox 815 1491 950 1557; x_wconf 87' lang='lat' dir='ltr'><strong>Quia</strong></span> <span class='ocrx_word' id='word_1_98' title='bbox 1010 1490 1286 1546; x_wconf 88' lang='lat' dir='ltr'><strong>fornicans</strong></span> <span class='ocrx_word' id='word_1_99' title='bbox 1350 1491 1708 1547; x_wconf 87' lang='lat' dir='ltr'><strong>fornicabitur</strong></span> <span class='ocrx_word' id='word_1_100' title='bbox 1796 1502 1938 1547; x_wconf 86' lang='lat' dir='ltr'><strong>terra</strong></span> <span class='ocrx_word' id='word_1_101' title='bbox 1991 1501 2112 1562; x_wconf 89' lang='lat' dir='ltr'><strong>post</strong></span> 
     </span>
    </p>
   </div>
   <div class='ocr_carea' id='block_1_16' title="bbox 531 1581 2109 1651">
    <p class='ocr_par' dir='ltr' id='par_1_16' title="bbox 531 1581 2109 1651">
     <span class='ocr_line' id='line_1_16' title="bbox 531 1581 2109 1651; baseline 0.001 -15"><span class='ocrx_word' id='word_1_102' title='bbox 531 1581 718 1636; x_wconf 89' lang='lat' dir='ltr'><strong>Deum.</strong></span> <span class='ocrx_word' id='word_1_103' title='bbox 747 1582 812 1635; x_wconf 88' lang='lat' dir='ltr'><strong>Et</strong></span> <span class='ocrx_word' id='word_1_104' title='bbox 843 1581 994 1648; x_wconf 90' lang='lat' dir='ltr'><strong>abiit,</strong></span> <span class='ocrx_word' id='word_1_105' title='bbox 1039 1591 1094 1636; x_wconf 91' lang='lat' dir='ltr'><strong>et</strong></span> <span class='ocrx_word' id='word_1_106' title='bbox 1119 1583 1326 1651; x_wconf 89' lang='lat' dir='ltr'><strong>accepit</strong></span> <span class='ocrx_word' id='word_1_107' title='bbox 1363 1582 1584 1645; x_wconf 89' lang='lat' dir='ltr'><strong>Gomer,</strong></span> <span class='ocrx_word' id='word_1_108' title='bbox 1623 1583 1784 1637; x_wconf 80' lang='lat' dir='ltr'><strong>filiam</strong></span> <span class='ocrx_word' id='word_1_109' title='bbox 1809 1583 2109 1648; x_wconf 88' lang='lat' dir='ltr'><strong>Debelaim,</strong></span> 
     </span>
    </p>
   </div>
   <div class='ocr_carea' id='block_1_17' title="bbox 527 1670 2106 1740">
    <p class='ocr_par' dir='ltr' id='par_1_17' title="bbox 527 1670 2106 1740">
     <span class='ocr_line' id='line_1_17' title="bbox 527 1670 2106 1740; baseline 0.004 -18"><span class='ocrx_word' id='word_1_110' title='bbox 527 1678 582 1722; x_wconf 92' lang='lat' dir='ltr'><strong>et</strong></span> <span class='ocrx_word' id='word_1_111' title='bbox 620 1670 892 1738; x_wconf 86' lang='lat' dir='ltr'><strong>concepit,</strong></span> <span class='ocrx_word' id='word_1_112' title='bbox 951 1679 1006 1725; x_wconf 90' lang='lat' dir='ltr'><strong>et</strong></span> <span class='ocrx_word' id='word_1_113' title='bbox 1059 1673 1270 1740; x_wconf 85' lang='lat' dir='ltr'><strong>peperit</strong></span> <span class='ocrx_word' id='word_1_114' title='bbox 1321 1673 1370 1726; x_wconf 89' lang='lat' dir='ltr'><strong>ei</strong></span> <span class='ocrx_word' id='word_1_115' title='bbox 1419 1671 1609 1728; x_wconf 85' lang='lat' dir='ltr'><strong>ﬁlium.</strong></span> <span class='ocrx_word' id='word_1_116' title='bbox 1647 1693 1668 1725; x_wconf 75' lang='grc' dir='ltr'><strong>ι</strong></span> <span class='ocrx_word' id='word_1_117' title='bbox 1715 1674 1829 1730; x_wconf 77' lang='lat' dir='ltr'><strong>Non</strong></span> <span class='ocrx_word' id='word_1_118' title='bbox 1873 1675 2106 1728; x_wconf 89' lang='lat' dir='ltr'><strong>futuram</strong></span> 
     </span>
    </p>
   </div>
   <div class='ocr_carea' id='block_1_18' title="bbox 2210 492 3786 568">
    <p class='ocr_par' dir='ltr' id='par_1_18' title="bbox 2210 492 3786 568">
     <span class='ocr_line' id='line_1_18' title="bbox 2210 492 3786 568; baseline 0.005 -22"><span class='ocrx_word' id='word_1_119' title='bbox 2210 492 2351 547; x_wconf 82' lang='grc' dir='ltr'>εἶναι</span> <span class='ocrx_word' id='word_1_120' title='bbox 2383 495 2474 548; x_wconf 85' lang='grc' dir='ltr'><strong>ἶσα</strong></span> <span class='ocrx_word' id='word_1_121' title='bbox 2503 494 2641 566; x_wconf 83' lang='grc' dir='ltr'>Θεῷ,</span> <span class='ocrx_word' id='word_1_122' title='bbox 2684 495 2800 549; x_wconf 81' lang='grc' dir='ltr'>ἀλλ’</span> <span class='ocrx_word' id='word_1_123' title='bbox 2825 495 3016 550; x_wconf 80' lang='grc' dir='ltr'>ἑαυτὸν</span> <span class='ocrx_word' id='word_1_124' title='bbox 3048 496 3306 564; x_wconf 79' lang='grc' dir='ltr'><strong>ἐκένωσε,</strong></span> <span class='ocrx_word' id='word_1_125' title='bbox 3357 497 3570 568; x_wconf 77' lang='grc' dir='ltr'>μορφὴν</span> <span class='ocrx_word' id='word_1_126' title='bbox 3603 498 3786 554; x_wconf 85' lang='grc' dir='ltr'>δούλου</span> 
     </span>
    </p>
   </div>
   <div class='ocr_carea' id='block_1_19' title="bbox 2209 585 3788 660">
    <p class='ocr_par' dir='ltr' id='par_1_19' title="bbox 2209 585 3788 660">
     <span class='ocr_line' id='line_1_19' title="bbox 2209 585 3788 660; baseline 0.001 -23"><span class='ocrx_word' id='word_1_127' title='bbox 2209 585 2410 648; x_wconf 78' lang='grc' dir='ltr'>λαϐὼν,</span> <span class='ocrx_word' id='word_1_128' title='bbox 2439 587 2497 638; x_wconf 81' lang='grc' dir='ltr'><strong>ὲν</strong></span> <span class='ocrx_word' id='word_1_129' title='bbox 2526 585 2831 656; x_wconf 78' lang='grc' dir='ltr'><strong>ὁμοιώματι</strong></span> <span class='ocrx_word' id='word_1_130' title='bbox 2861 585 3163 658; x_wconf 82' lang='grc' dir='ltr'><strong>ἀνθρώπων</strong></span> <span class='ocrx_word' id='word_1_131' title='bbox 3197 587 3504 657; x_wconf 84' lang='grc' dir='ltr'><strong>γενόμενος,</strong></span> <span class='ocrx_word' id='word_1_132' title='bbox 3537 590 3631 641; x_wconf 71' lang='grc' dir='ltr'>καὶ</span> <span class='ocrx_word' id='word_1_133' title='bbox 3661 592 3788 660; x_wconf 76' lang='grc' dir='ltr'><strong>σχή-</strong></span> 
     </span>
    </p>
   </div>
   <div class='ocr_carea' id='block_1_20' title="bbox 2215 675 3790 751">
    <p class='ocr_par' dir='ltr' id='par_1_20' title="bbox 2215 675 3790 751">
     <span class='ocr_line' id='line_1_20' title="bbox 2215 675 3790 751; baseline 0.003 -23"><span class='ocrx_word' id='word_1_134' title='bbox 2215 695 2343 748; x_wconf 83' lang='grc' dir='ltr'>ματι</span> <span class='ocrx_word' id='word_1_135' title='bbox 2389 677 2632 750; x_wconf 76' lang='grc' dir='ltr'><strong>εὑρεθεὶς</strong></span> <span class='ocrx_word' id='word_1_136' title='bbox 2676 677 2751 739; x_wconf 86' lang='grc' dir='ltr'><strong>ὠς</strong></span> <span class='ocrx_word' id='word_1_137' title='bbox 2789 675 3106 748; x_wconf 78' lang='grc' dir='ltr'>ἄνθρωπος,</span> <span class='ocrx_word' id='word_1_138' title='bbox 3149 677 3409 747; x_wconf 82' lang='grc' dir='ltr'><strong>ὑπέμεινε</strong></span> <span class='ocrx_word' id='word_1_139' title='bbox 3443 679 3670 751; x_wconf 80' lang='grc' dir='ltr'>σταυρὸν</span> <span class='ocrx_word' id='word_1_140' title='bbox 3708 681 3790 732; x_wconf 81' lang='lat' dir='ltr'><strong>al-</strong></span> 
     </span>
    </p>
   </div>
   <div class='ocr_carea' id='block_1_21' title="bbox 2212 769 2938 841">
    <p class='ocr_par' dir='ltr' id='par_1_21' title="bbox 2212 769 2938 841">
     <span class='ocr_line' id='line_1_21' title="bbox 2212 769 2938 841; baseline -0.001 -20"><span class='ocrx_word' id='word_1_141' title='bbox 2212 769 2412 840; x_wconf 77' lang='grc' dir='ltr'><strong>σχύνης</strong></span> <span class='ocrx_word' id='word_1_142' title='bbox 2450 771 2886 841; x_wconf 76' lang='grc' dir='ltr'><strong>καταφρονήσας.</strong></span> <span class='ocrx_word' id='word_1_143' title='bbox 2919 789 2938 820; x_wconf 80' lang='grc' dir='ltr'><strong>ι</strong></span> 
     </span>
    </p>
   </div>
   <div class='ocr_carea' id='block_1_22' title="bbox 2135 899 3785 1018">
    <p class='ocr_par' dir='ltr' id='par_1_22' title="bbox 2135 899 3785 1018">
     <span class='ocr_line' id='line_1_22' title="bbox 2135 899 3785 1018; baseline -0.002 -16"><span class='ocrx_word' id='word_1_144' title='bbox 2135 899 2210 948; x_wconf 35' lang='grc' dir='ltr'><strong>,ἡ</strong></span> <span class='ocrx_word' id='word_1_145' title='bbox 2283 948 2450 1002; x_wconf 76' lang='grc' dir='ltr'>Οὐδὲν</span> <span class='ocrx_word' id='word_1_146' title='bbox 2477 941 2569 1000; x_wconf 69' lang='grc' dir='ltr'><strong>οὖν</strong></span> <span class='ocrx_word' id='word_1_147' title='bbox 2613 947 2722 1018; x_wconf 81' lang='grc' dir='ltr'><strong>ἄρα</strong></span> <span class='ocrx_word' id='word_1_148' title='bbox 2764 947 2823 999; x_wconf 83' lang='grc' dir='ltr'>τὸ</span> <span class='ocrx_word' id='word_1_149' title='bbox 2869 945 3203 1015; x_wconf 74' lang='grc' dir='ltr'>θαυμαστὸν,</span> <span class='ocrx_word' id='word_1_150' title='bbox 3234 947 3283 998; x_wconf 88' lang='grc' dir='ltr'><strong>εί</strong></span> <span class='ocrx_word' id='word_1_151' title='bbox 3321 945 3495 1016; x_wconf 81' lang='grc' dir='ltr'>βραχὺ</span> <span class='ocrx_word' id='word_1_152' title='bbox 3523 945 3615 998; x_wconf 76' lang='grc' dir='ltr'>τοῦ</span> <span class='ocrx_word' id='word_1_153' title='bbox 3649 947 3785 1016; x_wconf 83' lang='grc' dir='ltr'>πρέ-</span> 
     </span>
    </p>
   </div>
   <div class='ocr_carea' id='block_1_23' title="bbox 2213 1036 3786 1109">
    <p class='ocr_par' dir='ltr' id='par_1_23' title="bbox 2213 1036 3786 1109">
     <span class='ocr_line' id='line_1_23' title="bbox 2213 1036 3786 1109; baseline -0.003 -16"><span class='ocrx_word' id='word_1_154' title='bbox 2213 1057 2405 1102; x_wconf 91' lang='grc' dir='ltr'>ποντος</span> <span class='ocrx_word' id='word_1_155' title='bbox 2434 1036 2870 1108; x_wconf 78' lang='grc' dir='ltr'>ἐκπεφοιτηκὼς,</span> <span class='ocrx_word' id='word_1_156' title='bbox 2913 1039 3155 1091; x_wconf 85' lang='grc' dir='ltr'><strong>σέσωκεν</strong></span> <span class='ocrx_word' id='word_1_157' title='bbox 3180 1039 3208 1091; x_wconf 85' lang='grc' dir='ltr'>ὁ</span> <span class='ocrx_word' id='word_1_158' title='bbox 3241 1039 3532 1109; x_wconf 77' lang='grc' dir='ltr'><strong>προφήτης</strong></span> <span class='ocrx_word' id='word_1_159' title='bbox 3565 1037 3662 1108; x_wconf 78' lang='grc' dir='ltr'><strong>τὴν</strong></span> <span class='ocrx_word' id='word_1_160' title='bbox 3693 1037 3786 1089; x_wconf 79' lang='grc' dir='ltr'><strong>Γό-</strong></span> 
     </span>
    </p>
   </div>
   <div class='ocr_carea' id='block_1_24' title="bbox 2215 1125 3789 1199">
    <p class='ocr_par' dir='ltr' id='par_1_24' title="bbox 2215 1125 3789 1199">
     <span class='ocr_line' id='line_1_24' title="bbox 2215 1125 3789 1199; baseline -0.001 -19"><span class='ocrx_word' id='word_1_161' title='bbox 2215 1146 2351 1199; x_wconf 91' lang='grc' dir='ltr'><strong>μερ,</strong></span> <span class='ocrx_word' id='word_1_162' title='bbox 2406 1130 2501 1182; x_wconf 72' lang='grc' dir='ltr'>καὶ</span> <span class='ocrx_word' id='word_1_163' title='bbox 2544 1127 2824 1190; x_wconf 81' lang='grc' dir='ltr'>ἀπολωλὸς</span> <span class='ocrx_word' id='word_1_164' title='bbox 2873 1126 2933 1179; x_wconf 82' lang='grc' dir='ltr'>τὸ</span> <span class='ocrx_word' id='word_1_165' title='bbox 3003 1127 3226 1195; x_wconf 82' lang='grc' dir='ltr'><strong>γύναιον</strong></span> <span class='ocrx_word' id='word_1_166' title='bbox 3276 1125 3597 1197; x_wconf 75' lang='grc' dir='ltr'><strong>ἀνακομίζει</strong></span> <span class='ocrx_word' id='word_1_167' title='bbox 3651 1126 3789 1197; x_wconf 74' lang='grc' dir='ltr'>πρὸς</span> 
     </span>
    </p>
   </div>
   <div class='ocr_carea' id='block_1_25' title="bbox 2211 1219 3789 1293">
    <p class='ocr_par' dir='ltr' id='par_1_25' title="bbox 2211 1219 3789 1293">
     <span class='ocr_line' id='line_1_25' title="bbox 2211 1219 3789 1293; baseline -0.003 -17"><span class='ocrx_word' id='word_1_168' title='bbox 2211 1223 2535 1293; x_wconf 74' lang='grc' dir='ltr'><strong>εὐκοσμίαν.</strong></span> <span class='ocrx_word' id='word_1_169' title='bbox 2611 1223 2734 1274; x_wconf 80' lang='grc' dir='ltr'>Ὀτι</span> <span class='ocrx_word' id='word_1_170' title='bbox 2782 1220 2839 1272; x_wconf 81' lang='grc' dir='ltr'><strong>δὲ</strong></span> <span class='ocrx_word' id='word_1_171' title='bbox 2895 1220 3168 1290; x_wconf 86' lang='grc' dir='ltr'><strong>χρησίμου</strong></span> <span class='ocrx_word' id='word_1_172' title='bbox 3211 1236 3274 1272; x_wconf 88' lang='grc' dir='ltr'>τε</span> <span class='ocrx_word' id='word_1_173' title='bbox 3338 1220 3432 1272; x_wconf 77' lang='grc' dir='ltr'>καὶ</span> <span class='ocrx_word' id='word_1_174' title='bbox 3489 1219 3789 1287; x_wconf 78' lang='grc' dir='ltr'><strong>ἀναγκαίου</strong></span> 
     </span>
    </p>
   </div>
   <div class='ocr_carea' id='block_1_26' title="bbox 2213 1309 3789 1387">
    <p class='ocr_par' dir='ltr' id='par_1_26' title="bbox 2213 1309 3789 1387">
     <span class='ocr_line' id='line_1_26' title="bbox 2213 1309 3789 1387; baseline -0.005 -18"><span class='ocrx_word' id='word_1_175' title='bbox 2213 1315 2539 1387; x_wconf 85' lang='grc' dir='ltr'>πράγματος</span> <span class='ocrx_word' id='word_1_176' title='bbox 2599 1313 2762 1366; x_wconf 73' lang='grc' dir='ltr'>ἕνεκα</span> <span class='ocrx_word' id='word_1_177' title='bbox 2810 1311 3182 1365; x_wconf 82' lang='grc' dir='ltr'><strong>συνάπτεσθαι</strong></span> <span class='ocrx_word' id='word_1_178' title='bbox 3231 1310 3308 1380; x_wconf 87' lang='grc' dir='ltr'>τῷ</span> <span class='ocrx_word' id='word_1_179' title='bbox 3364 1309 3571 1380; x_wconf 82' lang='grc' dir='ltr'>γυναίῳ</span> <span class='ocrx_word' id='word_1_180' title='bbox 3622 1326 3789 1380; x_wconf 83' lang='grc' dir='ltr'>προσ-</span> 
     </span>
    </p>
   </div>
   <div class='ocr_carea' id='block_1_27' title="bbox 2213 1400 3793 1475">
    <p class='ocr_par' dir='ltr' id='par_1_27' title="bbox 2213 1400 3793 1475">
     <span class='ocr_line' id='line_1_27' title="bbox 2213 1400 3793 1475; baseline -0.005 -14"><span class='ocrx_word' id='word_1_181' title='bbox 2213 1407 2400 1461; x_wconf 83' lang='grc' dir='ltr'>έταττε</span> <span class='ocrx_word' id='word_1_182' title='bbox 2429 1405 2583 1468; x_wconf 81' lang='grc' dir='ltr'>Θεὸς,</span> <span class='ocrx_word' id='word_1_183' title='bbox 2628 1403 3123 1475; x_wconf 83' lang='grc' dir='ltr'>πεπληροφόρηκεν</span> <span class='ocrx_word' id='word_1_184' title='bbox 3161 1401 3344 1464; x_wconf 76' lang='grc' dir='ltr'>εὐθὺς,</span> <span class='ocrx_word' id='word_1_185' title='bbox 3383 1400 3592 1472; x_wconf 79' lang='grc' dir='ltr'><strong>ταύτης</strong></span> <span class='ocrx_word' id='word_1_186' title='bbox 3626 1401 3793 1453; x_wconf 82' lang='grc' dir='ltr'>’ἑνεκα</span> 
     </span>
    </p>
   </div>
   <div class='ocr_carea' id='block_1_28' title="bbox 2210 1491 3790 1568">
    <p class='ocr_par' dir='ltr' id='par_1_28' title="bbox 2210 1491 3790 1568">
     <span class='ocr_line' id='line_1_28' title="bbox 2210 1491 3790 1568; baseline -0.004 -18"><span class='ocrx_word' id='word_1_187' title='bbox 2210 1500 2312 1568; x_wconf 80' lang='grc' dir='ltr'><strong>τῆς</strong></span> <span class='ocrx_word' id='word_1_188' title='bbox 2341 1497 2517 1560; x_wconf 78' lang='grc' dir='ltr'>αἰτίας</span> <span class='ocrx_word' id='word_1_189' title='bbox 2550 1498 2734 1549; x_wconf 77' lang='grc' dir='ltr'><strong>ἐκεῖνα</strong></span> <span class='ocrx_word' id='word_1_190' title='bbox 2763 1493 3065 1566; x_wconf 76' lang='grc' dir='ltr'><strong>προστάξαι</strong></span> <span class='ocrx_word' id='word_1_191' title='bbox 3109 1491 3608 1562; x_wconf 78' lang='grc' dir='ltr'><strong>διαϐεϐαιούμενος.</strong></span> <span class='ocrx_word' id='word_1_192' title='bbox 3645 1491 3790 1544; x_wconf 86' lang='grc' dir='ltr'><strong>Διὸτι</strong></span> 
     </span>
    </p>
   </div>
   <div class='ocr_carea' id='block_1_29' title="bbox 2213 1582 3794 1661">
    <p class='ocr_par' dir='ltr' id='par_1_29' title="bbox 2213 1582 3794 1661">
     <span class='ocr_line' id='line_1_29' title="bbox 2213 1582 3794 1661; baseline -0.005 -18"><span class='ocrx_word' id='word_1_193' title='bbox 2213 1591 2367 1661; x_wconf 74' lang='grc' dir='ltr'><strong>φησὶ,</strong></span> <span class='ocrx_word' id='word_1_194' title='bbox 2392 1610 2410 1641; x_wconf 77' lang='grc' dir='ltr'><strong>ι</strong></span> <span class='ocrx_word' id='word_1_195' title='bbox 2434 1586 2872 1658; x_wconf 85' lang='grc' dir='ltr'>Ἐκπορνεύουσα</span> <span class='ocrx_word' id='word_1_196' title='bbox 2897 1585 3255 1659; x_wconf 82' lang='grc' dir='ltr'>ὲκπορνεύσει</span> <span class='ocrx_word' id='word_1_197' title='bbox 3277 1585 3400 1654; x_wconf 82' lang='grc' dir='ltr'><strong>ήγῆ</strong></span> <span class='ocrx_word' id='word_1_198' title='bbox 3423 1583 3533 1636; x_wconf 83' lang='grc' dir='ltr'><strong>ἀπὸ</strong></span> <span class='ocrx_word' id='word_1_199' title='bbox 3563 1582 3794 1635; x_wconf 74' lang='grc' dir='ltr'><strong>ὄπισθεν</strong></span> 
     </span>
    </p>
   </div>
   <div class='ocr_carea' id='block_1_30' title="bbox 2210 1673 3792 1750">
    <p class='ocr_par' dir='ltr' id='par_1_30' title="bbox 2210 1673 3792 1750">
     <span class='ocr_line' id='line_1_30' title="bbox 2210 1673 3792 1750; baseline -0.006 -16"><span class='ocrx_word' id='word_1_200' title='bbox 2210 1681 2305 1734; x_wconf 82' lang='grc' dir='ltr'>τοῦ</span> <span class='ocrx_word' id='word_1_201' title='bbox 2337 1680 2563 1750; x_wconf 80' lang='grc' dir='ltr'><strong>Κυρίου.</strong></span> <span class='ocrx_word' id='word_1_202' title='bbox 2600 1679 2709 1733; x_wconf 82' lang='lat' dir='ltr'><strong>Kal.</strong></span> <span class='ocrx_word' id='word_1_203' title='bbox 2762 1677 3054 1750; x_wconf 78' lang='grc' dir='ltr'><strong>ἐπορεύθη,</strong></span> <span class='ocrx_word' id='word_1_204' title='bbox 3101 1678 3198 1731; x_wconf 71' lang='grc' dir='ltr'><strong>καὶ</strong></span> <span class='ocrx_word' id='word_1_205' title='bbox 3253 1675 3412 1728; x_wconf 75' lang='grc' dir='ltr'>ἔλαϐε</span> <span class='ocrx_word' id='word_1_206' title='bbox 3464 1673 3565 1744; x_wconf 78' lang='grc' dir='ltr'>τὴν</span> <span class='ocrx_word' id='word_1_207' title='bbox 3609 1673 3792 1742; x_wconf 85' lang='grc' dir='ltr'><strong>Γόμερ</strong></span> 
     </span>
    </p>
   </div>
   <div class='ocr_carea' id='block_1_31' title="bbox 529 1754 2102 1844">
    <p class='ocr_par' dir='ltr' id='par_1_31' title="bbox 529 1762 2102 1836">
     <span class='ocr_line' id='line_1_31' title="bbox 529 1762 2102 1836; baseline 0.004 -22"><span class='ocrx_word' id='word_1_208' title='bbox 529 1772 692 1815; x_wconf 70' lang='lat' dir='ltr'><strong>terra:</strong></span> <span class='ocrx_word' id='word_1_209' title='bbox 746 1762 1183 1828; x_wconf 83' lang='lat' dir='ltr'><strong>fornicationem,</strong></span> <span class='ocrx_word' id='word_1_210' title='bbox 1263 1763 1358 1818; x_wconf 88' lang='lat' dir='ltr'><strong>sed</strong></span> <span class='ocrx_word' id='word_1_211' title='bbox 1415 1763 1528 1833; x_wconf 85' lang='lat' dir='ltr'><strong>jam</strong></span> <span class='ocrx_word' id='word_1_212' title='bbox 1562 1764 1758 1820; x_wconf 88' lang='lat' dir='ltr'><strong>factam</strong></span> <span class='ocrx_word' id='word_1_213' title='bbox 1825 1766 2102 1836; x_wconf 61' lang='lat' dir='ltr'><strong>prophetas</strong></span> 
     </span>
    </p>
   </div>
   <div class='ocr_carea' id='block_1_32' title="bbox 2202 1754 3794 1844">
    <p class='ocr_par' dir='ltr' id='par_1_32' title="bbox 2210 1765 3794 1844">
     <span class='ocr_line' id='line_1_32' title="bbox 2210 1765 3794 1844; baseline -0.006 -17"><span class='ocrx_word' id='word_1_214' title='bbox 2210 1774 2486 1844; x_wconf 83' lang='grc' dir='ltr'><strong>θυγατέρα</strong></span> <span class='ocrx_word' id='word_1_215' title='bbox 2510 1771 2807 1842; x_wconf 79' lang='grc' dir='ltr'><strong>Δεὸηλαῒμ,</strong></span> <span class='ocrx_word' id='word_1_216' title='bbox 2850 1772 2946 1825; x_wconf 75' lang='grc' dir='ltr'><strong>καὶ</strong></span> <span class='ocrx_word' id='word_1_217' title='bbox 2986 1770 3268 1834; x_wconf 77' lang='grc' dir='ltr'>συνέλαϐε,</span> <span class='ocrx_word' id='word_1_218' title='bbox 3296 1769 3391 1823; x_wconf 57' lang='grc' dir='ltr'><strong>καί⁵</strong></span> <span class='ocrx_word' id='word_1_219' title='bbox 3423 1767 3610 1820; x_wconf 77' lang='grc' dir='ltr'><strong>ἔτεκεν</strong></span> <span class='ocrx_word' id='word_1_220' title='bbox 3640 1765 3794 1836; x_wconf 85' lang='grc' dir='ltr'><strong>αὑτῷ</strong></span> 
     </span>
    </p>
   </div>
   <div class='ocr_carea' id='block_1_33' title="bbox 529 1853 2109 1922">
    <p class='ocr_par' dir='ltr' id='par_1_33' title="bbox 529 1853 2109 1922">
     <span class='ocr_line' id='line_1_33' title="bbox 529 1853 2109 1922; baseline 0.004 -17"><span class='ocrx_word' id='word_1_221' title='bbox 529 1853 752 1908; x_wconf 86' lang='lat' dir='ltr'><strong>indicat.</strong></span> <span class='ocrx_word' id='word_1_222' title='bbox 805 1853 970 1906; x_wconf 81' lang='lat' dir='ltr'><strong>Erant</strong></span> <span class='ocrx_word' id='word_1_223' title='bbox 1006 1854 1148 1907; x_wconf 89' lang='lat' dir='ltr'><strong>enim</strong></span> <span class='ocrx_word' id='word_1_224' title='bbox 1202 1853 1356 1908; x_wconf 84' lang='lat' dir='ltr'><strong>vituli</strong></span> <span class='ocrx_word' id='word_1_225' title='bbox 1411 1855 1465 1908; x_wconf 91' lang='lat' dir='ltr'><strong>in</strong></span> <span class='ocrx_word' id='word_1_226' title='bbox 1521 1855 1656 1921; x_wconf 85' lang='lat' dir='ltr'><strong>Dan,</strong></span> <span class='ocrx_word' id='word_1_227' title='bbox 1693 1865 1748 1912; x_wconf 90' lang='lat' dir='ltr'><strong>et</strong></span> <span class='ocrx_word' id='word_1_228' title='bbox 1791 1855 1998 1922; x_wconf 88' lang='lat' dir='ltr'><strong>Bethel,</strong></span> <span class='ocrx_word' id='word_1_229' title='bbox 2054 1865 2109 1911; x_wconf 86' lang='lat' dir='ltr'><strong>et</strong></span> 
     </span>
    </p>
   </div>
   <div class='ocr_carea' id='block_1_34' title="bbox 528 1943 2107 2013">
    <p class='ocr_par' dir='ltr' id='par_1_34' title="bbox 528 1943 2107 2013">
     <span class='ocr_line' id='line_1_34' title="bbox 528 1943 2107 2013; baseline 0.004 -17"><span class='ocrx_word' id='word_1_230' title='bbox 528 1943 653 1998; x_wconf 85' lang='lat' dir='ltr'><strong>Baal</strong></span> <span class='ocrx_word' id='word_1_231' title='bbox 708 1945 906 2013; x_wconf 90' lang='lat' dir='ltr'><strong>templa</strong></span> <span class='ocrx_word' id='word_1_232' title='bbox 957 1945 1190 2000; x_wconf 79' lang='lat' dir='ltr'><strong>excitata</strong></span> <span class='ocrx_word' id='word_1_233' title='bbox 1250 1945 1552 2012; x_wconf 77' lang='lat' dir='ltr'><strong>fuerant&quot;,</strong></span> <span class='ocrx_word' id='word_1_234' title='bbox 1584 1957 1641 2000; x_wconf 91' lang='lat' dir='ltr'><strong>et</strong></span> <span class='ocrx_word' id='word_1_235' title='bbox 1663 1948 2001 2002; x_wconf 72' lang='lat' dir='ltr'><strong>caeremoniae</strong></span> <span class='ocrx_word' id='word_1_236' title='bbox 2038 1948 2107 2003; x_wconf 87' lang='lat' dir='ltr'><strong>ab</strong></span> 
     </span>
    </p>
   </div>
   <div class='ocr_carea' id='block_1_35' title="bbox 526 2035 2107 2108">
    <p class='ocr_par' dir='ltr' id='par_1_35' title="bbox 526 2035 2107 2108">
     <span class='ocr_line' id='line_1_35' title="bbox 526 2035 2107 2108; baseline 0.002 -18"><span class='ocrx_word' id='word_1_237' title='bbox 526 2035 690 2090; x_wconf 82' lang='lat' dir='ltr'><strong>Israel</strong></span> <span class='ocrx_word' id='word_1_238' title='bbox 745 2051 840 2104; x_wconf 87' lang='lat' dir='ltr'><strong>per</strong></span> <span class='ocrx_word' id='word_1_239' title='bbox 892 2045 1057 2090; x_wconf 92' lang='lat' dir='ltr'><strong>totam</strong></span> <span class='ocrx_word' id='word_1_240' title='bbox 1097 2035 1490 2091; x_wconf 87' lang='lat' dir='ltr'><strong>Samaritarum</strong></span> <span class='ocrx_word' id='word_1_241' title='bbox 1546 2038 1821 2108; x_wconf 80' lang='lat' dir='ltr'><strong>regionem</strong></span> <span class='ocrx_word' id='word_1_242' title='bbox 1887 2039 2107 2094; x_wconf 86' lang='lat' dir='ltr'><strong>adhibe-</strong></span> 
     </span>
    </p>
   </div>
   <div class='ocr_carea' id='block_1_36' title="bbox 525 2126 2108 2199">
    <p class='ocr_par' dir='ltr' id='par_1_36' title="bbox 525 2126 2108 2199">
     <span class='ocr_line' id='line_1_36' title="bbox 525 2126 2108 2199; baseline 0.003 -17"><span class='ocrx_word' id='word_1_243' title='bbox 525 2127 744 2182; x_wconf 87' lang='lat' dir='ltr'><strong>bantur.</strong></span> <span class='ocrx_word' id='word_1_244' title='bbox 796 2126 913 2182; x_wconf 90' lang='lat' dir='ltr'><strong>Non</strong></span> <span class='ocrx_word' id='word_1_245' title='bbox 965 2129 1128 2192; x_wconf 68' lang='lat' dir='ltr'><strong>igitur</strong></span> <span class='ocrx_word' id='word_1_246' title='bbox 1163 2130 1454 2184; x_wconf 85' lang='lat' dir='ltr'><strong>discrimen</strong></span> <span class='ocrx_word' id='word_1_247' title='bbox 1498 2140 1799 2199; x_wconf 87' lang='lat' dir='ltr'><strong>temporum</strong></span> <span class='ocrx_word' id='word_1_248' title='bbox 1856 2131 2005 2196; x_wconf 82' lang='lat' dir='ltr'><strong>facit,</strong></span> <span class='ocrx_word' id='word_1_249' title='bbox 2045 2146 2108 2187; x_wconf 86' lang='lat' dir='ltr'><strong>ac</strong></span> 
     </span>
    </p>
   </div>
   <div class='ocr_carea' id='block_1_37' title="bbox 523 2217 2105 2290">
    <p class='ocr_par' dir='ltr' id='par_1_37' title="bbox 523 2217 2105 2290">
     <span class='ocr_line' id='line_1_37' title="bbox 523 2217 2105 2290; baseline 0.004 -20"><span class='ocrx_word' id='word_1_250' title='bbox 523 2227 701 2272; x_wconf 81' lang='lat' dir='ltr'><strong>servat</strong></span> <span class='ocrx_word' id='word_1_251' title='bbox 728 2219 908 2272; x_wconf 87' lang='lat' dir='ltr'><strong>divina</strong></span> <span class='ocrx_word' id='word_1_252' title='bbox 969 2217 1284 2288; x_wconf 88' lang='lat' dir='ltr'><strong>Scriptura,</strong></span> <span class='ocrx_word' id='word_1_253' title='bbox 1333 2229 1426 2274; x_wconf 91' lang='lat' dir='ltr'><strong>aut</strong></span> <span class='ocrx_word' id='word_1_254' title='bbox 1485 2221 1670 2285; x_wconf 89' lang='lat' dir='ltr'><strong>etiam,</strong></span> <span class='ocrx_word' id='word_1_255' title='bbox 1741 2222 1884 2290; x_wconf 91' lang='lat' dir='ltr'><strong>quod</strong></span> <span class='ocrx_word' id='word_1_256' title='bbox 1961 2222 2105 2276; x_wconf 87' lang='lat' dir='ltr'><strong>dictu</strong></span> 
     </span>
    </p>
   </div>
   <div class='ocr_carea' id='block_1_38' title="bbox 521 2301 2107 2379">
    <p class='ocr_par' dir='ltr' id='par_1_38' title="bbox 521 2301 2107 2379">
     <span class='ocr_line' id='line_1_38' title="bbox 521 2301 2107 2379; baseline 0.004 -18"><span class='ocrx_word' id='word_1_257' title='bbox 521 2308 704 2362; x_wconf 85' lang='lat' dir='ltr'><strong>verius</strong></span> <span class='ocrx_word' id='word_1_258' title='bbox 755 2301 858 2374; x_wconf 85' lang='lat' dir='ltr'><strong>est,</strong></span> <span class='ocrx_word' id='word_1_259' title='bbox 917 2309 1007 2378; x_wconf 93' lang='lat' dir='ltr'><strong>qui</strong></span> <span class='ocrx_word' id='word_1_260' title='bbox 1065 2310 1182 2364; x_wconf 67' lang='lat' dir='ltr'><strong>haec</strong></span> <span class='ocrx_word' id='word_1_261' title='bbox 1235 2310 1395 2366; x_wconf 88' lang='lat' dir='ltr'><strong>nobis</strong></span> <span class='ocrx_word' id='word_1_262' title='bbox 1428 2324 1556 2366; x_wconf 89' lang='lat' dir='ltr'><strong>sunt</strong></span> <span class='ocrx_word' id='word_1_263' title='bbox 1586 2312 1964 2379; x_wconf 87' lang='lat' dir='ltr'><strong>interpretati:</strong></span> <span class='ocrx_word' id='word_1_264' title='bbox 1996 2313 2107 2367; x_wconf 86' lang='lat' dir='ltr'><strong>sie-</strong></span> 
     </span>
    </p>
   </div>
   <div class='ocr_carea' id='block_1_39' title="bbox 524 2398 2102 2472">
    <p class='ocr_par' dir='ltr' id='par_1_39' title="bbox 524 2398 2102 2472">
     <span class='ocr_line' id='line_1_39' title="bbox 524 2398 2102 2472; baseline 0.004 -20"><span class='ocrx_word' id='word_1_265' title='bbox 524 2409 583 2454; x_wconf 93' lang='lat' dir='ltr'><strong>ut</strong></span> <span class='ocrx_word' id='word_1_266' title='bbox 636 2401 762 2453; x_wconf 83' lang='lat' dir='ltr'><strong>item</strong></span> <span class='ocrx_word' id='word_1_267' title='bbox 796 2412 852 2454; x_wconf 90' lang='lat' dir='ltr'><strong>et</strong></span> <span class='ocrx_word' id='word_1_268' title='bbox 894 2400 1010 2467; x_wconf 86' lang='lat' dir='ltr'><strong>ipsa</strong></span> <span class='ocrx_word' id='word_1_269' title='bbox 1067 2398 1266 2454; x_wconf 85' lang='lat' dir='ltr'><strong>Christi</strong></span> <span class='ocrx_word' id='word_1_270' title='bbox 1309 2415 1534 2472; x_wconf 83' lang='lat' dir='ltr'><strong>persona</strong></span> <span class='ocrx_word' id='word_1_271' title='bbox 1584 2416 1682 2472; x_wconf 89' lang='lat' dir='ltr'><strong>per</strong></span> <span class='ocrx_word' id='word_1_272' title='bbox 1733 2403 1884 2458; x_wconf 70' lang='lat' dir='ltr'><strong>Isaia:</strong></span> <span class='ocrx_word' id='word_1_273' title='bbox 1919 2418 2102 2459; x_wconf 88' lang='lat' dir='ltr'><strong>vocem</strong></span> 
     </span>
    </p>
   </div>
   <div class='ocr_carea' id='block_1_40' title="bbox 522 2491 2100 2566">
    <p class='ocr_par' dir='ltr' id='par_1_40' title="bbox 522 2491 2100 2566">
     <span class='ocr_line' id='line_1_40' title="bbox 522 2491 2100 2566; baseline 0.003 -21"><span class='ocrx_word' id='word_1_274' title='bbox 522 2492 792 2546; x_wconf 83' lang='lat' dir='ltr'><strong>inducitur</strong></span> <span class='ocrx_word' id='word_1_275' title='bbox 815 2491 1078 2560; x_wconf 80' lang='lat' dir='ltr'><strong>loquens:</strong></span> <span class='ocrx_word' id='word_1_276' title='bbox 1119 2510 1139 2544; x_wconf 73' lang='grc' dir='ltr'><strong>ι</strong></span> <span class='ocrx_word' id='word_1_277' title='bbox 1175 2492 1405 2547; x_wconf 89' lang='lat' dir='ltr'><strong>Dorsnm</strong></span> <span class='ocrx_word' id='word_1_278' title='bbox 1425 2508 1602 2548; x_wconf 90' lang='lat' dir='ltr'><strong>meum</strong></span> <span class='ocrx_word' id='word_1_279' title='bbox 1643 2495 1848 2550; x_wconf 81' lang='lat' dir='ltr'><strong>dediad</strong></span> <span class='ocrx_word' id='word_1_280' title='bbox 1872 2493 2100 2566; x_wconf 80' lang='lat' dir='ltr'><strong>ﬂagella,</strong></span> 
     </span>
    </p>
   </div>
   <div class='ocr_carea' id='block_1_41' title="bbox 519 2584 2103 2657">
    <p class='ocr_par' dir='ltr' id='par_1_41' title="bbox 519 2584 2103 2657">
     <span class='ocr_line' id='line_1_41' title="bbox 519 2584 2103 2657; baseline 0.003 -19"><span class='ocrx_word' id='word_1_281' title='bbox 519 2591 574 2638; x_wconf 88' lang='lat' dir='ltr'><strong>ct</strong></span> <span class='ocrx_word' id='word_1_282' title='bbox 598 2598 765 2652; x_wconf 72' lang='lat' dir='ltr'><strong>genas</strong></span> <span class='ocrx_word' id='word_1_283' title='bbox 795 2599 944 2638; x_wconf 89' lang='lat' dir='ltr'><strong>meas</strong></span> <span class='ocrx_word' id='word_1_284' title='bbox 993 2584 1059 2638; x_wconf 89' lang='lat' dir='ltr'><strong>ad</strong></span> <span class='ocrx_word' id='word_1_285' title='bbox 1103 2584 1288 2653; x_wconf 87' lang='lat' dir='ltr'><strong>alapas</strong></span> <span class='ocrx_word' id='word_1_286' title='bbox 1305 2584 1372 2639; x_wconf 83' lang='grc'><strong>⁸⁸.</strong></span> <span class='ocrx_word' id='word_1_287' title='bbox 1413 2603 1433 2636; x_wconf 78' lang='grc' dir='ltr'><strong>ι</strong></span> <span class='ocrx_word' id='word_1_288' title='bbox 1471 2585 1539 2639; x_wconf 83' lang='grc' dir='ltr'><strong>Ει</strong></span> <span class='ocrx_word' id='word_1_289' title='bbox 1589 2585 1702 2655; x_wconf 90' lang='lat' dir='ltr'><strong>ipse</strong></span> <span class='ocrx_word' id='word_1_290' title='bbox 1742 2587 2001 2657; x_wconf 86' lang='lat' dir='ltr'><strong>propheta</strong></span> <span class='ocrx_word' id='word_1_291' title='bbox 2038 2589 2103 2643; x_wconf 91' lang='lat' dir='ltr'><strong>de</strong></span> 
     </span>
    </p>
   </div>
   <div class='ocr_carea' id='block_1_42' title="bbox 519 2671 2101 2740">
    <p class='ocr_par' dir='ltr' id='par_1_42' title="bbox 519 2671 2101 2740">
     <span class='ocr_line' id='line_1_42' title="bbox 519 2671 2101 2740; baseline 0.005 -16"><span class='ocrx_word' id='word_1_292' title='bbox 519 2671 678 2739; x_wconf 86' lang='lat' dir='ltr'><strong>ipso:</strong></span> <span class='ocrx_word' id='word_1_293' title='bbox 717 2690 735 2722; x_wconf 85' lang='grc'><strong><em>‹</em></strong></span> <span class='ocrx_word' id='word_1_294' title='bbox 771 2671 922 2726; x_wconf 89' lang='lat' dir='ltr'><strong>Sicut</strong></span> <span class='ocrx_word' id='word_1_295' title='bbox 981 2673 1097 2727; x_wconf 82' lang='lat' dir='ltr'><strong>ovis</strong></span> <span class='ocrx_word' id='word_1_296' title='bbox 1153 2675 1220 2728; x_wconf 89' lang='lat' dir='ltr'><strong>ad</strong></span> <span class='ocrx_word' id='word_1_297' title='bbox 1265 2674 1593 2730; x_wconf 89' lang='lat' dir='ltr'><strong>occisionem</strong></span> <span class='ocrx_word' id='word_1_298' title='bbox 1651 2677 1848 2732; x_wconf 86' lang='lat' dir='ltr'><strong>ductus</strong></span> <span class='ocrx_word' id='word_1_299' title='bbox 1893 2689 1995 2740; x_wconf 90' lang='lat' dir='ltr'><strong>est,</strong></span> <span class='ocrx_word' id='word_1_300' title='bbox 2047 2686 2101 2734; x_wconf 93' lang='lat' dir='ltr'><strong>et</strong></span> 
     </span>
    </p>
   </div>
   <div class='ocr_carea' id='block_1_43' title="bbox 517 2765 2100 2834">
    <p class='ocr_par' dir='ltr' id='par_1_43' title="bbox 517 2765 2100 2834">
     <span class='ocr_line' id='line_1_43' title="bbox 517 2765 2100 2834; baseline 0.004 -19"><span class='ocrx_word' id='word_1_301' title='bbox 517 2771 576 2816; x_wconf 91' lang='lat' dir='ltr'><strong>ut</strong></span> <span class='ocrx_word' id='word_1_302' title='bbox 598 2777 772 2832; x_wconf 82' lang='lat' dir='ltr'><strong>agnus</strong></span> <span class='ocrx_word' id='word_1_303' title='bbox 823 2778 1005 2817; x_wconf 91' lang='lat' dir='ltr'><strong>coram</strong></span> <span class='ocrx_word' id='word_1_304' title='bbox 1049 2765 1310 2820; x_wconf 89' lang='lat' dir='ltr'><strong>tondente</strong></span> <span class='ocrx_word' id='word_1_305' title='bbox 1337 2779 1395 2820; x_wconf 89' lang='lat' dir='ltr'><strong>se</strong></span> <span class='ocrx_word' id='word_1_306' title='bbox 1423 2767 1850 2834; x_wconf 89' lang='lat' dir='ltr'><strong>obmutescens;</strong></span> <span class='ocrx_word' id='word_1_307' title='bbox 1884 2769 1962 2824; x_wconf 86' lang='lat' dir='ltr'><strong>sic</strong></span> <span class='ocrx_word' id='word_1_308' title='bbox 1993 2784 2100 2822; x_wconf 91' lang='lat' dir='ltr'><strong>non</strong></span> 
     </span>
    </p>
   </div>
   <div class='ocr_carea' id='block_1_44' title="bbox 519 2853 2102 2930">
    <p class='ocr_par' dir='ltr' id='par_1_44' title="bbox 519 2853 2102 2930">
     <span class='ocr_line' id='line_1_44' title="bbox 519 2853 2102 2930; baseline 0.006 -25"><span class='ocrx_word' id='word_1_309' title='bbox 519 2853 695 2923; x_wconf 88' lang='lat' dir='ltr'><strong>aperit</strong></span> <span class='ocrx_word' id='word_1_310' title='bbox 727 2869 789 2908; x_wconf 91' lang='lat' dir='ltr'><strong>os</strong></span> <span class='ocrx_word' id='word_1_311' title='bbox 823 2868 1002 2909; x_wconf 91' lang='lat' dir='ltr'><strong>suum.</strong></span> <span class='ocrx_word' id='word_1_312' title='bbox 1032 2855 1090 2909; x_wconf 87' lang='lat' dir='ltr'><strong>In</strong></span> <span class='ocrx_word' id='word_1_313' title='bbox 1125 2856 1428 2911; x_wconf 86' lang='lat' dir='ltr'><strong>humilitate</strong></span> <span class='ocrx_word' id='word_1_314' title='bbox 1467 2857 1638 2928; x_wconf 87' lang='lat' dir='ltr'><strong>ipsius</strong></span> <span class='ocrx_word' id='word_1_315' title='bbox 1686 2859 1947 2926; x_wconf 85' lang='lat' dir='ltr'><strong>judicium</strong></span> <span class='ocrx_word' id='word_1_316' title='bbox 1984 2860 2102 2930; x_wconf 88' lang='lat' dir='ltr'><strong>ejus</strong></span> 
     </span>
    </p>
   </div>
   <div class='ocr_carea' id='block_1_45' title="bbox 517 2944 2102 3021">
    <p class='ocr_par' dir='ltr' id='par_1_45' title="bbox 517 2944 2102 3021">
     <span class='ocr_line' id='line_1_45' title="bbox 517 2944 2102 3021; baseline 0.006 -23"><span class='ocrx_word' id='word_1_317' title='bbox 517 2944 790 2998; x_wconf 88' lang='lat' dir='ltr'><strong>sublatum</strong></span> <span class='ocrx_word' id='word_1_318' title='bbox 847 2947 1057 3002; x_wconf 65' lang='lat' dir='ltr'><strong>est”.i</strong></span> <span class='ocrx_word' id='word_1_319' title='bbox 1115 2946 1310 3003; x_wconf 90' lang='lat' dir='ltr'><strong>Cernis</strong></span> <span class='ocrx_word' id='word_1_320' title='bbox 1359 2950 1637 3018; x_wconf 88' lang='lat' dir='ltr'><strong>quomodo</strong></span> <span class='ocrx_word' id='word_1_321' title='bbox 1702 2951 1847 3021; x_wconf 87' lang='lat' dir='ltr'><strong>quod</strong></span> <span class='ocrx_word' id='word_1_322' title='bbox 1904 2951 2102 3007; x_wconf 88' lang='lat' dir='ltr'><strong>futuris</strong></span> 
     </span>
    </p>
   </div>
   <div class='ocr_carea' id='block_1_46' title="bbox 518 3035 2098 3110">
    <p class='ocr_par' dir='ltr' id='par_1_46' title="bbox 518 3035 2098 3110">
     <span class='ocr_line' id='line_1_46' title="bbox 518 3035 2098 3110; baseline 0.005 -22"><span class='ocrx_word' id='word_1_323' title='bbox 518 3035 853 3102; x_wconf 84' lang='lat' dir='ltr'><strong>temporibus</strong></span> <span class='ocrx_word' id='word_1_324' title='bbox 907 3049 1228 3092; x_wconf 91' lang='lat' dir='ltr'><strong>eventurum</strong></span> <span class='ocrx_word' id='word_1_325' title='bbox 1285 3049 1424 3105; x_wconf 85' lang='lat' dir='ltr'><strong>erat,</strong></span> <span class='ocrx_word' id='word_1_326' title='bbox 1493 3051 1553 3095; x_wconf 90' lang='lat' dir='ltr'><strong>ut</strong></span> <span class='ocrx_word' id='word_1_327' title='bbox 1606 3042 1718 3110; x_wconf 88' lang='lat' dir='ltr'><strong>jam</strong></span> <span class='ocrx_word' id='word_1_328' title='bbox 1767 3051 2098 3096; x_wconf 88' lang='lat' dir='ltr'><strong>transactum</strong></span> 
     </span>
    </p>
   </div>
   <div class='ocr_carea' id='block_1_47' title="bbox 2209 1856 3794 1934">
    <p class='ocr_par' dir='ltr' id='par_1_47' title="bbox 2209 1856 3794 1934">
     <span class='ocr_line' id='line_1_47' title="bbox 2209 1856 3794 1934; baseline -0.006 -15"><span class='ocrx_word' id='word_1_329' title='bbox 2209 1866 2375 1919; x_wconf 75' lang='grc' dir='ltr'>υἱόν.»</span> <span class='ocrx_word' id='word_1_330' title='bbox 2410 1865 2523 1918; x_wconf 73' lang='grc' dir='ltr'>Καὶ</span> <span class='ocrx_word' id='word_1_331' title='bbox 2550 1865 2651 1917; x_wconf 82' lang='grc' dir='ltr'>οὐκ</span> <span class='ocrx_word' id='word_1_332' title='bbox 2680 1863 2948 1934; x_wconf 74' lang='grc' dir='ltr'><strong>ἐσομένην</strong></span> <span class='ocrx_word' id='word_1_333' title='bbox 2978 1861 3236 1932; x_wconf 88' lang='grc' dir='ltr'>πορνείαν</span> <span class='ocrx_word' id='word_1_334' title='bbox 3260 1863 3358 1931; x_wconf 83' lang='grc' dir='ltr'><strong>τῆς</strong></span> <span class='ocrx_word' id='word_1_335' title='bbox 3385 1860 3509 1927; x_wconf 82' lang='grc' dir='ltr'><strong>γῆς,</strong></span> <span class='ocrx_word' id='word_1_336' title='bbox 3527 1858 3666 1911; x_wconf 82' lang='grc' dir='ltr'>ἀλλὰ</span> <span class='ocrx_word' id='word_1_337' title='bbox 3693 1856 3794 1928; x_wconf 87' lang='grc' dir='ltr'>τὴν</span> 
     </span>
    </p>
   </div>
   <div class='ocr_carea' id='block_1_48' title="bbox 2207 1944 3798 2028">
    <p class='ocr_par' dir='ltr' id='par_1_48' title="bbox 2207 1944 3798 2028">
     <span class='ocr_line' id='line_1_48' title="bbox 2207 1944 3798 2028; baseline -0.006 -18"><span class='ocrx_word' id='word_1_338' title='bbox 2207 1957 2307 2028; x_wconf 67' lang='grc' dir='ltr'><strong>ἤδη</strong></span> <span class='ocrx_word' id='word_1_339' title='bbox 2347 1956 2724 2026; x_wconf 81' lang='grc' dir='ltr'><strong>γεγενημένην</strong></span> <span class='ocrx_word' id='word_1_340' title='bbox 2753 1952 2832 2024; x_wconf 82' lang='grc' dir='ltr'><strong>τῷ</strong></span> <span class='ocrx_word' id='word_1_341' title='bbox 2877 1953 3130 2024; x_wconf 77' lang='grc' dir='ltr'><strong>προφήτῃ</strong></span> <span class='ocrx_word' id='word_1_342' title='bbox 3170 1952 3320 2021; x_wconf 84' lang='grc' dir='ltr'>φησί.</span> <span class='ocrx_word' id='word_1_343' title='bbox 3355 1952 3467 2005; x_wconf 80' lang='lat' dir='ltr'><strong>Kal.</strong></span> <span class='ocrx_word' id='word_1_344' title='bbox 3499 1948 3612 2018; x_wconf 83' lang='grc' dir='ltr'>γὰρ</span> <span class='ocrx_word' id='word_1_345' title='bbox 3651 1944 3798 2020; x_wconf 83' lang='grc' dir='ltr'><strong>ἦσαν</strong></span> 
     </span>
    </p>
   </div>
   <div class='ocr_carea' id='block_1_49' title="bbox 2207 2038 3797 2118">
    <p class='ocr_par' dir='ltr' id='par_1_49' title="bbox 2207 2038 3797 2118">
     <span class='ocr_line' id='line_1_49' title="bbox 2207 2038 3797 2118; baseline -0.006 -17"><span class='ocrx_word' id='word_1_346' title='bbox 2207 2049 2264 2102; x_wconf 81' lang='grc' dir='ltr'><strong>αἱ</strong></span> <span class='ocrx_word' id='word_1_347' title='bbox 2307 2046 2570 2118; x_wconf 80' lang='grc' dir='ltr'><strong>δαμάλεις</strong></span> <span class='ocrx_word' id='word_1_348' title='bbox 2605 2047 2686 2108; x_wconf 85' lang='grc' dir='ltr'><strong>είς</strong></span> <span class='ocrx_word' id='word_1_349' title='bbox 2741 2045 2848 2097; x_wconf 82' lang='grc' dir='ltr'><strong>Δὰν</strong></span> <span class='ocrx_word' id='word_1_350' title='bbox 2892 2042 2989 2097; x_wconf 67' lang='grc' dir='ltr'><strong>καλ⁸</strong></span> <span class='ocrx_word' id='word_1_351' title='bbox 3022 2041 3225 2112; x_wconf 76' lang='grc' dir='ltr'><strong>Βηθὴλ,</strong></span> <span class='ocrx_word' id='word_1_352' title='bbox 3273 2040 3369 2094; x_wconf 73' lang='grc' dir='ltr'><strong>καὶ</strong></span> <span class='ocrx_word' id='word_1_353' title='bbox 3396 2040 3466 2093; x_wconf 79' lang='grc' dir='ltr'><strong>τὰ</strong></span> <span class='ocrx_word' id='word_1_354' title='bbox 3509 2040 3607 2102; x_wconf 76' lang='grc' dir='ltr'>τοῦ</span> <span class='ocrx_word' id='word_1_355' title='bbox 3644 2038 3797 2093; x_wconf 81' lang='grc' dir='ltr'><strong>Βάαλ</strong></span> 
     </span>
    </p>
   </div>
   <div class='ocr_carea' id='block_1_50' title="bbox 2207 2128 3794 2209">
    <p class='ocr_par' dir='ltr' id='par_1_50' title="bbox 2207 2128 3794 2209">
     <span class='ocr_line' id='line_1_50' title="bbox 2207 2128 3794 2209; baseline -0.007 -17"><span class='ocrx_word' id='word_1_356' title='bbox 2207 2139 2476 2209; x_wconf 77' lang='grc' dir='ltr'><strong>ἐγήγερτο</strong></span> <span class='ocrx_word' id='word_1_357' title='bbox 2503 2135 2741 2206; x_wconf 84' lang='grc' dir='ltr'><strong>τεμένη,</strong></span> <span class='ocrx_word' id='word_1_358' title='bbox 2775 2135 2868 2188; x_wconf 81' lang='grc' dir='ltr'>καὶ</span> <span class='ocrx_word' id='word_1_359' title='bbox 2897 2134 2952 2186; x_wconf 89' lang='grc' dir='ltr'><strong>αί</strong></span> <span class='ocrx_word' id='word_1_360' title='bbox 2999 2131 3211 2184; x_wconf 75' lang='grc' dir='ltr'>τελεταὶ</span> <span class='ocrx_word' id='word_1_361' title='bbox 3246 2130 3340 2182; x_wconf 84' lang='grc' dir='ltr'>τοῦ</span> <span class='ocrx_word' id='word_1_362' title='bbox 3394 2129 3614 2200; x_wconf 78' lang='grc' dir='ltr'>Ἰσραὴλ</span> <span class='ocrx_word' id='word_1_363' title='bbox 3649 2128 3794 2182; x_wconf 79' lang='grc' dir='ltr'>κατὰ</span> 
     </span>
    </p>
   </div>
   <div class='ocr_carea' id='block_1_51' title="bbox 2206 2220 3792 2299">
    <p class='ocr_par' dir='ltr' id='par_1_51' title="bbox 2206 2220 3792 2299">
     <span class='ocr_line' id='line_1_51' title="bbox 2206 2220 3792 2299; baseline -0.006 -15"><span class='ocrx_word' id='word_1_364' title='bbox 2206 2231 2390 2284; x_wconf 84' lang='grc' dir='ltr'>πᾶσαν</span> <span class='ocrx_word' id='word_1_365' title='bbox 2449 2229 2780 2299; x_wconf 83' lang='grc' dir='ltr'>ὲπράττοντο</span> <span class='ocrx_word' id='word_1_366' title='bbox 2837 2227 2944 2278; x_wconf 84' lang='grc' dir='ltr'><strong>τῶν</strong></span> <span class='ocrx_word' id='word_1_367' title='bbox 2999 2220 3359 2293; x_wconf 86' lang='grc' dir='ltr'><strong>Σαμαρειτῶν</strong></span> <span class='ocrx_word' id='word_1_368' title='bbox 3423 2220 3520 2292; x_wconf 83' lang='grc' dir='ltr'><strong>τὴν</strong></span> <span class='ocrx_word' id='word_1_369' title='bbox 3579 2220 3792 2292; x_wconf 86' lang='grc' dir='ltr'>χώραν.</span> 
     </span>
    </p>
   </div>
   <div class='ocr_carea' id='block_1_52' title="bbox 2217 2311 3791 2391">
    <p class='ocr_par' dir='ltr' id='par_1_52' title="bbox 2217 2311 3791 2391">
     <span class='ocr_line' id='line_1_52' title="bbox 2217 2311 3791 2391; baseline -0.006 -17"><span class='ocrx_word' id='word_1_370' title='bbox 2217 2321 2530 2391; x_wconf 82' lang='grc' dir='ltr'><strong>Ἀδιαφορεῖ</strong></span> <span class='ocrx_word' id='word_1_371' title='bbox 2553 2315 2845 2388; x_wconf 81' lang='grc' dir='ltr'><strong>τοιγαροῦν</strong></span> <span class='ocrx_word' id='word_1_372' title='bbox 2883 2315 3025 2369; x_wconf 81' lang='grc' dir='ltr'>κατὰ</span> <span class='ocrx_word' id='word_1_373' title='bbox 3055 2315 3184 2377; x_wconf 77' lang='grc' dir='ltr'>τοὺς</span> <span class='ocrx_word' id='word_1_374' title='bbox 3213 2313 3436 2386; x_wconf 84' lang='grc' dir='ltr'>χρόνους</span> <span class='ocrx_word' id='word_1_375' title='bbox 3466 2315 3496 2383; x_wconf 85' lang='grc' dir='ltr'>ἠ</span> <span class='ocrx_word' id='word_1_376' title='bbox 3525 2311 3791 2365; x_wconf 83' lang='grc' dir='ltr'><strong>θεόπνευ-</strong></span> 
     </span>
    </p>
   </div>
   <div class='ocr_carea' id='block_1_53' title="bbox 2206 2403 3794 2482">
    <p class='ocr_par' dir='ltr' id='par_1_53' title="bbox 2206 2403 3794 2482">
     <span class='ocr_line' id='line_1_53' title="bbox 2206 2403 3794 2482; baseline -0.008 -15"><span class='ocrx_word' id='word_1_377' title='bbox 2206 2430 2330 2476; x_wconf 82' lang='grc' dir='ltr'>στος</span> <span class='ocrx_word' id='word_1_378' title='bbox 2379 2412 2590 2482; x_wconf 83' lang='grc' dir='ltr'><strong>Γραφὴ,</strong></span> <span class='ocrx_word' id='word_1_379' title='bbox 2622 2409 2656 2480; x_wconf 78' lang='grc' dir='ltr'>ἢ</span> <span class='ocrx_word' id='word_1_380' title='bbox 2699 2409 2815 2472; x_wconf 80' lang='grc' dir='ltr'>καὶ,</span> <span class='ocrx_word' id='word_1_381' title='bbox 2855 2408 2990 2477; x_wconf 85' lang='grc' dir='ltr'>ὅπερ</span> <span class='ocrx_word' id='word_1_382' title='bbox 3020 2405 3168 2459; x_wconf 75' lang='grc' dir='ltr'>ἐστὶν</span> <span class='ocrx_word' id='word_1_383' title='bbox 3197 2403 3564 2473; x_wconf 80' lang='grc' dir='ltr'><strong>ἀληθέστερον</strong></span> <span class='ocrx_word' id='word_1_384' title='bbox 3591 2404 3794 2465; x_wconf 82' lang='grc' dir='ltr'>εἰπεῖν,</span> 
     </span>
    </p>
   </div>
   <div class='ocr_carea' id='block_1_54' title="bbox 2202 2491 3802 2572">
    <p class='ocr_par' dir='ltr' id='par_1_54' title="bbox 2202 2491 3802 2572">
     <span class='ocr_line' id='line_1_54' title="bbox 2202 2491 3802 2572; baseline -0.006 -16"><span class='ocrx_word' id='word_1_385' title='bbox 2202 2505 2252 2556; x_wconf 70' lang='lat' dir='ltr'><strong>ot</strong></span> <span class='ocrx_word' id='word_1_386' title='bbox 2305 2502 2510 2572; x_wconf 79' lang='grc' dir='ltr'>ταύτην</span> <span class='ocrx_word' id='word_1_387' title='bbox 2555 2502 2690 2570; x_wconf 80' lang='grc' dir='ltr'><strong>ἡμῖν</strong></span> <span class='ocrx_word' id='word_1_388' title='bbox 2731 2496 3227 2568; x_wconf 80' lang='grc' dir='ltr'><strong>διηρμηνευκὸτες’</strong></span> <span class='ocrx_word' id='word_1_389' title='bbox 3283 2491 3540 2562; x_wconf 85' lang='grc' dir='ltr'>καθάπερ</span> <span class='ocrx_word' id='word_1_390' title='bbox 3591 2492 3802 2562; x_wconf 76' lang='grc' dir='ltr'>ἀμέλει.</span> 
     </span>
    </p>
   </div>
   <div class='ocr_carea' id='block_1_55' title="bbox 2203 2581 3798 2660">
    <p class='ocr_par' dir='ltr' id='par_1_55' title="bbox 2203 2581 3798 2660">
     <span class='ocr_line' id='line_1_55' title="bbox 2203 2581 3798 2660; baseline -0.009 -13"><span class='ocrx_word' id='word_1_391' title='bbox 2203 2594 2297 2648; x_wconf 72' lang='grc' dir='ltr'>καὶ</span> <span class='ocrx_word' id='word_1_392' title='bbox 2341 2592 2474 2646; x_wconf 81' lang='grc' dir='ltr'><strong>αὐτὸ</strong></span> <span class='ocrx_word' id='word_1_393' title='bbox 2499 2590 2560 2644; x_wconf 76' lang='grc' dir='ltr'>τὸ</span> <span class='ocrx_word' id='word_1_394' title='bbox 2585 2588 2679 2643; x_wconf 82' lang='grc' dir='ltr'>τοῦ</span> <span class='ocrx_word' id='word_1_395' title='bbox 2718 2585 2953 2660; x_wconf 80' lang='grc' dir='ltr'><strong>Χριστοῦ</strong></span> <span class='ocrx_word' id='word_1_396' title='bbox 2986 2584 3276 2656; x_wconf 83' lang='grc' dir='ltr'>πρόσωπον</span> <span class='ocrx_word' id='word_1_397' title='bbox 3303 2582 3391 2636; x_wconf 78' lang='grc' dir='ltr'><strong>διὰ</strong></span> <span class='ocrx_word' id='word_1_398' title='bbox 3420 2583 3522 2652; x_wconf 82' lang='grc' dir='ltr'>τῆς</span> <span class='ocrx_word' id='word_1_399' title='bbox 3565 2581 3798 2635; x_wconf 82' lang='grc' dir='ltr'>Ἡσαΐου</span> 
     </span>
    </p>
   </div>
   <div class='ocr_carea' id='block_1_56' title="bbox 2203 2673 3796 2754">
    <p class='ocr_par' dir='ltr' id='par_1_56' title="bbox 2203 2673 3796 2754">
     <span class='ocr_line' id='line_1_56' title="bbox 2203 2673 3796 2754; baseline -0.008 -17"><span class='ocrx_word' id='word_1_400' title='bbox 2203 2683 2386 2754; x_wconf 83' lang='grc' dir='ltr'>φωνῆς</span> <span class='ocrx_word' id='word_1_401' title='bbox 2418 2681 2728 2754; x_wconf 79' lang='grc' dir='ltr'><strong>εἰσφέρεται</strong></span> <span class='ocrx_word' id='word_1_402' title='bbox 2758 2679 2934 2748; x_wconf 81' lang='grc' dir='ltr'><strong>λέγον·</strong></span> <span class='ocrx_word' id='word_1_403' title='bbox 2971 2696 2990 2728; x_wconf 79' lang='grc' dir='ltr'><strong>ι</strong></span> <span class='ocrx_word' id='word_1_404' title='bbox 3014 2678 3118 2730; x_wconf 77' lang='grc' dir='ltr'><strong>Τὸν</strong></span> <span class='ocrx_word' id='word_1_405' title='bbox 3139 2675 3310 2728; x_wconf 83' lang='grc' dir='ltr'>νῶτόν</span> <span class='ocrx_word' id='word_1_406' title='bbox 3334 2691 3434 2743; x_wconf 92' lang='grc' dir='ltr'><strong>μου</strong></span> <span class='ocrx_word' id='word_1_407' title='bbox 3463 2673 3684 2728; x_wconf 79' lang='grc' dir='ltr'><strong>δέδωκα</strong></span> <span class='ocrx_word' id='word_1_408' title='bbox 3709 2674 3796 2736; x_wconf 84' lang='grc' dir='ltr'>είς</span> 
     </span>
    </p>
   </div>
   <div class='ocr_carea' id='block_1_57' title="bbox 2206 2765 3788 2846">
    <p class='ocr_par' dir='ltr' id='par_1_57' title="bbox 2206 2765 3788 2846">
     <span class='ocr_line' id='line_1_57' title="bbox 2206 2765 3788 2846; baseline -0.009 -16"><span class='ocrx_word' id='word_1_409' title='bbox 2206 2775 2476 2846; x_wconf 84' lang='grc' dir='ltr'>μάστιγας</span> <span class='ocrx_word' id='word_1_410' title='bbox 2500 2813 2514 2836; x_wconf 89' lang='grc'>,</span> <span class='ocrx_word' id='word_1_411' title='bbox 2549 2773 2647 2836; x_wconf 82' lang='grc' dir='ltr'>τὰς</span> <span class='ocrx_word' id='word_1_412' title='bbox 2695 2771 2753 2824; x_wconf 77' lang='grc' dir='ltr'><strong>δὲ</strong></span> <span class='ocrx_word' id='word_1_413' title='bbox 2793 2769 3053 2839; x_wconf 82' lang='grc' dir='ltr'>σιαγόνας</span> <span class='ocrx_word' id='word_1_414' title='bbox 3099 2784 3198 2838; x_wconf 87' lang='grc' dir='ltr'><strong>μου</strong></span> <span class='ocrx_word' id='word_1_415' title='bbox 3248 2768 3329 2828; x_wconf 78' lang='grc' dir='ltr'>εἰς</span> <span class='ocrx_word' id='word_1_416' title='bbox 3359 2765 3726 2834; x_wconf 69' lang='grc' dir='ltr'>ῥαπίσματα.</span> <span class='ocrx_word' id='word_1_417' title='bbox 3768 2782 3788 2815; x_wconf 73' lang='grc' dir='ltr'><strong>ι</strong></span> 
     </span>
    </p>
   </div>
   <div class='ocr_carea' id='block_1_58' title="bbox 2202 2855 3796 2929">
    <p class='ocr_par' dir='ltr' id='par_1_58' title="bbox 2202 2855 3796 2929">
     <span class='ocr_line' id='line_1_58' title="bbox 2202 2855 3796 2929; baseline -0.007 -13"><span class='ocrx_word' id='word_1_418' title='bbox 2202 2863 2313 2916; x_wconf 81' lang='lat' dir='ltr'><strong>Kal.</strong></span> <span class='ocrx_word' id='word_1_419' title='bbox 2353 2861 2514 2923; x_wconf 80' lang='grc' dir='ltr'>αὐτὸς</span> <span class='ocrx_word' id='word_1_420' title='bbox 2541 2860 2598 2912; x_wconf 77' lang='grc' dir='ltr'><strong>δέ</strong></span> <span class='ocrx_word' id='word_1_421' title='bbox 2636 2875 2800 2929; x_wconf 86' lang='grc' dir='ltr'><strong>φησιν</strong></span> <span class='ocrx_word' id='word_1_422' title='bbox 2841 2859 2871 2910; x_wconf 86' lang='grc' dir='ltr'>ὁ</span> <span class='ocrx_word' id='word_1_423' title='bbox 2917 2858 3205 2928; x_wconf 80' lang='grc' dir='ltr'><strong>προφήτης</strong></span> <span class='ocrx_word' id='word_1_424' title='bbox 3239 2856 3368 2925; x_wconf 75' lang='grc' dir='ltr'><strong>περὶ</strong></span> <span class='ocrx_word' id='word_1_425' title='bbox 3395 2855 3594 2908; x_wconf 76' lang='grc' dir='ltr'>αὐτοῦ’</span> <span class='ocrx_word' id='word_1_426' title='bbox 3635 2872 3656 2906; x_wconf 79' lang='lat'><strong>¢</strong></span> <span class='ocrx_word' id='word_1_427' title='bbox 3703 2855 3796 2918; x_wconf 81' lang='grc' dir='ltr'><strong>Ὠς</strong></span> 
     </span>
    </p>
   </div>
   <div class='ocr_carea' id='block_1_59' title="bbox 2203 2945 3797 3026">
    <p class='ocr_par' dir='ltr' id='par_1_59' title="bbox 2203 2945 3797 3026">
     <span class='ocr_line' id='line_1_59' title="bbox 2203 2945 3797 3026; baseline -0.004 -19"><span class='ocrx_word' id='word_1_428' title='bbox 2203 2953 2474 3026; x_wconf 76' lang='grc' dir='ltr'>πρόϐατον</span> <span class='ocrx_word' id='word_1_429' title='bbox 2500 2952 2594 3004; x_wconf 74' lang='grc' dir='ltr'><strong>ἐπὶ</strong></span> <span class='ocrx_word' id='word_1_430' title='bbox 2624 2952 2839 3021; x_wconf 74' lang='grc' dir='ltr'>σφαγὴν</span> <span class='ocrx_word' id='word_1_431' title='bbox 2873 2948 3048 3020; x_wconf 70' lang='grc' dir='ltr'><strong>ἤχθη,</strong></span> <span class='ocrx_word' id='word_1_432' title='bbox 3077 2946 3172 3000; x_wconf 74' lang='grc' dir='ltr'>καὶ</span> <span class='ocrx_word' id='word_1_433' title='bbox 3203 2945 3280 3009; x_wconf 83' lang='grc' dir='ltr'><strong>ὡς</strong></span> <span class='ocrx_word' id='word_1_434' title='bbox 3320 2945 3491 3015; x_wconf 75' lang='grc' dir='ltr'><strong>ἀμνὸς</strong></span> <span class='ocrx_word' id='word_1_435' title='bbox 3540 2946 3797 3000; x_wconf 75' lang='grc' dir='ltr'><strong>ἐναντιον</strong></span> 
     </span>
    </p>
   </div>
   <div class='ocr_carea' id='block_1_60' title="bbox 2201 3035 3798 3114">
    <p class='ocr_par' dir='ltr' id='par_1_60' title="bbox 2201 3035 3798 3114">
     <span class='ocr_line' id='line_1_60' title="bbox 2201 3035 3798 3114; baseline -0.006 -16"><span class='ocrx_word' id='word_1_436' title='bbox 2201 3043 2294 3098; x_wconf 78' lang='grc' dir='ltr'>τοῦ</span> <span class='ocrx_word' id='word_1_437' title='bbox 2325 3043 2600 3114; x_wconf 85' lang='grc' dir='ltr'>κείροντος</span> <span class='ocrx_word' id='word_1_438' title='bbox 2629 3041 2812 3102; x_wconf 85' lang='grc' dir='ltr'><strong>αὑτὸν,</strong></span> <span class='ocrx_word' id='word_1_439' title='bbox 2845 3039 3059 3108; x_wconf 69' lang='grc' dir='ltr'><strong>ἄφωνος</strong></span> <span class='ocrx_word' id='word_1_440' title='bbox 3079 3053 3092 3068; x_wconf 73' lang='grc'><strong><em>⁸</em></strong></span> <span class='ocrx_word' id='word_1_441' title='bbox 3125 3035 3298 3098; x_wconf 74' lang='grc' dir='ltr'>οὕτως</span> <span class='ocrx_word' id='word_1_442' title='bbox 3331 3036 3433 3087; x_wconf 73' lang='grc' dir='ltr'><strong>οὐκ</strong></span> <span class='ocrx_word' id='word_1_443' title='bbox 3480 3035 3700 3102; x_wconf 81' lang='grc' dir='ltr'>ἀνοίγει</span> <span class='ocrx_word' id='word_1_444' title='bbox 3731 3035 3798 3088; x_wconf 79' lang='grc' dir='ltr'>τὸ</span> 
     </span>
    </p>
   </div>
   <div class='ocr_carea' id='block_1_61' title="bbox 519 3123 2102 3203">
    <p class='ocr_par' dir='ltr' id='par_1_61' title="bbox 519 3127 2091 3201">
     <span class='ocr_line' id='line_1_61' title="bbox 519 3127 2091 3201; baseline 0.006 -23"><span class='ocrx_word' id='word_1_445' title='bbox 519 3127 866 3196; x_wconf 78' lang='lat' dir='ltr'><strong>prephetieus</strong></span> <span class='ocrx_word' id='word_1_446' title='bbox 887 3143 1067 3184; x_wconf 90' lang='lat' dir='ltr'><strong>sermo</strong></span> <span class='ocrx_word' id='word_1_447' title='bbox 1092 3131 1250 3184; x_wconf 80' lang='lat' dir='ltr'><strong>nobis</strong></span> <span class='ocrx_word' id='word_1_448' title='bbox 1276 3131 1676 3187; x_wconf 80' lang='lat' dir='ltr'><strong>introduxerit?</strong></span> <span class='ocrx_word' id='word_1_449' title='bbox 1705 3133 1887 3201; x_wconf 85' lang='lat' dir='ltr'><strong>Quare</strong></span> <span class='ocrx_word' id='word_1_450' title='bbox 1922 3133 2050 3188; x_wconf 89' lang='lat' dir='ltr'><strong>illud</strong></span> <span class='ocrx_word' id='word_1_451' title='bbox 2077 3151 2091 3188; x_wconf 90' lang='lat'><strong>:</strong></span> 
     </span>
    </p>
   </div>
   <div class='ocr_carea' id='block_1_62' title="bbox 2202 3123 3797 3203">
    <p class='ocr_par' dir='ltr' id='par_1_62' title="bbox 2202 3123 3797 3203">
     <span class='ocr_line' id='line_1_62' title="bbox 2202 3123 3797 3203; baseline -0.004 -18"><span class='ocrx_word' id='word_1_452' title='bbox 2202 3132 2375 3203; x_wconf 88' lang='grc' dir='ltr'><strong>στόμα</strong></span> <span class='ocrx_word' id='word_1_453' title='bbox 2399 3128 2585 3195; x_wconf 79' lang='grc' dir='ltr'>αὐτοῦ,</span> <span class='ocrx_word' id='word_1_454' title='bbox 2617 3131 2675 3182; x_wconf 84' lang='grc' dir='ltr'><strong>ἐν</strong></span> <span class='ocrx_word' id='word_1_455' title='bbox 2699 3131 2767 3200; x_wconf 78' lang='grc' dir='ltr'><strong>τῇ</strong></span> <span class='ocrx_word' id='word_1_456' title='bbox 2793 3125 3310 3180; x_wconf 83' lang='grc' dir='ltr'>ταπεινώσειαύτοῦ</span> <span class='ocrx_word' id='word_1_457' title='bbox 3342 3126 3374 3195; x_wconf 81' lang='grc' dir='ltr'><strong>ἠ</strong></span> <span class='ocrx_word' id='word_1_458' title='bbox 3402 3124 3593 3194; x_wconf 88' lang='grc' dir='ltr'>κρίσις</span> <span class='ocrx_word' id='word_1_459' title='bbox 3622 3123 3797 3179; x_wconf 80' lang='grc' dir='ltr'>αὑτοῦ</span> 
     </span>
    </p>
   </div>
   <div class='ocr_carea' id='block_1_63' title="bbox 523 3215 2098 3294">
    <p class='ocr_par' dir='ltr' id='par_1_63' title="bbox 523 3215 2098 3294">
     <span class='ocr_line' id='line_1_63' title="bbox 523 3215 2098 3294; baseline 0.005 -24"><span class='ocrx_word' id='word_1_460' title='bbox 523 3234 543 3269; x_wconf 76' lang='grc' dir='ltr'><strong>ι</strong></span> <span class='ocrx_word' id='word_1_461' title='bbox 573 3215 870 3274; x_wconf 83' lang='lat' dir='ltr'><strong>Fornicans</strong></span> <span class='ocrx_word' id='word_1_462' title='bbox 905 3218 1262 3276; x_wconf 86' lang='lat' dir='ltr'><strong>furnicabitur</strong></span> <span class='ocrx_word' id='word_1_463' title='bbox 1297 3232 1463 3290; x_wconf 85' lang='lat' dir='ltr'><strong>terra,</strong></span> <span class='ocrx_word' id='word_1_464' title='bbox 1496 3243 1514 3276; x_wconf 77' lang='grc' dir='ltr'><strong>ι</strong></span> <span class='ocrx_word' id='word_1_465' title='bbox 1545 3239 1664 3294; x_wconf 88' lang='lat' dir='ltr'><strong>pro,</strong></span> <span class='ocrx_word' id='word_1_466' title='bbox 1689 3224 1956 3280; x_wconf 90' lang='lat' dir='ltr'><strong>fornicata</strong></span> <span class='ocrx_word' id='word_1_467' title='bbox 1989 3233 2098 3290; x_wconf 84' lang='lat' dir='ltr'><strong>est,</strong></span> 
     </span>
    </p>
   </div>
   <div class='ocr_carea' id='block_1_64' title="bbox 519 3307 2099 3378">
    <p class='ocr_par' dir='ltr' id='par_1_64' title="bbox 519 3307 2099 3378">
     <span class='ocr_line' id='line_1_64' title="bbox 519 3307 2099 3378; baseline 0.006 -18"><span class='ocrx_word' id='word_1_468' title='bbox 519 3307 742 3378; x_wconf 75' lang='lat' dir='ltr'><strong>intelligi</strong></span> <span class='ocrx_word' id='word_1_469' title='bbox 775 3311 956 3365; x_wconf 87' lang='lat' dir='ltr'><strong>debet.</strong></span> <span class='ocrx_word' id='word_1_470' title='bbox 992 3311 1238 3377; x_wconf 84' lang='lat' dir='ltr'><strong>Quonam</strong></span> <span class='ocrx_word' id='word_1_471' title='bbox 1270 3321 1448 3369; x_wconf 85' lang='lat' dir='ltr'><strong>autem</strong></span> <span class='ocrx_word' id='word_1_472' title='bbox 1479 3315 1637 3369; x_wconf 88' lang='lat' dir='ltr'><strong>modo</strong></span> <span class='ocrx_word' id='word_1_473' title='bbox 1678 3315 1944 3370; x_wconf 86' lang='lat' dir='ltr'><strong>fornicata</strong></span> <span class='ocrx_word' id='word_1_474' title='bbox 1979 3317 2099 3370; x_wconf 78' lang='lat' dir='ltr'><strong>est?</strong></span> 
     </span>
    </p>
   </div>
   <div class='ocr_carea' id='block_1_65' title="bbox 527 3397 2100 3475">
    <p class='ocr_par' dir='ltr' id='par_1_65' title="bbox 527 3397 2100 3475">
     <span class='ocr_line' id='line_1_65' title="bbox 527 3397 2100 3475; baseline 0.007 -26"><span class='ocrx_word' id='word_1_475' title='bbox 527 3414 548 3449; x_wconf 70' lang='grc' dir='ltr'><strong>ι</strong></span> <span class='ocrx_word' id='word_1_476' title='bbox 581 3397 711 3454; x_wconf 82' lang='lat' dir='ltr'><strong>Post</strong></span> <span class='ocrx_word' id='word_1_477' title='bbox 743 3401 1049 3467; x_wconf 90' lang='lat' dir='ltr'><strong>Dominum,</strong></span> <span class='ocrx_word' id='word_1_478' title='bbox 1085 3421 1105 3454; x_wconf 77' lang='grc' dir='ltr'><strong>ι</strong></span> <span class='ocrx_word' id='word_1_479' title='bbox 1153 3404 1204 3458; x_wconf 89' lang='lat' dir='ltr'><strong>id</strong></span> <span class='ocrx_word' id='word_1_480' title='bbox 1228 3415 1331 3470; x_wconf 88' lang='lat' dir='ltr'><strong>est,</strong></span> <span class='ocrx_word' id='word_1_481' title='bbox 1364 3407 1642 3474; x_wconf 85' lang='lat' dir='ltr'><strong>sequelam</strong></span> <span class='ocrx_word' id='word_1_482' title='bbox 1675 3415 1960 3475; x_wconf 83' lang='lat' dir='ltr'><strong>aspernata</strong></span> <span class='ocrx_word' id='word_1_483' title='bbox 1995 3415 2100 3471; x_wconf 88' lang='lat' dir='ltr'><strong>est,</strong></span> 
     </span>
    </p>
   </div>
   <div class='ocr_carea' id='block_1_66' title="bbox 522 3491 2095 3566">
    <p class='ocr_par' dir='ltr' id='par_1_66' title="bbox 522 3491 2095 3566">
     <span class='ocr_line' id='line_1_66' title="bbox 522 3491 2095 3566; baseline 0.006 -24"><span class='ocrx_word' id='word_1_484' title='bbox 522 3504 628 3557; x_wconf 86' lang='lat' dir='ltr'><strong>qua</strong></span> <span class='ocrx_word' id='word_1_485' title='bbox 657 3491 780 3558; x_wconf 87' lang='lat' dir='ltr'><strong>quis</strong></span> <span class='ocrx_word' id='word_1_486' title='bbox 809 3493 964 3560; x_wconf 89' lang='lat' dir='ltr'><strong>quasi</strong></span> <span class='ocrx_word' id='word_1_487' title='bbox 998 3493 1064 3546; x_wconf 90' lang='lat' dir='ltr'><strong>ad</strong></span> <span class='ocrx_word' id='word_1_488' title='bbox 1093 3494 1256 3549; x_wconf 86' lang='lat' dir='ltr'><strong>Deum</strong></span> <span class='ocrx_word' id='word_1_489' title='bbox 1290 3498 1480 3552; x_wconf 88' lang='lat' dir='ltr'><strong>tendit.</strong></span> <span class='ocrx_word' id='word_1_490' title='bbox 1513 3497 1788 3566; x_wconf 89' lang='lat' dir='ltr'><strong>Scriptum</strong></span> <span class='ocrx_word' id='word_1_491' title='bbox 1809 3505 1892 3552; x_wconf 89' lang='lat' dir='ltr'><strong>est</strong></span> <span class='ocrx_word' id='word_1_492' title='bbox 1918 3499 2095 3552; x_wconf 90' lang='lat' dir='ltr'><strong>enim:</strong></span> 
     </span>
    </p>
   </div>
   <div class='ocr_carea' id='block_1_67' title="bbox 522 3579 2098 3653">
    <p class='ocr_par' dir='ltr' id='par_1_67' title="bbox 522 3579 2098 3653">
     <span class='ocr_line' id='line_1_67' title="bbox 522 3579 2098 3653; baseline 0.007 -20"><span class='ocrx_word' id='word_1_493' title='bbox 522 3579 706 3636; x_wconf 67' lang='lat' dir='ltr'><strong>«Post</strong></span> <span class='ocrx_word' id='word_1_494' title='bbox 787 3582 1069 3638; x_wconf 88' lang='lat' dir='ltr'><strong>Dominum</strong></span> <span class='ocrx_word' id='word_1_495' title='bbox 1135 3587 1521 3653; x_wconf 69' lang='lat' dir='ltr'><strong>ambulabis“,</strong></span> <span class='ocrx_word' id='word_1_496' title='bbox 1563 3589 1722 3643; x_wconf 62' lang='lat' dir='ltr'><strong>illoc</strong></span> <span class='ocrx_word' id='word_1_497' title='bbox 1785 3599 1890 3652; x_wconf 87' lang='lat' dir='ltr'><strong>est,</strong></span> <span class='ocrx_word' id='word_1_498' title='bbox 1953 3589 2098 3644; x_wconf 86' lang='lat' dir='ltr'><strong>Citra</strong></span> 
     </span>
    </p>
   </div>
   <div class='ocr_carea' id='block_1_68' title="bbox 516 3673 2098 3750">
    <p class='ocr_par' dir='ltr' id='par_1_68' title="bbox 516 3673 2098 3750">
     <span class='ocr_line' id='line_1_68' title="bbox 516 3673 2098 3750; baseline 0.005 -22"><span class='ocrx_word' id='word_1_499' title='bbox 516 3673 924 3728; x_wconf 81' lang='lat' dir='ltr'><strong>conversionem</strong></span> <span class='ocrx_word' id='word_1_500' title='bbox 962 3691 1228 3743; x_wconf 84' lang='lat' dir='ltr'><strong>supernas</strong></span> <span class='ocrx_word' id='word_1_501' title='bbox 1286 3688 1340 3732; x_wconf 91' lang='lat' dir='ltr'><strong>et</strong></span> <span class='ocrx_word' id='word_1_502' title='bbox 1374 3694 1402 3732; x_wconf 93' lang='lat' dir='ltr'><strong>a</strong></span> <span class='ocrx_word' id='word_1_503' title='bbox 1434 3679 1542 3734; x_wconf 89' lang='lat' dir='ltr'><strong>Deo</strong></span> <span class='ocrx_word' id='word_1_504' title='bbox 1576 3680 1919 3748; x_wconf 71' lang='lat' dir='ltr'><strong>praascriptas</strong></span> <span class='ocrx_word' id='word_1_505' title='bbox 1955 3680 2098 3750; x_wconf 83' lang='lat' dir='ltr'><strong>leges</strong></span> 
     </span>
    </p>
   </div>
   <div class='ocr_carea' id='block_1_69' title="bbox 517 3763 2090 3839">
    <p class='ocr_par' dir='ltr' id='par_1_69' title="bbox 517 3763 2090 3839">
     <span class='ocr_line' id='line_1_69' title="bbox 517 3763 2090 3839; baseline 0.006 -22"><span class='ocrx_word' id='word_1_506' title='bbox 517 3764 782 3830; x_wconf 83' lang='lat' dir='ltr'><strong>sequeris.</strong></span> <span class='ocrx_word' id='word_1_507' title='bbox 830 3763 1120 3821; x_wconf 86' lang='lat' dir='ltr'><strong>Fornicala</strong></span> <span class='ocrx_word' id='word_1_508' title='bbox 1157 3779 1238 3822; x_wconf 86' lang='lat' dir='ltr'><strong>est</strong></span> <span class='ocrx_word' id='word_1_509' title='bbox 1278 3771 1442 3839; x_wconf 73' lang='lat' dir='ltr'><strong>igitur</strong></span> <span class='ocrx_word' id='word_1_510' title='bbox 1471 3778 1593 3839; x_wconf 89' lang='lat' dir='ltr'><strong>post</strong></span> <span class='ocrx_word' id='word_1_511' title='bbox 1617 3769 1935 3836; x_wconf 89' lang='lat' dir='ltr'><strong>Dominum,</strong></span> <span class='ocrx_word' id='word_1_512' title='bbox 1983 3789 2090 3828; x_wconf 91' lang='lat' dir='ltr'><strong>non</strong></span> 
     </span>
    </p>
   </div>
   <div class='ocr_carea' id='block_1_70' title="bbox 516 3852 2092 3930">
    <p class='ocr_par' dir='ltr' id='par_1_70' title="bbox 516 3852 2092 3930">
     <span class='ocr_line' id='line_1_70' title="bbox 516 3852 2092 3930; baseline 0.008 -24"><span class='ocrx_word' id='word_1_513' title='bbox 516 3852 790 3907; x_wconf 82' lang='lat' dir='ltr'><strong>sustinens</strong></span> <span class='ocrx_word' id='word_1_514' title='bbox 829 3855 1002 3924; x_wconf 84' lang='lat' dir='ltr'><strong>sequi.</strong></span> <span class='ocrx_word' id='word_1_515' title='bbox 1033 3857 1266 3912; x_wconf 83' lang='lat' dir='ltr'><strong>Descivit</strong></span> <span class='ocrx_word' id='word_1_516' title='bbox 1314 3860 1481 3925; x_wconf 89' lang='lat' dir='ltr'><strong>enim,</strong></span> <span class='ocrx_word' id='word_1_517' title='bbox 1507 3870 1562 3912; x_wconf 90' lang='lat' dir='ltr'><strong>et</strong></span> <span class='ocrx_word' id='word_1_518' title='bbox 1583 3860 1954 3917; x_wconf 85' lang='lat' dir='ltr'><strong>contaminata</strong></span> <span class='ocrx_word' id='word_1_519' title='bbox 1988 3872 2092 3930; x_wconf 87' lang='lat' dir='ltr'><strong>est,</strong></span> 
     </span>
    </p>
   </div>
   <div class='ocr_carea' id='block_1_71' title="bbox 517 3945 2092 4016">
    <p class='ocr_par' dir='ltr' id='par_1_71' title="bbox 517 3945 2092 4016">
     <span class='ocr_line' id='line_1_71' title="bbox 517 3945 2092 4016; baseline 0.007 -18"><span class='ocrx_word' id='word_1_520' title='bbox 517 3954 572 3998; x_wconf 89' lang='lat' dir='ltr'><strong>et</strong></span> <span class='ocrx_word' id='word_1_521' title='bbox 613 3945 878 4000; x_wconf 91' lang='lat' dir='ltr'><strong>idolorum</strong></span> <span class='ocrx_word' id='word_1_522' title='bbox 950 3948 1183 4004; x_wconf 90' lang='lat' dir='ltr'><strong>cultibus</strong></span> <span class='ocrx_word' id='word_1_523' title='bbox 1245 3951 1450 4016; x_wconf 90' lang='lat' dir='ltr'><strong>dedita,</strong></span> <span class='ocrx_word' id='word_1_524' title='bbox 1511 3951 1798 4007; x_wconf 91' lang='lat' dir='ltr'><strong>Dominum</strong></span> <span class='ocrx_word' id='word_1_525' title='bbox 1844 3953 2092 4010; x_wconf 67' lang='lat' dir='ltr'><strong>offendit.</strong></span> 
     </span>
    </p>
   </div>
   <div class='ocr_carea' id='block_1_72' title="bbox 519 4033 2093 4111">
    <p class='ocr_par' dir='ltr' id='par_1_72' title="bbox 519 4033 2093 4111">
     <span class='ocr_line' id='line_1_72' title="bbox 519 4033 2093 4111; baseline 0.008 -22"><span class='ocrx_word' id='word_1_526' title='bbox 519 4033 630 4090; x_wconf 85' lang='lat' dir='ltr'><strong>Hac</strong></span> <span class='ocrx_word' id='word_1_527' title='bbox 663 4037 826 4106; x_wconf 78' lang='lat' dir='ltr'><strong>igitur</strong></span> <span class='ocrx_word' id='word_1_528' title='bbox 871 4037 937 4091; x_wconf 89' lang='lat' dir='ltr'><strong>de</strong></span> <span class='ocrx_word' id='word_1_529' title='bbox 978 4053 1146 4094; x_wconf 88' lang='lat' dir='ltr'><strong>causa</strong></span> <span class='ocrx_word' id='word_1_530' title='bbox 1212 4039 1412 4097; x_wconf 87' lang='lat' dir='ltr'><strong>Gomer</strong></span> <span class='ocrx_word' id='word_1_531' title='bbox 1479 4045 1737 4111; x_wconf 86' lang='lat' dir='ltr'><strong>propheta</strong></span> <span class='ocrx_word' id='word_1_532' title='bbox 1778 4043 1948 4100; x_wconf 86' lang='lat' dir='ltr'><strong>Oscas</strong></span> <span class='ocrx_word' id='word_1_533' title='bbox 1978 4047 2093 4100; x_wconf 89' lang='lat' dir='ltr'><strong>vin-</strong></span> 
     </span>
    </p>
   </div>
   <div class='ocr_carea' id='block_1_73' title="bbox 515 4127 2094 4199">
    <p class='ocr_par' dir='ltr' id='par_1_73' title="bbox 515 4127 2094 4199">
     <span class='ocr_line' id='line_1_73' title="bbox 515 4127 2094 4199; baseline 0.007 -18"><span class='ocrx_word' id='word_1_534' title='bbox 515 4127 636 4181; x_wconf 82' lang='lat' dir='ltr'><strong>culo</strong></span> <span class='ocrx_word' id='word_1_535' title='bbox 681 4127 948 4199; x_wconf 79' lang='lat' dir='ltr'><strong>conjugali</strong></span> <span class='ocrx_word' id='word_1_536' title='bbox 996 4131 1269 4195; x_wconf 79' lang='lat' dir='ltr'><strong>sociatur,</strong></span> <span class='ocrx_word' id='word_1_537' title='bbox 1312 4132 1438 4199; x_wconf 83' lang='lat' dir='ltr'><strong>quia</strong></span> <span class='ocrx_word' id='word_1_538' title='bbox 1494 4135 1757 4190; x_wconf 85' lang='lat' dir='ltr'><strong>fornicata</strong></span> <span class='ocrx_word' id='word_1_539' title='bbox 1815 4147 1898 4192; x_wconf 88' lang='lat' dir='ltr'><strong>cst</strong></span> <span class='ocrx_word' id='word_1_540' title='bbox 1951 4147 2094 4192; x_wconf 86' lang='lat' dir='ltr'><strong>terra</strong></span> 
     </span>
    </p>
   </div>
   <div class='ocr_carea' id='block_1_74' title="bbox 516 4219 2095 4299">
    <p class='ocr_par' dir='ltr' id='par_1_74' title="bbox 516 4219 2095 4299">
     <span class='ocr_line' id='line_1_74' title="bbox 516 4219 2095 4299; baseline 0.007 -27"><span class='ocrx_word' id='word_1_541' title='bbox 516 4229 638 4287; x_wconf 89' lang='lat' dir='ltr'><strong>post</strong></span> <span class='ocrx_word' id='word_1_542' title='bbox 678 4219 982 4274; x_wconf 89' lang='lat' dir='ltr'><strong>Dominum.</strong></span> <span class='ocrx_word' id='word_1_543' title='bbox 1016 4220 1204 4276; x_wconf 83' lang='lat' dir='ltr'><strong>Potest</strong></span> <span class='ocrx_word' id='word_1_544' title='bbox 1244 4223 1387 4276; x_wconf 88' lang='lat' dir='ltr'><strong>enim</strong></span> <span class='ocrx_word' id='word_1_545' title='bbox 1418 4227 1560 4292; x_wconf 89' lang='lat' dir='ltr'><strong>quod</strong></span> <span class='ocrx_word' id='word_1_546' title='bbox 1610 4226 1688 4288; x_wconf 85' lang='lat' dir='ltr'><strong>fit,</strong></span> <span class='ocrx_word' id='word_1_547' title='bbox 1741 4243 1839 4295; x_wconf 88' lang='lat' dir='ltr'><strong>pro</strong></span> <span class='ocrx_word' id='word_1_548' title='bbox 1902 4230 2095 4299; x_wconf 86' lang='lat' dir='ltr'><strong>mysti-</strong></span> 
     </span>
    </p>
   </div>
   <div class='ocr_carea' id='block_1_75' title="bbox 515 4312 2095 4390">
    <p class='ocr_par' dir='ltr' id='par_1_75' title="bbox 515 4312 2095 4390">
     <span class='ocr_line' id='line_1_75' title="bbox 515 4312 2095 4390; baseline 0.008 -28"><span class='ocrx_word' id='word_1_549' title='bbox 515 4325 592 4364; x_wconf 66' lang='lat' dir='ltr'><strong>cae</strong></span> <span class='ocrx_word' id='word_1_550' title='bbox 627 4312 702 4364; x_wconf 87' lang='lat' dir='ltr'><strong>rei</strong></span> <span class='ocrx_word' id='word_1_551' title='bbox 753 4319 877 4381; x_wconf 79' lang='lat' dir='ltr'><strong>typo</strong></span> <span class='ocrx_word' id='word_1_552' title='bbox 908 4313 1105 4382; x_wconf 89' lang='lat' dir='ltr'><strong>accipi,</strong></span> <span class='ocrx_word' id='word_1_553' title='bbox 1161 4321 1223 4368; x_wconf 92' lang='lat' dir='ltr'><strong>ut</strong></span> <span class='ocrx_word' id='word_1_554' title='bbox 1284 4313 1553 4371; x_wconf 88' lang='lat' dir='ltr'><strong>dicebam.</strong></span> <span class='ocrx_word' id='word_1_555' title='bbox 1619 4318 1821 4373; x_wconf 84' lang='lat' dir='ltr'><strong>Deinde</strong></span> <span class='ocrx_word' id='word_1_556' title='bbox 1886 4323 2095 4390; x_wconf 88' lang='lat' dir='ltr'><strong>peperit</strong></span> 
     </span>
    </p>
   </div>
   <div class='ocr_carea' id='block_1_76' title="bbox 515 4399 734 4454">
    <p class='ocr_par' dir='ltr' id='par_1_76' title="bbox 515 4399 734 4454">
     <span class='ocr_line' id='line_1_76' title="bbox 515 4399 734 4454; baseline 0 0"><span class='ocrx_word' id='word_1_557' title='bbox 515 4399 734 4454; x_wconf 89' lang='lat' dir='ltr'><strong>Gomer.</strong></span> 
     </span>
    </p>
   </div>
   <div class='ocr_carea' id='block_1_77' title="bbox 2202 3215 3798 3295">
    <p class='ocr_par' dir='ltr' id='par_1_77' title="bbox 2202 3215 3798 3295">
     <span class='ocr_line' id='line_1_77' title="bbox 2202 3215 3798 3295; baseline -0.006 -19"><span class='ocrx_word' id='word_1_558' title='bbox 2202 3223 2366 3295; x_wconf 75' lang='grc' dir='ltr'><strong>ῆρθη.</strong></span> <span class='ocrx_word' id='word_1_559' title='bbox 2407 3241 2426 3274; x_wconf 83' lang='grc' dir='ltr'><strong>ι</strong></span> <span class='ocrx_word' id='word_1_560' title='bbox 2471 3223 2654 3291; x_wconf 82' lang='grc' dir='ltr'>Ὀρᾶς,</span> <span class='ocrx_word' id='word_1_561' title='bbox 2695 3221 2844 3282; x_wconf 82' lang='grc' dir='ltr'>ὅπως</span> <span class='ocrx_word' id='word_1_562' title='bbox 2876 3219 2936 3273; x_wconf 85' lang='grc' dir='ltr'>τὸ</span> <span class='ocrx_word' id='word_1_563' title='bbox 2965 3217 3224 3288; x_wconf 77' lang='grc' dir='ltr'><strong>ἐσόμενον</strong></span> <span class='ocrx_word' id='word_1_564' title='bbox 3258 3218 3316 3269; x_wconf 83' lang='grc' dir='ltr'><strong>ἐν</strong></span> <span class='ocrx_word' id='word_1_565' title='bbox 3344 3219 3558 3284; x_wconf 87' lang='grc' dir='ltr'>καιροῖς</span> <span class='ocrx_word' id='word_1_566' title='bbox 3580 3215 3660 3279; x_wconf 82' lang='grc' dir='ltr'><strong>ὡς</strong></span> <span class='ocrx_word' id='word_1_567' title='bbox 3690 3216 3798 3287; x_wconf 73' lang='grc' dir='ltr'><strong>ήδη</strong></span> 
     </span>
    </p>
   </div>
   <div class='ocr_carea' id='block_1_78' title="bbox 2199 3306 3801 3385">
    <p class='ocr_par' dir='ltr' id='par_1_78' title="bbox 2199 3306 3801 3385">
     <span class='ocr_line' id='line_1_78' title="bbox 2199 3306 3801 3385; baseline -0.006 -18"><span class='ocrx_word' id='word_1_568' title='bbox 2199 3313 2570 3385; x_wconf 80' lang='grc' dir='ltr'><strong>γεγενημένον</strong></span> <span class='ocrx_word' id='word_1_569' title='bbox 2600 3313 2628 3364; x_wconf 87' lang='grc' dir='ltr'>ὁ</span> <span class='ocrx_word' id='word_1_570' title='bbox 2661 3314 2760 3382; x_wconf 82' lang='grc' dir='ltr'>τῆς</span> <span class='ocrx_word' id='word_1_571' title='bbox 2789 3308 3127 3381; x_wconf 76' lang='grc' dir='ltr'>προφητείας</span> <span class='ocrx_word' id='word_1_572' title='bbox 3159 3309 3292 3378; x_wconf 78' lang='grc' dir='ltr'><strong>ἡμῖν</strong></span> <span class='ocrx_word' id='word_1_573' title='bbox 3319 3307 3684 3377; x_wconf 81' lang='grc' dir='ltr'>είσκεκόμικε</span> <span class='ocrx_word' id='word_1_574' title='bbox 3707 3306 3801 3359; x_wconf 82' lang='grc' dir='ltr'><strong>λό-</strong></span> 
     </span>
    </p>
   </div>
   <div class='ocr_carea' id='block_1_79' title="bbox 2199 3397 3798 3473">
    <p class='ocr_par' dir='ltr' id='par_1_79' title="bbox 2199 3397 3798 3473">
     <span class='ocr_line' id='line_1_79' title="bbox 2199 3397 3798 3473; baseline -0.006 -16"><span class='ocrx_word' id='word_1_575' title='bbox 2199 3421 2327 3473; x_wconf 88' lang='grc' dir='ltr'>γος;</span> <span class='ocrx_word' id='word_1_576' title='bbox 2382 3402 2590 3456; x_wconf 80' lang='grc' dir='ltr'><strong>Οὐκοῦν</strong></span> <span class='ocrx_word' id='word_1_577' title='bbox 2632 3401 2734 3468; x_wconf 84' lang='grc' dir='ltr'><strong>τὸ,</strong></span> <span class='ocrx_word' id='word_1_578' title='bbox 2793 3417 2811 3451; x_wconf 77' lang='grc' dir='ltr'><strong>ι</strong></span> <span class='ocrx_word' id='word_1_579' title='bbox 2859 3399 3293 3471; x_wconf 77' lang='grc' dir='ltr'>Ἐκπορνεύουσα</span> <span class='ocrx_word' id='word_1_580' title='bbox 3340 3397 3713 3466; x_wconf 84' lang='grc' dir='ltr'><strong>ὲκπορνεύσει</strong></span> <span class='ocrx_word' id='word_1_581' title='bbox 3762 3398 3798 3468; x_wconf 81' lang='grc' dir='ltr'><strong>ἠ</strong></span> 
     </span>
    </p>
   </div>
   <div class='ocr_carea' id='block_1_80' title="bbox 2200 3486 3802 3563">
    <p class='ocr_par' dir='ltr' id='par_1_80' title="bbox 2200 3486 3802 3563">
     <span class='ocr_line' id='line_1_80' title="bbox 2200 3486 3802 3563; baseline -0.004 -16"><span class='ocrx_word' id='word_1_582' title='bbox 2200 3494 2294 3563; x_wconf 82' lang='grc' dir='ltr'><strong>γῆ,</strong></span> <span class='ocrx_word' id='word_1_583' title='bbox 2331 3512 2348 3546; x_wconf 85' lang='grc' dir='ltr'><strong>ι</strong></span> <span class='ocrx_word' id='word_1_584' title='bbox 2381 3492 2500 3546; x_wconf 79' lang='grc' dir='ltr'><strong>ἀντὶ</strong></span> <span class='ocrx_word' id='word_1_585' title='bbox 2528 3490 2644 3556; x_wconf 82' lang='grc' dir='ltr'>τοῦ,</span> <span class='ocrx_word' id='word_1_586' title='bbox 2677 3490 3054 3562; x_wconf 83' lang='grc' dir='ltr'>Ιιεπόρνευκεν</span> <span class='ocrx_word' id='word_1_587' title='bbox 3095 3492 3128 3558; x_wconf 80' lang='grc' dir='ltr'>ἡ</span> <span class='ocrx_word' id='word_1_588' title='bbox 3175 3489 3269 3558; x_wconf 84' lang='grc' dir='ltr'><strong>γῆ,</strong></span> <span class='ocrx_word' id='word_1_589' title='bbox 3291 3486 3536 3557; x_wconf 84' lang='grc' dir='ltr'>νοητέον.</span> <span class='ocrx_word' id='word_1_590' title='bbox 3571 3489 3802 3558; x_wconf 77' lang='grc' dir='ltr'><strong>Πεπάρ-</strong></span> 
     </span>
    </p>
   </div>
   <div class='ocr_carea' id='block_1_81' title="bbox 2199 3578 3794 3655">
    <p class='ocr_par' dir='ltr' id='par_1_81' title="bbox 2199 3578 3794 3655">
     <span class='ocr_line' id='line_1_81' title="bbox 2199 3578 3794 3655; baseline -0.006 -14"><span class='ocrx_word' id='word_1_591' title='bbox 2199 3603 2358 3641; x_wconf 88' lang='grc' dir='ltr'>νευκε</span> <span class='ocrx_word' id='word_1_592' title='bbox 2386 3585 2444 3639; x_wconf 85' lang='grc' dir='ltr'><strong>δὲ</strong></span> <span class='ocrx_word' id='word_1_593' title='bbox 2475 3585 2596 3638; x_wconf 89' lang='grc' dir='ltr'>τίνα</span> <span class='ocrx_word' id='word_1_594' title='bbox 2623 3584 2860 3655; x_wconf 86' lang='grc' dir='ltr'>τρόπον;</span> <span class='ocrx_word' id='word_1_595' title='bbox 2899 3601 2918 3633; x_wconf 87' lang='grc'><em>‹</em></span> <span class='ocrx_word' id='word_1_596' title='bbox 2941 3581 3073 3634; x_wconf 78' lang='grc' dir='ltr'><strong>Ἀπὸ</strong></span> <span class='ocrx_word' id='word_1_597' title='bbox 3095 3581 3319 3634; x_wconf 73' lang='grc' dir='ltr'><strong>ὄπισθεν</strong></span> <span class='ocrx_word' id='word_1_598' title='bbox 3344 3578 3439 3631; x_wconf 77' lang='grc' dir='ltr'>τοῦ</span> <span class='ocrx_word' id='word_1_599' title='bbox 3475 3580 3726 3652; x_wconf 85' lang='grc' dir='ltr'>Κυρίου,</span> <span class='ocrx_word' id='word_1_600' title='bbox 3774 3598 3794 3631; x_wconf 79' lang='grc' dir='ltr'><strong>ι</strong></span> 
     </span>
    </p>
   </div>
   <div class='ocr_carea' id='block_1_82' title="bbox 2196 3671 3802 3747">
    <p class='ocr_par' dir='ltr' id='par_1_82' title="bbox 2196 3671 3802 3747">
     <span class='ocr_line' id='line_1_82' title="bbox 2196 3671 3802 3747; baseline -0.002 -16"><span class='ocrx_word' id='word_1_601' title='bbox 2196 3677 2470 3743; x_wconf 79' lang='grc' dir='ltr'>τουτέστι,</span> <span class='ocrx_word' id='word_1_602' title='bbox 2500 3675 2598 3747; x_wconf 80' lang='grc' dir='ltr'><strong>τὴν</strong></span> <span class='ocrx_word' id='word_1_603' title='bbox 2627 3674 2988 3744; x_wconf 81' lang='grc' dir='ltr'><strong>ἀκολούθησιν</strong></span> <span class='ocrx_word' id='word_1_604' title='bbox 3017 3673 3351 3743; x_wconf 79' lang='grc' dir='ltr'><strong>ἀθετήσασα,</strong></span> <span class='ocrx_word' id='word_1_605' title='bbox 3375 3671 3441 3742; x_wconf 79' lang='grc' dir='ltr'><strong>ἢν</strong></span> <span class='ocrx_word' id='word_1_606' title='bbox 3471 3673 3543 3726; x_wconf 87' lang='grc' dir='ltr'><strong>ἂν</strong></span> <span class='ocrx_word' id='word_1_607' title='bbox 3580 3673 3802 3728; x_wconf 84' lang='grc' dir='ltr'>ποιοίτό</span> 
     </span>
    </p>
   </div>
   <div class='ocr_carea' id='block_1_83' title="bbox 2195 3763 3800 3836">
    <p class='ocr_par' dir='ltr' id='par_1_83' title="bbox 2195 3763 3800 3836">
     <span class='ocr_line' id='line_1_83' title="bbox 2195 3763 3800 3836; baseline -0.002 -14"><span class='ocrx_word' id='word_1_608' title='bbox 2195 3786 2299 3832; x_wconf 88' lang='grc' dir='ltr'>τις,</span> <span class='ocrx_word' id='word_1_609' title='bbox 2338 3767 2414 3830; x_wconf 85' lang='grc' dir='ltr'><strong>ὡς</strong></span> <span class='ocrx_word' id='word_1_610' title='bbox 2440 3767 2572 3836; x_wconf 81' lang='grc' dir='ltr'>πρὸς</span> <span class='ocrx_word' id='word_1_611' title='bbox 2604 3765 2757 3818; x_wconf 77' lang='grc' dir='ltr'>Θεὸν.</span> <span class='ocrx_word' id='word_1_612' title='bbox 2789 3766 3105 3835; x_wconf 81' lang='grc' dir='ltr'>Γέγραπται</span> <span class='ocrx_word' id='word_1_613' title='bbox 3137 3763 3266 3832; x_wconf 74' lang='grc' dir='ltr'>γὰρ,</span> <span class='ocrx_word' id='word_1_614' title='bbox 3291 3764 3372 3816; x_wconf 84' lang='grc' dir='ltr'><strong>ὅτι</strong></span> <span class='ocrx_word' id='word_1_615' title='bbox 3412 3782 3429 3812; x_wconf 84' lang='grc'><strong>‹</strong></span> <span class='ocrx_word' id='word_1_616' title='bbox 3454 3763 3676 3818; x_wconf 84' lang='grc' dir='ltr'>Ὀπίσω</span> <span class='ocrx_word' id='word_1_617' title='bbox 3700 3766 3800 3820; x_wconf 81' lang='grc' dir='ltr'>τοῦ</span> 
     </span>
    </p>
   </div>
   <div class='ocr_carea' id='block_1_84' title="bbox 2197 3854 3799 3932">
    <p class='ocr_par' dir='ltr' id='par_1_84' title="bbox 2197 3854 3799 3932">
     <span class='ocr_line' id='line_1_84' title="bbox 2197 3854 3799 3932; baseline -0.003 -17"><span class='ocrx_word' id='word_1_618' title='bbox 2197 3863 2407 3932; x_wconf 80' lang='grc' dir='ltr'>Κυρίου</span> <span class='ocrx_word' id='word_1_619' title='bbox 2457 3857 2722 3930; x_wconf 79' lang='grc' dir='ltr'>πορεύσῃ,</span> <span class='ocrx_word' id='word_1_620' title='bbox 2757 3876 2775 3908; x_wconf 83' lang='grc' dir='ltr'><strong>ι</strong></span> <span class='ocrx_word' id='word_1_621' title='bbox 2815 3856 3114 3918; x_wconf 84' lang='grc' dir='ltr'>τουτέστιν,</span> <span class='ocrx_word' id='word_1_622' title='bbox 3147 3854 3538 3923; x_wconf 80' lang='grc' dir='ltr'>ἀκολουοήσεις</span> <span class='ocrx_word' id='word_1_623' title='bbox 3571 3857 3799 3925; x_wconf 87' lang='grc' dir='ltr'><strong>ἀμετα-</strong></span> 
     </span>
    </p>
   </div>
   <div class='ocr_carea' id='block_1_85' title="bbox 2196 3945 3801 4024">
    <p class='ocr_par' dir='ltr' id='par_1_85' title="bbox 2196 3945 3801 4024">
     <span class='ocr_line' id='line_1_85' title="bbox 2196 3945 3801 4024; baseline -0.003 -18"><span class='ocrx_word' id='word_1_624' title='bbox 2196 3952 2392 4024; x_wconf 73' lang='grc' dir='ltr'>τρεπτὶ</span> <span class='ocrx_word' id='word_1_625' title='bbox 2419 3954 2532 4014; x_wconf 81' lang='grc' dir='ltr'>τοῖς</span> <span class='ocrx_word' id='word_1_626' title='bbox 2563 3947 2768 4004; x_wconf 76' lang='grc' dir='ltr'><strong>ἄνωθεν</strong></span> <span class='ocrx_word' id='word_1_627' title='bbox 2801 3947 2951 4018; x_wconf 81' lang='grc' dir='ltr'>παρὰ</span> <span class='ocrx_word' id='word_1_628' title='bbox 2999 3945 3134 3999; x_wconf 76' lang='grc' dir='ltr'><strong>Θεοῦ</strong></span> <span class='ocrx_word' id='word_1_629' title='bbox 3167 3945 3374 4015; x_wconf 86' lang='grc' dir='ltr'><strong>νόμοις.</strong></span> <span class='ocrx_word' id='word_1_630' title='bbox 3424 3946 3801 4018; x_wconf 85' lang='grc' dir='ltr'><strong>Πεπόρνευκε</strong></span> 
     </span>
    </p>
   </div>
   <div class='ocr_carea' id='block_1_86' title="bbox 2195 4039 3802 4111">
    <p class='ocr_par' dir='ltr' id='par_1_86' title="bbox 2195 4039 3802 4111">
     <span class='ocr_line' id='line_1_86' title="bbox 2195 4039 3802 4111; baseline -0.002 -13"><span class='ocrx_word' id='word_1_631' title='bbox 2195 4046 2374 4098; x_wconf 86' lang='grc' dir='ltr'>τοίνυν</span> <span class='ocrx_word' id='word_1_632' title='bbox 2420 4045 2527 4097; x_wconf 81' lang='grc' dir='ltr'><strong>ἀπὸ</strong></span> <span class='ocrx_word' id='word_1_633' title='bbox 2561 4041 2784 4095; x_wconf 78' lang='grc' dir='ltr'><strong>ὄπισθεν</strong></span> <span class='ocrx_word' id='word_1_634' title='bbox 2831 4041 2926 4095; x_wconf 82' lang='grc' dir='ltr'>τοῦ</span> <span class='ocrx_word' id='word_1_635' title='bbox 2960 4040 3188 4111; x_wconf 86' lang='grc' dir='ltr'>Κυρίου,</span> <span class='ocrx_word' id='word_1_636' title='bbox 3219 4039 3653 4096; x_wconf 78' lang='grc' dir='ltr'>κατακολουθεῖν</span> <span class='ocrx_word' id='word_1_637' title='bbox 3693 4045 3802 4097; x_wconf 82' lang='grc' dir='ltr'>οὐκ</span> 
     </span>
    </p>
   </div>
   <div class='ocr_carea' id='block_1_87' title="bbox 2197 4132 3802 4206">
    <p class='ocr_par' dir='ltr' id='par_1_87' title="bbox 2197 4132 3802 4206">
     <span class='ocr_line' id='line_1_87' title="bbox 2197 4132 3802 4206; baseline -0.002 -16"><span class='ocrx_word' id='word_1_638' title='bbox 2197 4136 2520 4206; x_wconf 81' lang='grc' dir='ltr'><strong>ἀνεχομένη.</strong></span> <span class='ocrx_word' id='word_1_639' title='bbox 2554 4135 2748 4202; x_wconf 83' lang='grc' dir='ltr'><strong>Γέγονε</strong></span> <span class='ocrx_word' id='word_1_640' title='bbox 2780 4134 2887 4204; x_wconf 86' lang='grc' dir='ltr'><strong>γὰρ</strong></span> <span class='ocrx_word' id='word_1_641' title='bbox 2915 4133 3225 4202; x_wconf 76' lang='grc' dir='ltr'>ἀποστάτης</span> <span class='ocrx_word' id='word_1_642' title='bbox 3261 4134 3356 4184; x_wconf 71' lang='grc' dir='ltr'>καὶ</span> <span class='ocrx_word' id='word_1_643' title='bbox 3398 4132 3660 4203; x_wconf 79' lang='grc' dir='ltr'><strong>βέϐηλος,</strong></span> <span class='ocrx_word' id='word_1_644' title='bbox 3700 4135 3802 4189; x_wconf 81' lang='grc' dir='ltr'>καὶ</span> 
     </span>
    </p>
   </div>
   <div class='ocr_carea' id='block_1_88' title="bbox 2195 4223 3802 4298">
    <p class='ocr_par' dir='ltr' id='par_1_88' title="bbox 2195 4223 3802 4298">
     <span class='ocr_line' id='line_1_88' title="bbox 2195 4223 3802 4298; baseline -0.001 -18"><span class='ocrx_word' id='word_1_645' title='bbox 2195 4231 2315 4290; x_wconf 80' lang='grc' dir='ltr'>ταῖς</span> <span class='ocrx_word' id='word_1_646' title='bbox 2347 4227 2454 4280; x_wconf 85' lang='grc' dir='ltr'><strong>τῶν</strong></span> <span class='ocrx_word' id='word_1_647' title='bbox 2507 4225 2742 4280; x_wconf 82' lang='grc' dir='ltr'><strong>εἰδώλων</strong></span> <span class='ocrx_word' id='word_1_648' title='bbox 2785 4224 3144 4295; x_wconf 82' lang='grc' dir='ltr'>προστεθεῖσα</span> <span class='ocrx_word' id='word_1_649' title='bbox 3191 4223 3494 4293; x_wconf 81' lang='grc' dir='ltr'>λατρείαις,</span> <span class='ocrx_word' id='word_1_650' title='bbox 3550 4227 3802 4298; x_wconf 71' lang='grc' dir='ltr'>προσκέέ</span> 
     </span>
    </p>
   </div>
   <div class='ocr_carea' id='block_1_89' title="bbox 2197 4310 3802 4389">
    <p class='ocr_par' dir='ltr' id='par_1_89' title="bbox 2197 4310 3802 4389">
     <span class='ocr_line' id='line_1_89' title="bbox 2197 4310 3802 4389; baseline 0 -18"><span class='ocrx_word' id='word_1_651' title='bbox 2197 4336 2400 4389; x_wconf 87' lang='grc' dir='ltr'>κρουκε</span> <span class='ocrx_word' id='word_1_652' title='bbox 2428 4317 2506 4388; x_wconf 82' lang='grc' dir='ltr'>τῷ</span> <span class='ocrx_word' id='word_1_653' title='bbox 2535 4317 2808 4386; x_wconf 78' lang='grc' dir='ltr'><strong>Δεσπότῃ.</strong></span> <span class='ocrx_word' id='word_1_654' title='bbox 2846 4315 3063 4383; x_wconf 82' lang='grc' dir='ltr'>Ταύτης</span> <span class='ocrx_word' id='word_1_655' title='bbox 3111 4310 3203 4368; x_wconf 82' lang='grc' dir='ltr'><strong>οὖν</strong></span> <span class='ocrx_word' id='word_1_656' title='bbox 3258 4315 3421 4367; x_wconf 79' lang='grc' dir='ltr'>’ἑνεκα</span> <span class='ocrx_word' id='word_1_657' title='bbox 3463 4316 3570 4386; x_wconf 82' lang='grc' dir='ltr'>τῆς</span> <span class='ocrx_word' id='word_1_658' title='bbox 3607 4317 3802 4381; x_wconf 80' lang='grc' dir='ltr'>αἰτίας</span> 
     </span>
    </p>
   </div>
   <div class='ocr_carea' id='block_1_90' title="bbox 2198 4407 3800 4480">
    <p class='ocr_par' dir='ltr' id='par_1_90' title="bbox 2198 4407 3800 4480">
     <span class='ocr_line' id='line_1_90' title="bbox 2198 4407 3800 4480; baseline -0.002 -16"><span class='ocrx_word' id='word_1_659' title='bbox 2198 4412 2532 4465; x_wconf 83' lang='grc' dir='ltr'>συνάπτεται</span> <span class='ocrx_word' id='word_1_660' title='bbox 2561 4413 2626 4478; x_wconf 84' lang='grc' dir='ltr'><strong>τῇ</strong></span> <span class='ocrx_word' id='word_1_661' title='bbox 2655 4409 2833 4480; x_wconf 81' lang='grc' dir='ltr'><strong>Γόμερ</strong></span> <span class='ocrx_word' id='word_1_662' title='bbox 2857 4410 2885 4461; x_wconf 90' lang='grc' dir='ltr'>ὁ</span> <span class='ocrx_word' id='word_1_663' title='bbox 2918 4409 3206 4478; x_wconf 71' lang='grc' dir='ltr'>προφήτης</span> <span class='ocrx_word' id='word_1_664' title='bbox 3246 4407 3427 4476; x_wconf 78' lang='grc' dir='ltr'><strong>Ὠσηὲ,</strong></span> <span class='ocrx_word' id='word_1_665' title='bbox 3457 4408 3546 4460; x_wconf 82' lang='grc' dir='ltr'><strong>ὃτι</strong></span> <span class='ocrx_word' id='word_1_666' title='bbox 3577 4410 3800 4479; x_wconf 80' lang='grc' dir='ltr'>πεπόρ-</span> 
     </span>
    </p>
   </div>
   <div class='ocr_carea' id='block_1_91' title="bbox 514 4497 3798 4576">
    <p class='ocr_par' dir='ltr' id='par_1_91' title="bbox 514 4497 3798 4576">
     <span class='ocr_line' id='line_1_91' title="bbox 514 4497 3798 4576; baseline 0.001 -22"><span class='ocrx_word' id='word_1_667' title='bbox 514 4511 703 4549; x_wconf 83' lang='grc' dir='ltr'>νευκεν</span> <span class='ocrx_word' id='word_1_668' title='bbox 732 4499 860 4570; x_wconf 84' lang='grc' dir='ltr'><strong>ήγῆ</strong></span> <span class='ocrx_word' id='word_1_669' title='bbox 890 4499 998 4554; x_wconf 83' lang='grc' dir='ltr'><strong>ἀπὸ</strong></span> <span class='ocrx_word' id='word_1_670' title='bbox 1021 4499 1242 4553; x_wconf 79' lang='grc' dir='ltr'><strong>δπισθεν</strong></span> <span class='ocrx_word' id='word_1_671' title='bbox 1267 4497 1362 4553; x_wconf 80' lang='grc' dir='ltr'><strong>τοῦ</strong></span> <span class='ocrx_word' id='word_1_672' title='bbox 1393 4501 1619 4574; x_wconf 81' lang='grc' dir='ltr'>Κυρίου.</span> <span class='ocrx_word' id='word_1_673' title='bbox 1649 4503 1930 4558; x_wconf 84' lang='grc' dir='ltr'>Μυστικοῦ</span> <span class='ocrx_word' id='word_1_674' title='bbox 1988 4504 2118 4575; x_wconf 73' lang='grc' dir='ltr'>γὰρ,</span> <span class='ocrx_word' id='word_1_675' title='bbox 2161 4506 2237 4570; x_wconf 84' lang='grc' dir='ltr'><strong>ὡς</strong></span> <span class='ocrx_word' id='word_1_676' title='bbox 2275 4505 2432 4576; x_wconf 73' lang='grc' dir='ltr'><strong>ἔφην,</strong></span> <span class='ocrx_word' id='word_1_677' title='bbox 2500 4505 2823 4575; x_wconf 82' lang='grc' dir='ltr'>πράγματος</span> <span class='ocrx_word' id='word_1_678' title='bbox 2851 4502 3021 4564; x_wconf 83' lang='grc' dir='ltr'>τύπος</span> <span class='ocrx_word' id='word_1_679' title='bbox 3049 4501 3115 4554; x_wconf 81' lang='grc' dir='ltr'>ἂν</span> <span class='ocrx_word' id='word_1_680' title='bbox 3152 4502 3324 4554; x_wconf 75' lang='grc' dir='ltr'>νοοῖτο</span> <span class='ocrx_word' id='word_1_681' title='bbox 3369 4499 3430 4551; x_wconf 86' lang='grc' dir='ltr'><strong>τὸ</strong></span> <span class='ocrx_word' id='word_1_682' title='bbox 3475 4499 3798 4572; x_wconf 79' lang='grc' dir='ltr'>δρώμενον.</span> 
     </span>
    </p>
   </div>
   <div class='ocr_carea' id='block_1_92' title="bbox 515 4587 1196 4668">
    <p class='ocr_par' dir='ltr' id='par_1_92' title="bbox 515 4587 1196 4668">
     <span class='ocr_line' id='line_1_92' title="bbox 515 4587 1196 4668; baseline 0.01 -24"><span class='ocrx_word' id='word_1_683' title='bbox 515 4587 646 4645; x_wconf 83' lang='grc' dir='ltr'>Εἶτα</span> <span class='ocrx_word' id='word_1_684' title='bbox 681 4595 901 4650; x_wconf 85' lang='grc' dir='ltr'>τέτοκεν</span> <span class='ocrx_word' id='word_1_685' title='bbox 931 4600 966 4668; x_wconf 82' lang='grc' dir='ltr'>ἠ</span> <span class='ocrx_word' id='word_1_686' title='bbox 996 4598 1196 4668; x_wconf 87' lang='grc' dir='ltr'><strong>Γόμερ.</strong></span> 
     </span>
    </p>
   </div>
   <div class='ocr_carea' id='block_1_93' title="bbox 587 4680 2102 4754">
    <p class='ocr_par' dir='ltr' id='par_1_93' title="bbox 587 4683 2092 4754">
     <span class='ocr_line' id='line_1_93' title="bbox 587 4683 2092 4754; baseline 0.007 -19"><span class='ocrx_word' id='word_1_687' title='bbox 587 4683 694 4752; x_wconf 78' lang='lat'><strong>18</strong></span> <span class='ocrx_word' id='word_1_688' title='bbox 717 4685 876 4741; x_wconf 70' lang='lat' dir='ltr'><strong>Vsus.</strong></span> <span class='ocrx_word' id='word_1_689' title='bbox 903 4687 1017 4754; x_wconf 68' lang='lat'><strong>4,5.</strong></span> <span class='ocrx_word' id='word_1_690' title='bbox 1043 4688 1110 4739; x_wconf 79' lang='lat' dir='ltr'><strong>Et</strong></span> <span class='ocrx_word' id='word_1_691' title='bbox 1139 4687 1270 4740; x_wconf 72' lang='lat' dir='ltr'><strong>dixit</strong></span> <span class='ocrx_word' id='word_1_692' title='bbox 1288 4687 1546 4744; x_wconf 78' lang='lat' dir='ltr'><strong>Dominus</strong></span> <span class='ocrx_word' id='word_1_693' title='bbox 1569 4691 1638 4743; x_wconf 87' lang='lat' dir='ltr'><strong>ad</strong></span> <span class='ocrx_word' id='word_1_694' title='bbox 1654 4707 1806 4744; x_wconf 83' lang='lat' dir='ltr'><strong>eum:</strong></span> <span class='ocrx_word' id='word_1_695' title='bbox 1829 4690 1970 4745; x_wconf 85' lang='lat' dir='ltr'><strong>Voca</strong></span> <span class='ocrx_word' id='word_1_696' title='bbox 1995 4709 2092 4746; x_wconf 86' lang='lat' dir='ltr'><strong>no-</strong></span> 
     </span>
    </p>
   </div>
   <div class='ocr_carea' id='block_1_94' title="bbox 2202 4680 3801 4754">
    <p class='ocr_par' dir='ltr' id='par_1_94' title="bbox 2271 4680 3801 4752">
     <span class='ocr_line' id='line_1_94' title="bbox 2271 4680 3801 4752; baseline 0 -11"><span class='ocrx_word' id='word_1_697' title='bbox 2271 4687 2380 4742; x_wconf 70' lang='grc' dir='ltr'>Κειὶ</span> <span class='ocrx_word' id='word_1_698' title='bbox 2442 4683 2573 4740; x_wconf 79' lang='grc' dir='ltr'>εἶπε</span> <span class='ocrx_word' id='word_1_699' title='bbox 2624 4686 2842 4752; x_wconf 72' lang='grc' dir='ltr'>Κύριος</span> <span class='ocrx_word' id='word_1_700' title='bbox 2894 4682 3046 4751; x_wconf 77' lang='grc' dir='ltr'>πρὸς</span> <span class='ocrx_word' id='word_1_701' title='bbox 3103 4682 3325 4736; x_wconf 77' lang='grc' dir='ltr'><strong>αὐτόν·</strong></span> <span class='ocrx_word' id='word_1_702' title='bbox 3364 4680 3666 4738; x_wconf 72' lang='grc' dir='ltr'>Κάλεσον</span> <span class='ocrx_word' id='word_1_703' title='bbox 3729 4689 3801 4741; x_wconf 81' lang='grc' dir='ltr'>τὸ</span> 
     </span>
    </p>
   </div>
   <div class='ocr_carea' id='block_1_95' title="bbox 512 4772 2102 4847">
    <p class='ocr_par' dir='ltr' id='par_1_95' title="bbox 512 4775 2089 4847">
     <span class='ocr_line' id='line_1_95' title="bbox 512 4775 2089 4847; baseline 0.006 -21"><span class='ocrx_word' id='word_1_704' title='bbox 512 4775 752 4844; x_wconf 76' lang='lat' dir='ltr'><strong>meuejus</strong></span> <span class='ocrx_word' id='word_1_705' title='bbox 776 4777 1010 4842; x_wconf 76' lang='lat' dir='ltr'><strong>Jezrael;</strong></span> <span class='ocrx_word' id='word_1_706' title='bbox 1033 4779 1282 4847; x_wconf 81' lang='lat' dir='ltr'><strong>quoniam</strong></span> <span class='ocrx_word' id='word_1_707' title='bbox 1309 4780 1482 4833; x_wconf 82' lang='lat' dir='ltr'><strong>adhuc</strong></span> <span class='ocrx_word' id='word_1_708' title='bbox 1509 4783 1772 4835; x_wconf 81' lang='lat' dir='ltr'><strong>modicum</strong></span> <span class='ocrx_word' id='word_1_709' title='bbox 1787 4794 1833 4836; x_wconf 87' lang='lat' dir='ltr'><strong>et</strong></span> <span class='ocrx_word' id='word_1_710' title='bbox 1865 4783 2089 4837; x_wconf 80' lang='lat' dir='ltr'><strong>ulciscar</strong></span> 
     </span>
    </p>
   </div>
   <div class='ocr_carea' id='block_1_96' title="bbox 2202 4772 3801 4847">
    <p class='ocr_par' dir='ltr' id='par_1_96' title="bbox 2202 4772 3801 4847">
     <span class='ocr_line' id='line_1_96' title="bbox 2202 4772 3801 4847; baseline -0.001 -16"><span class='ocrx_word' id='word_1_711' title='bbox 2202 4779 2382 4847; x_wconf 76' lang='grc' dir='ltr'><strong>ὄνομα</strong></span> <span class='ocrx_word' id='word_1_712' title='bbox 2411 4776 2601 4832; x_wconf 83' lang='grc' dir='ltr'>αὐτοῦ</span> <span class='ocrx_word' id='word_1_713' title='bbox 2642 4774 2915 4843; x_wconf 75' lang='grc' dir='ltr'><strong>Ἰεζραὲλ,</strong></span> <span class='ocrx_word' id='word_1_714' title='bbox 2956 4773 3104 4827; x_wconf 81' lang='grc' dir='ltr'>διότι</span> <span class='ocrx_word' id='word_1_715' title='bbox 3137 4772 3225 4825; x_wconf 79' lang='grc' dir='ltr'><strong>ἔτι</strong></span> <span class='ocrx_word' id='word_1_716' title='bbox 3268 4773 3510 4841; x_wconf 71' lang='grc' dir='ltr'><strong>μικρὸν,</strong></span> <span class='ocrx_word' id='word_1_717' title='bbox 3561 4776 3667 4828; x_wconf 77' lang='grc' dir='ltr'><strong>καὶ</strong></span> <span class='ocrx_word' id='word_1_718' title='bbox 3699 4778 3801 4830; x_wconf 77' lang='grc' dir='ltr'><strong>ἐκ·</strong></span> 
     </span>
    </p>
   </div>
   <div class='ocr_carea' id='block_1_97' title="bbox 511 4855 2102 4944">
    <p class='ocr_par' dir='ltr' id='par_1_97' title="bbox 511 4867 2087 4944">
     <span class='ocr_line' id='line_1_97' title="bbox 511 4867 2087 4944; baseline 0.008 -29"><span class='ocrx_word' id='word_1_719' title='bbox 511 4869 816 4934; x_wconf 80' lang='lat' dir='ltr'><strong>sanguinem</strong></span> <span class='ocrx_word' id='word_1_720' title='bbox 845 4867 1054 4922; x_wconf 80' lang='lat' dir='ltr'><strong>Jezrael</strong></span> <span class='ocrx_word' id='word_1_721' title='bbox 1082 4886 1237 4938; x_wconf 75' lang='lat' dir='ltr'><strong>super</strong></span> <span class='ocrx_word' id='word_1_722' title='bbox 1268 4870 1480 4923; x_wconf 70' lang='lat' dir='ltr'><strong>(tornum</strong></span> <span class='ocrx_word' id='word_1_723' title='bbox 1515 4871 1546 4923; x_wconf 85' lang='lat' dir='ltr'><strong><em>J</em></strong></span> <span class='ocrx_word' id='word_1_724' title='bbox 1557 4873 1684 4936; x_wconf 88' lang='lat' dir='ltr'><strong>uda,</strong></span> <span class='ocrx_word' id='word_1_725' title='bbox 1747 4884 1792 4926; x_wconf 86' lang='lat' dir='ltr'><strong>et</strong></span> <span class='ocrx_word' id='word_1_726' title='bbox 1822 4875 2087 4944; x_wconf 78' lang='lat' dir='ltr'><strong>quiescere</strong></span> 
     </span>
    </p>
   </div>
   <div class='ocr_carea' id='block_1_98' title="bbox 2202 4855 3800 4944">
    <p class='ocr_par' dir='ltr' id='par_1_98' title="bbox 2202 4855 3800 4934">
     <span class='ocr_line' id='line_1_98' title="bbox 2202 4855 3800 4934; baseline -0.004 -12"><span class='ocrx_word' id='word_1_727' title='bbox 2202 4867 2421 4934; x_wconf 74' lang='grc' dir='ltr'><strong>δικήσω</strong></span> <span class='ocrx_word' id='word_1_728' title='bbox 2463 4866 2528 4919; x_wconf 85' lang='grc' dir='ltr'>τὸ</span> <span class='ocrx_word' id='word_1_729' title='bbox 2557 4859 2699 4933; x_wconf 79' lang='grc' dir='ltr'>αἷμα</span> <span class='ocrx_word' id='word_1_730' title='bbox 2726 4864 2832 4916; x_wconf 84' lang='grc' dir='ltr'>τοῦ</span> <span class='ocrx_word' id='word_1_731' title='bbox 2871 4860 3124 4928; x_wconf 76' lang='grc' dir='ltr'><strong>Ἰεζριιὲλ</strong></span> <span class='ocrx_word' id='word_1_732' title='bbox 3147 4859 3246 4912; x_wconf 75' lang='grc' dir='ltr'><strong>ἐπὶ</strong></span> <span class='ocrx_word' id='word_1_733' title='bbox 3285 4858 3392 4911; x_wconf 81' lang='grc' dir='ltr'><strong>τὸν</strong></span> <span class='ocrx_word' id='word_1_734' title='bbox 3422 4855 3608 4913; x_wconf 75' lang='grc' dir='ltr'>οἷκον</span> <span class='ocrx_word' id='word_1_735' title='bbox 3639 4863 3800 4916; x_wconf 79' lang='grc' dir='ltr'><strong>Ἰού-</strong></span> 
     </span>
    </p>
   </div>
   <div class='ocr_carea' id='block_1_99' title="bbox 512 4950 2102 5029">
    <p class='ocr_par' dir='ltr' id='par_1_99' title="bbox 512 4954 2087 5029">
     <span class='ocr_line' id='line_1_99' title="bbox 512 4954 2087 5029; baseline 0.008 -21"><span class='ocrx_word' id='word_1_736' title='bbox 512 4954 702 5022; x_wconf 81' lang='lat' dir='ltr'><strong>faciam</strong></span> <span class='ocrx_word' id='word_1_737' title='bbox 729 4975 942 5029; x_wconf 78' lang='lat' dir='ltr'><strong>reguum</strong></span> <span class='ocrx_word' id='word_1_738' title='bbox 965 4959 1148 5013; x_wconf 80' lang='lat' dir='ltr'><strong>domus</strong></span> <span class='ocrx_word' id='word_1_739' title='bbox 1175 4961 1366 5015; x_wconf 71' lang='lat' dir='ltr'><strong>Israel.</strong></span> <span class='ocrx_word' id='word_1_740' title='bbox 1402 4961 1605 5028; x_wconf 77' lang='lat' dir='ltr'><strong>Eterit,</strong></span> <span class='ocrx_word' id='word_1_741' title='bbox 1635 4965 1688 5019; x_wconf 81' lang='lat' dir='ltr'><strong>in</strong></span> <span class='ocrx_word' id='word_1_742' title='bbox 1720 4967 1804 5020; x_wconf 82' lang='lat' dir='ltr'><strong>die</strong></span> <span class='ocrx_word' id='word_1_743' title='bbox 1838 4966 1930 5021; x_wconf 78' lang='lat' dir='ltr'><strong>illa</strong></span> <span class='ocrx_word' id='word_1_744' title='bbox 1961 4982 2087 5020; x_wconf 83' lang='lat' dir='ltr'><strong>con-</strong></span> 
     </span>
    </p>
   </div>
   <div class='ocr_carea' id='block_1_100' title="bbox 2202 4950 3798 5029">
    <p class='ocr_par' dir='ltr' id='par_1_100' title="bbox 2202 4950 3798 5022">
     <span class='ocr_line' id='line_1_100' title="bbox 2202 4950 3798 5022; baseline -0.006 -10"><span class='ocrx_word' id='word_1_745' title='bbox 2202 4959 2305 5022; x_wconf 73' lang='lat' dir='ltr'><strong>b‘a,</strong></span> <span class='ocrx_word' id='word_1_746' title='bbox 2347 4957 2446 5012; x_wconf 77' lang='grc' dir='ltr'><strong>καὶ</strong></span> <span class='ocrx_word' id='word_1_747' title='bbox 2485 4955 2851 5012; x_wconf 82' lang='grc' dir='ltr'>καταπαύσω</span> <span class='ocrx_word' id='word_1_748' title='bbox 2896 4951 3228 5016; x_wconf 70' lang='grc' dir='ltr'>,βασιλείαν</span> <span class='ocrx_word' id='word_1_749' title='bbox 3263 4950 3436 5002; x_wconf 80' lang='grc' dir='ltr'>οἴκου</span> <span class='ocrx_word' id='word_1_750' title='bbox 3503 4952 3798 5020; x_wconf 71' lang='grc' dir='ltr'><strong>Ἰσραήλ,</strong></span> 
     </span>
    </p>
   </div>
   <div class='ocr_carea' id='block_1_101' title="bbox 512 5041 2102 5115">
    <p class='ocr_par' dir='ltr' id='par_1_101' title="bbox 512 5048 1614 5109">
     <span class='ocr_line' id='line_1_101' title="bbox 512 5048 1614 5109; baseline 0.01 -11"><span class='ocrx_word' id='word_1_751' title='bbox 512 5056 678 5102; x_wconf 83' lang='lat' dir='ltr'><strong>teram</strong></span> <span class='ocrx_word' id='word_1_752' title='bbox 703 5066 888 5103; x_wconf 83' lang='lat' dir='ltr'><strong>arcum</strong></span> <span class='ocrx_word' id='word_1_753' title='bbox 917 5048 1093 5104; x_wconf 79' lang='lat' dir='ltr'><strong>Israel</strong></span> <span class='ocrx_word' id='word_1_754' title='bbox 1123 5052 1178 5105; x_wconf 78' lang='lat' dir='ltr'><strong>in</strong></span> <span class='ocrx_word' id='word_1_755' title='bbox 1220 5052 1353 5106; x_wconf 79' lang='lat' dir='ltr'><strong>valle</strong></span> <span class='ocrx_word' id='word_1_756' title='bbox 1381 5053 1614 5109; x_wconf 80' lang='lat' dir='ltr'><strong>Jezrael.</strong></span> 
     </span>
    </p>
   </div>
   <div class='ocr_carea' id='block_1_102' title="bbox 2202 5041 3798 5115">
    <p class='ocr_par' dir='ltr' id='par_1_102' title="bbox 2202 5041 3798 5115">
     <span class='ocr_line' id='line_1_102' title="bbox 2202 5041 3798 5115; baseline -0.011 -9"><span class='ocrx_word' id='word_1_757' title='bbox 2202 5053 2300 5106; x_wconf 76' lang='lat' dir='ltr'><strong>Kal</strong></span> <span class='ocrx_word' id='word_1_758' title='bbox 2336 5049 2531 5113; x_wconf 75' lang='grc' dir='ltr'>ἔσται,</span> <span class='ocrx_word' id='word_1_759' title='bbox 2555 5048 2624 5101; x_wconf 80' lang='grc' dir='ltr'><strong>ἐν</strong></span> <span class='ocrx_word' id='word_1_760' title='bbox 2661 5045 2735 5115; x_wconf 75' lang='grc' dir='ltr'>τῇ</span> <span class='ocrx_word' id='word_1_761' title='bbox 2769 5045 2960 5115; x_wconf 77' lang='grc' dir='ltr'><strong>ἡμέρᾳ</strong></span> <span class='ocrx_word' id='word_1_762' title='bbox 3000 5044 3201 5109; x_wconf 74' lang='grc' dir='ltr'>ἐκείνῃ</span> <span class='ocrx_word' id='word_1_763' title='bbox 3235 5041 3563 5108; x_wconf 72' lang='grc' dir='ltr'><strong>συντρίψω</strong></span> <span class='ocrx_word' id='word_1_764' title='bbox 3596 5045 3668 5098; x_wconf 82' lang='grc' dir='ltr'>τὸ</span> <span class='ocrx_word' id='word_1_765' title='bbox 3695 5048 3798 5099; x_wconf 83' lang='grc' dir='ltr'><strong>τό-</strong></span> 
     </span>
    </p>
   </div>
   <div class='ocr_carea' id='block_1_103' title="bbox 2188 5130 3532 5207">
    <p class='ocr_par' dir='ltr' id='par_1_103' title="bbox 2188 5130 3532 5207">
     <span class='ocr_line' id='line_1_103' title="bbox 2188 5130 3532 5207; baseline -0.01 -10"><span class='ocrx_word' id='word_1_766' title='bbox 2188 5143 2300 5207; x_wconf 75' lang='grc' dir='ltr'><strong>εον·</strong></span> <span class='ocrx_word' id='word_1_767' title='bbox 2322 5141 2429 5195; x_wconf 84' lang='grc' dir='ltr'>τοῦ</span> <span class='ocrx_word' id='word_1_768' title='bbox 2461 5138 2711 5206; x_wconf 76' lang='grc' dir='ltr'><strong>Ἰσραὴλ</strong></span> <span class='ocrx_word' id='word_1_769' title='bbox 2736 5137 2806 5190; x_wconf 76' lang='grc' dir='ltr'><strong>ἐν</strong></span> <span class='ocrx_word' id='word_1_770' title='bbox 2837 5134 3071 5189; x_wconf 69' lang='grc' dir='ltr'><strong>κοιλάδι</strong></span> <span class='ocrx_word' id='word_1_771' title='bbox 3100 5132 3209 5186; x_wconf 80' lang='grc' dir='ltr'>τοῦ</span> <span class='ocrx_word' id='word_1_772' title='bbox 3246 5130 3532 5199; x_wconf 59' lang='grc' dir='ltr'><strong>Ἰεζραέλ.</strong></span> 
     </span>
    </p>
   </div>
   <div class='ocr_carea' id='block_1_104' title="bbox 579 5220 2102 5300">
    <p class='ocr_par' dir='ltr' id='par_1_104' title="bbox 579 5220 2081 5296">
     <span class='ocr_line' id='line_1_104' title="bbox 579 5220 2081 5296; baseline 0.012 -23"><span class='ocrx_word' id='word_1_773' title='bbox 579 5220 669 5277; x_wconf 80' lang='lat' dir='ltr'><strong>IV.</strong></span> <span class='ocrx_word' id='word_1_774' title='bbox 708 5220 808 5276; x_wconf 84' lang='lat' dir='ltr'><strong>Hic</strong></span> <span class='ocrx_word' id='word_1_775' title='bbox 851 5235 1033 5277; x_wconf 88' lang='lat' dir='ltr'><strong>sermo</strong></span> <span class='ocrx_word' id='word_1_776' title='bbox 1079 5225 1348 5296; x_wconf 87' lang='lat' dir='ltr'><strong>duplicem</strong></span> <span class='ocrx_word' id='word_1_777' title='bbox 1394 5231 1551 5287; x_wconf 84' lang='lat' dir='ltr'><strong>nobis</strong></span> <span class='ocrx_word' id='word_1_778' title='bbox 1586 5235 2081 5293; x_wconf 87' lang='lat' dir='ltr'><strong>considerationem</strong></span> 
     </span>
    </p>
   </div>
   <div class='ocr_carea' id='block_1_105' title="bbox 2202 5220 3800 5300">
    <p class='ocr_par' dir='ltr' id='par_1_105' title="bbox 2257 5223 3800 5300">
     <span class='ocr_line' id='line_1_105' title="bbox 2257 5223 3800 5300; baseline -0.007 -14"><span class='ocrx_word' id='word_1_779' title='bbox 2257 5237 2329 5286; x_wconf 83' lang='lat' dir='ltr'><strong>A&#39;.</strong></span> <span class='ocrx_word' id='word_1_780' title='bbox 2349 5233 2438 5286; x_wconf 84' lang='grc' dir='ltr'><strong>Ἐν</strong></span> <span class='ocrx_word' id='word_1_781' title='bbox 2471 5230 2682 5293; x_wconf 83' lang='grc' dir='ltr'>τούτοις</span> <span class='ocrx_word' id='word_1_782' title='bbox 2707 5231 2840 5300; x_wconf 81' lang='grc' dir='ltr'><strong>ἡμῖν</strong></span> <span class='ocrx_word' id='word_1_783' title='bbox 2867 5231 2895 5280; x_wconf 85' lang='grc' dir='ltr'><strong>ὁ</strong></span> <span class='ocrx_word' id='word_1_784' title='bbox 2913 5226 3071 5294; x_wconf 83' lang='grc' dir='ltr'>λόγος</span> <span class='ocrx_word' id='word_1_785' title='bbox 3089 5223 3272 5294; x_wconf 82' lang='grc' dir='ltr'>διττὴν</span> <span class='ocrx_word' id='word_1_786' title='bbox 3309 5223 3494 5276; x_wconf 85' lang='grc' dir='ltr'>ὼδίνει</span> <span class='ocrx_word' id='word_1_787' title='bbox 3529 5225 3636 5297; x_wconf 79' lang='grc' dir='ltr'><strong>τὴν</strong></span> <span class='ocrx_word' id='word_1_788' title='bbox 3661 5227 3800 5282; x_wconf 83' lang='grc' dir='ltr'><strong>Θεω-</strong></span> 
     </span>
    </p>
   </div>
   <div class='ocr_carea' id='block_1_106' title="bbox 509 5313 2102 5403">
    <p class='ocr_par' dir='ltr' id='par_1_106' title="bbox 509 5313 2081 5398">
     <span class='ocr_line' id='line_1_106' title="bbox 509 5313 2081 5398; baseline 0.011 -32"><span class='ocrx_word' id='word_1_789' title='bbox 509 5313 669 5378; x_wconf 88' lang='lat' dir='ltr'><strong>parit.</strong></span> <span class='ocrx_word' id='word_1_790' title='bbox 709 5313 790 5367; x_wconf 90' lang='lat' dir='ltr'><strong>Ab</strong></span> <span class='ocrx_word' id='word_1_791' title='bbox 823 5315 942 5370; x_wconf 85' lang='lat' dir='ltr'><strong>aliis</strong></span> <span class='ocrx_word' id='word_1_792' title='bbox 967 5317 1111 5372; x_wconf 91' lang='lat' dir='ltr'><strong>enim</strong></span> <span class='ocrx_word' id='word_1_793' title='bbox 1139 5319 1242 5374; x_wconf 86' lang='lat' dir='ltr'><strong>alia</strong></span> <span class='ocrx_word' id='word_1_794' title='bbox 1289 5325 1558 5396; x_wconf 85' lang='lat' dir='ltr'><strong>scriptura</strong></span> <span class='ocrx_word' id='word_1_795' title='bbox 1605 5326 1830 5382; x_wconf 73' lang='lat' dir='ltr'><strong>affertur</strong></span> <span class='ocrx_word' id='word_1_796' title='bbox 1852 5367 1866 5392; x_wconf 94' lang='lat'><strong>,</strong></span> <span class='ocrx_word' id='word_1_797' title='bbox 1923 5329 2081 5398; x_wconf 87' lang='lat' dir='ltr'><strong>cujus</strong></span> 
     </span>
    </p>
   </div>
   <div class='ocr_carea' id='block_1_107' title="bbox 2202 5313 3802 5403">
    <p class='ocr_par' dir='ltr' id='par_1_107' title="bbox 2202 5313 3802 5403">
     <span class='ocr_line' id='line_1_107' title="bbox 2202 5313 3802 5403; baseline -0.005 -25"><span class='ocrx_word' id='word_1_798' title='bbox 2202 5325 2330 5382; x_wconf 71' lang='lat' dir='ltr'><strong>alav.</strong></span> <span class='ocrx_word' id='word_1_799' title='bbox 2361 5323 2590 5395; x_wconf 79' lang='grc' dir='ltr'><strong>Φέρεται</strong></span> <span class='ocrx_word' id='word_1_800' title='bbox 2617 5321 2675 5374; x_wconf 84' lang='grc' dir='ltr'>δὲ</span> <span class='ocrx_word' id='word_1_801' title='bbox 2710 5320 2805 5374; x_wconf 71' lang='grc' dir='ltr'>καὶ</span> <span class='ocrx_word' id='word_1_802' title='bbox 2849 5319 3013 5388; x_wconf 77' lang='grc' dir='ltr'>ἑτέρα</span> <span class='ocrx_word' id='word_1_803' title='bbox 3046 5315 3233 5386; x_wconf 83' lang='grc' dir='ltr'>γραφὴ</span> <span class='ocrx_word' id='word_1_804' title='bbox 3281 5313 3436 5386; x_wconf 85' lang='grc' dir='ltr'>παρά</span> <span class='ocrx_word' id='word_1_805' title='bbox 3477 5333 3632 5369; x_wconf 88' lang='grc' dir='ltr'><strong>τισιν</strong></span> <span class='ocrx_word' id='word_1_806' title='bbox 3655 5357 3670 5378; x_wconf 85' lang='grc'><strong>,</strong></span> <span class='ocrx_word' id='word_1_807' title='bbox 3715 5317 3802 5403; x_wconf 57' lang='grc' dir='ltr'>ὡς</span> 
     </span>
    </p>
   </div>
   <div class='ocr_carea' id='block_1_108' title="bbox 505 5404 2102 5487">
    <p class='ocr_par' dir='ltr' id='par_1_108' title="bbox 505 5409 2079 5487">
     <span class='ocr_line' id='line_1_108' title="bbox 505 5409 2079 5487; baseline 0.01 -32"><span class='ocrx_word' id='word_1_808' title='bbox 505 5413 652 5457; x_wconf 83' lang='lat' dir='ltr'><strong>nunc</strong></span> <span class='ocrx_word' id='word_1_809' title='bbox 679 5416 904 5459; x_wconf 80' lang='lat' dir='ltr'><strong>necesse</strong></span> <span class='ocrx_word' id='word_1_810' title='bbox 933 5413 1021 5461; x_wconf 84' lang='lat' dir='ltr'><strong>est</strong></span> <span class='ocrx_word' id='word_1_811' title='bbox 1054 5409 1367 5468; x_wconf 89' lang='lat' dir='ltr'><strong>meminisse</strong></span> <span class='ocrx_word' id='word_1_812' title='bbox 1387 5453 1405 5481; x_wconf 95' lang='lat'><strong>,</strong></span> <span class='ocrx_word' id='word_1_813' title='bbox 1458 5429 1566 5485; x_wconf 84' lang='lat' dir='ltr'><strong>quo</strong></span> <span class='ocrx_word' id='word_1_814' title='bbox 1593 5417 1911 5472; x_wconf 90' lang='lat' dir='ltr'><strong>accuratius</strong></span> <span class='ocrx_word' id='word_1_815' title='bbox 1945 5431 2079 5487; x_wconf 66' lang='grc' dir='ltr'><strong>θεας</strong></span> 
     </span>
    </p>
   </div>
   <div class='ocr_carea' id='block_1_109' title="bbox 2202 5404 3802 5487">
    <p class='ocr_par' dir='ltr' id='par_1_109' title="bbox 2202 5404 3802 5487">
     <span class='ocr_line' id='line_1_109' title="bbox 2202 5404 3802 5487; baseline -0.007 -17"><span class='ocrx_word' id='word_1_816' title='bbox 2202 5417 2484 5487; x_wconf 71' lang='grc' dir='ltr'><strong>ἱναγκαῖον</strong></span> <span class='ocrx_word' id='word_1_817' title='bbox 2546 5409 2951 5484; x_wconf 74' lang='grc' dir='ltr'><strong>ἐπιμνησθῆναι</strong></span> <span class='ocrx_word' id='word_1_818' title='bbox 3010 5407 3106 5460; x_wconf 81' lang='grc' dir='ltr'><strong>νῦν</strong></span> <span class='ocrx_word' id='word_1_819' title='bbox 3163 5405 3253 5459; x_wconf 84' lang='grc' dir='ltr'><strong>διά</strong></span> <span class='ocrx_word' id='word_1_820' title='bbox 3303 5422 3367 5475; x_wconf 90' lang='grc' dir='ltr'>γε</span> <span class='ocrx_word' id='word_1_821' title='bbox 3407 5404 3475 5457; x_wconf 81' lang='grc' dir='ltr'>τὸ</span> <span class='ocrx_word' id='word_1_822' title='bbox 3524 5405 3802 5477; x_wconf 74' lang='grc' dir='ltr'>ἀκριϐές.ι</span> 
     </span>
    </p>
   </div>
   <div class='ocr_carea' id='block_1_110' title="bbox 2484 5577 3794 5652">
    <p class='ocr_par' dir='ltr' id='par_1_110' title="bbox 2484 5577 3794 5652">
     <span class='ocr_line' id='line_1_110' title="bbox 2484 5577 3794 5652; baseline -0.008 -11"><span class='ocrx_word' id='word_1_823' title='bbox 2484 5587 2528 5618; x_wconf 80' lang='grc'><strong>⁸⁸</strong></span> <span class='ocrx_word' id='word_1_824' title='bbox 2567 5586 2671 5641; x_wconf 73' lang='grc' dir='ltr'>ιςιι.</span> <span class='ocrx_word' id='word_1_825' title='bbox 2701 5602 2754 5652; x_wconf 77' lang='grc' dir='ltr'>ι,</span> <span class='ocrx_word' id='word_1_826' title='bbox 2789 5583 2842 5638; x_wconf 82' lang='lat'><strong>6.</strong></span> <span class='ocrx_word' id='word_1_827' title='bbox 2920 5584 2966 5615; x_wconf 69' lang='grc'><strong>⁵³</strong></span> <span class='ocrx_word' id='word_1_828' title='bbox 3000 5583 3103 5637; x_wconf 84' lang='lat' dir='ltr'><strong>lsa.</strong></span> <span class='ocrx_word' id='word_1_829' title='bbox 3138 5597 3254 5646; x_wconf 81' lang='lat' dir='ltr'><strong>Llll,</strong></span> <span class='ocrx_word' id='word_1_830' title='bbox 3287 5579 3337 5646; x_wconf 83' lang='lat'><strong>7,</strong></span> <span class='ocrx_word' id='word_1_831' title='bbox 3371 5577 3424 5633; x_wconf 73' lang='lat'><strong>8.</strong></span> <span class='ocrx_word' id='word_1_832' title='bbox 3555 5581 3606 5615; x_wconf 68' lang='grc' dir='ltr'><strong>σο</strong></span> <span class='ocrx_word' id='word_1_833' title='bbox 3649 5583 3794 5645; x_wconf 56' lang='lat' dir='ltr'><strong>meo</strong></span> 
     </span>
    </p>
   </div>
   <div class='ocr_carea' id='block_1_111' title="bbox 575 5574 1154 5650">
    <p class='ocr_par' dir='ltr' id='par_1_111' title="bbox 575 5574 1154 5650">
     <span class='ocr_line' id='line_1_111' title="bbox 575 5574 1154 5650; baseline 0.009 -23"><span class='ocrx_word' id='word_1_834' title='bbox 575 5577 632 5650; x_wconf 77' lang='lat'><strong>&quot;_</strong></span> <span class='ocrx_word' id='word_1_835' title='bbox 653 5574 891 5650; x_wconf 63' lang='lat' dir='ltr'><strong>Philipp.</strong></span> <span class='ocrx_word' id='word_1_836' title='bbox 934 5598 994 5650; x_wconf 83' lang='grc' dir='ltr'><strong>ιι,</strong></span> <span class='ocrx_word' id='word_1_837' title='bbox 1035 5583 1154 5641; x_wconf 79' lang='grc'><strong>6-8,</strong></span> 
     </span>
    </p>
   </div>
   <div class='ocr_carea' id='block_1_112' title="bbox 503 5586 2102 5712">
    <p class='ocr_par' dir='ltr' id='par_1_112' title="bbox 503 5586 2102 5700">
     <span class='ocr_line' id='line_1_112' title="bbox 503 5586 2102 5700; baseline 0.003 -64"><span class='ocrx_word' id='word_1_838' title='bbox 503 5586 891 5700; x_wconf 44' lang='grc' dir='ltr'><strong>ι¹⁸⁴ὶό¹ιιιιιριλ</strong></span> <span class='ocrx_word' id='word_1_839' title='bbox 934 5598 994 5650; x_wconf 89' lang='grc' dir='ltr'><strong>ιι,</strong></span> <span class='ocrx_word' id='word_1_840' title='bbox 1035 5586 1154 5641; x_wconf 82' lang='lat'><strong>6—8.</strong></span> <span class='ocrx_word' id='word_1_841' title='bbox 1262 5588 1307 5620; x_wconf 83' lang='grc'><strong>⁸⁸</strong></span> <span class='ocrx_word' id='word_1_842' title='bbox 1342 5586 1506 5644; x_wconf 83' lang='lat' dir='ltr'><strong>Hebr.</strong></span> <span class='ocrx_word' id='word_1_843' title='bbox 1533 5605 1628 5657; x_wconf 79' lang='lat' dir='ltr'><strong>xu,</strong></span> <span class='ocrx_word' id='word_1_844' title='bbox 1666 5591 1724 5646; x_wconf 75' lang='grc'><strong>2.</strong></span> <span class='ocrx_word' id='word_1_845' title='bbox 1812 5591 1857 5622; x_wconf 75' lang='grc'><strong>⁸⁷</strong></span> <span class='ocrx_word' id='word_1_846' title='bbox 1883 5589 1946 5644; x_wconf 90' lang='lat' dir='ltr'><strong>lll</strong></span> <span class='ocrx_word' id='word_1_847' title='bbox 1984 5589 2102 5660; x_wconf 28' lang='lat' dir='ltr'><strong>Reg,</strong></span> 
     </span>
    </p>
   </div>
   <div class='ocr_carea' id='block_1_113' title="bbox 2202 5586 2373 5712">
    <p class='ocr_par' dir='ltr' id='par_1_113' title="bbox 2202 5588 2373 5658">
     <span class='ocr_line' id='line_1_113' title="bbox 2202 5588 2373 5658; baseline -0.006 -15"><span class='ocrx_word' id='word_1_848' title='bbox 2202 5605 2254 5658; x_wconf 87' lang='grc' dir='ltr'><strong>ιι,</strong></span> <span class='ocrx_word' id='word_1_849' title='bbox 2285 5588 2373 5642; x_wconf 73' lang='grc'><strong>29.</strong></span> 
     </span>
    </p>
   </div>
  </div>
