4094 6456
342 293 407 349 37
1262 281 1823 341 COMMENTARIUS
1857 282 1926 340 IN
1965 281 2198 341 OSEAM
2239 281 2686 340 PROPIIETAM.
3545 290 3620 347 38

354 404 587 474 Ὀνίνησι
613 402 723 475 γὰρ
760 401 825 456 οὐ
878 399 1139 474 μετρίως,
1170 398 1236 453 τὸ
1269 401 1473 472 ἀμφοῖν
1501 402 1653 473 ἡμᾶς
1689 402 1927 474 ἐπιμνη-

2030 414 2174 458 mus.
2200 400 2490 472 Capiemus
2519 400 2663 457 enim
2691 415 2942 471 magnam
2976 400 3288 467 utilitatem,
3322 404 3365 458 si
3402 413 3616 459 utram-

344 497 536 567 σθῆναι
577 496 693 551 τοῖν
733 494 942 565 λόγοιν.
983 492 1051 548 Ἦ
1080 493 1180 564 μὲν
1207 489 1301 548 οὖν
1334 494 1456 549 καθ’
1500 495 1652 566 ἡμᾶς
1695 495 1925 560 ἐκδοσις,

340 591 634 655 τουτέστιν,
654 587 816 661 ἡτῶν
833 584 1259 657 Ἐϐδομήκοντα,
1286 604 1304 636 t
1324 585 1435 639 Kal.
1449 586 1744 658 ἐκδικήσω,
1771 587 1927 658 φησὶ,

340 682 397 735 τὸ
428 676 566 753 αἷμα
612 678 709 734 τοῦ
750 677 1026 750 Ἰεζραέλ,
1075 676 1171 731 ἐπὶ
1198 676 1291 731 τὸν
1319 671 1468 732 οἶκον
1505 676 1695 731 Ἰούδα.
1718 696 1737 728 ι
1779 677 1842 730 'II
1870 677 1927 730 δέ

340 775 501 846 ἑτέρα
543 773 718 845 φησί·
765 791 785 824 ι
820 773 933 827 Καὶ
970 770 1245 841 ἐκδικήσω
1281 770 1343 824 τὸ
1394 765 1535 841 αἷμα
1562 769 1656 824 τοῦ
1693 770 1930 841 Ἰεζραέλ

338 865 430 919 ἐπὶ
486 864 577 917 τὸν
637 860 791 917 οἶκον
844 860 1029 932 ’Ῑηοῦο
1080 878 1099 912 ι
1174 859 1269 915 καὶ
1325 860 1377 913 εί
1439 861 1539 929 μὲν
1594 858 1738 914 οὕτω
1787 864 1929 913 νοεῖν

336 955 540 1010 ἐλοιντό
566 972 731 1018 τινες,
778 952 1208 1025 ίστορικωτέραν
1257 952 1471 1023 ἀνάγκη
1515 952 1791 1005 ποιεῖσθαι
1829 950 1929 1023 τὴν

337 1050 637 1118 ἀφήγησιν.
677 1046 833 1117 Ἔχει
868 1045 926 1099 δὲ
972 1043 1179 1108 οὓτως·
1214 1043 1411 1113 Γέγονε
1460 1044 1559 1114 μὲν
1598 1043 1800 1114 Ἀχαάϐ
1830 1044 1927 1113 βαι-ν

336 1140 518 1203 σιλεὺς
546 1141 604 1192 ἐν
640 1138 883 1210 Ἰσραὴλ,
908 1139 937 1190 ὁ
963 1136 1061 1192 καὶ
1096 1136 1345 1190 σύνοικον
1372 1135 1511 1207 ἔχων
1534 1136 1633 1209 τὴν
1664 1136 1923 1201 Ἰεζάϐελ.

346 1230 564 1301 Ἐπειδὴ
599 1230 655 1283 δὲ
678 1230 865 1301 ἐζήτει
904 1230 996 1283 τὸν
1025 1228 1329 1300 ἀμπελῶνα
1352 1229 1448 1282 τοῦ
1473 1229 1780 1295 Ναϐουθαὶ,
1814 1233 1842 1284 ὁ
1869 1231 1927 1285 δὲ

333 1322 469 1393 πρὸς
498 1321 671 1383 ⁴τοῦτο
704 1323 945 1392 ἀπήντα,
980 1323 1177 1391 λέγων’
1212 1339 1231 1374 t
1268 1324 1358 1393 Μή
1387 1340 1479 1393 μοι
1500 1322 1711 1392 γένοιτο
1743 1323 1925 1377 δοῦναι

334 1414 637 1485 ἀμπελῶνα
667 1415 880 1486 πατρός
916 1432 1019 1485 μου
1049 1414 1156 1468 σοι’
1202 1434 1222 1468 ι
1268 1416 1619 1484 πεφόνευται,
1666 1417 1788 1479 ταῖς
1826 1417 1926 1486 τῆς

345 1504 584 1570 Ἰεζάϐελ
604 1506 966 1578 δυστροπίαις
990 1508 1328 1578 περιπεσών.
1371 1508 1591 1579 Ἐπειδὴ
1620 1508 1802 1562 τοίνυν
1827 1526 1924 1561 πε-

333 1598 583 1667 φόνευτο,
620 1598 1110 1669 κεκληρονόμηκεν
1156 1598 1362 1669 ’Δχαάϐ
1391 1599 1484 1654 τὸν
1505 1599 1809 1670 ἀμπελῶνα
1828 1599 1922 1654 τοῦ

331 1690 632 1744 Ναϐουθαί.
670 1691 1006 1762 Προσέκειτο
1041 1691 1100 1744 δὲ
1148 1693 1242 1745 καὶ
1276 1692 1478 1763 ἐτέρως
1517 1696 1636 1756 ταῖς
1669 1692 1777 1747 τῶν
1810 1694 1923 1747 δαι-

2030 507 2135 563 que
2166 494 2638 563 perpenderituus.
2667 493 2867 548 Nostra
2905 493 3071 562 igitur
3125 496 3313 559 editio,
3366 496 3469 551 hoc
3504 508 3614 564 est,

2023 586 2326 639 secundum
2381 584 2735 656 Septuaginta
2790 586 2872 640 sic
2922 586 3088 639 habet
3130 604 3143 640 :
3212 605 3229 637 ι
3282 586 3350 641 Ει
3383 587 3619 645 ulciscar

2029 678 2350 748 sanguinem
2374 676 2587 733 Jezrael
2606 693 2773 747 super
2799 679 3018 732 domum
3055 678 3215 733 Iuda.
3248 698 3266 729 ι
3294 680 3411 733 Alia
3443 698 3457 735 :
3499 699 3517 732 ι
3550 681 3619 735 Et

2028 768 2263 823 ulciscar
2294 770 2611 840 sanguinem
2641 769 2859 824 Jezrael
2895 785 3061 839 super
3116 770 3335 824 domum
3383 770 3544 827 Jeliu.
3586 792 3606 824 ι

2026 861 2199 929 Quam
2241 863 2284 917 si
2316 864 2408 933 qui
2449 863 2868 932 amplectantur,
2926 865 3239 933 explanatio
3303 866 3477 934 magis
3528 867 3614 919 hi-

2027 955 2231 1010 storica
2272 956 2345 1010 sit
2380 966 2614 1024 oportet,
2659 958 2713 1011 in
2750 957 2895 1011 hunc
2929 958 3143 1010 modum
3174 973 3188 1011 :
3244 956 3367 1012 Fuit
3415 959 3609 1013 Achab

2028 1062 2123 1101 rex
2180 1048 2373 1115 Israel,
2414 1050 2701 1119 conjugem
2762 1050 2968 1104 habens
3015 1047 3255 1104 Jezabel.
3326 1050 3427 1116 Qui
3481 1066 3608 1106 cum

2026 1137 2305 1194 affectat-et
2333 1141 2545 1195 vineam
2575 1140 2817 1206 Nabotb,
2865 1151 2920 1195 et
2952 1141 3039 1195 ille
3071 1143 3141 1195 ita
3170 1153 3505 1207 occurreret,
3553 1151 3613 1198 ut

2028 1232 2236 1287 diceret
2260 1250 2273 1286 :
2297 1252 2314 1284 ι
2335 1234 2608 1303 Propitius
2620 1236 2690 1289 sit
2709 1235 2839 1288 mihi
2860 1234 3024 1299 Deus,
3051 1248 3117 1289 ne
3139 1234 3259 1289 dem
3282 1234 3376 1289 tibi
3395 1236 3609 1290 vineam

2026 1325 2196 1393 patris
2216 1326 2341 1389 mei,
2384 1345 2403 1377 ι
2450 1326 2813 1394 perversitate
2842 1324 3116 1380 Jezabelis
3137 1326 3414 1389 irretitus,
3440 1326 3611 1380 vitam

2026 1418 2230 1471 amisit.
2260 1416 2337 1471 Eo
2364 1418 2566 1482 occiso,
2602 1418 2817 1471 vineam
2866 1417 3079 1472 Naboth
3117 1418 3360 1486 possedit
3390 1419 3608 1486 Achab,

2024 1507 2115 1576 qui
2140 1507 2340 1575 alioqui
2380 1507 2601 1562 infando
2647 1491 2952 1563 daemonum
2989 1507 3153 1562 cultui
3186 1507 3433 1563 addictus
3467 1519 3609 1564 erat.

2025 1599 2338 1668 Indignatus
2407 1600 2575 1669 igitur
2618 1600 2996 1656 universorum
3048 1600 3224 1668 Dens,
3265 1602 3607 1670 postmodum

2027 1692 2306 1747 mandavit
2335 1691 2514 1746 Eliseo
2560 1690 2838 1760 prophetae
2869 1730 2885 1756 ,
2942 1691 3020 1746 uti
3068 1689 3205 1745 Jebu
3233 1705 3414 1760 regem
3448 1704 3613 1760 super

334 1783 509 1853 μόνων
561 1756 869 1854 λατρείαις,
930 1783 1028 1837 καὶ
1072 1783 1231 1836 τοῦτο
1280 1756 1546 1847 ἐκτόπως.
1597 1784 1924 1854 Ἠγανάκτει

2029 1780 2193 1835 Israel
2223 1789 2472 1851 ungeret.
2526 1779 2699 1835 Misso
2724 1780 2921 1836 dehinc
2948 1780 3151 1835 famqu
3181 1780 3424 1836 divinum
3458 1796 3614 1835 man-

330 1873 515 1927 λοιπὺν
550 1875 580 1927 ὁ
618 1873 728 1925 τῶν
776 1873 917 1926 ὅλων
949 1870 1105 1935 Θεός.
1148 1867 1288 1925 Εῑτα
1335 1873 1709 1945 προστέταχεν
1751 1875 1925 1929 Ἐλισ-

329 1963 446 2016 σαιέ
475 1960 561 2032 τῷ
594 1963 856 2035 προφήτῃ
885 1964 1074 2034 χρῖσαι
1108 1961 1196 2015 τὸν
1242 1962 1385 2032 Ἰηοὺ
1405 2004 1420 2030 ,
1451 1962 1682 2031 βασιλέα
1715 1966 1808 2019 ἐπὶ
1830 1966 1923 2021 τὸν

340 2053 583 2124 Ἰσραήλ.
635 2053 1073 2116 Ἀποστείλαςδὲ
1101 2052 1164 2105 τὸ
1203 2052 1490 2123 παιδάριον
1535 2055 1564 2107 ὁ
1612 2056 1920 2127 προφήτης,

328 2144 386 2198 τὸ
418 2144 570 2199 θεῖον
595 2144 841 2215 ἐπλήρου
872 2144 1172 2214 θέσπισμα.
1200 2138 1336 2197 Εἶτα
1363 2146 1721 2216 κεχρισμένος
1761 2145 1922 2218 Ἰηοὺ,

328 2235 576 2289 κάτεισιν
607 2236 673 2289 ἐκ
712 2235 1054 2307 Σαμαρείας,
1087 2234 1184 2288 καὶ
1214 2235 1304 2290 τὸν
1339 2235 1482 2290 θεῖον
1509 2237 1603 2291 ἐπὶ
1634 2240 1749 2301 τοῖς
1769 2238 1922 2291 λελυ-

328 2329 568 2401 πηκόσιν
592 2328 837 2400 ἐπλήρου
865 2328 1060 2399 θυμόν.
1076 2326 1419 2392 Ἀπεκτονὼς
1451 2329 1561 2401 γὰρ
1586 2330 1679 2384 τὸν
1694 2330 1921 2401 Ἀχαὰϐ,

329 2423 555 2495 ἑρῤιψεν
592 2423 652 2476 ἐν
679 2422 758 2494 τῷ
786 2421 1073 2493 ἀμπελῶνι
1122 2421 1217 2475 τοῦ
1262 2421 1568 2477 Ναϐουθαί.
1609 2420 1747 2479 Εἶτα
1782 2424 1926 2497 μετὰ

326 2516 479 2570 τοῦτο
504 2516 611 2587 τὴν
638 2514 901 2580 Ἰεζάϐελ,
936 2513 1182 2586 ἀνῄρηκε
1217 2515 1275 2568 δὲ
1305 2517 1398 2570 καὶ
1424 2516 1802 2589 ἐϐδομήκοντα
1827 2518 1923 2571 τοῦ

338 2608 549 2678 ’Δχαάδ
575 2608 894 2674 υίοὺς,τοὺς
919 2607 1023 2661 ἀνὰ
1052 2608 1236 2661 πᾶσαν
1265 2607 1425 2671 ὄντας
1455 2608 1555 2679 τὴν
1579 2611 1922 2681 Σαμάρειαν.

2027 1873 2212 1928 datum
2272 1872 2534 1943 propheta
2576 1872 2854 1941 implevit.
2916 1873 3120 1929 Deinde
3174 1883 3373 1931 unctus
3419 1875 3557 1932 Jebu
3592 1915 3612 1943 ,

2026 1965 2306 2020 descendit.
2344 1978 2414 2018 ex
2458 1963 2731 2031 Samaria,
2776 1965 3081 2036 divinaeque
3131 1966 3226 2020 ira:
3259 1966 3315 2021 in
3365 1966 3615 2023 sontibus

2024 2038 2315 2124 puniendis
2355 2054 2647 2110 satisfecit.
2692 2053 2825 2109 Nam
2852 2057 3049 2111 occidit
3074 2057 3284 2123 Achab,
3311 2066 3370 2136 et
3384 2058 3615 2115 cadaver

2026 2146 2145 2217 ejus
2174 2146 2227 2200 in
2263 2146 2478 2202 vineam
2527 2145 2743 2201 Naboth
2793 2146 3014 2215 abjecit.
3050 2149 3245 2203 Postea
3277 2146 3611 2218 Jezabelem,

2026 2249 2082 2293 et
2117 2236 2466 2310 septuaginta
2515 2238 2660 2295 ﬁlios
2704 2240 2916 2307 Achab,
2963 2242 3053 2312 qui
3092 2242 3145 2297 in
3203 2251 3309 2297 tota
3362 2242 3614 2301 Samaria

2025 2343 2205 2400 erant,
2243 2333 2361 2387 neci
2394 2332 2563 2386 dedit.
2601 2331 2813 2398 Quibus
2839 2334 3003 2387 etiam
3029 2333 3160 2388 Baal
3180 2334 3420 2401 addidit;
3456 2336 3615 2404 cujus

2027 2434 2239 2480 statuas
2281 2426 2602 2491 combussit,
2640 2436 2695 2481 et
2734 2426 2960 2482 delubra
2995 2428 3183 2493 diruit,
3208 2438 3264 2483 et
3296 2428 3445 2499 ipsos
3487 2429 3610 2498 ejus

2027 2521 2347 2574 sacerdotes
2388 2519 2680 2588 jugulavit.
2740 2518 2821 2573 Ob
2847 2534 2968 2590 qua)
3009 2519 3154 2574 Deus
3193 2518 3342 2574 illum
3377 2521 3609 2588 laudat;

2025 2611 2157 2681 quin
2187 2610 2350 2665 etiam
2386 2611 2674 2681 promittit,
2708 2611 2793 2664 his
2820 2610 3002 2665 verbis
3042 2628 3055 2665 :
3097 2629 3117 2662 ι
3153 2611 3278 2665 Filii
3318 2612 3393 2665 tui
3422 2616 3618 2683 'usque

325 2700 723 2773 Προσετίθειδέ
753 2701 967 2764 τούτοις
982 2701 1078 2754 καὶ
1100 2701 1194 2755 τὸν
1214 2699 1382 2754 Βάαλ·
1404 2702 1676 2774 ἐνέπρησε
1700 2702 1808 2773 γὰρ
1824 2702 1925 2765 τὰς

2029 2704 2094 2757 ad
2125 2712 2377 2773 quartam
2404 2704 2811 2772 generationem
2844 2703 3113 2757 sedebunt
3140 2717 3306 2772 super
3353 2703 3613 2758 thronum

327 2793 531 2863 στήλας
565 2792 755 2857 αὐτοῦ,
797 2793 893 2846 καὶ
914 2792 1201 2846 κατέσεισε
1238 2792 1308 2845 τὰ
1335 2791 1561 2863 τεμένη,
1603 2794 1699 2846 καὶ
1727 2794 1927 2857 αὐτοὺς

2029 2805 2181 2850 tuum
2213 2796 2281 2850 ει.
2340 2793 2359 2846 i
2396 2793 2598 2849 Verum
2648 2794 2719 2848 ita
2759 2792 2991 2849 celebris
3032 2793 3168 2848 Jehu
3194 2829 3214 2860 ,
3256 2795 3614 2851 nihilominus

324 2886 671 2956 ἀποσφάττει
701 2886 829 2949 τοὺς
862 2886 1049 2957 ίερεῖς.
1080 2882 1207 2938 Ἐπὶ
1237 2883 1452 2947 τούτοις
1478 2884 1642 2938 αὑτὸν
1666 2885 1927 2955 ἀποδέχε-

2031 2887 2200 2941 Deum
2236 2886 2395 2943 Imsit.
2426 2885 2536 2940 Nec
2562 2886 2707 2939 enim
2726 2884 2927 2940 vitulos
2955 2886 3182 2941 abstulit
3209 2901 3223 2938 :
3249 2896 3303 2941 et
3332 2886 3448 2957 ipse
3474 2903 3617 2957 quo-

322 2993 412 3031 ται
455 2979 486 3030 ὁ
531 2976 704 3040 Θεόςο
748 2976 847 3029 καὶ
883 2975 949 3047 δὴ
996 2975 1090 3029 καὶ
1135 2973 1557 3043 ἐπαγγέλλεται,
1601 2974 1795 3043 λέγων,
1844 2975 1926 3027 ὅτι

2029 2992 2135 3046 quc
2187 2977 2240 3031 in
2275 2977 2517 3046 peccatis
2562 2967 2853 3031 Jeroboam
2906 2977 3070 3045 impie
3107 2977 3387 3033 ambulare
3422 2979 3618 3049 depre-

330 3086 350 3122 ¢
383 3068 507 3122 Υἱοὶ
544 3067 796 3139 τέταρτοι
837 3066 1171 3138 καθήσονται
1200 3067 1297 3121 ἐπὶ
1325 3065 1515 3138 θρόνου
1556 3083 1671 3119 σου.
1717 3085 1737 3117 ι
1782 3065 1921 3119 Ἀλλ’

2031 3070 2233 3124 hensus
2285 3077 2393 3122 est.
2464 3068 2666 3121 Deinde
2727 3082 2793 3122 ex
2844 3066 2980 3123 Jehu
3035 3068 3242 3137 primus
3304 3079 3466 3124 natus
3530 3081 3619 3127 est

322 3162 352 3214 ὁ
398 3160 582 3224 οὕτως
628 3159 874 3230 γεγονὼς
922 3159 1212 3231 εὐδόκιμος
1266 3159 1430 3229 Ἰηοὺ,
1475 3157 1921 3228 προσκέκρουκεν

2029 3158 2285 3221 Joachaz,
2326 3158 2488 3212 homo
2529 3167 2583 3211 et
2635 3157 2752 3227 ipse
2798 3157 3104 3223 idololatra,
3132 3168 3188 3212 et
3231 3159 3428 3214 vitulos
3481 3163 3617 3216 ado-

325 3253 472 3309 οὐδὲν
516 3247 691 3325 ἦττον
741 3251 892 3323 Θεῷ·
939 3252 1000 3305 ού
1049 3252 1159 3323 γὰρ
1206 3250 1450 3321 περιεῖλε
1496 3251 1597 3314 τὰς
1639 3250 1920 3321 δαμάλεις,

2030 3266 2157 3305 rans
2186 3251 2253 3303 “.
2284 3246 2486 3304 Verum
2535 3248 2652 3318 ejus
2688 3249 3043 3318 temporibus,
3088 3250 3265 3319 inquit
3302 3249 3616 3321 Scriptura,

323 3345 694 3416 κατεφωρᾶτο
722 3344 781 3397 δέ
826 3343 925 3397 καὶ
953 3342 1116 3405 αὐτὸς
1146 3342 1205 3395 ἐν
1247 3344 1370 3405 ταῖς
1414 3341 1714 3412 ἁμαρτίαις
1756 3341 1921 3413 Ἰερο-

2034 3360 2053 3394 σ
2098 3341 2272 3397 Iratus
2313 3352 2402 3396 est
2437 3341 2588 3395 furor
2631 3340 2851 3395 Domini
2897 3355 3058 3410 super
3097 3340 3284 3408 Israel,
3339 3353 3395 3398 et
3445 3345 3617 3399 tradi-

324 3436 467 3509 ϐοὰμ
494 3437 741 3501 ἀνοσίως
769 3435 1204 3507 πεπορευμένος.
1241 3430 1380 3488 Εῐτα
1407 3434 1632 3503 γέγονεν
1676 3433 1737 3499 ἐξ
1777 3434 1919 3513 Ἰηοῷ

2029 3435 2109 3490 dit
2161 3449 2257 3491 eos
2314 3434 2367 3489 in
2418 3448 2579 3488 manu
2616 3432 2803 3498 Azael,
2865 3425 3027 3503 regis’
3050 3433 3242 3504 Syriae,
3274 3444 3330 3490 et
3362 3436 3415 3490 in
3453 3452 3617 3491 manu

325 3528 548 3597 πρῶτος
585 3526 701 3590 υἱὸς
731 3525 978 3596 ’ῐωάχας,
1014 3525 1156 3596 ἀνὴρ
1187 3525 1284 3578 καὶ
1310 3524 1476 3587 αὐτὸς
1506 3524 1918 3595 εἰδωλολάτρης,

326 3623 417 3675 καὶ
456 3624 593 3685 ταῖς
630 3620 899 3691 δαμάλεσι
938 3620 1281 3691 προσκυνῶν.
1320 3619 1460 3673 Ἀλλ’
1490 3620 1681 3681 ἐντοῖς
1710 3622 1921 3689 καιροῖς

325 3713 524 3779 αὐτοῦ,
584 3713 787 3782 φησιν,
849 3730 869 3763 ί
917 3711 1178 3783 Ὠργίσθη
1228 3709 1386 3781 θυμῷ
1440 3709 1644 3781 Κύριος
1692 3711 1785 3763 ἐπὶ
1829 3710 1922 3765 τὸν

337 3804 585 3878 Ἰσραὴλ,
629 3805 727 3857 καί¹
756 3804 960 3857 ἔδωκεν
997 3804 1197 3867 αὐτοὺς
1229 3804 1288 3855 ἐν
1322 3803 1469 3875 χειρὶ
1521 3801 1720 3873 Ἀςαὴλ
1766 3801 1924 3872 βασι-

325 3896 460 3959 λέως
504 3894 737 3965 Συρίας,
788 3894 883 3947 καὶ
926 3896 985 3947 ἐν
1032 3894 1180 3963 χειρὶ
1229 3893 1428 3963 Ἀδερ,
1478 3892 1601 3945 υίοῦ
1647 3890 1863 3963 Ἀζαήλ.
1901 3910 1920 3943 ι

2030 3526 2175 3579 Ader
2209 3524 2306 3579 lilii
2342 3525 2504 3579 Azael
2533 3525 2599 3578 ⁸³.
2642 3542 2661 3575 ι
2724 3524 2830 3594 19
2884 3524 3040 3580 Alter
3086 3541 3152 3579 ex
3203 3524 3442 3582 Joachaz
3490 3544 3618 3599 pro-

2032 3623 2252 3683 gnatus,
2285 3629 2480 3683 nempe
2508 3612 2660 3677 Joas,
2696 3615 2965 3682 regnavit,
3006 3615 3123 3685 ipse
3158 3630 3374 3685 quoque
3410 3620 3618 3687 impro-

2031 3708 2171 3775 bus;
2207 3708 2399 3763 tertius
2428 3707 2736 3771 Jeroboam,
2772 3708 2874 3761 sub
2904 3707 3058 3777 cujus
3099 3722 3264 3778 regno
3298 3707 3453 3765 Oscae
3491 3726 3619 3780 pro-

2028 3801 2211 3869 phetia
2237 3800 2449 3853 initium
2476 3800 2662 3855 sumit.
2692 3799 2930 3866 Quartus
2948 3800 3179 3856 Azarias
3211 3802 3371 3871 (alias
3400 3802 3616 3859 Zacha-

2038 3890 2171 3959 rias)
2198 3888 2508 3945 Jeroboami
2538 3890 2705 3955 filius,
2732 3891 2900 3945 etiam
2934 3882 3239 3946 idololatra.
3274 3891 3430 3948 Hunc
3450 3897 3620 3950 truci»

328 3989 605 4060 Δεύτερος
639 3986 700 4050 ἐξ
734 3987 964 4057 Ἰωάχας
993 3985 1378 4056 βεϐασίλευκεν
1424 3984 1599 4052 Ἱωὰς,
1650 3985 1745 4038 καὶ
1772 3978 1927 4049 οὗτος

2034 3982 2184 4037 davit
2216 3980 2442 4035 Sellum.
2477 3980 2745 4046 Quoniam
2806 3982 2968 4050 igitur
3025 3991 3221 4038 unctus
3272 3992 3392 4039 erat
3442 3984 3614 4052 Jehu,

327 4080 465 4151 ἀνὴρ
498 4079 770 4150 πονηρός.
803 4078 1003 4149 Τρίτος
1046 4076 1353 4148 Ἱεροϐοάμ,
1388 4072 1447 4132 οὗ
1478 4079 1573 4131 καὶ
1610 4077 1925 4147 βασιλεύον-

2031 4086 2090 4129 υι
2122 4075 2475 4129 ulcisceretur
2514 4074 2834 4141 sanguinem
2870 4072 3101 4127 Naboth'
3146 4075 3455 4129 chraelitae
3496 4077 3619 4142 (fuit

326 4188 414 4236 τος
450 4174 693 4245 ἄρχεται
733 4170 835 4241 τῆς
864 4171 1203 4242 προφητείας
1249 4170 1425 4240 Ὠσηέ.
1460 4170 1728 4241 Τέταρτος
1764 4171 1923 4236 Ἀζα-

2032 4166 2295 4221 Samarim
2326 4164 2581 4234 Oppidum
2616 4161 2874 4234 Jezrael),
2913 4172 2969 4217 et
3017 4174 3074 4216 ut
3121 4163 3339 4220 Israelis
3390 4167 3618 4223 idolola-

332 4265 452 4336 ρίας
482 4263 547 4330 ἐξ
590 4262 895 4334 Ὶεροϐοὰμ,
940 4261 1035 4315 καὶ
1068 4261 1232 4324 αὐτὸς
1275 4260 1688 4333 εἰδωλολάτρης.
1722 4262 1924 4315 Τοῦτον

2035 4258 2135 4312 tria
2158 4271 2370 4320 eversa,
2425 4256 2492 4309 de
2525 4266 2722 4310 caetero
2767 4271 2862 4310 eos
2899 4271 3022 4310 cum
3078 4257 3187 4311 Deo
3231 4258 3613 4330 coniungeret,

329 4358 661 4412 ἀπέκτεινεν
705 4357 734 4408 ὁ
775 4354 1009 4424 Σελούμ.
1060 4353 1273 4407 Οὐκοῦν
1321 4353 1627 4424 ἐπειδήπερ
1671 4354 1925 4421 κέχριστο

2032 4350 2148 4419 ipse
2169 4362 2297 4403 vero
2321 4355 2504 4416 postea
2540 4346 2740 4401 vitulos
2768 4347 3032 4409 adoravit,
3056 4358 3111 4401 et
3139 4347 3233 4401 lilii
3255 4348 3373 4419 ejus
3404 4360 3613 4419 patrem

332 4452 429 4521 μὲν
457 4452 487 4504 ὁ
527 4450 698 4518 Ἰηοῦ,
732 4447 821 4499 ἵνα
855 4446 1121 4517 ἐκδικήσῃ
1156 4444 1217 4497 τὸ
1242 4438 1383 4514 αἷμα
1411 4443 1506 4496 τοῦ
1533 4444 1834 4507 Ναϐουοαὶ,
1864 4443 1923 4506 ὃς

2029 4456 2183 4496 suum
2216 4440 2493 4508 impietate
2523 4448 2828 4508 mquarunt,
2885 4457 2903 4489 ι
2956 4438 3220 4505 Ulciscar,
3257 4441 3450 4511 inquit,
3487 4458 3619 4497 sana

326 4537 394 4611 ἢν
442 4541 505 4608 ἐξ
552 4535 793 4609 Ἰεζραέλ
826 4536 1005 4606 (πόλις
1036 4535 1095 4588 δέ
1140 4534 1280 4605 αὔτη
1316 4535 1415 4605 τῆς
1458 4534 1797 4606 Σαμαρείας)
1831 4534 1926 4587 καὶ

2029 4534 2245 4605 guinem
2273 4530 2480 4586 Jezrael
2514 4544 2677 4599 super
2717 4530 2936 4585 domum
2988 4529 3147 4587 Jehu.
3198 4551 3217 4585 ι
3279 4529 3434 4586 Sicut
3473 4535 3616 4588 enim

329 4635 419 4688 ἵνα
447 4634 555 4703 τὴν
588 4631 683 4686 τοῦ
726 4630 946 4702 Ἰσραὴλ
979 4626 1396 4698 είδωλολατρίαν
1428 4625 1714 4697 περιελὼν,
1737 4627 1925 4680 λοιπὸν

2029 4624 2174 4679 ultus
2223 4631 2309 4679 est
2359 4624 2427 4677 de
2478 4622 2645 4676 domo
2688 4622 2877 4677 Achab
2909 4637 3006 4691 per
3050 4637 3275 4693 regnum
3322 4623 3493 4690 Jebu;
3540 4626 3620 4680 sic

330 4724 606 4795 ἀναπείσῃ
637 4722 1000 4793 προσκεῖσθαι
1047 4719 1187 4790 Θεῷ,
1236 4715 1356 4772 εἶτα
1398 4718 1591 4786 γέγονε
1637 4719 1730 4771 καὶ
1764 4718 1927 4782 αὐτὸς

2030 4715 2320 4769 ulciscetur
2346 4714 2510 4768 etiam
2542 4714 2607 4767 de
2636 4714 2797 4768 domo
2820 4712 2979 4768 Jehu.
3012 4713 3390 4782 Regnantibus
3436 4717 3613 4786 siqui-

331 4818 629 4888 δαμάλεων
662 4813 1077 4886 προσκυνητὴς,
1108 4811 1395 4874 δυσσεϐεῖς
1419 4810 1477 4863 δέ
1506 4809 1660 4862 οὐδὲν
1685 4804 1848 4883 ἦττον
1876 4812 1927 4863 οἱ

331 4910 390 4977 ἐξ
431 4908 605 4963 αὑτοῦ
655 4907 913 4975 γεγόνασι
961 4904 1171 4967 παῖδες,
1222 4920 1241 4954 ι
1292 4901 1620 4973 Ἑκδικήσω,
1663 4902 1825 4971 φησὶ,
1867 4901 1928 4955 τὸ

331 4986 475 5071 αἷμα
500 4999 598 5053 τοῦ
638 4996 878 5069 Ἰεζραέλ
923 4995 1016 5049 ἐπὶ⁴
1040 4995 1131 5048 τὸν
1158 4988 1303 5047 οἷκον
1340 4990 1504 5062 Ἰηού.
1545 5010 1563 5042 ι
1598 4992 1709 5044 Καὶ
1737 4990 1928 5063 ὥσπερ

333 5096 442 5165 γὰρ
491 5092 848 5161 ἐκδεδίκηκεν
891 5092 957 5142 ἐκ
992 5086 1088 5142 τοῦ
1120 5087 1273 5139 οἴκου
1313 5084 1409 5138 τοῦ
1453 5084 1655 5155 Ἀχαάϐ
1702 5083 1792 5139 διὰ
1826 5084 1929 5154 τῆς

225 5173 241 5187 ’
348 5185 490 5255 Ἰηοὺ
539 5180 841 5253 βασιλείας,
887 5177 1061 5242 οὕτως
1108 5176 1388 5244 ἐκδικήσει
1415 5176 1511 5229 καὶ
1539 5177 1605 5229 ἐκ
1645 5173 1740 5227 τοῦ
1775 5174 1925 5227 οἴκου

346 5276 511 5347 Ἰηού.
552 5276 643 5329 Ἐν
675 5273 786 5343 γάρ
815 5273 935 5335 ταῖς
966 5269 1206 5341 ἡμέραις
1249 5266 1358 5321 τῶν
1397 5265 1527 5319 υίῶν
1555 5264 1722 5319 αὐτοῦ
1755 5282 1926 5318 πεπο-

335 5369 582 5441 λέμηκεν
610 5367 812 5439 ’Δζαὴλ
846 5365 1104 5437 βασιλεὺς
1133 5362 1357 5434 Συρίας,
1402 5361 1498 5414 καὶ
1527 5359 1709 5430 μέντοι
1739 5360 1924 5431 Ἀδερ,

338 5463 433 5515 καὶ
463 5463 788 5532 νενικήκασι
808 5457 901 5511 τὸν
937 5455 1176 5527 Ἰσραὴλ,
1204 5453 1464 5515 πλείστας
1494 5451 1551 5504 δέ
1578 5452 1710 5514 ὅσας
1733 5450 1843 5505 τῶν
1870 5452 1929 5503 ἐν

339 5553 630 5626 Σαμαρείᾳ
680 5549 1063 5622 πεπορθήκασι
1096 5547 1303 5611 πόλεις.
1344 5545 1601 5598 Τίκτεται
1651 5543 1831 5598 τοίνυν
1851 5542 1928 5614 τῷ

2030 4806 2151 4860 dem
2187 4805 2313 4860 liliis
2341 4806 2480 4875 ejus,
2513 4804 2676 4858 Azael
2713 4816 2768 4859 et
2793 4806 2959 4872 Ader,
3002 4821 3097 4861 seu
3143 4807 3423 4870 Benedad,
3466 4825 3623 4879 reges

2036 4898 2212 4970 Syria:
2268 4897 2469 4953 bellum
2521 4897 2657 4967 ipsis
2717 4898 2985 4964 fecerunt,
3035 4911 3091 4953 et
3144 4901 3374 4955 subacto
3423 4902 3623 4958 Israclc

2036 4992 2198 5045 urbes
2222 4989 2488 5045 Samaria;
2514 4990 2951 5060 quamplurimas
2974 5000 3313 5046 everterunt.
3362 4991 3621 5047 Nascitur

2035 5094 2166 5150 ergo
2194 5079 2470 5150 prophetae
2507 5080 2789 5150 puerulus,
2822 5081 2907 5135 cui
2938 5090 2993 5136 et
3023 5096 3219 5137 nomen
3255 5083 3461 5137 inditur
3491 5082 3622 5138 Jez-

2036 5172 2171 5237 rael,
2229 5171 2397 5228 veluti
2436 5170 2549 5229 Deo
2584 5173 2939 5229 commissum
2982 5173 3036 5227 in
3077 5173 3289 5230 Nabotb
3332 5186 3621 5243 peccatum

2036 5266 2377 5322 recordante.
2411 5264 2541 5323 Viro
2567 5280 2802 5335 namque
2843 5266 2993 5337 justo
3021 5274 3078 5322 et
3118 5266 3372 5336 religioso
3416 5266 3625 5337 injuste

2039 5359 2313 5415 trucidato
2338 5398 2355 5425 ,
2412 5359 2689 5429 quomodo
2722 5358 2999 5429 justorum
3045 5369 3193 5415 tutor
3234 5373 3300 5414 ac
3353 5368 3621 5429 patronus

2037 5450 2384 5520 quievisset?
2436 5450 2813 5508 Contriturum
2872 5452 3042 5522 igitur
3104 5451 3376 5524 promittit
3430 5468 3620 5508 arcum

2037 5544 2201 5601 Israel
2235 5546 2288 5602 in
2320 5544 2460 5602 valle
2482 5544 2714 5603 Jezrael.
2760 5544 2935 5603 Victa:
2987 5556 3115 5605 sunt
3166 5547 3355 5614 enim,
3394 5557 3452 5603 ut
3480 5547 3619 5614 dixi,

412 5735 459 5767 ⁶¹
493 5733 558 5790 IY
586 5735 722 5809 Reg.
754 5750 864 5802 xw,
908 5733 994 5787 12.
1073 5732 1117 5765 ⁶²
1151 5728 1217 5784 ιν
1251 5729 1386 5799 ch.
1423 5725 1640 5795 xm,2.
1724 5725 1769 5759 ⁸³
1804 5723 1935 5780 ibid.
1973 5722 2026 5779 '5.
