4094 6484
455 286 530 344 39
1465 281 1535 336 Β.
1573 275 1849 336 (ᾺἮΙΙᾸΛ
1887 277 2014 334 ΑιΕ

2114 273 2363 332 ιΝῡῙὶΙΝΙ
2400 275 2722 334 ARCHIEP.
3645 273 3717 332 40
3815 298 3824 306 -

460 408 529 462 ab
555 407 754 464 Azaele
801 415 859 464 et
887 406 1034 462 Ader
1077 405 1254 461 tribus
1307 403 1503 460 lsrael.
1548 403 1618 458 Et
1641 402 1760 457 hzec
1807 400 2014 470 quidem

2126 402 2381 473 προφήτῃ
2433 401 2666 468 παιδίον,
2714 395 2762 472 ᾧ
2807 401 2902 458 καὶ
2932 402 3106 474 δνομα
3145 401 3209 455 τὸ
3263 396 3525 487 Ἰεζραέλ,
3554 397 3719 477 οἱονεί

459 496 737 553 historice.
2130 507 2249 554 πως
2277 489 2416 544 Θεοῦ
2441 491 2542 561 τὴν
2564 492 2660 546 ἐπὶ
2690 490 2770 562 τῷ
2797 491 3080 547 Ναϐουθαὶ
3104 489 3405 560 γενομένην
3436 487 3716 558 ἁμαρτίαν

458 589 988 662 ἀναμιμνήσκοντας.
1030 589 1250 661 Ἀνδρὸς
1274 588 1382 660 γὰρ
1401 589 1612 643 δικαίου
1661 589 1762 642 καὶ
1825 587 2086 651 εὐλαϐοῦς
2122 587 2324 651 ἀδίκως
2388 588 2756 659 ἀνῃρημένου,
2805 587 2926 652 πῶς
2969 587 3037 642 ἂν
3087 587 3369 658 ἠρέμησεν
3412 587 3442 638 ὁ
3483 584 3593 637 τῶν
3636 585 3718 638 διο

458 685 628 738 καίων
691 685 1036 755 προστάτης;
1073 685 1395 756 Συντρίψειν
1466 679 1560 737 οὖν
1598 683 1992 752 ἐπαγγέλλεται
2051 681 2204 749 τόξον
2245 681 2340 736 τοῦ
2381 681 2596 754 Ἰσραήλ
2641 686 2700 736 ἐν
2769 685 2836 754 τῇ
2871 681 3077 736 κοιλάδι
3120 682 3217 735 τοῦ
3259 678 3514 751 Ἱεζραέλ.
3549 677 3717 758 ⁴Νενι-

457 793 650 846 κηνται
691 779 820 849 γὰρ,
854 779 931 843 ὡς
966 779 1122 848 ἔφην,
1154 778 1259 831 ὑπό
1300 793 1360 831 τε
1389 777 1484 832 τοῦ
1527 777 1745 850 ’Δζαὴλ,
1791 779 1887 831 καὶ
1961 776 2144 850 μέντοι
2221 777 2317 832 τοῦ
2343 777 2508 850 ’Ἄδερ
2530 781 2585 832 al
2615 777 2780 848 φυλαὶ
2842 775 2939 830 τοῦ
2967 776 3203 847 Ἰσραήλ.
3228 774 3341 828 Καὶ
3371 775 3401 827 ὁ
3435 773 3533 844 μὲν
3557 769 3716 838 λόγος

457 872 514 923 ἐν
541 869 750 934 τούτοις
781 871 889 925 τῶν
917 870 1213 942 ἱστορικῶς
1235 872 1664 943 πεπραγμένων.

523 964 637 1034 Age
665 979 846 1033 porro,
879 964 1043 1020 etiam
1071 965 1128 1019 in
1182 963 1409 1018 alteram
1456 966 1785 1035 scripturam
1824 971 2014 1021 conve-

2201 963 2339 1035 Φέρε
2369 962 2427 1017 δὲ
2459 964 2557 1018 καὶ
2594 964 2678 1027 είς
2701 961 2799 1034 τὴν
2829 963 3020 1030 ἑτέραν
3048 959 3265 1032 γραφὴν
3293 957 3360 1012 τὰ
3399 956 3585 1012 εἰκότα
3622 955 3709 1010 λέ-

455 1054 658 1108 nientia
688 1054 952 1120 dicamus,
989 1056 1054 1109 ad
1099 1053 1436 1124 spiritualem
1475 1055 2014 1122 commentationem,

2127 1062 2340 1126 γωμεν,
2384 1054 2810 1126 ἀνακομίζοντες
2849 1055 2950 1125 ἤδη
2982 1054 3118 1124 πρὸς
3145 1052 3378 1123 θεωρίαν
3408 1067 3708 1120 πνευματι-

455 1143 570 1200 sive
600 1155 820 1198 sensum
871 1158 902 1198 a
935 1144 1046 1198 Deo
1074 1143 1216 1199 dicta
1266 1154 1606 1200 revocantes.
1656 1144 1862 1201 Nobilis
1895 1157 2014 1215 pro~

2128 1148 2229 1217 κὴν
2254 1147 2325 1200 τὰ
2355 1148 2623 1218 εἰρημένα
2653 1145 2805 1217 παρά
2839 1145 2973 1198 Θεοῦ
2995 1181 3011 1198 .
3034 1144 3276 1214 Εὐγενὴς
3310 1143 3410 1214 μὲν
3453 1141 3541 1194 διὰ
3579 1141 3706 1202 τοὺς

460 1241 582 1299 pter
640 1233 876 1303 majores
938 1232 1248 1289 Iudaeorum
1335 1234 1642 1305 Synagoga.
1701 1235 2014 1292 Servierunt

2124 1239 2373 1310 πατέρας
2417 1241 2452 1309 ἡ
2499 1237 2610 1292 τῶν
2652 1237 2919 1291 Ἰουδαίων
2951 1236 3266 1306 Συναγωγή.
3300 1231 3704 1302 Λελάτρεύκασι

454 1321 598 1376 enim
633 1323 930 1388 Abraham,
965 1331 1018 1378 et
1044 1321 1138 1377 ﬁlii
1174 1338 1238 1378 ac
1261 1334 1487 1394 nep0tes
1519 1326 1638 1395 ejus
1664 1327 1776 1381 Deo
1820 1327 2014 1384 viventi

2121 1331 2233 1401 γὰρ
2265 1333 2315 1384 οί
2343 1331 2489 1402 ἀμφὶ
2523 1331 2616 1384 τὸν
2647 1329 2938 1382 θεσπέσιον
2969 1327 3221 1399 Ἀϐραὰμ
3252 1325 3372 1396 Θεῷ
3399 1323 3565 1389 ζῶντι
3606 1323 3703 1376 καὶ

453 1421 508 1467 et
540 1425 670 1467 vero
698 1429 713 1478 ;
739 1412 869 1481 quin
906 1413 1072 1466 etiam
1108 1411 1336 1479 justitite
1375 1413 1604 1468 studiosi
1656 1414 1922 1479 cultores,
1969 1424 2014 1471 el

2119 1422 2381 1494 ἀληθινῷ,
2421 1423 2518 1476 καὶ
2562 1421 2668 1491 μὴν
2693 1421 2788 1474 καὶ
2817 1419 3165 1488 δικαιοσύνης
3191 1417 3478 1486 γεγόνασιν
3504 1415 3705 1484 ἐπιμε-

451 1503 701 1557 omnibus
732 1503 992 1555 virtutum
1022 1515 1403 1569 g‘ermanarum
1429 1503 1734 1560 actionibus
1780 1506 2014 1576 insignes

2119 1511 2282 1583 ληταὶ
2308 1554 2323 1578 ,
2375 1512 2471 1565 καὶ
2518 1511 2759 1574 ἁπάσαις
2808 1508 3229 1580 ἀγαθοεργείαις
3272 1506 3333 1561 εὖ
3379 1507 3524 1578 μάλα
3568 1517 3703 1558 κατ·

449 1593 739 1648 admodum
778 1600 833 1644 et
870 1590 1002 1646 clari
1029 1591 1269 1657 fuerunt,
1317 1601 1374 1648 et
1399 1594 1450 1647 in
1481 1593 1585 1649 [ide
1617 1595 1940 1660 immobiles,
1971 1604 2014 1652 el

2127 1601 2473 1670 ἐστεμμένοι,
2494 1600 2591 1652 καὶ
2611 1597 2926 1668 γνησιότητι
2956 1596 3350 1667 διαπρέποντες
3371 1625 3388 1660 ,
3418 1593 3515 1647 καὶ
3543 1591 3699 1646 ἀκλό-

449 1682 505 1736 in
539 1682 688 1737 omni
719 1694 927 1750 genere
968 1681 1230 1736 bonitatis
1260 1685 1567 1739 exercitati.
1612 1685 1711 1740 Ast
1761 1686 1851 1740 ubi
1882 1684 2014 1742 fame

2124 1707 2276 1761 νητοι
2305 1691 2408 1760 τὴν
2440 1689 2655 1753 πίστιν,
2685 1689 2782 1743 καὶ
2816 1691 2927 1744 πᾶν
2955 1683 3094 1751 εἶδος
3121 1685 3423 1750 ἐπιεικείας
3451 1685 3701 1755 ἐπήσκη-

449 1772 711 1842 compulsi
737 1771 1008 1842 Egyptiis
1030 1788 1090 1828 se
1118 1775 1613 1840 commiseuerunt,
1640 1776 1824 1845 ibique
1862 1777 2014 1846 longe

2124 1782 2299 1846 κότες.
2359 1781 2576 1852 Ἐπειδὴ
2622 1780 2682 1833 δέ
2729 1779 2892 1851 λιμοῦ
2957 1778 3374 1849 κατωθήσαντος
3431 1772 3701 1846 ἐπέμιξαν

451 1871 690 1933 tempore
717 1872 1153 1933 permanserunt,
1198 1879 1387 1920 eorum
1433 1866 1651 1938 posteri.
1676 1867 1812 1922 alios
1843 1881 2022 1923 mores

452 1952 764 2019 induerunt,
812 1953 1059 2024 aliosque
1083 1969 1280 2010 sensus
1329 1964 1385 2010 et
1415 1956 1778 2025 cogitationes
1814 1971 2023 2012 assum-

448 2053 692 2110 pserunt,
723 2043 1007 2114 indigenas
1049 2046 1119 2100 de
1162 2054 1362 2100 caetero
1413 2046 1614 2100 imitari
1663 2055 1967 2102 statuentes
2001 2087 2018 2114 ,

448 2140 826 2203 consuetaque
851 2135 1095 2204 patribus
1115 2174 1130 2199 ,
1175 2145 1231 2190 et
1260 2136 1522 2206 praeclare
1550 2138 1809 2208 praestita:
1837 2139 2015 2208 pieta-

451 2221 522 2275 tis
557 2235 781 2290 parvam
829 2223 1053 2279 omnino
1099 2224 1367 2279 rationem
1415 2225 1694 2283 ducentes.
1745 2230 2019 2286 Adoraveo

447 2321 574 2365 runt
595 2312 741 2366 enim
778 2331 798 2365 ι
842 2323 1149 2369 creaturam
1195 2315 1378 2384 potius
1406 2330 1572 2385 quam
1600 2317 1910 2374 Creatorem
1933 2320 2015 2386 “,

445 2413 502 2456 et
528 2417 696 2470 opera
729 2419 988 2458 manuum
1013 2420 1236 2461 suarum
1276 2408 1344 2473 ⁸⁵,
1379 2425 1400 2458 ι
1443 2408 1586 2462 sicut
1612 2409 1872 2480 scriptum
1915 2421 2015 2467 est.

448 2491 528 2546 Eo
558 2501 741 2547 autem
789 2492 1214 2549 abominationis
1268 2495 1522 2551 abierunt
1569 2506 1624 2552 et
1665 2500 1740 2552 ita
1796 2499 2020 2568 profane

444 2582 613 2636 vitam
653 2583 1005 2648 transierunt,
1038 2591 1098 2638 ut
1145 2584 1237 2638 vix
1284 2584 1451 2639 ullum
1503 2587 1864 2656 improbitatis
1911 2590 2021 2660 2ο

445 2672 664 2726 modum
717 2673 927 2729 discere
975 2683 1031 2728 et
1079 2675 1380 2730 consectari
1424 2679 1890 2744 praetermiserim.
1939 2682 2019 2736 Ac

443 2763 578 2817 mihi
609 2777 742 2818 sane
769 2763 910 2818 idem
943 2764 1047 2818 illis
1096 2766 1311 2828 videtur
1358 2767 1666 2832 accidisse,
1719 2771 1862 2838 quod
1899 2786 2017 2824 mu-

443 2853 565 2908 lieri
595 2854 828 2919 sapienti
865 2869 966 2910 nec
992 2855 1238 2925 ignobili,
1269 2871 1391 2926 qua:
1447 2858 1690 2916 moribus
1733 2862 1845 2916 suis
1885 2863 2016 2917 reli-

2121 1873 2463 1941 Αἰγυπτίοις,
2497 1868 2616 1925 είτα
2650 1873 2896 1943 μακροὺς
2927 1873 3106 1924 ἐκεῖσε
3139 1867 3542 1923 διατετελέκασι
3568 1864 3702 1936 χρό-

2122 1980 2267 2030 νους,
2291 1965 2380 2016 ἐτε
2390 1964 2640 2035 ρότροποί
2667 1980 2726 2016 τε
2782 1963 2876 2016 καὶ
2903 1959 3337 2032 ἐτερογνώμονες
3358 1959 3407 2011 οἱ
3431 1957 3490 2023 ἐξ
3514 1956 3700 2009 αὐτῶν

2121 2056 2399 2126 γεγόνασι,
2432 2058 2547 2119 τοῖς
2570 2055 2680 2108 τῶν
2703 2052 3058 2108 ἐνοικούντων
3093 2051 3274 2104 ἐθεσιν
3305 2048 3532 2104 ἕπεσθαι
3557 2049 3698 2120 ᾑρη-

2125 2147 2278 2217 μένοι
2300 2146 2508 2211 λοιπὸν,
2543 2147 2639 2200 καὶ
2671 2145 2830 2213 ὀλίγα
2856 2143 3133 2206 παντελῶς
3157 2143 3259 2213 τῆς
3279 2145 3393 2206 τοῖς
3422 2141 3700 2211 πατράσιν

2121 2236 2404 2309 ἐντριῦοῦς
2447 2238 2542 2291 καὶ
2573 2235 2868 2306 ἐξαιρέτως
2916 2232 3361 2303 κατορθουμένής
3410 2229 3701 2291 εὐσεϐείας

2120 2327 2568 2399 πεφροντικότες,
2622 2325 3112 2396 Προσκεκυνήκασι
3159 2321 3268 2392 γὰρ
3326 2339 3346 2372 ι
3379 2321 3459 2391 Τῇ
3519 2319 3701 2372 κτίσει

2120 2418 2274 2490 παρά
2298 2418 2394 2472 τὸν
2416 2416 2698 2484 κτίσαντα,
2726 2417 2822 2470 καὶ
2864 2418 2977 2479 τοῖς
3007 2415 3192 2486 ἔργοις
3215 2411 3324 2466 τῶν
3355 2411 3557 2481 χειρῶν
3600 2411 3704 2464 αύ-

2118 2514 2251 2577 τῶν,
2291 2531 2310 2564 ι
2355 2510 2502 2565 καθὰ
2551 2511 2882 2582 γέγραπται.
2930 2506 3257 2577 Κατῲχοντο
3308 2505 3365 2558 δέ
3411 2503 3704 2575 βδελυρίας

2121 2605 2202 2667 είς
2223 2600 2385 2657 τοῦτο
2436 2604 2534 2656 καὶ
2562 2601 2792 2673 βεϐήλου
2825 2600 2993 2670 ζωῆς,
3025 2598 3100 2662 ὡς
3127 2598 3267 2667 τάχα
3292 2613 3395 2650 που
3427 2595 3705 2666 φαυλότη-

2117 2713 2210 2758 τος
2252 2696 2456 2765 τρόπον
2497 2695 2641 2766 ἔχειν
2690 2693 3110 2763 ἀνεπιτήδευτον
3154 2689 3436 2751 παντελῶς
3481 2689 3698 2743 οὐδένα.

2120 2787 2229 2840 Καί
2264 2787 2354 2857 μοί
2400 2803 2455 2839 τι
2495 2786 2690 2840 παθεῖν
2729 2784 2945 2838 δοκοῦσι
2995 2784 3225 2845 τοιοῦτο,
3258 2783 3396 2851 ὅπερ
3429 2781 3498 2834 ἂν
3533 2779 3705 2836 πάθοι

2118 2876 2256 2946 γυνὴ
2296 2881 2435 2945 σοφή
2468 2893 2528 2929 τε
2562 2876 2657 2929 καὶ
2689 2874 2936 2945 εὐγενής,
2971 2875 3066 2926 τὸν
3100 2875 3197 2944 μὲν
3225 2873 3422 2942 ἑαυτῆς
3462 2870 3706 2941 μεθεῖσα

441 2945 568 3008 etis,
631 2953 688 2999 et
724 2945 1026 3000 honestatis
1060 2961 1122 3001 ac
1153 2949 1436 3004 modestiae
1475 2951 1668 3006 studiis
1699 2953 1863 3008 etiam
1921 2967 2014 3007 va-

2121 2945 2344 3038 τρόπον,
2380 2968 2540 3036 μόνον
2568 2966 2626 3019 δὲ
2666 2965 2789 3035 οὐχὶ
2839 2967 2932 3018 καὶ
2973 2963 3250 3036 ἐρρῶσθαι
3283 2962 3548 3034 φράσασα
3587 2967 3705 3027 τοῖς

445 3034 558 3091 lcre
611 3034 800 3104 jussis,
847 3037 1025 3104 potius
1083 3037 1138 3091 in
1178 3039 1360 3108 Specie
1400 3049 1455 3095 et
1490 3043 1731 3098 vestibus
1777 3045 2020 3100 meretri-

439 3125 543 3180 ciis
580 3126 817 3195 conspici
840 3127 1099 3190 instituit.
1139 3129 1259 3196 Quo
1293 3131 1437 3186 enim
1470 3135 1630 3188 modo
1680 3135 1876 3190 mulier
1895 3136 2018 3192 talis

442 3216 684 3275 omnium
735 3217 1110 3285 voluptatibus
1156 3220 1353 3289 servit},
1399 3225 1578 3278 omnis
1629 3225 1895 3280 molestiae
1933 3241 2018 3282 se-

449 3319 606 3372 cura,
628 3305 816 3359 eodem
855 3307 1018 3360 modo
1049 3307 1226 3362 anima
1257 3310 1491 3366 hominis
1519 3312 1679 3366 simul
1709 3327 1774 3367 ac
1806 3314 2018 3368 aratio-

443 3397 604 3453 nibus
638 3397 858 3466 pietatis
883 3397 1182 3465 deﬂexerit,
1230 3401 1664 3474 charitatemque
1693 3418 1819 3473 erga
1853 3406 2016 3459 Deum

440 3488 594 3543 ﬂocci
625 3491 892 3558 penderit,
927 3498 983 3544 et
1043 3491 1110 3545 ad
1162 3490 1422 3564 Satanam
1477 3494 1845 3561 inclinaverit,
1901 3511 2016 3549 ma-

442 3579 709 3647 lignorum
732 3580 1018 3649 spirituum
1037 3583 1426 3650 cupiditatibus
1445 3585 1804 3654 obtemperat.
1829 3585 2017 3656 Itaque

445 3669 712 3723 fornicata
780 3679 861 3725 est
918 3672 1277 3740 Spiritualiter
1331 3676 1384 3729 in
1430 3674 1669 3745 Egypto
1709 3674 2014 3733 Judzeorum

441 3761 754 3833 Synagoga.
795 3761 1088 3818 Prostabat
1125 3767 1292 3832 enim,
1327 3779 1388 3821 ut
1433 3767 1569 3830 dixi,
1605 3768 1904 3825 daemonum
1931 3772 2018 3827 de-

440 3853 677 3919 sideriis,
720 3864 774 3908 et
799 3856 864 3910 ad
897 3871 1060 3911 omne
1099 3859 1462 3927 quodcunque
1503 3857 1608 3913 illis
1643 3859 2006 3929 collibuisset,

440 3958 549 3999 non
606 3944 825 3999 diliicile
881 3947 1212 4016 rapiebatur.
1271 3947 1538 4003 Caeterum
1593 3951 1672 4004 ita
1717 3953 2013 4021 projectam

439 4035 686 4090 visitavit
738 4035 1028 4092 miseratus
1053 4037 1216 4103 Deus,
1268 4047 1325 4092 et
1373 4039 1550 4094 denuo
1591 4043 1842 4109 pudicam
1893 4045 2016 4098 red-

439 4125 568 4180 dere
591 4125 807 4181 molitus
833 4135 938 4193 est,
955 4139 1010 4181 et
1033 4129 1422 4198 propemodum
1449 4133 1890 4187 contubernalem
1918 4135 2016 4187 im-

2119 3059 2202 3120 εὶς
2233 3057 2536 3127 εὐκοσμίαν
2559 3056 2988 3128 ἐπιτηδεύμασιν
3008 3071 3023 3084 °
3056 3054 3375 3126 ἀνῃρημένη
3399 3055 3457 3107 δέ
3494 3054 3706 3125 μᾶλλον

2117 3147 2180 3200 τὸ
2210 3148 2268 3201 ἐν
2300 3147 2430 3200 εἴδει
2488 3148 2583 3200 καὶ
2613 3148 2888 3217 σχήμασιν
2915 3146 3143 3216 ὁρᾶσθαι
3175 3146 3706 3217 πορνικοῖς.”ονπερ

2117 3238 2226 3308 γὰρ
2255 3239 2456 3308 τρόπον
2485 3239 2518 3307 ή
2561 3238 2742 3292 τοιάδε
2772 3237 2911 3308 γυνή
2945 3237 3046 3301 τὰς
3083 3238 3339 3292 ἁπάντων
3371 3237 3574 3306 ήδονάς
3611 3239 3703 3309 ἐφ’

2116 3330 2283 3399 ἑαυτῇ
2313 3329 2530 3399 πληροῖ,
2554 3329 2874 3400 δυσχερείας
2907 3329 3128 3401 ἁπάσης
3151 3328 3521 3401 ἐξῃρημένης,
3555 3330 3706 3386 οὕτω

2116 3421 2212 3473 καὶ
2245 3419 2532 3490 ἀνθρώπου
2567 3421 2734 3491 ψυχὴ,
2767 3420 2876 3474 τῶν
2905 3422 3006 3491 τῆς
3031 3421 3314 3485 εὐσεϐείας
3341 3423 3703 3478 ἀπονὲύσασα

2118 3513 2578 3584 σπουδασμάτων,
2598 3514 2694 3566 καὶ
2726 3515 2947 3584 ἀγάπης
2964 3514 3061 3583 τῆς
3090 3515 3169 3577 είς
3189 3514 3320 3567 Θεὸν
3348 3514 3702 3586 ἀλογήσασα,

2116 3607 2211 3658 καὶ
2243 3607 2694 3676 προσκεκλημένη
2728 3605 2806 3675 τῷ
2837 3607 3050 3675 Σατανᾷ
3071 3645 3085 3670 ,
3133 3607 3233 3668 τὰς
3277 3606 3385 3658 τῶν
3437 3607 3705 3678 πονηρῶν

2115 3699 2446 3768 πνευμάτων
2489 3697 2786 3768 ἐπιθυμίας
2836 3698 3162 3770 ἀποπληροῖ.
3215 3698 3427 3751 Οὐκοῦν
3490 3701 3705 3771 πεπόρ-

2116 3807 2306 3844 νευκεν
2330 3792 2387 3842 ἐν
2409 3789 2669 3859 Αἰγύπτῳ
2697 3790 2904 3861 νοητῶς
2934 3793 2968 3861 ή
2994 3791 3102 3843 τῶν
3138 3789 3404 3842 Ἰουδαίων
3435 3793 3703 3861 Συναγω-

2113 3882 2209 3951 γή.
2262 3880 2565 3951 Προῦκειτο
2600 3881 2730 3951 γὰρ,
2780 3881 2855 3944 ὡς
2902 3880 3061 3951 ἔφην,
3096 3881 3217 3941 ταῖς
3245 3879 3353 3932 τῶν
3398 3880 3703 3951 δαιμονίων

2115 3972 2434 4043 ἐπιθυμίαις
2476 3975 2556 4037 είς
2609 3975 2716 4026 πᾶν
2760 3972 2940 4026 ὁτιοῦν
2967 3972 3077 4024 τῶν
3107 3971 3291 4033 αὐτοῖς
3335 3970 3460 4023 καθ’
3497 3973 3703 4044 ἡδονὴν

2115 4064 2502 4135 ἀποφερομένη
2542 4065 2797 4127 εὐκόλως.
2859 4063 2999 4115 Ἀλλ’
3049 4061 3422 4114 ἐπεσκέπτετό
3480 4081 3543 4117 τε
3605 4067 3704 4119 atati.

2112 4153 2261 4224 ήλέει
2307 4155 2436 4217 Θεὸς
2507 4154 2605 4225 τὴν
2651 4154 2793 4207 οὓτω
2838 4153 3249 4224 διερῤιμμένην,
3298 4153 3389 4204 καὶ
3437 4155 3703 4228 σώφρονα

439 4229 628 4282 puram
666 4215 832 4279 illam,
871 4217 965 4283 qui
1009 4227 1093 4273 est
1139 4219 1382 4272 omnium
1434 4223 1770 4277 castissimus
1815 4233 1870 4277 et
1911 4238 2009 4292 pu-

2115 4215 2278 4300 πάλιν
2327 4215 2494 4317 αὐτὴν
2537 4215 2854 4315 ἀποφαίνειν
2895 4215 3086 4315 ἧθέᾇελ
3119 4215 3280 4314 μόνον
3319 4243 3376 4296 δὲ
3428 4215 3703 4317 οὺχλικαὶ

437 4305 711 4371 rissimus,
770 4315 824 4359 et
878 4317 1109 4363 matrem
1158 4309 1390 4364 ﬁliorum
1439 4311 1588 4378 fecit,
1643 4321 1698 4366 et
1739 4315 2008 4371 cbaritate

2117 4338 2360 4392 σύνοικον
2407 4305 2579 4391 ἐποίει
2622 4305 2721 4408 τήν
2771 4305 2998 4406 βέϐηλον
3060 4335 3089 4387 ὁ
3143 4335 3421 4404 πάναγνός
3603 4340 3704 4394 καὶ

436 4397 687 4465 dignatus
721 4407 824 4462 est,
864 4411 1086 4470 propter
1117 4409 1300 4456 natum
1356 4417 1424 4457 ex
1468 4419 1532 4458 ea
1563 4405 2004 4476 primogenitum,

2114 4431 2370 4502 καθαρὸς,
2420 4431 2514 4484 καὶ
2562 4397 2782 4483 τέκνων.
2814 4397 2986 4482 ἐποίει
3039 4428 3271 4499 μητέρα,
3303 4397 3414 4481 ’καί
3465 4431 3699 4502 ἀγάπης

435 4486 539 4539 hoc
571 4497 656 4541 est
687 4486 923 4557 Jezrael,
985 4491 1128 4560 quod
1177 4491 1370 4548 Latine
1413 4504 1589 4559 sonat,
1650 4513 1824 4552 semen
1881 4498 2002 4555 Dei.

2114 4486 2281 4591 ﬁgiou,
2429 4523 2520 4575 τὸν
2547 4522 2605 4586 ἐξ
2635 4523 2806 4591 αὐτῆς
2834 4486 3124 4592 γενόμενον
3147 4486 3704 4591 π’ρωτότοκονίτουτλ

434 4578 578 4646 Ergo
618 4576 812 4633 Oscam
851 4582 903 4635 in
941 4582 1254 4652 imaginem,
1283 4593 1338 4637 et
1378 4595 1559 4656 typum
1587 4588 2003 4654 sapientissimae

2114 4576 2226 4669 ἐστι
2257 4576 2348 4668 τὸν
2424 4576 2687 4684 Ἰεξραὲλ,
2733 4576 2804 4678 δῖ
2846 4576 3221 4683 ’ἑρμηνεύεται
3264 4613 3469 4681 σπορὰ
3507 4576 3697 4668 Θεοῦ.

434 4670 592 4738 hujus
627 4673 1121 4730 administrationis
1155 4674 1248 4728 Dei
1303 4677 1572 4732 delectum
1621 4679 1855 4735 intuere.
1895 4682 2008 4738 ϐοι-

2114 4710 2253 4779 Ὄρα
2293 4707 2357 4778 δὴ
2396 4703 2487 4760 οὖν
2521 4709 2602 4771 είς
2634 4707 2818 4759 είκόνα
2860 4707 2956 4757 καὶ
2998 4703 3167 4757 τύπον
3211 4702 3319 4756 τῶν
3362 4704 3516 4758 οὕτω
3557 4724 3702 4758 παν-

2108 4801 2285 4869 σόφως
2326 4797 2793 4868 οίκονομηθέντων
2835 4794 2986 4865 παρά
3038 4793 3174 4847 Θεοῦ
3223 4792 3548 4864 τεθειμένον
3604 4796 3700 4849 τὸν

2119 4890 2295 4962 Ὠσηέ.
2348 4890 2683 4943 Συνάπτεται
2722 4890 2790 4957 τῇ
2820 4887 3023 4957 Γόμερ,
3059 4885 3232 4956 πόρνῃ
3262 4887 3517 4953 γυναικὶ,
3559 4903 3701 4957 προ-

2103 4981 2278 5051 φήτης
2307 4977 2481 5046 ἅγιος.
2499 4977 2564 5030 Ἦ
2591 4976 2648 5029 δέ
2676 4976 2896 5030 τέτοκεν
2921 4974 3072 5046 αὐτῷ
3100 4974 3193 5027 τὸν
3235 4972 3504 5044 Ἰεζραέλ.
3534 4975 3702 5030 Οὕτω

2102 5071 2196 5124 καὶ
2220 5069 2351 5133 Θεὸς
2383 5067 2567 5121 ἐκάλει
2597 5066 2734 5140 πρὸς
2783 5066 3093 5136 οἰκειότητα
3135 5063 3222 5117 διὰ
3265 5063 3361 5116 τοῦ
3406 5067 3698 5136 πανσόφου

2101 5163 2366 5226 Μωσέως,
2432 5161 2531 5232 τὴν
2579 5160 2688 5213 τῶν
2733 5159 3000 5211 Ἰουδαίων
3052 5155 3405 5227 Συνανωγὴν,
3459 5159 3561 5212 καὶ
3613 5160 3699 5222 είς

2102 5254 2390 5309 κοινωνίαν
2429 5251 2829 5323 πνευματικὴν,
2873 5250 2963 5303 διὰ
3011 5249 3102 5302 τὸν
3129 5249 3189 5315 ἐξ
3220 5247 3396 5319 αὐτῆς
3427 5251 3696 5322 ἐσόμενον

2102 5347 2465 5420 πρωτότοκον,
2491 5345 2756 5411 τουτέστι,
2789 5343 3047 5416 Χριστὸν,
3079 5344 3138 5406 ὃς
3169 5343 3283 5394 ἐστι
3336 5343 3524 5413 σπορὰ
3553 5342 3695 5396 Θεοῦ

2104 5439 2246 5494 κατὰ
2289 5439 2350 5492 τὸ
2377 5438 2596 5510 ἀληθές.
2643 5437 2939 5508 Γεγένηται
2983 5435 3092 5512 γὰρ
3123 5435 3185 5488 ἐκ
3228 5433 3451 5505 Πατρὸς
3478 5437 3508 5489 ὁ
3538 5435 3695 5502 Υἱὸς,

2104 5533 2199 5590 καὶ
2227 5534 2274 5586 εί
2304 5531 2496 5603 γέγονε
2531 5531 2685 5602 σάρξ.

433 4762 652 4830 pulatur
680 4763 886 4818 Gomer
916 4765 1125 4820 mulieri
1156 4768 1431 4821 meretrici
1461 4770 1722 4839 prOpheta
1746 4784 2001 4842 sanctus;

432 4854 523 4908 illa
555 4855 602 4908 ei
636 4857 846 4924 peperit
879 4855 1111 4911 Jesrael.
1139 4855 1216 4910 lta
1246 4859 1384 4913 Deus
1413 4875 1510 4928 per
1536 4863 2000 4930 sapientissimum

431 4943 652 5014 Moysen
703 4945 1011 5000 .Iudteorum
1074 4944 1420 5017 Synagogam
1484 4950 1553 5004 ad
1605 4953 1903 5008 amicitiam
1950 4966 2006 5010 et

430 5037 868 5091 communionem
921 5037 1263 5105 spiritualem
1321 5042 1579 5105 vocabat,
1637 5054 1861 5114 prepter
1907 5062 2006 5100 na-

432 5127 698 5179 sciturum
733 5139 801 5178 οι
833 5139 898 5178 ea
932 5125 1377 5196 primogenitum,
1427 5130 1674 5187 videlicet
1699 5133 2002 5202 Christum,

431 5216 522 5284 qui
545 5229 733 5270 revera
765 5222 849 5269 est
877 5227 1062 5270 semen
1095 5216 1210 5270 Dei.
1245 5215 1420 5276 Natus
1446 5230 1532 5278 est
1570 5225 1714 5280 enim
1744 5239 1811 5281 ex
1842 5226 2005 5283 Patre

430 5305 625 5374 Filius,
650 5305 902 5375 quamvis
923 5319 1054 5362 caro
1071 5305 1252 5364 lactus
1272 5311 1363 5366 sit.

503 5678 548 5714 ⁸⁸
571 5680 731 5740 Rom.
755 5701 796 5756 ι,
823 5684 915 5744 25.
993 5689 1036 5766 ε’
1077 5689 1238 5750 Mich.
1274 5705 1327 5761 v,
1365 5692 1451 5748 l2.

1576 5840 1606 5849 ψ-
