4094 6456
340 293 408 349 ιι
1286 286 1843 345 COMMENTARIUS
1887 286 1952 340 IN
1995 285 2231 341 OSEAM
2271 285 2717 342 PROPIIETAM.
3571 292 3645 342 42

424 407 657 477 Ἐπειδὴ
686 408 743 461 δὲ
772 408 875 460 οὐκ
902 406 968 460 ἂν
999 407 1202 478 ἑτέρως
1233 408 1445 475 γένοιτο
1495 406 1675 477 σαφής
1738 408 1831 459 καὶ
1861 407 1949 458 εύ-

2128 405 2393 471 Quoniatn
2440 419 2565 457 vero
2595 402 2893 473 spiritualis
2931 400 3384 458 considerationis
3427 399 3648 456 collatio

343 501 685 573 κρινεστάτη
715 500 820 569 τῆς
869 500 1250 570 πνευματικῆς
1280 501 1516 571 Θεωρίας
1548 503 1584 570 ή
1620 498 1947 569 παράθεσις,

346 593 425 661 μή
445 591 898 661 παρενεχθέντων
910 592 994 653 είς
1012 590 1176 660 μέσον
1200 589 1299 644 τῶν
1319 590 1609 662 ίστορικῶς
1625 590 1949 658 γεγονότων,

341 683 511 753 φέρε,
542 681 711 735 πάλιν
745 680 930 735 αὐτῶν
963 681 1360 752 ἐπιμνήσομαι.
1389 680 1517 736 “Ott
1550 681 1649 751 μὲν
1681 675 1776 734 οὖν
1798 680 1951 743 πόλις

341 774 378 841 ἠ
426 770 700 842 Ἰεζραὲλ,
736 771 1202 842 προαπήγγελκεν
1251 773 1385 841 ἡμῖν
1433 770 1684 843 ἐναργῶς
1725 770 1949 840 ὁλόγος.

357 862 511 915 Ἀλλ’
543 863 620 925 ὼς
650 864 718 915 ἐκ
756 862 970 923 πόλεως
998 862 1098 931 τῆς
1136 861 1377 933 Ἰεζραὲλ
1434 862 1688 934 σημαίνει
1719 862 1812 915 τὸν
1846 862 1954 916 Να-

340 955 571 1021 ϐουθαὶ,
596 954 767 1019 τύπος
799 955 845 1009 δ’
881 955 949 1008 ἂν
975 954 1191 1023 γένοιτο
1218 954 1315 1007 καί⁸
1335 953 1497 1018 αὐτὸς
1525 955 1628 1026 τῆς
1655 956 1714 1009 ἐν
1732 953 1953 1025 Χριστῷ

338 1046 656 1115 νοουμένης
696 1044 1041 1115 οἰκονομίας.
1089 1043 1493 1115 Ἐρμηνεύεται
1522 1043 1580 1097 δὲ
1626 1044 1721 1098 καὶ
1766 1044 1950 1109 αὐτὸς,

337 1138 686 1208 ἐρχόμενοςο
717 1136 947 1207 ὀνόματι
997 1136 1055 1189 δὲ
1103 1135 1183 1207 τῷ
1223 1136 1412 1208 τοιῷδε
1459 1136 1552 1191 τὸν
1605 1136 1953 1210 Ἐμμανουήλ

341 1230 623 1299 σημαίνει
666 1230 989 1293 πλειστάκις
1017 1228 1081 1281 τὸ
1111 1228 1355 1300 Γράμμα
1397 1228 1462 1283 τὸ
1508 1228 1673 1299 ἱερόν.
1722 1228 1953 1301 Εἴρηται

341 1321 455 1390 μὲν
496 1317 592 1374 οὖν
633 1320 771 1391 πρὸς
818 1320 911 1375 τὸν
944 1319 1214 1391 μακάριον
1248 1322 1540 1393 προφήτην
1596 1322 1949 1394 Ἀϐϐακούμο

345 1413 520 1465 «Ἔτι
556 1412 774 1482 μικρὸν,
820 1414 851 1465 6
901 1411 1199 1483 ἐρχόμενος
1238 1410 1383 1483 ἥξει,
1424 1413 1520 1469 καὶ
1556 1414 1619 1467 οὐ
1666 1417 1890 1489 χρονιεῖ.
1927 1434 1947 1467 ι

339 1502 567 1555 Ψάλλει
589 1502 648 1555 δέ
671 1520 774 1557 που
821 1504 916 1556 καὶ
940 1504 969 1556 ό
994 1502 1181 1569 Δαϐὶδ,
1212 1522 1231 1555 ι
1256 1503 1640 1575 Εὐλογημένος
1660 1508 1689 1560 6
1724 1507 1954 1577 ἐρχόμε-

338 1611 440 1657 νος
474 1597 538 1649 έν
564 1594 793 1664 ὀνόματι
824 1594 1053 1666 Κυρίου.
1094 1613 1113 1646 ι
1170 1596 1283 1650 Καὶ
1310 1595 1420 1667 μήν
1468 1597 1565 1651 καὶ
1610 1598 1775 1662 αὐτὸς
1797 1599 1825 1652 ό
1870 1598 1953 1653 θε-

342 1688 586 1751 σπέσιος
610 1688 923 1759 Βαπτιστής
954 1689 1277 1743 ἀποστέλλει
1307 1691 1463 1754 τινάς
1484 1691 1594 1745 τῶν
1620 1692 1816 1747 ἑαυτοῦ
1843 1711 1949 1764 μα-

340 1776 540 1848 θητῶν
568 1778 710 1849 πρὸς
752 1779 843 1833 τὸν
880 1753 1084 1849 Κύριον
1113 1779 1273 1850 ήμῶν
1308 1780 1516 1851 Ἰησοῦν
1558 1783 1816 1852 Χριστὸν,
1843 1753 1954 1839 'xal.
1984 1753 2028 1809 Β

337 1870 413 1941 δὴ
448 1870 846 1925 διεπυνθάνετο
874 1871 1073 1940 λέγων,
1136 1890 1154 1924 ι
1185 1873 1258 1926 Σὺ
1288 1868 1342 1926 εἴ
1365 1875 1394 1927 6
1427 1874 1744 1945 ἐρχόμενος,
1772 1876 1806 1948 ἠ
1838 1878 1957 1933 ἕτε-

345 1979 447 2032 ρον
476 1960 917 2033 προσδοκῶμεν;
951 1981 970 2015 ι
1008 1964 1133 2017 Ὀτι
1177 1964 1238 2017 δὲ
1266 1959 1335 2036 ἦν
1367 1965 1449 2028 είς
1484 1967 1667 2020 εἰκόνα
1690 1965 1953 2039 Χριστοῦ,

342 2056 448 2107 καὶ
464 2054 632 2108 τοῦτο
654 2053 845 2123 σαφῶς
868 2057 933 2108 ὲκ
954 2055 1065 2109 τῶν
1084 2057 1172 2109 ἐπ’
1195 2056 1347 2128 αὑτῷ
1369 2059 1777 2130 γεγραμμένων
1808 2063 1955 2115 εἰσό-

345 2147 521 2217 μεθα.
568 2146 870 2218 Ἐπεθύμει
909 2146 1010 2219 μὲν
1040 2148 1150 2219 γὰρ
1176 2150 1206 2202 6
1249 2149 1457 2220 ’Δχαάϐ
1504 2154 1955 2224 κατακτήσασθαι

342 2237 445 2290 τὸν
474 2236 783 2306 ἀμπελῶνα
827 2235 995 2289 αὑτοῦ
1013 2274 1029 2300 ,
1059 2236 1153 2289 καὶ
1189 2237 1268 2300 είς
1296 2237 1471 2308 κῆπον
1502 2237 1752 2309 λαχάνων
1789 2256 1956 2309 μετα-

356 2330 644 2384 σκευάσαι
686 2329 749 2381 τὸ
778 2328 952 2393 οὕτως
1001 2329 1283 2400 ἐξαίρετον
1319 2330 1538 2401 χωρίον.
1579 2332 1637 2386 '0
1666 2331 1726 2385 δὲ
1786 2334 1958 2402 ἠγαν-

346 2422 515 2476 άκτει
551 2420 692 2490 πρὸς
707 2417 888 2484 τοῦτο,
909 2420 1003 2474 καὶ
1030 2419 1105 2484 ὡς
1125 2421 1225 2474 οὐκ
1250 2423 1317 2476 ἂν
1342 2426 1584 2497 προϊοιτο
1601 2438 1731 2477 ποτε
1756 2423 1847 2477 τὸν
1861 2422 1955 2477 τοῦ

346 2512 568 2584 πατρὸς
615 2512 955 2583 ἀμπελῶνα,
995 2512 1361 2585 διισχυρίζετο
1405 2515 1615 2584 σαφῶς.
1678 2533 1698 2567 t
1735 2517 1827 2588 Μή
1866 2534 1957 2586 μοι

346 2605 473 2677 γὰρ
496 2605 736 2673 γένοιτο,
768 2604 927 2674 φησὶ,
954 2604 1247 2676 προδοῦναι
1281 2604 1583 2675 ἀμπελῶνα
1615 2607 1827 2678 πατρός
1850 2606 1955 2679 μού

348 2714 461 2750 σοι.
498 2715 518 2746 ι
568 2696 791 2766 Ἐπειδὴ
827 2696 887 2750 δὲ
918 2696 1079 2758 τοῦτο
1116 2696 1438 2768 μεμάθηκεν
1468 2698 1502 2768 ή
1530 2697 1791 2771 θεομισὴς
1862 2701 1958 2754 καὶ

347 2788 591 2859 βέϐηλος
632 2786 897 2853 Ἰεζάϐελ,
937 2788 972 2859 ἠ
1022 2789 1149 2852 τοὺς
1184 2788 1474 2860 προφήτας
1515 2788 1809 2855 διώκουσα,
1863 2792 1959 2846 καὶ

345 2882 467 2944 τοϊς
493 2880 728 2943 δικαίοις
754 2879 1205 2945 ἐπιϐουλεύουσα,
1235 2882 1558 2954 δυστρόφοις
1588 2885 1959 2957 ἐπιχειρήμα-

348 2992 436 3028 σιν
494 2974 884 3045 ὲξεμηχανᾶτο
919 2972 1001 3043 τῷ
1045 2973 1239 3045 δικαίῳ
1265 2975 1357 3030 τὸν
1383 2976 1563 3047 φόνον.
1616 2978 1728 3033 Καὶ
1767 2978 1832 3050 δὴ
1866 2981 1960 3034 καὶ

345 3066 715 3137 ἀναιρεθῆναι
764 3066 1263 3137 παρασκευάσασα,
1310 3067 1669 3139 κληρονομεῖν
1733 3069 1959 3126 ἐκέλευε
1988 3094 2029 3152 C

344 3159 426 3229 τῷ
476 3158 847 3229 συνῳκηκότι,
912 3159 1059 3230 φημὶ
1096 3159 1160 3232 δὴ
1193 3160 1273 3231 τῷ
1311 3160 1539 3232 Ἀχαάϐ.
1588 3163 1713 3216 Ἐπὶ
1751 3162 1961 3229 τούτοις

344 3251 588 3314 εἰκότως
622 3248 926 3320 ἠγανάκτει
955 3250 1108 3316 Θεὸς,
1141 3253 1236 3305 καὶ
1264 3251 1329 3323 δή
1377 3254 1473 3307 καὶ
1515 3254 1830 3325 ὲκδικήσειν
1864 3257 1962 3309 ἑπ-

343 3340 691 3411 αγγέ).λεται
738 3340 799 3395 τὸ
846 3336 987 3413 αἷμα
1029 3342 1124 3395 τοῦ
1168 3341 1429 3414 Ἰεζραέλ.
1496 3343 1790 3416 Ἀνῄρηται
1830 3345 1961 3414 γοῦν

359 3430 583 3501 Ἀχαὰϐ
616 3429 725 3483 ὑπὸ
776 3431 940 3502 Ἰηοῦ,
980 3432 1233 3503 καθάπερ
1267 3433 1370 3504 ἠδη
1401 3434 1763 3504 προείπομεν,
1789 3450 1960 3506 προσ-

344 3524 515 3594 ετέθη
550 3523 613 3576 δὲ
647 3522 800 3593 αὐτῷ
834 3524 929 3577 καὶ
956 3524 991 3594 ἡ
1021 3524 1382 3595 παμπόνηρος
1432 3524 1689 3589 Ἰεζάϐελ.
1719 3526 1855 3596 Φέρε
1893 3526 1961 3597 δὴ

343 3612 463 3678 οὖν,
522 3616 607 3677 εἰς
655 3614 893 3683 Χριστὸν
920 3614 1283 3686 ἀναφέρωμεν
1327 3616 1396 3669 τά
1428 3615 1505 3679 ὡς
1551 3618 1609 3669 ὲν
1652 3617 1808 3686 τύπῳ
1847 3618 1960 3680 τοῖς

346 3706 530 3759 πάλαι
578 3704 949 3775 γεγενημένα.
1002 3705 1060 3758 Ὀ
1091 3706 1190 3775 μὲν
1221 3706 1331 3777 γὰρ
1381 3707 1669 3778 προφήτης
1707 3707 1955 3771 Ἡσαΐας,

346 3799 432 3850 ὅτι
468 3815 490 3847 ‹
544 3793 842 3866 Ἀμπελὼν
874 3794 1111 3865 ἐγενήθη
1140 3795 1219 3865 τῷ
1248 3795 1597 3866 ἠγαπημένῳ
1641 3797 1699 3849 ὲν
1744 3797 1955 3867 κέρατι,

349 3893 409 3941 ὲν
448 3888 613 3959 τόπῳ
645 3886 815 3940 πίονι.
852 3905 873 3939 ι
932 3886 1045 3940 Καὶ
1070 3882 1139 3957 ἠν
1179 3888 1208 3940 6
1250 3887 1511 3957 ἀμπελὼν
1544 3888 1831 3959 ἄνθρωπος
1863 3887 1956 3941 τοῦ

362 3980 569 4044 Ἰούδα,
605 3978 892 4049 νεόφυτον,
924 3980 1308 4051 ἠγαπημένον.
1348 3980 1490 4033 Ἀλλ’
1524 3982 1574 4033 oi.
1603 3979 1698 4033 τοῦ
1746 3981 1960 4051 Ἰσραὴλ

348 4072 685 4142 ἡγούμενοι,
738 4065 813 4124 ὧν
865 4070 934 4125 ἂν
982 4069 1068 4142 εἴη
1117 4071 1211 4126 καὶ
1255 4070 1425 4135 τύπος
1473 4072 1502 4123 ὁ
1563 4071 1768 4141 ’Δχαὰϐ
1804 4070 1958 4141 βασι-

346 4162 557 4226 λεύων,
590 4159 951 4229 ἐπεθύμησαν
980 4157 1123 4229 ἔχειν
1166 4159 1261 4213 τὸν
1304 4159 1603 4230 ἀμπελῶνα
1634 4160 1800 4214 αὑτοῦ
1820 4177 1834 4190 ·
1861 4161 1960 4231 οὐχ

348 4254 440 4307 ἶνα
550 4251 760 4322 κλῆρος
812 4249 1111 4320 ἐξαίρετος,
1156 4251 1459 4317 τουτέστιν,
1504 4250 1803 4322 ἀμπελών’
1842 4252 1959 4305 ἀλλ’

347 4347 441 4399 ἵνα
476 4345 839 4416 χερσώμενος
897 4344 1074 4415 κῆπος
1102 4342 1315 4410 γένοιτο
1346 4343 1629 4413 λαχανίας,
1658 4343 1958 4412 τουτέστιν,

2055 497 2339 566 perspicua
2391 495 2797 563 dijudicatuque
2822 493 3078 549 facillima
3103 494 3264 549 aliter
3298 493 3412 547 tieri
3440 492 3644 561 nequit,

2056 589 2159 644 nisi
2177 603 2357 642 rerum
2380 597 2655 657 gestarum
2676 586 2917 643 historia:
2936 586 3241 640 inmedium
3260 584 3647 653 producantur,

2056 693 2176 749 age,
2201 679 2397 734 iterum
2437 692 2628 733 earum
2674 676 3005 731 mentionem
3036 675 3322 731 faciamus.
3348 672 3649 729 Jezraelctn

2056 769 2224 825 fuisse
2245 769 2551 834 civitatem,
2574 775 2736 823 antea
2763 768 2913 824 clare
2949 767 3256 824 docuimus.
3287 766 3394 822 Sed
3415 769 3559 835 quod
3579 781 3647 821 ex

2055 867 2277 923 civitate
2320 866 2533 923 Jezrael
2572 864 2783 922 Naboth
2834 864 3127 935 signiﬁcat,
3159 863 3325 917 etiam
3362 862 3450 918 hic
3490 871 3650 933 typus

2055 974 2177 1015 esse
2197 968 2363 1028 queat
2382 958 2725 1023 oeconomiae,
2751 971 2913 1026 quam
2944 955 2994 1009 in
3027 955 3248 1011 Christo
3279 954 3647 1023 intelligimus.

2056 1050 2189 1105 Nam
2230 1060 2285 1107 et
2320 1050 2469 1121 ipse
2515 1048 2729 1105 Naboth
2800 1047 3048 1104 redditur
3116 1046 3311 1103 Latine
3360 1054 3609 1100 venturus
3643 1089 3656 1109 ,

2056 1156 2162 1211 quo
2183 1141 2403 1196 nomine
2419 1140 2829 1196 Emmanuelem
2854 1139 3014 1194 toties
3037 1137 3322 1207 Scriptura
3349 1146 3539 1193 sancta
3583 1136 3661 1191 in-

2057 1233 2199 1287 dicat
2222 1232 2287 1287 “.
2311 1231 2525 1287 Dictum
2552 1242 2639 1288 est
2665 1244 2796 1301 ergo
2825 1230 2892 1285 ad
2914 1230 3135 1285 beatum
3162 1227 3449 1283 Habacuc:
3490 1243 3510 1277 ι
3540 1228 3659 1280 Ad-

2057 1322 2162 1377 huc
2183 1322 2479 1389 modicum,
2502 1331 2558 1379 et
2582 1322 2802 1377 veniens
2824 1321 3024 1385 veniet,
3050 1329 3105 1375 et
3126 1334 3231 1375 non
3257 1319 3491 1373 tardabit
3518 1318 3588 1370 θτ.
3632 1336 3650 1366 ι

2055 1414 2241 1470 Psallit
2260 1425 2314 1472 et
2340 1414 2508 1469 David
2531 1414 2763 1484 quodam
2787 1414 2904 1470 loco
2935 1428 2949 1465 :
2985 1431 3004 1463 ι
3035 1412 3363 1467 Benedictus
3381 1412 3473 1481 qui
3501 1410 3654 1464 venit

2056 1505 2110 1560 in
2140 1507 2359 1561 nomine
2386 1505 2599 1560 Domini
2625 1505 2692 1559 ⁸⁸.
2737 1525 2755 1557 ι
2792 1505 2933 1573 Quin
2965 1514 3021 1558 et
3054 1506 3169 1575 ipse
3207 1504 3363 1558 divus
3410 1502 3649 1573 Baptista

2056 1599 2315 1664 quosdam
2348 1612 2379 1650 e
2404 1596 2688 1666 discipulis
2718 1596 2832 1651 suis
2864 1596 2968 1665 21
2989 1597 3056 1649 ad
3087 1594 3375 1650 Dominum
3398 1603 3649 1648 nostrum

2055 1683 2241 1741 Jesum
2261 1686 2542 1741 Christum
2568 1685 2692 1741 ideo
2721 1686 2891 1739 mittit
2914 1694 3323 1755 percunctatum
3356 1698 3374 1738 :
3417 1702 3436 1734 ι
3481 1683 3561 1738 Tu
3590 1699 3651 1739 es

2057 1778 2147 1847 qui
2176 1786 2437 1833 venturus
2468 1791 2550 1840 es.
2583 1791 2654 1833 an
2693 1776 2858 1833 alium
2889 1762 3271 1846 exspectamus
3293 1775 3380 1830 σοι
3409 1795 3427 1829 ι
3454 1774 3653 1832 Fuisse

2058 1880 2236 1925 autem
2254 1881 2307 1926 et
2328 1869 2465 1925 hanc
2493 1870 2722 1941 ﬁguram
2745 1869 2970 1935 Christi,
2990 1867 3145 1939 plane
3168 1882 3233 1923 ex
3264 1868 3333 1923 iis
3353 1882 3471 1936 quae
3493 1868 3560 1922 de
3584 1882 3651 1923 eo

2058 1963 2262 2031 scripta
2284 1972 2412 2018 sunt
2440 1963 2747 2033 perspicere
2773 1962 2920 2018 licet.
2939 1960 3264 2030 Concupivit
3289 1961 3434 2016 enim
3461 1960 3651 2016 Achab

2059 2053 2339 2122 possidere
2386 2055 2603 2111 vineam
2643 2052 2782 2123 ejus,
2834 2065 2890 2109 et
2924 2056 3102 2110 locum
3145 2063 3257 2108 tam
3294 2052 3555 2108 eximium
3595 2054 3650 2107 in

2058 2153 2275 2202 hortum
2296 2147 2571 2205 olitorium
2592 2160 2934 2204 convertere.
2955 2145 3167 2202 Nabath
3195 2147 3416 2217 indigne
3444 2145 3649 2210 ferens,

2058 2254 2165 2295 non
2198 2252 2259 2295 se
2279 2239 2491 2295 vineam
2512 2240 2683 2310 patris
2708 2240 2791 2296 sui
2816 2239 3172 2295 dimissurum
3196 2254 3456 2309 expresse
3485 2241 3652 2311 proti-

2061 2336 2236 2384 tetur:
2279 2348 2298 2382 ι
2328 2326 2606 2400 Pmpitius
2628 2330 2700 2386 sit
2722 2328 2855 2385 mihi
2884 2329 3049 2397 Deus,
3084 2330 3280 2401 inquit,
3317 2345 3386 2386 ne
3426 2331 3649 2400 prodam

2059 2419 2272 2475 vineam
2300 2421 2470 2490 patris
2493 2420 2601 2476 mei
2629 2420 2748 2477 tibi.
2794 2439 2815 2474 ι
2852 2420 2908 2475 ld
2932 2429 3220 2492 postquam
3250 2421 3481 2477 rescivit
3526 2420 3642 2477 Deo

2067 2511 2242 2567 invisa
2272 2552 2290 2580 ,
2337 2521 2394 2568 et
2442 2512 2607 2585 impia
2651 2512 2893 2579 Jezabel,
2946 2514 3333 2585 prophetarum
3386 2528 3649 2585 persecu-

2061 2602 2173 2659 trix
2203 2612 2261 2659 et
2282 2602 2559 2673 justorum
2597 2603 2931 2669 insidiatrix,
2966 2605 3247 2674 perversis
3277 2605 3652 2662 molitionihus

2053 2699 2205 2771 justo
2238 2700 2440 2755 caedem
2470 2708 2555 2754 est
2582 2699 2911 2756 machinata.
2970 2698 3143 2766 Quem
3177 2713 3301 2754 cum
3331 2699 3507 2755 occidi
3550 2714 3653 2756 cu-

2061 2796 2239 2845 rasset
2261 2827 2279 2855 ,
2318 2788 2576 2843 ruaritum
2606 2789 2796 2844 Achab
2818 2788 3098 2859 possidere
3143 2790 3357 2844 vineam
3379 2787 3547 2858 jussit
3569 2790 3644 2845 ⁷ο.

2061 2878 2243 2947 Quare
2280 2879 2477 2936 merito
2525 2880 2842 2951 indignatus
2902 2880 3071 2946 Deus,
3126 2881 3367 2936 ulturum
3423 2896 3485 2937 se
3524 2896 3655 2938 san-

2061 2972 2281 3042 guinem
2319 2969 2586 3027 Jezraelis
2616 2972 2885 3041 promisit.
2926 2971 3157 3029 Occisus
3197 2982 3438 3053 estergo
3463 2972 3653 3029 Achab

2064 3080 2095 3118 a
2124 3062 2287 3128 Jehu,
2318 3073 2377 3118 ut
2420 3063 2683 3131 diximus,
2736 3075 2792 3119 et
2823 3064 2986 3119 simul
3034 3065 3192 3135 longe
3233 3064 3641 3133 improbissima

2072 3152 2316 3209 Jezabel.
2350 3153 2469 3222 Age
2497 3153 2681 3224 igitur,
2731 3154 2799 3209 ad
2836 3152 3117 3209 Christum
3152 3152 3656 3218 accomrnodemus,

2065 3261 2188 3315 quae
2221 3246 2501 3301 veteribus
2535 3244 2685 3299 velut
2721 3246 2774 3300 in
2824 3255 2953 3317 typo
2992 3257 3147 3316 gesta
3185 3252 3336 3302 sunt.
3383 3242 3654 3313 Propheta

2064 3339 2210 3393 enim
2246 3338 2420 3393 Isaias
2444 3338 2519 3393 ait
2552 3356 2566 3392 :
2599 3356 2619 3389 ι
2650 3336 2822 3393 Vinea
2845 3337 2991 3393 facta
3015 3344 3100 3392 est
3146 3335 3345 3391 dilecto
3367 3335 3420 3389 in
3453 3349 3650 3401 cornu,

2067 3438 2119 3492 in
2161 3437 2281 3493 loco
2307 3437 2494 3508 pingui
2524 3438 2593 3493 “.
2646 3456 2667 3490 ι
2698 3436 2766 3493 Ει
2789 3445 2910 3493 erat
2935 3437 3094 3493 vinea
3135 3437 3298 3493 homo
3320 3433 3482 3502 Juda,
3510 3451 3654 3492 nova

2062 3530 2279 3598 planta,
2342 3531 2565 3587 dilecta.
2624 3530 2825 3586 Verum
2903 3531 3073 3587 duces
3127 3528 3337 3596 Israel,
3415 3544 3653 3598 quorum

2063 3620 2235 3690 ﬁgura
2291 3634 2415 3676 esse
2464 3620 2642 3690 possit
2690 3619 2882 3675 Achab
2928 3632 3206 3689 regnans,
3274 3618 3658 3674 desiderarunt

2063 3710 2267 3766 habere
2298 3711 2513 3765 vineam
2540 3709 2680 3779 ejus,
2710 3724 2818 3769 non
2846 3715 2907 3764 ut
2934 3718 3083 3765 esset
3128 3707 3422 3765 haereditas
3459 3709 3653 3775 electa,

2072 3801 2126 3857 id
2167 3810 2286 3866 est,
2334 3802 2493 3857 vinea
2528 3819 2544 3857 :
2576 3803 2672 3859 sed
2717 3810 2777 3857 ut
2807 3802 3024 3858 deserta
3071 3808 3127 3856 et
3178 3798 3382 3857 inculta
3464 3799 3657 3855 hortus

2062 3892 2269 3948 olerum
2299 3893 2471 3957 ﬂeret,
2489 3895 2591 3949 hoc
2611 3903 2715 3959 est,
2734 3903 2953 3963 propter
2979 3892 3347 3950 conditionem
3371 3892 3489 3949 sine
3504 3906 3655 3948 com-

2064 3987 2350 4057 paratione
2381 3986 2699 4042 inferiorem
2724 3988 3093 4056 dejiceretur:
3122 3985 3325 4041 etenim
3394 3984 3551 4041 vinea
3590 3985 3661 4039 ab

2065 4078 2223 4132 horto
2248 4070 2465 4133 olitorio
2506 4075 2738 4131 nimium
2771 4082 3039 4145 quantum
3072 4073 3277 4130 ditfert.
3328 4072 3396 4127 Et
3430 4073 3656 4143 quodin

2066 4169 2150 4223 his
2177 4169 2356 4224 adhuc
2404 4170 2628 4234 eminet,
2674 4184 2784 4224 non
2832 4176 2920 4223 est
2964 4168 3284 4225 obscurum.
3324 4164 3441 4222 Sub
3494 4166 3657 4221 Chri-

2065 4268 2207 4314 stum
2234 4260 2437 4329 quippe
2497 4260 2707 4316 redacti
2741 4258 3054 4315 Iudaeorum
3097 4258 3284 4329 pOpuli
3315 4298 3331 4325 ,
3388 4258 3659 4329 quomodo

2069 4368 2177 4405 non
2212 4352 2386 4405 vineis
2427 4351 2711 4419 palmitum
2772 4353 2932 4423 copia
2970 4350 3293 4409 ﬂorentibus
3335 4362 3393 4407 et
3437 4349 3658 4406 fertilis-

347 4438 448 4491 ιπὶ
505 4436 592 4506 τῷ
639 4436 961 4506 ἀσυγκρίτῳ
1010 4434 1233 4488 ἔλαττον
1284 4437 1673 4506 καταφέροιτο’
1728 4437 1957 4509 πλείστη

2066 4440 2221 4503 simis
2254 4440 2464 4496 similes
2493 4450 2652 4496 erant
2679 4440 2873 4506 futuri,
2904 4441 3246 4510 habendique
3272 4440 3340 4495 ab
3364 4438 3657 4495 omnibus?

346 4530 465 4598 γὰρ
514 4529 621 4596 ὅση
670 4528 851 4598 κήπου
907 4525 1160 4596 λαχάνων
1192 4525 1329 4597 πρὸς
1363 4527 1665 4598 ἀμπελῶνα
1703 4528 1956 4599 διαφορά.

2069 4527 2330 4584 Viventes
2363 4538 2544 4585 autem
2574 4528 2976 4585 Pharisaeorum
2996 4528 3264 4585 institutis
3301 4536 3357 4583 et
3389 4526 3658 4590 moribus,

350 4620 470 4674 Καὶ
533 4620 597 4671 τὸ
652 4618 735 4671 ἔτι
796 4618 983 4689 μεῖζον
1038 4619 1096 4671 ὲν
1180 4618 1391 4681 τούτοις
1461 4618 1562 4671 οὐκ
1614 4620 1957 4689 ἀσυμφανές.

352 4712 395 4765 Γ
400 4711 665 4778 εγονότες
714 4711 813 4780 μὲν
862 4712 972 4781 γὰρ
1022 4709 1129 4763 ὑπὸ
1176 4708 1401 4781 Χριστῷ
1445 4709 1554 4765 τῶν
1603 4710 1875 4765 Ἰουδαίων
1910 4714 1958 4765 οἱ

2070 4725 2294 4777 prorsus
2348 4710 2644 4767 dissimiles
2691 4713 2878 4770 herbis
2927 4714 3097 4769 humo
3137 4709 3615 4783 propinquissimis
3643 4747 3658 4772 ,

349 4804 548 4873 δῆμοι,
604 4800 723 4864 πῶς
758 4801 859 4854 οὐκ
892 4800 1118 4869 ἔμελλον
1158 4799 1225 4853 ἂν
1268 4799 1745 4870 εύκληματούσαις
1776 4802 1958 4870 ἀμπέ-

2070 4816 2193 4868 quae
2224 4810 2277 4856 et
2307 4800 2465 4856 facile
2493 4805 2857 4860 succumbunt
2885 4813 3051 4875 atque
3086 4810 3454 4859 marcescunt.

352 4900 494 4961 λοις,
550 4898 650 4949 καὶ
696 4896 804 4967 μὴν
855 4900 949 4950 καὶ
994 4898 1398 4967 γονιμωτάταις
1478 4899 1536 4949 ἐν
1582 4897 1684 4965 ῐσῳ
1726 4913 1786 4949 τε
1828 4894 1970 4950 εἶναι
2074 4896 2164 4949 καὶ
2214 4896 2538 4964 φαίνεσθαι;
2590 4897 2899 4961 Διαζῶντες
2939 4897 2997 4951 δὲ
3038 4898 3152 4960 τοῖς
3197 4895 3308 4950 τῶν
3353 4891 3662 4965 Φαρισαίων

353 4994 510 5047 ἔθεσί
564 5007 627 5041 τε
713 4990 809 5043 καὶ
855 4990 1115 5061 τρόποις,
1163 4990 1258 5043 καὶ
1307 4990 1674 5059 μανθάνοντες
1765 4989 2115 5051 διδασκαλίας
2143 5034 2157 5054 ,
2215 4989 2525 5059 ἐντάλματα
2614 4988 2950 5060 ἀνθρώπων,
3006 4987 3128 5042 κατ’
3186 4985 3379 5040 οὐδένα
3459 4982 3662 5053 τρόπον

352 5084 669 5150 διενεγκεῖν
718 5080 829 5134 τῶν
877 5080 1322 5151 χθαμαλωτάτων
1372 5079 1644 5149 λαχάνων,
1671 5080 1707 5132 ἀ
1741 5082 1835 5133 καὶ
1874 5079 1998 5134 λίαν
2036 5078 2274 5143 εὐκόλως
2342 5081 2534 5133 πίπτει
2572 5081 2669 5134 καὶ
2705 5079 3048 5151 μαραίνεται.

427 5175 655 5233 Οὐκοῦν
695 5176 973 5247 ὲγλίχοντο
998 5177 1097 5246 μὲν
1126 5177 1175 5229 οἱ
1196 5175 1303 5229 τῶν
1348 5174 1620 5228 Ἰουδαίων
1651 5174 1958 5245 καθηγηταὶ

2145 5174 2408 5241 Quocirca
2435 5176 2760 5243 appetebant
2784 5175 3001 5245 quidem
3039 5171 3351 5230 Iudaeorum
3388 5171 3660 5242 primores

352 5276 450 5324 τὸν
482 5268 796 5339 ἀμπελῶνα
825 5267 1065 5337 Χριστοῦ
1096 5267 1298 5339 κλῆρον
1333 5264 1464 5319 ἴδιον
1519 5265 1683 5335 ἔχειν,
1737 5268 1831 5319 καὶ
1886 5266 1958 5327 είς

2070 5266 2284 5320 vineam
2312 5266 2536 5333 Christi,
2571 5276 2629 5321 ut
2653 5277 2858 5323 sortem
2904 5267 3204 5337 propriam,
3235 5274 3290 5321 et
3330 5264 3386 5317 in
3442 5264 3660 5317 hortum

352 5364 543 5432 κῆπον
604 5359 888 5429 λαχανίας·
942 5359 1057 5411 ἀλλ’
1111 5360 1211 5412 οὐκ
1264 5358 1480 5412 ἔπειθον
1529 5358 1958 5429 καταπροδοῦναι

2072 5360 2323 5414 olerum:
2365 5374 2552 5415 verum
2597 5362 2926 5430 persuadere
2962 5360 3038 5415 illi
3085 5374 3191 5413 non
3248 5364 3564 5425 potuerunt,
3602 5364 3661 5408 ut

356 5454 518 5526 σφίσι
549 5453 646 5505 τὸν
668 5451 763 5505 τοῦ
795 5452 1012 5522 Πατρὺς
1039 5450 1364 5523 ἀμπελῶνα.
1412 5445 1568 5517 Εἶτα,
1598 5452 1652 5503 τί
1704 5450 1958 5521 δέδρακεν

2073 5450 2248 5507 Patris
2274 5452 2355 5506 sui
2378 5452 2593 5507 vineam
2632 5453 2761 5523 ipsis
2783 5456 3055 5522 proderet.
3082 5448 3223 5518 Quid
3253 5447 3449 5504 deinde
3463 5446 3662 5517 occipit

433 5646 484 5678 "
518 5656 624 5710 lsa.
659 5667 757 5717 vn,
783 5650 882 5713 M;
914 5649 1105 5705 Matth.
1141 5666 1180 5717 ι,
1204 5649 1295 5703 25.
1376 5650 1418 5681 ⁸⁷
1464 5649 1662 5705 Ιιιιιιοο.
1693 5664 1752 5713 ιι,
1792 5648 1845 5702 3.
1925 5648 1958 5679 ⁶⁴

354 5724 400 5757 ’⁸
438 5726 549 5780 lsa.
594 5738 645 5784 ν,
686 5723 730 5776 1.

2060 5648 2148 5703 sal.
2181 5662 2347 5717 cxvu,
2372 5648 2462 5704 26.
2542 5652 2585 5683 ⁸³
2609 5618 2798 5706 Matth.
2837 5666 2912 5717 xi,
2944 5649 2999 5704 5.
3074 5647 3213 5705 "ill
3239 5647 3377 5718 Reg.
3419 5658 3538 5710 ut,
3570 5641 3659 5703 £5.

615 5820 897 5881 PATROL.
953 5815 1068 5875 GR.
1112 5814 1316 5873 [ΚΜ.
3230 5816 3268 5871 2

2073 4621 2458 4688 discentesque
2486 4621 2766 4677 doctrinas
2797 4636 2863 4678 ac
2886 4622 3145 4677 mandata
3174 4619 3483 4685 hominum,
3523 4617 3659 4673 nihil
3768 4674 3771 4675 ν
