4094 6484
520 324 595 385 ιδ
1547 304 1605 359 s.
1646 299 1924 360 CYRILLI
1962 288 2433 352 maxumum
2471 285 2796 345 ARCHIEP.
3716 288 3788 344 ι,

524 446 636 503 Deo
657 453 819 498 exosa
851 433 1206 500 Jezabel,hoc
1226 437 1332 493 est,
1370 426 1614 497 gregaria
1637 420 1942 482 multitudo,
1970 418 2101 473 sub-

2213 408 2522 480 ήθεομισης
2569 406 2837 471 Ἰεζάϐελς
2873 402 3171 466 τουτέστιν,
3214 406 3248 473 ἡ
3295 400 3527 467 ἀγελαία
3555 400 3786 472 πληθὺς.

525 540 638 595 dita
672 531 1031 606 principibus,
1068 527 1122 581 Id
1146 534 1254 590 est,
1287 516 1608 593 Synagoga?
1643 514 1777 570 Cum
1802 511 2104 583 principum

524 600 765 697 nequitia
787 600 987 676 etvdolo
1010 616 1349 685 conspirans,
1401 611 1602 680 justum
1623 615 1679 661 et
1700 613 1947 661 sanctum
2000 600 2107 655 Na-

524 691 654 772 both
702 709 1070 785 persequitur,
1102 707 1207 761 hoc
1240 712 1345 767 est,
1384 718 1404 754 ι
1444 699 1539 767 qui
1585 695 1757 759 venit,
1786 711 1807 747 ι
1837 691 2109 763 ellieitque

524 818 585 863 ut
623 782 802 863 morte
832 800 1108 856 multetur.
1136 796 1245 866 22
1291 792 1624 848 Interlicitur
1645 786 1787 841 enim
1826 782 2109 840 calumniis

525 896 798 969 appetitus
829 887 1164 947 Emmanuel.
1194 887 1325 942 Eam
1359 897 1473 938 rem
1516 880 1625 934 Deo
1654 877 1824 932 visam
1852 871 2108 928 intolera-

524 962 712 1054 bilem,
742 986 952 1056 liquere
982 989 1160 1052 potest
1191 979 1338 1041 inde,
1367 973 1510 1045 quod
1539 971 1692 1028 Oscae
1715 966 1990 1040 prophetae
2022 962 2104 1056 di-

526 1083 704 1138 citur:
730 1055 991 1132 «Idcirco
1028 1072 1205 1127 adhuc
1239 1067 1527 1128 modicum,
1552 1071 1605 1117 et
1639 1061 1872 1116 ulciscar
1890 1055 2109 1126 sangui-

522 1186 651 1228 nem
679 1165 892 1225 .lezrael
924 1177 1085 1233 super
1114 1162 1332 1216 domum
1354 1155 1579 1221 Juda,et
1601 1150 1884 1221 quiescere
1913 1144 2107 1200 faciam

529 1274 753 1333 regnum
778 1259 970 1313 domus
992 1252 1179 1309 Israel.
1214 1269 1234 1302 ι
1262 1246 1579 1304 Vindicatus
1601 1251 1686 1297 est
1705 1239 1945 1307 enim,ut
1971 1235 2106 1300 dixi,

529 1352 748 1421 sanguis
764 1347 966 1404 Christi
991 1358 1060 1399 ex
1087 1351 1199 1398 toto
1218 1338 1404 1396 Israel.
1419 1333 1687 1402 Quoniam
1718 1344 1848 1386 vero
1867 1338 2110 1397 tentpore

496 1416 661 1510 ,illo:
674 1458 780 1514 quo
801 1444 985 1498 datum
1023 1444 1108 1492 est
1147 1436 1247 1489 hoc
1275 1428 1610 1491 vaticinium,
1648 1421 1900 1480 distincte
1927 1416 2108 1473 nomi-

526 1510 817 1600 nabantur,
847 1531 1012 1587 ludas
1031 1527 1247 1599 quidem
1265 1524 1355 1593 qui
1388 1524 1703 1577 manserant
1733 1510 2106 1582 Jerosolymis,

524 1627 693 1686 Israel
718 1634 896 1680 autem
927 1621 1020 1693 qui
1044 1626 1201 1674 erant
1230 1616 1285 1670 in
1313 1611 1561 1669 Samaria
1585 1624 1599 1662 :
1626 1618 1684 1664 ut
1708 1605 1960 1662 lsraelem
1989 1601 2103 1656 uni-

524 1734 684 1775 verse
706 1708 1317 1788 signiﬁcare‘videatur,
1360 1702 1543 1758 dicere
1571 1697 1756 1754 debuit
1781 1697 2019 1750 ulturum
2048 1703 2107 1744 se

2212 502 2244 571 ἡ
2277 499 2385 552 ὑπὸ
2407 501 2567 569 χεῖρα
2589 497 2698 551 τῶν
2714 497 3059 566 ἡγουμένων,
3083 495 3302 564 ήγουνή
3328 490 3647 562 Συναγωγή,
3669 495 3791 557 ταῖς

2209 591 2319 645 τῶν
2347 588 2667 662 ἡγουμένων
2697 585 3102 657 συνδραμοῦσα,
3163 583 3274 656 [loc
3300 582 3647 654 κακονοίαις]
3697 583 3793 636 καὶ

2207 680 2363 751 δόλῳ.
2397 680 2624 734 Μέτεισι
2644 677 2737 730 τὸν
2764 675 2992 739 δίκαιον,
3015 674 3109 727 τὸν
3139 674 3284 726 ὅσιον
3302 670 3601 737 Ναδουθαὶ,
3632 688 3791 724 τουτ-

2209 771 2345 836 έστι,
2388 788 2406 821 ι
2454 769 2549 823 τὸν
2615 766 2933 838 ἐρχόμενον,
2970 782 2989 816 ι
3042 763 3138 818 καὶ
3186 763 3252 833 δὴ
3299 762 3395 815 καὶ⁵
3437 760 3791 832 ἀναιρεθῆναι

2208 859 2647 933 παρεσκεύασεν.
2696 856 2992 927 ’Δνῄρηται
3045 854 3156 925 γὰρ
3209 851 3713 922 συκοφαντούμενος
3762 854 3792 905 ὁ

2220 950 2587 1023 Ἐμμανουήλ.
2635 948 2773 1002 Ἀλλ’
2801 947 2884 1001 ὅτι
2949 945 3024 1017 μὴ
3065 943 3291 999 ἀνεκτὸν
3331 944 3396 996 τὸ
3435 943 3623 1013 χρῆμα
3648 942 3789 1008 Θεῷ,

2210 1045 2379 1113 σαφὲς
2399 1042 2464 1097 ἂν
2491 1042 2702 1111 γένοιτο
2747 1039 2827 1109 τῷ
2872 1036 3129 1107 λέγεσθαι
3186 1034 3266 1106 τῷ
3312 1034 3567 1105 προφήτῃ
3607 1032 3788 1103 Ὢσηέο

2211 1153 2233 1189 ι
2274 1135 2421 1188 Διότι
2448 1131 2529 1186 ἔτι
2564 1130 2783 1202 μικρὸν,
2816 1128 2913 1183 καὶ
2972 1126 3247 1197 ἐκδικήσω
3279 1125 3339 1179 τὸ
3370 1123 3508 1195 αἷμα
3536 1122 3631 1176 τοῦ
3665 1122 3791 1186 Ἰεζ-

2210 1227 2340 1300 ραὲλ
2366 1226 2459 1279 ἐπὶ
2478 1225 2571 1278 τὸν
2600 1221 2747 1276 οἷκον
2789 1220 2982 1286 Ἰούδα,
3011 1219 3106 1273 καὶ
3128 1217 3467 1273 καταπαύσω
3514 1215 3790 1286 βασιλείαν

2206 1317 2356 1371 οίκου
2398 1313 2632 1386 Ἰσραήλ.
2670 1330 2688 1363 ι
2721 1310 3093 1380 Ἑκδεδίκηται
3119 1309 3250 1380 γὰρ,
3282 1309 3358 1369 ὡς
3380 1306 3537 1376 ἔφην,
3567 1305 3629 1358 τὸ
3654 1300 3791 1373 αἷμα

2207 1405 2443 1479 Χριστοῦ
2505 1406 2573 1458 ὲκ
2630 1403 2835 1466 παντὸς
2881 1400 3116 1473 Ἰσραήλ.
3178 1399 3395 1470 Ἐπειδὴ
3444 1400 3565 1452 κατ’
3616 1398 3793 1449 ἐκεῖνο

2207 1496 2431 1570 καιροῦ,
2468 1495 2593 1550 καθ’
2624 1495 2653 1548 δ
2706 1495 2801 1548 καὶ
2834 1494 2868 1564 ἡ
2910 1491 3217 1563 προφητεία
3274 1490 3519 1558 γέγονεν,
3569 1487 3789 1557 ὠνομά-

2208 1589 2365 1654 ζοντο
2410 1585 2778 1657 διῃρημένως,
2849 1583 3049 1644 Ἰούδας
3090 1581 3187 1652 μὲν
3215 1582 3267 1634 oi
3317 1579 3688 1652 μεμενηκότες
3733 1578 3791 1629 ἐν

2207 1665 2324 1743 τοῖς
2361 1676 2781 1749 Ἰεροσολύμοις,
2833 1672 3050 1745 Ἰσραὴλ
3099 1670 3157 1724 δὲ
3200 1671 3365 1724 πάλιν
3408 1658 3459 1723 οἰ
3498 1672 3556 1722 ἐν
3590 1670 3655 1738 τῇ
3681 1669 3789 1720 Σα-

527 1761 846 1881 sanguinem
870 1800 1078 1860 Jezrael
1099 1814 1166 1856 ex
1192 1797 1351 1853 domo
1377 1792 1604 1856 Juda,et
1629 1788 1791 1844 linem
1822 1783 2104 1881 impositu-

2213 1769 2434 1842 μαρείᾳ·
2471 1768 2560 1822 ἵνα
2587 1768 2648 1821 τὸ
2676 1769 2741 1821 ὲκ
2778 1765 2980 1828 παντὸς
3018 1763 3235 1835 Ἰσραὴλ
3261 1763 3436 1834 ὁρῷτο
3470 1761 3787 1831 σημαίνειν,

2218 1867 2374 1881 Δ...
2412 1859 2720 1881 1.-.---η-ι---
2800 1848 3108 1881 x-.:..-_o‘--.-.
3153 1855 3212 1881 ..λ
3264 1848 3397 1881 ..τ....
3447 1841 3674 1881 *μνη-ΞΑ
3726 1853 3787 1881 ι..

526 1869 661 1958 ικυηῖ
697 1911 863 1969 regno
899 1894 1090 1951 domus
1132 1885 1319 1945 Israel.
1356 1882 1473 1939 Hoc
1520 1882 1648 1935 item
1692 1869 2106 1932 divinusJaeob
2139 1869 2176 1880 “’
2210 1880 2248 1932 φ

530 2001 656 2049 ante
701 1963 987 2059 expressit,
1028 1983 1113 2039 his
1153 1978 1335 2033 verbis
1360 1993 1372 2030 :
1397 1991 1418 2026 ι
1446 1972 1563 2028 Non
1605 1969 1822 2025 deﬁciet
1859 1963 2108 2035 princeps

529 2101 599 2142 ex
625 2053 788 2149 Juda,
810 2090 866 2136 et
908 2080 1013 2134 dux
1052 2076 1119 2130 de
1168 2072 1373 2127 femore
1417 2065 1555 2134 ejus,
1583 2063 1759 2117 donec
1798 2057 1982 2113 veniat
2023 2053 2106 2108 cui

530 2147 826 2247 repositum
855 2181 974 2238 est;
1007 2176 1059 2226 et
1082 2167 1201 2236 Ipse
1231 2159 1566 2233 ettspeetatio
1593 2154 1835 2226 gentium
1869 2151 1937 2204 τ’.
1960 2167 1981 2202 ι
2008 2147 2107 2205 Ubi

526 2241 675 2327 enim
700 2260 1025 2320 Emmanuel
1043 2256 1236 2322 illuxit,
1257 2261 1404 2316 tunc,
1438 2258 1585 2316 tunc,
1613 2246 1858 2314 inquam,
1889 2241 2053 2296 etiam
2078 2252 2111 2294 e

534 2356 714 2415 medio
743 2352 1012 2413 sublatum
1047 2357 1132 2405 est
1168 2357 1394 2415 regnum
1430 2338 1615 2401 lsrael.
1649 2336 1841 2406 Itaque
1872 2332 2110 2386 Herodes

530 2448 803 2521 Antipatri
828 2446 970 2502 lilius
988 2440 1354 2502 Ascalonltes,
1378 2435 1575 2492 Iudaeae
1588 2430 1808 2486 Christo
1829 2436 1954 2480 nato
1968 2436 2108 2493 pra:—

531 2515 1015 2598 lhitkontriturus
1032 2533 1196 2588 etiam
1224 2531 1399 2600 ipsum
1420 2539 1605 2581 arcum
1628 2519 1792 2577 Israel
1816 2519 1869 2573 in
1895 2516 1984 2571 illa
2002 2515 2107 2581 die,

530 2635 636 2689 hoc
676 2638 780 2694 est,
819 2627 911 2682 illo
954 2634 1197 2693 tempore
1257 2616 1615 2689 promittitur.
1675 2629 1693 2661 ι
1724 2610 1922 2664 Arcum
1965 2605 2109 2658 enim

527 2723 754 2779 fortium
798 2714 1096 2773 intirmavit
1149 2712 1220 2777 ⁷³,
1253 2728 1273 2763 ι
1324 2718 1384 2763 ιιι
1412 2706 1678 2776 scripturn
1727 2710 1852 2767 est;
1899 2696 2110 2752 tametsi

533 2810 936 2870 Emmanuelem
990 2822 1051 2863 se
1099 2805 1420 2861 subacturos
1471 2797 1932 2854 existimaveram.
1997 2807 2016 2839 ι
2047 2788 2114 2842 Et

534 2904 877 2960 inimicorum
901 2898 1119 2968 quidem
1145 2893 1307 2965 gladii
1344 2889 1660 2946 deiecerunt
1699 2886 1753 2939 in
1797 2883 1958 2938 linem
1991 2879 2056 2942 ⁷⁸,
2088 2898 2106 2930 ι

533 3002 590 3047 et
632 2988 954 3046 dis'solu‘tum
988 2994 1076 3041 est
1112 2982 1281 3039 robur
1316 2979 1663 3036 brachiorum
1706 2977 1967 3044 ipsorum.
1996 2969 2113 3025 Non

532 3084 681 3139 enim
714 3083 962 3136 vicerunt
989 3077 1276 3133 invictum.
1308 3068 1718 3139 Quodammodo
1744 3077 1924 3120 autem
1951 3062 2110 3134 spiri-

538 3178 695 3235 tualis
725 3173 1187 3233 considerationis
1211 3166 1637 3239 profunditatem
1661 3177 1887 3233 parans,
1916 3160 1980 3215 ad
2036 3158 2112 3213 hi-
2140 3157 2183 3216 C

536 3272 734 3328 storice
756 3279 907 3339 gesta
932 3280 1054 3321 mox
1082 3261 1377 3323 descendit,
1406 3268 1460 3315 et
1494 3260 1601 3312 ait:
1631 3274 1649 3310 ι
1670 3257 1803 3323 Quia
1835 3262 2113 3309 conteram

538 3374 722 3418 arcum
754 3358 923 3415 Israel
962 3357 1018 3412 in
1051 3353 1190 3409 valle
1217 3348 1449 3409 Jezra‘el.
1480 3368 1500 3401 ›
1529 3346 1604 3405 lbi
1640 3347 1911 3417 siquidem
1948 3342 2117 3398 Azael

537 3451 715 3527 Syriae
745 3464 841 3507 rex
874 3447 1126 3505 lsraelem
1154 3432 1354 3507 contra
1372 3444 1557 3513 copias
1586 3442 1907 3496 educentem
1939 3435 2117 3490 debel-

538 3546 685 3601 lavit.
710 3544 780 3599 Et
806 3543 935 3613 quia
954 3538 1254 3597 convenire
1283 3537 1490 3609 judico,
1516 3550 1546 3588 a
1581 3531 1845 3604 praecipua
1878 3537 1931 3583 et
1953 3528 2113 3597 spiri-

537 3637 670 3693 tuali
709 3634 1171 3695 commentatione
1201 3642 1511 3685 sermonem
1536 3639 1640 3680 non
1666 3623 1954 3689 abducere,
1985 3620 2115 3674 illud

542 3730 652 3796 aio,
686 3725 823 3783 nihil
861 3736 985 3782 esse
1022 3722 1371 3787 incommodi,
1405 3733 1526 3776 mea
1566 3715 1854 3780 sententia,
1890 3713 2113 3783 intelligi

537 3832 633 3892 per
672 3818 865 3873 vallem
914 3814 1124 3871 Jezrael
1176 3813 1322 3884 (hoc
1376 3819 1495 3874 est,
1547 3805 1773 3863 seminis
1826 3806 1955 3871 Dei,
2003 3804 2117 3859 sive

537 3909 764 3982 Christi)
795 3915 1199 3964 monumentum
1226 3905 1279 3959 in
1312 3904 1495 3966 horto,
1532 3901 1584 3954 in
1627 3910 1736 3970 quo
1762 3910 1815 3955 et
1864 3908 2114 3953 resurre-

539 4005 647 4060 ctio
676 4002 980 4073 passionem
1002 4007 1319 4060 consecuta,
1359 3995 1426 4049 de
1458 3993 1603 4048 Omni
1634 4002 1833 4061 genere
1850 3991 2115 4045 malorum

537 4093 842 4159 facinorum
886 4106 918 4146 a
950 4088 1149 4146 ludatis
1189 4097 1566 4155 susceptorum
1612 4081 1984 4152 triumphavit.
2012 4078 2118 4133 Per

540 4186 994 4244 resurrectionem
1021 4180 1287 4253 siquidem
1316 4192 1501 4234 eorum
1517 4186 1771 4248 prava,ct
1792 4173 1901 4228 Deo
1929 4180 2114 4237 exosa,

535 4286 593 4334 et
617 4285 842 4334 cruenta
874 4273 1099 4330 consilia
1131 4269 1440 4328 adnlhilum
1467 4266 1797 4325 reciderunt.
1814 4264 2117 4332 Sperabam

535 4370 680 4426 enim
696 4383 756 4424 se
772 4380 931 4438 posse
950 4381 983 4422 o
1002 4364 1179 4420 medio
1198 4362 1389 4418 tollere
1428 4350 1714 4426 Filium,ut
1728 4356 1889 4411 etiam
1901 4355 2115 4409 vineam

537 4461 654 4530 eius
704 4460 806 4516 sibi
839 4459 1116 4530 propriam
1149 4460 1349 4512 sortem
1383 4452 1666 4509 haberent.
1697 4448 1804 4504 Sed
1851 4449 1904 4502 in
1940 4445 2117 4516 sepul-

535 4566 633 4609 cro
681 4546 975 4607 collocatus
1020 4547 1237 4613 revixit,
1282 4554 1338 4601 et
1383 4543 1677 4599 'meditatas
1713 4541 1950 4610 ipsorum
1986 4538 2118 4591 insi-

537 4644 655 4699 dias
697 4641 1002 4697 inellicaces
1057 4638 1315 4703 reddidit,
1368 4644 1420 4690 et
1462 4633 1629 4704 quasi
1665 4646 1824 4686 arcus
1862 4630 2122 4695 _contriv.t

537 4750 632 4805 per
656 4735 732 4803 id,
763 4735 906 4804 quod
935 4731 1169 4801 amplius
1198 4728 1308 4799 pati
1335 4726 1469 4781 nihil
1500 4730 1700 4794 potest.
1740 4721 1805 4776 Et
1831 4722 1976 4790 ipsos
1994 4719 2117 4791 qui-

538 4828 662 4885 dem
689 4843 721 4885 e
750 4828 928 4891 vinea,
964 4830 1024 4879 ut
1066 4822 1178 4879 Deo
1205 4819 1568 4884 detestandos,
1602 4814 1708 4886 23
1750 4823 1804 4870 et
1835 4814 2116 4880 scelestos,

534 4931 592 4977 et
613 4919 828 4975 Domini
867 4914 1245 4973 interfectores
1269 4909 1454 4980 elicit,
1497 4920 1730 4977 eamque
1760 4906 1880 4960 aliis
1908 4904 2117 4974 agrico-

538 5012 630 5079 lis,
656 5010 814 5066 bonls
830 5018 879 5064 et
899 5006 1095 5078 gratis,
1139 5014 1194 5060 et
1231 5001 1414 5072 operis
1456 4997 1688 5055 faciendi
1729 4995 2113 5066 cupidissimis,

532 5100 686 5171 juxta
725 5098 1034 5169 parabolatn
1069 5089 1545 5163 evangelicatn-W,
1576 5087 1738 5144 locat.

2253 1867 2378 1933 ησιν
2405 1859 2742 1927 ἀναγκαίως,
2799 1848 3108 1925 ἐκδικήσειν
3153 1855 3214 1908 τὸ
3262 1848 3401 1924 αἷμα
3447 1841 3685 1925 Ἱεζραὲλ
3725 1853 3791 1905 ὲκ

2207 1952 2304 2007 τοῦ
2338 1952 2486 2005 οἴκου
2523 1949 2720 2012 Ἰούδα,
2771 1945 3146 2000 καταπαύσειν
3185 1945 3241 1998 δὲ
3267 1944 3362 1998 καὶ⁵
3392 1943 3491 2015 τὴν
3518 1942 3791 2013 βασιλείαν

2205 2042 2302 2098 τοῦ
2327 2041 2478 2096 οίκου
2539 2037 2784 2115 Ἰσραήλ.
2838 2035 3010 2090 Τοῦτο
3050 2035 3147 2088 καὶ
3186 2036 3217 2088 ό
3272 2033 3558 2096 θεσπέσιος
3596 2032 3791 2086 Ἰακὼϐ

2209 2131 2770 2204 προκαταμεμή-νυκε,
2799 2125 2974 2193 λέγων
2992 2140 3007 2154 ’
3045 2141 3064 2175 ι
3090 2123 3206 2176 Οὐκ
3238 2121 3478 2189 ἐκλείψει
3506 2119 3692 2191 ἄρχων
3731 2120 3792 2187 ἐξ

2222 2222 2413 2287 Ἰούδα,
2442 2221 2538 2275 καὶ
2569 2218 2869 2291 ἡγούμενος
2891 2217 2957 2268 ὲκ
2984 2214 3094 2268 τῶν
3136 2212 3327 2284 μηρῶν
3381 2210 3568 2272 αὑτοῦ,
3589 2210 3691 2274 ἕως
3723 2209 3792 2264 ἂν

2209 2314 2339 2386 ἔλθῃ
2377 2307 2421 2381 ᾧ
2463 2311 2778 2366 ἀτὶόκειταν
2835 2307 2930 2361 καὶ
2975 2306 3134 2369 αὐτὸς
3194 2304 3492 2376 προσδοκία
3538 2302 3728 2357 ἐθνῶν.
3766 2319 3786 2353 ι

2225 2403 2662 2474 Ἐπιλάμψαντος
2692 2400 2804 2471 γὰρ
2832 2401 2965 2470 ἡμῖν
3012 2398 3106 2451 τοῦ
3154 2394 3531 2466 Ἐμμανουήλ,
3557 2394 3680 2447 τότε
3725 2392 3793 2465 δὴ

2211 2495 2332 2550 τότε
2365 2494 2460 2548 καὶ
2490 2496 2555 2546 ὲκ
2595 2491 2764 2563 μέσου
2793 2491 3017 2560 γέγονεν
3062 2490 3096 2559 ή
3129 2485 3376 2558 βασιλεία
3403 2486 3513 2539 τῶν
3552 2483 3788 2555 Ἰσραήλ.

2184 2585 2324 2641 ’Καὶ
2361 2582 2492 2653 γοῦν
2520 2581 2767 2654 Ἡρώδης
2794 2579 3153 2649 Ἀντιπάτρου
3179 2580 3328 2643 παῖς,
3366 2568 3791 2643 Ἀσκαλωνίτης,

2211 2675 2309 2746 τῆς
2344 2674 2611 2728 Ἰουδαίων
2645 2675 2833 2743 ἡγεῖτο
2866 2670 3073 2741 χώρας.
3095 2668 3498 2739 γεγεννημένου
3523 2664 3790 2737 Χριστοῦ.

2213 2769 2529 2839 Συντρίψειν
2575 2769 2632 2821 δὲ
2698 2766 2793 2821 καὶ
2843 2766 2977 2820 αὐτὸ
3022 2765 3083 2818 τὸ
3128 2763 3282 2828 τόξον
3306 2761 3400 2817 τοῦ
3461 2761 3678 2833 Ἰσραὴλ
3731 2763 3794 2814 ἐν

2212 2859 2395 2929 ἐκείνῃ
2427 2861 2492 2929 τῇ
2521 2857 2726 2929 ἡμέρα,
2781 2855 3306 2922 κατεπαγγέλλεται,
3365 2855 3637 2916 τουτέστι,
3671 2853 3796 2905 κατ’

2214 2952 2387 3003 ἐκεῖνο
2409 2948 2505 3002 τοῦ
2537 2947 2754 3019 καιροῦ.
2792 2966 2813 2999 ι
2847 2946 3012 3012 Τόξον
3039 2945 3147 3017 γὰρ
3175 2945 3413 2999 δυνατῶν
3442 2944 3728 3015 ἠσθένησε,
3769 2962 3791 2996 ι

2215 3039 2359 3094 κατὰ
2381 3039 2439 3092 τὸ
2463 3038 2871 3109 γεγραμμένον,
2891 3037 3070 3091 καίτοι
3092 3036 3387 3108 κρατήσειν
3417 3033 3798 3106 ὑπειληφότων

2214 3127 2308 3182 τοῦ
2354 3127 2721 3198 Ἐμμανουήλ.
2760 3145 2780 3178 ι
2808 3128 2918 3181 Καὶ
2966 3125 3059 3179 τοῦ
3094 3126 3192 3195 μὲν
3229 3124 3423 3196 ἐχθροῦ
3453 3125 3700 3189 ἐξέλιπον
3737 3126 3798 3177 αἱ

2221 3222 2485 3290 ρομφαῖαι
2532 3220 2611 3283 είς
2667 3218 2841 3284 τέλος,
2884 3236 2906 3271 ›
2934 3217 3160 3288 ἐξελύθη
3213 3217 3270 3270 δὲ
3298 3216 3467 3289 νεῦρα
3500 3216 3799 3287 βραχιόνων

2217 3308 2417 3363 αὐτῶν.
2461 3310 2537 3363 Οὐ
2604 3308 2713 3380 γὰρ
2768 3310 3085 3378 νενικήκασι
3129 3308 3220 3361 τὸν
3266 3307 3549 3378 ἀνίκητον.
3613 3307 3803 3360 Κατα-

2218 3401 2500 3465 σκευάζων
2541 3401 2598 3455 δὲ
2652 3400 2842 3472 ὥσπερ
2894 3402 2994 3471 τῆς
3044 3398 3423 3470 πνευματικῆς
3464 3396 3694 3468 θεωρίας
3736 3396 3804 3449 τὸ

2221 3492 2380 3563 βαθὺ,
2412 3492 2657 3546 κάτεισιν
2684 3492 2846 3556 εὐθὺς
2878 3492 2970 3545 ἐπὶ
2999 3491 3069 3545 τὰ
3094 3489 3382 3560 ίστορικῶς
3411 3488 3799 3560 πεπραγμένα,

2215 3586 2417 3654 λέγων,
2452 3585 2536 3639 ὅτι
2599 3604 2618 3637 ι
2644 3584 2925 3656 Συντρίψω
2978 3582 3040 3636 τὸ
3082 3582 3235 3648 τόξον
3271 3581 3366 3634 τοῦ
3399 3580 3616 3651 Ἰσραὴλ
3645 3581 3703 3634 ὲν
3730 3582 3800 3653 τῇ

2223 3677 2432 3732 κοιλάδι
2464 3675 2557 3730 τοῦ
2588 3676 2844 3747 Ἰεζραέλ.
2885 3693 2904 3728 ι
2949 3673 3100 3728 Ἐκεῖ
3132 3673 3241 3745 γὰρ
3278 3672 3558 3743 νενίκηκεν
3598 3671 3804 3742 ’Δζαὴλ

2215 3773 2244 3824 ὁ
2275 3770 2524 3840 βασιλεὺς
2544 3768 2745 3839 Συρίας
2780 3766 3145 3835 ἀντεξάγοντα
3163 3767 3255 3820 τὸν
3298 3764 3531 3837 Ἰσραήλ.
3581 3763 3802 3837 Ἐπειδὴ

2216 3861 2273 3915 δὲ
2295 3860 2595 3931 προσήκειν
2617 3856 3006 3925 ὑπολαμϐάνω,
3041 3855 3138 3925 τῆς
3167 3855 3473 3921 ἀναγκαίας
3509 3855 3604 3907 καὶ
3634 3872 3801 3910 πνευ-

2221 3949 2458 4021 ματικῆς
2484 3946 2719 4017 θεωρίας
2744 3945 2847 4003 οὐκ
2880 3942 3239 4013 ἀποκομίζειν
3272 3943 3364 3996 τὸν
3414 3942 3593 4012 λόγον,
3622 3944 3803 3996 ἐκεῖνό

2219 4055 2403 4109 φημι,
2431 4036 2495 4089 τὺ
2549 4035 2753 4090 λυποῦν
2785 4033 2960 4100 οὐδὲν,
2992 4033 3243 4102 καθάπερ
3295 4026 3530 4104 ἐγῷμαι,
3577 4033 3803 4087 κοιλάδα

2216 4128 2454 4182 νοεῖσθαι
2471 4125 2567 4180 τοῦ
2597 4125 2850 4195 Ἰεζραὲλ,
2871 4123 3139 4190 τουτέστι,
3162 4123 3263 4194 τῆς
3286 4124 3378 4178 τοῦ
3394 4124 3530 4178 Θεοῦ
3590 4125 3801 4195 σπορᾶς

2217 4217 2336 4287 ἢτοι
2366 4215 2628 4286 Χριστοῦ,
2650 4214 2712 4268 τὸ
2754 4217 2812 4269 ὲν
2841 4215 2918 4285 τῷ
2953 4216 3115 4286 κήπῳ
3155 4219 3439 4286 μνημεῖον,
3474 4218 3532 4269 ἐν
3562 4210 3606 4285 ᾧ
3640 4217 3734 4270 καὶ⁵
3766 4218 3800 4287 ή

2217 4306 2515 4370 ἀνάστασις
2543 4305 3028 4378 ὲπακολουθήσασα
3047 4307 3124 4379 τῷ
3140 4306 3326 4371 πάθει,
3343 4307 3599 4379 νενίκηκε
3625 4308 3801 4361 πάντα

2219 4397 2422 4467 τρόπον
2458 4397 2765 4451 Ἰουδαϊκῶν
2789 4397 3174 4468 τολμημάτων.
3222 4396 3452 4451 Αέλυται
3479 4397 3589 4468 γὰρ
3620 4397 3804 4451 αὐτῶν

2147 4503 2192 4558 ι)
2218 4486 2306 4542 διὰ
2331 4488 2432 4559 τῆς
2457 4488 2809 4552 ἀναστάσεως
2838 4490 2907 4544 τὰ
2929 4488 3226 4560 δυστροπὰ,
3267 4488 3363 4541 καὶ
3387 4487 3673 4560 θεοστυγῆ,
3700 4491 3803 4544 καὶ

2222 4578 2484 4649 μιαιφόνα
2514 4580 2853 4651 τολμήματα.
2873 4581 3065 4651 ’ῼοντο
3087 4580 3187 4650 μὲν
3214 4579 3323 4650 γὰρ
3340 4580 3406 4632 ἐκ
3436 4580 3601 4650 μέσου
3626 4584 3806 4634 ποιεῖν

2219 4670 2481 4726 δύνασθαι
2511 4671 2604 4725 τὸν
2645 4670 2793 4738 Υίὸν,
2829 4672 2918 4726 ἵνα
2961 4670 3056 4725 καὶ
3089 4670 3288 4741 κλῆρον
3344 4671 3475 4725 ἴδιον
3509 4671 3682 4741 ἔχοιεν
3709 4671 3808 4726 τὸν

2219 4762 2519 4833 ἀμπελῶνα
2546 4761 2734 4816 αὐτοῦ.
2772 4761 2911 4815 Ἀλλ’
2948 4763 3007 4814 ὲν
3060 4761 3311 4832 μνημείῳ
3359 4761 3557 4828 τεθεὶς,
3602 4760 3806 4815 ἀνεϐίω

2221 4853 2407 4921 πάλιν,
2441 4853 2701 4925 ἄπρακτα
2750 4854 2848 4924 τῆς
2890 4852 3113 4905 ἐκείνων
3151 4851 3447 4920 ἐπιϐουλῆς
3485 4851 3804 4920 ἀποφαίνων

2219 4945 2290 4999 τὰ
2322 4944 2636 5015 σκέμματα,
2673 4945 2767 4998 καὶ
2789 4945 3071 5015 μονονουχὶ
3096 4943 3397 5015 συντρίϐων
3423 4942 3490 4997 τὰ
3517 4943 3665 5010 τόξα,
3711 4943 3804 4999 διὰ

2221 5036 2317 5088 τοῦ
2355 5035 2522 5106 μηδὲν
2552 5034 2632 5087 ἔτι
2685 5033 2945 5089 δύνασθαι
3002 5034 3214 5088 παθεῖν.
3246 5032 3357 5086 Καὶ
3405 5033 3656 5086 ἐκϐάλλει
3701 5034 3804 5105 μὲν

2226 5126 2428 5190 αὐτοὺς
2457 5127 2552 5180 τοῦ
2580 5124 2901 5195 ἀμπελῶνος
2926 5125 3000 5188 ὼς
3032 5122 3330 5194 θωμισεῖς,
3365 5123 3462 5176 καὶ
3492 5125 3761 5195 πονηροὺς
3785 5167 3798 5190 ,

539 5221 632 5277 καὶ
691 5217 1094 5291 κυριοκτόνους
1120 5215 1370 5269 ἐκδίδωσι
1412 5213 1468 5266 δὲ
1533 5212 1799 5282 γεωργοῖς
1846 5207 2058 5281 ἑτέροις
2123 5214 2307 5282 αὐτὸν,
2381 5218 2605 5286 ἀγαθοῖς
2656 5217 2752 5271 καὶ
2793 5213 3122 5286 εὐγνώμοσι,
3168 5215 3265 5267 καὶ
3319 5213 3803 5285 φιλεργεστάτοις,

539 5313 680 5370 κατὰ
703 5312 803 5383 τὴν
830 5308 926 5365 τοῦ
958 5304 1290 5377 Εὐαγγελίου
1324 5303 1662 5377 παραϐολήν.

611 5380 777 5459 Vnus.
805 5402 859 5469 6,
883 5400 939 5452 7.
973 5399 1036 5453 Et
1070 5401 1304 5469 concepit
1326 5397 1519 5461 adhuc,
1555 5406 1602 5450 et
1627 5380 1823 5465 peperit
1846 5392 2041 5460 ﬁliam,
2066 5402 2117 5447 et

537 5495 677 5549 dixit
719 5496 764 5549 ei
796 5510 814 5548 :
851 5491 993 5547 Voca
1043 5508 1230 5547 nomen
1287 5491 1401 5559 ejus
1461 5489 1678 5557 Absque
1715 5486 2110 5549 misericordia,

537 5587 664 5659 quia
695 5600 1023 5657 nequaqu
1047 5585 1241 5640 addant
1266 5583 1405 5638 ultra
1434 5580 1670 5636 misereri
1697 5578 1876 5633 domui
1906 5575 2078 5631 Israel
2092 5593 2113 5643 ;

603 5759 655 5794 "
682 5759 816 5817 Gen.
848 5777 1000 5820 χιιι·
1032 5762 1119 5819 10.
1193 5760 1240 5796 ⁷⁸
1276 5763 1296 5816 Ι
1335 5759 1470 5830 Reg.
1500 5774 1561 5825 ιι,
1719 5756 1766 5788 ⁷⁸
1796 5754 1940 5811 Psal.
1972 5769 2053 5820 rx,
2087 5752 2140 5806 7.

2294 5393 2405 5448 Kal
2438 5394 2778 5449 συνέλαϐεν
2800 5393 2910 5458 ἐτι,
2962 5392 3063 5448 καί
3099 5392 3307 5447 ἔτεκεν
3345 5389 3654 5465 θυγατέρα,
3685 5387 3786 5443 καί

2220 5479 2390 5552 εἶπεν
2453 5483 2649 5549 αὐτῷ·
2686 5472 2991 5538 ”Κάλεσον
3052 5484 3118 5536 τὸ
3190 5485 3375 5552 ὄνομα
3429 5481 3618 5547 αὐτῆς
3659 5480 3785 5533 Οὐκ

2219 5574 2539 5646 ὴλεημένη·
2608 5574 2759 5629 διότι
2818 5577 2891 5629 οὐ
2923 5574 3010 5646 μὴ
3068 5574 3391 5669 προσθήσω
3433 5573 3515 5627 ἔτι
3532 5569 3778 5639 ἐλεῆσαι

2218 5752 2288 5784 ⁷⁸·
2323 5750 2515 5807 Matth.
2538 5766 2649 5817 ut,
2692 5750 2786 5805 9.3.
