4094 6468
517 265 586 318 ιτ
1545 268 1600 324 s.
1643 267 1915 333 CYRILLI
1955 271 2429 328 ALEXANDRINI
2469 273 2789 331 ARClllEP.
3714 266 3780 340 t's

516 383 685 440 millia
717 383 784 436 ⁷⁸.
816 401 834 434 ι
897 382 1102 437 Salvatl
1155 393 1266 438 tum
1313 386 1630 453 cantabant,
1658 398 1708 442 et
1754 389 1968 443 modum
2014 406 2065 445 re

2197 394 2253 445 ὲν
2300 393 2589 464 Σαμαρείᾳ
2635 394 2788 458 θεοὺς
2848 395 3125 461 ἐξελέσθαι
3171 399 3296 462 τοὺς
3351 399 3583 457 ἐαυτῶν.
3641 404 3779 459 Ἀλλ’

513 486 625 532 tam
659 476 898 546 ingentis
919 475 974 530 in
1012 489 1073 531 se
1101 487 1422 544 perpetrata:
1454 481 1771 543 narrabant,
1807 481 2047 534 dicentes

2201 481 2438 546 ἐσώζετο
2490 483 2809 554 παραδόξως
2867 487 2896 538 ὁ
2961 487 3180 551 Ἰούδας,
3229 491 3530 558 τουτέστιν,
3589 495 3646 550 al
3684 497 3782 570 τὴν

516 588 533 619 ι
562 567 625 622 Hi
676 568 730 621 in
772 567 1044 634 curribus,
1073 575 1130 622 et
1163 567 1214 621 hi
1247 568 1302 622 in
1328 569 1504 638 equis,
1556 585 1656 625 nos
1684 579 1865 624 autem
1903 571 1957 624 in
1997 586 2065 624 no

2202 573 2557 645 Ἰερουσαλὴμ
2577 575 2823 629 οἰκοῦσαι
2853 576 2946 630 δύο
2978 579 3162 646 φυλαί.
3215 599 3234 632 ι
3277 579 3501 652 Ἐξῆλθε
3538 584 3650 656 γὰρ
3677 567 3778 656 ἀί-

508 662 656 715 mine
682 659 773 714 Dei
798 659 970 714 nostri
1006 660 1615 732 magnificabimuersi
1642 663 1785 717 velut
1814 663 2060 731 compedi

2189 665 2346 732 γελος
2370 666 2597 736 Κυρίου,
2635 668 2826 737 φησιν,
2861 669 2953 721 καὶ
2975 669 3187 722 ἀνεῖλεν
3204 672 3268 724 ἐκ
3294 671 3396 742 τῆς
3425 675 3779 747 παρεμϐολῆς

505 751 605 805 bus
629 750 886 820 implicati
916 761 1062 814 sunt,
1087 759 1144 806 et
1173 750 1522 818 ceciderunt;
1562 767 1661 808 nos
1690 763 1874 806 autem
1914 765 2065 806 resur

2185 756 2297 808 τῶν
2339 756 2636 830 Ἀσσυρίων
2680 761 2779 829 μιᾷ
2818 760 2993 823 νυκτὶ,
3017 761 3211 816 ἑκατὸν
3247 763 3574 836 ὀγδοήκοντα
3612 768 3775 822 πέντε

483 844 769 950 reximus,
816 849 871 900 et
903 844 1074 898 erecti
1108 855 1296 898 sumus
1315 842 1382 896 τ’.
1416 861 1436 895 ι
1474 843 1668 898 Verum
1721 845 1822 898 ista
1852 857 1883 897 a
1931 842 2065 898 nubi:

2193 841 2459 913 χιλιάδας.
2496 863 2516 896 ι
2551 841 2719 918 Ἶςίδόν
2751 863 2811 900 τε
2832 846 3005 911 οὕτως
3031 849 3080 902 oi
3117 854 3487 922 σεσωσμένοιο
3538 857 3634 911 καὶ
3675 857 3775 926 τῆς

477 929 759 1030 "historice
789 929 934 989 dicta
965 942 1148 988 sunto.
1255 1019 1282 1030 ὀ
1858 1022 1870 1030 _
1945 1017 1974 1030 _
2103 1022 2115 1030 _
2193 932 2284 1030 ἐπ’
2312 933 2498 996 αὐτοῖς
2530 935 2908 1008 γεγενημένης
2934 939 3336 1011 μεγαλοϋργίας
3379 944 3509 1007 τοὺς
3540 945 3774 1017 τρόπους

500 1024 826 1096 ἀφηγοῦντο,
852 1024 1121 1092 λέγοντες·
1156 1043 1176 1076 ι
1211 1019 1370 1080 Οῦτοι
1395 1027 1453 1080 ὲν
1497 1025 1728 1097 ἅρμασι,
1787 1022 1882 1076 καὶ
1917 1017 2062 1078 οῦτοι
2099 1022 2158 1076 ὲν
2223 1023 2436 1088 ἵπποις·
2479 1026 2641 1095 ἡμεῖς
2687 1025 2744 1078 δὲ
2775 1027 2834 1078 ὲν
2899 1029 3125 1100 ὀνόματι
3171 1030 3378 1103 Κυρίου
3432 1032 3567 1086 Θεοῦ
3611 1033 3773 1105 ἡμῶν

500 1116 1229 1187 μεγαλυνθησόμεθα.Δύτοὶ
1244 1118 1834 1187 συνεποδίσθησαν,καὶ
1858 1115 2075 1170 ἔπεσον·
2115 1118 2281 1186 ἡμεῖς
2309 1115 2367 1170 δὲ
2429 1118 2754 1189 ἀνέστημεν,
2778 1121 2871 1174 καὶ
2933 1123 3356 1196 ἀνωρθώθημεν.
3383 1143 3403 1176 ι
3451 1127 3589 1181 Ἀλλ’
3625 1129 3768 1182 ἱστο-

499 1208 666 1279 ρικῶς
689 1209 786 1278 μὲν
816 1209 947 1278 ἡμῖν
970 1210 1210 1280 εἰρήσθω
1233 1212 1410 1266 ταυτί.

567 1302 929 1357 Procedamus
947 1304 1012 1358 ad
1044 1303 1177 1359 alios
1204 1305 1500 1368 sensus,ad
1520 1302 1820 1369 Christum,
1838 1305 2079 1374 inquam.

497 1396 622 1452 Post
657 1406 842 1451 natum
867 1398 1064 1466 quippe
1104 1396 1424 1463 Jezraelem,
1472 1397 1524 1452 id
1572 1408 1677 1462 est,
1726 1396 1820 1452 Dei
1874 1413 2080 1465 semen,

496 1493 576 1559 (ut
610 1489 882 1556 intelligas
909 1489 1341 1554 Emmanuelem,
1381 1487 1536 1558 cujus
1582 1502 1637 1544 et
1662 1492 1981 1560 sanguinem
2013 1506 2065 1547 se

2189 1487 2383 1556 χθῆναι
2418 1486 2508 1540 τὸν
2552 1485 2810 1558 Ἰεζραὲλ,
2869 1489 3135 1552 τουτέστι,
3197 1490 3299 1558 τὴν
3341 1490 3434 1544 τοῦ
3465 1491 3602 1545 Θεοῦ
3634 1511 3768 1547 σπο-

494 1580 730 1635 ulturum
761 1581 1074 1650 promittit),
1112 1582 1256 1650 parit
1290 1580 1494 1637 Comer
1527 1582 1650 1651 (hoc
1673 1591 1776 1645 est,
1814 1581 2065 1637 fornicata

2190 1579 2324 1647 ράν,
2394 1579 2484 1632 ἵνα
2520 1581 2647 1650 νοῇς
2674 1579 2765 1632 τὸν
2827 1580 3196 1651 Ἐμμανουὴλ,
3235 1575 3296 1634 οῦ
3344 1583 3438 1636 καὶ
3460 1583 3767 1654 ὲκδικήσειν

492 1671 796 1728 ludtcorum
823 1670 1133 1742 Synagoga)
1152 1672 1341 1736 ﬁliam,
1371 1673 1486 1727 sive
1517 1672 2065 1742 multitudinemque!

2181 1669 2244 1721 τὸ
2261 1663 2400 1739 αἷμα
2426 1670 2918 1741 κατεπηγγέλλετο,
2933 1672 3175 1726 τίκτεται
3195 1674 3261 1742 τῇ
3281 1674 3421 1743 Γόμε
3430 1691 3480 1744 ρ,
3498 1675 3764 1742 τουτέστι,

493 1767 747 1819 decenter
805 1765 988 1818 vocari
1039 1765 1213 1833 possit
1251 1765 1468 1832 Absque
1519 1765 1917 1820 misericordia.
1956 1766 2065 1834 Ipsa

2178 1764 2245 1831 τῇ
2278 1762 2691 1832 πεπορνευμένῃ
2723 1761 2830 1816 τῶν
2855 1761 3122 1816 Ἰουδαίων
3152 1765 3475 1836 Συναγωγῇ,
3494 1764 3762 1839 θυγάτηρ,

493 1859 688 1925 quippe
716 1857 912 1910 occidit
934 1854 1169 1921 Jezracl,
1194 1858 1470 1912 Christum
1495 1865 1644 1926 puta.
1661 1856 1924 1924 Quocirca
1950 1857 2065 1927 jure

2178 1853 2296 1922 ἦτοι
2335 1853 2567 1922 πληθὺς,
2671 1855 2764 1908 καὶ
2797 1855 3008 1925 πρέπον
3047 1854 3112 1907 ἂν
3144 1855 3228 1925 είη
3260 1856 3323 1908 τὸ
3347 1857 3628 1911 καλεῖσθαι
3650 1861 3764 1914 Οὔκ

493 1944 770 1998 inimicum
799 1954 851 1998 et
905 1945 1328 2000 infcnsissimum
1367 1947 1468 2001 sibi
1507 1947 1671 2001 Deum
1703 1948 1928 2013 invenit,
1958 1958 2065 2002 sta-

2175 1942 2308 2014 ὴλεη
2318 1944 2473 2015 μένη.
2503 1944 2650 2014 Αὐτὴ
2672 1943 2780 2014 γάρ
2807 1943 3094 1997 ἀπέκτεινε
3116 1943 3208 1996 τὸν
3237 1944 3499 2013 Ἰεζραὲλ,
3518 1945 3762 2002 τουτέστι

2267 1305 2468 1374 Ἴωμεν
2501 1303 2556 1356 δὲ
2579 1298 2647 1357 αὖ
2672 1304 2768 1358 καὶ
2792 1304 2876 1373 ἐφ’
2906 1305 3098 1376 ἑτέρας
3139 1308 3368 1374 ἐννοίας,
3397 1311 3542 1381 φημὶ
3577 1311 3634 1364 δὲ
3665 1315 3770 1369 πά-

2190 1394 2273 1447 λιν
2305 1393 2404 1458 τὰς
2451 1396 2537 1447 ἐπ’
2565 1394 2713 1466 αύτῷ
2740 1395 2818 1466 τῷ
2848 1395 3091 1468 Χριστῷ.
3119 1399 3276 1453 Μετὰ
3322 1401 3428 1472 γάρ
3476 1419 3558 1455 τοι
3587 1403 3650 1456 τὺ
3679 1421 3770 1456 τε-

492 2037 695 2102 timque
724 2035 1062 2090 calamitates
1088 2037 1536 2102 immedicabiles,
1565 2054 1594 2091 a
1623 2038 1886 2092 Romanis
1908 2051 2068 2094 exer-

491 2127 688 2182 citibus
719 2127 1021 2193 devastata,
1057 2137 1112 2182 et
1157 2126 1358 2181 bellum
1387 2127 1545 2198 longe
1585 2130 1797 2198 lateque
1825 2129 2066 2182 auditum

489 2234 739 2288 perpessa
770 2219 1045 2282 sustinuit,
1083 2217 1298 2287 quando
1325 2229 1384 2274 et
1413 2218 1668 2275 mulieres
1691 2218 1926 2274 infantes
1941 2234 2068 2276 suos

489 2311 863 2376 comederunt,
903 2317 958 2363 et
997 2319 1055 2363 ut
1089 2317 1174 2364 est
1215 2309 1357 2378 apud
1388 2309 1710 2380 pr0phetam
1755 2309 2065 2375 Jeremiam,

493 2402 729 2458 «Manus
779 2402 1068 2457 mulierum
1126 2401 1559 2458 misericordium
1608 2413 1873 2458 coxerunt
1927 2403 2067 2460 filios

487 2511 614 2550 suos
635 2495 704 2562 ⁸⁸,
737 2513 756 2546 ι
789 2506 842 2548 et
878 2495 1026 2565 leges
1057 2504 1266 2550 naturae
1301 2495 1549 2549 humana:
1580 2506 1921 2563 spreverunt,
1941 2511 2066 2550 cum

487 2585 658 2639 fames
695 2602 786 2640 eas
830 2587 1265 2656 philostorgiam,
1310 2584 1512 2655 alioqui
1573 2586 2063 2656 inexpugnabilem,

485 2676 755 2746 negligere
790 2677 1160 2747 compelleret.
1210 2675 1379 2732 Porro
1411 2677 1525 2731 haec
1561 2679 1744 2731 omnia
1768 2679 1839 2733 ob
1874 2679 2068 2748 impie~

487 2780 626 2823 tates
657 2769 965 2836 designatas
998 2769 1106 2823 illis
1125 2776 1444 2823 evenerunt.
1469 2767 1576 2838 25
1597 2767 1838 2838 Spondet
1887 2779 2064 2826 autem

485 2875 544 2914 se
561 2859 937 2914 misericordia
974 2859 1112 2915 ﬁlios
1161 2856 1297 2913 Juda
1339 2869 1778 2928 prosecuturum,
1813 2861 1916 2917 hoc
1958 2871 2063 2925 est,

2177 2036 2435 2106 Χριστόν.
2461 2035 2731 2108 Ταύτῃτοι
2754 2036 2979 2100 δικαίως
3004 2035 3196 2106 ἐχθρὸν
3238 2037 3332 2090 καὶ
3360 2035 3761 2107 πολεμιώτατον

2176 2129 2422 2200 εὑρίσκει
2459 2128 2618 2190 Θεὸν,
2654 2128 2750 2180 καὶ
2797 2128 3128 2196 ἀνηκέστους
3162 2126 3326 2190 εὐθὺς
3374 2128 3761 2199 ὑπομεμένηκε

2177 2219 2483 2289 συμφορὰς,
2529 2222 2652 2282 ταῖς
2700 2219 2992 2290 Ῥωμαίων
3025 2217 3321 2304 δυνάμεσιν
3343 2218 3761 2290 ἐκπεπορθημέο

2175 2326 2260 2382 νη,
2341 2311 2436 2363 καὶ
2466 2309 2558 2363 τὸν
2591 2308 2876 2380 διαϐόητον
2913 2309 3198 2363 ὑποστᾶσα
3247 2309 3505 2380 πόλεμον,
3543 2311 3631 2364 ὅτε
3664 2311 3760 2364 καὶ

2175 2405 2430 2470 γυναῖκες
2480 2402 2591 2456 τῶν
2645 2402 2790 2456 ίδίων
2821 2401 3031 2473 ἥψαντο
3056 2401 3284 2466 τέκνων,
3337 2402 3432 2456 καὶ
3537 2419 3704 2474 φησιν
3729 2403 3761 2455 ὁ

2175 2490 2460 2567 πᾷοφήτης
2503 2495 2794 2566 Ἱερεμίας,
2824 2514 2842 2546 ι
2871 2496 3066 2566 Χεῖρες
3105 2494 3378 2564 γυναικῶν
3396 2495 3759 2566 οίκτιρμόνων

2172 2588 2390 2659 ἦψησαν
2423 2589 2490 2641 τά
2513 2589 2707 2642 παιδία
2730 2587 2959 2655 ἑαυτῶν,
2985 2606 3004 2639 ι
3047 2588 3141 2640 καὶ
3166 2586 3382 2657 φύσεως
3405 2587 3759 2660 ἀνθρωπίνης

2172 2681 2511 2750 ἀλογήσασαι
2543 2679 2745 2750 νόμων,
2797 2679 2893 2733 καὶ
2933 2677 3316 2750 φιλοστοργίας
3348 2679 3562 2750 ἀμάχου
3588 2678 3758 2751 ρᾳθυ-

2177 2774 2295 2841 μεῖν
2327 2772 2494 2835 αύτάς
2525 2769 2924 2840 ἀναγκάζοντος
2947 2769 3041 2823 τοῦ
3073 2769 3254 2840 λιμοῦ.
3289 2770 3452 2825 Ἀλλά
3473 2771 3568 2824 καὶ
3597 2770 3758 2825 ταυτὶ

2176 2865 2274 2934 μὲν
2303 2865 2517 2918 ἅπαντα
2545 2866 2659 2926 τοῖς
2695 2861 2999 2932 ἠσεϐηκόσι
3047 2862 3416 2933 συμϐέϐηκεν.
3481 2863 3757 2935 Ἐλεήσειν

485 2949 598 3018 qui,
625 2947 922 3002 secundum
993 2947 1334 3018 disciplinam
1373 2956 1428 3002 et
1465 2950 1930 3018 regenerationem
1975 2965 2065 3021 per

2172 2954 2229 3006 δὲ
2263 2955 2388 3016 τοὺς
2413 2955 2564 3017 υἱοὺς
2601 2951 2772 3006 Ἰούδα
2798 2949 3321 3019 κατεπαγγέλλεται,
3345 2953 3612 3017 τουτέστι,
3629 2955 3756 3018 τοὺς

486 3041 768 3106 Spiritum,
801 3039 1004 3096 Christi
1050 3040 1146 3095 filii
1196 3049 1510 3106 evaserunt,
1537 3041 1631 3111 qui
1662 3041 1729 3097 de
1761 3041 1902 3096 tribu
1933 3041 2069 3096 Juda

486 3132 603 3186 fuit.
631 3131 687 3185 Si
717 3131 861 3185 enim
899 3145 994 3200 per
1024 3131 1379 3202 Evangelium
1406 3132 1625 3201 quidam
1675 3132 1878 3188 sanctis
1936 3147 2068 3202 apo-

485 3224 635 3278 stolis
663 3223 716 3278 in
743 3223 962 3278 Christo
983 3233 1330 3294 generantur,
1345 3227 1616 3294 quomodo
1634 3239 1741 3280 non
1776 3226 1947 3296 magis
1975 3241 2072 3294 per

484 3316 760 3369 (ihristum
803 3313 1019 3384 ipsum?
1054 3315 1121 3370 de
1151 3314 1346 3384 quibus
1385 3314 1551 3370 etiam
1598 3316 1707 3369 ait:
1747 3333 1764 3366 ι
1797 3315 1938 3369 Ecce
1970 3329 2070 3384 ego

485 3418 536 3460 et
569 3406 719 3475 pueri
755 3421 896 3474 quos
935 3405 1083 3461 dedit
1111 3405 1483 3460 mihiDeus‘“.
1515 3424 1532 3456 ι
1563 3405 1853 3460 Salvantur
1889 3405 2070 3473 itaque

486 3503 536 3550 in
573 3497 788 3552 Christo
829 3497 1053 3552 Domino
1101 3508 1156 3552 et
1188 3498 1298 3553 Deo
1329 3499 1735 3563 universorum,
1774 3513 1881 3552 non
1916 3512 2069 3551 arma

484 3596 761 3640 moventes
815 3586 1091 3641 terrestria
1148 3595 1204 3641 et
1266 3587 1504 3643 carnalia
1534 3586 1624 3652 ⁸¹;
1687 3585 1780 3641 sed
1843 3585 1897 3639 in
1957 3586 2069 3640 vir-

489 3689 601 3733 tute
636 3677 916 3744 salvantis,
966 3679 1406 3736 etconcutientis
1447 3675 1665 3746 quidem
1731 3676 2067 3747 principatus

486 3780 539 3825 et
571 3768 792 3823 thronos
813 3768 882 3833 ⁸³,
933 3768 1511 3839 triumphantisautem
1544 3779 1706 3821 cruce
1730 3781 1828 3822 sua
1874 3767 2066 3822 adver-

485 3863 755 3916 sariorum
788 3869 1060 3927 catervas,
1087 3869 1140 3914 et
1164 3859 1432 3932 malignas
1451 3866 1747 3928 potestates
1765 3862 2086 3928 evertentis,

483 3964 537 4006 et
566 3953 743 4009 dantis
777 3950 1123 4022 diligentibus
1164 3965 1226 4006 se
1263 3971 1282 4002 ‹
1309 3949 1520 4006 calcare
1563 3964 1728 4020 super
1763 3962 2064 4021 serpentes,

482 4053 536 4099 et
558 4042 895 4111 scorpiones,
919 4050 973 4098 et
1005 4056 1166 4111 super
1185 4053 1400 4095 omnem
1425 4038 1680 4093 virtutem
1715 4039 1923 4094 inimici
1943 4038 2010 4094 “.
2042 4059 2060 4093 ι

481 4134 900 4205 Appositissime
945 4144 1125 4188 autem
1164 4128 1501 4186 incredulum
1529 4171 1544 4195 ,
1586 4139 1643 4185 et
1675 4130 1974 4194 effrenum,
2015 4142 2068 4187 et

483 4228 694 4282 Domini
748 4226 1152 4282 interfectorem
1197 4220 1453 4292 populum
1498 4217 1807 4275 Iudaeorum
1853 4222 2065 4278 mulieri

2174 3046 2315 3098 κατὰ
2339 3043 2576 3115 μάθησίν
2602 3061 2664 3097 τε
2710 3043 2805 3097 καὶ
2830 3041 3298 3112 ἀναγέννησιντὴν
3331 3041 3420 3096 διὰ
3455 3041 3549 3096 τοῦ
3580 3043 3755 3098 Ilvati-

2177 3153 2344 3206 ματος
2367 3137 2517 3198 υἱοὺς
2547 3137 2843 3204 γεγονότας
2867 3133 3237 3204 Χριστοῦ,τοῦ
3263 3136 3327 3186 ἐκ
3354 3134 3527 3204 φυλῆς
3563 3134 3752 3190 Ἰούδα.

2172 3227 2236 3280 Εἰ
2259 3229 2367 3296 γὰρ
2397 3226 2485 3279 διὰ
2517 3225 2610 3278 τοῦ
2651 3223 2987 3293 Εὐαγγελίου
3026 3223 3321 3292 γεννῶνται
3353 3241 3499 3288 τινες
3528 3226 3586 3278 ἐν
3619 3227 3757 3298 Χριο·

2174 3318 2284 3388 στῷ
2317 3319 2432 3380 τοῖς
2469 3317 2643 3385 ἁγίοις
2673 3316 3023 3380 ἀποστόλοις,
3047 3315 3162 3379 πῶς
3192 3315 3314 3387 ούχὶ
3345 3316 3546 3386 μᾶλλον
3567 3316 3634 3371 δι’
3657 3319 3758 3372 αὒ-

2170 3407 2264 3461 τοῦ
2287 3409 2382 3461 τοῦ
2414 3406 2684 3478 Χριστοῦ;
2713 3409 2841 3478 περὶ
2863 3400 2938 3460 ῶν
2961 3406 3056 3460 καί
3087 3423 3243 3476 φησι·
3280 3425 3300 3457 ι
3337 3405 3470 3459 Ἰδοὺ
3505 3405 3636 3476 ἐγὼ,
3660 3407 3757 3460 καὶ

2169 3499 2238 3553 τὰ
2267 3499 2456 3554 παιδία
2480 3498 2516 3552 ἀ
2552 3497 2858 3568 μοιέδωκεν
2885 3498 2914 3549 ὁ
2943 3495 3095 3558 Θεός.
3135 3514 3153 3547 ι
3190 3494 3460 3559 Σώζονται
3489 3497 3666 3550 τοίνυν
3695 3500 3756 3551 ὲν

2170 3591 2390 3664 Χριστῷ
2435 3590 2512 3661 τῷ
2541 3589 2732 3660 Κυρίῳ
2793 3589 2889 3643 καὶ
2936 3587 3055 3658 Θεῷ
3103 3587 3211 3640 τῶν
3266 3586 3426 3652 ὅλων,
3465 3587 3562 3658 οὐχ
3613 3588 3755 3642 ὅπλα

2170 3684 2446 3745 κινοῦντες
2473 3681 2694 3749 ὲπίγειά
2739 3697 2799 3733 τε
2856 3680 2951 3733 καὶ
2978 3677 3238 3750 σαρκικὰ,
3286 3677 3402 3732 ἀλλ’
3437 3680 3493 3732 ὲν
3524 3679 3754 3749 δυνάμει

2168 3771 2263 3828 τοῦ
2293 3771 2578 3836 σώζοντος,
2612 3772 2707 3832 καὶ
2732 3769 3114 3831 κατασείοντος
3158 3767 3258 3838 μὲν
3295 3767 3471 3838 ἀρχὰς
3499 3769 3594 3822 καὶ
3624 3767 3754 3840 096-

2170 3879 2316 3925 νους,
2342 3857 2768 3932 Θριαμϐεύοντος
2793 3856 2852 3910 δὲ
2877 3856 2955 3927 τῷ
2987 3857 3102 3926 ἰδίῳ
3140 3855 3359 3927 σταυρῷ
3387 3855 3496 3909 τῶν
3519 3857 3754 3910 ἀντικει-

2173 3953 2349 4025 μένων
2388 3951 2458 4004 τὰ
2498 3950 2682 4020 στίφη,
2713 3949 2806 4002 καὶ
2846 3949 3105 4019 δυνάμεις
3154 3949 3624 4019 καταστρέφοντος
3650 3966 3754 4001 πο-

2169 4043 2364 4115 νηρὰς,
2388 4043 2484 4096 καὶ
2533 4041 2766 4104 διδόντος
2825 4043 2937 4102 τοῖς
2982 4039 3268 4109 ἀγαπῶσιν
3306 4040 3469 4093 αὑτὸν
3503 4058 3521 4091 ι
3559 4042 3753 4094 πατεῖν

2169 4137 2353 4191 ἐπάνω
2371 4134 2546 4205 ὄφεων
2608 4132 2701 4186 καὶ
2734 4132 3032 4202 σκορπίων,
3059 4131 3152 4184 καὶ
3195 4131 3289 4185 ἐπὶ
3323 4132 3504 4184 πᾶσαν
3531 4132 3630 4200 τὴν
3657 4131 3752 4184 δύ-

2169 4245 2335 4298 ναμιν
2372 4226 2465 4279 τοῦ
2494 4225 2709 4296 ἐχθροῦ.
2749 4244 2768 4276 ι
2810 4220 2882 4276 Εὖ
2915 4223 2971 4276 δὲ
3025 4223 3090 4292 δὴ
3148 4222 3351 4292 σφόδρα
3399 4221 3498 4291 τὴν
3552 4222 3751 4293 ἀπειθῆ

481 4319 832 4388 comparavit,
897 4317 994 4382 illi,
1049 4318 1296 4385 inquam,
1347 4329 1468 4384 qua:
1511 4313 1656 4369 dicta
1719 4323 1802 4370 est
1849 4315 2065 4385 Absque

2177 4321 2270 4372 καὶ
2299 4316 2529 4387 ὲξήνιον,
2562 4315 2654 4368 καὶ
2700 4313 3045 4383 κυριοκτόνον
3095 4313 3202 4366 τῶν
3246 4312 3516 4366 Ἰουδαίων
3541 4311 3752 4382 πληθὺν

482 4411 875 4466 misericordia.
921 4409 1178 4463 Indicium
1212 4406 1357 4461 enim
1417 4405 1804 4460 imbecillitatis
1825 4417 1908 4462 est
1942 4425 2061 4464 mu-

483 4500 604 4563 lier,
637 4508 690 4552 et
724 4498 889 4553 animi
924 4496 1069 4550 haud
1118 4495 1292 4549 virilis
1346 4507 1509 4563 atque
1559 4493 1716 4549 fracti
1760 4497 2062 4565 symbolum

484 4591 767 4658 aptissime
794 4588 1016 4657 intelligi
1040 4597 1224 4658 queat.
1258 4584 1418 4641 Tales
1444 4595 1569 4640 sunt
1605 4601 1818 4654 omnes,
1859 4589 1950 4658 qui
1984 4589 2066 4642 in-

482 4681 814 4736 stitutionem
843 4678 1229 4748 pchhristum
1252 4691 1357 4730 non
1394 4688 1770 4746 susceperunt,
1795 4681 1960 4733 necin
1979 4680 2063 4734 di-

482 4772 622 4824 vinis
659 4780 712 4822 ct
743 4769 948 4823 sanctis
973 4767 1238 4821 mandatis
1267 4765 1383 4834 ejus
1422 4766 1628 4836 ingredi
1669 4769 2060 4824 sustinuerunt.

483 4861 846 4928 Quamobrem
881 4858 1049 4914 Oseas
1108 4859 1372 4928 propheta
1411 4857 1626 4928 inquit:
1665 4877 1682 4910 ι
1715 4860 2060 4927 Convertere,

482 4951 666 5015 lsrael,
690 4951 756 5005 ad
782 4949 1064 5004 Dominum
1089 4945 1252 5000 Deum
1281 4956 1452 5012 tuum,
1474 4949 1891 5020 quiuiQtirtitata
1915 4966 1974 5004 es
2008 4952 2059 5006 in

483 5041 861 5111 iniquitatibus
882 5039 989 5092 tuis
1009 5037 1078 5094 ⁸³.
1113 5057 1131 5090 ›
1154 5037 1220 5092 Ει
1239 5039 1432 5093 iterum
1482 5040 1551 5094 de
1582 5042 1846 5096 mandatis
1871 5042 2060 5097 Salva-

458 5133 616 5186 itoris
649 5131 789 5186 idem
817 5147 832 5184 :
863 5148 880 5179 ι
901 5128 1036 5195 Quia
1072 5138 1231 5183 rectae
1251 5129 1348 5182 via-
1377 5130 1607 5194 l)omini,
1631 5140 1685 5186 et
1712 5133 1842 5200 justi
1877 5135 2062 5188 ambu-

484 5225 669 5278 labunt
704 5222 757 5275 in
780 5221 898 5283 eis;
927 5221 1076 5289 impii
1102 5231 1280 5273 autem
1321 5219 1805 5277 infirmabunturin
1844 5225 2003 5278 eis“.
2039 5246 2055 5276 ι

484 5316 627 5369 Idem
673 5313 871 5368 alicubi
904 5315 969 5366 de
1014 5312 1079 5367 iis
1111 5312 1532 5380 quiocciderunt
1568 5310 1808 5379 Jezracl,
1864 5317 1914 5369 id
1954 5330 2057 5384 est,

482 5405 781 5469 Christum,
823 5422 842 5456 ι
867 5402 931 5456 Et
956 5403 1325 5458 humiliabitur
1351 5403 1602 5472 superbia
1643 5404 1807 5461 Israel
1844 5409 1893 5461 in
1926 5409 2060 5465 facie

557 5597 603 5630 ’⁸
631 5595 742 5652 lV.‘
763 5597 894 5670 Reg.
925 5615 1038 5670 xix,
1064 5600 1154 5652 55.

485 5667 615 5725 loss.
642 5684 700 5732 ιι,
736 5671 823 5724 10.
849 5667 868 5670 ⁷
897 5671 943 5701 ⁸⁸
965 5669 1094 5726 Luc.
1127 5686 1181 5734 ιι,
1222 5670 1306 5723 l9.

1249 5598 1294 5628 τ’
1339 5597 1481 5650 Psal.
1513 5615 1586 5660 ix,
1623 5599 1656 5652 8
1690 5642 1704 5663 ,
1747 5600 1799 5655 9.
1878 5601 1922 5632 ⁸ο
1961 5600 2065 5655 Thr

2202 5601 2388 5666 tv,10.
2463 5599 2506 5632 ⁸³
2539 5599 2640 5655 lsa.
2681 5614 2797 5666 vni,
2829 5601 2911 5654 lS.
2991 5598 3035 5629 ⁸⁸
3073 5597 3109 5652 ιι
3155 5598 3281 5652 Cor.
3315 5614 3364 5660 x,
3395 5596 3450 5651 4.

1383 5669 1428 5700 ⁸⁵
1459 5670 1597 5724 Osee
1628 5685 1738 5736 xw,
1773 5671 1825 5727 2.
1903 5672 1947 5706 ⁸⁸
1980 5672 2111 5727 ibid.
2150 5672 2239 5727 lt).

2171 4405 2390 4473 γυναικὶ
2425 4404 2767 4474 παρεικάζει,
2800 4404 2944 4473 φημὶ
2971 4403 3034 4472 δὴ
3060 4405 3128 4473 τῇ
3169 4402 3280 4460 Ούκ
3327 4401 3619 4473 ἠλεημένῃ.
3647 4401 3752 4470 Ση-

2176 4499 2324 4566 μεῖον
2359 4495 2458 4565 μὲν
2483 4496 2591 4566 γάρ
2617 4497 2649 4565 ὴ
2672 4495 2810 4565 γυνὴ
2843 4493 2935 4547 καὶ
2960 4495 3308 4564 φρονήματος
3330 4493 3616 4562 ἀνάνδρου,
3657 4493 3752 4546 καὶ

2173 4590 2546 4658 κεκλασμένου
2600 4588 2770 4652 τύπος
2828 4587 2894 4641 ἂν
2944 4588 3116 4639 νοοῖτο
3142 4625 3156 4649 ,
3215 4586 3308 4639 καὶ
3345 4585 3490 4654 μάλα
3539 4584 3742 4654 σαφῶς.

2172 4684 2213 4735 Τ
2217 4683 2374 4736 οιοίδε
2400 4681 2457 4734 δὲ
2485 4680 2706 4742 πάντες,
2738 4681 2854 4732 ὅσοι
2878 4676 2974 4746 τὴν
3009 4676 3098 4730 διὰ
3142 4674 3378 4747 Χριστοῦ
3407 4675 3484 4744 μὴ
3517 4673 3749 4743 παρεδέ-

2171 4777 2328 4839 ξαντο
2361 4774 2670 4840 παίῂυσιν,
2727 4771 2866 4840 μήτε
2911 4768 3014 4839 μὴν
3043 4769 3329 4838 ἠνέσχοντο
3359 4766 3585 4819 κατόπιν
3611 4766 3748 4819 ἰέναι

2167 4833 2274 4918 τῶν
2301 4833 2667 4916 Θείωντιύτοῦ
2835 4833 3006 4924 ayth
3036 4833 3444 4925 Θεσπισμάτων.
3481 4855 3590 4906 Καὶ
3619 4853 3749 4920 γοῦν

2169 4959 2196 5010 ὁ
2234 4956 2520 5026 προφήτης
2564 4951 2746 5019 Ὠσηὲ,
2789 4968 2804 4999 ι
2846 4945 3264 5017 Ἑπιστρὰφηθι,
3295 4945 3479 5017 φησὶν,
3511 4944 3748 5016 Ἰσραὴλ,
3825 4949 3828 4955 ’

2172 5045 2308 5115 πρὸς
2341 5041 2546 5110 Κύριον
2583 5041 2672 5093 τὸν
2705 5039 2838 5091 Θεόν
2870 5055 2962 5090 σου
2984 5076 2998 5099 ,
3025 5038 3159 5090 διότι
3207 5035 3512 5106 ἠσθένησας
3546 5036 3604 5086 ὲν
3630 5038 3752 5098 ταῖς

2170 5136 2406 5196 ἀδικίαις
2438 5151 2555 5186 σου.
2590 5153 2609 5184 ›
2644 5133 2753 5185 Καὶ
2786 5131 2946 5184 πάλιν
2974 5127 3226 5198 περὶτῶν
3245 5125 3340 5180 τοῦ
3375 5127 3627 5197 Σωτῆρος
3660 5129 3747 5179 ὲν·
3807 5141 3817 5204 έ

2169 5228 2510 5298 ταλμάτωνὸ
2540 5224 2720 5288 αὐτὸς,
2781 5245 2797 5274 ι
2835 5223 2980 5275 Διότι
3031 5220 3258 5284 εὐθεῖαι,
3309 5219 3494 5289 φησιν,
3533 5219 3588 5272 at!
3637 5218 3751 5272 ὁδοὶ
3806 5208 3812 5216 ’

2170 5320 2263 5373 τοῦ
2286 5319 2518 5389 Κυρίου,
2556 5317 2650 5370 καὶ
2684 5317 2884 5369 δίκαιοι
2937 5311 3292 5384 πορεύσονται
3319 5311 3377 5363 ὲν
3425 5310 3640 5372 αὑταῖς,
3698 5310 3750 5361 οἱ

2167 5412 2224 5466 δὲ
2242 5411 2457 5473 ἀσεϐεῖς
2481 5409 2870 5478 ἀσϐενήσουσιν
2891 5407 2947 5459 ἐν
2963 5405 3170 5468 αὑταῖς.
3185 5421 3203 5455 ι
3221 5403 3332 5456 Καὶ
3349 5405 3376 5456 ὁ
3391 5402 3550 5464 αὐτὸς
3569 5400 3625 5454 δέ
3641 5418 3746 5455 που

3559 5595 3608 5629 II
3639 5593 3745 5649 Co.
