4094 6454
338 399 411 456 49
1293 394 1849 453 COMMENTARIUS
1885 394 1951 451 IN
1992 390 2229 451 OSEAM
2268 388 2718 447 PROPHETAM.
3338 372 3345 377 δ
3580 382 3652 441 50

336 513 516 585 φησὶν
565 512 733 583 Ὠσηὲ
792 511 926 583 περὶ
977 512 1081 565 τῶν
1129 511 1511 567 ἀπεκτονότων
1556 513 1649 567 τὸν
1684 512 1955 585 ἰεζραὲλ,

2079 511 2201 584 :jus.
2239 510 2305 563 Et
2334 508 2519 569 lsrael,
2546 517 2601 561 et
2630 503 2887 575 Ephraim
2919 499 3346 556 inﬁrmahuntur
3376 496 3429 551 iu
3454 496 3654 569 iuiqui.-
3738 454 3745 457 ἤ

338 606 601 662 τουτέστι
636 606 901 678 Χριστόν⁹
929 624 947 658 ι
984 605 1097 659 Καὶ
1130 606 1607 677 ταπεινωθήσεται
1629 608 1663 676 ἡ
1689 605 1848 677 ὕϐρις
1865 604 1960 659 τοῦ

350 699 583 771 Ἰσραὴλ
640 698 721 761 είς
790 697 1087 768 πρόσωπον
1143 696 1330 753 αὑτοῦ.
1418 697 1531 751 Καὶ
1598 696 1815 767 Ἰσραὴλ
1870 696 1963 752 καὶ

348 787 614 859 Ἑφραῒμ
645 787 1042 858 ἀσθενήσουσιν
1068 788 1127 841 ὲν
1151 790 1272 851 ταῖς
1290 787 1525 851 ἀδικίαις
1546 788 1745 843 αὐτῶν.
1761 808 1780 840 ι

414 880 537 935 Καὶ
580 878 1039 948 ἀπεγαλάκτισε
1086 878 1202 947 τὴν
1254 881 1380 933 Οὐκ
1425 879 1803 949 ήλεημένην.
1851 879 1962 933 Kal.

341 971 710 1027 συνέλαϐεν
741 972 852 1037 ἔτι,
877 971 977 1026 καὶ
1018 972 1225 1026 ἔτεκεν
1251 973 1411 1026 υἱόν.
1438 973 1547 1026 Kal
1575 967 1728 1037 εἷπε,
1772 972 1963 1027 Κάλε-

342 1083 472 1119 σον
506 1066 579 1119 τὸ
617 1066 809 1136 ὄνομα
825 1065 1037 1129 αὐτοῦ,
1066 1066 1150 1119 Οὐ
1176 1064 1328 1129 λαός
1356 1082 1496 1133 μου.
1518 1065 1672 1118 Ardet
1694 1064 1864 1134 ὑμεῖς
1890 1067 1964 1119 οὐ

343 1159 508 1226 λαός
528 1176 677 1229 μου,
699 1158 801 1212 καὶ
833 1155 951 1227 ἐγὼ
984 1158 1097 1211 οὐκ
1120 1155 1239 1226 εἰμὶ
1274 1156 1464 1225 ὑμῶν.

421 1338 524 1404 (τ’.
566 1336 828 1390 Τίκτεται
858 1337 1004 1391 κατὰ
1054 1335 1221 1400 πόδας
1258 1336 1354 1390 καὶ
1398 1335 1498 1390 οὐκ
1529 1338 1610 1399 εἰς
1646 1336 1865 1407 μακρὰν
1894 1336 1963 1406 τῇ

350 1427 542 1497 Γόμερ
568 1426 785 1482 παιδίον
800 1427 1190 1498 ἓτερον,δδεῖν
1242 1427 1347 1499 ἔφη
1384 1427 1670 1480 καλεῖσθαι
1691 1427 1846 1493 Θεὸς,
1888 1427 1963 1480 Ob

345 1520 483 1582 λαός
521 1537 653 1590 μου.
712 1520 827 1574 Καὶ
859 1521 1059 1590 γείτων
1090 1520 1256 1584 εὐθὺς
1291 1521 1358 1590 τῇ
1378 1518 1720 1590 τοιᾷδελύσει
1753 1518 1964 1573 τίθεται

347 1612 525 1666 πάλιν
588 1612 892 1681 πρόφασις.
952 1613 1145 1684 Ὑμεῖς
1177 1613 1311 1685 γὰρ,
1350 1614 1538 1683 φησὶν,
1573 1613 1633 1667 οὐ
1671 1612 1800 1676 λαός
1837 1630 1962 1683 μου,

350 1703 451 1756 καὶ
481 1703 603 1773 ἐγὼ
638 1705 739 1758 οὐκ
788 1706 909 1775 είμὶ
958 1706 1136 1775 ὑμῶν.
1168 1706 1339 1777 Δῆλον
1377 1706 1424 1759 δ’
1450 1705 1517 1760 ἂν
1543 1705 1629 1777 εἴη
1660 1708 1770 1759 κάκ
1811 1704 1966 1759 τοῦδε

344 1794 570 1858 λοιπὸν,
602 1796 681 1859 ὡς
736 1795 818 1859 είς
861 1795 1086 1867 ἔλεγχον
1123 1796 1233 1850 τῶν
1284 1797 1707 1868 ἡμαρτηκότων,
1741 1797 1837 1851 καὶ
1884 1798 1966 1860 είς

2071 602 2275 657 tatibus
2295 601 2410 656 suis
2428 600 2496 651 ⁸⁷.
2522 619 2539 650 ι

2136 887 2303 942 Vens.
2377 888 2432 952 8,
2485 884 2546 942 9.
2602 883 2673 939 Et
2730 880 3016 938 ablactavit
3091 894 3209 933 eam
3263 892 3382 947 qua:
3441 875 3657 942 Absque

2066 980 2438 1036 misericordia
2477 979 2771 1034 dicebatur.
2807 974 2875 1028 Et
2926 972 3158 1040 concepit
3214 970 3406 1032 adhuc,
3449 976 3496 1021 et
3566 983 3659 1034 pe-

2064 1075 2200 1141 perit
2219 1072 2409 1141 ﬁlium.
2433 1069 2502 1124 Et
2533 1069 2668 1123 dixit
2695 1090 2707 1120 :
2748 1066 2889 1121 Voca
2922 1079 3109 1119 nomen
3128 1060 3266 1130 ejus,
3287 1060 3410 1114 Non
3433 1057 3657 1128 populus

2066 1181 2232 1219 meus.
2281 1162 2420 1229 Quia
2450 1177 2539 1216 vos
2571 1176 2674 1215 non
2710 1155 2936 1229 populus
2968 1170 3137 1219 meus,
3171 1160 3218 1207 et
3251 1168 3342 1222 ego
3398 1165 3503 1204 non
3544 1164 3658 1201 sum

2066 1266 2252 1311 vester.

2140 1345 2229 1401 νι.
2294 1345 2546 1400 Nascitur
2603 1342 2805 1398 Gomer
2860 1340 3015 1410 quasi
3062 1336 3325 1407 evestigio
3427 1347 3527 1389 nec
3587 1332 3660 1386 ita

2069 1438 2237 1493 multo
2269 1448 2394 1507 post
2424 1435 2603 1491 infans
2630 1434 2788 1497 alius,
2819 1446 2979 1502 quem
3060 1429 3204 1485 Deus
3253 1426 3437 1483 vocari
3500 1424 3661 1495 jussit

2068 1527 2187 1582 Non
2234 1525 2466 1597 populus
2530 1538 2702 1578 meus.
2772 1521 2873 1575 Rei
2941 1518 3159 1574 occasio
3216 1531 3338 1571 mox
3395 1512 3661 1569 solutione

2070 1619 2438 1688 hujuscemodi
2465 1616 2781 1685 exponitur:
2850 1612 2957 1668 Vos
3009 1609 3398 1678 enim,iuquit,
3431 1619 3657 1673 nonpo-

2069 1710 2226 1780 pulus
2262 1715 2504 1773 meus,et
2534 1721 2635 1775 ego
2664 1719 2772 1758 non
2800 1717 2921 1758 sum
2943 1711 3144 1756 vester.
3200 1698 3467 1755 Constare
3497 1695 3661 1763 igitur

2070 1803 2232 1857 etiam
2271 1800 2400 1855 hinc
2435 1806 2634 1870 potest,
2670 1796 2737 1851 ad
2762 1793 3241 1864 reprehensionem
3287 1796 3660 1857 peccatorum,

346 1886 742 1959 ἐπανόρθωσιν
774 1888 997 1960 ἀσφαλῆ
1016 1889 1127 1944 τῶν
1154 1894 1517 1962 καταφρονεῖν
1536 1890 1848 1962 ᾑρημένων,
1873 1890 1968 1943 καὶ

2079 1904 2125 1949 et
2163 1894 2229 1949 ad
2256 1900 2460 1948 certam
2494 1889 2891 1946 correctionem
2917 1892 3380 1953 coutemptoruur,
3450 1892 3664 1933 errore-

345 1979 432 2043 εἰς
469 1978 754 2050 πλάνησιν
790 1981 1240 2035 ἀπονενευκότων
1281 1981 1587 2052 ἐπράττετο
1623 1982 1723 2052 μὲν
1762 1983 1966 2052 ίστορι-

348 2069 469 2133 κῶς
503 2071 577 2124 τὰ
628 2071 831 2138 τοιάδε,
875 2072 1040 2126 τύποι
1083 2073 1140 2126 δὲ
1180 2070 1322 2145 ἦσαν
1367 2074 1478 2129 τῶν
1533 2074 1966 2145 συμϐησομένων

351 2162 500 2217 κατὰ
525 2165 764 2235 καιροὺς
791 2167 907 2229 τοῖς
936 2165 997 2229 ἐξ
1024 2166 1266 2237 Ἰσραὴλ,
1303 2166 1831 2238 ὲνανθρωπήσαντος
1862 2166 1964 2237 ἤδη

290 2328 293 2329 ν
346 2252 449 2327 τοῦ
483 2254 860 2323 Μονογενοῦς,
889 2256 988 2309 καὶ
1016 2256 1108 2310 τὸν
1130 2256 1313 2328 τίμιον
1348 2258 1488 2329 ὑπὲρ
1522 2258 1680 2329 ἡμῶν
1706 2258 1967 2312 ἀνατλάν-

346 2365 447 2412 τος
477 2348 744 2419 σταυρόν.
784 2350 850 2404 Εί
903 2350 961 2403 δὲ
1009 2350 1072 2422 δὴ
1106 2352 1212 2421 χρὴ
1251 2350 1360 2422 πρὸ
1405 2350 1515 2405 τῶν
1574 2351 1966 2423 πνευματικῶν

345 2440 767 2513 ἀφηγήσασθαι
789 2442 858 2496 τὰ
890 2442 1162 2514 ἱστορικὰ,
1189 2444 1392 2514 φαμὲν,
1414 2446 1497 2498 ὅτι
1530 2444 1966 2515 μετοικισθέντος

344 2536 449 2588 τοῦ
488 2535 714 2607 Ἰσραὴλ
750 2538 816 2590 ὲκ
848 2537 948 2607 τῆς
981 2537 1322 2608 Σαμαρείας,
1346 2539 1427 2602 είς
1476 2538 1545 2593 τὰ
1571 2541 1695 2612 δρια
1737 2540 1966 2612 Περσῶν

348 2627 451 2682 καὶ
512 2628 725 2699 Μήδων
782 2628 893 2682 ὑπό
947 2645 1009 2681 τε
1069 2628 1163 2682 τοῦ
1207 2629 1646 2704 Θεγλαφαλασὰρ
1699 2633 1968 2704 βασιλέως

357 2720 708 2790 Ἀσσυρίων,
729 2721 827 2774 καὶ
861 2721 962 2791 μέν
983 2738 1068 2774 τοι
1093 2722 1490 2796 Σαλμανασὰρ,
1514 2727 1564 2778 οί
1595 2725 1969 2797 περιλειφθέν-

343 2830 448 2877 τες
475 2812 586 2881 ἔτι,
636 2812 736 2866 καὶ
771 2813 883 2867 τῶν
910 2814 1413 2869 κεκινδυνευκότων
1446 2815 1508 2869 τὸ
1541 2816 1816 2886 λείψανον,
1862 2818 1968 2871 ἀπ-

344 2905 594 2961 ώλισθον
614 2907 903 2971 παντελῶς
921 2906 1017 2961 τοῦ
1052 2909 1147 2963 καὶ
1174 2908 1302 2972 λαὸς
1324 2908 1459 2963 Θεοῦ
1472 2908 1858 2981 ὀνομάζεσθαι,
1877 2909 1969 2963 διά

242 3036 245 3037 ν
345 3017 437 3055 τοι
468 3000 534 3053 τδ
581 2999 698 3054 τῶν
746 2998 931 3055 αὐτῶν
977 3000 1199 3071 ἔχεσθαι
1238 3001 1677 3072 σπουδασμάτων
1712 3003 1792 3066 είς
1834 3003 1966 3056 ἀπό-

345 3110 561 3146 στασιν
611 3092 714 3164 τὴν
766 3092 877 3147 ἀπὸ
921 3092 1078 3147 Θεοῦ.
1133 3092 1514 3146 Διαλελοίπασι
1564 3095 1673 3166 γὰρ
1711 3095 1965 3165 οὐδαμῶς

343 3188 481 3249 ταῖς
512 3187 948 3259 μυσαρωτάταις
1001 3186 1111 3240 τῶν
1161 3186 1432 3257 δαιμόνων
1474 3186 1749 3257 λατρείαις
1799 3204 1967 3257 προσς

346 3279 638 3349 κείμενοι.

426 3373 590 3446 Πρὸς
625 3372 871 3427 διάνοιαν
898 3372 957 3426 δὲ
990 3371 1090 3444 τὴν
1119 3372 1329 3443 ἀληθῆ,
1366 3370 1463 3424 καὶ
1506 3370 1601 3427 ἐπὶ
1627 3370 1851 3443 Χριστῷ
1888 3370 1974 3424 λόο

346 3483 455 3537 γον
488 3467 757 3537 συνήσεις
789 3464 1015 3534 ἑτέρως.
1044 3462 1201 3516 Μετὰ
1230 3462 1339 3533 γάρ
1360 3479 1445 3516 τοι
1474 3461 1574 3531 τὴν
1604 3461 1821 3514 ἀνόσιον
1841 3462 1981 3515 ἐκεί·

348 3578 460 3633 νην
494 3558 737 3629 πληθὺν,
773 3558 874 3628 τὴν
908 3555 1135 3619 δικαίως
1181 3555 1283 3608 οὑκ
1332 3554 1651 3624 ὴλεημένην
1692 3556 1978 3623 (κεκυριο-

350 3652 610 3723 κτόνηκε
644 3650 818 3721 γὰρ),
850 3651 898 3703 οἱ
929 3648 1053 3720 μετ’Δ
1082 3646 1323 3709 ἐκείνους
1348 3645 1638 3725 εὐθὺςνυίοὶ
1668 3644 1976 3714 γεγονότες,

351 3746 389 3815 ἦ
412 3745 518 3797 καὶ
551 3743 711 3806 ὄντες
739 3742 842 3813 ἢδη
863 3744 965 3813 τῆς
987 3756 1264 3810 πεπορνευ
1274 3738 1443 3808 μένης
1464 3737 1820 3807 Συναγωγῆς,
1844 3737 1981 3790 cirro-

352 3835 739 3893 πεπτώκασιν
772 3834 1027 3905 ἐναργῶς
1061 3830 1159 3886 τοῦ
1199 3826 1341 3887 εἷναί
1380 3847 1441 3884 τε
1495 3831 1589 3884 καὶ
1619 3829 1981 3900 ὀνομάζεσθαι

352 3930 499 3992 λαὸς
529 3927 695 3982 Θεοῦ.
749 3927 825 3981 Οὐ
858 3927 968 3997 γὰρ
1000 3927 1146 3981 ἅπαν
1178 3925 1239 3978 τὸ
1272 3924 1385 3979 τῶν
1426 3923 1700 3978 Ἰουδαίων
1744 3923 1982 3977 δεδαπά-

352 4039 501 4092 νηκε
534 4020 749 4092 πλῆθος
780 4022 809 4074 ὁ
836 4019 1131 4091 Ῥωμαίων.
1157 4018 1423 4088 πόλεμος·
1459 4017 1597 4071 ἀλλὰ
1623 4016 1849 4085 πλείστη
1882 4015 1982 4086 μὲν

350 4114 466 4183 ὅση
531 4112 631 4164 ml.
655 4109 896 4183 ἀριθμοῦ
937 4109 1205 4181 κρείττων
1234 4108 1453 4162 διόλωλε
1477 4108 1689 4179 πληθύς
1713 4124 1726 4138 ·
1755 4108 1803 4162 ol
1834 4107 1892 4161 δὲ
1924 4104 1987 4172 ἐξ

352 4203 555 4259 αὐτῶν
587 4202 1057 4273 ἁνασεσωσμένοι,
1089 4202 1273 4255 καὶτὸ
1320 4200 1412 4254 τοῦ
1450 4201 1683 4256 θανάτου
1719 4200 1983 4271 φυγόντες

351 4299 541 4362 λίνον,
576 4297 963 4368 διεσπάρησαν
1004 4297 1082 4360 είς
1124 4296 1307 4349 πάντα
1342 4297 1574 4366 ἄνεμον,
1609 4295 1751 4347 κατὰ
1788 4294 1849 4347 τὸ
1888 4311 1985 4363 γε-

350 4390 724 4464 γραμμένον,
758 4391 856 4444 καὶ
879 4391 939 4442 ὲν
966 4391 1088 4453 ταῖς
1120 4387 1230 4443 τῶν
1263 4388 1437 4442 ἐθνῶν
1465 4387 1985 4457 κατεσκεδάσθησαν

352 4486 608 4558 χώραις,
640 4483 825 4537 οὐκέτι
868 4481 1020 4545 λαὸς,
1056 4481 1132 4544 ῶς
1175 4480 1333 4553 ἔφην,
1361 4481 1796 4553 χρηματίζοντες
1822 4478 1981 4535 Θεοῦ.

351 4574 843 4646 Μεταπεφοίτηκε
883 4573 992 4645 γὰρ
1022 4574 1103 4637 είς
1149 4573 1277 4637 τοὺς
1323 4574 1383 4640 ἐξ
1416 4572 1587 4627 ἐθνῶν
1619 4575 1652 4643 ἡ
1687 4573 1869 4645 χάρις,
1898 4568 1980 4636 οἷς

348 4667 647 4741 ἀνεμίχθη
679 4668 862 4722 καὶτὸ
892 4666 1249 4737 κατάλειμμα
1280 4666 1375 4720 τοῦ
1411 4666 1651 4740 Ἰσραὴλ,
1674 4667 1976 4735 τουτέστιν,

350 4768 405 4819 οἱ
445 4763 541 4817 διὰ
578 4762 818 4826 πίστεως
849 4761 953 4831 τῆς
984 4761 1065 4825 είς
1094 4759 1333 4830 Χριστὸν
1373 4759 1840 4829 ἀνασεσωσμένοι.
1872 4762 1979 4813 Πε-

355 4856 711 4913 πιστεύκασι
729 4855 838 4924 γὰρ
854 4854 952 4907 καὶ
981 4856 1047 4907 ἐκ
1065 4852 1258 4906 τούτου
1282 4853 1384 4906 οὐκ
1405 4852 1577 4920 ὀλίγοι
1602 4852 1692 4905 τὸν
1722 4850 1978 4922 ἀριθμόν.

354 4954 493 5006 Ὅτι
524 4949 586 5002 δὲ
618 4946 1089 5008 ἁπολακτίσαντος
1130 4944 1226 4997 τοῦ
1265 4944 1503 5016 Ἰσραὴλ,
1538 4946 1638 5015 τῆς
1672 4947 1751 5008 είς
1784 4946 1983 5009 αὐτοὺς

352 5041 708 5108 οἰκειότητος
726 5034 1145 5105 ἀποπεφοίτηκε
1173 5032 1269 5085 καὶ
1298 5033 1460 5096 αὐτὸς
1485 5032 1513 5084 ὁ
1535 5031 1642 5086 τῶν
1662 5032 1799 5086 ὅλων
1820 5031 1973 5097 Θεὸς,

352 5134 676 5202 ὑπέφηνεν,
709 5127 883 5182 είπὼν
904 5167 920 5193 ,
955 5127 1017 5180 οὐ
1060 5125 1245 5195 μόνον,
1281 5124 1363 5178 ὅτι
1398 5124 1493 5176 καὶ
1538 5124 1727 5195 Ὑμεῖς
1752 5126 1814 5177 οὐ
1848 5123 1977 5186 λαός

354 5241 500 5296 μου,
537 5216 995 5293 προσεπαγαγὼν
1021 5216 1081 5270 δὲ
1112 5215 1326 5279 τούτοις
1357 5214 1701 5283 ἀναγκαίως,
1722 5215 1814 5279 τὸ,
1869 5215 1979 5267 Καὶ

354 5316 481 5386 ἐγὼ
548 5314 656 5367 οὐκ
702 5311 823 5384 εἰμὶ
862 5310 1040 5382 ὑμῶν.
1090 5308 1230 5362 Ἀλλ’
1262 5307 1423 5379 ἡμῶν
1454 5322 1520 5375 γε
1564 5306 1712 5377 πέρι,
1779 5307 1889 5361 τῶν
1923 5308 1984 5361 ἐν

358 5404 601 5481 Χριστῷ
620 5401 1083 5472 δεδικαιωμένων,
1103 5401 1199 5453 καὶ
1223 5398 1575 5470 ήγιασμένων
1600 5399 1658 5452 ὲν
1674 5398 1980 5470 Πνεύματι,

356 5502 461 5556 καὶ
496 5499 601 5569 τὴν
650 5495 791 5567 πρὸς
825 5493 992 5548 αὐτὸν
1025 5492 1339 5563 οἰκειότητα
1379 5492 1858 5561 πεπλουτηκότων,
1895 5491 1984 5545 διὰ

358 5589 563 5660 φωνῆς
611 5588 899 5659 προφήτου
935 5583 1096 5654 φησί·
1123 5601 1140 5634 ι
1181 5582 1292 5636 Καὶ
1324 5582 1437 5652 ἐγὼ
1465 5581 1664 5652 έσομαι
1692 5583 1876 5646 αὑτοῖς
1905 5585 1982 5646 είς

358 5684 529 5742 Θεὸν,
557 5679 656 5733 καὶ
682 5678 839 5732 αὐτοὶ
866 5675 1081 5730 ἔσονταί
1110 5692 1199 5744 μοι
1231 5677 1310 5739 εἰς
1348 5675 1498 5737 υἱοὺς
1532 5675 1627 5727 καὶ
1654 5674 1980 5745 θυγατέρας,

1538 5856 1579 5885 “9
1608 5852 1717 5905 .ler.
1748 5866 1896 5911 aut.
1932 5854 1979 5905 l.

438 5862 486 5893 ⁸’
519 5862 682 5913 Osce.
726 5877 819 5923 \‘ll,
863 5860 941 5915 l0.
1024 5860 1069 5889 “"
1103 5857 1268 5912 Zach.
1305 5872 1365 5919 ιι,
1402 5858 1449 5905 (ἱ.

2069 1999 2175 2055 que
2208 1985 2568 2039 ahductorum
2602 1981 2717 2036 haec
2743 1979 3003 2034 historice
3044 1977 3186 2031 facta
3251 1988 3408 2037 esse;
3469 1968 3663 2035 imagi-

2070 2094 2167 2134 nes
2197 2086 2377 2132 autem
2430 2082 2588 2130 erant
2643 2086 2856 2135 eorum,
2908 2085 3029 2139 quae
3080 2063 3482 2135 Jerosolymitis
3537 2061 3664 2116 olim

2069 2180 2327 2225 eventura
2365 2167 2567 2233 forent,
2600 2163 2895 2235 Unigeuito
2935 2164 3229 2216 humanam
3267 2165 3522 2211 naturam
3552 2152 3669 2223 jam

2070 2259 2283 2321 induto,
2319 2257 2429 2327 26
2457 2265 2512 2311 et
2540 2254 2793 2325 pretiosa:
2839 2251 3023 2307 erucis
3068 2256 3300 2304 mortem
3362 2260 3461 2316 pro
3512 2244 3670 2298 nobis

2067 2361 2350 2420 perpesso.
2383 2344 2538 2411 Quod
2584 2343 2628 2398 si
2658 2350 2785 2397 ante
2825 2337 3131 2410 spiritualia
3182 2332 3669 2392 commemoranda

2070 2450 2198 2497 sunt
2223 2438 2507 2504 historica,
2541 2436 2795 2499 dicimus,
2825 2432 3027 2489 lsraele
3045 2446 3113 2486 ex
3133 2428 3380 2485 Samaria
3413 2428 3480 2482 ad
3518 2440 3669 2481 mon-

2072 2543 2153 2588 tes
2176 2532 2461 2587 Persarum
2486 2539 2540 2585 et
2566 2526 2844 2582 Medorum
2874 2540 2904 2577 a
2928 2520 3436 2594 Theglatphalasar,
3458 2526 3511 2572 et
3538 2514 3674 2571 Sal-

2070 2635 2331 2676 manasar
2366 2616 2721 2688 Assyriorum
2750 2612 2974 2682 regibus
3002 2607 3292 2671 translato,
3326 2605 3416 2674 qui
3446 2616 3666 2658 reman—

2071 2722 2277 2774 serant,
2315 2709 2749 2777 aﬂlictorumque
2779 2701 3041 2771 reliquias
3069 2716 3100 2753 a
3138 2697 3381 2760 nomine,
3459 2703 3518 2748 ut
3568 2707 3670 2761 po-

2070 2807 2231 2878 pulus
2264 2804 2358 2858 Dei
2406 2809 2756 2862 vocarentur,
2799 2796 3024 2851 omnino
3078 2793 3477 2861 degenerasse,
3529 2784 3673 2855 quod

2073 2901 2140 2955 iis
2160 2897 2355 2952 studiis
2378 2900 2561 2951 essent
2587 2889 2783 2953 dediti,
2810 2903 2908 2958 per
2933 2901 3053 2957 qua:
3078 2900 3110 2939 a
3138 2884 3249 2940 Deo
3282 2880 3669 2936 desciscerent.

2072 2990 2403 3057 Neutiquam
2460 2985 2605 3041 enim
2655 2981 2899 3037 maxime
2973 2975 3297 3035 detestando
3369 2973 3673 3030 dmmouum

2074 3080 2241 3139 cultui
2286 3079 2552 3133 inhaarere
2578 3072 3014 3129 intermiserunt.

2152 3372 2232 3425 Ad
2262 3382 2445 3423 veram
2483 3375 2667 3421 autem
2700 3361 2994 3423 rationem,
3027 3367 3082 3414 et
3106 3358 3171 3412 ad
3203 3354 3482 3412 Christum
3532 3353 3683 3422 quod

2081 3464 2297 3527 attinet,
2368 3460 2526 3514 aliter
2582 3455 2878 3525 intelliges.
2933 3451 3064 3507 Post
3100 3448 3422 3505 sceleratam
3480 3444 3679 3514 quippe

2083 3553 2485 3613 multitudinem
2522 3549 2695 3613 illam,
2730 3556 2785 3603 et
2812 3545 3009 3601 merito
3082 3539 3517 3598 misericordiam
3570 3551 3676 3591 non

2084 3655 2455 3708 consecutam,
2487 3642 2613 3711 quia
2646 3640 2937 3696 Dominum
2972 3633 3269 3699 interfecit,
3309 3630 3494 3685 statim
3554 3627 3677 3683 illo-

2085 3756 2203 3795 rum
2234 3738 2329 3792 ﬁlii
2358 3745 2481 3807 post
2510 3749 2625 3799 eos,
2653 3742 2748 3788 aut
2781 3728 3000 3800 quijam
3043 3734 3203 3782 erant
3242 3724 3335 3779 ﬁlii
3369 3721 3680 3777 fornicarize

2085 3832 2406 3901 Synagogaa,
2440 3827 2617 3896 palam
2649 3841 2706 3881 se
2736 3826 2806 3878 ita
2832 3829 3140 3895 gesserunt,
3184 3826 3245 3872 ut
3298 3813 3531 3887 populus
3583 3811 3678 3865 Dei

2086 3939 2185 3979 nec
2224 3930 2429 3984 essent,
2456 3934 2557 3974 nec
2590 3918 3026 3973 nominarentur.
3060 3909 3250 3981 Neque
3279 3908 3423 3964 enim
3458 3906 3680 3960 univer—

2086 4029 2200 4069 sam
2242 4011 2553 4065 Judzeorum
2588 4008 2862 4060 nationem
2895 4004 3098 4057 bellqu
3132 4016 3163 4055 a
3234 3996 3495 4053 Romanis
3555 3994 3679 4048 illa-

2088 4114 2199 4159 tum
2269 4099 2612 4169 absumpsit;
2676 4097 2769 4151 sed
2840 4096 3077 4148 maxima
3175 4099 3231 4146 et
3296 4085 3680 4141 innumerabili

2086 4195 2435 4252 multitudine
2464 4190 2662 4251 deleta,
2694 4188 2760 4243 de
2790 4186 2923 4256 ipsis
2950 4181 3181 4249 servati,
3224 4187 3279 4235 et
3323 4176 3417 4247 qui
3485 4175 3681 4230 mortis

2090 4290 2223 4345 retia
2264 4286 2587 4357 effugerant,
2644 4283 2712 4337 ad
2756 4294 2945 4334 ontties
2976 4284 3190 4339 ventos,
3218 4273 3377 4344 juxta
3432 4268 3681 4338 Scriptu-

2088 4398 2229 4449 ram,
2290 4378 2545 4450 dispersi,
2608 4385 2664 4429 et
2703 4388 2799 4443 per
2848 4370 3088 4442 gentium
3130 4367 3381 4437 regiones
3435 4360 3679 4429 dissipati

2089 4486 2217 4529 sunt
2240 4473 2306 4538 ⁸⁸,
2345 4486 2449 4526 non
2478 4467 2729 4537 amplius,
2756 4463 2976 4531 utgdixi,
3006 4458 3235 4531 populus
3273 4456 3365 4510 Dei
3396 4450 3673 4523 appellati.

2089 4564 2367 4623 Transivit
2395 4563 2539 4619 enim
2592 4560 2658 4614 ad
2707 4566 2895 4629 gentes
2943 4552 3140 4624 gratia,
3204 4549 3399 4619 quibus
3427 4543 3672 4615 reliquias

2090 4659 2255 4716 Israel
2285 4657 2557 4729 permista?
2586 4661 2735 4717 sunt,
2792 4652 2894 4705 hoc
2962 4653 3067 4711 est,
3120 4642 3214 4713 qui
3264 4655 3362 4711 per
3424 4638 3583 4693 ﬁdem
3629 4637 3682 4690 iu

2088 4752 2367 4809 Christum
2397 4748 2588 4804 salvati
2614 4752 2758 4799 sunt.
2794 4739 3156 4796 Crediderunt
3207 4733 3352 4788 enim
3406 4730 3571 4784 etiam
3616 4742 3681 4781 ex

2092 4842 2176 4898 his
2212 4856 2319 4895 non
2342 4838 2497 4909 pauci
2532 4849 2783 4891 numero.
2823 4828 3063 4899 Repulsa
3090 4834 3273 4880 autem
3309 4816 3685 4876 familiaritate

2089 4932 2206 5001 ejus
2237 4931 2306 4985 ab
2340 4926 2881 4993 Israel,abseessisse
2905 4921 3067 4977 etiam
3095 4918 3164 4975 ab
3198 4931 3271 4987 eo
3302 4913 3682 4969 universorum

2082 5027 2274 5092 Deum,
2294 5024 2428 5079 satis
2440 5020 2699 5084 ostendit,
2718 5033 2839 5073 cum
2859 5016 3018 5083 dixit,
3039 5027 3143 5069 non
3165 5010 3362 5073 solum,
3383 5005 3446 5061 Et
3468 5020 3558 5060 vos
3574 5018 3681 5057 non

2084 5119 2312 5192 pepulus
2349 5111 2979 5179 mensusedetiamcum
3011 5103 3279 5175 adjunxit,
3299 5099 3441 5170 quod
3458 5093 3684 5155 onmiuo

2085 5190 2437 5282 sequebatur,
2470 5208 2537 5263 Et
2561 5221 2663 5276 ego
2694 5220 2800 5261 non
2830 5216 2950 5260 sum
2984 5207 3186 5257 vester.
3210 5196 3286 5250 De
3315 5190 3473 5248 nobis
3499 5196 3683 5241 autem

2089 5308 2142 5364 in
2180 5307 2398 5363 Christo
2429 5304 2745 5376 iustiﬁcatis
2791 5310 2844 5358 et
2891 5300 2945 5356 in
2986 5296 3193 5369 Spiritu
3218 5287 3590 5351 sanctiﬁcatis,
3626 5294 3684 5341 et

2087 5402 2204 5475 ejus
2244 5399 2631 5469 coniunctione
2675 5394 3027 5466 pollentibus,
3056 5403 3156 5460 per
3192 5400 3255 5442 os
3284 5380 3566 5452 prophetae

2088 5468 2201 5547 cit:
2241 5508 2260 5543 ι
2293 5468 2362 5546 Et
2380 5505 2481 5560 ego
2519 5503 2614 5544 ero
2652 5486 2760 5542 illis
2791 5486 2845 5540 in
2876 5482 3069 5547 Deum,
3105 5487 3160 5531 et
3188 5474 3288 5545 ipsi
3322 5479 3487 5528 erunt
3547 5468 3682 5525 mihi

2088 5585 2144 5640 in
2176 5583 2317 5639 ﬁlios
2360 5592 2415 5638 et.
2465 5581 2626 5645 ﬁlias,
2674 5578 2803 5632 dicit
2841 5575 3100 5629 Dominus
3154 5566 3504 5637 omnipotens
3552 5561 3619 5615 3’.
3654 5578 3677 5617 ι

2090 5677 2165 5731 Ac
2180 5674 2380 5732 Judaeis
2402 5674 2615 5742 quidem
2636 5671 2811 5725 aiebat
2828 5666 3096 5727 Christus,
3121 5660 3412 5731 aliquando
3430 5656 3678 5727 quidem:
