4094 6474
472 402 530 460 si
816 364 827 376 ’
936 409 945 419 τ
1497 397 1555 451 s.
1597 393 1873 451 CYRlLI.l
1915 387 2390 445 suamsuam:
2429 383 2756 443 ARCHIEP.
3670 375 3738 427 52

470 537 492 573 ι
512 519 704 575 Adhuc
715 515 983 573 modicum
1003 524 1215 585 tempus
1231 514 1512 569 vobiscum
1529 528 1648 568 sum
1662 514 1709 546 ’θ
1729 530 1744 580 ;
1766 531 1785 564 ι
1809 512 2045 582 aliquau-

2158 507 2307 577 λέγει
2332 505 2538 580 Κύριος
2573 501 3035 574 παντοκράτωρ.»
3064 498 3179 561 Καὶ
3206 495 3479 558 Ἰουδαίοις
3514 493 3571 548 δὲ
3603 492 3738 585 ἐφα-

464 613 536 668 do
565 619 779 665 autem:
812 626 831 659 ι
872 607 1012 663 Ecce
1062 606 1400 676 relinquetur
1430 603 1583 658 vobis
1632 606 1826 660 domus
1867 611 2046 658 vestra

466 701 682 755 deserta
707 699 777 753 ⁹¹.
816 717 834 751 ι
866 697 940 754 De
966 698 1246 753 conversis
1275 712 1405 753 vero
1429 711 1494 751 ex
1528 695 1816 764 gentibus:
1857 712 1878 745 ι
1905 692 2046 750 Oves

466 808 600 847 meae
629 806 814 848 vocem
846 806 1022 848 meam
1057 790 1306 854 audiunt,
1356 799 1414 846 et
1444 804 1546 859 ego
1607 801 1878 860 cognosco
1928 800 2045 849 eas,

464 894 519 937 et
586 891 895 967 sequuntur
962 897 1076 948 me,
1132 891 1187 939 et
1242 896 1345 955 ego
1405 884 1571 938 vitam
1644 889 1901 938 artemam
1981 880 2050 935 do

464 977 545 1032 eis
572 978 643 1033 ".
676 995 698 1030 ι

536 1156 645 1227 27
676 1155 844 1214 Vens.
878 1154 967 1210 10.
1000 1153 1072 1209 Et
1128 1156 1230 1210 erit
1290 1169 1539 1210 numerus
1585 1150 1820 1221 ﬁliarum
1874 1146 2048 1204 Israel

466 1246 601 1300 sicut
635 1262 795 1301 arena
819 1244 1008 1310 maria,
1047 1261 1164 1316 qua:
1187 1261 1288 1299 non
1308 1242 1721 1306 mensurabitur,
1754 1254 1920 1309 neque
1943 1254 2047 1293 nu-

466 1337 777 1393 morabitur.

536 1429 643 1486 Vii.
671 1428 789 1485 Hoc
815 1429 923 1484 aiio
955 1427 1115 1485 modo
1147 1427 1303 1484 nobis
1332 1425 1593 1497 explanat
1626 1425 1822 1481 beatus
1857 1420 2047 1480 isaias.

471 1540 489 1572 ε
512 1521 579 1576 Et
604 1520 648 1574 si
681 1520 863 1584 fuerit,
893 1519 1092 1589 inquit,
1116 1518 1347 1590 populus
1368 1516 1535 1573 lsrael
1561 1525 1621 1571 ut
1646 1530 1812 1572 arena
1847 1513 2039 1579 maris,

465 1611 706 1681 reliquias
723 1624 910 1667 eorum
934 1610 1307 1666 salvabuntur.
1336 1608 1574 1665 Verbum
1612 1607 1757 1663 enim
1792 1620 2049 1664 consum-

462 1718 636 1770 mans,
664 1711 721 1760 et
750 1702 1075 1760 abbrevians
1105 1702 1158 1756 in
1178 1702 1412 1774 iustitia,
1437 1702 1565 1772 quia
1584 1699 1813 1757 verbum
1853 1699 2047 1755 abbre-

462 1796 665 1850 viatum
696 1793 857 1851 faciet
896 1793 1158 1849 Dominus
1188 1794 1242 1848 in
1272 1801 1385 1850 toto
1407 1792 1695 1848 mundo”.
1732 1811 1751 1844 ι
1790 1790 1898 1847 Sed
1930 1790 2047 1846 sive

2151 617 2280 653 σκεν
2302 601 2330 653 6
2357 597 2592 670 Χριστός
2616 612 2629 627 ·
2657 594 2789 648 ποτὲ
2823 591 2946 663 μὲν,
2981 591 3063 644 ὅτι
3091 609 3111 641 ι
3143 589 3268 643 Ἔτι
3302 586 3500 658 μικρὸν
3545 583 3739 655 χρόνον

2153 686 2272 758 μεθ’
2303 687 2459 757 ὑμῶν
2500 685 2641 755 ειμι,
2676 701 2695 733 ι
2735 680 2866 734 ποτὲ
2895 680 2983 745 δὲ,
3027 698 3047 729 ι
3092 675 3225 732 Ἰδοὺ
3269 676 3493 746 ἀφίεται
3534 674 3664 743 ὑμῖν
3708 674 3740 726 6

2147 770 2297 837 οἶκος
2328 772 2504 844 ὑμῶν.
2537 789 2557 823 ι
2591 769 2726 840 Περὶ
2766 766 2875 823 τῶν
2902 765 2963 833 ἐξ
3004 764 3173 820 ἐθνῶν
3198 764 3278 831 δὲ,
3315 782 3335 816 ι
3376 763 3461 817 Τὰ
3491 761 3741 834 πρόϐατα

2147 862 2218 918 τὰ
2251 863 2363 934 ὲμά
2390 865 2487 934 τῆς
2526 861 2711 931 φωνῆς
2742 876 2846 929 μου
2868 856 3079 918 ἀκούει,
3113 854 3270 924 κάγὼ
3297 854 3550 924 γινώσκω
3576 851 3735 917 αὐτὰ,

2148 954 2244 1009 καὶ
2270 952 2623 1013 ἀκολουθοῦσι
2660 968 2775 1022 μοι,
2803 949 2963 1019 κάγὼ
2991 948 3187 1020 δίδωμι
3213 947 3402 1013 αὐτοῖς
3432 946 3580 1018 ζωὴν
3607 943 3738 999 α.ίώ-

2148 1066 2280 1103 νιον.
2307 1066 2328 1102 ι

2217 1138 2329 1194 Καὶ
2361 1134 2441 1210 ἦν
2457 1141 2491 1192 ό
2518 1137 2766 1208 ἀριθμὸς
2783 1135 2903 1191 τῶν
2926 1133 3075 1189 υίῶν
3106 1130 3355 1201 Ἰσραὴλ
3378 1130 3459 1199 ὡς
3480 1129 3519 1198 ἡ
3542 1129 3737 1199 ἄμμος

2146 1228 2257 1298 τῆς
2304 1228 2649 1297 θαλάσσης,
2684 1225 2723 1296 ἢ
2756 1228 2868 1281 οὐκ
2894 1221 3428 1294 ἐκμετρηθήσεται,
3462 1217 3608 1275 οὐδὲ
3631 1218 3735 1282 ἐξ·

2147 1321 2635 1392 αριθμηθήσεται.

2219 1416 2294 1469 2’.
2353 1413 2525 1468 Τοῦτο
2613 1411 2738 1468 καθ’
2784 1410 2973 1482 ἕτερον
3021 1410 3157 1481 ἡμῖν
3208 1406 3485 1478 ἐξηγεῖται
3532 1401 3734 1475 τρόπον

2146 1507 2176 1560 6
2210 1505 2483 1577 μακάριος
2519 1504 2798 1569 Ἠσατας,‹
2819 1502 2929 1559 Καὶ
2958 1504 3057 1557 ὲάν
3084 1500 3332 1571 γένηται,
3360 1496 3517 1569 φησὶ,
3547 1496 3579 1550 6
3604 1493 3736 1559 λαὸς

2160 1597 2376 1670 Ἰσραὴλ
2399 1597 2477 1662 ὡς
2511 1599 2546 1668 ἡ
2583 1595 2770 1668 ἅμμος
2803 1596 2904 1666 τῆς
2931 1593 3232 1664 θαλάσσης,
3268 1588 3331 1647 τὸ
3378 1589 3735 1658 κατάλειμμα

2149 1690 2477 1761 σωθήσεται.
2508 1688 2681 1758 Λόγον
2722 1686 2832 1760 γὰρ
2862 1683 3155 1750 συντελῶν,
3195 1684 3293 1738 καὶ
3324 1681 3638 1753 συντέμνων
3674 1680 3735 1733 ὲν

2145 1782 2479 1854 δικαιοσύνῃ,
2537 1782 2620 1836 ὅτι
2692 1781 2852 1849 λόγον
2911 1777 3354 1849 συντετμημίνον
3419 1774 3637 1845 ποιήσει
3703 1773 3735 1826 6

461 1887 607 1942 hunc
637 1886 693 1942 in
727 1887 947 1942 modum
994 1886 1155 1952 forte,
1187 1885 1304 1941 sive
1346 1884 1502 1941 aliter
1550 1882 1774 1952 intelligi
1835 1891 2039 1952 queat:

2147 1874 2297 1939 Θεὸς,
2326 1877 2389 1928 ὲν
2414 1876 2480 1947 τῇ
2508 1871 2808 1945 οἰκουμένῃ
2833 1871 2987 1945 ὅλῃ.»
3011 1869 3152 1925 Ἀλλ’
3183 1867 3280 1922 εἴτ’
3313 1861 3406 1923 οὖν
3424 1858 3539 1924 ὧδε.
3560 1866 3735 1921 νοοῖτο

462 1993 681 2049 nempe,
709 1979 956 2048 quamvis
983 1977 1185 2033 multus
1214 1985 1269 2032 et
1310 1975 1719 2033 innumerabilis
1748 1977 1823 2032 sit
1856 1975 2041 2040 lsraei,

461 2078 516 2123 et
548 2070 732 2126 arenis
763 2069 1088 2127 iittoraiibus
1130 2070 1547 2137 comparandus,
1576 2083 1685 2125 non
1713 2077 1894 2124 tamen
1937 2067 2047 2123 Deo

460 2161 746 2216 admodum
775 2176 919 2217 cura:
974 2168 1121 2227 sunt,
1189 2160 1626 2230 quandoquidem
1677 2156 1941 2226 impietati
1984 2171 2047 2213 se

462 2250 821 2306 dediderunt:
877 2249 1510 2318 contra,unumiustum
1542 2262 1607 2302 ac
1661 2247 1809 2317 pium
1864 2245 2047 2302 chari-

461 2350 573 2396 tate
604 2355 700 2397 sua
727 2349 780 2397 et
815 2340 1148 2410 indulgentia
1208 2341 1408 2396 eximie
1454 2340 1726 2408 dignatur.
1799 2338 2046 2409 Respicit

462 2434 626 2505 igitur
646 2434 811 2489 etiam
850 2453 871 2486 ι
908 2447 1071 2503 super
1105 2448 1275 2487 unum
1331 2432 1610 2497 humilem,
1663 2439 1720 2487 et
1778 2431 2042 2501 quietum,

458 2532 516 2580 et
547 2534 869 2580 trementem
900 2538 1185 2579 sermones
1216 2523 1333 2592 ejus
1359 2523 1428 2578 “.
1458 2541 1479 2575 ι
1514 2521 1624 2578 Nec
1670 2522 1814 2578 istud
1861 2520 2041 2587 bonis,

457 2622 513 2668 et
553 2613 793 2679 mitibus,
844 2623 899 2668 et
929 2613 1245 2667 timentibus
1271 2627 1414 2677 cum,
1457 2621 1512 2667 et
1540 2611 1755 2666 sincere
1778 2611 1880 2682 ipsi
1927 2626 2043 2667 ser-

459 2705 730 2760 vientibus
760 2704 993 2769 suiiiclt;
1062 2704 1158 2759 sed
1218 2703 1343 2759 aliis
1405 2703 1567 2758 etiam
1634 2704 1918 2773 prodesse,
1987 2712 2046 2759 et

457 2795 662 2865 peccati
709 2795 763 2849 in
830 2795 999 2849 Deum
1057 2808 1183 2850 reos
1252 2793 1602 2862 impendente
1656 2807 2042 2862 nonnunquam

460 2886 726 2955 supplicio
754 2885 990 2941 liberare
1024 2893 1271 2953 possunt.
1322 2884 1403 2939 Ad
1426 2882 1581 2953 cujus
1636 2883 1713 2939 rei
1767 2882 2046 2955 probatio-

458 2990 582 3029 nem
614 2976 799 3045 accipe
845 2977 987 3044 quod
1029 2977 1094 3031 de
1133 2976 1434 3032 Sndomitis
1478 2973 1765 3039 scribitur,
1826 2974 2046 3044 quando

456 3067 801 3138 omnipotens
828 3069 969 3123 Deus
999 3069 1141 3139 ignis
1163 3082 1381 3136 poenam
1449 3082 1508 3122 se
1540 3066 1647 3122 illis
1703 3067 2044 3122 condonatu~

456 3174 577 3216 rum
608 3160 987 3229 pollicebatur,
1028 3161 1073 3215 si
1110 3161 1269 3215 modo
1296 3158 1682 3231 quinquejusti
1707 3159 1848 3213 inter
1916 3157 2043 3213 illos

456 3250 856 3306 invenirentur.
914 3251 1102 3321 itaque
1140 3249 1242 3306 Lot
1302 3265 1407 3304 una
1440 3265 1563 3305 cum
1595 3263 1766 3304 uxore
1809 3259 1864 3303 et
1894 3249 2038 3303 ﬁlia-

459 3342 559 3398 bus
592 3351 839 3398 servatus
864 3351 950 3398 est
979 3343 1049 3398 ’⁵.
1114 3342 1184 3397 Et
1209 3342 1338 3413 quid
1377 3343 1500 3398 dico
1565 3342 1809 3411 quinque
1870 3340 2047 3410 justos

459 3441 515 3490 et
551 3433 765 3490 bonos?
795 3437 1013 3505 quando
1064 3442 1119 3489 et
1152 3432 1509 3506 Jerosoiymis
1564 3435 1704 3488 iram
1745 3431 2041 3495 intentans,

466 3541 487 3577 ι
519 3526 842 3593 Discurrite,
880 3525 1080 3595 inquit,
1109 3539 1208 3595 per
1234 3526 1350 3581 vias
1387 3522 1714 3589 Jerusalem,
1744 3530 1800 3577 et
1842 3519 2043 3582 videte,

458 3628 514 3673 et
552 3618 883 3689 cognoscite,
921 3618 1236 3689 et'quterite
1269 3619 1320 3673 in
1360 3617 1553 3688 plateis
1596 3613 1740 3684 ejus,
1787 3621 1845 3668 et
1867 3613 1912 3668 si
1962 3610 2049 3667 in-

457 3712 723 3769 veneritis
751 3713 950 3779 virum,
973 3713 1018 3769 si
1044 3720 1129 3769 est
1183 3712 1392 3769 iaciens
1441 3709 1723 3779 judicium,
1795 3715 1851 3761 et
1895 3719 2047 3776 qua:-

457 3820 589 3862 rens
619 3804 800 3872 ﬁdem,
834 3812 889 3861 et
917 3806 1184 3876 propitius
1206 3820 1302 3862 ero
1331 3806 1431 3869 eis,
1457 3802 1591 3858 dicit
1619 3798 1879 3855 Dominus
1920 3799 1987 3853 ".
2021 3816 2041 3851 ι

459 3897 725 3968 intelligis
759 3911 889 3968 ergo
914 3912 1024 3968 quo
1050 3909 1210 3969 pacto
1245 3897 1328 3952 vei
1355 3910 1521 3950 unum
1549 3895 1754 3967 justum
1786 3892 2045 3949 tuendum

461 3988 742 4059 suscipiat,
788 3997 843 4044 et
879 4003 979 4059 pro
1012 3998 1120 4045 tota
1149 3989 1372 4044 civitate
1418 3996 1664 4043 orantem
1713 3999 1819 4041 non
1872 3983 2049 4053 despi-

459 4081 591 4139 ciat.
626 4078 1084 4138 innumerabilem
1117 4091 1297 4135 autem
1313 4077 1709 4134 multitudinem
1732 4090 1842 4132 non
1871 4082 2044 4142 curat,

459 4179 521 4227 ut
549 4173 684 4240 dixi,
715 4171 761 4228 si
818 4173 1071 4229 videatur
1128 4170 1377 4242 profana,
1427 4178 1481 4225 et
1508 4172 1576 4225 ad
1646 4167 2046 4239 improbitatem

459 4262 717 4331 declinet,
748 4260 804 4320 et
846 4278 907 4319 se
961 4264 1263 4319 daemonum
1326 4263 1762 4331 importunorum
1819 4256 2050 4314 fallaciis

460 4353 665 4410 involvi
689 4354 949 4426 patiatur.

529 4445 601 4501 Et
629 4448 747 4512 erit,
775 4447 964 4502 inloco
988 4447 1043 4502 in
1087 4463 1191 4517 quo
1222 4444 1422 4500 dictum
1452 4452 1527 4499 est
1565 4442 1692 4509 illis,
1732 4440 1857 4496 Non
1880 4456 2049 4511 popu-

459 4539 543 4596 lus
571 4555 716 4597 meus
746 4554 859 4607 vos,
903 4540 1229 4597 vocabuntur
1266 4547 1315 4592 et
1342 4537 1444 4607 ipsi
1487 4535 1587 4607 ﬁlii
1610 4534 1712 4590 Dei
1735 4535 1972 4590 viventia.

531 4716 669 4773 Vili.
703 4717 1049 4776 Vicinissima
1080 4727 1166 4774 est
1192 4718 1287 4772 irae
1309 4716 1666 4772 severissimae
1710 4729 1923 4770 rerum-
1951 4714 2048 4769 tri-

459 4811 624 4866 stium
661 4811 938 4881 depulsio,
974 4816 1030 4864 et
1084 4807 1453 4864 calamitatum
1509 4807 1632 4862 linis
1701 4805 2047 4862 continenter

459 4902 780 4972 spondetur.
832 4883 1139 4969 Aliquando
1198 4898 1342 4953 enim
1396 4897 1667 4968 abiectum
1698 4911 1762 4953 ac
1793 4897 2048 4969 repudia-

461 5006 576 5051 tum
625 4993 882 5067 irixisraei
913 4993 1115 5048 diserte
1149 4991 1554 5062 praenuntiavit,
1591 4998 1650 5046 ut
1676 4992 1838 5049 modo
1866 4999 2048 5048 osten-

461 5086 680 5143 dimus:
722 5092 780 5141 at
804 5098 910 5141 non
944 5091 1117 5138 totum
1148 5083 1381 5138 deletum
1410 5082 1499 5148 iri,
1543 5097 1609 5140 ac
1644 5082 1882 5139 funditus
1926 5098 2050 5155 per-

461 5179 701 5245 iturum;
733 5178 826 5234 sed
867 5185 1156 5231 venturum
1214 5183 1448 5245 tempus,
1509 5190 1618 5246 quo
1683 5177 1751 5230 ad
1806 5184 2043 5235 veterem

462 5278 670 5326 statum
699 5268 981 5340 dignitatis
1038 5275 1403 5333 revertantur,
1456 5265 1661 5337 Deique
1710 5268 2041 5324 charitatem

461 5360 744 5433 recipiant,
800 5374 899 5429 per
936 5358 1220 5427 iidem.iu
1279 5357 1555 5417 Christum
1604 5358 1879 5426 videlicet,
1936 5359 2049 5430 38

461 5466 681 5516 rursum
713 5457 864 5506 certo
906 5448 1206 5520 pollicetur.
1243 5453 1521 5508 Debehant
1553 5453 1723 5517 enim,
1781 5454 2048 5508 debebant

458 5543 813 5618 propheticus
849 5558 1127 5605 sermones
1180 5545 1420 5600 audituri
1495 5554 1669 5601 totum
1724 5547 2044 5616 mysterium

530 5746 582 5781 °°
618 5745 776 5806 Joan.
818 5759 914 5814 vn,
942 5746 1033 5804 55.
1113 5750 1156 5780 ’ί
1193 5748 1383 5806 Matth.
1419 5762 1575 5815 χχιιι,
1609 5747 1699 5805 58.
1774 5749 1818 5782 θ’
1841 5747 1994 5803 Joan.
2020 5764 2073 5814 τ,
2103 5748 2194 5817 9.7,
2227 5748 2315 5804 28.

460 5825 577 5886 xu,
612 5817 701 5883 15.
774 5817 1042 5876 "Jercm.
1075 5834 1127 5886 τ,
1167 5819 1219 5877 1.

2068 3210 2116 3273 ο

2146 1967 2326 2039 τυχὸν,
2362 1968 2473 2021 εἴτε
2513 1968 2610 2021 καὶ
2658 1964 2864 2037 ἑτέρως
2886 1980 2900 1994 ·
2933 1962 3103 2026 πολὺς
3175 1961 3272 2016 καὶ
3303 1958 3676 2030 ἀναρίθμητος
3705 1955 3734 2009 6

2159 2057 2395 2130 Ἰσραὴλ,
2424 2057 2519 2112 καὶ
2541 2056 2792 2128 ψάμμοις
2810 2057 2933 2119 ταῖς
2969 2052 3213 2116 ὲναλίαις
3241 2051 3545 2123 ίσομέτρως
3571 2048 3731 2119 ἔχων,

2145 2151 2206 2206 οὐ
2234 2151 2403 2214 πολὺς
2432 2149 2612 2205 αὐτῶν
2646 2147 2801 2221 παρά
2842 2146 2963 2219 Θεῷ
2991 2146 3173 2216 λόγος,
3202 2142 3488 2199 δυσσεϐεῖν
3515 2139 3733 2213 ᾑρημέ-

2145 2261 2253 2299 νων
2272 2259 2288 2275 ⁶
2319 2243 2497 2298 καίτοι
2536 2242 2658 2307 ἑνὸς
2680 2242 2895 2296 δικαίου
2925 2241 3019 2294 καὶ
3053 2237 3336 2302 εὐσεϐοῦς,
3378 2236 3475 2290 καὶ
3512 2235 3736 2306 ἀγάπης

2144 2334 2245 2405 τῆς
2277 2335 2410 2405 παρ’
2454 2333 2645 2399 αὐτοῦ,
2689 2333 2784 2386 καὶ
2836 2328 3055 2401 φειδοῦς
3095 2329 3369 2400 ἐκκρίτως
3402 2327 3731 2400 ἠξιωμένου.

2159 2424 2475 2481 Ἐπιόλέπει
2504 2423 2655 2494 γοῦν,
2682 2424 2779 2479 καὶ
2817 2441 2836 2475 ι
2878 2424 2963 2492 ἐφ’
2992 2422 3090 2476 ἕνα
3123 2421 3385 2475 ταπεινὸν
3405 2462 3422 2488 ,
3455 2421 3550 2474 καὶ
3595 2419 3732 2491 ἡσύ-

2146 2535 2281 2590 χιον,
2322 2518 2417 2571 καὶ
2465 2517 2740 2588 τρέμοντα
2778 2516 2914 2579 τοὺς
2956 2515 3148 2583 λόγους
3187 2512 3370 2568 αὐτοῦ.
3401 2531 3420 2563 ι
3474 2512 3584 2567 Καὶ
3634 2512 3733 2567 οὐκ

2145 2610 2359 2682 ἀπόχρη
2380 2608 2540 2664 τοῦτο
2566 2613 2681 2673 τοῖς
2710 2608 2955 2677 ἀγαθοῖς,
2984 2608 3079 2663 καὶ
3111 2606 3402 2670 ἐπιεικέσι,
3442 2606 3537 2659 καὶ
3564 2605 3735 2661 δεδιόο

2149 2721 2233 2758 σιν
2259 2702 2443 2767 αὐτὸν,
2466 2703 2563 2757 καὶ
2593 2701 2834 2772 γνησίως
2859 2700 3221 2754 δουλεύουσιν.
3260 2696 3424 2752 Ἀλλά
3470 2698 3566 2751 καὶ
3616 2697 3734 2751 ἑτέ-

2152 2813 2277 2867 ρους
2326 2797 2464 2849 εἰσιν
2511 2794 2746 2864 ὠφελεῖν
2783 2789 2887 2848 οἷοί
2934 2809 3018 2858 τε,
3072 2796 3166 2844 καὶ
3216 2790 3735 2864 προσκεκρουκότας

2147 2886 2510 2942 ἀπαλλάττειν
2538 2887 2639 2955 τῆς
2666 2884 3057 2956 ὲπηρτημένης
3096 2882 3209 2936 ἔσθ’
3241 2884 3331 2936 ὅτε
3378 2885 3590 2952 ποινῆς.
3622 2884 3734 2937 Δά-

2147 2979 2262 3044 6οις
2288 2979 2334 3033 δ’
2377 2978 2446 3053 ἀν
2479 2980 2560 3042 είς
2588 2977 2863 3044 ἀπόδειξιν
2895 2975 2990 3031 τοῦ
3023 2975 3230 3030 τοιοῦδε
3256 2976 3579 3047 πράγματος
3608 2976 3735 3040 τοὺς

2146 3070 2240 3124 ὲπί
2266 3086 2332 3138 γε
2370 3070 2690 3141 Σοδομίταις
2743 3069 2955 3137 λόγους,
3010 3069 3100 3122 ὅτε
3149 3068 3244 3121 καὶ
3290 3069 3513 3139 ἀνήσειν
3548 3068 3734 3131 αὐτοῖς

2147 3160 2521 3233 ἐπηγγέλλετο
2569 3159 2670 3230 τὴν
2717 3159 2805 3213 διά
2840 3159 3011 3229 πυρὸς
3042 3159 3200 3229 δίκην
3239 3159 3268 3212 6
3301 3157 3480 3213 πάντα
3535 3156 3736 3228 ἰσχύων

2145 3254 2296 3317 Θεὸς,
2339 3253 2499 3307 πέντε
2535 3252 2713 3323 μόνων
2765 3254 2824 3304 ὲν
2880 3251 3067 3315 αὐτοῖς
3099 3251 3324 3304 δικαίων
3375 3251 3730 3323 ηὑρημένων.

2146 3342 2257 3397 Καὶ
2288 3339 2420 3411 γοῦν
2448 3341 2682 3405 ἐσώζετο
2713 3341 2841 3397 Λὼτ
2861 3383 2875 3407 ,
2916 3342 3052 3413 ὁμοῦ
3083 3344 3307 3412 γυναικὶ
3358 3342 3455 3397 καὶ
3499 3342 3729 3406 τέκνοις.

2146 3432 2258 3486 Καὶ
2286 3432 2339 3486 τί
2363 3432 2525 3486 πέντε
2553 3433 2697 3501 λέγω
2721 3433 2963 3498 δικαίους
3025 3434 3120 3488 καὶ
3147 3432 3423 3503 ἀγαθούςς
3458 3434 3593 3488 ὅπου
3640 3434 3737 3488 καὶ

2146 3525 2260 3586 τοῖς
2292 3522 2687 3594 Ἱεροσολύμοις
2718 3525 2889 3596 ὀργὴν
2929 3526 3268 3596 ὲπαρτήσας,
3309 3545 3327 3577 ι
3362 3525 3734 3596 Προδράμετε,

2148 3616 2303 3688 φησὶ,
2328 3617 2385 3670 ὲν
2410 3619 2531 3680 ταῖς
2556 3616 2698 3680 ὁδοῖς
2725 3616 3102 3689 Ἰερουσαλὴμ,
3122 3619 3216 3671 καὶ
3243 3618 3400 3683 ἴδετε,
3421 3618 3516 3675 καὶ
3538 3617 3734 3687 γνῶτε,

2148 3712 2242 3765 καὶ
2269 3709 2545 3781 ζητήσατε
2575 3710 2633 3761 ὲν
2672 3710 2793 3773 ταῖς
2823 3709 3108 3776 πλατείαις
3141 3711 3335 3781 αὐτῆς,
3380 3710 3478 3765 καὶ
3518 3710 3613 3764 ἐὰν
3645 3710 3734 3764 εὖ·

2151 3819 2281 3874 ρητε
2303 3800 2495 3871 ἄνδρα,
2536 3802 2586 3853 εἰ
2611 3798 2727 3854 ἔστι
2758 3800 2931 3855 ποιῶν
2951 3801 3152 3873 κρίμα,
3187 3802 3282 3856 καὶ
3311 3801 3491 3872 ζητῶν
3530 3801 3734 3862 πίστιν,

2150 3893 2246 3948 καὶ
2276 3893 2435 3956 ἵλεως
2461 3891 2658 3961 ἔσομαι
2691 3894 2900 3958 αὐτοῖς,
2928 3893 3078 3963 λέγει
3109 3893 3334 3964 Κύριος.
3368 3912 3388 3946 ι
3422 3893 3618 3963 Σωνίης
3643 3888 3737 3948 οὖν

2147 3985 2298 4047 ὅπως
2330 3981 2573 4046 stativi);
2612 3982 2899 4054 ἀντέχεται
2941 3983 3177 4048 δικαίου,
3223 3983 3317 4038 καὶ
3358 3982 3567 4047 πόλεως
3610 3983 3737 4053 ὅλης
3782 4020 3804 4042 κ

2150 4077 2589 4149 ὑπερευχόμενον
2620 4075 2682 4130 οὐ
2718 4079 2952 4149 περιορᾷ
2973 4094 2987 4107 ⁸
3023 4076 3139 4131 ἀλλ’
3166 4077 3342 4141 οὐδεὶς
3382 4076 3534 4147 αὐτῷ
3582 4076 3737 4146 λόγος

2150 4169 2245 4224 καὶ
2288 4168 2660 4241 ἀναριθμήτου
2691 4169 2950 4241 πληθύος,
2981 4169 3055 4234 ὡς
3096 4167 3254 4240 ἔφην,
3282 4168 3332 4222 εί
3368 4167 3542 4239 ὁρῷτο
3569 4165 3736 4237 βέὸη-

2150 4263 2260 4327 λος,
2293 4263 2389 4316 καὶ
2426 4260 2775 4316 ἀπονεύσασα
2807 4261 2946 4334 πρὸς
2971 4261 3032 4316 τὸ
3066 4260 3303 4331 φαῦλον,
3335 4263 3431 4316 καὶ
3458 4263 3580 4326 ταῖς
3628 4259 3736 4315 τῶν

2149 4354 2444 4427 δαιμονίων
2474 4354 2714 4418 ἀπάταις
2739 4354 2949 4426 ἀγρίως
2978 4352 3371 4427 ἐνειλημμὲνη.

2220 4445 2331 4502 Καί
2381 4446 2575 4515 ἔσται,
2612 4446 2784 4512 ἐντῷ
2813 4446 2977 4514 τόπῳ
3014 4441 3089 4505 οὗ
3132 4447 3344 4517 ὲρῤἐθη
3387 4447 3613 4515 αὐτοῖς,
3653 4450 3733 4504 Οὐ

2077 4558 2123 4617 ι)
2148 4538 2300 4605 λαός
2323 4555 2442 4607 μου
2472 4538 2663 4607 ὑμεῖς,
2694 4536 3109 4606 κληθήσονται
3135 4536 3235 4593 καί
3253 4537 3423 4593 αὐτοὶ
3450 4537 3569 4593 υἱοί
3585 4537 3735 4594 Θεοῦ

2153 4629 2388 4696 ζῶντος.

2225 4720 2309 4774 H'.
2361 4719 2559 4789 Ἐγγὺς
2586 4719 2650 4789 δὴ
2684 4719 2891 4790 σφόδρα
2922 4720 3042 4781 ταῖς
3069 4718 3525 4791 ἀποτομωτάταις
3546 4721 3736 4793 ὀργαῖς

2151 4811 2261 4866 τῶν
2288 4811 2529 4884 ἀνιαρῶν
2575 4813 2609 4882 ἡ
2658 4809 2835 4874 λύσις,
2877 4808 2973 4863 καὶ
3009 4808 3118 4864 τῶν
3149 4810 3491 4881 σκυθρωπῶν
3528 4813 3590 4867 τὸ
3634 4813 3736 4867 πέ-

2154 4920 2275 4974 ρας,
2313 4904 2436 4957 ὄσον
2468 4902 2595 4972 ἥκει
2628 4902 2708 4967 εἰς
2738 4901 2951 4971 λόγους,
2984 4903 3047 4956 οὐ
3079 4903 3317 4974 μακράν.
3351 4904 3471 4958 Ὅτι
3496 4904 3599 4975 μὲν
3626 4905 3736 4979 γὰρ

2147 4994 2302 5049 ἔσται
2338 4993 2481 5048 κατά
2510 4993 2736 5064 καιροὺς
2767 4993 3073 5063 ἀπόϐλητος
3104 4993 3133 5045 6
3171 4993 3404 5065 Ἰσραὴλ,
3457 5012 3735 5066 προκαταο

2153 5087 2470 5159 μεμήνυκεν
2500 5085 2778 5160 ἐναργῶς,
2822 5086 2911 5141 διά
2939 5087 3049 5141 τῶν
3095 5087 3299 5161 ἀρτίως
3333 5088 3464 5158 ἡμῖν
3508 5091 3737 5161 εἰρημέ-

2155 5191 2283 5230 νων
2310 5177 2392 5230 ὅτι
2423 5176 2481 5229 δὲ
2531 5176 2633 5231 οὐκ
2680 5177 2914 5231 είσάπαν
2963 5180 3286 5249 οἰχήσεται,
3320 5181 3416 5233 καὶ
3450 5182 3734 5235 ἀπολεῖται

2145 5267 2447 5331 παντελῶς,
2478 5267 2593 5322 ἀλλ’
2631 5268 2785 5323 ἔσται
2809 5287 2893 5332 τις
2927 5270 3114 5333 αὐτοῖς
3147 5270 3249 5340 τῆς
3289 5272 3371 5335 είς
3404 5267 3475 5325 τὸ
3508 5273 3722 5342 ἀρχαῖτι

2144 5360 2459 5432 ἀναδρομῆς
2480 5364 2508 5415 6
2529 5362 2739 5433 καιρὸς,
2776 5363 2870 5416 καὶ
2894 5363 2993 5429 τῆς
3018 5363 3099 5425 εἰς
3114 5362 3248 5420 Θεὸν
3281 5365 3506 5435 ἀγάπης
3535 5344 3747 5437 ἀνάλττ²

2143 5452 2257 5523 ψις,
2288 5453 2376 5507 διά
2424 5454 2658 5516 πίστεως
2682 5454 2884 5523 δηλαδὴ
2915 5454 3014 5524 τῆς
3051 5457 3131 5518 εἰς
3160 5456 3416 5526 Χριστὸν,
3452 5455 3735 5528 πεπληρο-

2149 5545 2354 5617 φόρηκε
2412 5547 2593 5601 πάλιν.
2646 5546 2791 5600 Ἔδει
2837 5546 2980 5619 γὰρ,
3042 5547 3147 5601 ἔδει
3200 5550 3324 5612 τοὺς
3379 5547 3734 5619 προφητικῶν

2396 5750 2558 5805 93Isa.
2593 5760 2646 5813 χ,
2682 5748 2774 5813 2-2,
2816 5748 2903 5802 95.
2981 5747 3149 5803 "lsa.
3196 5759 3338 5814 LXVi,
3381 5746 3436 5799 2.
3519 5747 3562 5778 ⁵⁸
3591 5745 3729 5803 Gen.
