4094 6458
270 367 342 425 53
1218 345 1774 412 COMMENTARIUS
1811 342 1882 402 IN

1998 340 2157 399 iEAM
2194 300 2648 396 pnornnri’n.
3515 338 3593 396 ει

272 480 579 553 μέλλοντας
617 474 953 530 ἀκούσεσθαι
984 472 1177 541 λόγων,
1207 472 1328 525 ὅλον
1368 471 1566 524 εἰδέναι
1609 466 1793 536 caci-3;
1817 463 1879 516 τὸ

1998 461 2155 531 probe
2201 460 2593 529 perspicueque
2623 471 2975 527 cognoscere,
3017 465 3071 513 et
3109 458 3307 511 divina:
3369 472 3590 517 mcono—

273 573 605 645 μυστήριον,
646 570 743 622 καὶ
770 568 897 631 τοὺς
924 567 1022 636 τῆς
1057 564 1208 626 θείας
1234 562 1548 633 οἰκονομίας
1583 559 1658 630 μὴ
1684 557 1885 645 ἀγνοῆξ

272 643 364 720 σαι
398 664 668 736 τρόπους.
724 662 924 715 Ἔσται
982 658 1184 721 τοίνυν,
1223 658 1409 727 φησὶν,
1445 657 1502 708 ἐν
1531 653 1610 725 τῷ
1649 654 1798 721 τόπῳ
1823 643 1884 703 οὗ

268 758 483 831 ἐρρέθη
508 758 719 819 αὑτοῖς,
750 755 831 808 Οὐ
859 752 989 815 λαός
1030 768 1132 821 μου
1169 751 1347 821 ὑμεῖς,
1372 748 1467 802 καὶ
1496 747 1651 800 αὑτοὶ
1680 742 1888 813 κληθή-

268 868 469 919 σονται
497 850 614 903 υἱοὶ
650 846 789 902 Θεοῦ
821 847 1044 913 ζῶντος.
1082 844 1176 909 Τὸ,
1205 861 1224 893 ι
1254 844 1312 895 ἐν
1369 841 1449 912 τῷ
1492 840 1666 909 τόπῳ,
1694 856 1712 887 ι
1746 835 1799 887 τί
1821 834 1886 887 ἂν

271 945 531 1014 βούλοιτο
579 941 809 1013 δηλοῦν,
847 941 981 1013 φέρε
1012 938 1265 1007 λέγωμεν
1307 933 1575 1004 ἀκριϐῶς.
1620 929 1888 999 Γεγόνασι

270 1038 377 1108 μὲν
414 1037 533 1107 γὰρ
579 1036 630 1088 οἱ
683 1033 744 1099 ἐξ
791 1032 1013 1104 Ἰσραὴλ
1060 1030 1399 1103 αἰχμάλωτοι
1442 1025 1583 1115 κατά
1638 1022 1885 1115 καιροὺς,

264 1126 368 1179 καὶ
423 1127 511 1187 εἰς
580 1122 679 1195 τὴν
732 1122 845 1176 τῶν
893 1122 1199 1193 Ἀσσυρίων
1248 1111 1703 1187 ἀπεκομίσθησαν
1759 1111 1884 1180 γῆν.

285 1215 436 1267 Ἀλλ’
469 1211 613 1284 ἦσαν
642 1216 762 1267 ἐκεῖ
800 1213 1078 1276 κλαίοντες
1140 1213 1235 1267 καὶ
1274 1208 1604 1281 οἰμώζοντες
1635 1206 1763 1277 περὶ
1796 1204 1889 1257 τὸν

269 1307 473 1379 νόμον,
498 1308 598 1360 καὶ
631 1306 793 1359 τοῦτο
820 1308 955 1376 ἡμῖν
982 1307 1213 1377 ἐναργὲς
1236 1305 1412 1359 ἐποίει
1448 1302 1623 1371 λέγων
1646 1303 1673 1353 6
1706 1299 1890 1369 μακά-

271 1416 391 1470 ριος
417 1400 609 1453 Δαϐίδ·
639 1418 658 1449 ι
703 1399 827 1452 Ἐπὶ
852 1399 942 1451 τὸν
972 1397 1220 1469 ποταμὸν
1259 1396 1580 1456 Βαϐυλῶνος
1614 1394 1732 1447 ἐκεῖ
1760 1395 1889 1445 ἐκα-

266 1492 538 1560 θξσαμεν,
564 1492 661 1544 καὶ
694 1489 1042 1560 ἐκλαύσαμεν
1072 1492 1130 1543 ἐν
1163 1488 1244 1559 τῷ
1277 1488 1581 1559 μνησθῆναι
1606 1487 1754 1555 ἡμᾶς
1787 1483 1888 1555 τὴν
1936 1526 1950 1535 .

269 1582 439 1635 Σιών.
480 1602 499 1633 ι
534 1583 683 1653 Ἔφη
716 1581 774 1634 δὲ
810 1582 974 1636 πάλιν
1002 1600 1043 1631 οι
1078 1580 1202 1643 Πῶς
1228 1581 1451 1651 ᾅσωμεν
1475 1578 1571 1647 τὴν
1601 1577 1746 1647 ᾠδὴν
1775 1577 1889 1629 Κυ-

272 1679 393 1749 ρίου
430 1676 531 1728 ἐπὶ
558 1678 664 1745 γῆς
699 1675 1024 1745 ἀλλοτρίας;
1058 1694 1075 1725 ι
1118 1674 1259 1726 Ἀλλ’
1307 1673 1779 1741 ὑπονοστήσαντες
1810 1669 1888 1732 εἰς

276 1770 674 1842 Ἱεροσόλυμα,
700 1768 836 1821 Θεοῦ
866 1767 1357 1838 κατοικτείροντος,
1382 1766 1534 1819 οὐδὲν
1554 1759 1717 1835 ἦττον
1745 1756 1888 1833 ἦσάν

1990 552 2111 608 mia:
2180 552 2368 607 modos
2445 568 2550 607 non
2614 554 2882 622 ignorare.
2952 550 3068 604 Erit
3144 551 3326 621 igitur,
3392 551 3589 622 inquit,

1988 646 2041 699 in
2084 645 2225 709 loco,
2268 644 2355 697 ubi
2394 645 2594 698 dictum
2644 654 2729 700 est
2775 644 2908 709 illis,
2965 642 3080 697 Non
3131 644 3365 715 pepnlus
3434 634 3590 700 mens

1988 750 2105 798 vos,
2140 745 2196 790 et
2243 736 2343 804 ipsi
2385 737 2725 790 vocabuntur
2777 736 2871 790 ﬁlii
2940 734 3034 789 Dei
3090 735 3343 791 viventis.
3424 735 3583 803 Illud,

1994 847 2013 879 ι
2064 828 2115 882 in
2152 826 2292 892 loco,
2340 846 2359 879 ι
2396 828 2523 897 quid
2554 827 2656 883 sibi
2702 828 2850 894 velit,
2872 842 2971 897 age
3012 828 3384 884 enneleemus.
3452 829 3570 883 Fne

1991 930 2117 973 runt
2149 919 2293 974 enim
2326 918 2583 975 Israelita:
2629 910 2923 990 aliquando
2961 921 3163 991 captivi
3224 921 3377 986 facti,
3432 932 3488 977 et
3534 923 3589 977 in

1988 1010 2268 1081 Assyriam
2332 1011 2603 1077 translati,
2642 1012 2732 1067 ubi
2784 1011 2986 1068 ﬁebant
3036 1022 3089 1069 et
3143 1013 3591 1070 lamentabantur

1990 1101 2045 1156 in
2081 1103 2271 1171 pratis,
2306 1102 2358 1157 id
2384 1104 2526 1172 quod
2561 1104 2717 1161 nobls
2766 1105 3057 1161 manifeste
3118 1105 3325 1161 indicat
3396 1106 3591 1167 beatus

1994 1194 2216 1249 David:
2287 1212 2306 1246 ι
2346 1194 2521 1265 Super
2564 1194 2765 1252 ﬂumen
2818 1197 3112 1269 Babylonis
3183 1200 3293 1254 illic
3352 1200 3593 1256 sedimus

1990 1297 2045 1341 et
2076 1286 2347 1353 ﬁevimus,
2406 1289 2533 1342 dum
2582 1289 3000 1345 recordaremur
3037 1292 3137 1356 tui,
3182 1288 3314 1346 Sion
3350 1292 3421 1345 π.
3469 1310 3487 1343 ι
3524 1291 3593 1346 Et

1992 1378 2187 1432 iterum
2218 1397 2231 1409 -
2271 1398 2289 1431 ι
2320 1379 2604 1446 Quomodo
2654 1380 2998 1439 cantabimus
3035 1384 3306 1439 canticum
3378 1384 3591 1439 Domini

1993 1467 2044 1521 in
2079 1478 2221 1523 terra
2262 1468 2440 1522 aliena
2472 1468 2558 1522 9"?
2590 1489 2609 1523 ι
2653 1469 2849 1525 Verum
2884 1473 2993 1529 Deo
3021 1474 3317 1528 miserante
3366 1474 3591 1529 Jeroso-

1993 1559 2190 1631 lymam
2228 1561 2457 1628 reversi,
2491 1576 2641 1631 a2que
2685 1572 2742 1617 ut
2773 1562 2900 1619 olim
2932 1575 3091 1621 erant
3151 1576 3207 1621 et
3259 1569 3592 1622 vocabantur

1992 1652 2220 1721 pupulas
2267 1652 2384 1717 Dei,
2414 1653 2465 1707 in
2498 1654 2756 1709 continua
2782 1654 3045 1713 felicitate
3083 1657 3361 1725 vivebant,
3421 1658 3593 1714 libere

1994 1743 2163 1799 Deum
2210 1744 2475 1812 colentes,
2518 1744 2869 1817 legitimaque
2924 1749 3190 1804 sacriﬁcia
3241 1760 3589 1822 peragentes.

264 1880 326 1915 τε
384 1862 490 1917 καὶ
530 1860 881 1930 ὠνομάζοντο
923 1860 1050 1922 λαὸς
1076 1859 1236 1926 Θεοῦ,
1266 1860 1361 1914 καὶ
1402 1859 1670 1913 διετέλουν
1723 1857 1780 1911 ἐν
1806 1856 1895 1908 aii-'-

2000 1836 2120 1893 Non
2172 1839 2317 1893 enim
2350 1838 2476 1893 alibi
2514 1839 2747 1906 uspiam,
2810 1850 3172 1913 praeterquam
3241 1841 3595 1914 Jerosolymis

266 1953 545 2023 ημερέαις
570 1950 933 2021 λατρεύοντες
969 1949 1295 2021 ἐλευθέρως,
1317 1951 1411 2004 καὶ
1434 1950 1532 2011 τὰς
1559 1947 1702 2002 κατὰ
1729 1946 1893 2016 νόμον

266 2044 567 2107 τελοῦντες
603 2044 820 2106 θυσίας.
873 2043 948 2094 Οὐ
982 2043 1091 2113 γὰρ
1126 2040 1257 2111 ἐξῆν
1297 2043 1432 2106 ὅλως
1482 2042 1703 2111 ἐτέροσε
1754 2040 1892 2092 ἀποο

267 2137 530 2209 πληροῦν
563 2138 634 2190 τὰ
668 2135 1026 2207 διωρισμένα,
1062 2136 1177 2190 ἀλλ’
1214 2136 1272 2190 ἐν
1306 2137 1489 2206 μόνοις
1518 2139 1631 2198 τοῖς
1667 2135 1895 2206 Ἱεροσο-

266 2230 333 2283 λύ
345 2248 501 2301 μοις,
526 2231 625 2284 καὶ
647 2231 707 2282 ἐν
733 2229 815 2299 τῷ
851 2228 987 2299 ναῷ,
1022 2229 1209 2296 σαφῶς
1233 2229 1329 2282 τοῦ
1354 2229 1441 2282 διὰ
1474 2227 1720 2290 Μωσέως
1748 2243 1894 2296 παρα

268 2325 599 2392 εγγυῶντος
638 2326 834 2394 νόμου·
874 2344 892 2377 ι
926 2324 1172 2396 Πρόσεχε
1224 2323 1456 2391 σεαυτῷ,
1493 2322 1566 2393 μὴ
1598 2321 1894 2393 ἀνενέγκῃς

266 2418 339 2469 τὰ
389 2418 841 2488 ὁλοκαυτώματά
867 2436 985 2483 σου,
1020 2417 1198 2487 ἀλλ’ἢ
1252 2418 1330 2478 είς
1374 2415 1465 2467 τὸν
1500 2415 1687 2477 τόπον,
1727 2413 1785 2465 ὃν
1829 2412 1893 2464 ἂν

266 2508 577 2577 ἐκλέξηται
624 2509 831 2579 Κύριος
881 2512 911 2564 6
941 2510 1074 2572 Θεός
1121 2526 1237 2570 σου,
1288 2509 1407 2560 ἐκεῖ
1440 2506 1799 2575 ἐπικληθῆναι
1832 2504 1895 2558 τὸ

266 2601 459 2670 ὄνομα
476 2599 673 2665 αὑτοῦ,
692 2603 811 2654 ἐκεῖ
840 2601 1011 2667 οἴσεις
1032 2600 1101 2653 τὰ
1123 2597 1551 2667 ὁλοκαυτώματά
1576 2614 1687 2649 σου.
1704 2615 1721 2647 ι
1756 2596 1895 2649 06x-

271 2694 377 2745 οῦν
433 2694 888 2763 ὑποστρέφοντες
920 2693 1062 2747 κατὰ
1099 2692 1329 2762 καιροὺς
1355 2693 1412 2744 ἐν
1441 2694 1555 2754 τοῖς
1596 2688 1892 2759 Ἰεροσολύ-

269 2800 425 2851 μοις,
462 2782 563 2833 καὶ
600 2783 702 2853 τὴν
733 2782 845 2835 τῶν
875 2780 1190 2850 ἀλλοφύλων
1229 2781 1735 2850 καταλιμπάνοντες
1766 2778 1889 2848 γῆν,

266 2870 442 2923 πάλιν
473 2870 755 2941 ἐπλήρουν
798 2870 870 2924 τά
906 2871 1273 2941 νενομισμένα
1315 2869 1403 2921 διὰ
1438 2869 1703 2933 Μωσέως,
1736 2870 1893 2938 ἐχρη-

268 2962 517 3030 μάτιζόν
544 2979 606 3014 τε
636 2962 767 3025 λαὸς
788 2962 950 3017 Θεοῦ.
984 2954 1143 3016 Μετά
1172 2962 1230 3014 δέ
1268 2980 1333 3030 γε
1374 2962 1464 3013 τὸν
1492 2961 1587 3013 τοῦ
1636 2960 1892 3030 Σωτῆρος

268 3052 545 3122 σταυρὸν,
573 3054 672 3106 καὶ
696 3055 797 3123 τὴν
827 3055 1129 3125 γενομένην
1155 3055 1341 3115 αὐτοῖς
1365 3052 1679 3123 πολιορκίαν
1709 3068 1770 3103 τε
1798 3052 1890 3103 καὶ

1999 1934 2128 1986 etin
2163 1933 2363 2003 templo
2426 1934 2721 1988 constituta
2757 1943 3019 2003 praestare
3064 1936 3286 2004 licebat,
3334 1938 3471 2010 lege
3498 1954 3594 2007 per

1997 2023 2216 2094 Moysen
2262 2025 2438 2095 planis
2504 2025 2684 2080 verbis
2734 2026 3030 2081 hortante:
3078 2046 3097 2079 ι
3159 2030 3393 2085 Attende
3470 2030 3592 2097 tibi,

1998 2132 2067 2171 ne
2105 2116 2304 2171 oﬁ‘eras
2369 2108 2810 2173 holocautoniata
2842 2128 2955 2186 tua,
3020 2120 3122 2175 nisi
3157 2105 3212 2174 in
3258 2122 3377 2190 loco
3430 2138 3591 2193 quem

1995 2210 2221 2280 elegerit
2257 2210 2517 2265 Dominus
2552 2209 2693 2264 Dens
2729 2218 2870 2275 tuus,
2935 2218 2992 2264 ut
3043 2212 3115 2266 ibi
3159 2212 3442 2267 invocetur
3496 2228 3593 2267 no-

1996 2318 2119 2357 men
2148 2302 2283 2370 ejus.
2332 2303 2408 2358 Eo
2437 2302 2691 2357 confercs
2722 2304 3042 2359 holocausta
3116 2314 3202 2358 tua
3258 2306 3326 2358 ’9.
3363 2324 3380 2356 ι
3439 2304 3594 2359 Unde

1996 2404 2238 2465 tempore
2278 2412 2397 2459 suo,
2439 2398 2867 2466 alienigenarum
2907 2399 3130 2466 regione
3183 2398 3395 2463 relicta,
3429 2396 3593 2454 Jero-

1996 2490 2260 2558 solymam
2294 2490 2519 2558 reversi,
2554 2508 2743 2547 rursus
2785 2506 2882 2560 per
2920 2490 3137 2561 Moysen
3168 2495 3376 2548 sancito
3435 2493 3594 2548 facti-

1998 2583 2287 2646 tabant,et
2318 2582 2547 2651 populus
2593 2582 2687 2635 Dei
2747 2583 3104 2637 vocabantur.
3168 2584 3299 2639 Post
3369 2598 3590 2640 crnccm

1995 2684 2174 2727 antem
2208 2674 2509 2729 Salvatoris
2543 2676 2738 2739 nostri,
2770 2674 3220 2743 obsidionemque
3252 2683 3305 2730 et
3352 2676 3594 2732 eversio-

1998 2778 2140 2830 nem,
2171 2780 2268 2834 per
2293 2766 2532 2832 gentium
2568 2767 2728 2820 urbes
2777 2776 2942 2832 atque
2967 2766 3278 2834 provincias
3319 2766 3445 2820 totis
3467 2781 3594 2841 cum

1998 2856 2216 2912 familiis
2245 2858 2475 2927 dispersi
2530 2867 2675 2913 sunt.
2710 2858 2992 2925 Quomodo
3059 2856 3225 2928 igitur
3276 2866 3437 2913 erunt
3491 2859 3594 2914 ali-

1995 2950 2207 3018 quando
2232 2950 2462 3019 populus
2509 2951 2642 3007 Dei?
2698 2949 2835 3005 Num
2865 2947 3260 3019 Jerosolymam
3294 2949 3475 3007 denuo
3507 2967 3598 3009 re-

1998 3043 2159 3107 versi,
2193 3045 2329 3097 etin
2368 3046 2568 3114 templo
2626 3052 2988 3122 congregati?
3048 3068 3115 3107 an
3180 3059 3463 3109 versantes
3539 3045 3595 3100 in

269 3145 581 3213 πόρθησιν.
612 3147 669 3197 ἐν
703 3148 828 3209 ταῖς
860 3146 969 3198 τῶν
998 3145 1169 3198 ἐθνῶν
1201 3144 1390 3195 πόλεσί
1426 3161 1483 3196 τε
1547 3144 1643 3195 καὶ
1682 3142 1890 3212 χώραις

2002 3134 2107 3190 illis
2159 3135 2319 3199 locis,
2354 3136 2405 3190 in
2435 3153 2555 3207 qua:
2597 3140 2794 3211 singuli
2856 3144 3085 3213 dispersi
3138 3144 3394 3200 fuerint?
3457 3145 3599 3211 Quid

266 3234 514 3287 πανοικὶ
550 3235 956 3306 διεσπάρησαν.
1003 3237 1128 3299 Πῶς
1158 3231 1249 3288 οῦν
1280 3236 1496 3287 ἔσονται
1527 3235 1669 3287 κατά
1705 3235 1895 3305 καιρὸν

268 3328 349 3387 εἰς
383 3324 527 3378 λαὸν
556 3324 696 3377 Θεοῦ
722 3342 736 3389 ;
767 3322 919 3396 ’Ἄρα
962 3326 1025 3395 δὴ
1065 3326 1230 3379 πάλιν
1271 3327 1326 3377 ἐν
1357 3328 1468 3388 τοῖς
1502 3325 1897 3393 Ἰεροσολύμοις

240 3417 797 3486 ,ὑπονοστήσαντεμ
874 3420 970 3471 καὶ
1034 3419 1093 3470 ἐν
1156 3417 1234 3488 τῷ
1295 3417 1407 3486 ναῴ
1455 3418 1899 3489 συνηγερμένοι;

268 3514 453 3577 ἤγουν
490 3512 554 3562 ἐν
584 3509 819 3572 ἐκείνοις
844 3510 999 3572 ὄντες
1022 3512 1135 3572 τοῖς
1164 3509 1372 3573 τόποις,
1407 3508 1648 3579 ἔνθαπερ
1689 3505 1799 3561 εἷεν
1834 3510 1901 3563 ἂν

269 3602 512 3652 ἕκαστοι
562 3600 1111 3670 κατεσκευασμένοι;
1169 3600 1233 3652 Τί
1294 3616 1460 3669 φησιν
1502 3601 1530 3652 6
1578 3600 1898 3670 προφήτης;

282 3694 378 3746 Ἐν
420 3691 504 3761 τῷ
540 3691 715 3762 τόπῳ,
736 3685 799 3744 οῦ
834 3692 1038 3762 ἐρρέοη
1076 3692 1262 3755 αὐτοῖς
1286 3730 1301 3756 ,
1334 3693 1407 3745 Οὑ
1433 3691 1560 3755 λαός
1594 3709 1695 3761 μου
1720 3692 1899 3761 ὑμεῖς,

269 3785 368 3837 καὶ
426 3784 592 3837 αὑτοὶ
628 3783 1002 3855 κληθήσονται
1054 3784 1161 3837 υἱοὶ
1201 3784 1338 3837 Θεοῦ
1392 3783 1617 3848 ζῶντος.
1668 3782 1898 3836 Ἀπώλι-

270 3876 410 3931 σθον
474 3876 581 3946 μὲν
642 3877 751 3947 γὰρ
789 3876 885 3930 τοῦ
939 3872 1079 3930 εἶναι
1138 3876 1266 3940 λαὸς
1305 3876 1463 3939 Θεοῦ,
1518 3878 1614 3929 καὶ
1669 3876 1727 3928 ἐν
1783 3878 1903 3936 ταῖς

271 3966 386 4017 τῶν
439 3964 618 4017 ἐθνῶν
668 3964 1045 4036 διεσπάρησαν
1108 3964 1352 4036 χώραις,
1398 3964 1427 4016 ὃ
1470 3966 1563 4018 καὶ
1605 3965 1686 4028 εἰς
1746 3963 1905 4037 δεῦρο

270 4057 604 4127 σωζόμενον
664 4057 873 4110 κατίδοι
917 4075 1002 4121 τις
1052 4058 1140 4112 ἄν.
1206 4056 1345 4109 Ἀλλ’
1386 4057 1444 4108 ἐν
1502 4056 1754 4126 ἐσχάτοις
1807 4054 1903 4108 τοῦ

268 4151 483 4213 αἰῶνος
520 4153 759 4225 καιροῖς,
794 4168 813 4201 ι
843 4150 975 4203 ὅταν
1032 4150 1093 4203 τὸ
1147 4149 1423 4222 πλήρωμα
1455 4148 1563 4203 τῶν
1596 4148 1765 4201 ἐθνῶν
1794 4149 1907 4200 εἰσ-

272 4244 442 4316 έλθῃ,
470 4263 489 4295 ι
519 4243 647 4295 τότε
678 4244 773 4296 καὶ
796 4243 960 4307 αὑτὸς
983 4244 1011 4296 6
1034 4243 1345 4314 ἀπόϐλητος
1378 4241 1597 4311 Ἰσραὴλ
1647 4243 1727 4304 εἰς
1755 4242 1905 4303 υἱοὺς

270 4335 777 4407 παραδεχθήσεται
812 4335 983 4400 Θεοῦ,
1030 4336 1209 4390 καίτοι
1247 4334 1545 4405 διατρίϐων
1589 4337 1648 4388 ἐν
1696 4334 1903 4398 τόποις,

268 4428 529 4499 ἔνθαπερ
558 4429 627 4480 ἂν
659 4423 769 4480 εἶεν
795 4428 891 4481 καὶ
912 4427 1255 4497 εὑρίσκοιντο
1281 4426 1464 4496 τυχόν.
1494 4427 1566 4477 Τὸ
1592 4426 1700 4496 γὰρ
1735 4425 1905 4494 ἀναγ-

2001 3226 2078 3278 ait
2116 3227 2419 3296 propheta?
2480 3228 2535 3282 In
2574 3228 2712 3296 loco,
2783 3233 2871 3287 ubi
2919 3235 3123 3289 dictum
3154 3246 3237 3291 est
3291 3236 3418 3299 illis,
3478 3236 3595 3292 Non

2001 3317 2231 3388 populus
2260 3334 2416 3374 meus
2451 3335 2569 3385 vos,
2619 3330 2672 3375 et
2703 3322 2804 3391 ipsi
2846 3327 3183 3380 vocabuntur
3222 3328 3315 3381 lilii
3363 3328 3456 3381 Dei
3514 3329 3598 3381 vi-

2002 3408 2195 3462 ventis.
2274 3408 2600 3464 Deciderunt
2653 3411 2799 3464 enim
2832 3413 2895 3467 de
2927 3414 3121 3484 gradu,
3156 3415 3208 3469 in
3272 3431 3383 3485 quo
3440 3427 3601 3471 erant

2002 3501 2231 3570 p0pulus
2272 3500 2389 3569 Dei,
2440 3512 2495 3557 et
2529 3518 2626 3573 per
2678 3505 2921 3574 gentium
2956 3517 3129 3561 terras
3162 3508 3395 3578 diSpersi
3450 3520 3599 3573 sunt,

2003 3594 2145 3659 quod
2191 3593 2471 3663 hucusque
2512 3604 2783 3649 servatum
2841 3596 3197 3652 animadverti
3226 3608 3425 3668 patcst.
3484 3599 3601 3655 Ca:-

2006 3694 2185 3740 ternm
2259 3689 2523 3743 extremis
2597 3689 2781 3743 smculi
2861 3692 3218 3760 temporibus,
3276 3710 3293 3743 ι
3384 3692 3601 3762 quando

2004 3775 2279 3845 plenitudo
2324 3779 2565 3847 gentium
2596 3779 2879 3834 intraverit
2929 3782 2969 3847 ⁸,
3010 3800 3028 3833 ι
3088 3793 3216 3838 tunc
3296 3800 3427 3839 sane
3474 3795 3601 3842 tunc

2004 3872 2059 3917 et
2102 3865 2214 3933 ipsc
2250 3866 2693 3935 abjectuslsrael
2768 3867 2822 3922 in
2881 3868 3021 3925 ﬁlios
3082 3872 3177 3926 Dei
3234 3876 3598 3944 cooptabitnr,

2003 3972 2315 4029 quanquam
2350 3976 2694 4016 commorans
2728 3962 2779 4017 in
2850 3963 2982 4018 locis
3025 3964 3112 4019 ubi
3163 3966 3359 4021 vixerit
3411 3979 3467 4022 et
3518 3970 3603 4021 in-

2004 4060 2197 4104 ventus
2229 4050 2371 4106 forte
2400 4050 2582 4106 fuerit.
2604 4052 2748 4108 Nihil
2778 4054 2921 4109 enim
2942 4065 3097 4124 coget
3120 4060 3413 4113 ascendere
3444 4057 3602 4113 δεπο-

2006 4141 2294 4212 solymam.
2362 4152 2417 4198 et
2472 4143 2744 4213 lapideum
2802 4146 2980 4200 adhuc
3033 4148 3289 4215 templum
3328 4164 3598 4218 quaerere.

2006 4233 2272 4298 Quoniam
2299 4250 2473 4305 neque
2506 4236 2748 4292 moribus
2793 4241 3071 4295 veteribus
3100 4240 3239 4295 colet
3266 4240 3455 4304 Deum,
3492 4240 3602 4311 29

2007 4325 2193 4390 boum,
2243 4327 2488 4395 inquam,
2520 4329 2809 4386 sacriﬁciis
2840 4341 2896 4387 et
2940 4332 3122 4386 ovium
3150 4331 3598 4399 mactationibus;

2008 4435 2194 4475 verum
2276 4422 2465 4476 modus
2533 4422 2813 4493 religionis
2875 4426 3116 4494 ipsorum
3183 4425 3289 4479 erit
3336 4426 3466 4480 ﬁdes
3546 4426 3598 4481 in

267 4520 453 4583 κάζον
518 4520 674 4573 οὐδὲν
706 4519 1025 4573 ἀναϐαίνειν
1055 4520 1134 4582 είς
1168 4517 1539 4586 Ἱεροσόλυμα,
1592 4516 1689 4570 καὶ
1720 4516 1810 4569 τὸν
1843 4518 1895 4568 ἐν

2006 4513 2307 4580 Christum,
2350 4522 2403 4567 et
2439 4514 2554 4582 ejus
2587 4516 2771 4569 divina
2806 4507 3088 4583 mandata,
3132 4529 3189 4574 et
3233 4519 3601 4575 sanctiﬁcatio

267 4613 456 4675 λίθοις
475 4612 561 4664 ἔτι
583 4611 819 4683 ζητῆσαι
855 4612 1004 4666 ναόν.
1035 4611 1158 4664 Ὀτι
1192 4610 1328 4681 μηδὲ
1347 4612 1461 4672 τοῖς
1483 4608 1734 4678 ἀρχαίοις
1752 4608 1899 4661 έθεσι

267 4707 417 4775 τιμή
428 4721 511 4755 σει
534 4704 688 4765 Θεὸν,
725 4703 1037 4774 βουθυσίαις
1058 4703 1113 4757 δὲ
1134 4703 1276 4771 λέγω
1335 4701 1429 4755 καὶ
1449 4700 1737 4770 προϐάτων
1765 4717 1901 4767 σφα-

274 4797 437 4863 γαῖς,
473 4792 592 4847 ἀλλ’
625 4795 655 4846 6
681 4796 781 4864 τῆς
809 4794 1070 4865 λατρείας
1107 4794 1288 4854 αὑτοῖς
1314 4792 1467 4846 ἐσται
1493 4792 1693 4861 τρόπος
1720 4791 1901 4854 πίστις

2012 4605 2064 4658 in
2105 4603 2333 4672 Spiritu,
2367 4612 2422 4658 et
2446 4619 2543 4672 per
2612 4619 2831 4660 sacrum
2894 4606 3162 4676 baptisma
3232 4610 3598 4679 regeneratio,

2010 4698 2317 4766 adoptionis
2356 4697 2592 4751 ﬁliorum
2630 4698 2859 4768 gloriam
2907 4701 3118 4756 sanctis
3163 4701 3295 4770 ipsis
3320 4701 3384 4755 ad
3428 4702 3531 4756 hoc
3572 4719 3599 4755 a

2011 4789 2119 4843 Deo
2170 4790 2377 4841 vocatis
2418 4789 2739 4843 c0ncilians.

275 4893 359 4953 εἰς
394 4888 665 4957 Χριστόν,
709 4889 806 4941 καὶ
837 4888 906 4941 τὰ
938 4886 1105 4941 αὑτοῦ
1134 4889 1503 4959 θεσπίσματα,
1544 4886 1638 4939 καὶ
1678 4885 1949 4954 ἁγιασμὸς
2014 4886 2042 4935 6
2075 4884 2133 4935 ἐν
2179 4882 2471 4952 πνεύματι,
2534 4882 2629 4935 καὶ
2692 4885 2725 4954 ή
2765 4883 2854 4938 διὰ
2891 4884 2985 4938 τοῦ
3024 4887 3180 4956 ἁγίου
3228 4888 3602 4961 βαπτίσματος

275 4981 677 5049 ἀναγέννησις,
705 4981 807 5051 τῆς
838 4980 1113 5045 υἱοθεσίας
1169 4980 1531 5052 περιποιοῦσα
1568 4981 1665 5051 τὴν
1714 4978 1870 5044 δόξαν
1905 4979 2017 5042 τοῖς
2050 4978 2234 5040 αὑτοῖς
2273 4976 2449 5047 ἀγιίοις
2497 4978 2855 5050 κεκλημένοις
2887 4981 2967 5044 είς
3000 4980 3159 5035 τοῦτο
3190 4982 3341 5055 παρά
3365 4985 3593 5057 Κυρίου.

350 5076 476 5131 Καὶ
499 5074 1005 5144 συναχθήσονται
1034 5076 1152 5130 υἱοὶ
1180 5075 1387 5141 Ἰούδα,
1428 5076 1527 5129 καὶ
1554 5077 1608 5127 οἱ
1636 5074 1753 5129 υἱοὶ
1793 5074 1901 5127 Ἰσ-

268 5167 450 5235 ραὴλ
508 5166 867 5229 ἐπιτοαυτὸ,
910 5167 1008 5221 καὶ
1065 5167 1358 5235 θήσονται
1413 5166 1641 5231 ἑαυτοῖς
1702 5163 1898 5232 ἀρχὴν

270 5262 451 5330 μίαν,
494 5257 597 5310 καὶ
646 5258 1060 5325 ἀναϐήσονται
1092 5259 1161 5313 ἐκ
1220 5257 1331 5327 τῆς
1364 5256 1498 5327 γῆς,
1536 5258 1621 5311 ὅτι
1662 5255 1896 5327 μεγάλη

275 5349 311 5415 ἡ
342 5348 549 5417 ἡμέρα
584 5347 694 5401 τοῦ
738 5346 1004 5415 Ἰεῷαὲλ.

352 5431 438 5491 δ’.
471 5440 584 5492 Καὶ
612 5438 828 5501 τούτοις
859 5438 1035 5509 πέρας
1072 5437 1374 5510 ἐκϐεϐηκὸς
1409 5438 1713 5508 εὑρήσομεν
1752 5438 1895 5489 ἱστο-

279 5529 463 5601 ρικῶς
514 5544 579 5579 τε
622 5530 719 5581 καὶ
768 5530 1178 5598 πνευματικῶς.
1211 5526 1395 5583 Ἦσαν
1426 5529 1527 5599 μὲν
1557 5528 1667 5597 γὰρ
1696 5528 1753 5580 ὲν
1784 5531 1897 5590 τοῖς

274 5621 458 5694 ιρίοις
488 5621 717 5690 Περσῶν
742 5638 803 5672 τε
838 5621 935 5674 καὶ
958 5622 1159 5690 Μήδων
1188 5622 1240 5675 οἵ
1262 5640 1321 5675 τε
1356 5624 1419 5675 ἐκ
1450 5624 1551 5691 τῆς
1586 5621 1897 5691 Σαμαρείας

368 5800 413 5830 ⁸⁷
447 5796 593 5851 Psal.
632 5812 856 5861 cxxxvt,
908 5799 955 5851 l.
1033 5802 1077 5832 ⁹⁸
1114 5801 1239 5857 ibid.
1276 5801 1325 5853 4.
1366 5802 1411 5831 ⁹⁹
1452 5802 1602 5856 Deut.
1640 5815 1734 5861 χιι,
1777 5800 1829 5854 ti.

2084 5071 2245 5126 Vens.
2289 5072 2376 5126 ll.
2423 5071 2493 5125 Et
2536 5073 2994 5142 congregabantur
3034 5076 3137 5143 ﬁlii
3179 5074 3359 5144 Iuda,
3404 5088 3453 5132 et
3490 5068 3596 5148 ﬁlii

2007 5164 2178 5220 Israel
2225 5164 2403 5229 simul,
2436 5176 2482 5219 et
2526 5177 2717 5234 ponent
2762 5165 2863 5220 sibi
2911 5169 3269 5237 principatum
3305 5187 3503 5237 unum,
3550 5188 3595 5228 ει

2001 5258 2283 5311 ascenderit
2317 5258 2380 5310 de
2412 5266 2570 5322 terra,
2604 5258 2859 5327 quoniam
2896 5275 3114 5328 magnus
3144 5261 3255 5314 dies
3288 5262 3522 5315 Jezrael.

2071 5436 2164 5494 IX.
2204 5436 2270 5492 Et
2316 5438 2430 5493 haec
2475 5438 3043 5504 evenisse,historice
3117 5449 3171 5494 et
3239 5441 3597 5511 spiritualiter

2002 5538 2235 5584 constat.
2273 5529 2437 5583 Erant
2468 5530 2611 5583 enim
2649 5529 2702 5583 in
2739 5528 2938 5583 ﬁnibus
2970 5529 3263 5587 Persarum
3308 5546 3361 5590 et
3408 5535 3592 5598 Medo-

2005 5636 2123 5674 rum
2156 5620 2358 5690 quique
2400 5635 2429 5673 e
2457 5620 2702 5673 Samaria
2737 5620 2875 5675 bello
2908 5626 3051 5690 capti
3083 5621 3323 5695 fuerant,
3358 5628 3461 5685 hoc
3482 5638 3591 5700 est,

1933 5800 1946 5827 ³
1980 5796 2136 5852 Rom.
2175 5812 2246 5862 ιω,
2279 5796 2369 5851 23$.
