4094 6488
461 383 534 441 55
1489 381 1548 437 s.
1589 375 1870 436 evrum
1909 377 2378 434 ALEXANDRINI
2421 379 2740 438 ARCHIEP.
3648 381 3722 442 56

458 505 650 570 ~lsrael,
694 503 894 574 quique
936 519 1001 559 ex
1049 500 1421 575 Jerosolymis,
1461 503 1564 558 hoc
1610 510 1730 565 est.
1770 500 1938 556 ludas
1984 515 2014 555 e

2138 499 2460 572 δορύληπτοι
2479 504 2779 572 γεγονότες,
2812 505 3114 571 τουτέστιν,
3135 505 3165 556 6
3202 501 3434 574 Ἰσραὴλ,
3453 504 3547 557 καὶ
3565 506 3721 560 αὐτοὶ

460 595 766 664 Benjamin.
798 596 868 649 At
893 604 1176 664 postquam
1207 595 1384 665 Cyrus
1419 593 1705 663 Cambysae
1735 592 1901 658 lilius,
1930 590 2030 644 Bn-

459 687 655 758 bylone
689 687 938 752 subacta,
962 687 1252 742 Persarum
1281 685 1566 756 imperium
1598 685 1844 754 adeptus,
1872 683 2033 737 liber-

2137 590 2194 644 δὲ
2225 592 2362 662 πρὸς
2394 593 2623 660 τούτοις,
2667 596 2716 647 οἱ
2755 597 2821 648 ἐκ
2867 596 2964 666 τῆς
3023 594 3397 666 Ἰερουσαλὴμ,
3443 594 3722 648 τουτέστιν

2148 682 2346 747 Ἰούδας
2385 685 2480 737 καὶ
2512 684 2790 756 Βενιαμίν.
2844 686 3063 756 Ἐπειδὴ
3105 685 3164 738 δὲ
3202 683 3385 753 Κῦρος
3429 685 3458 736 6
3489 683 3720 754 Καμϐύ-

461 785 573 829 tate
621 775 790 830 Israel
837 785 894 830 et
935 774 1127 830 Judam
1169 775 1417 840 donavit,
1487 774 1815 840 domumque
1856 771 2020 826 redire

2135 790 2230 827 σου
2249 774 2353 846 ’τὴν
2382 775 2675 830 Βαϐυλῶνα
2704 777 2863 842 ἑλὼν,
2899 777 2997 831 καὶ
3043 775 3104 829 τὸ
3147 774 3374 846 Περσῶν
3405 773 3608 845 κράτος
3639 776 3719 838 είς

458 880 563 918 una
592 879 715 920 cum
744 864 890 920 vasis
915 864 1086 919 sacris
1113 863 1297 932 jussit,
1320 861 1714 934 Jerosolymam
1744 868 2030 925 venerunt,

455 971 558 1010 nec
578 956 689 1022 jam
716 955 950 1024 dispersi
983 955 1481 1022 babitarunt.sicut
1512 963 1803 1022 antequam
1835 949 2032 1019 captivi

459 1045 896 1111 abducerentur;
941 1060 1040 1100 nec
1087 1044 1302 1113 utrique
1346 1059 1440 1098 sna
1495 1057 1658 1112 regna
1705 1042 2027 1096 habuerunt.

455 1137 659 1193 Omnes
691 1139 890 1208 quippe
919 1139 1266 1194 concorditer
1294 1137 1464 1191 solam
1496 1135 1796 1190 Jerusalem
1833 1133 2031 1188 incole-

452 1231 609 1298 bant,
641 1231 778 1287 duce
807 1247 872 1288 ac
904 1231 1145 1300 principe
1180 1239 1308 1285 tunc
1336 1227 1690 1293 Zorobahele,
1718 1226 2030 1282 Salatbielis

455 1322 588 1387 tilio,
618 1323 710 1394 qui
742 1331 863 1376 erat
891 1323 957 1378 de
994 1321 1132 1375 tribu
1173 1319 1330 1385 Juda,
1366 1326 1422 1373 et
1465 1316 1772 1372 sacerdotio
1817 1331 2029 1371 summo

453 1412 709 1482 fungente
739 1399 868 1468 jesu
915 1410 1024 1466 tilio
1065 1407 1327 1464 Iosedech
1352 1447 1366 1471 ,
1405 1405 1620 1478 quando
1669 1415 1723 1461 et
1770 1404 2026 1474 templum

452 1502 692 1557 divinmn
747 1501 1153 1562 instaurabant,
1203 1507 1258 1553 et
1305 1513 1418 1553 rem
1470 1496 1793 1552 familiarem
1839 1494 2026 1552 sedulo

450 1592 737 1648 curabant.
796 1591 977 1661 inquit
1048 1591 1270 1662 igitur:
1355 1587 1844 1659 Congregabuntur
1929 1587 2024 1642 lilii

448 1681 588 1738 Juda
650 1691 704 1740 et
740 1682 834 1738 lilii
865 1680 1167 1740 Jerusalem
1215 1681 1406 1747 simul,
1443 1690 1497 1736 et
1542 1681 1874 1736 constituent
1922 1679 2024 1735 sibi

447 1773 812 1843 principatum
865 1788 1070 1838 unum,
1148 1781 1204 1828 et
1257 1770 1556 1827 ascendent
1597 1769 1665 1825 de
1709 1778 1884 1836 terra;
1967 1777 2024 1822 ut

2132 865 2326 921 ἑαυτὸν
2360 870 2726 940 μεταστήσας.
2766 869 2934 940 ἀνῆκε
2961 869 3061 940 τῆς
3113 867 3490 938 αἰχμαλωσίας
3530 866 3622 920 τόν
3653 883 3716 919 τε

2144 957 2358 1029 Ἰσραὴλ
2406 959 2501 1014 καὶ
2527 960 2619 1014 τὸν
2669 960 2890 1023 Ἰούδαν,
2920 959 3058 1014 οἴκοι
3088 976 3146 1012 τε
3182 958 3320 1012 ἱέναι
3347 957 3716 1028 προστέταχεν

2129 1048 2265 1116 ὁμοῦ
2290 1051 2404 1113 τοῖς
2426 1049 2642 1104 σκεύεσι
2671 1052 2784 1114 τοῖς
2817 1051 3003 1121 ἱεροῖς,
3035 1048 3292 1118 ἀφίκοντο
3321 1049 3418 1119 μὲν
3439 1049 3519 1110 είς
3551 1048 3714 1119 Ἱερο-

2131 1139 2362 1209 σόλυμα,
2396 1142 2750 1212 κατῳκήσασι
2781 1141 2839 1194 δὲ
2869 1139 3055 1192 λοιπὸν
3083 1139 3184 1192 οὐκ
3227 1137 3308 1191 ἔτι
3344 1137 3710 1210 διῃρημένως,

2129 1227 2272 1281 καΘά
2297 1229 2392 1282 καὶ
2421 1229 2528 1299 πρὸ
2546 1230 2646 1300 τῆς
2670 1227 3050 1299 αἰχμαλωσίας
3073 1244 3087 1259 ο
3116 1225 3240 1280 οὔτε
3263 1226 3369 1296 μὴν
3405 1225 3569 1289 ἰδίους
3590 1225 3714 1278 ἕκα-

2129 1335 2245 1372 στοι
2275 1318 2529 1390 βασιλέας
2563 1322 2854 1390 ἐσχήκασι.
2892 1319 3087 1388 Διῆγον
3121 1317 3178 1370 δὲ
3225 1318 3424 1379 πάντες
3477 1317 3536 1369 ὲν
3585 1317 3713 1384 ὀμο-

2127 1408 2298 1481 ψυχίᾳ
2328 1410 2470 1464 κατά
2510 1411 2678 1481 μόνην
2736 1408 2837 1480 τὴν
2883 1407 3259 1479 Ἰερουσαλὴμ,
3311 1406 3614 1478 ἡγουμένου
3647 1407 3710 1458 τὸ

2125 1502 2378 1571 τηνικάδε
2434 1502 2736 1573 Ζοροϐάϐελ
2782 1501 2877 1557 τοῦ
2918 1501 3208 1571 Σαλαθιήλ,
3255 1499 3316 1563 ὃς
3342 1494 3411 1569 ἦν
3441 1500 3506 1552 ὲκ
3535 1498 3709 1568 φυλῆς

2138 1593 2325 1658 Ἰούδα,
2375 1595 2466 1648 καὶ
2518 1593 2886 1664 ίερατεύοντος
2940 1593 3116 1665 Ἰησοῦ
3160 1590 3257 1645 τοῦ
3312 1590 3581 1656 Ἰωσεδὲκ,
3610 1588 3707 1642 τοῦ

2126 1686 2384 1756 μεγάλου,
2432 1687 2521 1739 ὅτε
2555 1686 2648 1740 καὶ
2697 1686 2788 1740 τὸν
2827 1685 2968 1740 θεῖον
3014 1685 3366 1755 ἀνεδείμαντο
3415 1683 3574 1747 ναὸν,
3609 1681 3707 1735 καὶ

2123 1775 2232 1830 τῶν
2279 1778 2359 1841 είς
2424 1777 2516 1830 τὸν
2567 1773 2724 1831 οἷκον
2781 1778 2991 1848 εἴχοντο
3053 1775 3504 1845 σπουδασμάτων.
3574 1773 3708 1826 Συν-

451 1865 880 1934 alienigenarum
917 1864 1192 1934 regionem
1225 1862 1513 1932 intelligas,
1552 1861 1604 1916 in
1631 1875 1792 1930 quam
1825 1860 2020 1930 captivi

2124 1867 2447 1940 αχθήσονται
2468 1868 2670 1935 τοίνυν,
2701 1869 2887 1940 φησὶν,
2920 1869 2968 1922 oi
3003 1868 3112 1921 uloi.
3155 1866 3349 1931 Ἰούδα,
3394 1865 3489 1918 καὶ
3519 1864 3570 1917 oi
3600 1864 3708 1917 υίο)⁵

449 1955 669 2012 abducti
696 1965 843 2013 sunt.
866 1953 986 2011 Jam
1010 1955 1160 2020 illud,
1199 1953 1325 2024 quia
1374 1967 1601 2024 magnus
1623 1952 1740 2008 dies
1787 1949 2019 2016 Jezrael,

450 2061 575 2102 cum
629 2046 854 2103 historia
911 2061 1015 2103 non
1070 2047 1362 2103 consentit.
1424 2046 1612 2116 Itaque
1667 2045 1739 2100 ibi
1791 2045 2022 2100 dicimus

449 2135 708 2193 lsraelem
734 2149 986 2194 vocatum
1011 2138 1078 2194 iri
1107 2138 1361 2209 populum
1387 2137 1504 2201 Dei,
1527 2136 1776 2206 quamvis
1803 2145 2024 2207 propter

448 2230 782 2306 impietatem
842 2231 1004 2302 longe
1049 2231 1342 2286 maximam
1384 2241 1607 2285 vocatus
1648 2231 1721 2284 sit
1766 2227 1882 2284 Non
1931 2244 2022 2298 po-

449 2320 629 2390 pulus,
664 2331 722 2376 ut
742 2320 854 2390 jam
883 2322 1186 2377 docuimus.
1217 2322 1370 2377 Tunc
1395 2323 1868 2392 congregabuntur
1895 2322 2020 2392 ipsi,

447 2419 506 2468 et
544 2411 636 2466 iilii
672 2411 832 2477 Juda,
869 2411 970 2467 hoc
1008 2423 1112 2479 est,
1147 2413 1324 2468 omnis
1367 2413 1621 2481 deinceps
1671 2413 1723 2466 in
1758 2414 2021 2468 extremis

451 2501 788 2570 temporibus
810 2501 1122 2557 Iudaeorum
1153 2502 1370 2557 inventa
1405 2501 1710 2555 multitudo.
1742 2500 1808 2555 Et
1831 2515 2020 2556 omnes

448 2591 550 2649 sub
582 2607 715 2647 uno
742 2592 1049 2663 principatu
1098 2602 1279 2658 erunt,
1323 2595 1427 2647 hoc
1472 2601 1574 2656 est,
1623 2591 1846 2646 Christi.
1891 2589 2021 2646 Tale

446 2685 575 2754 quid
605 2685 768 2740 etiam
805 2700 903 2754 per
939 2684 1274 2740 Ezechielem
1315 2683 1696 2754 praenuntiavit
1738 2684 2020 2739 universo-

447 2789 571 2830 rum
602 2775 766 2840 Deus,
800 2775 866 2831 de
893 2775 1109 2830 Christo
1134 2775 1319 2830 dicens
1350 2793 1363 2828 :
1397 2793 1414 2826 ι
1454 2774 1520 2828 Ει
1555 2774 1828 2829 suscitabo
1856 2787 2019 2843 super

447 2879 544 2920 eos
571 2876 845 2933 pastorem
871 2881 1060 2931 unum,
1088 2874 1143 2920 et
1168 2875 1353 2934 pascet
1377 2879 1493 2931 COS,
1522 2875 1578 2920 et
1602 2880 1815 2920 servum
1839 2880 2018 2919 meum

442 2954 640 3022 David,
669 2965 725 3012 et
761 2957 869 3011 erit
906 2971 1093 3012 eorum
1130 2958 1373 3027 pastor'.
1397 2975 1417 3008 ι
1455 2955 1621 3010 David
1668 2956 1902 3026 appellat
1951 2970 2018 3010 ex

445 3049 655 3104 semine
685 3047 857 3103 David
899 3047 1176 3104 Christum
1220 3055 1407 3102 natum
1453 3048 1748 3103 secundum
1776 3062 2015 3103 carnem.
2050 3054 2058 3063 '

2136 1959 2349 2032 Ἰσραὴλ
2407 1961 2716 2025 ὲπιτοαυτὸ,
2772 1960 2870 2014 καὶ
2941 1958 3202 2030 θήσονται
3257 1959 3473 2021 ἑαυτοῖς
3531 1954 3708 2026 ἀρχὴν

2126 2051 2276 2122 μίαν,
2325 2053 2419 2106 καὶ
2463 2053 2833 2123 ἀναϐήσονται
2874 2052 2940 2106 ἐκ
2965 2051 3070 2122 τῆς
3108 2052 3232 2120 γῆς.
3297 2050 3415 2102 Ἵνα
3469 2047 3569 2120 τὴν
3597 2046 3707 2101 τῶν

2121 2143 2432 2213 ἀλλοφύλων
2464 2146 2672 2216 ὲννοῇς,
2695 2145 2774 2208 είς
2806 2144 2875 2214 ήν
2905 2143 2999 2197 καὶ
3040 2133 3494 2211 ἀπεκομίσθησαν
3538 2139 3706 2208 αίχμ-

2123 2235 2316 2289 άλωτοι
2368 2236 2668 2304 γεγονότες.
2721 2235 2796 2288 Τὸ
2822 2234 2901 2301 δὲ,
2944 2235 3027 2288 ὅτι
3062 2232 3273 2303 μεγάλη
3313 2232 3346 2302 ή
3398 2231 3583 2302 ήμέρα
3611 2229 3706 2284 τοῦ

2133 2323 2392 2397 Ἰεξραὲλ,
2443 2325 2523 2394 τῷ
2555 2325 2654 2394 τῆς
2713 2323 2956 2395 ἱστορίας
2989 2323 3088 2394 οὐχ
3113 2321 3344 2394 ἁρμόζει
3372 2321 3536 2390 λόγῳ.
3563 2320 3708 2373 Οὐκ-

2120 2418 2214 2472 οὖν
2234 2419 2351 2472 ἐκεῖ
2373 2435 2554 2488 φαμεν
2581 2418 2663 2469 ὅτι
2702 2416 3029 2486 κεκλήσεται
3067 2414 3196 2478 λαὸς
3226 2413 3361 2466 Θεοῦ
3389 2415 3418 2466 6
3469 2411 3704 2483 Ἰσραὴλ,

2120 2507 2298 2560 καίτοι
2351 2505 2440 2560 διὰ
2481 2505 2745 2575 πλείστην
2782 2505 2914 2576 ὅσην
2965 2503 3285 2558 δυσσέϐειαν
3318 2502 3706 2573 ὠνομασμένος

2120 2597 2193 2651 Οὐ
2213 2595 2360 2662 λαὸς,
2389 2594 2642 2666 καθάπερ
2660 2595 2761 2666 ήδη
2792 2595 3154 2666 προείπομεν.
3181 2594 3315 2647 Τότε
3345 2592 3708 2663 συναχθήσον-

2117 2703 2208 2740 ται
2242 2685 2394 2739 αὐτοί
2434 2704 2493 2739 τε
2529 2689 2624 2741 καὶ
2645 2688 2693 2739 οἱ
2720 2687 2828 2738 ulo‘t
2865 2685 3059 2751 Ἰούδα,
3091 2683 3363 2750 τουτέστι,
3405 2685 3555 2737 πᾶσα
3594 2683 3706 2736 λοι-

2119 2779 2220 2831 πὸν
2253 2779 2367 2849 ήὲν
2390 2778 2642 2848 ἐσχάτοις
2667 2780 2878 2849 καιροῖς
2907 2778 3019 2832 τῶν
3066 2777 3337 2832 Ἰουδαίων
3373 2775 3705 2846 εὑρισκομέ-

2119 2891 2182 2944 νη
2232 2873 2461 2944 πληθύς.
2493 2875 2630 2953 ,Καὶ
2679 2872 2786 2925 ὑπὸ
2835 2871 2963 2941 μίαν
3002 2870 3215 2924 ἔσονται
3261 2870 3466 2933 πάντες
3507 2870 3704 2941 ἀρχὴν,

2118 2966 2382 3031 τουτέστι,
2433 2964 2689 3037 Χριστόν.
2719 3004 2729 3009 ς
2765 2963 2958 3015 Καίτοι
3006 2961 3252 3015 τοιοῦτον
3287 2960 3343 3014 δὲ
3380 2960 3468 3013 διὰ
3526 2963 3706 3031 φωνῆς

2132 3056 2388 3128 Ἰεζεχιὴλ
2427 3051 2937 3125 προαναπεφώνηκε
2983 3053 3161 3121 λέγων
3193 3054 3221 3106 6
3254 3053 3362 3105 τῶν
3395 3053 3532 3106 ὅλων
3573 3052 3705 3115 Θεὸς

444 3139 625 3207 Quare
672 3147 866 3194 vocato
909 3138 1310 3220 jamgentium
1355 3152 1536 3209 grege,
1590 3139 1802 3192 tandem
1850 3138 2018 3194 Israel

2124 3148 2248 3217 περὶ
2281 3145 2540 3218 Χριστοῦ·
2577 3164 2596 3198 ι
2636 3145 2752 3198 Καὶ
2795 3147 3088 3215 ἀναστήσω
3119 3146 3204 3198 ἐπ’
3226 3145 3424 3207 αὐτοὺς
3469 3143 3704 3214 ποιμένα

443 3233 842 3295 introducetur,
890 3239 945 3286 et
988 3245 1152 3284 unum
1203 3231 1564 3300 principatum
1613 3243 1804 3284 omnes
1849 3243 2018 3300 agno-

441 3334 618 3380 scent.
655 3322 767 3399 3o
819 3322 886 3377 Et
933 3322 1229 3380 ascendent
1283 3321 1350 3376 de
1408 3330 1578 3388 terra,
1624 3321 1820 3390 inquit.
1864 3319 2016 3387 Quod

445 3427 593 3470 recte
655 3414 1118 3485 intelligentibus,
1181 3413 1400 3483 opinor,
1454 3413 1726 3484 signiﬁcat
1783 3421 1877 3465 aut
1927 3411 2016 3479 qui

438 3509 627 3580 jugum
655 3505 958 3563 Salvatoris
982 3504 1344 3570 admiserunt,
1377 3505 1444 3559 de
1473 3513 1671 3560 caetero
1695 3502 2020 3559 omnimodis

443 3600 716 3656 desituros
761 3606 978 3653 terrena
1024 3611 1240 3667 sapere,
1275 3605 1331 3652 et
1369 3595 1655 3666 prudentia
1691 3595 1873 3649 carnis
1922 3607 2018 3648 su-

441 3691 688 3765 periores
742 3689 879 3757 fore,
921 3687 1081 3760 (tales
1110 3687 1255 3743 enim
1302 3701 1519 3754 omnes,
1562 3687 1658 3756 qui
1707 3685 1926 3743 Christo
1961 3699 2020 3739 se

441 3783 824 3851 subiecerunt;
872 3790 926 3835 et
959 3781 1117 3835 tidem
1148 3778 1316 3834 faciet
1353 3776 1547 3832 beatus
1582 3775 1750 3831 David
1779 3793 1792 3829 :
1829 3793 1848 3827 ι
1880 3775 2016 3842 Qula

442 3874 540 3930 Dei
570 3874 739 3930 lortes
779 3882 937 3928 terra:
960 3872 1316 3926 vehementer
1353 3869 1549 3925 elevati
1595 3868 1791 3934 sunt”;
1827 3887 1846 3921 ι
1881 3869 2011 3938 quin

443 3974 501 4020 et
523 3963 764 4019 Paulus:
804 3981 823 4014 ι
854 3963 954 4029 Qui
1003 3973 1179 4017 autem
1223 3969 1346 4016 sunt
1371 3960 1571 4016 Christi
1615 3959 1765 4027 Jesu,
1797 3975 2017 4015 carnem

441 4072 598 4115 suam
626 4057 1164 4117 cruciﬁxeruntcum
1197 4054 1340 4108 vitiis
1365 4061 1421 4107 et
1448 4050 2014 4122 concupiscentiis‘p)

441 4158 538 4204 aut
566 4158 716 4205 certe
749 4157 806 4204 et
834 4148 983 4218 ipsos
1014 4147 1418 4202 resurrectione
1450 4156 1787 4200 mortuorum
1812 4142 2018 4211 potitu-

440 4257 555 4296 ros.
609 4241 753 4296 Dixit
803 4241 948 4296 enim
994 4238 1190 4294 alicubi
1247 4238 1410 4293 etiam
1452 4237 1705 4291 Christus
1734 4251 1750 4288 :
1782 4253 1801 4286 ι
1845 4233 2016 4287 Amen

441 4332 566 4386 dico
604 4331 788 4396 vobis,
829 4331 955 4401 quia
987 4329 1166 4385 omnis
1206 4329 1298 4396 qui
1342 4327 1514 4382 credit
1555 4325 1610 4382 in
1654 4339 1760 4390 me,
1802 4323 2015 4378 etiamsi

442 4431 688 4478 mortuus
723 4421 903 4485 fuerit,
937 4421 1143 4492 vivet}.
1175 4436 1196 4471 ι
1226 4419 1380 4486 Quod
1419 4417 1465 4472 si
1507 4425 1727 4469 coactus
1768 4413 1841 4468 ita
1881 4413 2018 4481 obji-

442 4516 556 4570 cias
581 4529 598 4567 :
625 4514 694 4566 At
726 4513 872 4567 enim
931 4527 1038 4568 non
1071 4512 1378 4573 credentes,
1408 4509 1496 4563 die
1532 4506 1687 4572 mihi,
1719 4504 2017 4558 manebunt

442 4604 667 4670 mortui,
717 4617 818 4658 nec
868 4617 990 4657 cum
1046 4603 1169 4658 aliis
1212 4599 1549 4657 ascendent?
1593 4599 1708 4668 ipse
1744 4594 2012 4662 Salvator,

440 4697 570 4764 quid
603 4696 836 4764 amplius
869 4695 1103 4752 habituri
1141 4693 1272 4757 sint,
1313 4690 1405 4760 qui
1449 4689 1820 4750 crediderunt,
1858 4687 2016 4741 nobis

441 4789 854 4854 demonstravit,
888 4789 962 4843 ita
1009 4786 1277 4855 loquens:
1305 4801 1325 4834 ι
1361 4781 1472 4837 Fur
1504 4795 1613 4834 non
1641 4779 1793 4834 venit
1826 4779 1927 4832 nisi
1961 4787 2020 4832 ut

442 4882 676 4950 I’uretur,
714 4889 769 4937 et
805 4880 1017 4950 perdat.
1052 4875 1166 4947 Ego
1201 4875 1326 4930 veni
1361 4882 1420 4928 ut
1446 4872 1612 4926 vitam
1658 4871 1923 4937 habeant,
1956 4882 2012 4924 et

440 4977 810 5033 abundantius
865 4976 1103 5030 habeant
1144 4973 1188 5026 ⁸.
1253 4987 1277 5024 ι
1325 4969 1688 5036 Quamobrem
1735 4973 2016 5036 resurgent

440 5069 660 5140 quidem
704 5081 916 5132 omnes,
953 5063 1110 5134 probi
1144 5071 1196 5118 et
1236 5061 1500 5132 improbi;
1539 5058 1633 5114 sed
1673 5073 1779 5112 non
1826 5071 2015 5112 omnes

439 5160 721 5216 habebunt
753 5158 882 5213 illud
920 5175 939 5210 ι
970 5153 1355 5211 abundantius.
1395 5170 1417 5205 ι
1445 5151 1548 5218 Qui
1577 5150 1721 5204 enim
1753 5163 1858 5204 non
1889 5159 2018 5202 sunt

441 5251 666 5317 Christi,
727 5263 865 5318 quos
901 5244 1235 5301 inﬁdelitatis
1270 5243 1566 5299 sceleribus
1594 5239 1866 5308 involutos
1896 5252 2018 5294 esse

441 5351 678 5404 constat,
739 5341 790 5393 in
836 5338 1098 5401 extremis
1127 5337 1292 5404 vitam
1337 5341 1513 5389 morte
1546 5332 1818 5387 duriorem
1851 5331 2015 5384 habe-

442 5432 598 5495 bunt.
615 5427 904 5483 Rationem
926 5429 1068 5489 enim
1097 5435 1152 5482 et
1179 5425 1591 5482 commissorum
1607 5432 1662 5478 et
1678 5421 2016 5477 inﬁdelitatis

442 5521 692 5576 reddent.
747 5517 850 5584 Qui
901 5526 1079 5572 autem
1130 5522 1258 5571 sunt
1301 5514 1450 5584 ejus,
1499 5514 1700 5582 quique
1748 5510 2015 5581 spirituali

439 5623 568 5667 cum
608 5611 718 5666 Deo
765 5609 999 5664 amicitia
1045 5607 1357 5678 locupletati
1405 5615 1547 5672 sunt,
1583 5616 1638 5660 et
1685 5617 1894 5660 morum
1936 5602 2020 5655 in-

2121 3239 2238 3304 ἕνα,
2267 3238 2362 3290 καὶ
2381 3239 2638 3307 ποιμανεῖ
2668 3237 2888 3301 αὐτοὺς,
2914 3237 3005 3290 τὸν
3037 3233 3222 3288 δοῦλόν
3255 3252 3356 3305 μου
3383 3233 3567 3296 Δαϐὶδ,
3608 3233 3704 3286 καὶ

2121 3330 2273 3382 ἐσται
2310 3329 2488 3383 αὐτῶν
2524 3329 2751 3399 ποιμήν.
2806 3347 2825 3380 δ
2873 3327 3160 3397 ὐνομάζει
3204 3325 3261 3379 δὲ
3309 3325 3474 3379 Δαϐὶδ
3515 3325 3605 3379 τὸν
3639 3326 3704 3376 ὲκ

2123 3422 2434 3493 σπέρματος
2466 3421 2632 3475 Δαϐὶδ
2678 3419 2941 3488 γεγονότα
3001 3417 3146 3472 κατά
3197 3417 3376 3486 σάρκα
3444 3417 3700 3487 Χριστόν.

2121 3512 2326 3568 Οὐκοῦν
2387 3511 2733 3582 κεκλῃμένης
2784 3510 2883 3582 ήδη
2941 3509 3042 3579 τῆς
3096 3509 3206 3562 τῶν
3267 3509 3437 3562 ἐθνῶν
3478 3507 3701 3577 ἀγέλης,

2121 3602 2596 3674 είσκομισθήσεται
2627 3600 2933 3662 τελευταῖος
2949 3601 2985 3652 '6
3023 3599 3260 3672 Ἰσραήλ,
3294 3601 3389 3652 καὶ
3436 3599 3541 3651 ὑπὸ
3571 3599 3705 3669 μίαν

2120 3689 2339 3744 ἔσονται
2368 3691 2569 3751 πάντες
2622 3689 2822 3760 ἀρχήν.
2879 3687 2989 3740 Καὶ
3013 3688 3394 3758 ἀναϐήσονται,
3431 3687 3615 3758 φησὶν,
3638 3688 3704 3739 ἐκ

2117 3777 2218 3847 τῆς
2246 3778 2373 3846 γῆς.
2413 3776 2574 3847 Δηλοί
2603 3775 2681 3840 δὲ,
2713 3772 2888 3845 οἶμαι,
2918 3776 3071 3828 τουτὶ
3113 3779 3226 3839 τοῖς
3261 3775 3472 3830 νοοῦσιν
3501 3775 3699 3846 ὀρθῶς,

2118 3868 2153 3939 ἢ
2179 3869 2262 3921 ὅτι
2287 3869 2461 3937 πάντη
2513 3883 2575 3918 τε
2635 3865 2728 3918 καὶ
2776 3865 2999 3928 πάντως
3049 3867 3108 3928 ὲς
3163 3865 3254 3919 τὸν
3309 3864 3404 3918 τοῦ
3449 3865 3704 3935 Σωτῆρος

2119 3957 2531 4028 προσηκάμενω
2569 3954 2752 4023 ζυγὸν,
2787 3955 3191 4025 ἀποστήσονται
3225 3955 3412 4010 λοιπὸν
3440 3954 3536 4007 τοῦ
3569 3971 3705 4027 φρο-

2119 4051 2229 4102 νεῖν
2263 4046 2330 4100 τά
2357 4045 2449 4099 ἐπὶ
2472 4045 2569 4117 τῆς
2595 4045 2719 4114 γῆς,
2756 4045 2848 4098 καὶ
2880 4045 3141 4114 ἀμείνους
3162 4044 3377 4100 ἔσονται
3411 4046 3696 4118 φρονήμα-

2117 4154 2209 4201 τος
2235 4134 2521 4206 σαρκικοῦ,
2552 4134 2804 4204 (τοιοῦτοι
2821 4134 2929 4205 γὰρ
2950 4135 3151 4199 πάντες
3170 4136 3219 4187 οἱ
3246 4135 3351 4188 ὑπὸ
3365 4134 3586 4206 Χριστῷ
3610 4151 3704 4205 γε·

2119 4228 2357 4294 γονότες,
2395 4227 2488 4280 καὶ
2533 4226 2862 4280 πιστώσεται
2893 4225 3068 4294 λέγων
3101 4228 3130 4279 6
3180 4227 3455 4297 μακάριος
3503 4225 3698 4279 Δαϐίδ·

2125 4320 2282 4372 «Ὅτι
2315 4316 2410 4371 τοῦ
2431 4318 2565 4372 Θεοῦ
2595 4320 2644 4371 οἱ
2678 4319 2948 4389 κραταιοὶ,
2977 4318 3078 4387 τῆς
3107 4318 3212 4387 γῆς
3231 4319 3436 4388 σφόδρα
3463 4316 3706 4388 ἐπήρθη-

2121 4426 2240 4476 σαν,
2255 4430 2273 4461 ι
2301 4409 2394 4462 καὶ
2408 4408 2513 4479 μὴν
2529 4409 2623 4461 καὶ
2643 4410 2672 4462 6
2694 4407 2920 4470 Παῦλος
2946 4423 2965 4458 ι
2994 4408 3058 4461 Οἱ
3076 4407 3132 4460 δὲ
3156 4405 3248 4460 τοῦ
3260 4407 3497 4478 Χριστοῦ
3529 4405 3702 4476 Ἰησοῦ

2121 4501 2220 4570 τὴν
2252 4499 2429 4568 σάρκα
2464 4499 2814 4568 ἐσταύρωσαν
2859 4498 2955 4550 σὺν
2987 4499 3100 4560 τοῖς
3141 4495 3429 4567 παθήμασι
3461 4497 3556 4549 καὶ
3584 4499 3705 4558 ταῖς

2123 4591 2520 4662 ἐπιθυμίαις»)
2538 4591 2723 4661 ἦγουν,
2753 4589 2838 4642 ὅτι
2859 4587 3138 4652 τεύξονται
3163 4589 3258 4640 καὶ
3285 4587 3438 4640 αὐτοὶ
3465 4588 3562 4658 τῆς
3583 4588 3707 4641 ἀνα·

2126 4685 2369 4746 στάσεως
2387 4681 2494 4735 τῶν
2516 4681 2746 4752 νεκρῶν.
2780 4679 2928 4748 Ἔφη
2971 4678 3082 4749 γάρ
3116 4694 3218 4731 που
3246 4679 3342 4733 καὶ
3369 4680 3399 4732 6
3428 4678 3700 4750 Χριστός·

2129 4798 2149 4831 ι
2202 4776 2374 4846 Ἀμὴν
2425 4775 2568 4842 λέγω
2617 4773 2766 4840 ὑμῖν,
2792 4771 2875 4824 ὅτι
2914 4772 3023 4834 πᾶς
3068 4772 3097 4824 6
3145 4770 3417 4823 πιστεύων
3456 4772 3536 4834 εἰς
3579 4769 3702 4837 ἐμὲ,

2120 4872 2222 4926 κᾶν
2243 4866 2513 4937 ἀποθάνῃ,
2569 4864 2817 4935 ζήσεται.
2856 4881 2874 4912 ι
2909 4863 3102 4916 Καίτοι
3131 4862 3248 4924 πῶς
3279 4861 3380 4914 οὐκ
3410 4861 3707 4928 ἀναγκαῖον

2123 4964 2319 5026 εἰπεῖν,
2374 4959 2439 5012 Οἱ
2501 4957 2610 5026 γὰρ
2637 4956 2712 5026 μὴ
2751 4954 3121 5018 πιστεύοντες,
3160 4943 3284 5006 εἶπέ
3329 4970 3440 5021 μοι,
3482 4951 3706 5022 μενοῦσι

2122 5052 2329 5126 νεκροὶ,
2367 5051 2466 5102 οὐκ
2499 5045 2858 5117 ἀναϐήσονται
2888 5045 2945 5098 δὲ
2983 5047 3093 5107 τοῖς
3136 5045 3316 5107 ἀλλοις
3344 5042 3510 5114 ὁμοῦς
3547 5045 3705 5096 Ποῖον

2121 5141 2216 5200 οὖν
2240 5145 2347 5216 ἄρα
2377 5143 2488 5204 τοῖς
2531 5137 2921 5192 πεπιστευκόσι
2968 5135 3030 5189 τὸ
3071 5135 3345 5205 περιττὸν,
3377 5133 3541 5196 αὐτὸς
3568 5135 3704 5203 ἡμῖν

2123 5232 2401 5298 ὑπέδειξεν
2459 5232 2488 5283 6
2524 5227 2735 5299 Σωτὴρ,
2761 5225 2904 5280 οὕτω
2933 5225 3108 5294 λέγων
3128 5242 3142 5256 ο
3173 5241 3194 5275 ι
3236 5224 3296 5278 Ὃ
3337 5223 3578 5292 κλέπτης
3607 5223 3702 5277 οὖν

2127 5327 2366 5398 ἔρχεται,
2393 5323 2441 5375 εἰ
2473 5320 2549 5393 μὴ
2570 5321 2656 5374 ἵνα
2682 5317 2875 5388 κλέψῃ,
2904 5317 3000 5371 καὶ
3031 5316 3294 5386 ἀπολέσῃ.
3331 5314 3474 5382 Ἐγὼ
3515 5309 3722 5404 ἦλθον.)

2126 5419 2213 5472 ἵνα
2271 5414 2415 5486 ζωὴν
2475 5413 2640 5483 ἐχωσι
2666 5451 2681 5475 ,
2728 5410 2821 5464 καὶ
2873 5407 3130 5479 περισσὸν
3185 5407 3400 5477 ἔχωσιν.
3438 5423 3456 5456 ι
3492 5403 3695 5458 Οὐκοῦν

2125 5509 2519 5576 ἀναστήσονται
2559 5504 2658 5572 μὲν
2691 5502 2954 5566 ἅπαντες,
3000 5500 3226 5570 πονηροί
3257 5515 3318 5551 τε
3356 5497 3451 5551 καὶ
3480 5495 3698 5563 ἀγαθοὶ,

2125 5599 2238 5654 ἀλλ’
2277 5599 2338 5651 οὺ
2365 5597 2564 5658 πάντες
2591 5595 2775 5665 ἔχουσι
2819 5611 2836 5644 ι
2875 5593 2937 5644 τὸ
2959 5590 3234 5662 περιττόν.
3289 5607 3308 5640 ›
3349 5589 3412 5641 Οἱ
3455 5587 3554 5658 μὲν
3592 5586 3703 5657 γὰρ

506 5789 548 5830 ’⁸
579 5793 777 5855 Ειεοίι.
810 5808 994 5862 xxxxv,
1025 5791 1117 5853 23.
1197 5791 1217 5823 ³
1249 5787 1387 5846 Psal.
1427 5801 1573 5854 XLVI,
1605 5784 1693 5839 10.
1769 5783 1792 5817 ⁸
1814 5782 1992 5840 Calai.
2019 5798 2020 5801 ‘

2124 5781 2197 5836 id.
2268 5777 2473 5846 ,³1οιιιι.
2512 5792 2588 5842 χι,
2621 5777 2710 5831 25.
2793 5775 2811 5805 ⁸
2840 5770 2992 5829 Joan.
3033 5769 3197 5836 κιο.

1137 5892 1159 5921 ⁵.
