4094 6454
370 349 445 406 ετ
1086 322 1087 325 γ
1308 351 1867 414 COMMENTARIUS
1901 357 1974 415 IN
2008 360 2241 417 05mm
2291 360 2741 419 PROPHETAM.
3598 358 3665 415 ss

369 466 480 520 οὐκ
513 466 670 529 ὄντες
701 462 965 538 Χριστοῦ,
999 464 1089 520 διὰ
1113 464 1175 519 τὸ
1207 468 1317 532 τοῖς
1336 467 1437 539 τῆς
1466 467 1752 534 ἀπειθείας
1779 471 1947 543 ἐγκλὴ

2086 477 2336 547 tcgritate
2368 483 2652 546 praestant,
2682 482 2881 543 praeter
2912 484 3261 527 communem
3302 478 3663 527 resurrectio-

375 573 552 627 μασιν
581 556 1012 629 ἐνειλημμένους
1032 558 1285 629 ὁρᾶσθαι,
1323 559 1555 614 Θανάτου
1588 561 1963 631 χαλεπωτέραι

2082 584 2206 623 nem
2278 577 2334 623 et
2386 567 2622 621 reditum
2681 567 2735 620 in
2775 566 2976 629 vitam,
3028 564 3190 634 plane
3240 563 3665 635 habebuntqum

368 648 478 719 τὴν
508 648 569 701 ἐν
588 647 922 712 τελευταίοις
950 648 1138 714 ἕξουσι
1158 649 1327 721 ζωήν.
1368 651 1714 707 Ἀποτίσουσι
1742 654 1852 726 γὰρ
1892 655 1979 709 λό-

369 756 513 807 γους
539 740 639 794 καὶ⁵
665 740 775 793 τῶν
803 741 1187 811 ὲπταισμένων
1243 743 1340 796 καὶ
1364 744 1464 815 τῆς
1495 744 1801 810 ἀπειθείας.
1825 746 1890 801 Οί
1915 748 1975 802 δέ

368 848 437 898 γε
467 831 628 895 ὄντες
661 832 855 899 αὐτοῦ,
884 835 981 887 καὶ
1022 834 1137 888 ὅσοι
1169 834 1265 889 τοῦ
1308 836 1622 906 πνεύματος
1665 839 1976 911 οἰκειότητα

367 921 474 990 τὴν
509 922 653 994 πρὸς
678 923 812 977 Θεὸν
842 924 1309 997 πεπλουτηκότες,
1348 928 1445 981 καὶ
1473 928 1670 997 ἀγαθοὶ
1695 933 1818 994 τοὺς
1848 932 1976 1003 τρό-

366 1030 537 1077 πους,
575 1015 718 1085 πρὸς
762 1019 829 1087 τῇ
882 1017 1180 1072 ἀναστάσει
1210 1022 1277 1090 τῇ
1332 1024 1509 1092 κοινῇ,
1553 1022 1648 1075 καὶ
1684 1022 1761 1093 τῷ
1790 1023 1976 1077 παλιν-

361 1104 649 1177 δρομῆσαι
673 1108 812 1178 πρὸς
848 1107 1015 1179 ζωὴν,
1068 1111 1246 1183 πάντη
1276 1129 1337 1165 τε
1383 1113 1485 1166 καὶ
1537 1114 1756 1179 πάντως
1788 1114 1972 1183 ἕξουσι

361 1197 440 1250 τὰ
469 1199 742 1269 ἑπόμενα,
779 1203 1053 1271 τουτέστι,
1078 1204 1149 1257 τὰ
1177 1203 1347 1275 δῶρα,
1373 1205 1483 1270 τὰς
1497 1207 1687 1278 τιμὰς,
1715 1209 1841 1272 τοὺς
1860 1226 1975 1262 στε·

361 1288 603 1357 φάνους,
634 1292 736 1357 τάς
761 1294 1017 1364 ἀμοιϐὰς,
1047 1296 1147 1366 τὴν
1187 1295 1566 1370 λαμπρότητα.
1619 1300 1730 1353 Καὶ
1762 1317 1972 1373 μαρτυ-

362 1380 540 1450 ρήσει
572 1380 751 1451 λέγων
773 1384 802 1435 6
835 1384 1070 1449 Παῦλος,
1099 1405 1117 1437 ι
1152 1386 1286 1440 Ἰδοὺ
1315 1390 1612 1461 μυστήριον
1637 1392 1764 1461 ὑμῖν
1791 1391 1933 1457 λέγω
1954 1411 1969 1427 ο

361 1471 590 1536 Πάντες
626 1475 727 1545 μὲν
754 1476 817 1528 οὐ
856 1477 1339 1549 κοιμηθησόμεθαο
1389 1481 1437 1534 oi
1483 1481 1685 1545 πάντες
1720 1482 1777 1536 δὲ
1809 1483 1972 1537 ἀλλα-

356 1561 682 1635 γησόμεθα,
735 1567 795 1620 ὲν
841 1566 1054 1638 ἀτόμῳ,
1112 1569 1171 1622 ὲν
1228 1571 1366 1642 ῥιπῇ
1430 1569 1734 1642 ὀφθαλμοῦ,
1801 1575 1860 1627 ἐν
1900 1576 1967 1645 τῇ

356 1656 582 1728 ἐσχάτῃ
623 1657 909 1727 σάλπιγγιο
944 1659 1199 1714 σαλπίσει
1234 1661 1364 1732 γὰρ,
1388 1662 1484 1716 καὶ
1503 1664 1553 1715 οἱ
1584 1664 1770 1735 νεκροὶ
1808 1666 1969 1736 ἐγερ-

2078 670 2504 729 consequuntur,
2562 659 2666 713 hoc
2726 667 2829 726 est,
2883 658 3048 723 dona,
3101 656 3359 725 honores,
3406 671 3665 722 coronas,

2078 750 2564 816 remunerationes,
2596 749 2903 806 claritatem
2926 788 2942 814 ,
2975 748 3119 818 quod
3164 747 3364 803 Paulus
3406 748 3665 804 testiﬁca-

2078 850 2212 897 tur:
2243 859 2263 894 ι
2311 842 2452 898 Ecce
2516 842 2841 913 mysterium
2899 855 3000 912 ego
3052 841 3210 897 vobis
3260 840 3665 896 dico:0mnes

2075 932 2297 1003 quidem
2345 948 2451 989 non
2497 934 2850 1000 dormiemus,
2885 948 3073 989 omnes
3117 945 3298 988 autem
3351 932 3663 988 immutabi-

2076 1041 2218 1091 mur,
2275 1028 2330 1081 in
2381 1037 2691 1093 momento,
2738 1028 2795 1081 in
2866 1028 2973 1082 ictu
3020 1028 3208 1091 oculi,
3250 1027 3303 1080 in
3367 1025 3662 1080 novissima

2078 1118 2202 1172 tuba
2241 1136 2255 1172 :
2286 1128 2448 1174 canet
2478 1120 2624 1175 enim
2661 1119 2813 1184 tuba,
2842 1128 2897 1174 et
2932 1119 3134 1175 mortui
3172 1127 3454 1188 resnrgent
3480 1119 3662 1171 incor-

2075 1209 2240 1277 rupti,
2270 1218 2325 1265 et
2351 1224 2454 1264 nos
2489 1210 2900 1267 immutabimur
2921 1212 2999 1263 ⁷.»
3032 1209 3428 1279 lnquitigitur:
3459 1208 3662 1261 Ascen-

2028 1350 2035 1357 .
2074 1299 2202 1353 dent
2245 1301 2314 1356 de
2359 1310 2501 1356 terra
2530 1342 2546 1367 ,
2592 1303 2696 1359 hoc
2735 1312 2853 1364 est,
2907 1311 3216 1355 sanctorum
3256 1301 3421 1354 vitam
3474 1310 3527 1352 et
3563 1299 3662 1366 ipsi

2074 1393 2278 1458 vivent,
2330 1395 2453 1463 quia
2503 1410 2729 1463 magnus
2769 1395 2884 1449 dies
2934 1392 3168 1447 Jezrael.
3253 1392 3473 1460 Magnus
3516 1390 3660 1444 enim

2074 1498 2262 1537 revera
2296 1485 2411 1541 dies
2439 1483 2666 1550 Christi,
2696 1500 2802 1553 quo
2835 1499 3025 1538 omnes
3058 1484 3165 1536 vita
3199 1483 3417 1537 functos
3451 1482 3661 1535 excita-

2071 1574 2171 1631 bit.
2212 1576 2278 1631 Et
2316 1577 2607 1632 descendet
2636 1578 2858 1647 quidem
2903 1578 2970 1631 de
3016 1576 3153 1631 ctelo
3177 1615 3192 1641 ,
3229 1573 3442 1630 sedebit
3474 1582 3659 1627 autem

2071 1683 2237 1738 super
2288 1669 2483 1723 throno
2535 1669 2720 1737 glorise
2775 1683 2908 1733 suat,
2964 1684 2983 1718 ι
3022 1676 3077 1722 et
3127 1666 3317 1720 reddet
3368 1664 3660 1733 unicuique

356 1745 635 1818 θήσονται
708 1748 1006 1821 ἄφθαρτοι,
1075 1751 1172 1805 καὶ
1220 1753 1379 1823 ἡμεῖς
1435 1754 1879 1824 ἀλλαγησόμεθα.
1942 1776 1962 1809 ι

2067 1759 2218 1827 juxta
2245 1774 2410 1827 opera
2438 1760 2610 1813 θυοδ.»
2644 1760 2796 1826 Quod
2825 1760 2869 1816 si
2898 1760 3023 1828 quis
3051 1773 3145 1828 per
3179 1758 3321 1811 diem
3356 1755 3659 1826 intelligere

368 1838 779 1911 ’Δναϐἡσονται
821 1841 1041 1909 τοίνυν,
1103 1843 1259 1913 φησὶ,
1305 1844 1420 1897 ἀπὸ
1478 1844 1576 1915 τῆς
1618 1847 1754 1916 γῆς,
1808 1863 1963 1900 τοῦτ--

2071 1853 2224 1907 malit
2271 1862 2484 1923 tempus
2528 1855 2817 1919 adventus,
2854 1869 2961 1923 quo
3009 1852 3261 1908 remissio
3308 1859 3658 1921 peccatorum

353 1928 510 1996 ἐστι,
558 1931 659 2003 τὴν
723 1932 835 1986 τῶν
878 1933 1051 2002 ἁγίων
1096 1934 1192 1988 καὶ
1237 1934 1393 1988 αὐτοὶ
1456 1934 1714 2006 ζὴσονται
1782 1938 1962 2011 ζωὴν,

2071 1944 2275 2000 tributa
2318 1955 2402 2001 est
2437 1961 2467 1999 a
2514 1946 2736 2002 Christo
2779 1945 2986 2001 Graecis
3015 1954 3071 2001 et
3117 1943 3338 2007 ludatis,
3374 1952 3429 1997 et
3463 1942 3552 2011 qui
3604 1941 3656 1993 in

350 2023 445 2077 ὅτι
482 2025 700 2096 μεγάλη
731 2026 767 2097 ἡ
796 2025 985 2097 ἡμέρα
1016 2025 1111 2081 τοῦ
1156 2026 1417 2099 Ἰεζραὲλ.
1456 2029 1685 2101 Μεγάλη
1734 2030 1843 2101 γὰρ
1875 2031 1963 2083 ὃν·

2068 2034 2244 2103 ipsum
2289 2045 2684 2103 peccaverunt,
2724 2038 2888 2092 etiam
2935 2037 3023 2091 hic
3071 2052 3098 2089 a
3132 2036 3222 2089 via
3256 2034 3500 2088 veritatis
3550 2048 3657 2085 non

348 2132 472 2180 τως
500 2116 537 2187 ἡ
569 2116 755 2188 ἡμέρα
782 2116 1049 2188 Χριστοῦ,
1092 2117 1215 2172 καθ’
1247 2119 1313 2191 ἣν
1343 2118 1589 2183 ἅπαντας
1620 2122 1805 2191 ἐγερεῖ
1835 2121 1963 2187 τοὺς

2070 2127 2369 2182 aberrabit.
2422 2127 2557 2182 Nam
2592 2138 2646 2183 et
2678 2128 2845 2182 David
2882 2129 2960 2183 sic
2997 2131 3063 2182 de
3110 2137 3351 2195 tempore
3394 2127 3659 2181 adventus

349 2208 616 2279 νεκρούς.
658 2209 770 2263 Καὶ
811 2210 1185 2283 καταϐήσεται
1225 2211 1326 2282 μὲν
1365 2211 1426 2279 ἐξ
1453 2213 1705 2283 οὐρανοῦ,
1750 2214 1963 2268 καθίσει

2069 2217 2296 2286 loquens
2325 2218 2401 2273 ait
2428 2237 2441 2275 :
2469 2238 2486 2270 ι
2516 2218 2641 2274 Haec
2664 2220 2803 2285 dies,
2824 2235 2984 2287 quam
3012 2218 3140 2273 fecit
3166 2220 3448 2284 Dominus,
3479 2215 3658 2270 exsul—

346 2301 414 2356 δὲ
451 2302 550 2356 ἐπὶ
590 2302 783 2375 θρόνου
811 2303 973 2377 δόξης
1003 2304 1194 2360 αὐτοῦ.
1232 2324 1251 2357 ι
1292 2306 1402 2361 Καὶ
1439 2305 1711 2361 ἀποδώσει
1746 2308 1963 2379 ἑκάστῳ

2069 2320 2245 2368 temns
2276 2320 2330 2367 et
2362 2314 2608 2367 ltetemur
2642 2315 2695 2367 in
2724 2314 2836 2368 ea.’
2864 2332 2883 2365 ι

348 2394 508 2449 κατά
545 2394 617 2449 τὰ
663 2394 803 2467 ἔργα
850 2395 1041 2451 αὑτοῦ.
1097 2416 1117 2450 ι
1183 2396 1247 2451 Ei
1290 2397 1349 2451 δὲ
1393 2398 1457 2469 δὴ
1503 2398 1748 2468 βούλοιτό
1795 2417 1879 2464 τις
1941 2402 2155 2472 ἡμέραν
2216 2405 2360 2457 νοεῖν
2414 2404 2504 2457 τὸν
2576 2405 2676 2476 τῆς
2737 2404 3037 2475 ἐπιδημίας
3094 2403 3309 2475 καιρὸν,
3362 2401 3485 2456 καθ’
3515 2401 3573 2454 ὃν
3624 2402 3657 2470 ἡ

347 2484 564 2555 ἄφεσις
594 2485 705 2540 τῶν
725 2488 1141 2560 ἡμαρτημένων
1163 2490 1347 2544 δέδοτο
1389 2490 1542 2562 παρὰ
1567 2492 1808 2561 Χριστοῦ
1832 2494 2060 2566 Ἕλλησί
2078 2514 2138 2550 τε
2178 2498 2272 2550 καὶ
2312 2498 2608 2564 Ἰουδαίοις,
2641 2500 2736 2552 καὶ
2764 2502 2879 2562 τοῖς
2943 2499 3024 2562 εἰς
3096 2498 3260 2552 αὑτὸν
3328 2496 3658 2566 πεπλημμε-

344 2576 575 2650 ληκόσι,
601 2578 837 2631 κατευθὺ
864 2581 961 2633 καὶ
998 2573 1152 2644 οὗτος
1175 2581 1283 2633 τῶν
1315 2582 1416 2651 τῆς
1456 2582 1713 2653 ἀληθείας
1753 2582 2018 2653 βαδιεῖται
2080 2585 2275 2655 λόγων.
2310 2586 2473 2643 Οὕτω
2533 2588 2629 2641 καὶ
2662 2589 2690 2640 6
2724 2589 2889 2641 Δαϐὶδ
2955 2589 3057 2659 τῆς
3098 2586 3191 2641 τοῦ
3219 2586 3470 2657 Σωτῆρος
3500 2584 3657 2656 ἡμῶν

342 2670 657 2742 ἐπιδημίας
694 2672 787 2727 τὸν
835 2672 1028 2743 καιρὸν
1068 2673 1353 2743 ὑποφαίνει
1408 2675 1616 2744 λέγων·
1667 2693 1686 2727 ι
1727 2674 1877 2746 Αὕτη
1920 2679 1951 2748 ἡ
1993 2678 2175 2750 ἡμέρα
2235 2679 2302 2751 ἢν
2358 2679 2617 2752 ἐποίησεν
2658 2681 2688 2734 6
2749 2679 2977 2751 Κύριος,
3029 2679 3510 2751 ἀγαλλιασώμεθα,
3559 2677 3656 2733 καὶ

342 2765 763 2838 εὐφρανθῶμεν
792 2769 852 2821 ὲν
876 2768 1040 2840 αὐτῇ.
1079 2788 1100 2821 ι

969 2858 1227 2914 ΚΕΦΑΛ.
1279 2859 1356 2914 B'.

2664 2862 2768 2933 31
2796 2860 2953 2917 CAP.
2993 2860 3058 2915 ll.

2140 2951 2304 3005 Vens.
2336 2951 2389 3005 Ι.
2434 2949 2604 3005 Dicite
2648 2951 2808 3019 fratri
2856 2960 3048 3016 vestro,
3096 2947 3332 3016 Populus
3377 2970 3551 3021 meus,
3605 2965 3654 3012 et

2067 3043 2236 3096 sorori
2272 3052 2479 3109 vestrm,
2514 3040 2939 3094 Misericordiam
2974 3050 3269 3096 consecuta.

2136 3133 2203 3186 Χ.
2236 3132 2406 3187 Dictis
2465 3131 2569 3186 ista
2606 3132 2881 3201 subjicere
2922 3131 3145 3186 omnino
3183 3133 3445 3202 oportuit.
3492 3134 3654 3189 Post-

2063 3238 2224 3293 quam
2245 3223 2391 3277 enim
2420 3222 2576 3283 dixit,
2601 3222 2702 3276 sub
2727 3236 2836 3275 uno
2858 3221 3163 3292 principatu
3190 3235 3381 3277 omnes
3412 3222 3655 3293 futuros,

2065 3315 2281 3370 nemine
2334 3313 2387 3368 in
2440 3320 2719 3383 posterum
2760 3312 2829 3366 ad
2876 3311 3202 3367 discordiam
3251 3312 3543 3371 dirimente
3590 3331 3654 3372 ac

2071 3408 2382 3473 divellente,
2412 3406 2595 3477 potius
2633 3404 2943 3460 animorum
2977 3405 3336 3461 consensione
3365 3405 3652 3464 dominan-

2064 3511 2146 3568 te,
2184 3509 2240 3555 et
2290 3500 2358 3555 ad
2413 3498 2675 3554 unionem
2721 3497 2776 3553 in
2821 3496 3018 3568 Spiritu
3094 3496 3221 3561 ﬁdei
3268 3497 3323 3553 in
3372 3496 3653 3553 Christum

2061 3606 2253 3649 omnes
2300 3589 2629 3660 colligente,
2695 3589 2764 3643 de
2813 3599 3011 3643 caetero
3057 3592 3374 3643 necessario
3426 3588 3652 3659 spiritus

2056 3684 2239 3753 jussit,
2268 3684 2372 3739 ﬁde
2392 3684 2504 3753 jam
2540 3682 2817 3751 praeditos,
2848 3688 2909 3736 el.
2940 3681 3040 3735 sub
3082 3680 3359 3736 Christum
3422 3680 3652 3750 subjun-

2065 3787 2208 3842 ctos,
2232 3792 2338 3833 non
2364 3775 2600 3844 amplius
2618 3773 2857 3830 studium
2886 3772 3037 3843 pacis
3064 3788 3191 3843 erga
3216 3773 3336 3829 illos
3362 3774 3651 3844 repellere,

2061 3869 2153 3938 qui
2191 3868 2315 3939 jure
2357 3867 2536 3922 vocati
2587 3867 2698 3922 sint
2737 3864 2967 3935 populus
3007 3879 3184 3933 meus,
3227 3875 3282 3921 et
3335 3867 3650 3923 misericor-

2060 3960 2206 4014 diam
2235 3966 2557 4013 consecuta.
2592 3957 2888 4025 Postquam
2920 3956 3065 4011 enim
3106 3958 3275 4013 semel
3321 3956 3487 4014 Israel
3531 3975 3652 4015 sus-

2061 4059 2250 4119 ceptus
2277 4057 2384 4114 est,
2414 4046 2909 4114 remissionemque
2940 4048 3277 4115 impetravit,
3306 4058 3361 4101 et
3391 4048 3459 4103 ad
3491 4050 3651 4104 Chri-

2063 4152 2205 4195 stum
2247 4154 2307 4196 se
2354 4138 2638 4209 adjunxit,
2676 4152 2786 4207 quo
2834 4145 2996 4207 pacto
3030 4136 3207 4191 adhuc
3249 4137 3547 4203 dissidere,
3596 4147 3651 4193 et

415 2947 655 3002 Ειπατε
704 2947 789 3014 τῷ
830 2946 1074 3018 ἀδελφῷ
1127 2949 1316 3018 ὑμῶν,
1348 2950 1509 3017 Λαός
1543 2968 1687 3023 μου,
1735 2951 1837 3007 καί
1883 2950 1960 3022 τῇ

339 3035 602 3107 ἁδελφῇ
629 3036 819 3107 ὑμῶν,
862 3037 1214 3107 Ἠλεημένη.

419 3130 487 3183 l'.
556 3128 903 3198 Ἀναγκαίως
961 3130 1167 3202 σφόδρα
1213 3131 1327 3194 τοῖς
1385 3130 1488 3204 ἡδη
1540 3134 1963 3205 προειρημένοις

344 3220 619 3293 ἐπιφέρει
651 3221 748 3275 καὶ
775 3219 969 3274 ταῦτα.
1028 3221 1249 3294 Ἐπειδὴ
1281 3221 1392 3295 γὰρ
1425 3222 1670 3296 εἴρηκεν,
1724 3226 1800 3289 ὡς
1854 3227 1963 3280 ὑπὸ

345 3313 493 3384 μίαν
526 3312 749 3367 ἔσονται
782 3313 983 3377 πάντες
999 3313 1198 3385 ἀρχὴν,
1215 3314 1431 3379 οὐδενὸς
1446 3316 1527 3369 ἔτι
1544 3317 1961 3389 διατειχίζοντος

341 3408 379 3477 ἢ
393 3403 791 3476 διατέμνοντος
802 3405 882 3467 είς
896 3403 1184 3476 διχόνοιαν,
1210 3407 1523 3479 κρατούσης
1536 3407 1595 3461 δὲ
1622 3409 1823 3480 μᾶλλον
1838 3410 1866 3463 6
1872 3426 1964 3481 μο-

342 3498 587 3569 ψυχίας,
617 3497 714 3551 καὶ
731 3497 813 3561 είς
845 3496 1076 3568 ἑνότητα
1099 3497 1201 3569 τὴν
1219 3499 1278 3552 ὲν
1300 3497 1574 3571 πνεύματι
1591 3499 1963 3573 συλλεγούσης

341 3590 614 3650 ἅπαντας
645 3587 746 3657 τῆς
777 3588 859 3651 είς
877 3587 1115 3659 Χριστὸν
1148 3588 1405 3655 πίστεως,
1434 3589 1622 3644 λοιπὸν
1645 3592 1960 3661 ἀναγκαίως

340 3680 409 3733 τὸ
432 3677 661 3749 πνεῦμα
686 3677 1029 3749 προστέταχε
1053 3681 1167 3743 τοῖς
1184 3679 1285 3752 ἡδη
1314 3680 1415 3752 τὴν
1434 3681 1617 3737 πίστιν
1646 3682 1957 3753 πεπλουτη-

310 3784 318 3790 ‘
345 3769 610 3833 κόσι,καὶ
637 3768 919 3837 γεγονόσιν
936 3768 1041 3821 ὑπὸ
1066 3769 1308 3840 Χριστῷ,
1327 3770 1527 3842 μηκέτι
1548 3772 1648 3843 τὴν
1664 3771 1801 3843 πρὸς
1814 3772 1961 3825 ὲκεί-

342 3878 484 3923 νους
516 3859 1115 3931 είρὴνηνὶάποσείεσθαι
1142 3860 1340 3929 φιλεῖν,
1366 3861 1415 3913 οἳ
1435 3862 1663 3926 δικαίως
1693 3862 1960 3933 κέκληντο

355 3953 428 4006 ’Υ
441 3951 581 4015 λαός
610 3966 736 4021 μου,
754 3950 852 4005 καὶ¹
885 3950 1214 4023 Ἠλεημένη.
1236 3952 1662 4025 Είσδεδεγμένου
1679 3953 1788 4025 γὰρ
1810 3954 1957 4022 ἅπαξ

344 4046 449 4100 τοῦ
501 4046 744 4118 Ἰσραὴλ,
768 4047 865 4100 καὶ
897 4048 1267 4118 νομισαμένου
1300 4048 1402 4119 τὴν
1430 4049 1646 4117 ἄφεσιν,
1673 4050 1768 4102 καὶ
1795 4065 1959 4118 γεγο-

344 4139 512 4202 νότος
532 4138 641 4192 ὑπὸ
679 4138 925 4212 Χριστῷ,
959 4140 1078 4203 πῶς
1104 4136 1171 4209 ἦν
1219 4140 1513 4195 ἀκόλουθον
1546 4140 1808 4212 διχονοεῖν
1854 4142 1954 4208 ἔτι,

345 4229 449 4283 καὶ
484 4229 608 4300 οὐχὶ
634 4228 701 4301 δὴ
730 4230 934 4301 μᾶλλον
957 4232 1014 4283 ὲν
1042 4231 1270 4302 ὁμονοίᾳ
1288 4232 1559 4285 διατελεῖν
1588 4234 1718 4296 τοὺς
1755 4234 1839 4287 ἐνὶ
1880 4232 1960 4303 τῷ

2067 4247 2170 4287 non
2215 4233 2395 4300 potius
2429 4228 2485 4286 in
2529 4228 2826 4285 concordia
2872 4237 3154 4298 perstare,
3209 4228 3263 4282 in
3303 4243 3411 4282 uno
3460 4229 3650 4296 spiritu

343 4324 455 4392 τῆς
487 4320 766 4385 υἱοθεσίας
810 4320 1084 4392 πνεύματι
1132 4323 1505 4394 κεκλημένους
1547 4325 1628 4388 εἰς
1657 4324 1958 4396 ἀδελφότη-

2067 4322 2373 4393 adoptionis
2428 4321 2663 4376 ﬁliorum
2716 4320 2811 4375 Dei
2858 4320 2927 4374 ad
2979 4318 3377 4374 fraternitatem
3430 4329 3650 4373 vocatus

342 4429 461 4480 'za;
497 4408 573 4466 Ὦ
600 4413 806 4481 τοίνυν,
828 4414 1018 4486 φησὶν,
1050 4416 1099 4467 οἱ
1138 4414 1318 4468 πίστει
1339 4417 1405 4487 τῇ
1441 4418 1523 4479 είς
1538 4413 1775 4487 Χριστὸν
1800 4416 1956 4470 ὲκλε-

2067 4423 2489 4468 cousentaneunt
2550 4410 2692 4465 fuit?
2740 4408 2920 4480 lnquit
2973 4423 3105 4479 ergo
3145 4427 3159 4464 :
3203 4410 3247 4464 Ο
3290 4409 3381 4478 qui
3436 4408 3539 4463 ﬁde
3596 4410 3648 4463 in

344 4504 806 4578 λαμπρυσμένοι,
834 4505 932 4559 καὶ
955 4504 1026 4558 τὰ
1056 4505 1154 4576 τῆς
1176 4506 1533 4577 γνησιότητος
1572 4506 1830 4578 λαχόντες
1856 4508 1956 4561 αὺ-

2067 4506 2340 4561 Christum
2389 4502 2681 4558 illuminati
2724 4514 3221 4571 germanorumque
3265 4500 3499 4555 ﬁliorum
3530 4501 3646 4571 glo-

348 4599 611 4671 χήματα,
647 4598 729 4669 τῷ
770 4596 988 4668 ἀδελφῷ
1042 4596 1219 4669 ὑμῶν,
1286 4596 1366 4669 τῷ
1412 4597 1582 4652 πάλαι
1612 4598 1837 4663 δικαίως
1880 4599 1954 4652 Οὐ

348 4690 490 4754 λαός
519 4707 626 4760 μου
656 4687 1006 4761 κεκλημένῳ,
1019 4688 1208 4759 λέγετε
1229 4690 1414 4745 λοιπὸν
1426 4688 1660 4757 τὸ,Λαός
1692 4707 1793 4760 μου
1813 4706 1827 4721 ·
1858 4690 1956 4745 καὶ

346 4786 420 4855 τῇ
486 4782 693 4854 ἀδελφῇ
735 4782 913 4854 ὑμῶν,
985 4785 1051 4854 τῇ
1108 4783 1222 4837 Οὐκ
1265 4783 1567 4855 ἡλεημένη,
1630 4782 1818 4851 λέγετε
1873 4782 1957 4849 τὸ,

328 4863 682 4946 Ἠλεημένη.
706 4875 821 4929 Kal.
850 4874 962 4946 γάρ
987 4876 1138 4928 ἐστιν
1179 4876 1499 4943 ἀναγκαῖον,
1536 4873 1599 4928 σύ
1609 4891 1854 4946 μφρονας
1880 4874 1959 4945 τῷ

346 4965 612 5038 At:an
643 4967 772 5031 τοὺς
802 4966 907 5019 ὑπὸ
930 4968 1089 5038 χεῖρα
1120 4966 1408 5034 φαίνεσθαι
1440 4966 1625 5031 λαοὺς,
1651 4967 1748 5021 καὶ
1785 4966 1959 5021 ταὺτά

2065 4599 2202 4653 riam
2234 4597 2413 4652 sortiti
2454 4596 2613 4659 estis,
2645 4593 2797 4648 fratri
2832 4602 3036 4658 vestro,
3075 4595 3168 4662 qui
3221 4594 3495 4662 quondam
3536 4609 3648 4652 mc—

2067 4689 2193 4756 rito,
2228 4687 2345 4743 Non
2363 4686 2592 4757 populus
2625 4699 2802 4750 meus,
2835 4685 3154 4751 vocabatur,
3180 4685 3343 4740 dicite
3391 4687 3648 4741 tandem:

2067 4779 2303 4849 Populus
2342 4792 2528 4846 meus;
2564 4786 2619 4832 et
2656 4776 2833 4832 sorori
2869 4785 3087 4840 vestrm,
3129 4790 3249 4845 quae
3277 4775 3393 4830 Non
3440 4776 3649 4831 miseri-

2067 4871 2308 4926 cordiam
2355 4878 2682 4935 consecuta,
2727 4866 2891 4923 dicite
2921 4884 2935 4920 :
2964 4865 3400 4921 Misericordiam
3460 4880 3647 4920 conse-

2065 4974 2212 5018 cuta.
2261 4960 2503 5032 Subjecti
2546 4961 2693 5017 enim
2739 4974 2864 5016 cum
2910 4958 3143 5015 Domino
3184 4958 3472 5014 sententiis
3517 4972 3647 5013 con-

2065 5068 2261 5124 gruere
2291 5056 2573 5109 videantur
2611 5065 2837 5108 necesse
2883 5060 3003 5118 est,
3038 5060 3094 5104 et
3124 5050 3312 5105 eadem
3361 5048 3499 5102 velle
3533 5062 3647 5115 quat

2065 5154 2243 5216 pater,
2274 5144 2335 5210 ii,
2366 5143 2459 5215 qui
2489 5142 2544 5197 in
2573 5142 2836 5197 unitatem
2877 5141 3114 5196 ﬁliorum
3158 5154 3255 5209 per
3284 5137 3513 5209 gratiam
3552 5151 3647 5189 vo-

2065 5237 2175 5293 cati
2209 5244 2361 5303 sunt;
2390 5243 2447 5290 et
2488 5234 2666 5290 laetari
2697 5233 2868 5304 magis
2889 5274 2905 5298 ,
2941 5232 3180 5288 salvatas
3219 5245 3340 5287 esse
3388 5228 3647 5297 reliquias

2066 5330 2258 5396 Israel,
2292 5338 2347 5385 et
2375 5329 2466 5399 qui
2499 5328 2627 5383 olim
2654 5336 2880 5398 propter
2911 5339 3166 5397 magnam
3203 5319 3648 5378 incredulitatem

2071 5420 2254 5489 rejecti
2286 5419 2521 5486 fuerant,
2545 5432 2690 5473 nunc
2719 5416 3014 5483 admissos,
3037 5424 3094 5471 et
3121 5418 3188 5469 de
3210 5421 3410 5468 caetero
3437 5411 3648 5466 sancti-

2072 5512 2260 5566 ﬁcatos
2288 5526 2409 5568 esse
2444 5513 2498 5569 in
2526 5513 2774 5576 Christo,
2810 5526 2906 5581 per
2939 5522 3124 5577 quem,
3170 5512 3226 5561 et
3254 5518 3377 5558 cum
3409 5518 3517 5573 qtto
3546 5504 3649 5557 llco

2073 5612 2127 5655 et
2161 5601 2308 5656 Patri
2336 5604 2528 5674 gloria,
2556 5619 2679 5661 cum
2707 5612 2897 5661 sancto
2924 5600 3125 5670 Spiritu
3160 5599 3214 5655 in
3248 5596 3442 5654 satcula
3475 5610 3646 5651 διορυ-

2072 5697 2267 5749 lorum.
2313 5694 2506 5751 Amen.

350 5056 654 5131 βούλεσθαι
685 5057 763 5128 τῷ
802 5057 995 5129 πατρὶ,
1036 5058 1164 5121 τοὺς
1206 5058 1287 5121 είς
1321 5057 1550 5129 ἑνότητα
1585 5058 1958 5129 κεκλημένους

342 5152 441 5206 διὰ
472 5150 580 5221 τῆς
615 5151 875 5222 χάριτος·
917 5149 1145 5221 ἥδεσθαί
1189 5167 1250 5204 τε
1291 5151 1513 5221 μᾶλλον,
1555 5151 1639 5205 ὅτι
1686 5150 1958 5205 σέσωσται

343 5246 411 5299 τὸ
436 5244 801 5316 κατάλειμμα
850 5243 959 5298 τῶν
1002 5243 1064 5309 ἐξ
1108 5242 1348 5315 Ἰσραὴλ,
1397 5243 1493 5298 καὶ
1542 5245 1592 5296 οἱ
1642 5242 1812 5296 πάλαι
1871 5241 1960 5296 διὰ

349 5336 564 5407 πολλὴν
600 5335 888 5392 ἀπείθειαν
910 5336 1316 5408 ἀπερριμμένοι
1353 5332 1449 5390 νῦν
1473 5334 1731 5403 γεγόνασι
1752 5333 1956 5399 δεκτοὶ,

349 5430 453 5483 καὶ
490 5427 817 5501 ἡγιασμένοι
856 5428 1043 5482 λοιπὸν
1087 5428 1146 5483 ὲν
1186 5426 1433 5499 Χριστῷ,
1480 5425 1548 5480 δι’
1575 5420 1657 5492 οὗ,
1700 5425 1798 5481 καὶ
1838 5426 1958 5497 μεθ’

347 5513 417 5573 οὗ
437 5520 523 5590 τῷ
550 5520 672 5590 Θεῷ
692 5521 789 5574 καὶ
830 5521 1007 5590 Πατρὶ
1044 5521 1079 5590 ἡ
1125 5518 1271 5585 δόξα,
1336 5519 1433 5572 σὺν
1482 5517 1561 5588 τῷ
1600 5517 1742 5588 ἁγίῳ
1789 5517 1962 5571 Πνεῦ-

353 5631 519 5686 ματι,
540 5614 624 5678 είς
643 5614 773 5676 τοὺς
803 5612 1010 5676 αἰῶνας
1036 5612 1147 5666 τῶν
1182 5613 1418 5666 αἰώνων.
1458 5611 1653 5683 Ἀμήν.

430 5817 451 5849 '
482 5814 505 5873 l
531 5816 658 5875 Cor.
685 5832 774 5883 xv,
804 5817 891 5879 51,
934 5815 1024 5873 52.
1102 5816 1125 5848 ³
1161 5814 1352 5873 Matth.
1387 5829 1497 5881 xvi,
1528 5814 1617 5869 27.
1696 5815 1715 5845 '
1752 5812 1894 5868 Psal.
1918 5828 2088 5880 cxvii,
2120 5813 2209 5871 24.
