4094 6480
441 358 511 417 59
1469 354 1528 414 S.
1567 354 1845 415 CYRILLI
1882 356 2360 415 ALEXANDRINJ
2395 354 2717 414 ARCHIEP.
3632 365 3704 424 σο

666 501 1071 596 TOMUS
1143 506 1800 602 SECUNDUS.

512 712 676 771 Vens.
719 716 773 771 2.
819 716 1042 787 Litigate
1069 736 1185 774 cum
1220 731 1387 777 matre
1413 734 1614 789 vestra,
1648 725 1869 795 titigate,
1893 726 2017 795 quia

437 802 553 872 ipsa
581 824 683 861 nou
717 824 851 862 uxor
883 826 1019 876 mea,
1045 821 1091 864 et
1118 828 1210 882 ego
1245 828 1350 867 non
1379 814 1458 868 vir
1490 814 1628 885 ejus.

511 955 601 1011 XI.
642 957 776 1012 Cum
815 961 965 1028 prius
1000 961 1247 1028 dixisset,
1288 963 1547 1032 reiectum
1586 967 1651 1020 iri
1694 967 1884 1032 lsrael,
1914 983 2017 1025 nee

440 1049 742 1115 immerito,
780 1060 835 1105 et
869 1053 1089 1123 insuper
1136 1066 1382 1111 vocatum
1449 1057 1513 1111 iri
1574 1075 1679 1113 non
1738 1060 2013 1130 populum,

437 1142 730 1207 quinetiam
815 1146 1215 1201 multitudinem
1298 1148 1511 1203 Domini
1594 1150 2011 1209 interfectricem

437 1231 554 1285 fore
598 1235 820 1288 omnino
870 1238 1076 1305 absque
1140 1241 1538 1305 misericordia,
1585 1251 1641 1296 et
1690 1242 1813 1310 jure
1867 1248 2011 1316 epti-

438 1340 581 1392 mo;
636 1327 828 1383 deinde
878 1329 1060 1383 statim
1123 1331 1513 1399 subjunxisset,
1570 1334 1777 1390 ultimis
1828 1340 2010 1394 saeculi

436 1418 773 1485 temporibus
827 1419 1062 1474 futuram
1112 1426 1523 1481 conversionem
1578 1442 1678 1495 per
1737 1427 1897 1483 ﬁdem
1957 1432 2009 1485 in

434 1508 743 1574 Christum,
783 1525 904 1563 cum
935 1512 1181 1570 diceret:
1222 1533 1241 1567 ‹
1277 1517 1346 1571 Et
1388 1523 1866 1590 congregabuntur
1914 1525 2008 1578 lilii

432 1599 604 1667 Juda,
669 1610 723 1655 et
778 1600 871 1655 ﬂlii
924 1602 1088 1659 lsrael
1143 1607 1328 1673 simul,
1387 1619 1442 1664 et
1500 1596 1831 1668 constituent
1907 1616 2008 1670 sibi

431 1691 794 1762 principatum
840 1711 1008 1749 unum
1037 1697 1103 1762 ",
1165 1716 1185 1751 ι
1226 1707 1506 1771 totamque
1546 1717 1574 1757 a
1623 1705 1890 1775 principio
1920 1725 2009 1763 us-

427 1798 536 1853 que
561 1785 628 1840 ad
676 1785 835 1843 finem
863 1791 1223 1846 ceconomiam
1270 1805 1614 1851 enarrasset:
1648 1799 1840 1853 transit
1884 1798 1996 1866 jam
2040 1817 2080 1870 Β

430 1872 484 1927 in
521 1874 604 1929 his
635 1876 700 1928 ad
739 1878 1037 1945 detegenda
1080 1881 1312 1936 crimina
1358 1897 1569 1952 eorum,
1597 1885 1706 1957 32
1732 1888 1822 1955 qui
1863 1888 2010 1958 juste

430 1963 616 2032 reiecti
655 1966 893 2037 fuerunt,
923 1979 979 2025 et
1004 1986 1235 2040 quorum
1262 1987 1428 2029 causa
1463 1991 1526 2031 ea
1563 1980 1672 2045 pati
1704 1979 1850 2049 ipsos
1879 1997 2009 2038 con-

432 2055 636 2126 tigerit,
686 2059 739 2114 in
775 2062 1014 2116 medium
1053 2065 1338 2134 perspicue
1370 2067 1611 2125 adducit.
1661 2069 1896 2128 Proinde
1931 2074 2009 2129 ait

430 2147 500 2200 ad
534 2144 964 2204 misericordiam
992 2165 1335 2222 consecutos,
1370 2164 1425 2209 et
1453 2168 1722 2227 receptos,
1748 2170 1803 2215 et
1841 2177 2009 2232 popu-

430 2235 538 2290 lum
576 2236 666 2294 Dei
704 2238 899 2301 factos,
932 2241 1287 2299 nihilominus
1321 2260 1386 2300 ex
1420 2242 1709 2319 Synagoga
1752 2258 2006 2319 tanquam

430 2342 496 2382 ex
531 2329 823 2386 fornicaria
860 2335 1092 2405 quadam
1142 2347 1321 2403 natos,
1386 2337 1620 2409 Litigate
1665 2356 1788 2396 cum
1835 2353 2008 2398 matre

432 2430 637 2484 vestra,
686 2423 909 2494 litigate.
1030 2427 1090 2482 Si
1143 2430 1288 2483 enim
1334 2445 1553 2486 causam
1616 2432 1778 2489 vultis
1825 2449 2004 2499 nosse,

431 2508 628 2581 inquit,
660 2530 828 2583 quare
862 2513 978 2571 Non
1005 2519 1235 2587 populus
1258 2535 1430 2587 meus,
1460 2530 1516 2577 et
1542 2521 1761 2592 AhSque
1790 2525 2005 2580 miseri-

429 2605 612 2658 cordia
660 2606 874 2661 fneritis
934 2619 989 2662 et
1026 2614 1203 2665 vocati
1237 2612 1357 2667 sitis
1402 2622 1531 2668 ante
1566 2616 2004 2681 conversionem,

429 2708 538 2746 non
586 2709 671 2751 me
716 2697 767 2749 in
827 2712 923 2753 vos
963 2699 1342 2757 inclementem
1392 2712 1447 2758 et
1489 2704 1557 2758 ab
1604 2719 1790 2759 amore
1839 2708 2005 2761 vestri

429 2784 816 2840 abhorrentem
850 2787 1164 2845 invenietis.
1196 2790 1432 2862 Litigate
1463 2803 1642 2847 autem
1672 2811 1794 2850 cum
1834 2805 2009 2850 matre

429 2884 634 2943 vestra,
659 2878 914 2945 quoniam
943 2894 1255 2949 germanam
1286 2898 1412 2955 erga
1442 2901 1528 2940 me
1553 2888 1875 2945 charitatem
1901 2905 2005 2945 non

429 2965 688 3030 servavit,
740 2975 794 3020 et
866 2969 1289 3027 familiaritatem
1354 2975 1661 3046 abnegavit,
1725 2987 1780 3033 et
1860 2980 2007 3049 puri-

431 3064 596 3110 tatem
697 3060 1003 3131 spiritualis
1082 3079 1295 3119 mecum
1377 3070 1773 3128 communionis
1846 3072 2007 3127 mini-

2049 484 2096 539 Α

2379 503 2763 591 ΤΟΜΟΣ
2842 499 3429 593 ΔΕΥΤΕΡΟΣ.

2190 719 2442 789 Κρίθητε
2470 718 2620 788 πρὸς
2646 718 2763 786 τὴν
2805 720 3028 788 μητέρα
3069 718 3260 789 ὑμῶν,
3309 717 3568 786 κρίθητε,
3614 716 3702 771 ὅτι

2118 809 2269 878 αὕτη
2300 812 2373 865 οὐ
2421 810 2574 879 γυνή
2619 828 2763 880 μου,
2804 811 2903 865 καὶ
2935 809 3050 882 ἐγὼ
3077 811 3190 865 οὐκ
3224 808 3382 879 ἀνὴρ
3412 808 3626 878 αὐτῆς.

2186 966 2291 1019 IA'.
2333 965 2706 1038 Προειρηκὼς,
2735 967 2817 1021 ὅτι
2848 965 2944 1020 καὶ
2968 966 3276 1037 ἀπό6λητος
3297 965 3449 1021 ἔσται
3480 967 3703 1027 δικαίως

2115 1057 2144 1108 ό
2184 1056 2418 1129 Ἰσραὴλ,
2444 1057 2769 1127 κεκλήσεται
2816 1059 2872 1111 δὲ
2914 1057 3051 1130 πρὸς
3090 1059 3266 1130 τούτῳ
3298 1060 3392 1113 καὶ
3421 1060 3483 1112 οὐ
3532 1058 3659 1121 λαός
3684 1077 3697 1089 ’

2116 1145 2208 1198 καὶ
2245 1145 2349 1215 μὴν
2370 1146 2452 1198 ὅτι
2480 1147 2629 1216 καὶὴ
2662 1145 2872 1216 πληθὺς
2905 1147 2939 1218 ἡ
2968 1148 3318 1219 κυριοκτόνος
3350 1147 3505 1200 ἔσται
3528 1148 3699 1218 δήπου

2115 1236 2334 1299 πάντως
2386 1235 2488 1289 οὐκ
2544 1236 2846 1307 ἠλεημένη,
2887 1237 2983 1291 καὶ
3042 1238 3250 1309 σφόδρα
3281 1238 3510 1302 εἰκότως
3535 1256 3548 1268 °
3582 1234 3701 1291 εἶτα

2112 1327 2321 1389 τούτοις
2350 1327 2682 1396 ἐπενεγκὼν,
2708 1328 2803 1381 καὶ
2830 1329 2933 1381 οὐκ
2959 1329 3040 1391 είς
3073 1329 3313 1401 μακρὰν,
3341 1329 3441 1400 τὴν
3464 1331 3522 1383 ὲν
3546 1328 3703 1399 ὲσχά-

2113 1436 2225 1482 τοις
2270 1417 2365 1472 τοῦ
2408 1418 2604 1482 αἰῶνος
2655 1421 2870 1490 καιροῖς
2915 1421 3183 1492 ἐσομένην
3232 1420 3569 1490 ἐπιστροφὴν
3611 1420 3702 1474 διὰ

2113 1510 2348 1573 πίστεως
2389 1512 2470 1574 εἰς
2498 1510 2754 1580 Χριστὸν,
2786 1511 2874 1565 διά
2916 1527 2979 1578 γε
3022 1509 3118 1564 τοῦ⁹
3145 1510 3331 1579 φάναι,
3360 1529 3379 1562 ‹
3420 1511 3530 1565 Καὶ
3572 1527 3699 1565 συν-

2111 1600 2436 1673 αχθήσονται
2462 1604 2510 1655 οί
2532 1602 2639 1656 υἱοὶ
2666 1602 2855 1667 Ἰούδα,
2872 1602 2966 1656 καὶ
2981 1604 3029 1657 oi
3043 1601 3151 1655 υἱοὶ
3165 1602 3380 1675 Ἰσραὴλ
3393 1602 3699 1669 ὲπιτοαυτὺ,

2111 1695 2205 1748 καὶ
2250 1694 2504 1766 θήσονται
2542 1696 2779 1759 ἑαυτοῖς
2813 1693 2989 1775 ἀρχὴν
3014 1693 3164 1767 μίαν,
3202 1713 3219 1745 ι
3250 1695 3469 1749 ἅπασάν
3494 1712 3554 1747 τε
3604 1696 3700 1749 ἀπ’

2112 1786 2285 1858 ἀρχῆς
2322 1786 2483 1858 μέχρι
2514 1786 2701 1850 τέλους
2745 1786 2848 1856 τὴν
2895 1786 3211 1857 οἰκονομίαν
3242 1787 3697 1857 ἀφηγησάμενος,

2114 1878 2322 1950 μέτεισι
2350 1879 2535 1933 λοιπὸν
2559 1880 2616 1932 ἐν
2641 1878 2854 1941 τούτοις
2891 1878 2985 1931 ἐπὶ
3013 1879 3075 1932 τδ
3119 1878 3364 1950 γυμνοῦν
3402 1878 3474 1932 τὰ
3498 1879 3701 1950 ἐγκλή-

2114 1987 2258 2039 ματα
2283 1970 2391 2023 τῶν
2440 1969 2601 2031 όσίως
2641 1968 3124 2039 ἀποὸεόλημένων,
3157 1969 3340 2025 καὶτὰ
3367 1971 3451 2039 ἐφ’
3487 1964 3567 2034 οἷς
3600 1970 3700 2023 αύ-

2108 2062 2235 2125 τοὺς
2263 2063 2446 2114 ἐκεῖνα
2485 2060 2680 2115 παθεῖν
2734 2060 3107 2131 συμϐέϐηκεν,
3134 2061 3213 2123 είς
3246 2060 3408 2130 μέσον
3438 2060 3559 2128 ἄγει
3604 2077 3702 2113 σα-

2110 2150 2244 2222 φῶς.
2298 2153 2587 2224 Τοίγαρτοί
2651 2169 2788 2221 φησι
2844 2152 2983 2224 πρὸς
3019 2152 3148 2215 τοὺς
3188 2150 3525 2222 ἡλεημένους
3577 2152 3699 2223 μὲν,

2112 2245 2203 2298 καὶ
2252 2243 2711 2314 εἰσδεδεγμένους,
2768 2241 2863 2297 καὶ
2909 2244 2989 2307 εἰς
3037 2242 3169 2297 λαὸν
3210 2241 3504 2312 γεγονότας
3541 2242 3699 2307 Θεοῦ,

2109 2334 2248 2406 πλὴν
2275 2330 2365 2389 οἷά
2395 2352 2537 2399 τινος
2565 2335 2771 2406 πόρνης
2798 2332 3181 2403 ὲκπεφυκότας
3208 2332 3309 2403 τῆς
3347 2334 3697 2404 Συναγωγῆς,

2109 2427 2350 2499 Κρίθητε
2391 2427 2527 2495 πρὸς
2582 2423 2681 2497 τὴν
2732 2422 2945 2496 μητέρα
2978 2425 3156 2496 ὑμῶν,
3204 2424 3452 2497 κρίθητε.
3497 2426 3559 2478 El
3594 2426 3703 2497 γὰρ

2107 2520 2171 2590 δὴ
2201 2517 2476 2589 βούλεσθε,
2528 2516 2715 2585 φησὶν,
2774 2513 3074 2585 ἀναμαθεῖν
3122 2513 3221 2578 τὰς
3255 2515 3452 2579 αἰτίας,
3500 2513 3701 2585 ὲφάἴς

2110 2611 2170 2663 οὐ
2230 2609 2355 2672 λαός
2388 2627 2513 2680 μου,
2548 2609 2640 2661 καὶ
2687 2608 2787 2661 οὐκ
2836 2605 3116 2678 ἡλεημένη
3165 2607 3428 2675 γεγόνατέ
3478 2624 3536 2659 τε
3606 2608 3702 2662 καὶ

2109 2701 2375 2773 κέκλησθε
2403 2700 2545 2754 κατά
2571 2716 2635 2767 γε
2660 2700 2787 2762 τοὺς
2826 2699 3054 2770 χρόνους
3098 2697 3226 2761 τοὺς
3279 2697 3386 2768 πρὸ
3433 2699 3533 2767 τῆς
3591 2700 3701 2752 ἐπι-

2111 2794 2373 2865 στροφῆς,
2434 2792 2533 2846 οὐκ
2563 2792 2663 2861 ἐμὲ
2702 2791 2963 2859 γεγονότα
2999 2789 3130 2858 περὶ
3178 2789 3322 2859 ὑμᾶς
3370 2788 3553 2859 ἀπηνῆ
3609 2787 3703 2842 καὶ⁹

2108 2887 2371 2957 ὀλίγωρον
2419 2885 2499 2946 εἰς
2552 2883 2938 2953 φιλοστοργίαν
3012 2882 3296 2953 εὑρήσετε.
3353 2881 3595 2953 Κρίθητε
3643 2880 3702 2934 δὲ

2109 2977 2248 3047 πρὸς
2293 2976 2392 3045 τὴν
2440 2973 2650 3027 ἑαυτῶν
2695 2974 2928 3045 μητέρα,
2966 2975 3047 3027 ὅτι
3090 2972 3164 3043 μὴ
3207 2972 3448 3026 σέσωκεν
3482 2972 3703 3042 ἀγάπης

2108 3068 2208 3138 τῆς
2230 3068 2311 3128 εἰς
2336 3065 2436 3135 ἐμὲ
2457 3064 2516 3118 τὸ
2539 3065 2783 3136 γνήσιον,
2823 3066 3101 3136 ἠρνήσατο
3126 3063 3181 3116 δὲ
3213 3064 3311 3136 τὴν
3343 3064 3659 3133 οἰκειότητα
3681 3102 3695 3125 ,

430 3145 503 3199 mi
563 3146 752 3213 duxit,
807 3164 904 3206 nec
982 3151 1152 3207 voluit
1218 3154 1549 3212 voluntatum
1596 3176 1837 3216 mearum
1897 3162 2008 3216 fru-

2112 3159 2206 3212 κα“ι
2254 3156 2435 3224 ὀλίγου
2468 3172 2568 3208 που
2620 3155 2898 3218 παντελῶς
2943 3154 3145 3225 ἠξίωσε
3183 3154 3342 3222 λόγου
3416 3155 3516 3225 τῆς
3564 3153 3703 3224 πρὸς

429 3245 552 3292 ctus
621 3254 834 3307 parere.
876 3241 998 3312 Ipsa
1068 3261 1174 3300 non
1253 3247 1357 3302 fuit
1399 3265 1536 3305 uxor
1610 3267 1760 3319 mea,
1811 3261 1863 3307 ct
1907 3267 2007 3324 ego

429 3327 685 3398 deinceps
726 3346 833 3386 non
874 3334 958 3387 vir
984 3334 1121 3404 ejus.
1146 3335 1263 3392 Non
1298 3339 1387 3393 illa
1433 3354 1529 3395 vos
1570 3342 1725 3406 mihi,
1757 3343 1853 3398 sed
1886 3344 2006 3399 aliis

429 3422 659 3491 peperit.
690 3423 849 3480 Certe
875 3426 1020 3481 enim
1052 3431 1390 3498 agnovissexn
1422 3448 1591 3490 meos.
1626 3432 1749 3488 Non
1788 3445 1874 3490 est
1899 3444 2009 3491 tar-

430 3514 532 3567 dus
563 3514 631 3569 ad
669 3516 1032 3573 miserendum
1063 3530 1255 3577 natura
1282 3535 1467 3595 pater;
1498 3536 1554 3580 at
1586 3527 1637 3580 in
1671 3529 1871 3596 prolem
1898 3544 2006 3584 non

431 3603 731 3673 legitimam
757 3613 1105 3667 cunctantior
1139 3614 1259 3684 ejus
1293 3617 1508 3673 lenitas.
1554 3618 1733 3690 Atque
1762 3620 1863 3675 ista
1897 3620 2008 3677 for-

430 3694 570 3747 sitan
616 3703 870 3766 lanquam
900 3715 967 3755 ex
1010 3716 1239 3771 persona
1287 3705 1381 3759 Dei
1411 3706 1688 3763 dicuntur.
1734 3708 2007 3780 Cogitabit

430 3785 698 3855 quispiam
750 3790 1020 3846 et'animo
1040 3794 1219 3849 volvet
1250 3810 1485 3863 rursum,
1512 3798 1675 3868 idque
1704 3815 1812 3855 non
1844 3802 2003 3873 male,

432 3875 716 3951 Synagoga
751 3881 818 3936 ad
863 3883 1221 3941 defectionem
1265 3901 1295 3940 a
1346 3886 1457 3944 Deo
1497 3904 1778 3961 conversa,
1812 3903 1866 3949 et
1896 3896 2007 3952 da:-

430 3982 648 4023 monum
677 3971 823 4027 cultu
867 3987 1142 4046 suscepto,
1179 3987 1233 4033 et
1266 3977 1371 4035 illis
1414 3988 1621 4037 tantum
1666 3999 1776 4038 non
1830 4001 2005 4041 mere-

430 4059 584 4116 tricis
609 4062 780 4118 instar
811 4067 1065 4124 cruribus
1090 4070 1426 4139 divaricatis,
1453 4083 1607 4129 natos
1640 4089 1706 4130 ex
1732 4091 1797 4131 ea
1831 4092 2007 4149 neque

427 4155 643 4212 sincere
702 4168 868 4231 atque
921 4174 1239 4220 constanter
1294 4166 1464 4227 Deum
1519 4184 1767 4237 amasse,
1828 4188 2007 4242 neque

426 4247 584 4303 bonis
624 4252 864 4308 moribus
897 4253 1091 4321 fuisse;
1135 4257 1264 4325 quin
1304 4258 1485 4326 potius
1517 4270 1799 4327 parentum
1835 4263 2005 4318 mori-

426 4336 528 4393 bus
573 4340 855 4407 educatos,
894 4346 1013 4401 sine
1048 4347 1255 4417 pudore
1294 4348 1404 4405 Deo
1447 4351 1791 4421 displicentia
1843 4351 2003 4408 facti-

2109 3250 2209 3319 ἐμὲ
2261 3247 2641 3318 πνευματικῆς
2706 3246 2993 3311 κοινωνίας
3037 3248 3137 3319 τὴν
3186 3246 3571 3318 καθαρότητα,
3602 3248 3703 3301 οὐκ

2107 3339 2343 3412 ἠθέλησέ
2369 3357 2429 3393 τε
2454 3340 2581 3403 τοὺς
2611 3338 2719 3393 τῶν
2758 3338 2907 3410 ἐμῶν
2956 3338 3277 3410 θελημάτων
3308 3339 3521 3393 ὠδίνειν
3566 3354 3701 3410 καρ-

2109 3432 2265 3495 πούς.
2296 3431 2444 3501 Αὕτη
2474 3432 2696 3500 γέγονεν
2740 3431 2801 3485 ού
2837 3431 2972 3502 γυνή
3023 3448 3149 3501 μου,
3203 3429 3361 3501 κάγὼ
3405 3431 3493 3483 διὰ
3542 3429 3700 3483 τοῦτο

2108 3522 2294 3576 λοιπὸν
2323 3522 2424 3575 οὐκ
2456 3522 2595 3595 ἀνὴρ
2633 3521 2825 3593 αὐτῆς.
2852 3520 2970 3575 Οὐκ
2995 3522 3120 3591 ἐμοὶ
3141 3521 3368 3575 τέτοκεν
3395 3522 3562 3592 ὑμᾶς,
3583 3520 3700 3574 ἀλλ’

2108 3614 2336 3688 ἑτέροις.
2382 3616 2455 3669 Ἢ
2485 3614 2594 3688 γὰρ
2618 3614 2687 3671 ἂν
2736 3613 2985 3683 ἐπέγνων
3013 3614 3140 3677 τοὺς
3172 3611 3359 3683 ἐμούς.
3397 3614 3470 3667 Οὐ
3499 3611 3699 3684 βραδὺς

2109 3709 2189 3770 είς
2218 3706 2365 3760 ἔλεον
2391 3707 2420 3760 ὁ
2443 3705 2604 3776 φύσει
2631 3706 2816 3777 πατήρ
2836 3723 2850 3735 ο
2894 3705 3045 3757 ὀκνεῖ
3075 3703 3130 3758 δὲ
3162 3699 3301 3757 εἶναι
3332 3704 3567 3775 χρηστὸς
3602 3704 3697 3757 ἐπὶ
3758 3754 3763 3759 .

2108 3797 2236 3869 νόθη
2287 3799 2435 3869 γονῇ.
2469 3797 2579 3851 Καὶ
2604 3795 2777 3851 ταῦτα
2826 3795 2924 3867 μὲν
2977 3794 3105 3860 ῐσως
3143 3795 3277 3867 φαίη
3308 3812 3394 3860 τις
3428 3795 3493 3849 ἂν
3525 3795 3602 3859 ὼς
3633 3796 3699 3848 ἐκ

2109 3890 2401 3960 προσώπου
2424 3887 2519 3942 τοῦ
2553 3886 2710 3942 Θεοῦ.
2742 3887 3019 3956 Λογιεῖται
3039 3886 3096 3939 δὲ
3129 3882 3194 3941 αὖ
3258 3887 3353 3941 καὶ
3381 3887 3721 3959 περινοήσειι

2108 3981 2311 4045 καλῶς,
2334 3982 2418 4034 ὅτι
2439 3978 2825 4050 τετραμμένης
2853 3978 2954 4048 τῆς
2979 3979 3310 4047 Συναγωγῆς
3342 3979 3422 4041 είς
3452 3979 3694 4031 ἀποστα-

2109 4074 2231 4127 σίαν
2253 4072 2351 4144 τὴν
2398 4071 2507 4125 ἀπὸ
2538 4070 2694 4134 Θεοῦ,
2739 4071 2832 4125 καὶ
2859 4070 2958 4141 τὴν
2999 4069 3110 4125 τῶν
3135 4069 3407 4139 δαιμόνων
3441 4068 3697 4139 λατρείαν

2108 4163 2479 4236 ἀνῃρημένης,
2524 4163 2683 4233 μόνον
2716 4162 2773 4216 δὲ
2819 4162 2940 4234 οὐχὶ
2969 4162 3177 4233 πόρνης
3221 4162 3379 4232 δίκην
3416 4161 3695 4234 ἀπλούσης

2108 4255 2291 4318 αὐτοῖς
2322 4254 2389 4307 τά
2422 4252 2611 4325 σκέλη,
2644 4254 2934 4323 γεγόνασιν
2956 4254 3007 4306 οἱ
3036 4253 3095 4319 ἐξ
3115 4252 3287 4319 αὐτῆς
3313 4250 3439 4305 οὔτε
3460 4252 3696 4322 φιλόθεοι

2108 4343 2364 4417 καθαρῶς
2409 4346 2505 4398 καὶ
2523 4343 2952 4417 ὲρηρεισμένως,
2978 4341 3104 4397 οὔτε
3148 4342 3257 4415 μὴν
3284 4345 3547 4408 ἐπιεικεῖς
3571 4344 3694 4409 τοὺς

429 4437 592 4496 lasse,
627 4433 821 4501 partim
869 4434 1001 4492 Baal
1044 4445 1099 4493 et
1143 4438 1327 4495 vitulis
1373 4442 1554 4497 aureis
1603 4442 1998 4513 sacrificantes,

2110 4436 2372 4510 τρόπους·
2421 4436 2852 4507 ὲντεθραμμένοι
2881 4435 2939 4489 δὲ
2987 4435 3188 4506 μᾶλλον
3238 4438 3351 4498 τοῖς
3382 4435 3540 4506 ἤθεσι
3584 4434 3694 4490 τῶν

424 4521 622 4589 partim
647 4524 809 4579 etiam
839 4528 890 4581 in
915 4543 1076 4584 omne
1098 4545 1264 4599 genus
1287 4530 1615 4600 impuritatis
1642 4548 1737 4603 per
1760 4549 2000 4605 praeceps

2112 4528 2539 4601 γεγεννηκότων,
2581 4527 2910 4597 ἀφυλάκτως
2956 4526 3126 4598 ⁴ᾔεσαν
3160 4526 3253 4580 ἐπὶ
3293 4526 3365 4579 τὰ
3422 4526 3695 4581 λυποῦντα

424 4613 710 4670 abeuntes.
743 4614 1052 4674 Justissime
1088 4628 1267 4676 autem
1310 4631 1539 4674 matrem
1590 4636 1741 4676 suam
1782 4637 2005 4677 accusa-

424 4703 564 4759 bunt
602 4708 792 4776 magis,
836 4725 997 4779 quam
1045 4712 1265 4767 virtutis
1306 4720 1581 4768 amantem
1634 4728 1870 4783 vereque
1916 4730 2005 4770 ca-

2102 4623 2270 4677 Θεόν·
2310 4621 2470 4675 τοῦτο
2498 4621 2598 4692 μὲν
2638 4620 2857 4683 θύοντες
2887 4618 2965 4689 τῷ
3000 4618 3169 4680 Βάαλ,
3218 4618 3314 4671 καὶ
3353 4621 3476 4682 ταῖς
3521 4618 3695 4689 δαμά-

2102 4715 2218 4767 λεσι
2265 4716 2387 4778 ταῖς
2429 4715 2657 4785 χρυσαῖς
2678 4753 2693 4779 ,
2727 4711 2885 4765 τοῦτο
2908 4709 2967 4762 δὲ
3002 4710 3093 4762 καὶ
3122 4709 3204 4773 είς
3235 4711 3343 4764 πᾶν
3377 4705 3519 4773 εἶδος
3558 4709 3695 4764 ἀκα-

425 4796 725 4854 stissimum
755 4801 1173 4874 Dominum,qui
1197 4802 1555 4861 fornicatione
1578 4807 2003 4862 contaminatam

2110 4805 2327 4876 θαρσίας
2362 4802 2787 4876 ἀπερισκέπτως
2836 4801 3162 4865 διάττοντες.
3225 4801 3572 4856 Λίτιάσονται
3612 4802 3692 4868 δὲ,

425 4886 868 4945 contubernalem
903 4891 1012 4961 pati
1044 4891 1263 4961 refugit.
1297 4891 1395 4947 Est
1425 4908 1587 4962 porro
1619 4894 1811 4949 modus
1833 4893 2002 4951 forni-

425 4976 664 5033 cationis
700 4981 1001 5050 spiritualis
1045 4982 1225 5053 plane,
1256 4983 1507 5052 quamvis
1543 4993 1603 5039 ut
1635 4984 1703 5039 de
1743 5000 2002 5055 corporea

426 5080 610 5122 sermo
639 5069 923 5125 habeatur.

2111 4898 2207 4951 καὶ
2242 4896 2449 4967 σφόδρα
2479 4893 2724 4958 εἰκότως,
2749 4893 2849 4965 τὴν
2877 4891 3088 4947 ἑαυτῶν
3110 4893 3342 4965 μητέρα,
3366 4893 3461 4947 καὶ
3484 4893 3605 4963 οὐχὶ
3628 4893 3702 4962 δὴ

2110 4988 2311 5058 μᾶλλον
2343 4989 2434 5040 τὸν
2468 4985 2756 5057 φιλάρετόν
2805 5002 2867 5038 τε
2900 4985 2997 5039 καὶ
3037 4984 3312 5053 πάναγνον
3340 4984 3558 5055 ἀληθῶς
3598 4985 3692 5037 Δει-

2117 5080 2342 5150 σπότην,
2373 5078 2433 5142 ὃς
2464 5076 2709 5131 σύνοικον
2740 5076 2885 5148 ἔχειν
2925 5076 3026 5130 οὐκ
3066 5077 3210 5144 ἀξιοῖ
3252 5077 3353 5147 τὴν
3395 5090 3695 5144 πεπορνευ-

430 5159 620 5234 μένην.
647 5162 871 5234 Νοητῶς
926 5164 984 5218 δὲ
1033 5164 1248 5229 πάντως
1280 5165 1379 5238 τῆς
1417 5167 1672 5239 πορνείας
1699 5168 1727 5221 ό
1751 5169 1968 5239 τρόπος,
2009 5171 2113 5240 κᾶν
2142 5174 2192 5227 εί
2243 5171 2455 5225 λαλοῐτο
2479 5170 2829 5241 σωματικῶς.

504 5297 669 5354 Vnus.
707 5299 762 5355 3.
786 5297 859 5353 Et
917 5301 1160 5371 auferant
1209 5303 1611 5373 fornicationem
1655 5306 1768 5375 ejus
1802 5323 1835 5360 a
1871 5308 2005 5375 {acie

430 5405 582 5455 mea,
621 5402 670 5445 et
696 5393 1017 5448 adulterium
1057 5395 1174 5463 ejus
1204 5397 1269 5450 de
1296 5398 1466 5452 medio
1494 5401 1712 5452 uberum
1738 5398 1913 5464 illius,
1950 5409 2005 5454 ut

432 5497 625 5538 exuam
652 5500 768 5539 eam
801 5486 1019 5555 nudam,
1047 5500 1096 5542 et
1130 5491 1399 5545 restituam
1428 5506 1545 5546 eam
1578 5492 1711 5546 sicut
1758 5493 1866 5545 dies
1906 5507 2003 5544 na-

431 5572 650 5629 tivitatis
682 5575 816 5643 ejus.

511 5789 558 5823 ⁸⁸
586 5792 651 5847 lV
692 5793 825 5867 Reg.
860 5813 972 5867 xtx,
1014 5798 1104 5883 2i.

2189 5300 2298 5356 Kal
2323 5297 2520 5368 ἑξαρῶ
2547 5298 2660 5367 τὴν
2701 5298 2989 5368 πορνείαν
3032 5295 3226 5365 αὐτῆς
3259 5296 3329 5350 ἐκ
3368 5292 3694 5364 προσώπου

2111 5411 2250 5464 μου,
2285 5392 2385 5447 καὶ
2430 5390 2545 5458 τὴν
2575 5391 2856 5461 μοιχείαν
2898 5388 3090 5456 αὐτῆς
3124 5388 3195 5442 ἐκ
3222 5389 3417 5456 μέσου
3441 5383 3697 5456 μαστῶν
3734 5440 3745 5451 ,

2113 5483 2325 5552 αὐτῆς,
2361 5482 2520 5547 ὅπως
2547 5479 2625 5536 ἂν
2649 5480 2886 5535 ἐκδύσω
2905 5479 3099 5547 αὐτὴν
3128 5478 3386 5549 γυμνὴν,
3418 5477 3516 5531 καὶ
3546 5477 3694 5532 duo.

2115 5575 2471 5642 καταστήσω
2494 5573 2689 5640 αὐτὴν
2721 5573 2913 5639 καθὼς
2935 5572 3144 5642 ἡμέραι
3173 5569 3466 5640 γενέσεως
3478 5567 3698 5636 αὐτῆς.
