4094 6490
324 433 374 488 6|
1225 420 1783 478 COMMENTARIUS
1825 419 1895 475 IN‘
1931 419 2164 477 OSEAM
2203 419 2654 476 PROPHETAM.
3517 419 3586 474 63

378 543 606 604 lB’.Toi;
635 540 741 594 ἀπὸ
781 539 1009 610 γνώμης
1033 539 1169 602 ἰδίας
1197 542 1297 594 οὐκ
1322 543 1712 614 ἐπιστρέφουσι
1742 544 1877 614 πρὸς

2055 541 2281 610 Χ11.ριιί
2301 557 2328 596 a
2350 543 2629 597 voluntate
2647 557 2742 596 sua
2760 541 2827 596 ad
2851 541 3018 596 Deum
3037 557 3096 599 se
3110 557 3214 597 non
3233 551 3582 614 convertunt,

319 638 446 698 Θεὸν,
501 633 621 688 οὕτε
685 633 792 703 μὴν
862 633 1215 703 ἀνεχομένοις
1274 635 1345 686 τὰ
1407 636 1556 705 αύτῷ
1623 637 1886 689 δοκοῦντα

320 727 552 798 πληροῦν,
619 724 754 778 ἀλλὰ
807 727 942 789 τοῖς,
980 725 1081 777 οὐκ
1144 721 1241 778 οἷδ’
1302 727 1886 797 ὄπως,τετιμημένης

314 821 471 882 αὐτοῖς
500 817 833 888 φαυλότητος
867 815 1039 887 ἀπρὶξ
1076 817 1365 888 ἡμμένοις,
1399 818 1560 890 ποινὴ
1592 819 1688 871 καὶ
1727 819 1891 873 κόλα-

313 931 386 975 σις
416 911 722 964 ἐπινοεῖται.
764 909 892 973 Τίςς
928 909 1046 977 Ἐφ’
1076 911 1216 981 ὅπερ
1259 906 1327 982 ἦν
1349 973 1352 976 ,
1378 911 1605 981 ἄμεινον
1645 910 1704 977 ἐξ
1752 912 1890 976 ἰδίας

310 1002 552 1074 φέρεσθαι
580 1000 829 1070 γνώμης,
884 1002 970 1054 ἐπ’
1004 1001 1138 1054 αὐτὸ
1181 1001 1247 1073 δὴ
1298 1001 1458 1055 τοῦτο
1528 1004 1890 1074 μετατεθῆναι

307 1093 493 1156 λοιπὸν,
518 1091 592 1154 ώς
620 1090 679 1156 ἐξ
711 1091 982 1161 ἀνάγκης,
1010 1091 1106 1144 καὶ
1154 1092 1342 1162 φόϐου.
1380 1093 1592 1164 ’Όνπερ
1631 1094 1739 1168 γὰρ
1767 1095 1891 1166 τρὸ⁴

309 1202 399 1238 πον
426 1183 531 1238 τῶν
563 1185 620 1235 ἐν
676 1185 794 1246 τοῖς
822 1181 1041 1252 σώμασι
1069 1184 1402 1254 τραυμάτων
1434 1185 1503 1238 τὰ
1528 1185 1768 1257 δυσχερῆ
1799 1186 1894 1238 καὶ

281 1271 818 1346 δυσμεταχείριστα,
865 1275 971 1330 κᾶν
1013 1278 1062 1329 εί
1125 1275 1201 1347 μὴ
1254 1278 1378 1340 ταῖς
1423 1276 1531 1328 τῶν
1580 1276 1893 1346 φαρμάκων

309 1369 582 1439 δυνάμεσιν
608 1367 830 1423 εἴκοντα
869 1366 1113 1439 δέχοιντό
1146 1385 1272 1421 τινα
1311 1366 1411 1439 τὴν
1455 1368 1536 1431 είς
1579 1367 1640 1420 τὸ
1669 1369 1894 1439 ἄμεινον

311 1460 710 1534 μετατροπὴν,ἢ
742 1460 950 1531 σιδήρῳ
981 1458 1263 1530 τέμνεται,
1291 1461 1391 1531 τῆς
1421 1459 1534 1512 τῶν
1560 1459 1761 1531 ίατρῶν
1801 1463 1897 1532 ἐμ-

307 1553 507 1624 πειρίας
555 1554 638 1616 είς
697 1551 890 1606 τοῦτον
942 1549 1220 1621 καλούσης
1275 1551 1374 1621 τῆς
1435 1551 1756 1624 ἐπικουρίας
1801 1553 1896 1606 τὸν

305 1647 506 1717 τρόπον,
545 1645 716 1716 ἧγουν
773 1646 994 1700 νικᾶται
1054 1645 1188 1716 πυρί
1212 1661 1230 1679 ο
1272 1644 1417 1700 οὕτω
1466 1645 1561 1699 καὶ
1603 1645 1896 1716 ἀνθρώπου

305 1739 435 1810 ψυχὴ
475 1738 611 1793 πολὺ
637 1736 974 1792 διανεύσασα
1018 1737 1157 1810 πρὸς
1196 1737 1501 1792 ἀπόστασιν
1541 1739 1642 1810 τὴν
1666 1738 1726 1805 ἐξ
1760 1739 1898 1807 ἀγα-

306 1832 419 1894 Θῶν,
447 1831 550 1885 κᾶν
579 1832 632 1884 εἰ
664 1830 742 1900 μὴ
772 1831 894 1893 ταῖς
924 1829 1035 1882 τῶν
1069 1829 1469 1885 νουθετούντων
1495 1831 1636 1884 εἴκοι
1663 1833 1893 1901 φωναῖς,

2001 650 2101 690 nec
2126 633 2320 688 adduci
2350 643 2603 703 possunt,
2629 642 2685 685 ut
2708 648 2829 702 quae
2857 633 2930 686 illi
2955 633 3169 703 placent
3191 643 3584 705 exsequantur,

1995 742 2185 781 verum
2217 727 2269 780 in
2303 725 2524 794 ﬂagitiis
2555 726 2670 780 suis
2699 726 2841 796 (qua:
2883 727 3067 781 nescio
3101 727 3374 798 quomodo
3410 729 3588 798 suSpi-

1994 819 2170 888 ciunt)
2196 817 2551 888 pertinaciter
2580 817 2811 881 haerent,
2845 817 2911 871 iis
2945 832 3108 886 pmna
3155 819 3590 889 suppliciumque

1991 911 2340 983 pr0ponitur.
2378 910 2664 978 Quodnam
2698 910 2870 965 illud?
2899 910 2973 966 Ut
3014 911 3080 964 ad
3112 913 3253 981 quod
3298 927 3355 966 se
3394 921 3589 981 sponte

1995 1021 2090 1061 sua
2117 1005 2535 1060 accommodare
2565 1003 2672 1074 33
2699 1003 2892 1058 melius
2921 1003 3121 1071 fuerat,
3159 1005 3225 1056 ad
3253 1005 3355 1059 hoc
3385 1006 3586 1073 ipsum,

1995 1109 2256 1168 tanquam
2301 1111 2369 1152 ex
2427 1097 2759 1152 necessitate
2811 1107 2865 1151 et
2896 1097 3091 1151 timore
3130 1111 3191 1149 se
3236 1098 3586 1154 transferant.

1998 1187 2153 1243 Sicut
2204 1188 2350 1242 enim
2399 1186 2627 1242 vulnera
2675 1202 2966 1256 corporum
3018 1199 3210 1242 sanatu
3257 1188 3490 1244 difficilia
3536 1199 3591 1244 ct

1997 1278 2392 1346 iutractabilia,
2420 1278 2526 1334 nisi
2562 1279 3088 1335 medicamentorum
3121 1281 3310 1334 virtuti
3341 1281 3590 1335 cedentia

1995 1374 2351 1431 mutationem
2417 1372 2483 1427 ad
2539 1371 2838 1426 sanitatem
2892 1372 3222 1437 admittant,
3285 1384 3380 1426 aut
3446 1371 3592 1427 ferro

1998 1476 2274 1532 secantur,
2323 1465 2518 1535 peritia
2566 1463 2900 1531 medicorum
2940 1461 3087 1516 hunc
3131 1462 3317 1516 auxilii
3371 1464 3588 1516 modum

1997 1560 2288 1624 suadente,
2329 1566 2422 1612 aut
2458 1565 2606 1612 certe
2644 1556 2753 1627 igni
2789 1555 3082 1609 vincuntur
3105 1597 3119 1621 ,
3162 1556 3232 1609 ita
3267 1566 3323 1610 et
3353 1555 3591 1610 hominis

1997 1653 2205 1718 anima,
2224 1651 2290 1707 ad
2316 1650 2729 1707 dcsciscendum
2758 1662 2787 1701 a
2810 1648 3089 1718 probitate
3110 1663 3371 1718 perquam
3397 1664 3591 1717 prona,

1998 1744 2104 1800 nisi
2149 1743 2375 1799 vocibus
2426 1739 2838 1796 admonentium
2890 1740 3070 1795 locum
3114 1741 3430 1810 reliquerit,
3471 1750 3524 1796 et
3560 1755 3590 1793 a

2001 1835 2340 1907 turpitudine
2369 1833 2435 1888 ad
2467 1832 2808 1888 honestatem
2851 1832 3089 1887 transire
3120 1832 3442 1899 instituerit,
3477 1847 3593 1902 pce-

309 1925 430 1994 μήτε
473 1923 579 1994 μὴν
625 1923 807 1975 ἕλοιτο
847 1923 1186 1993 μεταφοιτᾷν
1219 1923 1284 1976 ὲκ
1314 1921 1424 1977 τῶν
1469 1923 1762 1994 αἰσχιόνων
1799 1924 1894 1978 ἐπὶ

2008 1929 2084 1984 nis
2117 1929 2378 1992 vincitur,
2419 1934 2475 1981 et
2528 1925 2779 1994 supplicii
2835 1924 3050 1994 laqueis
3100 1924 3409 1996 implicata,
3468 1925 3594 1979 velit

305 2013 357 2066 τὸ
383 2015 622 2084 ἄμεινον,
662 2016 886 2069 νικᾶται
932 2018 1055 2079 ταῖς
1098 2016 1297 2082 δίκαις,
1331 2017 1427 2071 καὶ
1465 2019 1580 2082 τοῖς
1606 2019 1709 2089 τῆς
1733 2019 1895 2073 κολά-

310 2123 427 2170 σεως
482 2106 752 2161 ἐναλοῦσα
807 2107 1064 2180 βρόχοις,
1123 2109 1436 2178 ἀναγκαίαν
1493 2113 1732 2165 ποιεῖται
1793 2113 1894 2182 τὴν

307 2200 644 2272 ἐπιστροφήν.
693 2200 906 2255 Ὁποῖόν
952 2202 1070 2254 ἐστι
1125 2202 1187 2255 τὸ
1244 2203 1330 2256 διὰ
1367 2204 1552 2275 φωνῆς
1584 2205 1849 2276 Ἱερεμίου
1876 2224 1892 2240 ·

314 2309 330 2342 ι
354 2290 492 2361 Πόνῳ
508 2293 599 2344 καὶ
623 2292 857 2362 μάστιγι
884 2293 1264 2367 παιδευθείσῃ,
1295 2296 1675 2368 Ἰερουσαλήμ.
1704 2317 1722 2350 ι
1751 2297 1897 2354 Ψάλ-

307 2382 377 2432 λει
406 2381 458 2434 δέ
489 2399 540 2434 τι
569 2383 823 2437 τοιοῦτον
853 2385 947 2438 καὶ
986 2387 1015 2438 ὁ
1067 2384 1356 2450 Θεσπέσιος
1399 2388 1585 2453 Δαϐὶδ,
1624 2389 1753 2462 περὶ
1787 2391 1896 2446 τῶν

309 2474 659 2544 ἡγαπηκότων
689 2476 750 2528 τὸ
784 2476 918 2529 πολὺ
943 2477 1006 2547 δὴ
1039 2477 1160 2531 λίαν
1191 2479 1423 2546 ἄγεσθαι
1456 2481 1594 2552 πρὸς
1614 2481 1676 2535 τὸ
1713 2482 1898 2555 πλημ-

312 2566 503 2636 μελεῖν·
545 2587 564 2618 ι
603 2568 700 2619 Ἐν
733 2585 802 2637 κη
814 2568 902 2639 μῷ
947 2571 1044 2623 καὶ
1071 2571 1276 2642 χαλινῷ
1304 2572 1403 2636 τὰς
1423 2576 1680 2642 σιαγόνας
1713 2575 1898 2629 αὐτῶν

309 2660 479 2726 ᾶγξαις
536 2659 651 2713 τῶν
693 2662 768 2730 μὴ
820 2663 1154 2730 ἐγγιζόντων
1185 2665 1322 2735 πρὸς
1357 2666 1436 2719 σέ.
1471 2687 1489 2718 ι
1545 2669 1628 2721 Τὰ
1669 2669 1778 2739 γάρ
1815 2686 1897 2723 τοι

311 2748 500 2820 σκληρά
531 2768 590 2803 τε
650 2752 750 2804 καὶ
783 2751 1149 2823 ἀστοιχείωτα
1188 2755 1298 2806 τῶν
1323 2756 1536 2823 ἀλόγων
1566 2756 1720 2821 ζώων
1749 2758 1900 2828 χαλι-

308 2843 402 2905 νοῖς
450 2843 882 2915 περιτρέπουσιν
910 2846 990 2908 εἰς
1019 2844 1079 2896 τὸ
1109 2841 1168 2898 εὖ
1222 2846 1369 2917 ἔχειν
1397 2847 1587 2900 δοκοῦν
1630 2848 1680 2899 οἱ
1725 2848 1900 2901 πωλο-

305 2932 508 3004 δαμνεῖν
536 2935 804 2999 εἰωθότες
825 2953 838 2966 ³
865 2935 1008 2989 οὕτω
1040 2938 1134 2992 καὶ
1166 2937 1301 3002 Θεὸς
1325 2941 1616 3010 χρησίμως
1652 2940 1900 3012 προσφέ-

307 3043 442 3095 ρεται
498 3030 618 3092 τοῖς
675 3028 1181 3100 φιλαμαρτήμοσιν.
1237 3031 1447 3084 Οὐκοῦν
1513 3032 1901 3086 συνεϐούλευον

1996 2022 2132 2077 nolit
2170 2021 2533 2076 convertitur.
2575 2020 2748 2086 Quale
2791 2027 2880 2074 est
2920 2019 3066 2088 quod
3110 2018 3250 2087 apud
3298 2017 3591 2072 Jeremiam

1997 2111 2227 2181 legimus
2253 2126 2298 2166 τι
2327 2111 2517 2167 Dolore
2539 2123 2590 2168 et
2613 2110 2830 2182 ﬂagello
2851 2110 3144 2174 erudieris,
3167 2108 3468 2165 Jerusalem
3489 2111 3554 2165 ¹¹.
3570 2131 3590 2164 ι

2000 2206 2191 2262 Simile
2217 2206 2346 2275 quid
2398 2203 2577 2274 psallit
2625 2212 2681 2259 et
2709 2204 2903 2258 beatus
2948 2201 3119 2257 David
3166 2202 3232 2258 de
3270 2203 3359 2268 iis,
3396 2203 3597 2272 quibus

1997 2299 2195 2369 volupe
2240 2308 2323 2354 est
2367 2301 2419 2352 in
2468 2305 2688 2368 peccata
2736 2284 2897 2352 ruere
2936 2318 2947 2353 :
2984 2314 3002 2348 ι
3038 2297 3091 2350 In
3124 2311 3282 2350 camo
3328 2305 3383 2350 et
3435 2296 3592 2351 freno

1999 2391 2250 2446 maxillas
2272 2407 2460 2446 eorum
2487 2391 2826 2460 constringe,
2861 2391 2952 2459 qui
2984 2405 3089 2443 non
3118 2389 3504 2458 approximant
3528 2390 3596 2442 ad

2001 2493 2054 2541 te
2079 2485 2144 2538 ".
2185 2503 2203 2537 ι
2242 2485 2476 2554 Asperas
2519 2485 2664 2539 enim
2747 2494 2802 2538 et
2856 2483 3033 2537 adhuc
3086 2482 3249 2535 rudes
3289 2481 3598 2535 animantes

1999 2589 2100 2645 pro
2161 2574 2391 2628 arbitrio
2440 2588 2540 2628 suo
2593 2573 2894 2627 domitores
2961 2572 3130 2626 frenis
3181 2571 3594 2637 circumagunt;

2002 2667 2258 2721 similiter
2285 2668 2528 2732 peccatis
2558 2665 2772 2719 deditos
2807 2664 2949 2720 Deus
2984 2665 3050 2717 ad
3086 2679 3272 2717 eorum
3308 2662 3596 2716 utilitatem

2003 2766 2223 2812 tractat.
2269 2757 2534 2823 Quocirca
2577 2756 2863 2810 consilium
2905 2756 3106 2809 dabant
3144 2755 3441 2826 Syuagogzc
3471 2768 3599 2824 pro-

2003 2852 2179 2920 pheta:
2210 2861 2266 2903 ct
2296 2848 2454 2917 justi,
2483 2848 2558 2901 uti
2597 2862 2656 2901 se
2686 2848 2753 2901 ab
2781 2847 3051 2901 idolorum
3089 2846 3236 2900 cultu
3269 2853 3598 2908 removeret,

2002 2947 2058 2993 et
2090 2939 2158 2993 ab
2184 2954 2398 3002 errore,
2432 2939 2618 2992 nescio
2645 2938 2785 2991 unde
2816 2936 3038 2990 invento
3071 2947 3126 2990 et
3169 2935 3507 2998 introducto,
3541 2949 3600 2989 se

2003 3032 2336 3089 contineret.
2380 3029 2570 3100 Neque
2607 3030 2660 3084 hi
2697 3039 2929 3091 tantum,
2973 3027 3268 3096 sedﬂetiam
3311 3027 3427 3096 ipse
3459 3026 3600 3081 Deus

306 3120 390 3190 μὲν
429 3125 491 3193 τῇ
528 3123 842 3195 Συναγωγῇ
894 3123 1173 3194 προφῆται
1221 3125 1318 3178 καὶ
1370 3124 1590 3189 δίκαιοι,
1646 3126 1748 3194 τῆς
1789 3126 1899 3180 τῶν

2012 3123 2345 3189 minabatur,
2396 3122 2716 3177 fcedissimis
2750 3137 2843 3177 eos
2877 3137 2934 3176 se
2975 3122 3134 3175 malis
3173 3121 3596 3189 cxagitaturum,

307 3212 515 3266 εἰδώλων
546 3215 932 3286 ἁποφοιτῆσαι
965 3216 1240 3287 λατρείας,
1267 3219 1360 3270 καὶ
1385 3218 1482 3288 τῆς
1507 3219 1606 3271 οὐκ
1655 3215 1751 3273 οἷδ’
1782 3221 1906 3274 ὅθεν

305 3301 680 3376 ἐξηυρημένης
715 3307 1054 3378 ἀποσχέσθαι
1083 3309 1317 3380 πλάνης.
1362 3311 1472 3363 Καὶ
1495 3311 1554 3362 ού
1589 3311 1753 3381 μέχρι
1778 3313 1904 3366 τού-

303 3413 397 3450 των
425 3415 436 3426 ·
470 3399 621 3452 ἀλλὰ
652 3402 747 3453 καὶ
775 3401 938 3465 αὐτὸς
967 3402 1182 3470 ἠπείλει
1223 3402 1357 3467 Θεὸς
1400 3404 1685 3475 ἐπιθήσειν
1724 3407 1908 3471 αὐτοῖς

303 3491 361 3546 τὰ
387 3493 610 3548 πάντων
636 3494 896 3565 αἴσχιστα
931 3495 1039 3548 τῶν
1065 3496 1276 3559 κακῶν,
1299 3499 1348 3550 εί
1379 3497 1452 3568 μὴ
1479 3497 1685 3553 ἕλοιντο
1710 3499 1906 3552 παλιν-

303 3581 506 3655 δρομεῖν
529 3589 624 3649 εἰς
648 3585 712 3638 τὸ
741 3587 964 3656 φρονεῖν
985 3605 1067 3653 τε,
1088 3589 1182 3641 καὶ
1207 3589 1342 3660 δρᾷν
1358 3589 1428 3642 τὰ
1451 3591 1598 3661 αὐτῷ
1621 3590 1903 3655 δοκοῦντα,

305 3678 387 3730 καὶ
420 3678 564 3745 φίλα,
621 3680 686 3732 Οἱ
721 3679 779 3732 δὲ
806 3675 948 3751 ἦσαν
982 3679 1063 3732 ἔτι
1106 3681 1278 3733 δεινοί
1325 3699 1384 3735 τε
1416 3684 1510 3736 καὶ
1573 3685 1909 3756 ἀτεράμονες

306 3771 386 3822 καὶ
432 3770 529 3842 τὴν
599 3771 851 3826 διάνοιαν
901 3773 1204 3840 ἀκαμπεῖς.
1258 3775 1526 3848 Ταύτῃτοι
1577 3775 1908 3847 δορύληπτοι

306 3863 600 3930 γεγονότες,
666 3865 746 3927 είς
811 3865 1134 3936 Ἀσσυρίους
1217 3868 1313 3920 καὶ
1377 3868 1598 3940 Μήδους
1663 3871 1910 3940 μακροὺς

303 3953 712 4008 διατετελέκασι
749 3955 997 4028 χρόνους.
1050 3949 1126 4010 Οὗ
1182 3961 1494 4026 γεγονότες,
1550 3960 1647 4014 καὶ
1693 3961 1770 4032 τῷ
1807 3961 1910 4032 τῆς

305 4043 532 4112 δουλείας
569 4045 1014 4117 κατηχοισμένοι
1049 4048 1221 4118 ζυγῷ,
1258 4050 1416 4104 ἔθυον
1455 4050 1554 4121 μὲν
1583 4054 1702 4115 ταῖς
1735 4053 1912 4124 δαμά-

304 4139 434 4193 λεσιν
489 4140 716 4195 οὐκέτι»
779 4140 898 4204 πῶς
955 4140 1084 4214 γὰρ,
1147 4142 1180 4212 ἣ
1247 4143 1433 4208 πόθεν,
1486 4145 1536 4198 οἱ
1571 4144 1628 4197 δὲ
1666 4140 1808 4216 ἦσαν
1852 4145 1911 4198 ἐν

305 4232 558 4299 ὰᾳύκτοις
606 4234 838 4299 κακοῖς;
889 4231 1008 4287 ἀλλ’
1050 4234 1170 4287 οὐδὲ
1206 4235 1368 4290 αὐτὸν
1405 4236 1772 4291 ἐπεκαλοῦντο
1819 4236 1912 4292 τὸν

303 4324 460 4389 Βάαλ,
488 4325 778 4379 διετέλουν
812 4325 868 4377 δὲ
902 4324 1103 4395 μᾶλλον
1147 4327 1249 4389 τὰς
1275 4328 1485 4381 ἑαυτῶν
1515 4329 1912 4400 ἀνοιμώζοντες

305 4420 609 4491 υυμφοράς.
665 4417 841 4471 Τοῦτό
883 4418 967 4472 τοί
1011 4437 1178 4490 φησιν
1205 4422 1232 4474 ὁ
1263 4420 1372 4474 τῶν
1423 4422 1560 4476 ὅλων
1588 4423 1907 4494 Δεσπότης·

2012 3216 2113 3270 nisi
2155 3224 2362 3270 mutata
2414 3225 2618 3282 mente,
2667 3217 2732 3269 ad
2773 3215 3058 3284 cegitanda
3100 3223 3153 3268 ct
3201 3212 3447 3267 facienda
3483 3226 3604 3282 qua:

2010 3309 2112 3378 ipsi
2147 3315 2299 3378 grata
2361 3318 2416 3362 et
2440 3308 2611 3362 amica
2640 3317 2846 3372 csscut,
2892 3307 3331 3377 regrederentur.
3369 3305 3446 3357 llli
3473 3317 3604 3360 vero

2011 3401 2188 3456 adhuc
2219 3401 2394 3468 asperi
2423 3411 2478 3454 et
2505 3400 2780 3463 indomiti,
2807 3411 2860 3454 et
2891 3399 3074 3452 animo
3109 3398 3394 3468 prmfracto
3423 3404 3599 3450 erant.

2011 3494 2192 3561 Quare
2229 3493 2371 3548 bello
2418 3493 2561 3560 capti
2612 3493 2752 3563 apud
2788 3493 3042 3563 Assyrios
3078 3501 3131 3544 et
3180 3489 3365 3545 Medos
3412 3490 3602 3560 perdiu

2009 3589 2283 3642 vixerunt.
2327 3585 2428 3642 Ubi
2472 3601 2596 3641 cum
2633 3595 2853 3650 essent,
2899 3596 2952 3638 et
2995 3583 3127 3655 jngo
3163 3584 3442 3638 servitutis
3477 3597 3604 3648 gra-

2011 3692 2293 3750 varentur,
2332 3681 2518 3736 vitulis
2550 3680 2623 3735 illi
2658 3680 2876 3750 quidem
2917 3695 3022 3732 non
3055 3677 3288 3746 amplius
3325 3692 3436 3730 rem
3467 3675 3607 3729 divi-

2013 3788 2139 3826 nam
2188 3771 2471 3828 faciebant
2515 3771 2630 3842 (qui
2675 3772 2853 3832 enim,
2885 3781 2977 3824 aut
3014 3771 3157 3823 unde
3203 3769 3472 3833 facerent,
3514 3767 3605 3837 qui

2014 3865 2173 3917 malis
2248 3865 2639 3932 premebantur
2713 3861 3238 3933 inevitabilibus?),
3271 3861 3362 3916 sed
3435 3874 3609 3930 neque

2014 3957 2188 4025 ipsius
2236 3955 2368 4009 Baal
2421 3970 2576 4025 opem
2626 3955 3024 4024 implorabant;
3072 3955 3203 4023 quin
3253 3969 3378 4008 suas
3429 3951 3610 4022 potius

2014 4049 2356 4102 calamitates
2385 4047 2605 4099 assiduo
2637 4045 3104 4099 lamentabantur.
3147 4045 3260 4098 lloc
3304 4045 3468 4113 igitur
3500 4051 3606 4107 est,

2014 4138 2156 4208 quod
2195 4137 2576 4191 universorum
2653 4135 2916 4188 Dominus
2951 4134 3072 4187 ait:
3127 4133 3385 4187 Auferam
3435 4133 3609 4186 forni-

2016 4230 2288 4284 cationem
2343 4231 2460 4296 ejus
2492 4243 2520 4281 a
2557 4227 2693 4282 facie
2740 4241 2882 4290 mea,
2919 4237 2973 4280 et
3019 4226 3344 4280 adulteriutn
3387 4225 3507 4294 ejus
3545 4227 3612 4282 de

2017 4325 2198 4379 medio
2235 4323 2462 4378 uberum
2498 4323 2634 4388 ejus.
2686 4320 2875 4374 Abihit
2938 4321 3084 4374 enim
3137 4318 3376 4387 captiva,
3411 4316 3611 4387 inquit,

2017 4431 2118 4472 nec
2160 4416 2355 4471 videbo
2404 4416 2459 4470 in
2511 4422 2790 4484 posterum
2843 4413 3250 4468 sacrificantem
3301 4409 3465 4476 Baal,
3513 4424 3612 4465 nee

302 4511 404 4564 Καὶ
438 4510 632 4584 ὲξαρῶ
661 4509 758 4580 τὴν
800 4509 1062 4580 πορνείαν
1101 4512 1274 4583 αὐτῆς
1310 4513 1376 4566 ἐκ
1426 4513 1722 4586 προσώπου
1775 4533 1902 4586 μου,

2012 4508 2193 4563 vitulis
2242 4509 2423 4563 aureis
2469 4507 2612 4561 ultra
2663 4505 2979 4561 oll‘erentem
3019 4505 3374 4569 holocausta,
3413 4514 3612 4582 ctprae

303 4601 389 4653 καὶ
416 4602 514 4674 τὴν
567 4600 826 4672 μοιχείαν
901 4601 1077 4672 αὐτῆς
1135 4603 1200 4656 ἐκ
1233 4603 1399 4673 μέσου
1455 4605 1679 4674 μαστῶν
1714 4607 1906 4679 αὐτῆς.

301 4695 595 4766 Οἱχήσεται
641 4693 754 4765 γὰρ
789 4693 1162 4765 αίχμάλωτος,
1217 4694 1377 4765 φησὶ,
1423 4697 1521 4748 καὶ
1559 4698 1660 4750 οὐκ
1709 4697 1912 4770 ὂψομαι

303 4786 531 4843 θύουσαν
553 4787 640 4841 ἔτι
664 4787 745 4857 τῷ
776 4788 926 4842 Βάαλ
948 4827 961 4850 ,
1005 4786 1129 4841 οὔτε
1162 4792 1287 4852 ταῖς
1318 4789 1585 4862 δαμάλεσι
1628 4795 1749 4855 ταῖς
1778 4811 1911 4863 χρυ-

304 4882 415 4944 σαῖς
465 4880 550 4933 ἐτι
609 4878 875 4932 τελοῦσαν
921 4877 1355 4950 ὁλοκαυτώματα
1377 4921 1393 4947 ,
1452 4881 1546 4934 καὶ
1598 4883 1663 4934 ἐκ
1710 4881 1912 4952 πολλῆς

301 4969 432 5037 ἄγαν
482 4970 805 5040 ἀγερωχίας
852 4970 1142 5040 μονονουχὶ
1189 4972 1283 5023 καὶ
1328 4971 1758 5043 ἀπογυμνοῦσαν
1798 4977 1910 5038 τοῖς

303 5061 449 5126 ξδίοις
480 5063 749 5132 ἐρασταῖς
780 5061 908 5124 τοὺς
933 5058 1196 5130 μαστούς.
1241 5060 1656 5133 Ἐφησθήσομαι
1683 5061 1740 5115 δὲ
1774 5062 1912 5131 μᾶ).-

300 5153 386 5207 λον
417 5154 666 5225 ἁλυούσῃ
694 5171 780 5217 τε,
817 5154 914 5207 καὶ
934 5152 1452 5224 ταλαιπωρουμένῃ,
1491 5154 1585 5207 καὶ
1608 5154 1912 5224 ἀνήκεστον

300 5243 499 5315 ἐχούσῃ
529 5243 843 5314 συμφορὰν,
895 5243 952 5297 ἐν
995 5246 1065 5315 γῇ
1112 5243 1214 5296 ούκ
1269 5243 1396 5314 ἰδίᾳ,
1429 5245 1522 5300 καὶ
1556 5245 1662 5299 ύπὺ
1720 5247 1914 5310 δεινοῖς

302 5337 391 5388 καὶ
421 5339 650 5407 πικροῖς
672 5337 1018 5409 γεγενημένῃ
1039 5338 1352 5400 δεσπόταις.
1373 5336 1610 5396 Ἐποίσω
1641 5338 1698 5392 δὲ
1719 5338 1913 5404 ταῦτα,

301 5432 394 5500 τῆς
422 5431 569 5502 ἐμῆς
595 5431 922 5502 ἐπικουρίας
946 5430 1357 5502 ἀπογυμνώσας
1386 5430 1577 5502 αὐτὴν,
1614 5431 1707 5486 καὶ
1744 5432 1916 5503 ἀσχή-

305 5538 439 5592 μονα
473 5521 917 5587 καταλελοιπὼς,
945 5522 1021 5586 ὡς
1045 5523 1104 5576 ἐν
1139 5517 1220 5586 οἷς
1255 5519 1324 5595 ἦν
1354 5523 1412 5575 ἐν
1447 5523 1644 5594 ἀρχαῖς
1681 5523 1915 5594 ὁρᾶσθαι

303 5617 709 5688 γεγενημένην,
780 5617 870 5669 ὅτε
934 5616 1024 5670 τὸν
1072 5619 1172 5685 τῆς
1228 5615 1546 5685 Αἰγυπτίων
1601 5617 1914 5683 πλεονεξίας

305 5710 687 5782 ἁχῦοφοροῦσα
731 5711 920 5780 ζυγὸν,
954 5713 1138 5784 γυμνὴ
1191 5711 1418 5765 διετέλει
1465 5713 1563 5782 τῆς
1607 5713 1738 5784 παρ’
1778 5711 1913 5783 ἐμοῦ

379 5894 418 5924 ³¹
455 5891 576 5949 Jcr.
619 5909 689 5961 vr,
734 5892 786 5948 8.
869 5895 912 5926 ¹²
947 5891 1090 5948 Psal.
1136 5907 1292 5962 χχχι,
1335 5891 1387 5948 9.

2021 4603 2190 4658 multa
2226 4602 2479 4669 superbia
2526 4610 2736 4655 tantum
2773 4615 2879 4655 non
2923 4599 3090 4654 etiam
3125 4599 3464 4654 amatoribus
3502 4596 3614 4652 suis

2021 4692 2188 4750 ubera
2232 4696 2545 4749 nudantem.
2583 4694 2834 4748 Lmtabor
2876 4693 3059 4763 potius
3098 4707 3263 4762 super
3307 4698 3523 4758 moesta,
3561 4698 3614 4744 et

2021 4789 2240 4855 aﬂlicta,
2266 4799 2319 4843 et
2339 4787 2597 4843 aerumnis
2625 4788 2997 4842 circumventa
3025 4785 3362 4855 gravissimis
3387 4784 3440 4838 in
3469 4793 3613 4839 terra

2021 4899 2126 4936 non
2160 4897 2276 4944 sua,
2302 4882 2685 4950 feroeilmsque
2714 4887 2771 4934 et
2801 4879 3016 4933 acerbis
3049 4878 3285 4933 dominis
3318 4878 3607 4931 serviente.

2017 4976 2128 5048 34
2164 4975 2398 5029 Inferam
2447 4984 2626 5028 autem
2671 4973 2788 5028 haec
2826 4972 3052 5041 privata:
3096 4971 3316 5026 auxiliis
3361 4971 3520 5028 meis,
3561 4975 3607 5024 ri

2023 5070 2226 5121 relictae
2254 5066 2305 5120 in
2347 5066 2707 5134 turpitudine,
2741 5073 2802 5119 ut
2840 5064 3021 5118 videre
3061 5063 3224 5118 liceat
3257 5062 3607 5117 constitutam

2022 5160 2075 5212 in
2111 5161 2210 5222 iis,
2261 5161 2312 5212 in
2359 5160 2558 5228 quibus
2607 5157 2708 5211 fuit
2738 5172 2767 5211 a
2803 5156 3106 5228 principio,
3157 5153 3377 5225 quando
3426 5154 3602 5223 jugurt

2021 5251 2292 5323 [Egyptian
2328 5250 2636 5322 tyrannidis
2671 5261 2918 5319 portans,
2958 5248 3133 5320 gratia
3171 5263 3312 5312 mea,
3354 5257 3410 5300 ct
3476 5242 3614 5298 dile-

2021 5347 2225 5411 ctione,
2263 5355 2320 5399 et
2351 5344 2508 5414 legali
2545 5344 2816 5412 sapientia
2849 5343 3106 5398 destituta
3136 5339 3408 5394 manebat.
3432 5335 3616 5406 Itaque

2025 5444 2174 5492 velut
2208 5445 2356 5492 retro
2395 5451 2640 5507 regressa
2676 5436 2986 5507 Syuagoga,
3023 5447 3240 5488 rursum
3274 5430 3456 5485 fuitin
3490 5431 3616 5502 qui-

2025 5534 2125 5586 bus
2161 5531 2359 5595 fuerat,
2390 5530 2549 5584 medii
2583 5528 2843 5597 temporis
2865 5528 3072 5582 honore
3100 5533 3155 5580 et
3180 5523 3355 5594 gloria
3387 5532 3611 5594 propter

2025 5638 2178 5678 suam
2215 5621 2501 5676 stultitiam
2554 5618 2803 5673 multata.
2838 5616 2952 5671 lioc
2996 5630 3094 5670 nos
3125 5622 3180 5669 ct.
3216 5614 3329 5682 ipse
3363 5611 3616 5667 Salvator

2025 5714 2277 5782 docebat,
2313 5730 2434 5770 cum
2486 5713 2736 5768 diceret:
2771 5729 2791 5763 ι
2833 5709 2970 5765 Cum
3025 5707 3338 5764 immundus
3392 5703 3614 5778 spiritus
