  <div class='ocr_page' id='page_1' title='image "/cluster/home/n/w/nwhite01/storage/ocr_20150623/71:no.4/coo.31924054869718/039.png"; bbox 0 0 4094 6480; ppageno 0'>
   <div class='ocr_carea' id='block_1_1' title="bbox 449 381 3700 448">
    <p class='ocr_par' dir='ltr' id='par_1_1' title="bbox 449 381 3700 448">
     <span class='ocr_line' id='line_1_1' title="bbox 449 381 3700 448; baseline 0.002 -8"><span class='ocrx_word' id='word_1_1' title='bbox 449 381 522 440; x_wconf 76' lang='lat'><strong>63</strong></span> <span class='ocrx_word' id='word_1_2' title='bbox 1474 383 1532 443; x_wconf 91' lang='lat' dir='ltr'><strong>S.</strong></span> <span class='ocrx_word' id='word_1_3' title='bbox 1570 385 1848 443; x_wconf 74' lang='lat' dir='ltr'><strong>CYBILLI</strong></span> <span class='ocrx_word' id='word_1_4' title='bbox 1892 389 2365 445; x_wconf 79' lang='lat' dir='ltr'><strong>ALEXANDRINI</strong></span> <span class='ocrx_word' id='word_1_5' title='bbox 2404 388 2730 446; x_wconf 79' lang='lat' dir='ltr'><strong>ARCIHEP.</strong></span> <span class='ocrx_word' id='word_1_6' title='bbox 3637 387 3700 448; x_wconf 66' lang='grc'><strong>66</strong></span> 
     </span>
    </p>
   </div>
   <div class='ocr_carea' id='block_1_2' title="bbox 449 495 2029 575">
    <p class='ocr_par' dir='ltr' id='par_1_2' title="bbox 449 495 2027 573">
     <span class='ocr_line' id='line_1_2' title="bbox 449 495 2027 573; baseline 0.002 -19"><span class='ocrx_word' id='word_1_7' title='bbox 449 496 653 554; x_wconf 79' lang='lat' dir='ltr'><strong>exierit</strong></span> <span class='ocrx_word' id='word_1_8' title='bbox 679 495 748 552; x_wconf 89' lang='lat' dir='ltr'><strong>ab</strong></span> <span class='ocrx_word' id='word_1_9' title='bbox 773 495 1012 566; x_wconf 83' lang='lat' dir='ltr'><strong>homine,</strong></span> <span class='ocrx_word' id='word_1_10' title='bbox 1033 497 1271 553; x_wconf 88' lang='lat' dir='ltr'><strong>ambulat</strong></span> <span class='ocrx_word' id='word_1_11' title='bbox 1296 513 1392 570; x_wconf 86' lang='lat' dir='ltr'><strong>per</strong></span> <span class='ocrx_word' id='word_1_12' title='bbox 1423 500 1542 557; x_wconf 92' lang='lat' dir='ltr'><strong>loca</strong></span> <span class='ocrx_word' id='word_1_13' title='bbox 1573 504 1852 572; x_wconf 82' lang='lat' dir='ltr'><strong>iuaquosa,</strong></span> <span class='ocrx_word' id='word_1_14' title='bbox 1877 518 2027 573; x_wconf 58' lang='lat' dir='ltr'><strong>quae-</strong></span> 
     </span>
    </p>
   </div>
   <div class='ocr_carea' id='block_1_3' title="bbox 2130 495 3792 575">
    <p class='ocr_par' dir='ltr' id='par_1_3' title="bbox 2130 501 3792 575">
     <span class='ocr_line' id='line_1_3' title="bbox 2130 501 3792 575; baseline 0.001 -19"><span class='ocrx_word' id='word_1_15' title='bbox 2130 502 2347 574; x_wconf 83' lang='grc' dir='ltr'>χάριτός</span> <span class='ocrx_word' id='word_1_16' title='bbox 2376 520 2436 556; x_wconf 89' lang='grc' dir='ltr'><strong>τε</strong></span> <span class='ocrx_word' id='word_1_17' title='bbox 2493 503 2590 558; x_wconf 78' lang='grc' dir='ltr'><strong>καὶ</strong></span> <span class='ocrx_word' id='word_1_18' title='bbox 2621 503 2862 574; x_wconf 84' lang='grc' dir='ltr'><strong>ἀγάπης,</strong></span> <span class='ocrx_word' id='word_1_19' title='bbox 2890 501 2984 556; x_wconf 77' lang='grc' dir='ltr'>καὶ</span> <span class='ocrx_word' id='word_1_20' title='bbox 3001 501 3192 572; x_wconf 77' lang='grc' dir='ltr'>σοφίας</span> <span class='ocrx_word' id='word_1_21' title='bbox 3219 502 3472 575; x_wconf 83' lang='grc' dir='ltr'><strong>νομικῆς.</strong></span> <span class='ocrx_word' id='word_1_22' title='bbox 3499 502 3707 558; x_wconf 85' lang='grc' dir='ltr'>Οὐκοῦν</span> <span class='ocrx_word' id='word_1_23' title='bbox 3789 511 3792 514; x_wconf 81' lang='grc'><strong>’</strong></span> 
     </span>
    </p>
   </div>
   <div class='ocr_carea' id='block_1_4' title="bbox 448 585 2029 656">
    <p class='ocr_par' dir='ltr' id='par_1_4' title="bbox 448 585 2029 656">
     <span class='ocr_line' id='line_1_4' title="bbox 448 585 2029 656; baseline 0.004 -16"><span class='ocrx_word' id='word_1_24' title='bbox 448 599 575 642; x_wconf 85' lang='lat' dir='ltr'><strong>rens</strong></span> <span class='ocrx_word' id='word_1_25' title='bbox 601 585 866 656; x_wconf 83' lang='lat' dir='ltr'><strong>requiem,</strong></span> <span class='ocrx_word' id='word_1_26' title='bbox 898 595 955 642; x_wconf 90' lang='lat' dir='ltr'><strong>et</strong></span> <span class='ocrx_word' id='word_1_27' title='bbox 985 603 1091 643; x_wconf 91' lang='lat' dir='ltr'><strong>non</strong></span> <span class='ocrx_word' id='word_1_28' title='bbox 1125 589 1349 644; x_wconf 76' lang='lat' dir='ltr'><strong>invenit.</strong></span> <span class='ocrx_word' id='word_1_29' title='bbox 1384 589 1536 646; x_wconf 88' lang='lat' dir='ltr'><strong>Tunc</strong></span> <span class='ocrx_word' id='word_1_30' title='bbox 1560 592 1690 647; x_wconf 90' lang='lat' dir='ltr'><strong>dicit</strong></span> <span class='ocrx_word' id='word_1_31' title='bbox 1721 611 1734 646; x_wconf 88' lang='lat'><strong>:</strong></span> <span class='ocrx_word' id='word_1_32' title='bbox 1767 591 2029 648; x_wconf 80' lang='lat' dir='ltr'><strong>Revertar</strong></span> 
     </span>
    </p>
   </div>
   <div class='ocr_carea' id='block_1_5' title="bbox 448 678 2029 747">
    <p class='ocr_par' dir='ltr' id='par_1_5' title="bbox 448 678 2029 747">
     <span class='ocr_line' id='line_1_5' title="bbox 448 678 2029 747; baseline 0.003 -14"><span class='ocrx_word' id='word_1_33' title='bbox 448 678 504 733; x_wconf 89' lang='lat' dir='ltr'><strong>in</strong></span> <span class='ocrx_word' id='word_1_34' title='bbox 549 679 763 732; x_wconf 90' lang='lat' dir='ltr'><strong>domum</strong></span> <span class='ocrx_word' id='word_1_35' title='bbox 814 692 1020 745; x_wconf 84' lang='lat' dir='ltr'><strong>meam,</strong></span> <span class='ocrx_word' id='word_1_36' title='bbox 1057 681 1200 735; x_wconf 85' lang='lat' dir='ltr'><strong>unde</strong></span> <span class='ocrx_word' id='word_1_37' title='bbox 1243 683 1416 747; x_wconf 80' lang='lat' dir='ltr'><strong>exivi;</strong></span> <span class='ocrx_word' id='word_1_38' title='bbox 1459 693 1516 738; x_wconf 88' lang='lat' dir='ltr'><strong>et</strong></span> <span class='ocrx_word' id='word_1_39' title='bbox 1547 683 1770 739; x_wconf 88' lang='lat' dir='ltr'><strong>veniens</strong></span> <span class='ocrx_word' id='word_1_40' title='bbox 1823 683 2029 738; x_wconf 90' lang='lat' dir='ltr'><strong>invenit</strong></span> 
     </span>
    </p>
   </div>
   <div class='ocr_carea' id='block_1_6' title="bbox 447 767 2022 836">
    <p class='ocr_par' dir='ltr' id='par_1_6' title="bbox 447 767 2022 836">
     <span class='ocr_line' id='line_1_6' title="bbox 447 767 2022 836; baseline 0.003 -16"><span class='ocrx_word' id='word_1_41' title='bbox 447 775 751 830; x_wconf 86' lang='lat' dir='ltr'><strong>vacantem,</strong></span> <span class='ocrx_word' id='word_1_42' title='bbox 776 767 956 836; x_wconf 88' lang='lat' dir='ltr'><strong>scopis</strong></span> <span class='ocrx_word' id='word_1_43' title='bbox 983 771 1295 822; x_wconf 90' lang='lat' dir='ltr'><strong>mundatam</strong></span> <span class='ocrx_word' id='word_1_44' title='bbox 1326 778 1381 824; x_wconf 91' lang='lat' dir='ltr'><strong>et</strong></span> <span class='ocrx_word' id='word_1_45' title='bbox 1410 781 1684 824; x_wconf 90' lang='lat' dir='ltr'><strong>ornatam.</strong></span> <span class='ocrx_word' id='word_1_46' title='bbox 1712 771 1865 826; x_wconf 86' lang='lat' dir='ltr'><strong>Tunc</strong></span> <span class='ocrx_word' id='word_1_47' title='bbox 1890 771 2022 834; x_wconf 88' lang='lat' dir='ltr'><strong>abit,</strong></span> 
     </span>
    </p>
   </div>
   <div class='ocr_carea' id='block_1_7' title="bbox 449 859 2028 930">
    <p class='ocr_par' dir='ltr' id='par_1_7' title="bbox 449 859 2028 930">
     <span class='ocr_line' id='line_1_7' title="bbox 449 859 2028 930; baseline 0.003 -18"><span class='ocrx_word' id='word_1_48' title='bbox 449 868 504 912; x_wconf 91' lang='lat' dir='ltr'><strong>et</strong></span> <span class='ocrx_word' id='word_1_49' title='bbox 543 859 773 912; x_wconf 85' lang='lat' dir='ltr'><strong>assumit</strong></span> <span class='ocrx_word' id='word_1_50' title='bbox 818 868 1024 927; x_wconf 90' lang='lat' dir='ltr'><strong>septem</strong></span> <span class='ocrx_word' id='word_1_51' title='bbox 1073 859 1206 915; x_wconf 90' lang='lat' dir='ltr'><strong>alios</strong></span> <span class='ocrx_word' id='word_1_52' title='bbox 1249 860 1472 930; x_wconf 79' lang='lat' dir='ltr'><strong>spiritus</strong></span> <span class='ocrx_word' id='word_1_53' title='bbox 1519 861 1808 929; x_wconf 86' lang='lat' dir='ltr'><strong>nequiores</strong></span> <span class='ocrx_word' id='word_1_54' title='bbox 1835 877 1935 926; x_wconf 77' lang='lat' dir='ltr'><strong>se,</strong></span> <span class='ocrx_word' id='word_1_55' title='bbox 1971 872 2028 918; x_wconf 88' lang='lat' dir='ltr'><strong>et</strong></span> 
     </span>
    </p>
   </div>
   <div class='ocr_carea' id='block_1_8' title="bbox 450 950 2025 1020">
    <p class='ocr_par' dir='ltr' id='par_1_8' title="bbox 450 950 2025 1020">
     <span class='ocr_line' id='line_1_8' title="bbox 450 950 2025 1020; baseline 0.003 -16"><span class='ocrx_word' id='word_1_56' title='bbox 450 950 682 1020; x_wconf 89' lang='lat' dir='ltr'><strong>ingressi</strong></span> <span class='ocrx_word' id='word_1_57' title='bbox 726 951 973 1006; x_wconf 89' lang='lat' dir='ltr'><strong>habitant</strong></span> <span class='ocrx_word' id='word_1_58' title='bbox 1013 951 1122 1015; x_wconf 85' lang='lat' dir='ltr'><strong>ibi,</strong></span> <span class='ocrx_word' id='word_1_59' title='bbox 1165 959 1219 1005; x_wconf 91' lang='lat' dir='ltr'><strong>et</strong></span> <span class='ocrx_word' id='word_1_60' title='bbox 1261 952 1398 1006; x_wconf 84' lang='lat' dir='ltr'><strong>ﬁunt</strong></span> <span class='ocrx_word' id='word_1_61' title='bbox 1446 954 1737 1007; x_wconf 89' lang='lat' dir='ltr'><strong>novissima</strong></span> <span class='ocrx_word' id='word_1_62' title='bbox 1790 952 2025 1009; x_wconf 88' lang='lat' dir='ltr'><strong>hominis</strong></span> 
     </span>
    </p>
   </div>
   <div class='ocr_carea' id='block_1_9' title="bbox 449 1037 2025 1109">
    <p class='ocr_par' dir='ltr' id='par_1_9' title="bbox 449 1037 2025 1109">
     <span class='ocr_line' id='line_1_9' title="bbox 449 1037 2025 1109; baseline 0.003 -19"><span class='ocrx_word' id='word_1_63' title='bbox 449 1037 596 1093; x_wconf 90' lang='lat' dir='ltr'><strong>illius</strong></span> <span class='ocrx_word' id='word_1_64' title='bbox 646 1038 829 1109; x_wconf 81' lang='lat' dir='ltr'><strong>pejora</strong></span> <span class='ocrx_word' id='word_1_65' title='bbox 874 1039 1168 1109; x_wconf 87' lang='lat' dir='ltr'><strong>prioribus.</strong></span> <span class='ocrx_word' id='word_1_66' title='bbox 1223 1041 1313 1094; x_wconf 91' lang='lat' dir='ltr'><strong>Sic</strong></span> <span class='ocrx_word' id='word_1_67' title='bbox 1360 1040 1464 1093; x_wconf 88' lang='lat' dir='ltr'><strong>erit</strong></span> <span class='ocrx_word' id='word_1_68' title='bbox 1513 1042 1848 1109; x_wconf 89' lang='lat' dir='ltr'><strong>generationi</strong></span> <span class='ocrx_word' id='word_1_69' title='bbox 1901 1041 2025 1094; x_wconf 86' lang='lat' dir='ltr'><strong>huic</strong></span> 
     </span>
    </p>
   </div>
   <div class='ocr_carea' id='block_1_10' title="bbox 450 1130 2024 1202">
    <p class='ocr_par' dir='ltr' id='par_1_10' title="bbox 450 1130 2024 1202">
     <span class='ocr_line' id='line_1_10' title="bbox 450 1130 2024 1202; baseline 0.001 -18"><span class='ocrx_word' id='word_1_70' title='bbox 450 1132 698 1198; x_wconf 68' lang='lat' dir='ltr'><strong>pessimae</strong></span> <span class='ocrx_word' id='word_1_71' title='bbox 725 1132 825 1185; x_wconf 82' lang='grc'>¹³.›</span> <span class='ocrx_word' id='word_1_72' title='bbox 853 1131 1041 1185; x_wconf 83' lang='lat' dir='ltr'><strong>Adhuc</strong></span> <span class='ocrx_word' id='word_1_73' title='bbox 1058 1131 1202 1186; x_wconf 87' lang='lat' dir='ltr'><strong>enim</strong></span> <span class='ocrx_word' id='word_1_74' title='bbox 1235 1131 1285 1184; x_wconf 90' lang='lat' dir='ltr'><strong>in</strong></span> <span class='ocrx_word' id='word_1_75' title='bbox 1314 1130 1550 1202; x_wconf 59' lang='lat' dir='ltr'><strong>[Egypto</strong></span> <span class='ocrx_word' id='word_1_76' title='bbox 1569 1132 2024 1185; x_wconf 83' lang='lat' dir='ltr'><strong>commorantibus</strong></span> 
     </span>
    </p>
   </div>
   <div class='ocr_carea' id='block_1_11' title="bbox 447 1220 2024 1292">
    <p class='ocr_par' dir='ltr' id='par_1_11' title="bbox 447 1220 2024 1292">
     <span class='ocr_line' id='line_1_11' title="bbox 447 1220 2024 1292; baseline 0.001 -19"><span class='ocrx_word' id='word_1_77' title='bbox 447 1220 708 1277; x_wconf 74' lang='lat' dir='ltr'><strong>Israelitis</strong></span> <span class='ocrx_word' id='word_1_78' title='bbox 731 1223 954 1290; x_wconf 77' lang='lat' dir='ltr'><strong>spiritus</strong></span> <span class='ocrx_word' id='word_1_79' title='bbox 977 1238 1205 1292; x_wconf 82' lang='lat' dir='ltr'><strong>nequam</strong></span> <span class='ocrx_word' id='word_1_80' title='bbox 1239 1221 1291 1276; x_wconf 89' lang='lat' dir='ltr'><strong>in</strong></span> <span class='ocrx_word' id='word_1_81' title='bbox 1327 1222 1480 1290; x_wconf 88' lang='lat' dir='ltr'><strong>ipsis,</strong></span> <span class='ocrx_word' id='word_1_82' title='bbox 1520 1222 1894 1277; x_wconf 86' lang='lat' dir='ltr'><strong>utidololalris</strong></span> <span class='ocrx_word' id='word_1_83' title='bbox 1929 1223 2024 1276; x_wconf 85' lang='lat' dir='ltr'><strong>ha-</strong></span> 
     </span>
    </p>
   </div>
   <div class='ocr_carea' id='block_1_12' title="bbox 450 1313 2022 1384">
    <p class='ocr_par' dir='ltr' id='par_1_12' title="bbox 450 1313 2022 1384">
     <span class='ocr_line' id='line_1_12' title="bbox 450 1313 2022 1384; baseline 0.001 -18"><span class='ocrx_word' id='word_1_84' title='bbox 450 1315 677 1368; x_wconf 84' lang='lat' dir='ltr'><strong>bilabat.</strong></span> <span class='ocrx_word' id='word_1_85' title='bbox 722 1313 830 1368; x_wconf 92' lang='lat' dir='ltr'><strong>Sed</strong></span> <span class='ocrx_word' id='word_1_86' title='bbox 862 1313 1066 1382; x_wconf 85' lang='lat' dir='ltr'><strong>ejectus</strong></span> <span class='ocrx_word' id='word_1_87' title='bbox 1104 1322 1188 1368; x_wconf 92' lang='lat' dir='ltr'><strong>est</strong></span> <span class='ocrx_word' id='word_1_88' title='bbox 1216 1321 1436 1382; x_wconf 83' lang='lat' dir='ltr'><strong>postea;</strong></span> <span class='ocrx_word' id='word_1_89' title='bbox 1471 1329 1568 1382; x_wconf 91' lang='lat' dir='ltr'><strong>per</strong></span> <span class='ocrx_word' id='word_1_90' title='bbox 1613 1313 1832 1384; x_wconf 83' lang='lat' dir='ltr'><strong>Moysen</strong></span> <span class='ocrx_word' id='word_1_91' title='bbox 1879 1317 2022 1368; x_wconf 87' lang='lat' dir='ltr'><strong>enim</strong></span> 
     </span>
    </p>
   </div>
   <div class='ocr_carea' id='block_1_13' title="bbox 446 1404 2021 1476">
    <p class='ocr_par' dir='ltr' id='par_1_13' title="bbox 446 1404 2021 1476">
     <span class='ocr_line' id='line_1_13' title="bbox 446 1404 2021 1476; baseline 0 -18"><span class='ocrx_word' id='word_1_92' title='bbox 446 1406 513 1458; x_wconf 90' lang='lat' dir='ltr'><strong>ad</strong></span> <span class='ocrx_word' id='word_1_93' title='bbox 549 1405 908 1476; x_wconf 79' lang='lat' dir='ltr'><strong>cognitionem</strong></span> <span class='ocrx_word' id='word_1_94' title='bbox 955 1404 1050 1458; x_wconf 90' lang='lat' dir='ltr'><strong>Dei</strong></span> <span class='ocrx_word' id='word_1_95' title='bbox 1099 1405 1272 1458; x_wconf 83' lang='lat' dir='ltr'><strong>vocati</strong></span> <span class='ocrx_word' id='word_1_96' title='bbox 1318 1414 1465 1458; x_wconf 86' lang='lat' dir='ltr'><strong>sunt.</strong></span> <span class='ocrx_word' id='word_1_97' title='bbox 1515 1404 1806 1474; x_wconf 88' lang='lat' dir='ltr'><strong>Postquam</strong></span> <span class='ocrx_word' id='word_1_98' title='bbox 1841 1416 2021 1460; x_wconf 89' lang='lat' dir='ltr'><strong>autem</strong></span> 
     </span>
    </p>
   </div>
   <div class='ocr_carea' id='block_1_14' title="bbox 445 1494 2024 1555">
    <p class='ocr_par' dir='ltr' id='par_1_14' title="bbox 445 1494 2024 1555">
     <span class='ocr_line' id='line_1_14' title="bbox 445 1494 2024 1555; baseline 0.001 -7"><span class='ocrx_word' id='word_1_99' title='bbox 445 1494 735 1551; x_wconf 87' lang='lat' dir='ltr'><strong>Dominum</strong></span> <span class='ocrx_word' id='word_1_100' title='bbox 786 1495 1132 1555; x_wconf 88' lang='lat' dir='ltr'><strong>occiderunt,</strong></span> <span class='ocrx_word' id='word_1_101' title='bbox 1187 1503 1243 1548; x_wconf 90' lang='lat' dir='ltr'><strong>et</strong></span> <span class='ocrx_word' id='word_1_102' title='bbox 1290 1494 1436 1549; x_wconf 89' lang='lat' dir='ltr'><strong>mille</strong></span> <span class='ocrx_word' id='word_1_103' title='bbox 1483 1509 1541 1549; x_wconf 89' lang='lat' dir='ltr'><strong>se</strong></span> <span class='ocrx_word' id='word_1_104' title='bbox 1588 1495 1882 1551; x_wconf 84' lang='lat' dir='ltr'><strong>sceleribus</strong></span> <span class='ocrx_word' id='word_1_105' title='bbox 1925 1497 2024 1550; x_wconf 90' lang='lat' dir='ltr'><strong>ob-</strong></span> 
     </span>
    </p>
   </div>
   <div class='ocr_carea' id='block_1_15' title="bbox 446 1584 2022 1656">
    <p class='ocr_par' dir='ltr' id='par_1_15' title="bbox 446 1584 2022 1656">
     <span class='ocr_line' id='line_1_15' title="bbox 446 1584 2022 1656; baseline 0.002 -19"><span class='ocrx_word' id='word_1_106' title='bbox 446 1584 807 1650; x_wconf 81' lang='lat' dir='ltr'><strong>strinxerunt,</strong></span> <span class='ocrx_word' id='word_1_107' title='bbox 833 1585 977 1640; x_wconf 88' lang='lat' dir='ltr'><strong>facta</strong></span> <span class='ocrx_word' id='word_1_108' title='bbox 1008 1594 1135 1640; x_wconf 93' lang='lat' dir='ltr'><strong>sunt</strong></span> <span class='ocrx_word' id='word_1_109' title='bbox 1164 1584 1269 1640; x_wconf 82' lang='lat' dir='ltr'><strong>illis</strong></span> <span class='ocrx_word' id='word_1_110' title='bbox 1294 1586 1586 1640; x_wconf 86' lang='lat' dir='ltr'><strong>novissima</strong></span> <span class='ocrx_word' id='word_1_111' title='bbox 1618 1586 1799 1654; x_wconf 83' lang='lat' dir='ltr'><strong>pejora</strong></span> <span class='ocrx_word' id='word_1_112' title='bbox 1825 1587 2022 1656; x_wconf 85' lang='lat' dir='ltr'><strong>priori-</strong></span> 
     </span>
    </p>
   </div>
   <div class='ocr_carea' id='block_1_16' title="bbox 443 1671 2023 1745">
    <p class='ocr_par' dir='ltr' id='par_1_16' title="bbox 443 1671 2023 1745">
     <span class='ocr_line' id='line_1_16' title="bbox 443 1671 2023 1745; baseline 0.002 -17"><span class='ocrx_word' id='word_1_113' title='bbox 443 1675 570 1740; x_wconf 87' lang='lat' dir='ltr'><strong>bus,</strong></span> <span class='ocrx_word' id='word_1_114' title='bbox 601 1688 706 1728; x_wconf 88' lang='lat' dir='ltr'><strong>non</strong></span> <span class='ocrx_word' id='word_1_115' title='bbox 740 1688 849 1728; x_wconf 93' lang='lat' dir='ltr'><strong>uno</strong></span> <span class='ocrx_word' id='word_1_116' title='bbox 889 1682 1125 1740; x_wconf 89' lang='lat' dir='ltr'><strong>tantum,</strong></span> <span class='ocrx_word' id='word_1_117' title='bbox 1169 1675 1261 1728; x_wconf 91' lang='lat' dir='ltr'><strong>sed</strong></span> <span class='ocrx_word' id='word_1_118' title='bbox 1307 1687 1470 1744; x_wconf 86' lang='lat' dir='ltr'><strong>grege</strong></span> <span class='ocrx_word' id='word_1_119' title='bbox 1509 1671 1820 1728; x_wconf 69' lang='lat' dir='ltr'><strong>dasmonum</strong></span> <span class='ocrx_word' id='word_1_120' title='bbox 1877 1676 2023 1745; x_wconf 91' lang='lat' dir='ltr'><strong>ipsos</strong></span> 
     </span>
    </p>
   </div>
   <div class='ocr_carea' id='block_1_17' title="bbox 449 1763 2020 1834">
    <p class='ocr_par' dir='ltr' id='par_1_17' title="bbox 449 1763 2020 1834">
     <span class='ocr_line' id='line_1_17' title="bbox 449 1763 2020 1834; baseline 0 -15"><span class='ocrx_word' id='word_1_121' title='bbox 449 1765 813 1820; x_wconf 88' lang='lat' dir='ltr'><strong>inhabitante.</strong></span> <span class='ocrx_word' id='word_1_122' title='bbox 845 1764 1039 1818; x_wconf 88' lang='lat' dir='ltr'><strong>Anima</strong></span> <span class='ocrx_word' id='word_1_123' title='bbox 1071 1765 1216 1818; x_wconf 90' lang='lat' dir='ltr'><strong>enim</strong></span> <span class='ocrx_word' id='word_1_124' title='bbox 1247 1778 1367 1818; x_wconf 92' lang='lat' dir='ltr'><strong>cum</strong></span> <span class='ocrx_word' id='word_1_125' title='bbox 1399 1763 1641 1818; x_wconf 64' lang='lat' dir='ltr'><strong>caelestis</strong></span> <span class='ocrx_word' id='word_1_126' title='bbox 1673 1766 1860 1834; x_wconf 73' lang='lat' dir='ltr'><strong>gratia:</strong></span> <span class='ocrx_word' id='word_1_127' title='bbox 1901 1781 2020 1819; x_wconf 91' lang='lat' dir='ltr'><strong>mu-</strong></span> 
     </span>
    </p>
   </div>
   <div class='ocr_carea' id='block_1_18' title="bbox 445 1853 1946 1926">
    <p class='ocr_par' dir='ltr' id='par_1_18' title="bbox 445 1853 1946 1926">
     <span class='ocr_line' id='line_1_18' title="bbox 445 1853 1946 1926; baseline 0.001 -17"><span class='ocrx_word' id='word_1_128' title='bbox 445 1856 746 1910; x_wconf 88' lang='lat' dir='ltr'><strong>nimentum</strong></span> <span class='ocrx_word' id='word_1_129' title='bbox 785 1855 1069 1926; x_wconf 74' lang='lat' dir='ltr'><strong>abiecerit,</strong></span> <span class='ocrx_word' id='word_1_130' title='bbox 1103 1853 1361 1911; x_wconf 81' lang='lat' dir='ltr'><strong>facillime</strong></span> <span class='ocrx_word' id='word_1_131' title='bbox 1397 1871 1425 1908; x_wconf 91' lang='lat' dir='ltr'><strong>a</strong></span> <span class='ocrx_word' id='word_1_132' title='bbox 1458 1855 1658 1911; x_wconf 86' lang='lat' dir='ltr'><strong>Satana</strong></span> <span class='ocrx_word' id='word_1_133' title='bbox 1684 1857 1946 1924; x_wconf 79' lang='lat' dir='ltr'><strong>capietur.</strong></span> 
     </span>
    </p>
   </div>
   <div class='ocr_carea' id='block_1_19' title="bbox 2128 591 3708 664">
    <p class='ocr_par' dir='ltr' id='par_1_19' title="bbox 2128 591 3708 664">
     <span class='ocr_line' id='line_1_19' title="bbox 2128 591 3708 664; baseline 0.003 -21"><span class='ocrx_word' id='word_1_134' title='bbox 2128 593 2210 654; x_wconf 85' lang='grc' dir='ltr'><strong>είς</strong></span> <span class='ocrx_word' id='word_1_135' title='bbox 2244 592 2610 664; x_wconf 85' lang='grc' dir='ltr'>ὑποστροφὴν,</span> <span class='ocrx_word' id='word_1_136' title='bbox 2650 593 2743 646; x_wconf 77' lang='grc' dir='ltr'><strong>καὶ</strong></span> <span class='ocrx_word' id='word_1_137' title='bbox 2767 593 2960 647; x_wconf 88' lang='grc' dir='ltr'>ἀνόπιν</span> <span class='ocrx_word' id='word_1_138' title='bbox 2998 592 3188 664; x_wconf 84' lang='grc' dir='ltr'>ὥσπερ</span> <span class='ocrx_word' id='word_1_139' title='bbox 3218 591 3393 658; x_wconf 84' lang='grc' dir='ltr'>ίοῦσα,</span> <span class='ocrx_word' id='word_1_140' title='bbox 3441 592 3601 647; x_wconf 92' lang='grc' dir='ltr'>πάλιν</span> <span class='ocrx_word' id='word_1_141' title='bbox 3650 594 3708 648; x_wconf 81' lang='grc' dir='ltr'><strong>ἐν</strong></span> 
     </span>
    </p>
   </div>
   <div class='ocr_carea' id='block_1_20' title="bbox 2127 676 3709 754">
    <p class='ocr_par' dir='ltr' id='par_1_20' title="bbox 2127 676 3709 754">
     <span class='ocr_line' id='line_1_20' title="bbox 2127 676 3709 754; baseline 0.003 -20"><span class='ocrx_word' id='word_1_142' title='bbox 2127 676 2209 746; x_wconf 75' lang='grc' dir='ltr'>οἷς</span> <span class='ocrx_word' id='word_1_143' title='bbox 2235 679 2305 753; x_wconf 84' lang='grc' dir='ltr'>ἦν</span> <span class='ocrx_word' id='word_1_144' title='bbox 2335 683 2558 752; x_wconf 86' lang='grc' dir='ltr'>γέγονεν</span> <span class='ocrx_word' id='word_1_145' title='bbox 2615 685 2648 753; x_wconf 83' lang='grc' dir='ltr'>ἡ</span> <span class='ocrx_word' id='word_1_146' title='bbox 2682 682 3001 754; x_wconf 78' lang='grc' dir='ltr'>Συναγωγὴ,</span> <span class='ocrx_word' id='word_1_147' title='bbox 3044 683 3145 753; x_wconf 86' lang='grc' dir='ltr'>τὴν</span> <span class='ocrx_word' id='word_1_148' title='bbox 3190 679 3396 754; x_wconf 79' lang='grc' dir='ltr'>μεταξὺ</span> <span class='ocrx_word' id='word_1_149' title='bbox 3439 684 3605 753; x_wconf 86' lang='grc' dir='ltr'>τιμήν</span> <span class='ocrx_word' id='word_1_150' title='bbox 3647 700 3709 738; x_wconf 71' lang='grc' dir='ltr'><strong>τε</strong></span> 
     </span>
    </p>
   </div>
   <div class='ocr_carea' id='block_1_21' title="bbox 2127 773 3709 846">
    <p class='ocr_par' dir='ltr' id='par_1_21' title="bbox 2127 773 3709 846">
     <span class='ocr_line' id='line_1_21' title="bbox 2127 773 3709 846; baseline 0 -19"><span class='ocrx_word' id='word_1_151' title='bbox 2127 774 2404 838; x_wconf 73' lang='grc' dir='ltr'>καὶδόξαν</span> <span class='ocrx_word' id='word_1_152' title='bbox 2437 775 2496 840; x_wconf 79' lang='grc' dir='ltr'><strong>ἐξ</strong></span> <span class='ocrx_word' id='word_1_153' title='bbox 2527 775 2764 846; x_wconf 86' lang='grc' dir='ltr'>ἀμαθίας</span> <span class='ocrx_word' id='word_1_154' title='bbox 2797 773 3159 846; x_wconf 80' lang='grc' dir='ltr'>ζημιουμένη.</span> <span class='ocrx_word' id='word_1_155' title='bbox 3203 773 3374 828; x_wconf 83' lang='grc' dir='ltr'>Τοῦτο</span> <span class='ocrx_word' id='word_1_156' title='bbox 3426 775 3520 830; x_wconf 80' lang='grc' dir='ltr'>καὶ</span> <span class='ocrx_word' id='word_1_157' title='bbox 3548 775 3709 839; x_wconf 79' lang='grc' dir='ltr'>αὐτὸς</span> 
     </span>
    </p>
   </div>
   <div class='ocr_carea' id='block_1_22' title="bbox 2126 865 3711 937">
    <p class='ocr_par' dir='ltr' id='par_1_22' title="bbox 2126 865 3711 937">
     <span class='ocr_line' id='line_1_22' title="bbox 2126 865 3711 937; baseline 0.001 -18"><span class='ocrx_word' id='word_1_158' title='bbox 2126 865 2274 936; x_wconf 81' lang='grc' dir='ltr'>ἡμᾶς</span> <span class='ocrx_word' id='word_1_159' title='bbox 2335 867 2612 920; x_wconf 83' lang='grc' dir='ltr'>ἐδίδασκεν</span> <span class='ocrx_word' id='word_1_160' title='bbox 2670 866 2698 934; x_wconf 81' lang='grc' dir='ltr'><strong>ό</strong></span> <span class='ocrx_word' id='word_1_161' title='bbox 2745 867 2957 937; x_wconf 82' lang='grc' dir='ltr'>Σωτὴρ,</span> <span class='ocrx_word' id='word_1_162' title='bbox 2990 867 3198 936; x_wconf 78' lang='grc' dir='ltr'>λέγων’</span> <span class='ocrx_word' id='word_1_163' title='bbox 3268 884 3287 917; x_wconf 80' lang='lat' dir='ltr'><strong>t</strong></span> <span class='ocrx_word' id='word_1_164' title='bbox 3316 867 3486 921; x_wconf 88' lang='grc' dir='ltr'>Ὅταν</span> <span class='ocrx_word' id='word_1_165' title='bbox 3536 868 3594 920; x_wconf 83' lang='grc' dir='ltr'>δὲ</span> <span class='ocrx_word' id='word_1_166' title='bbox 3650 866 3711 920; x_wconf 74' lang='grc' dir='ltr'>τὸ</span> 
     </span>
    </p>
   </div>
   <div class='ocr_carea' id='block_1_23' title="bbox 2126 955 3709 1029">
    <p class='ocr_par' dir='ltr' id='par_1_23' title="bbox 2126 955 3709 1029">
     <span class='ocr_line' id='line_1_23' title="bbox 2126 955 3709 1029; baseline 0 -21"><span class='ocrx_word' id='word_1_167' title='bbox 2126 955 2438 1027; x_wconf 83' lang='grc' dir='ltr'><strong>ἀκάθαρτον</strong></span> <span class='ocrx_word' id='word_1_168' title='bbox 2470 957 2688 1028; x_wconf 80' lang='grc' dir='ltr'>πνεῦμα</span> <span class='ocrx_word' id='word_1_169' title='bbox 2719 956 2909 1029; x_wconf 79' lang='grc' dir='ltr'><strong>ἐξέλθῃ</strong></span> <span class='ocrx_word' id='word_1_170' title='bbox 2937 956 3047 1011; x_wconf 84' lang='grc' dir='ltr'><strong>ἀπὺ</strong></span> <span class='ocrx_word' id='word_1_171' title='bbox 3077 956 3170 1011; x_wconf 84' lang='grc' dir='ltr'>τοῦ</span> <span class='ocrx_word' id='word_1_172' title='bbox 3207 956 3522 1027; x_wconf 78' lang='grc' dir='ltr'>ἀνθρώπου,</span> <span class='ocrx_word' id='word_1_173' title='bbox 3559 957 3709 1026; x_wconf 80' lang='grc' dir='ltr'>διέρο</span> 
     </span>
    </p>
   </div>
   <div class='ocr_carea' id='block_1_24' title="bbox 2126 1047 3708 1119">
    <p class='ocr_par' dir='ltr' id='par_1_24' title="bbox 2126 1047 3708 1119">
     <span class='ocr_line' id='line_1_24' title="bbox 2126 1047 3708 1119; baseline 0.002 -21"><span class='ocrx_word' id='word_1_174' title='bbox 2126 1064 2278 1116; x_wconf 88' lang='grc' dir='ltr'>χεται</span> <span class='ocrx_word' id='word_1_175' title='bbox 2304 1047 2372 1100; x_wconf 80' lang='grc' dir='ltr'>δι’</span> <span class='ocrx_word' id='word_1_176' title='bbox 2401 1047 2646 1119; x_wconf 85' lang='grc' dir='ltr'><strong>ἀνύδρων</strong></span> <span class='ocrx_word' id='word_1_177' title='bbox 2677 1047 2877 1112; x_wconf 88' lang='grc' dir='ltr'>τόπων,</span> <span class='ocrx_word' id='word_1_178' title='bbox 2902 1047 3100 1119; x_wconf 79' lang='grc' dir='ltr'><strong>ζητοῦν</strong></span> <span class='ocrx_word' id='word_1_179' title='bbox 3133 1049 3459 1110; x_wconf 81' lang='grc' dir='ltr'><strong>ἀνάπαυσιν,</strong></span> <span class='ocrx_word' id='word_1_180' title='bbox 3484 1049 3578 1101; x_wconf 76' lang='grc' dir='ltr'>καὶ</span> <span class='ocrx_word' id='word_1_181' title='bbox 3611 1049 3708 1118; x_wconf 81' lang='grc' dir='ltr'><strong>οὐχ</strong></span> 
     </span>
    </p>
   </div>
   <div class='ocr_carea' id='block_1_25' title="bbox 2125 1132 3712 1207">
    <p class='ocr_par' dir='ltr' id='par_1_25' title="bbox 2125 1132 3712 1207">
     <span class='ocr_line' id='line_1_25' title="bbox 2125 1132 3712 1207; baseline 0.002 -22"><span class='ocrx_word' id='word_1_182' title='bbox 2125 1134 2390 1205; x_wconf 80' lang='grc' dir='ltr'><strong>εὑρίσκει.</strong></span> <span class='ocrx_word' id='word_1_183' title='bbox 2425 1137 2557 1189; x_wconf 84' lang='grc' dir='ltr'>Τότε</span> <span class='ocrx_word' id='word_1_184' title='bbox 2591 1136 2762 1204; x_wconf 83' lang='grc' dir='ltr'>λέγει,</span> <span class='ocrx_word' id='word_1_185' title='bbox 2803 1136 3150 1207; x_wconf 70' lang='grc' dir='ltr'>Ἐπιστρέψω</span> <span class='ocrx_word' id='word_1_186' title='bbox 3172 1139 3253 1201; x_wconf 82' lang='grc' dir='ltr'><strong>είς</strong></span> <span class='ocrx_word' id='word_1_187' title='bbox 3284 1137 3377 1190; x_wconf 85' lang='grc' dir='ltr'><strong>τὸν</strong></span> <span class='ocrx_word' id='word_1_188' title='bbox 3417 1132 3570 1191; x_wconf 77' lang='grc' dir='ltr'>οἶκόν</span> <span class='ocrx_word' id='word_1_189' title='bbox 3607 1153 3712 1206; x_wconf 87' lang='grc' dir='ltr'><strong>μου</strong></span> 
     </span>
    </p>
   </div>
   <div class='ocr_carea' id='block_1_26' title="bbox 2125 1225 3706 1299">
    <p class='ocr_par' dir='ltr' id='par_1_26' title="bbox 2125 1225 3706 1299">
     <span class='ocr_line' id='line_1_26' title="bbox 2125 1225 3706 1299; baseline 0.001 -21"><span class='ocrx_word' id='word_1_190' title='bbox 2125 1225 2244 1278; x_wconf 83' lang='grc' dir='ltr'>ὅθεν</span> <span class='ocrx_word' id='word_1_191' title='bbox 2266 1226 2509 1294; x_wconf 78' lang='grc' dir='ltr'>ἐξῆλθον·</span> <span class='ocrx_word' id='word_1_192' title='bbox 2553 1229 2649 1281; x_wconf 77' lang='grc' dir='ltr'><strong>καὶ</strong></span> <span class='ocrx_word' id='word_1_193' title='bbox 2678 1229 2831 1282; x_wconf 81' lang='grc' dir='ltr'>ἐλθὸν</span> <span class='ocrx_word' id='word_1_194' title='bbox 2860 1229 3105 1298; x_wconf 83' lang='grc' dir='ltr'>εὑρίσκει</span> <span class='ocrx_word' id='word_1_195' title='bbox 3142 1229 3493 1299; x_wconf 78' lang='grc' dir='ltr'>σχολάζοντα,</span> <span class='ocrx_word' id='word_1_196' title='bbox 3540 1246 3706 1282; x_wconf 88' lang='grc' dir='ltr'>σεσα-</span> 
     </span>
    </p>
   </div>
   <div class='ocr_carea' id='block_1_27' title="bbox 2127 1318 3712 1392">
    <p class='ocr_par' dir='ltr' id='par_1_27' title="bbox 2127 1318 3712 1392">
     <span class='ocr_line' id='line_1_27' title="bbox 2127 1318 3712 1392; baseline 0.003 -23"><span class='ocrx_word' id='word_1_197' title='bbox 2127 1318 2389 1387; x_wconf 87' lang='grc' dir='ltr'>ρωμένον,</span> <span class='ocrx_word' id='word_1_198' title='bbox 2437 1319 2532 1372; x_wconf 77' lang='grc' dir='ltr'><strong>καὶ</strong></span> <span class='ocrx_word' id='word_1_199' title='bbox 2583 1321 3017 1391; x_wconf 81' lang='grc' dir='ltr'>κεκοσμημένον.</span> <span class='ocrx_word' id='word_1_200' title='bbox 3074 1321 3209 1374; x_wconf 82' lang='grc' dir='ltr'>Τότε</span> <span class='ocrx_word' id='word_1_201' title='bbox 3253 1320 3567 1392; x_wconf 84' lang='grc' dir='ltr'>πορεύεται,</span> <span class='ocrx_word' id='word_1_202' title='bbox 3618 1320 3712 1374; x_wconf 73' lang='grc' dir='ltr'>καὶ</span> 
     </span>
    </p>
   </div>
   <div class='ocr_carea' id='block_1_28' title="bbox 2125 1408 3713 1483">
    <p class='ocr_par' dir='ltr' id='par_1_28' title="bbox 2125 1408 3713 1483">
     <span class='ocr_line' id='line_1_28' title="bbox 2125 1408 3713 1483; baseline 0.003 -24"><span class='ocrx_word' id='word_1_203' title='bbox 2125 1408 2544 1479; x_wconf 86' lang='grc' dir='ltr'>παραλαμϐάνει</span> <span class='ocrx_word' id='word_1_204' title='bbox 2606 1411 2746 1465; x_wconf 84' lang='grc' dir='ltr'><strong>ἐπτά</strong></span> <span class='ocrx_word' id='word_1_205' title='bbox 2801 1412 2966 1483; x_wconf 74' lang='grc' dir='ltr'>ἔτερα</span> <span class='ocrx_word' id='word_1_206' title='bbox 3030 1411 3320 1481; x_wconf 87' lang='grc' dir='ltr'>πνεύματα</span> <span class='ocrx_word' id='word_1_207' title='bbox 3372 1411 3713 1482; x_wconf 86' lang='grc' dir='ltr'>πονηρότερα</span> 
     </span>
    </p>
   </div>
   <div class='ocr_carea' id='block_1_29' title="bbox 2125 1498 3714 1571">
    <p class='ocr_par' dir='ltr' id='par_1_29' title="bbox 2125 1498 3714 1571">
     <span class='ocr_line' id='line_1_29' title="bbox 2125 1498 3714 1571; baseline 0.002 -21"><span class='ocrx_word' id='word_1_208' title='bbox 2125 1498 2341 1560; x_wconf 80' lang='grc' dir='ltr'>ἑαυτοῦ,</span> <span class='ocrx_word' id='word_1_209' title='bbox 2372 1499 2466 1553; x_wconf 74' lang='grc' dir='ltr'><strong>καὶ</strong></span> <span class='ocrx_word' id='word_1_210' title='bbox 2496 1499 2806 1556; x_wconf 85' lang='grc' dir='ltr'>εἰσελθόντα</span> <span class='ocrx_word' id='word_1_211' title='bbox 2828 1504 3077 1555; x_wconf 83' lang='grc' dir='ltr'>κατοικεῖ</span> <span class='ocrx_word' id='word_1_212' title='bbox 3107 1503 3224 1556; x_wconf 82' lang='grc' dir='ltr'>ἐκεῖ</span> <span class='ocrx_word' id='word_1_213' title='bbox 3244 1519 3259 1534; x_wconf 78' lang='grc' dir='ltr'><strong>ο</strong></span> <span class='ocrx_word' id='word_1_214' title='bbox 3292 1501 3387 1556; x_wconf 76' lang='grc' dir='ltr'>καὶ</span> <span class='ocrx_word' id='word_1_215' title='bbox 3416 1501 3627 1571; x_wconf 78' lang='grc' dir='ltr'>γίνεται</span> <span class='ocrx_word' id='word_1_216' title='bbox 3645 1500 3714 1553; x_wconf 85' lang='grc' dir='ltr'>τὰ</span> 
     </span>
    </p>
   </div>
   <div class='ocr_carea' id='block_1_30' title="bbox 2124 1589 3711 1663">
    <p class='ocr_par' dir='ltr' id='par_1_30' title="bbox 2124 1589 3711 1663">
     <span class='ocr_line' id='line_1_30' title="bbox 2124 1589 3711 1663; baseline 0.002 -22"><span class='ocrx_word' id='word_1_217' title='bbox 2124 1589 2325 1659; x_wconf 78' lang='grc' dir='ltr'>ἔσχατα</span> <span class='ocrx_word' id='word_1_218' title='bbox 2354 1589 2450 1643; x_wconf 82' lang='grc' dir='ltr'>τοῦ</span> <span class='ocrx_word' id='word_1_219' title='bbox 2482 1591 2770 1662; x_wconf 86' lang='grc' dir='ltr'>ἀνθρώπου</span> <span class='ocrx_word' id='word_1_220' title='bbox 2801 1591 3010 1645; x_wconf 85' lang='grc' dir='ltr'>ἐκείνου</span> <span class='ocrx_word' id='word_1_221' title='bbox 3040 1591 3260 1663; x_wconf 79' lang='grc' dir='ltr'>χείρονα</span> <span class='ocrx_word' id='word_1_222' title='bbox 3309 1590 3416 1644; x_wconf 83' lang='grc' dir='ltr'><strong>τῶν</strong></span> <span class='ocrx_word' id='word_1_223' title='bbox 3457 1590 3711 1661; x_wconf 88' lang='grc' dir='ltr'>πρώτων.</span> 
     </span>
    </p>
   </div>
   <div class='ocr_carea' id='block_1_31' title="bbox 2128 1679 3714 1754">
    <p class='ocr_par' dir='ltr' id='par_1_31' title="bbox 2128 1679 3714 1754">
     <span class='ocr_line' id='line_1_31' title="bbox 2128 1679 3714 1754; baseline 0 -22"><span class='ocrx_word' id='word_1_224' title='bbox 2128 1679 2313 1744; x_wconf 77' lang='grc' dir='ltr'>Οὕτως</span> <span class='ocrx_word' id='word_1_225' title='bbox 2343 1681 2497 1734; x_wconf 75' lang='grc' dir='ltr'>ἔσται</span> <span class='ocrx_word' id='word_1_226' title='bbox 2521 1682 2764 1752; x_wconf 79' lang='grc' dir='ltr'>τῇγενεᾷ</span> <span class='ocrx_word' id='word_1_227' title='bbox 2793 1679 2968 1754; x_wconf 85' lang='grc' dir='ltr'>ταύτῃ</span> <span class='ocrx_word' id='word_1_228' title='bbox 2996 1685 3062 1752; x_wconf 85' lang='grc' dir='ltr'>τῇ</span> <span class='ocrx_word' id='word_1_229' title='bbox 3100 1683 3337 1752; x_wconf 80' lang='grc' dir='ltr'>πονηρᾷ.</span> <span class='ocrx_word' id='word_1_230' title='bbox 3371 1700 3390 1733; x_wconf 69' lang='grc' dir='ltr'><strong>ι</strong></span> <span class='ocrx_word' id='word_1_231' title='bbox 3452 1681 3575 1734; x_wconf 88' lang='grc' dir='ltr'><strong>Ἔτι</strong></span> <span class='ocrx_word' id='word_1_232' title='bbox 3615 1679 3714 1750; x_wconf 85' lang='grc' dir='ltr'>μὲν</span> 
     </span>
    </p>
   </div>
   <div class='ocr_carea' id='block_1_32' title="bbox 2123 1767 3714 1841">
    <p class='ocr_par' dir='ltr' id='par_1_32' title="bbox 2123 1767 3714 1841">
     <span class='ocr_line' id='line_1_32' title="bbox 2123 1767 3714 1841; baseline -0.002 -19"><span class='ocrx_word' id='word_1_233' title='bbox 2123 1769 2231 1839; x_wconf 79' lang='grc' dir='ltr'><strong>γὰρ</strong></span> <span class='ocrx_word' id='word_1_234' title='bbox 2259 1771 2316 1821; x_wconf 84' lang='grc' dir='ltr'>ὲν</span> <span class='ocrx_word' id='word_1_235' title='bbox 2348 1769 2610 1841; x_wconf 78' lang='grc' dir='ltr'>Αἰγύπτῳ</span> <span class='ocrx_word' id='word_1_236' title='bbox 2657 1770 2996 1841; x_wconf 86' lang='grc' dir='ltr'>διατρίϐουσι</span> <span class='ocrx_word' id='word_1_237' title='bbox 3037 1771 3151 1833; x_wconf 82' lang='grc' dir='ltr'>τοῖς</span> <span class='ocrx_word' id='word_1_238' title='bbox 3211 1769 3273 1833; x_wconf 83' lang='grc' dir='ltr'><strong>ἐξ</strong></span> <span class='ocrx_word' id='word_1_239' title='bbox 3331 1767 3570 1840; x_wconf 81' lang='grc' dir='ltr'>Ἰσραὴλ,</span> <span class='ocrx_word' id='word_1_240' title='bbox 3626 1770 3714 1820; x_wconf 86' lang='grc' dir='ltr'>ἐν-</span> 
     </span>
    </p>
   </div>
   <div class='ocr_carea' id='block_1_33' title="bbox 2049 1857 3714 1936">
    <p class='ocr_par' dir='ltr' id='par_1_33' title="bbox 2049 1857 3714 1936">
     <span class='ocr_line' id='line_1_33' title="bbox 2049 1857 3714 1936; baseline -0.002 -20"><span class='ocrx_word' id='word_1_241' title='bbox 2049 1857 2091 1911; x_wconf 91' lang='grc' dir='ltr'><strong>Β</strong></span> <span class='ocrx_word' id='word_1_242' title='bbox 2118 1859 2337 1933; x_wconf 80' lang='grc' dir='ltr'>ᾠκησεν</span> <span class='ocrx_word' id='word_1_243' title='bbox 2369 1864 2445 1927; x_wconf 86' lang='grc' dir='ltr'>ὼς</span> <span class='ocrx_word' id='word_1_244' title='bbox 2475 1863 2891 1936; x_wconf 76' lang='grc' dir='ltr'>εἰδωλολάτραις</span> <span class='ocrx_word' id='word_1_245' title='bbox 2923 1864 2984 1916; x_wconf 82' lang='grc' dir='ltr'>τὸ</span> <span class='ocrx_word' id='word_1_246' title='bbox 3014 1863 3301 1934; x_wconf 82' lang='grc' dir='ltr'>πνεῦματὺ</span> <span class='ocrx_word' id='word_1_247' title='bbox 3316 1862 3574 1934; x_wconf 85' lang='grc' dir='ltr'>πονηρὸν,</span> <span class='ocrx_word' id='word_1_248' title='bbox 3599 1859 3714 1914; x_wconf 75' lang='grc' dir='ltr'>ἀλλ’</span> 
     </span>
    </p>
   </div>
   <div class='ocr_carea' id='block_1_34' title="bbox 445 1943 3718 2028">
    <p class='ocr_par' dir='ltr' id='par_1_34' title="bbox 445 1943 3718 2028">
     <span class='ocr_line' id='line_1_34' title="bbox 445 1943 3718 2028; baseline 0 -26"><span class='ocrx_word' id='word_1_249' title='bbox 445 1949 768 2021; x_wconf 86' lang='grc' dir='ltr'>ἐκϐέϐληται</span> <span class='ocrx_word' id='word_1_250' title='bbox 815 1946 1051 2020; x_wconf 81' lang='grc' dir='ltr'>μεταξύ·</span> <span class='ocrx_word' id='word_1_251' title='bbox 1101 1947 1395 2018; x_wconf 81' lang='grc' dir='ltr'>κέκληνται</span> <span class='ocrx_word' id='word_1_252' title='bbox 1437 1949 1546 2019; x_wconf 84' lang='grc' dir='ltr'>γὰρ</span> <span class='ocrx_word' id='word_1_253' title='bbox 1591 1949 1674 2011; x_wconf 90' lang='grc' dir='ltr'><strong>είς</strong></span> <span class='ocrx_word' id='word_1_254' title='bbox 1727 1948 2060 2018; x_wconf 88' lang='grc' dir='ltr'>θεογνωσίαν</span> <span class='ocrx_word' id='word_1_255' title='bbox 2098 1952 2187 2007; x_wconf 84' lang='grc' dir='ltr'>διὰ</span> <span class='ocrx_word' id='word_1_256' title='bbox 2248 1956 2514 2020; x_wconf 83' lang='grc' dir='ltr'><strong>Μωσέως.</strong></span> <span class='ocrx_word' id='word_1_257' title='bbox 2553 1957 2776 2028; x_wconf 84' lang='grc' dir='ltr'>Ἐπειδὴ</span> <span class='ocrx_word' id='word_1_258' title='bbox 2811 1956 2867 2008; x_wconf 79' lang='grc' dir='ltr'>δὲ</span> <span class='ocrx_word' id='word_1_259' title='bbox 2911 1956 3170 2025; x_wconf 88' lang='grc' dir='ltr'>γεγόνασι</span> <span class='ocrx_word' id='word_1_260' title='bbox 3210 1954 3572 2026; x_wconf 87' lang='grc' dir='ltr'>κυριοκτόνοι,</span> <span class='ocrx_word' id='word_1_261' title='bbox 3622 1943 3718 2004; x_wconf 73' lang='grc' dir='ltr'><strong>καὶ</strong></span> 
     </span>
    </p>
   </div>
   <div class='ocr_carea' id='block_1_35' title="bbox 447 2039 3718 2120">
    <p class='ocr_par' dir='ltr' id='par_1_35' title="bbox 447 2039 3718 2120">
     <span class='ocr_line' id='line_1_35' title="bbox 447 2039 3718 2120; baseline 0.001 -27"><span class='ocrx_word' id='word_1_262' title='bbox 447 2040 662 2111; x_wconf 90' lang='grc' dir='ltr'>μυρίοις</span> <span class='ocrx_word' id='word_1_263' title='bbox 691 2041 1031 2112; x_wconf 78' lang='grc' dir='ltr'>ἐγκλήμασιν</span> <span class='ocrx_word' id='word_1_264' title='bbox 1050 2039 1245 2112; x_wconf 76' lang='grc' dir='ltr'>ἔνοχοι,</span> <span class='ocrx_word' id='word_1_265' title='bbox 1267 2040 1491 2108; x_wconf 88' lang='grc' dir='ltr'>γέγονεν</span> <span class='ocrx_word' id='word_1_266' title='bbox 1515 2041 1791 2104; x_wconf 85' lang='grc' dir='ltr'>αὐτοῖςτά</span> <span class='ocrx_word' id='word_1_267' title='bbox 1857 2042 2060 2112; x_wconf 78' lang='grc' dir='ltr'>ἔσχατα</span> <span class='ocrx_word' id='word_1_268' title='bbox 2100 2047 2320 2119; x_wconf 87' lang='grc' dir='ltr'>χείρονα</span> <span class='ocrx_word' id='word_1_269' title='bbox 2360 2050 2469 2102; x_wconf 83' lang='grc' dir='ltr'>τῶν</span> <span class='ocrx_word' id='word_1_270' title='bbox 2517 2049 2771 2120; x_wconf 82' lang='grc' dir='ltr'>πρώτων,</span> <span class='ocrx_word' id='word_1_271' title='bbox 2813 2049 3108 2120; x_wconf 90' lang='grc' dir='ltr'>δαιμονίων</span> <span class='ocrx_word' id='word_1_272' title='bbox 3179 2048 3402 2119; x_wconf 79' lang='grc' dir='ltr'><strong>ἀγέλης,</strong></span> <span class='ocrx_word' id='word_1_273' title='bbox 3453 2047 3552 2116; x_wconf 85' lang='grc' dir='ltr'><strong>οὐχ</strong></span> <span class='ocrx_word' id='word_1_274' title='bbox 3599 2043 3718 2104; x_wconf 83' lang='grc' dir='ltr'>ἐνὸς</span> 
     </span>
    </p>
   </div>
   <div class='ocr_carea' id='block_1_36' title="bbox 445 2133 3716 2216">
    <p class='ocr_par' dir='ltr' id='par_1_36' title="bbox 445 2133 3716 2216">
     <span class='ocr_line' id='line_1_36' title="bbox 445 2133 3716 2216; baseline 0.002 -32"><span class='ocrx_word' id='word_1_275' title='bbox 445 2133 524 2184; x_wconf 77' lang='grc' dir='ltr'>ἔτι</span> <span class='ocrx_word' id='word_1_276' title='bbox 563 2133 1120 2206; x_wconf 88' lang='grc' dir='ltr'>μόνου,κατοικούσης</span> <span class='ocrx_word' id='word_1_277' title='bbox 1147 2137 1206 2189; x_wconf 82' lang='grc' dir='ltr'><strong>ἐν</strong></span> <span class='ocrx_word' id='word_1_278' title='bbox 1238 2135 1441 2198; x_wconf 82' lang='grc' dir='ltr'>αὐτοῖς.</span> <span class='ocrx_word' id='word_1_279' title='bbox 1509 2136 1621 2206; x_wconf 85' lang='grc' dir='ltr'><strong>Τῆς</strong></span> <span class='ocrx_word' id='word_1_280' title='bbox 1665 2136 1773 2208; x_wconf 83' lang='grc' dir='ltr'>γὰρ</span> <span class='ocrx_word' id='word_1_281' title='bbox 1810 2137 2064 2208; x_wconf 82' lang='grc' dir='ltr'>οὐρανίου</span> <span class='ocrx_word' id='word_1_282' title='bbox 2139 2143 2359 2215; x_wconf 88' lang='grc' dir='ltr'>χάριτος</span> <span class='ocrx_word' id='word_1_283' title='bbox 2400 2146 2503 2216; x_wconf 76' lang='grc' dir='ltr'><strong>τὴν</strong></span> <span class='ocrx_word' id='word_1_284' title='bbox 2541 2145 2867 2216; x_wconf 85' lang='grc' dir='ltr'>περιστολὴν</span> <span class='ocrx_word' id='word_1_285' title='bbox 2919 2141 3270 2199; x_wconf 84' lang='grc' dir='ltr'>ἀποϐαλοῦσα</span> <span class='ocrx_word' id='word_1_286' title='bbox 3317 2140 3486 2212; x_wconf 76' lang='grc' dir='ltr'>ψυχὴ,</span> <span class='ocrx_word' id='word_1_287' title='bbox 3539 2137 3716 2206; x_wconf 85' lang='grc' dir='ltr'>πάντη</span> 
     </span>
    </p>
   </div>
   <div class='ocr_carea' id='block_1_37' title="bbox 444 2224 1721 2298">
    <p class='ocr_par' dir='ltr' id='par_1_37' title="bbox 444 2224 1721 2298">
     <span class='ocr_line' id='line_1_37' title="bbox 444 2224 1721 2298; baseline 0.002 -20"><span class='ocrx_word' id='word_1_288' title='bbox 444 2241 504 2278; x_wconf 84' lang='grc' dir='ltr'><strong>τε</strong></span> <span class='ocrx_word' id='word_1_289' title='bbox 537 2224 630 2278; x_wconf 75' lang='grc' dir='ltr'><strong>καὶ</strong></span> <span class='ocrx_word' id='word_1_290' title='bbox 661 2225 874 2290; x_wconf 88' lang='grc' dir='ltr'>πάντως</span> <span class='ocrx_word' id='word_1_291' title='bbox 900 2227 1172 2290; x_wconf 82' lang='grc' dir='ltr'>εὐάλωτος</span> <span class='ocrx_word' id='word_1_292' title='bbox 1206 2226 1358 2280; x_wconf 82' lang='grc' dir='ltr'>ἐσται</span> <span class='ocrx_word' id='word_1_293' title='bbox 1379 2226 1457 2298; x_wconf 81' lang='grc' dir='ltr'>τῷ</span> <span class='ocrx_word' id='word_1_294' title='bbox 1487 2227 1721 2298; x_wconf 78' lang='grc' dir='ltr'>Σατανᾷ.</span> 
     </span>
    </p>
   </div>
   <div class='ocr_carea' id='block_1_38' title="bbox 518 2319 2028 2389">
    <p class='ocr_par' dir='ltr' id='par_1_38' title="bbox 518 2319 2028 2389">
     <span class='ocr_line' id='line_1_38' title="bbox 518 2319 2028 2389; baseline 0.002 -16"><span class='ocrx_word' id='word_1_295' title='bbox 518 2319 680 2375; x_wconf 74' lang='lat' dir='ltr'><strong>Vens.</strong></span> <span class='ocrx_word' id='word_1_296' title='bbox 713 2320 768 2376; x_wconf 73' lang='grc'>4.</span> <span class='ocrx_word' id='word_1_297' title='bbox 796 2319 863 2373; x_wconf 84' lang='grc' dir='ltr'>Ει</span> <span class='ocrx_word' id='word_1_298' title='bbox 913 2338 1103 2389; x_wconf 82' lang='lat' dir='ltr'><strong>ponam</strong></span> <span class='ocrx_word' id='word_1_299' title='bbox 1132 2338 1248 2376; x_wconf 83' lang='lat' dir='ltr'><strong>eam</strong></span> <span class='ocrx_word' id='word_1_300' title='bbox 1285 2323 1341 2375; x_wconf 84' lang='lat' dir='ltr'><strong>in</strong></span> <span class='ocrx_word' id='word_1_301' title='bbox 1364 2323 1651 2387; x_wconf 75' lang='lat' dir='ltr'><strong>desertum,</strong></span> <span class='ocrx_word' id='word_1_302' title='bbox 1699 2331 1748 2376; x_wconf 84' lang='lat' dir='ltr'><strong>et</strong></span> <span class='ocrx_word' id='word_1_303' title='bbox 1797 2333 2028 2378; x_wconf 89' lang='lat' dir='ltr'><strong>statuam</strong></span> 
     </span>
    </p>
   </div>
   <div class='ocr_carea' id='block_1_39' title="bbox 445 2413 2031 2483">
    <p class='ocr_par' dir='ltr' id='par_1_39' title="bbox 445 2413 2031 2483">
     <span class='ocr_line' id='line_1_39' title="bbox 445 2413 2031 2483; baseline 0.001 -16"><span class='ocrx_word' id='word_1_304' title='bbox 445 2429 556 2467; x_wconf 82' lang='lat' dir='ltr'><strong>eam</strong></span> <span class='ocrx_word' id='word_1_305' title='bbox 581 2413 712 2466; x_wconf 85' lang='lat' dir='ltr'><strong>sicut</strong></span> <span class='ocrx_word' id='word_1_306' title='bbox 747 2424 941 2467; x_wconf 77' lang='lat' dir='ltr'><strong>terram</strong></span> <span class='ocrx_word' id='word_1_307' title='bbox 965 2415 1076 2468; x_wconf 84' lang='lat' dir='ltr'><strong>sine</strong></span> <span class='ocrx_word' id='word_1_308' title='bbox 1097 2431 1257 2483; x_wconf 86' lang='lat' dir='ltr'><strong>aqua,</strong></span> <span class='ocrx_word' id='word_1_309' title='bbox 1284 2424 1331 2468; x_wconf 81' lang='lat' dir='ltr'><strong>et</strong></span> <span class='ocrx_word' id='word_1_310' title='bbox 1369 2415 1607 2468; x_wconf 81' lang='lat' dir='ltr'><strong>occidam</strong></span> <span class='ocrx_word' id='word_1_311' title='bbox 1654 2415 1802 2469; x_wconf 72' lang='lat' dir='ltr'><strong>illam</strong></span> <span class='ocrx_word' id='word_1_312' title='bbox 1829 2419 1885 2470; x_wconf 85' lang='lat' dir='ltr'><strong>in</strong></span> <span class='ocrx_word' id='word_1_313' title='bbox 1919 2419 2031 2482; x_wconf 86' lang='lat' dir='ltr'><strong>siti;</strong></span> 
     </span>
    </p>
   </div>
   <div class='ocr_carea' id='block_1_40' title="bbox 445 2503 2034 2575">
    <p class='ocr_par' dir='ltr' id='par_1_40' title="bbox 445 2503 2034 2575">
     <span class='ocr_line' id='line_1_40' title="bbox 445 2503 2034 2575; baseline 0.003 -19"><span class='ocrx_word' id='word_1_314' title='bbox 445 2514 494 2556; x_wconf 85' lang='lat' dir='ltr'><strong>et</strong></span> <span class='ocrx_word' id='word_1_315' title='bbox 527 2504 757 2569; x_wconf 78' lang='lat' dir='ltr'><strong>ﬁliorum</strong></span> <span class='ocrx_word' id='word_1_316' title='bbox 789 2503 901 2573; x_wconf 80' lang='lat' dir='ltr'><strong>ejus</strong></span> <span class='ocrx_word' id='word_1_317' title='bbox 929 2519 1031 2557; x_wconf 85' lang='lat' dir='ltr'><strong>non</strong></span> <span class='ocrx_word' id='word_1_318' title='bbox 1054 2505 1355 2572; x_wconf 71' lang='lat' dir='ltr'><strong>miserebor,</strong></span> <span class='ocrx_word' id='word_1_319' title='bbox 1383 2507 1504 2575; x_wconf 86' lang='lat' dir='ltr'><strong>quia</strong></span> <span class='ocrx_word' id='word_1_320' title='bbox 1541 2506 1642 2574; x_wconf 82' lang='lat' dir='ltr'><strong>ﬁlii</strong></span> <span class='ocrx_word' id='word_1_321' title='bbox 1667 2506 2034 2574; x_wconf 73' lang='lat' dir='ltr'><strong>fornicationis</strong></span> 
     </span>
    </p>
   </div>
   <div class='ocr_carea' id='block_1_41' title="bbox 445 2594 2024 2666">
    <p class='ocr_par' dir='ltr' id='par_1_41' title="bbox 445 2594 2024 2666">
     <span class='ocr_line' id='line_1_41' title="bbox 445 2594 2024 2666; baseline 0.004 -21"><span class='ocrx_word' id='word_1_322' title='bbox 445 2605 603 2659; x_wconf 84' lang='lat' dir='ltr'><strong>sunt;</strong></span> <span class='ocrx_word' id='word_1_323' title='bbox 629 2594 754 2662; x_wconf 81' lang='lat' dir='ltr'><strong>quia</strong></span> <span class='ocrx_word' id='word_1_324' title='bbox 782 2594 1042 2657; x_wconf 78' lang='lat' dir='ltr'><strong>fornicata</strong></span> <span class='ocrx_word' id='word_1_325' title='bbox 1081 2603 1158 2648; x_wconf 84' lang='lat' dir='ltr'><strong>est</strong></span> <span class='ocrx_word' id='word_1_326' title='bbox 1203 2606 1371 2650; x_wconf 83' lang='lat' dir='ltr'><strong>mater</strong></span> <span class='ocrx_word' id='word_1_327' title='bbox 1393 2597 1645 2666; x_wconf 85' lang='lat' dir='ltr'><strong>ipsorum,</strong></span> <span class='ocrx_word' id='word_1_328' title='bbox 1670 2611 1716 2651; x_wconf 77' lang='lat' dir='ltr'><strong>et</strong></span> <span class='ocrx_word' id='word_1_329' title='bbox 1736 2597 2024 2653; x_wconf 74' lang='lat' dir='ltr'><strong>dedecora-</strong></span> 
     </span>
    </p>
   </div>
   <div class='ocr_carea' id='block_1_42' title="bbox 446 2683 1124 2752">
    <p class='ocr_par' dir='ltr' id='par_1_42' title="bbox 446 2683 1124 2752">
     <span class='ocr_line' id='line_1_42' title="bbox 446 2683 1124 2752; baseline 0.007 -16"><span class='ocrx_word' id='word_1_330' title='bbox 446 2683 516 2736; x_wconf 80' lang='lat' dir='ltr'><strong>uit</strong></span> <span class='ocrx_word' id='word_1_331' title='bbox 538 2699 624 2736; x_wconf 86' lang='lat' dir='ltr'><strong>eos</strong></span> <span class='ocrx_word' id='word_1_332' title='bbox 655 2699 772 2752; x_wconf 72' lang='lat' dir='ltr'><strong>qua:</strong></span> <span class='ocrx_word' id='word_1_333' title='bbox 793 2685 990 2752; x_wconf 82' lang='lat' dir='ltr'><strong>peperit</strong></span> <span class='ocrx_word' id='word_1_334' title='bbox 1015 2700 1124 2742; x_wconf 83' lang='lat' dir='ltr'><strong>eos.</strong></span> 
     </span>
    </p>
   </div>
   <div class='ocr_carea' id='block_1_43' title="bbox 515 2771 2020 2843">
    <p class='ocr_par' dir='ltr' id='par_1_43' title="bbox 515 2771 2020 2843">
     <span class='ocr_line' id='line_1_43' title="bbox 515 2771 2020 2843; baseline 0.005 -16"><span class='ocrx_word' id='word_1_335' title='bbox 515 2771 652 2827; x_wconf 82' lang='lat' dir='ltr'><strong>Xlll.</strong></span> <span class='ocrx_word' id='word_1_336' title='bbox 709 2773 958 2829; x_wconf 88' lang='lat' dir='ltr'><strong>Sterilem</strong></span> <span class='ocrx_word' id='word_1_337' title='bbox 1012 2774 1128 2829; x_wconf 89' lang='lat' dir='ltr'><strong>fore</strong></span> <span class='ocrx_word' id='word_1_338' title='bbox 1178 2775 1255 2830; x_wconf 90' lang='lat' dir='ltr'><strong>ait</strong></span> <span class='ocrx_word' id='word_1_339' title='bbox 1299 2775 1726 2843; x_wconf 89' lang='lat' dir='ltr'><strong>fornicatricem,</strong></span> <span class='ocrx_word' id='word_1_340' title='bbox 1791 2777 2020 2843; x_wconf 82' lang='lat' dir='ltr'><strong>aridam,</strong></span> 
     </span>
    </p>
   </div>
   <div class='ocr_carea' id='block_1_44' title="bbox 447 2865 2023 2940">
    <p class='ocr_par' dir='ltr' id='par_1_44' title="bbox 447 2865 2023 2940">
     <span class='ocr_line' id='line_1_44' title="bbox 447 2865 2023 2940; baseline 0.004 -20"><span class='ocrx_word' id='word_1_341' title='bbox 447 2865 632 2934; x_wconf 75' lang='lat' dir='ltr'><strong>Spiuas</strong></span> <span class='ocrx_word' id='word_1_342' title='bbox 661 2867 982 2934; x_wconf 88' lang='lat' dir='ltr'><strong>parientem,</strong></span> <span class='ocrx_word' id='word_1_343' title='bbox 1014 2867 1351 2923; x_wconf 80' lang='lat' dir='ltr'><strong>siticulosam</strong></span> <span class='ocrx_word' id='word_1_344' title='bbox 1378 2879 1432 2924; x_wconf 90' lang='lat' dir='ltr'><strong>et</strong></span> <span class='ocrx_word' id='word_1_345' title='bbox 1466 2870 1814 2940; x_wconf 88' lang='lat' dir='ltr'><strong>iuaquosam,</strong></span> <span class='ocrx_word' id='word_1_346' title='bbox 1876 2871 2023 2926; x_wconf 90' lang='lat' dir='ltr'><strong>haud</strong></span> 
     </span>
    </p>
   </div>
   <div class='ocr_carea' id='block_1_45' title="bbox 450 2955 2025 3031">
    <p class='ocr_par' dir='ltr' id='par_1_45' title="bbox 450 2955 2025 3031">
     <span class='ocr_line' id='line_1_45' title="bbox 450 2955 2025 3031; baseline 0.006 -22"><span class='ocrx_word' id='word_1_347' title='bbox 450 2955 707 3021; x_wconf 88' lang='lat' dir='ltr'><strong>terrenis,</strong></span> <span class='ocrx_word' id='word_1_348' title='bbox 741 2957 928 3022; x_wconf 87' lang='lat' dir='ltr'><strong>credo,</strong></span> <span class='ocrx_word' id='word_1_349' title='bbox 969 2960 1124 3028; x_wconf 85' lang='lat' dir='ltr'><strong>aquis</strong></span> <span class='ocrx_word' id='word_1_350' title='bbox 1145 2959 1452 3029; x_wconf 87' lang='lat' dir='ltr'><strong>spoliatam,</strong></span> <span class='ocrx_word' id='word_1_351' title='bbox 1492 2961 1588 3016; x_wconf 89' lang='lat' dir='ltr'><strong>sed</strong></span> <span class='ocrx_word' id='word_1_352' title='bbox 1630 2976 1862 3031; x_wconf 85' lang='lat' dir='ltr'><strong>superna</strong></span> <span class='ocrx_word' id='word_1_353' title='bbox 1908 2976 2025 3018; x_wconf 66' lang='lat' dir='ltr'><strong>coa-</strong></span> 
     </span>
    </p>
   </div>
   <div class='ocr_carea' id='block_1_46' title="bbox 2198 2317 3723 2393">
    <p class='ocr_par' dir='ltr' id='par_1_46' title="bbox 2198 2317 3723 2393">
     <span class='ocr_line' id='line_1_46' title="bbox 2198 2317 3723 2393; baseline -0.005 -14"><span class='ocrx_word' id='word_1_354' title='bbox 2198 2325 2307 2379; x_wconf 78' lang='lat' dir='ltr'><strong>Kal</strong></span> <span class='ocrx_word' id='word_1_355' title='bbox 2331 2325 2590 2393; x_wconf 83' lang='grc' dir='ltr'>θήσομαι</span> <span class='ocrx_word' id='word_1_356' title='bbox 2620 2323 2817 2392; x_wconf 80' lang='grc' dir='ltr'>αὐτὴν</span> <span class='ocrx_word' id='word_1_357' title='bbox 2841 2324 2927 2389; x_wconf 84' lang='grc' dir='ltr'>εις</span> <span class='ocrx_word' id='word_1_358' title='bbox 2947 2321 3192 2390; x_wconf 76' lang='grc' dir='ltr'>ἔρημον,</span> <span class='ocrx_word' id='word_1_359' title='bbox 3219 2319 3320 2373; x_wconf 72' lang='grc' dir='ltr'>καὶ</span> <span class='ocrx_word' id='word_1_360' title='bbox 3342 2317 3502 2381; x_wconf 78' lang='grc' dir='ltr'>τάξω</span> <span class='ocrx_word' id='word_1_361' title='bbox 3523 2317 3723 2387; x_wconf 79' lang='grc' dir='ltr'>αὐτὴν</span> 
     </span>
    </p>
   </div>
   <div class='ocr_carea' id='block_1_47' title="bbox 2127 2410 3717 2485">
    <p class='ocr_par' dir='ltr' id='par_1_47' title="bbox 2127 2410 3717 2485">
     <span class='ocr_line' id='line_1_47' title="bbox 2127 2410 3717 2485; baseline -0.003 -17"><span class='ocrx_word' id='word_1_362' title='bbox 2127 2415 2208 2482; x_wconf 84' lang='grc' dir='ltr'>ὡς</span> <span class='ocrx_word' id='word_1_363' title='bbox 2230 2413 2346 2484; x_wconf 79' lang='grc' dir='ltr'><strong>γῆν</strong></span> <span class='ocrx_word' id='word_1_364' title='bbox 2375 2417 2661 2485; x_wconf 83' lang='grc' dir='ltr'>ἄνυδρον,</span> <span class='ocrx_word' id='word_1_365' title='bbox 2711 2416 2810 2469; x_wconf 82' lang='grc' dir='ltr'><strong>καί</strong></span> <span class='ocrx_word' id='word_1_366' title='bbox 2835 2410 3150 2469; x_wconf 81' lang='grc' dir='ltr'>ἀποκτενῶ</span> <span class='ocrx_word' id='word_1_367' title='bbox 3182 2410 3378 2480; x_wconf 79' lang='grc' dir='ltr'>αὐτὴν</span> <span class='ocrx_word' id='word_1_368' title='bbox 3416 2411 3487 2463; x_wconf 83' lang='grc' dir='ltr'>ἐν</span> <span class='ocrx_word' id='word_1_369' title='bbox 3529 2411 3717 2479; x_wconf 73' lang='grc' dir='ltr'>δίψει,</span> 
     </span>
    </p>
   </div>
   <div class='ocr_carea' id='block_1_48' title="bbox 2130 2501 3724 2576">
    <p class='ocr_par' dir='ltr' id='par_1_48' title="bbox 2130 2501 3724 2576">
     <span class='ocr_line' id='line_1_48' title="bbox 2130 2501 3724 2576; baseline -0.005 -15"><span class='ocrx_word' id='word_1_370' title='bbox 2130 2508 2230 2561; x_wconf 76' lang='grc' dir='ltr'>καὶ</span> <span class='ocrx_word' id='word_1_371' title='bbox 2272 2510 2346 2562; x_wconf 85' lang='grc' dir='ltr'>τὰ</span> <span class='ocrx_word' id='word_1_372' title='bbox 2390 2508 2572 2562; x_wconf 75' lang='grc' dir='ltr'>τέκνα</span> <span class='ocrx_word' id='word_1_373' title='bbox 2616 2507 2807 2576; x_wconf 84' lang='grc' dir='ltr'>αὐτῆς</span> <span class='ocrx_word' id='word_1_374' title='bbox 2859 2509 2930 2562; x_wconf 82' lang='grc' dir='ltr'>οὐ</span> <span class='ocrx_word' id='word_1_375' title='bbox 2967 2505 3054 2574; x_wconf 79' lang='grc' dir='ltr'>μὴ</span> <span class='ocrx_word' id='word_1_376' title='bbox 3093 2503 3348 2570; x_wconf 76' lang='grc' dir='ltr'>ὲλεήσω,</span> <span class='ocrx_word' id='word_1_377' title='bbox 3403 2501 3494 2555; x_wconf 78' lang='grc' dir='ltr'>ὅτι</span> <span class='ocrx_word' id='word_1_378' title='bbox 3537 2503 3724 2554; x_wconf 73' lang='grc' dir='ltr'>τέκνα</span> 
     </span>
    </p>
   </div>
   <div class='ocr_carea' id='block_1_49' title="bbox 2133 2591 3722 2667">
    <p class='ocr_par' dir='ltr' id='par_1_49' title="bbox 2133 2591 3722 2667">
     <span class='ocr_line' id='line_1_49' title="bbox 2133 2591 3722 2667; baseline -0.005 -15"><span class='ocrx_word' id='word_1_379' title='bbox 2133 2600 2418 2667; x_wconf 81' lang='grc' dir='ltr'>πορνείας</span> <span class='ocrx_word' id='word_1_380' title='bbox 2493 2599 2698 2652; x_wconf 74' lang='grc' dir='ltr'>ἐστίν’</span> <span class='ocrx_word' id='word_1_381' title='bbox 2773 2597 2864 2651; x_wconf 81' lang='grc' dir='ltr'>ὅτι</span> <span class='ocrx_word' id='word_1_382' title='bbox 2923 2594 3369 2662; x_wconf 81' lang='grc' dir='ltr'>ἐξεπόρνευσεν</span> <span class='ocrx_word' id='word_1_383' title='bbox 3421 2592 3460 2659; x_wconf 73' lang='grc' dir='ltr'>ἡ</span> <span class='ocrx_word' id='word_1_384' title='bbox 3520 2591 3722 2661; x_wconf 79' lang='grc' dir='ltr'>μήτηρ</span> 
     </span>
    </p>
   </div>
   <div class='ocr_carea' id='block_1_50' title="bbox 2130 2683 3469 2758">
    <p class='ocr_par' dir='ltr' id='par_1_50' title="bbox 2130 2683 3469 2758">
     <span class='ocr_line' id='line_1_50' title="bbox 2130 2683 3469 2758; baseline -0.005 -14"><span class='ocrx_word' id='word_1_385' title='bbox 2130 2690 2351 2755; x_wconf 79' lang='grc' dir='ltr'>αὐτῶν,</span> <span class='ocrx_word' id='word_1_386' title='bbox 2389 2690 2489 2744; x_wconf 77' lang='grc' dir='ltr'>καὶ</span> <span class='ocrx_word' id='word_1_387' title='bbox 2521 2690 2913 2758; x_wconf 77' lang='grc' dir='ltr'>κατῄσχυνεν</span> <span class='ocrx_word' id='word_1_388' title='bbox 2941 2689 2981 2756; x_wconf 74' lang='grc' dir='ltr'>ἡ</span> <span class='ocrx_word' id='word_1_389' title='bbox 3010 2685 3275 2740; x_wconf 83' lang='grc' dir='ltr'>τεκοῦσα</span> <span class='ocrx_word' id='word_1_390' title='bbox 3297 2683 3469 2739; x_wconf 81' lang='grc' dir='ltr'>αὐτά.</span> 
     </span>
    </p>
   </div>
   <div class='ocr_carea' id='block_1_51' title="bbox 2203 2773 3722 2851">
    <p class='ocr_par' dir='ltr' id='par_1_51' title="bbox 2203 2773 3722 2851">
     <span class='ocr_line' id='line_1_51' title="bbox 2203 2773 3722 2851; baseline -0.006 -17"><span class='ocrx_word' id='word_1_391' title='bbox 2203 2780 2300 2834; x_wconf 80' lang='lat' dir='ltr'><strong>ll&quot;.</strong></span> <span class='ocrx_word' id='word_1_392' title='bbox 2335 2780 2619 2851; x_wconf 80' lang='grc' dir='ltr'>Ἀκαρπον</span> <span class='ocrx_word' id='word_1_393' title='bbox 2667 2777 2888 2832; x_wconf 74' lang='grc' dir='ltr'>ἔσεσθαι</span> <span class='ocrx_word' id='word_1_394' title='bbox 2931 2795 3064 2846; x_wconf 87' lang='grc' dir='ltr'>φησι</span> <span class='ocrx_word' id='word_1_395' title='bbox 3102 2776 3202 2848; x_wconf 85' lang='grc' dir='ltr'><strong>τὴν</strong></span> <span class='ocrx_word' id='word_1_396' title='bbox 3246 2773 3722 2846; x_wconf 84' lang='grc' dir='ltr'>πεπορνευμένην,</span> 
     </span>
    </p>
   </div>
   <div class='ocr_carea' id='block_1_52' title="bbox 2131 2863 3727 2942">
    <p class='ocr_par' dir='ltr' id='par_1_52' title="bbox 2131 2863 3727 2942">
     <span class='ocr_line' id='line_1_52' title="bbox 2131 2863 3727 2942; baseline -0.008 -14"><span class='ocrx_word' id='word_1_397' title='bbox 2131 2871 2304 2942; x_wconf 78' lang='grc' dir='ltr'>ξηρὰν</span> <span class='ocrx_word' id='word_1_398' title='bbox 2365 2873 2462 2926; x_wconf 74' lang='grc' dir='ltr'><strong>καὶ</strong></span> <span class='ocrx_word' id='word_1_399' title='bbox 2503 2869 2867 2925; x_wconf 88' lang='grc' dir='ltr'>ἀκανθοτόκον</span> <span class='ocrx_word' id='word_1_400' title='bbox 2888 2907 2904 2934; x_wconf 94' lang='grc'><strong>,</strong></span> <span class='ocrx_word' id='word_1_401' title='bbox 2945 2867 3144 2938; x_wconf 78' lang='grc' dir='ltr'>διψάδα</span> <span class='ocrx_word' id='word_1_402' title='bbox 3196 2867 3291 2921; x_wconf 77' lang='grc' dir='ltr'>καὶ</span> <span class='ocrx_word' id='word_1_403' title='bbox 3333 2865 3585 2937; x_wconf 79' lang='grc' dir='ltr'>ἄνυδρον,</span> <span class='ocrx_word' id='word_1_404' title='bbox 3624 2863 3727 2932; x_wconf 78' lang='grc' dir='ltr'><strong>οὐχ</strong></span> 
     </span>
    </p>
   </div>
   <div class='ocr_carea' id='block_1_53' title="bbox 2133 2953 3727 3031">
    <p class='ocr_par' dir='ltr' id='par_1_53' title="bbox 2133 2953 3727 3031">
     <span class='ocr_line' id='line_1_53' title="bbox 2133 2953 3727 3031; baseline -0.004 -18"><span class='ocrx_word' id='word_1_405' title='bbox 2133 2960 2344 3015; x_wconf 81' lang='grc' dir='ltr'>ὑδάτων</span> <span class='ocrx_word' id='word_1_406' title='bbox 2399 2961 2540 3031; x_wconf 88' lang='grc' dir='ltr'>τάχα</span> <span class='ocrx_word' id='word_1_407' title='bbox 2601 2977 2705 3014; x_wconf 89' lang='grc' dir='ltr'><strong>που</strong></span> <span class='ocrx_word' id='word_1_408' title='bbox 2756 2959 2865 3013; x_wconf 86' lang='grc' dir='ltr'>τῶν</span> <span class='ocrx_word' id='word_1_409' title='bbox 2900 2959 3104 3029; x_wconf 76' lang='grc' dir='ltr'>γηΐνων</span> <span class='ocrx_word' id='word_1_410' title='bbox 3149 2957 3544 3028; x_wconf 82' lang='grc' dir='ltr'>ἐστερημένην,</span> <span class='ocrx_word' id='word_1_411' title='bbox 3586 2953 3727 3009; x_wconf 84' lang='grc' dir='ltr'><strong>ἀλλά</strong></span> 
     </span>
    </p>
   </div>
   <div class='ocr_carea' id='block_1_54' title="bbox 451 3046 2029 3124">
    <p class='ocr_par' dir='ltr' id='par_1_54' title="bbox 451 3049 2024 3124">
     <span class='ocr_line' id='line_1_54' title="bbox 451 3049 2024 3124; baseline 0.005 -23"><span class='ocrx_word' id='word_1_412' title='bbox 451 3049 683 3118; x_wconf 89' lang='lat' dir='ltr'><strong>lestique</strong></span> <span class='ocrx_word' id='word_1_413' title='bbox 742 3049 1095 3120; x_wconf 85' lang='lat' dir='ltr'><strong>pinguedine,</strong></span> <span class='ocrx_word' id='word_1_414' title='bbox 1123 3051 1226 3107; x_wconf 88' lang='lat' dir='ltr'><strong>hoc</strong></span> <span class='ocrx_word' id='word_1_415' title='bbox 1253 3061 1358 3120; x_wconf 84' lang='lat' dir='ltr'><strong>est,</strong></span> <span class='ocrx_word' id='word_1_416' title='bbox 1391 3053 1706 3124; x_wconf 89' lang='lat' dir='ltr'><strong>erogatione</strong></span> <span class='ocrx_word' id='word_1_417' title='bbox 1757 3054 2024 3109; x_wconf 90' lang='lat' dir='ltr'><strong>donorum</strong></span> 
     </span>
    </p>
   </div>
   <div class='ocr_carea' id='block_1_55' title="bbox 2130 3046 3728 3124">
    <p class='ocr_par' dir='ltr' id='par_1_55' title="bbox 2130 3046 3728 3124">
     <span class='ocr_line' id='line_1_55' title="bbox 2130 3046 3728 3124; baseline -0.004 -17"><span class='ocrx_word' id='word_1_418' title='bbox 2130 3054 2232 3124; x_wconf 86' lang='grc' dir='ltr'><strong>τῆς</strong></span> <span class='ocrx_word' id='word_1_419' title='bbox 2263 3053 2469 3109; x_wconf 78' lang='grc' dir='ltr'>ἄνωθεν</span> <span class='ocrx_word' id='word_1_420' title='bbox 2518 3053 2578 3116; x_wconf 79' lang='grc' dir='ltr'><strong>ἐξ</strong></span> <span class='ocrx_word' id='word_1_421' title='bbox 2606 3052 2838 3122; x_wconf 81' lang='grc' dir='ltr'>ούρανοῦ</span> <span class='ocrx_word' id='word_1_422' title='bbox 2870 3053 3149 3123; x_wconf 89' lang='grc' dir='ltr'>πιότητος,</span> <span class='ocrx_word' id='word_1_423' title='bbox 3179 3050 3449 3114; x_wconf 84' lang='grc' dir='ltr'>τουτέστι,</span> <span class='ocrx_word' id='word_1_424' title='bbox 3482 3049 3582 3119; x_wconf 91' lang='grc' dir='ltr'><strong>τῆς</strong></span> <span class='ocrx_word' id='word_1_425' title='bbox 3631 3046 3728 3102; x_wconf 74' lang='grc' dir='ltr'>διὰ</span> 
     </span>
    </p>
   </div>
   <div class='ocr_carea' id='block_1_56' title="bbox 449 3140 2025 3215">
    <p class='ocr_par' dir='ltr' id='par_1_56' title="bbox 449 3140 2025 3215">
     <span class='ocr_line' id='line_1_56' title="bbox 449 3140 2025 3215; baseline 0.004 -22"><span class='ocrx_word' id='word_1_426' title='bbox 449 3155 548 3208; x_wconf 86' lang='lat' dir='ltr'><strong>per</strong></span> <span class='ocrx_word' id='word_1_427' title='bbox 581 3140 865 3209; x_wconf 89' lang='lat' dir='ltr'><strong>Spiritum,</strong></span> <span class='ocrx_word' id='word_1_428' title='bbox 910 3157 1031 3211; x_wconf 71' lang='lat' dir='ltr'><strong>quae</strong></span> <span class='ocrx_word' id='word_1_429' title='bbox 1054 3142 1107 3196; x_wconf 92' lang='lat' dir='ltr'><strong>in</strong></span> <span class='ocrx_word' id='word_1_430' title='bbox 1136 3142 1436 3212; x_wconf 87' lang='lat' dir='ltr'><strong>quamlibet</strong></span> <span class='ocrx_word' id='word_1_431' title='bbox 1469 3143 1704 3198; x_wconf 87' lang='lat' dir='ltr'><strong>animam</strong></span> <span class='ocrx_word' id='word_1_432' title='bbox 1727 3145 2025 3215; x_wconf 89' lang='lat' dir='ltr'><strong>sapientem</strong></span> 
     </span>
    </p>
   </div>
   <div class='ocr_carea' id='block_1_57' title="bbox 448 3232 2026 3306">
    <p class='ocr_par' dir='ltr' id='par_1_57' title="bbox 448 3232 2026 3306">
     <span class='ocr_line' id='line_1_57' title="bbox 448 3232 2026 3306; baseline 0.002 -18"><span class='ocrx_word' id='word_1_433' title='bbox 448 3247 515 3289; x_wconf 81' lang='lat' dir='ltr'><strong>ac</strong></span> <span class='ocrx_word' id='word_1_434' title='bbox 567 3234 762 3289; x_wconf 87' lang='lat' dir='ltr'><strong>bonam</strong></span> <span class='ocrx_word' id='word_1_435' title='bbox 814 3232 1042 3289; x_wconf 79' lang='lat' dir='ltr'><strong>confert.</strong></span> <span class='ocrx_word' id='word_1_436' title='bbox 1087 3233 1274 3290; x_wconf 84' lang='lat' dir='ltr'><strong>Psallit</strong></span> <span class='ocrx_word' id='word_1_437' title='bbox 1313 3235 1457 3291; x_wconf 88' lang='lat' dir='ltr'><strong>enim</strong></span> <span class='ocrx_word' id='word_1_438' title='bbox 1508 3236 1740 3306; x_wconf 92' lang='lat' dir='ltr'><strong>quodam</strong></span> <span class='ocrx_word' id='word_1_439' title='bbox 1791 3235 1911 3292; x_wconf 93' lang='lat' dir='ltr'><strong>loco</strong></span> <span class='ocrx_word' id='word_1_440' title='bbox 1960 3237 2026 3291; x_wconf 91' lang='lat' dir='ltr'><strong>ad</strong></span> 
     </span>
    </p>
   </div>
   <div class='ocr_carea' id='block_1_58' title="bbox 451 3324 2026 3393">
    <p class='ocr_par' dir='ltr' id='par_1_58' title="bbox 451 3324 2026 3393">
     <span class='ocr_line' id='line_1_58' title="bbox 451 3324 2026 3393; baseline 0.004 -15"><span class='ocrx_word' id='word_1_441' title='bbox 451 3324 737 3379; x_wconf 91' lang='lat' dir='ltr'><strong>Dominum</strong></span> <span class='ocrx_word' id='word_1_442' title='bbox 761 3326 952 3381; x_wconf 87' lang='lat' dir='ltr'><strong>beatus</strong></span> <span class='ocrx_word' id='word_1_443' title='bbox 976 3324 1167 3393; x_wconf 80' lang='lat' dir='ltr'><strong>David,</strong></span> <span class='ocrx_word' id='word_1_444' title='bbox 1190 3336 1245 3381; x_wconf 91' lang='lat' dir='ltr'><strong>et</strong></span> <span class='ocrx_word' id='word_1_445' title='bbox 1283 3327 1357 3381; x_wconf 89' lang='lat' dir='ltr'><strong>ait</strong></span> <span class='ocrx_word' id='word_1_446' title='bbox 1387 3344 1399 3380; x_wconf 89' lang='lat'><strong>:</strong></span> <span class='ocrx_word' id='word_1_447' title='bbox 1440 3346 1459 3379; x_wconf 76' lang='grc' dir='ltr'><strong>ι</strong></span> <span class='ocrx_word' id='word_1_448' title='bbox 1484 3326 1605 3382; x_wconf 87' lang='lat' dir='ltr'><strong>Filii</strong></span> <span class='ocrx_word' id='word_1_449' title='bbox 1637 3341 1818 3384; x_wconf 89' lang='lat' dir='ltr'><strong>autem</strong></span> <span class='ocrx_word' id='word_1_450' title='bbox 1857 3329 2026 3384; x_wconf 87' lang='lat' dir='ltr'><strong>homi-</strong></span> 
     </span>
    </p>
   </div>
   <div class='ocr_carea' id='block_1_59' title="bbox 452 3417 2030 3488">
    <p class='ocr_par' dir='ltr' id='par_1_59' title="bbox 452 3417 2030 3488">
     <span class='ocr_line' id='line_1_59' title="bbox 452 3417 2030 3488; baseline 0.003 -18"><span class='ocrx_word' id='word_1_451' title='bbox 452 3431 578 3470; x_wconf 77' lang='lat' dir='ltr'><strong>num</strong></span> <span class='ocrx_word' id='word_1_452' title='bbox 611 3417 664 3471; x_wconf 93' lang='lat' dir='ltr'><strong>in</strong></span> <span class='ocrx_word' id='word_1_453' title='bbox 691 3417 925 3486; x_wconf 87' lang='lat' dir='ltr'><strong>tegmine</strong></span> <span class='ocrx_word' id='word_1_454' title='bbox 961 3417 1166 3472; x_wconf 89' lang='lat' dir='ltr'><strong>alarum</strong></span> <span class='ocrx_word' id='word_1_455' title='bbox 1192 3427 1404 3474; x_wconf 88' lang='lat' dir='ltr'><strong>tuarum</strong></span> <span class='ocrx_word' id='word_1_456' title='bbox 1435 3419 1756 3488; x_wconf 89' lang='lat' dir='ltr'><strong>sperabunt.</strong></span> <span class='ocrx_word' id='word_1_457' title='bbox 1788 3420 2030 3476; x_wconf 76' lang='lat' dir='ltr'><strong>Inebria-</strong></span> 
     </span>
    </p>
   </div>
   <div class='ocr_carea' id='block_1_60' title="bbox 451 3506 2028 3577">
    <p class='ocr_par' dir='ltr' id='par_1_60' title="bbox 451 3506 2028 3577">
     <span class='ocr_line' id='line_1_60' title="bbox 451 3506 2028 3577; baseline 0.003 -15"><span class='ocrx_word' id='word_1_458' title='bbox 451 3507 738 3563; x_wconf 90' lang='lat' dir='ltr'><strong>bunturab</strong></span> <span class='ocrx_word' id='word_1_459' title='bbox 761 3506 1007 3562; x_wconf 86' lang='lat' dir='ltr'><strong>ubertate</strong></span> <span class='ocrx_word' id='word_1_460' title='bbox 1046 3507 1238 3564; x_wconf 89' lang='lat' dir='ltr'><strong>domus</strong></span> <span class='ocrx_word' id='word_1_461' title='bbox 1290 3517 1412 3577; x_wconf 75' lang='lat' dir='ltr'><strong>tute,</strong></span> <span class='ocrx_word' id='word_1_462' title='bbox 1467 3519 1522 3565; x_wconf 92' lang='lat' dir='ltr'><strong>et</strong></span> <span class='ocrx_word' id='word_1_463' title='bbox 1584 3519 1822 3568; x_wconf 86' lang='lat' dir='ltr'><strong>torrente</strong></span> <span class='ocrx_word' id='word_1_464' title='bbox 1872 3511 2028 3566; x_wconf 81' lang='lat' dir='ltr'><strong>volu-</strong></span> 
     </span>
    </p>
   </div>
   <div class='ocr_carea' id='block_1_61' title="bbox 451 3599 2028 3672">
    <p class='ocr_par' dir='ltr' id='par_1_61' title="bbox 451 3599 2028 3672">
     <span class='ocr_line' id='line_1_61' title="bbox 451 3599 2028 3672; baseline 0.003 -18"><span class='ocrx_word' id='word_1_465' title='bbox 451 3600 618 3669; x_wconf 84' lang='lat' dir='ltr'><strong>ptatis</strong></span> <span class='ocrx_word' id='word_1_466' title='bbox 658 3611 762 3654; x_wconf 82' lang='lat' dir='ltr'><strong>tuae</strong></span> <span class='ocrx_word' id='word_1_467' title='bbox 788 3599 998 3669; x_wconf 89' lang='lat' dir='ltr'><strong>potabis</strong></span> <span class='ocrx_word' id='word_1_468' title='bbox 1044 3615 1160 3666; x_wconf 88' lang='lat' dir='ltr'><strong>eos,</strong></span> <span class='ocrx_word' id='word_1_469' title='bbox 1187 3601 1446 3670; x_wconf 90' lang='lat' dir='ltr'><strong>quoniam</strong></span> <span class='ocrx_word' id='word_1_470' title='bbox 1487 3604 1628 3672; x_wconf 86' lang='lat' dir='ltr'><strong>apud</strong></span> <span class='ocrx_word' id='word_1_471' title='bbox 1665 3612 1717 3658; x_wconf 89' lang='lat' dir='ltr'><strong>te</strong></span> <span class='ocrx_word' id='word_1_472' title='bbox 1767 3613 1852 3657; x_wconf 87' lang='lat' dir='ltr'><strong>est</strong></span> <span class='ocrx_word' id='word_1_473' title='bbox 1907 3603 2028 3659; x_wconf 91' lang='lat' dir='ltr'><strong>fons</strong></span> 
     </span>
    </p>
   </div>
   <div class='ocr_carea' id='block_1_62' title="bbox 452 3689 2030 3765">
    <p class='ocr_par' dir='ltr' id='par_1_62' title="bbox 452 3689 2030 3765">
     <span class='ocr_line' id='line_1_62' title="bbox 452 3689 2030 3765; baseline 0.004 -23"><span class='ocrx_word' id='word_1_474' title='bbox 452 3690 576 3744; x_wconf 70' lang='lat' dir='ltr'><strong>vine</strong></span> <span class='ocrx_word' id='word_1_475' title='bbox 594 3690 658 3744; x_wconf 73' lang='lat'><strong>“.</strong></span> <span class='ocrx_word' id='word_1_476' title='bbox 681 3709 700 3742; x_wconf 77' lang='grc' dir='ltr'><strong>ι</strong></span> <span class='ocrx_word' id='word_1_477' title='bbox 735 3689 882 3746; x_wconf 80' lang='lat' dir='ltr'><strong>Adeo</strong></span> <span class='ocrx_word' id='word_1_478' title='bbox 903 3700 1082 3746; x_wconf 90' lang='lat' dir='ltr'><strong>autem</strong></span> <span class='ocrx_word' id='word_1_479' title='bbox 1106 3693 1436 3758; x_wconf 86' lang='lat' dir='ltr'><strong>veneranda,</strong></span> <span class='ocrx_word' id='word_1_480' title='bbox 1458 3700 1512 3748; x_wconf 89' lang='lat' dir='ltr'><strong>et</strong></span> <span class='ocrx_word' id='word_1_481' title='bbox 1541 3693 1686 3764; x_wconf 86' lang='lat' dir='ltr'><strong>larga</strong></span> <span class='ocrx_word' id='word_1_482' title='bbox 1718 3697 2030 3765; x_wconf 87' lang='lat' dir='ltr'><strong>erogatiune</strong></span> 
     </span>
    </p>
   </div>
   <div class='ocr_carea' id='block_1_63' title="bbox 453 3781 2028 3856">
    <p class='ocr_par' dir='ltr' id='par_1_63' title="bbox 453 3781 2028 3856">
     <span class='ocr_line' id='line_1_63' title="bbox 453 3781 2028 3856; baseline 0.004 -22"><span class='ocrx_word' id='word_1_483' title='bbox 453 3781 598 3852; x_wconf 87' lang='lat' dir='ltr'><strong>digni</strong></span> <span class='ocrx_word' id='word_1_484' title='bbox 636 3782 842 3837; x_wconf 87' lang='lat' dir='ltr'><strong>censeri</strong></span> <span class='ocrx_word' id='word_1_485' title='bbox 876 3781 1071 3837; x_wconf 90' lang='lat' dir='ltr'><strong>debent</strong></span> <span class='ocrx_word' id='word_1_486' title='bbox 1095 3784 1335 3852; x_wconf 86' lang='lat' dir='ltr'><strong>germani</strong></span> <span class='ocrx_word' id='word_1_487' title='bbox 1369 3783 1484 3848; x_wconf 83' lang='lat' dir='ltr'><strong>filii,</strong></span> <span class='ocrx_word' id='word_1_488' title='bbox 1514 3784 1605 3854; x_wconf 92' lang='lat' dir='ltr'><strong>qui</strong></span> <span class='ocrx_word' id='word_1_489' title='bbox 1648 3800 1772 3839; x_wconf 92' lang='lat' dir='ltr'><strong>cum</strong></span> <span class='ocrx_word' id='word_1_490' title='bbox 1801 3785 2028 3856; x_wconf 84' lang='lat' dir='ltr'><strong>integri-</strong></span> 
     </span>
    </p>
   </div>
   <div class='ocr_carea' id='block_1_64' title="bbox 454 3872 2028 3947">
    <p class='ocr_par' dir='ltr' id='par_1_64' title="bbox 454 3872 2028 3947">
     <span class='ocr_line' id='line_1_64' title="bbox 454 3872 2028 3947; baseline 0.004 -21"><span class='ocrx_word' id='word_1_491' title='bbox 454 3880 564 3927; x_wconf 84' lang='lat' dir='ltr'><strong>tate</strong></span> <span class='ocrx_word' id='word_1_492' title='bbox 599 3873 866 3939; x_wconf 83' lang='lat' dir='ltr'><strong>vixerunt,</strong></span> <span class='ocrx_word' id='word_1_493' title='bbox 901 3872 1204 3942; x_wconf 69' lang='lat' dir='ltr'><strong>divinaeque</strong></span> <span class='ocrx_word' id='word_1_494' title='bbox 1241 3873 1494 3928; x_wconf 87' lang='lat' dir='ltr'><strong>cltaritati</strong></span> <span class='ocrx_word' id='word_1_495' title='bbox 1527 3874 1660 3928; x_wconf 91' lang='lat' dir='ltr'><strong>nihil</strong></span> <span class='ocrx_word' id='word_1_496' title='bbox 1717 3891 2028 3947; x_wconf 65' lang='lat' dir='ltr'><strong>praeposue-</strong></span> 
     </span>
    </p>
   </div>
   <div class='ocr_carea' id='block_1_65' title="bbox 451 3963 2030 4035">
    <p class='ocr_par' dir='ltr' id='par_1_65' title="bbox 451 3963 2030 4035">
     <span class='ocr_line' id='line_1_65' title="bbox 451 3963 2030 4035; baseline 0.004 -18"><span class='ocrx_word' id='word_1_497' title='bbox 451 3974 602 4018; x_wconf 86' lang='lat' dir='ltr'><strong>runt.</strong></span> <span class='ocrx_word' id='word_1_498' title='bbox 636 3963 1010 4020; x_wconf 86' lang='lat' dir='ltr'><strong>Fornicariam</strong></span> <span class='ocrx_word' id='word_1_499' title='bbox 1055 3975 1235 4020; x_wconf 80' lang='lat' dir='ltr'><strong>autem</strong></span> <span class='ocrx_word' id='word_1_500' title='bbox 1264 3966 1576 4035; x_wconf 85' lang='lat' dir='ltr'><strong>iuaquosam</strong></span> <span class='ocrx_word' id='word_1_501' title='bbox 1606 3966 1826 4034; x_wconf 81' lang='lat' dir='ltr'><strong>factam,</strong></span> <span class='ocrx_word' id='word_1_502' title='bbox 1867 3980 1922 4024; x_wconf 93' lang='lat' dir='ltr'><strong>et</strong></span> <span class='ocrx_word' id='word_1_503' title='bbox 1975 3971 2030 4025; x_wconf 92' lang='lat' dir='ltr'><strong>in</strong></span> 
     </span>
    </p>
   </div>
   <div class='ocr_carea' id='block_1_66' title="bbox 451 4051 2026 4126">
    <p class='ocr_par' dir='ltr' id='par_1_66' title="bbox 451 4051 2026 4126">
     <span class='ocr_line' id='line_1_66' title="bbox 451 4051 2026 4126; baseline 0.001 -17"><span class='ocrx_word' id='word_1_504' title='bbox 451 4055 540 4109; x_wconf 91' lang='lat' dir='ltr'><strong>siti</strong></span> <span class='ocrx_word' id='word_1_505' title='bbox 568 4051 675 4124; x_wconf 82' lang='lat'><strong>35</strong></span> <span class='ocrx_word' id='word_1_506' title='bbox 705 4054 1019 4108; x_wconf 91' lang='lat' dir='ltr'><strong>morituram</strong></span> <span class='ocrx_word' id='word_1_507' title='bbox 1051 4054 1297 4110; x_wconf 79' lang='lat' dir='ltr'><strong>aﬂirmat.</strong></span> <span class='ocrx_word' id='word_1_508' title='bbox 1339 4056 1520 4126; x_wconf 86' lang='lat' dir='ltr'><strong>Atque</strong></span> <span class='ocrx_word' id='word_1_509' title='bbox 1568 4056 1693 4122; x_wconf 91' lang='lat' dir='ltr'><strong>hoc,</strong></span> <span class='ocrx_word' id='word_1_510' title='bbox 1745 4058 1797 4111; x_wconf 92' lang='lat' dir='ltr'><strong>ni</strong></span> <span class='ocrx_word' id='word_1_511' title='bbox 1851 4057 2026 4122; x_wconf 86' lang='lat' dir='ltr'><strong>fallor,</strong></span> 
     </span>
    </p>
   </div>
   <div class='ocr_carea' id='block_1_67' title="bbox 452 4146 2030 4218">
    <p class='ocr_par' dir='ltr' id='par_1_67' title="bbox 452 4146 2030 4218">
     <span class='ocr_line' id='line_1_67' title="bbox 452 4146 2030 4218; baseline 0.001 -18"><span class='ocrx_word' id='word_1_512' title='bbox 452 4155 555 4214; x_wconf 89' lang='lat' dir='ltr'><strong>est,</strong></span> <span class='ocrx_word' id='word_1_513' title='bbox 584 4146 723 4215; x_wconf 91' lang='lat' dir='ltr'><strong>quod</strong></span> <span class='ocrx_word' id='word_1_514' title='bbox 751 4161 844 4215; x_wconf 89' lang='lat' dir='ltr'><strong>per</strong></span> <span class='ocrx_word' id='word_1_515' title='bbox 872 4146 1006 4201; x_wconf 89' lang='lat' dir='ltr'><strong>alios</strong></span> <span class='ocrx_word' id='word_1_516' title='bbox 1035 4148 1325 4216; x_wconf 82' lang='lat' dir='ltr'><strong>prophetas</strong></span> <span class='ocrx_word' id='word_1_517' title='bbox 1361 4147 1428 4204; x_wconf 89' lang='lat' dir='ltr'><strong>de</strong></span> <span class='ocrx_word' id='word_1_518' title='bbox 1462 4149 1575 4218; x_wconf 90' lang='lat' dir='ltr'><strong>ipsa</strong></span> <span class='ocrx_word' id='word_1_519' title='bbox 1614 4149 1836 4204; x_wconf 89' lang='lat' dir='ltr'><strong>dicitur.</strong></span> <span class='ocrx_word' id='word_1_520' title='bbox 1894 4148 2030 4215; x_wconf 86' lang='lat' dir='ltr'><strong>Qui-</strong></span> 
     </span>
    </p>
   </div>
   <div class='ocr_carea' id='block_1_68' title="bbox 453 4238 2029 4308">
    <p class='ocr_par' dir='ltr' id='par_1_68' title="bbox 453 4238 2029 4308">
     <span class='ocr_line' id='line_1_68' title="bbox 453 4238 2029 4308; baseline 0.001 -16"><span class='ocrx_word' id='word_1_521' title='bbox 453 4238 577 4293; x_wconf 88' lang='lat' dir='ltr'><strong>dam</strong></span> <span class='ocrx_word' id='word_1_522' title='bbox 601 4239 744 4293; x_wconf 89' lang='lat' dir='ltr'><strong>enim</strong></span> <span class='ocrx_word' id='word_1_523' title='bbox 775 4240 889 4294; x_wconf 86' lang='lat' dir='ltr'><strong>sic:</strong></span> <span class='ocrx_word' id='word_1_524' title='bbox 919 4259 938 4292; x_wconf 78' lang='grc' dir='ltr'><strong>ι</strong></span> <span class='ocrx_word' id='word_1_525' title='bbox 964 4240 1102 4295; x_wconf 83' lang='lat' dir='ltr'><strong>Ecce</strong></span> <span class='ocrx_word' id='word_1_526' title='bbox 1163 4240 1279 4294; x_wconf 89' lang='lat' dir='ltr'><strong>dies</strong></span> <span class='ocrx_word' id='word_1_527' title='bbox 1312 4240 1550 4306; x_wconf 86' lang='lat' dir='ltr'><strong>venient,</strong></span> <span class='ocrx_word' id='word_1_528' title='bbox 1584 4241 1714 4295; x_wconf 90' lang='lat' dir='ltr'><strong>dicit</strong></span> <span class='ocrx_word' id='word_1_529' title='bbox 1750 4239 2029 4308; x_wconf 89' lang='lat' dir='ltr'><strong>Dominus,</strong></span> 
     </span>
    </p>
   </div>
   <div class='ocr_carea' id='block_1_69' title="bbox 453 4329 2028 4401">
    <p class='ocr_par' dir='ltr' id='par_1_69' title="bbox 453 4329 2028 4401">
     <span class='ocr_line' id='line_1_69' title="bbox 453 4329 2028 4401; baseline 0 -17"><span class='ocrx_word' id='word_1_530' title='bbox 453 4339 508 4384; x_wconf 85' lang='lat' dir='ltr'><strong>et</strong></span> <span class='ocrx_word' id='word_1_531' title='bbox 531 4331 772 4386; x_wconf 88' lang='lat' dir='ltr'><strong>emittam</strong></span> <span class='ocrx_word' id='word_1_532' title='bbox 798 4329 995 4386; x_wconf 82' lang='lat' dir='ltr'><strong>famem</strong></span> <span class='ocrx_word' id='word_1_533' title='bbox 1016 4346 1177 4401; x_wconf 72' lang='lat' dir='ltr'><strong>super</strong></span> <span class='ocrx_word' id='word_1_534' title='bbox 1207 4340 1429 4396; x_wconf 87' lang='lat' dir='ltr'><strong>terram,</strong></span> <span class='ocrx_word' id='word_1_535' title='bbox 1481 4346 1586 4384; x_wconf 88' lang='lat' dir='ltr'><strong>non</strong></span> <span class='ocrx_word' id='word_1_536' title='bbox 1617 4329 1813 4385; x_wconf 85' lang='lat' dir='ltr'><strong>famem</strong></span> <span class='ocrx_word' id='word_1_537' title='bbox 1851 4331 2028 4400; x_wconf 89' lang='lat' dir='ltr'><strong>panis,</strong></span> 
     </span>
    </p>
   </div>
   <div class='ocr_carea' id='block_1_70' title="bbox 453 4401 2105 4493">
    <p class='ocr_par' dir='ltr' id='par_1_70' title="bbox 453 4401 2105 4493">
     <span class='ocr_line' id='line_1_70' title="bbox 453 4401 2105 4493; baseline -0.001 -17"><span class='ocrx_word' id='word_1_538' title='bbox 453 4437 629 4490; x_wconf 89' lang='lat' dir='ltr'><strong>neque</strong></span> <span class='ocrx_word' id='word_1_539' title='bbox 657 4423 802 4477; x_wconf 90' lang='lat' dir='ltr'><strong>sitim</strong></span> <span class='ocrx_word' id='word_1_540' title='bbox 827 4438 982 4493; x_wconf 72' lang='lat' dir='ltr'><strong>aqua:</strong></span> <span class='ocrx_word' id='word_1_541' title='bbox 1003 4463 1018 4485; x_wconf 88' lang='lat'><strong>,</strong></span> <span class='ocrx_word' id='word_1_542' title='bbox 1053 4424 1146 4477; x_wconf 90' lang='lat' dir='ltr'><strong>sed</strong></span> <span class='ocrx_word' id='word_1_543' title='bbox 1169 4421 1368 4477; x_wconf 81' lang='lat' dir='ltr'><strong>famem</strong></span> <span class='ocrx_word' id='word_1_544' title='bbox 1394 4423 1646 4476; x_wconf 89' lang='lat' dir='ltr'><strong>audiendi</strong></span> <span class='ocrx_word' id='word_1_545' title='bbox 1675 4422 1896 4476; x_wconf 88' lang='lat' dir='ltr'><strong>verbum</strong></span> <span class='ocrx_word' id='word_1_546' title='bbox 1924 4421 2028 4475; x_wconf 90' lang='lat' dir='ltr'><strong>Do-</strong></span> <span class='ocrx_word' id='word_1_547' title='bbox 2061 4401 2105 4458; x_wconf 80' lang='grc' dir='ltr'><strong>Ῑ)</strong></span> 
     </span>
    </p>
   </div>
   <div class='ocr_carea' id='block_1_71' title="bbox 453 4511 2028 4580">
    <p class='ocr_par' dir='ltr' id='par_1_71' title="bbox 453 4511 2028 4580">
     <span class='ocr_line' id='line_1_71' title="bbox 453 4511 2028 4580; baseline -0.001 -15"><span class='ocrx_word' id='word_1_548' title='bbox 453 4511 606 4566; x_wconf 88' lang='lat' dir='ltr'><strong>mini.</strong></span> <span class='ocrx_word' id='word_1_549' title='bbox 647 4512 712 4566; x_wconf 89' lang='lat' dir='ltr'><strong>Et</strong></span> <span class='ocrx_word' id='word_1_550' title='bbox 743 4511 810 4566; x_wconf 90' lang='lat' dir='ltr'><strong>ab</strong></span> <span class='ocrx_word' id='word_1_551' title='bbox 830 4512 1037 4567; x_wconf 89' lang='lat' dir='ltr'><strong>oriente</strong></span> <span class='ocrx_word' id='word_1_552' title='bbox 1061 4525 1232 4580; x_wconf 89' lang='lat' dir='ltr'><strong>usque</strong></span> <span class='ocrx_word' id='word_1_553' title='bbox 1251 4511 1318 4565; x_wconf 89' lang='lat' dir='ltr'><strong>ad</strong></span> <span class='ocrx_word' id='word_1_554' title='bbox 1344 4511 1679 4566; x_wconf 91' lang='lat' dir='ltr'><strong>occidentem</strong></span> <span class='ocrx_word' id='word_1_555' title='bbox 1703 4511 2028 4564; x_wconf 88' lang='lat' dir='ltr'><strong>circumcur-</strong></span> 
     </span>
    </p>
   </div>
   <div class='ocr_carea' id='block_1_72' title="bbox 454 4597 2031 4670">
    <p class='ocr_par' dir='ltr' id='par_1_72' title="bbox 454 4597 2031 4670">
     <span class='ocr_line' id='line_1_72' title="bbox 454 4597 2031 4670; baseline 0.001 -16"><span class='ocrx_word' id='word_1_556' title='bbox 454 4602 987 4670; x_wconf 75' lang='lat' dir='ltr'><strong>sabunt,’qua:rentes</strong></span> <span class='ocrx_word' id='word_1_557' title='bbox 1009 4603 1233 4656; x_wconf 89' lang='lat' dir='ltr'><strong>verbum</strong></span> <span class='ocrx_word' id='word_1_558' title='bbox 1263 4597 1516 4666; x_wconf 77' lang='lat' dir='ltr'><strong>Domini,‘</strong></span> <span class='ocrx_word' id='word_1_559' title='bbox 1535 4612 1713 4655; x_wconf 90' lang='lat' dir='ltr'><strong>etnon</strong></span> <span class='ocrx_word' id='word_1_560' title='bbox 1747 4601 2031 4656; x_wconf 86' lang='lat' dir='ltr'><strong>invenient</strong></span> 
     </span>
    </p>
   </div>
   <div class='ocr_carea' id='block_1_73' title="bbox 457 4690 2029 4763">
    <p class='ocr_par' dir='ltr' id='par_1_73' title="bbox 457 4690 2029 4763">
     <span class='ocr_line' id='line_1_73' title="bbox 457 4690 2029 4763; baseline -0.002 -15"><span class='ocrx_word' id='word_1_561' title='bbox 457 4694 522 4748; x_wconf 80' lang='lat'><strong>&quot;.</strong></span> <span class='ocrx_word' id='word_1_562' title='bbox 549 4712 568 4745; x_wconf 75' lang='grc' dir='ltr'><strong>ι</strong></span> <span class='ocrx_word' id='word_1_563' title='bbox 606 4693 674 4748; x_wconf 87' lang='lat' dir='ltr'><strong>Et</strong></span> <span class='ocrx_word' id='word_1_564' title='bbox 692 4692 977 4760; x_wconf 80' lang='lat' dir='ltr'><strong>Jeremias,</strong></span> <span class='ocrx_word' id='word_1_565' title='bbox 1002 4692 1157 4763; x_wconf 89' lang='lat' dir='ltr'><strong>quasi</strong></span> <span class='ocrx_word' id='word_1_566' title='bbox 1184 4706 1252 4747; x_wconf 80' lang='lat' dir='ltr'><strong>ex</strong></span> <span class='ocrx_word' id='word_1_567' title='bbox 1278 4705 1512 4760; x_wconf 76' lang='lat' dir='ltr'><strong>persona</strong></span> <span class='ocrx_word' id='word_1_568' title='bbox 1571 4690 1668 4745; x_wconf 90' lang='lat' dir='ltr'><strong>Dei</strong></span> <span class='ocrx_word' id='word_1_569' title='bbox 1702 4707 1717 4744; x_wconf 75' lang='grc' dir='ltr'>ε</span> <span class='ocrx_word' id='word_1_570' title='bbox 1780 4710 1798 4742; x_wconf 78' lang='grc' dir='ltr'><strong>ι</strong></span> <span class='ocrx_word' id='word_1_571' title='bbox 1836 4691 2029 4746; x_wconf 91' lang='lat' dir='ltr'><strong>Dolore</strong></span> 
     </span>
    </p>
   </div>
   <div class='ocr_carea' id='block_1_74' title="bbox 453 4781 2025 4850">
    <p class='ocr_par' dir='ltr' id='par_1_74' title="bbox 453 4781 2025 4850">
     <span class='ocr_line' id='line_1_74' title="bbox 453 4781 2025 4850; baseline -0.003 -12"><span class='ocrx_word' id='word_1_572' title='bbox 453 4794 508 4838; x_wconf 86' lang='lat' dir='ltr'><strong>et</strong></span> <span class='ocrx_word' id='word_1_573' title='bbox 524 4783 735 4850; x_wconf 82' lang='lat' dir='ltr'><strong>ﬂagello</strong></span> <span class='ocrx_word' id='word_1_574' title='bbox 757 4781 1376 4850; x_wconf 81' lang='lat' dir='ltr'><strong>erudieris,Jerusalem,</strong></span> <span class='ocrx_word' id='word_1_575' title='bbox 1394 4795 1462 4836; x_wconf 91' lang='lat' dir='ltr'><strong>ne</strong></span> <span class='ocrx_word' id='word_1_576' title='bbox 1483 4781 1890 4836; x_wconf 88' lang='lat' dir='ltr'><strong>recedatanima</strong></span> <span class='ocrx_word' id='word_1_577' title='bbox 1911 4796 2025 4836; x_wconf 88' lang='lat' dir='ltr'><strong>mea</strong></span> 
     </span>
    </p>
   </div>
   <div class='ocr_carea' id='block_1_75' title="bbox 456 4869 2031 4939">
    <p class='ocr_par' dir='ltr' id='par_1_75' title="bbox 456 4869 2031 4939">
     <span class='ocr_line' id='line_1_75' title="bbox 456 4869 2031 4939; baseline -0.001 -15"><span class='ocrx_word' id='word_1_578' title='bbox 456 4887 485 4924; x_wconf 87' lang='lat' dir='ltr'><strong>a</strong></span> <span class='ocrx_word' id='word_1_579' title='bbox 518 4882 589 4936; x_wconf 89' lang='lat' dir='ltr'><strong>te,</strong></span> <span class='ocrx_word' id='word_1_580' title='bbox 617 4887 684 4925; x_wconf 91' lang='lat' dir='ltr'><strong>ne</strong></span> <span class='ocrx_word' id='word_1_581' title='bbox 707 4871 898 4927; x_wconf 86' lang='lat' dir='ltr'><strong>faciam</strong></span> <span class='ocrx_word' id='word_1_582' title='bbox 943 4882 994 4925; x_wconf 92' lang='lat' dir='ltr'><strong>te</strong></span> <span class='ocrx_word' id='word_1_583' title='bbox 1020 4884 1218 4924; x_wconf 89' lang='lat' dir='ltr'><strong>terram</strong></span> <span class='ocrx_word' id='word_1_584' title='bbox 1248 4869 1469 4932; x_wconf 92' lang='lat' dir='ltr'><strong>inviam,</strong></span> <span class='ocrx_word' id='word_1_585' title='bbox 1502 4885 1622 4939; x_wconf 73' lang='lat' dir='ltr'><strong>qua:</strong></span> <span class='ocrx_word' id='word_1_586' title='bbox 1657 4885 1761 4923; x_wconf 91' lang='lat' dir='ltr'><strong>non</strong></span> <span class='ocrx_word' id='word_1_587' title='bbox 1819 4870 2031 4924; x_wconf 78' lang='lat' dir='ltr'><strong>habita-</strong></span> 
     </span>
    </p>
   </div>
   <div class='ocr_carea' id='block_1_76' title="bbox 456 4961 2023 5031">
    <p class='ocr_par' dir='ltr' id='par_1_76' title="bbox 456 4961 2023 5031">
     <span class='ocr_line' id='line_1_76' title="bbox 456 4961 2023 5031; baseline -0.004 -11"><span class='ocrx_word' id='word_1_588' title='bbox 456 4965 602 5020; x_wconf 89' lang='lat' dir='ltr'><strong>bitur</strong></span> <span class='ocrx_word' id='word_1_589' title='bbox 638 4963 701 5017; x_wconf 80' lang='lat'><strong>“.</strong></span> <span class='ocrx_word' id='word_1_590' title='bbox 730 4981 749 5015; x_wconf 72' lang='grc' dir='ltr'><strong>ι</strong></span> <span class='ocrx_word' id='word_1_591' title='bbox 778 4963 1079 5031; x_wconf 88' lang='lat' dir='ltr'><strong>Unicuique</strong></span> <span class='ocrx_word' id='word_1_592' title='bbox 1103 4962 1245 5016; x_wconf 87' lang='lat' dir='ltr'><strong>enim</strong></span> <span class='ocrx_word' id='word_1_593' title='bbox 1282 4973 1548 5024; x_wconf 89' lang='lat' dir='ltr'><strong>nostrum,</strong></span> <span class='ocrx_word' id='word_1_594' title='bbox 1580 4973 1638 5014; x_wconf 93' lang='lat' dir='ltr'><strong>ut</strong></span> <span class='ocrx_word' id='word_1_595' title='bbox 1665 4961 2023 5025; x_wconf 81' lang='lat' dir='ltr'><strong>dixi,scrtno-</strong></span> 
     </span>
    </p>
   </div>
   <div class='ocr_carea' id='block_1_77' title="bbox 455 5051 2032 5127">
    <p class='ocr_par' dir='ltr' id='par_1_77' title="bbox 455 5051 2032 5127">
     <span class='ocr_line' id='line_1_77' title="bbox 455 5051 2032 5127; baseline -0.002 -17"><span class='ocrx_word' id='word_1_596' title='bbox 455 5071 552 5111; x_wconf 90' lang='lat' dir='ltr'><strong>nes</strong></span> <span class='ocrx_word' id='word_1_597' title='bbox 587 5071 684 5127; x_wconf 92' lang='lat' dir='ltr'><strong>per</strong></span> <span class='ocrx_word' id='word_1_598' title='bbox 713 5055 972 5125; x_wconf 88' lang='lat' dir='ltr'><strong>Spiritum</strong></span> <span class='ocrx_word' id='word_1_599' title='bbox 995 5054 1238 5107; x_wconf 90' lang='lat' dir='ltr'><strong>immittit</strong></span> <span class='ocrx_word' id='word_1_600' title='bbox 1262 5051 1423 5117; x_wconf 91' lang='lat' dir='ltr'><strong>Deus,</strong></span> <span class='ocrx_word' id='word_1_601' title='bbox 1453 5053 1545 5122; x_wconf 90' lang='lat' dir='ltr'><strong>qui</strong></span> <span class='ocrx_word' id='word_1_602' title='bbox 1607 5062 1831 5122; x_wconf 87' lang='lat' dir='ltr'><strong>possunt</strong></span> <span class='ocrx_word' id='word_1_603' title='bbox 1888 5053 2032 5107; x_wconf 86' lang='lat' dir='ltr'><strong>alere</strong></span> 
     </span>
    </p>
   </div>
   <div class='ocr_carea' id='block_1_78' title="bbox 454 5145 2032 5215">
    <p class='ocr_par' dir='ltr' id='par_1_78' title="bbox 454 5145 2032 5215">
     <span class='ocr_line' id='line_1_78' title="bbox 454 5145 2032 5215; baseline -0.001 -12"><span class='ocrx_word' id='word_1_604' title='bbox 454 5149 665 5205; x_wconf 82' lang='lat' dir='ltr'><strong>animos</strong></span> <span class='ocrx_word' id='word_1_605' title='bbox 694 5149 762 5202; x_wconf 88' lang='lat' dir='ltr'><strong>ad</strong></span> <span class='ocrx_word' id='word_1_606' title='bbox 790 5146 957 5201; x_wconf 89' lang='lat' dir='ltr'><strong>vitam</strong></span> <span class='ocrx_word' id='word_1_607' title='bbox 1000 5155 1282 5211; x_wconf 66' lang='lat' dir='ltr'><strong>aeternam,</strong></span> <span class='ocrx_word' id='word_1_608' title='bbox 1349 5155 1448 5199; x_wconf 90' lang='lat' dir='ltr'><strong>aut</strong></span> <span class='ocrx_word' id='word_1_609' title='bbox 1504 5145 1675 5200; x_wconf 91' lang='lat' dir='ltr'><strong>etiam</strong></span> <span class='ocrx_word' id='word_1_610' title='bbox 1710 5159 1808 5215; x_wconf 87' lang='lat' dir='ltr'><strong>per</strong></span> <span class='ocrx_word' id='word_1_611' title='bbox 1869 5159 2032 5202; x_wconf 90' lang='lat' dir='ltr'><strong>voces</strong></span> 
     </span>
    </p>
   </div>
   <div class='ocr_carea' id='block_1_79' title="bbox 456 5235 2034 5309">
    <p class='ocr_par' dir='ltr' id='par_1_79' title="bbox 456 5235 2034 5309">
     <span class='ocr_line' id='line_1_79' title="bbox 456 5235 2034 5309; baseline -0.004 -12"><span class='ocrx_word' id='word_1_612' title='bbox 456 5249 768 5298; x_wconf 88' lang='lat' dir='ltr'><strong>sanctorum</strong></span> <span class='ocrx_word' id='word_1_613' title='bbox 794 5237 990 5309; x_wconf 63' lang='lat' dir='ltr'><strong>sapius</strong></span> <span class='ocrx_word' id='word_1_614' title='bbox 1017 5235 1364 5306; x_wconf 79' lang='lat' dir='ltr'><strong>pingucfacit.</strong></span> <span class='ocrx_word' id='word_1_615' title='bbox 1385 5236 1518 5292; x_wconf 90' lang='lat' dir='ltr'><strong>Cum</strong></span> <span class='ocrx_word' id='word_1_616' title='bbox 1543 5236 1835 5293; x_wconf 85' lang='lat' dir='ltr'><strong>fornicaria</strong></span> <span class='ocrx_word' id='word_1_617' title='bbox 1866 5237 2034 5309; x_wconf 90' lang='lat' dir='ltr'><strong>igitur</strong></span> 
     </span>
    </p>
   </div>
   <div class='ocr_carea' id='block_1_80' title="bbox 454 5329 2030 5401">
    <p class='ocr_par' dir='ltr' id='par_1_80' title="bbox 454 5329 2030 5401">
     <span class='ocr_line' id='line_1_80' title="bbox 454 5329 2030 5401; baseline -0.001 -14"><span class='ocrx_word' id='word_1_618' title='bbox 454 5343 630 5387; x_wconf 86' lang='lat' dir='ltr'><strong>matre</strong></span> <span class='ocrx_word' id='word_1_619' title='bbox 659 5330 798 5387; x_wconf 83' lang='lat' dir='ltr'><strong>filios</strong></span> <span class='ocrx_word' id='word_1_620' title='bbox 829 5344 935 5385; x_wconf 88' lang='lat' dir='ltr'><strong>una</strong></span> <span class='ocrx_word' id='word_1_621' title='bbox 963 5329 1083 5385; x_wconf 90' lang='lat' dir='ltr'><strong>sine</strong></span> <span class='ocrx_word' id='word_1_622' title='bbox 1140 5329 1513 5384; x_wconf 89' lang='lat' dir='ltr'><strong>misericordia</strong></span> <span class='ocrx_word' id='word_1_623' title='bbox 1561 5330 1835 5401; x_wconf 87' lang='lat' dir='ltr'><strong>perituros</strong></span> <span class='ocrx_word' id='word_1_624' title='bbox 1879 5330 2030 5385; x_wconf 90' lang='lat' dir='ltr'><strong>dicit.</strong></span> 
     </span>
    </p>
   </div>
   <div class='ocr_carea' id='block_1_81' title="bbox 2132 3137 3734 3213">
    <p class='ocr_par' dir='ltr' id='par_1_81' title="bbox 2132 3137 3734 3213">
     <span class='ocr_line' id='line_1_81' title="bbox 2132 3137 3734 3213; baseline -0.004 -16"><span class='ocrx_word' id='word_1_625' title='bbox 2132 3143 2227 3197; x_wconf 81' lang='grc' dir='ltr'>τοῦ</span> <span class='ocrx_word' id='word_1_626' title='bbox 2255 3141 2566 3213; x_wconf 85' lang='grc' dir='ltr'>Πνεύματος</span> <span class='ocrx_word' id='word_1_627' title='bbox 2611 3141 2896 3213; x_wconf 89' lang='grc' dir='ltr'>χορηγίας,</span> <span class='ocrx_word' id='word_1_628' title='bbox 2942 3141 3010 3212; x_wconf 81' lang='grc' dir='ltr'>ἢν</span> <span class='ocrx_word' id='word_1_629' title='bbox 3061 3141 3267 3210; x_wconf 80' lang='grc' dir='ltr'>ἑκάστῃ</span> <span class='ocrx_word' id='word_1_630' title='bbox 3333 3141 3471 3209; x_wconf 79' lang='grc' dir='ltr'>σοφῇ</span> <span class='ocrx_word' id='word_1_631' title='bbox 3523 3155 3584 3190; x_wconf 88' lang='grc' dir='ltr'><strong>τε</strong></span> <span class='ocrx_word' id='word_1_632' title='bbox 3629 3137 3734 3191; x_wconf 70' lang='grc' dir='ltr'><strong>καὶ</strong></span> 
     </span>
    </p>
   </div>
   <div class='ocr_carea' id='block_1_82' title="bbox 2133 3229 3730 3305">
    <p class='ocr_par' dir='ltr' id='par_1_82' title="bbox 2133 3229 3730 3305">
     <span class='ocr_line' id='line_1_82' title="bbox 2133 3229 3730 3305; baseline -0.004 -17"><span class='ocrx_word' id='word_1_633' title='bbox 2133 3233 2313 3305; x_wconf 80' lang='grc' dir='ltr'>ἀγαθῇ</span> <span class='ocrx_word' id='word_1_634' title='bbox 2356 3233 2603 3303; x_wconf 87' lang='grc' dir='ltr'>διανέμει</span> <span class='ocrx_word' id='word_1_635' title='bbox 2649 3233 2816 3304; x_wconf 81' lang='grc' dir='ltr'>ψυχῇ.</span> <span class='ocrx_word' id='word_1_636' title='bbox 2857 3233 3064 3286; x_wconf 84' lang='grc' dir='ltr'>Ψάλλει</span> <span class='ocrx_word' id='word_1_637' title='bbox 3097 3231 3207 3302; x_wconf 91' lang='grc' dir='ltr'><strong>γάρ</strong></span> <span class='ocrx_word' id='word_1_638' title='bbox 3258 3247 3362 3284; x_wconf 90' lang='grc' dir='ltr'><strong>που</strong></span> <span class='ocrx_word' id='word_1_639' title='bbox 3399 3230 3538 3302; x_wconf 85' lang='grc' dir='ltr'>πρὸς</span> <span class='ocrx_word' id='word_1_640' title='bbox 3570 3229 3730 3296; x_wconf 82' lang='grc' dir='ltr'>Θεὸν,</span> 
     </span>
    </p>
   </div>
   <div class='ocr_carea' id='block_1_83' title="bbox 2135 3320 3726 3396">
    <p class='ocr_par' dir='ltr' id='par_1_83' title="bbox 2135 3320 3726 3396">
     <span class='ocr_line' id='line_1_83' title="bbox 2135 3320 3726 3396; baseline -0.004 -18"><span class='ocrx_word' id='word_1_641' title='bbox 2135 3325 2228 3378; x_wconf 87' lang='grc' dir='ltr'><strong>καί</strong></span> <span class='ocrx_word' id='word_1_642' title='bbox 2258 3341 2420 3396; x_wconf 87' lang='grc' dir='ltr'>φησιν</span> <span class='ocrx_word' id='word_1_643' title='bbox 2452 3326 2482 3378; x_wconf 86' lang='grc' dir='ltr'><strong>ό</strong></span> <span class='ocrx_word' id='word_1_644' title='bbox 2517 3324 2787 3396; x_wconf 85' lang='grc' dir='ltr'>μακάριος</span> <span class='ocrx_word' id='word_1_645' title='bbox 2811 3325 2998 3377; x_wconf 79' lang='grc' dir='ltr'>Δαϐίδ’</span> <span class='ocrx_word' id='word_1_646' title='bbox 3037 3345 3055 3376; x_wconf 79' lang='grc' dir='ltr'><strong>ι</strong></span> <span class='ocrx_word' id='word_1_647' title='bbox 3077 3325 3138 3377; x_wconf 80' lang='lat' dir='ltr'><strong>Oi</strong></span> <span class='ocrx_word' id='word_1_648' title='bbox 3167 3323 3224 3376; x_wconf 84' lang='grc' dir='ltr'>δὲ</span> <span class='ocrx_word' id='word_1_649' title='bbox 3247 3321 3355 3375; x_wconf 68' lang='grc' dir='ltr'>υἱοὶ</span> <span class='ocrx_word' id='word_1_650' title='bbox 3378 3321 3488 3374; x_wconf 85' lang='grc' dir='ltr'><strong>τῶν</strong></span> <span class='ocrx_word' id='word_1_651' title='bbox 3517 3320 3726 3392; x_wconf 78' lang='grc' dir='ltr'>ἀνθρώο</span> 
     </span>
    </p>
   </div>
   <div class='ocr_carea' id='block_1_84' title="bbox 2135 3408 3732 3485">
    <p class='ocr_par' dir='ltr' id='par_1_84' title="bbox 2135 3408 3732 3485">
     <span class='ocr_line' id='line_1_84' title="bbox 2135 3408 3732 3485; baseline -0.004 -19"><span class='ocrx_word' id='word_1_652' title='bbox 2135 3431 2254 3468; x_wconf 90' lang='grc' dir='ltr'><strong>πων</strong></span> <span class='ocrx_word' id='word_1_653' title='bbox 2277 3416 2334 3467; x_wconf 84' lang='grc' dir='ltr'><strong>ἐν</strong></span> <span class='ocrx_word' id='word_1_654' title='bbox 2369 3413 2546 3485; x_wconf 82' lang='grc' dir='ltr'>σκέπῃ</span> <span class='ocrx_word' id='word_1_655' title='bbox 2570 3415 2681 3468; x_wconf 84' lang='grc' dir='ltr'><strong>τῶν</strong></span> <span class='ocrx_word' id='word_1_656' title='bbox 2706 3413 2990 3484; x_wconf 85' lang='grc' dir='ltr'>πτερύγων</span> <span class='ocrx_word' id='word_1_657' title='bbox 3024 3429 3118 3466; x_wconf 92' lang='grc' dir='ltr'><strong>σου</strong></span> <span class='ocrx_word' id='word_1_658' title='bbox 3141 3409 3408 3466; x_wconf 80' lang='grc' dir='ltr'>ἐλπιοῦσι.</span> <span class='ocrx_word' id='word_1_659' title='bbox 3441 3408 3732 3478; x_wconf 83' lang='grc' dir='ltr'>Μεθυσθή-</span> 
     </span>
    </p>
   </div>
   <div class='ocr_carea' id='block_1_85' title="bbox 2137 3501 3734 3578">
    <p class='ocr_par' dir='ltr' id='par_1_85' title="bbox 2137 3501 3734 3578">
     <span class='ocr_line' id='line_1_85' title="bbox 2137 3501 3734 3578; baseline -0.003 -20"><span class='ocrx_word' id='word_1_660' title='bbox 2137 3523 2320 3561; x_wconf 88' lang='grc' dir='ltr'>σονται</span> <span class='ocrx_word' id='word_1_661' title='bbox 2349 3507 2457 3561; x_wconf 80' lang='grc' dir='ltr'><strong>ἀπὸ</strong></span> <span class='ocrx_word' id='word_1_662' title='bbox 2489 3506 2744 3578; x_wconf 86' lang='grc' dir='ltr'>πιότητος</span> <span class='ocrx_word' id='word_1_663' title='bbox 2782 3506 2933 3560; x_wconf 75' lang='grc' dir='ltr'>οἴκου</span> <span class='ocrx_word' id='word_1_664' title='bbox 2971 3522 3088 3558; x_wconf 93' lang='grc' dir='ltr'>σου.</span> <span class='ocrx_word' id='word_1_665' title='bbox 3135 3505 3248 3559; x_wconf 71' lang='grc' dir='ltr'><strong>Καὶ</strong></span> <span class='ocrx_word' id='word_1_666' title='bbox 3275 3503 3365 3556; x_wconf 82' lang='grc' dir='ltr'><strong>τὸν</strong></span> <span class='ocrx_word' id='word_1_667' title='bbox 3390 3501 3734 3574; x_wconf 79' lang='grc' dir='ltr'>χειμάρρουν</span> 
     </span>
    </p>
   </div>
   <div class='ocr_carea' id='block_1_86' title="bbox 2134 3591 3794 3671">
    <p class='ocr_par' dir='ltr' id='par_1_86' title="bbox 2134 3591 3794 3671">
     <span class='ocr_line' id='line_1_86' title="bbox 2134 3591 3794 3671; baseline -0.001 -21"><span class='ocrx_word' id='word_1_668' title='bbox 2134 3600 2236 3669; x_wconf 86' lang='grc' dir='ltr'><strong>τῆς</strong></span> <span class='ocrx_word' id='word_1_669' title='bbox 2274 3598 2487 3671; x_wconf 79' lang='grc' dir='ltr'>τρυφῆς</span> <span class='ocrx_word' id='word_1_670' title='bbox 2517 3615 2612 3652; x_wconf 87' lang='grc' dir='ltr'><strong>σου</strong></span> <span class='ocrx_word' id='word_1_671' title='bbox 2643 3599 2850 3660; x_wconf 78' lang='grc' dir='ltr'>ποτιεϊς</span> <span class='ocrx_word' id='word_1_672' title='bbox 2881 3597 3100 3661; x_wconf 80' lang='grc' dir='ltr'>αὐτοὺς,</span> <span class='ocrx_word' id='word_1_673' title='bbox 3140 3596 3223 3649; x_wconf 84' lang='grc' dir='ltr'>ὅτι</span> <span class='ocrx_word' id='word_1_674' title='bbox 3266 3594 3421 3666; x_wconf 91' lang='grc' dir='ltr'><strong>παρά</strong></span> <span class='ocrx_word' id='word_1_675' title='bbox 3459 3593 3544 3647; x_wconf 84' lang='grc' dir='ltr'>σοὶ</span> <span class='ocrx_word' id='word_1_676' title='bbox 3575 3591 3734 3664; x_wconf 81' lang='grc' dir='ltr'>πηγὴ</span> <span class='ocrx_word' id='word_1_677' title='bbox 3777 3625 3794 3631; x_wconf 92' lang='grc'><strong>-</strong></span> 
     </span>
    </p>
   </div>
   <div class='ocr_carea' id='block_1_87' title="bbox 2135 3683 3732 3760">
    <p class='ocr_par' dir='ltr' id='par_1_87' title="bbox 2135 3683 3732 3760">
     <span class='ocr_line' id='line_1_87' title="bbox 2135 3683 3732 3760; baseline -0.005 -17"><span class='ocrx_word' id='word_1_678' title='bbox 2135 3688 2305 3760; x_wconf 79' lang='grc' dir='ltr'>ζωῆς.</span> <span class='ocrx_word' id='word_1_679' title='bbox 2333 3707 2351 3741; x_wconf 79' lang='grc' dir='ltr'><strong>ι</strong></span> <span class='ocrx_word' id='word_1_680' title='bbox 2391 3690 2567 3756; x_wconf 81' lang='grc' dir='ltr'>Ἀξιοι</span> <span class='ocrx_word' id='word_1_681' title='bbox 2619 3689 2675 3743; x_wconf 84' lang='grc' dir='ltr'>δὲ</span> <span class='ocrx_word' id='word_1_682' title='bbox 2730 3688 2832 3758; x_wconf 84' lang='grc' dir='ltr'><strong>τῆς</strong></span> <span class='ocrx_word' id='word_1_683' title='bbox 2873 3687 3017 3742; x_wconf 70' lang='grc' dir='ltr'>οὕτω</span> <span class='ocrx_word' id='word_1_684' title='bbox 3061 3686 3269 3757; x_wconf 87' lang='grc' dir='ltr'>σεπτῆς</span> <span class='ocrx_word' id='word_1_685' title='bbox 3341 3685 3437 3739; x_wconf 81' lang='grc' dir='ltr'>καὶ</span> <span class='ocrx_word' id='word_1_686' title='bbox 3486 3683 3732 3754; x_wconf 87' lang='grc' dir='ltr'>ἀμφιλα-</span> 
     </span>
    </p>
   </div>
   <div class='ocr_carea' id='block_1_88' title="bbox 2135 3773 3734 3853">
    <p class='ocr_par' dir='ltr' id='par_1_88' title="bbox 2135 3773 3734 3853">
     <span class='ocr_line' id='line_1_88' title="bbox 2135 3773 3734 3853; baseline -0.005 -20"><span class='ocrx_word' id='word_1_687' title='bbox 2135 3780 2273 3849; x_wconf 77' lang='grc' dir='ltr'>φοῦς</span> <span class='ocrx_word' id='word_1_688' title='bbox 2305 3781 2568 3853; x_wconf 82' lang='grc' dir='ltr'>χορηγίας</span> <span class='ocrx_word' id='word_1_689' title='bbox 2613 3774 2724 3833; x_wconf 77' lang='grc' dir='ltr'>εἷεν</span> <span class='ocrx_word' id='word_1_690' title='bbox 2767 3779 2832 3832; x_wconf 85' lang='grc' dir='ltr'><strong>ἂν</strong></span> <span class='ocrx_word' id='word_1_691' title='bbox 2884 3779 2933 3832; x_wconf 84' lang='grc' dir='ltr'>οἱ</span> <span class='ocrx_word' id='word_1_692' title='bbox 2967 3778 3211 3846; x_wconf 86' lang='grc' dir='ltr'>γνήσιοι,</span> <span class='ocrx_word' id='word_1_693' title='bbox 3265 3776 3360 3830; x_wconf 73' lang='grc' dir='ltr'><strong>καὶ</strong></span> <span class='ocrx_word' id='word_1_694' title='bbox 3405 3773 3734 3846; x_wconf 85' lang='grc' dir='ltr'>βεϐιωκότες</span> 
     </span>
    </p>
   </div>
   <div class='ocr_carea' id='block_1_89' title="bbox 2135 3865 3732 3945">
    <p class='ocr_par' dir='ltr' id='par_1_89' title="bbox 2135 3865 3732 3945">
     <span class='ocr_line' id='line_1_89' title="bbox 2135 3865 3732 3945; baseline -0.006 -16"><span class='ocrx_word' id='word_1_695' title='bbox 2135 3875 2330 3945; x_wconf 87' lang='grc' dir='ltr'>ὀρθῶς,</span> <span class='ocrx_word' id='word_1_696' title='bbox 2371 3874 2468 3928; x_wconf 77' lang='grc' dir='ltr'>καὶ</span> <span class='ocrx_word' id='word_1_697' title='bbox 2503 3872 2728 3942; x_wconf 83' lang='grc' dir='ltr'>ἀγάπης</span> <span class='ocrx_word' id='word_1_698' title='bbox 2772 3871 2872 3940; x_wconf 80' lang='grc' dir='ltr'><strong>τῆς</strong></span> <span class='ocrx_word' id='word_1_699' title='bbox 2919 3871 2998 3932; x_wconf 89' lang='grc' dir='ltr'><strong>είς</strong></span> <span class='ocrx_word' id='word_1_700' title='bbox 3037 3869 3170 3921; x_wconf 85' lang='grc' dir='ltr'>Θεὸν</span> <span class='ocrx_word' id='word_1_701' title='bbox 3217 3867 3512 3939; x_wconf 83' lang='grc' dir='ltr'>προθέντες</span> <span class='ocrx_word' id='word_1_702' title='bbox 3551 3865 3732 3919; x_wconf 85' lang='grc' dir='ltr'>οὐδέν.</span> 
     </span>
    </p>
   </div>
   <div class='ocr_carea' id='block_1_90' title="bbox 2138 3957 3738 4037">
    <p class='ocr_par' dir='ltr' id='par_1_90' title="bbox 2138 3957 3738 4037">
     <span class='ocr_line' id='line_1_90' title="bbox 2138 3957 3738 4037; baseline -0.006 -17"><span class='ocrx_word' id='word_1_703' title='bbox 2138 3965 2250 4037; x_wconf 82' lang='grc' dir='ltr'>Τὴν</span> <span class='ocrx_word' id='word_1_704' title='bbox 2277 3965 2336 4019; x_wconf 85' lang='grc' dir='ltr'><strong>δέ</strong></span> <span class='ocrx_word' id='word_1_705' title='bbox 2365 3983 2430 4034; x_wconf 90' lang='grc' dir='ltr'><strong>γε</strong></span> <span class='ocrx_word' id='word_1_706' title='bbox 2474 3963 2924 4033; x_wconf 84' lang='grc' dir='ltr'>πεπορνευμένην</span> <span class='ocrx_word' id='word_1_707' title='bbox 2967 3961 3193 4032; x_wconf 63' lang='grc' dir='ltr'>ἄνυδρον</span> <span class='ocrx_word' id='word_1_708' title='bbox 3231 3959 3582 4029; x_wconf 88' lang='grc' dir='ltr'>γεγενῆσθαι,</span> <span class='ocrx_word' id='word_1_709' title='bbox 3635 3957 3738 4010; x_wconf 63' lang='grc' dir='ltr'><strong>καὶ⁸</strong></span> 
     </span>
    </p>
   </div>
   <div class='ocr_carea' id='block_1_91' title="bbox 2141 4043 3729 4126">
    <p class='ocr_par' dir='ltr' id='par_1_91' title="bbox 2141 4043 3729 4126">
     <span class='ocr_line' id='line_1_91' title="bbox 2141 4043 3729 4126; baseline -0.005 -17"><span class='ocrx_word' id='word_1_710' title='bbox 2141 4055 2249 4126; x_wconf 83' lang='grc' dir='ltr'><strong>μὴν</strong></span> <span class='ocrx_word' id='word_1_711' title='bbox 2272 4055 2367 4108; x_wconf 75' lang='grc' dir='ltr'>καὶ</span> <span class='ocrx_word' id='word_1_712' title='bbox 2401 4055 2460 4107; x_wconf 81' lang='grc' dir='ltr'><strong>ἐν</strong></span> <span class='ocrx_word' id='word_1_713' title='bbox 2486 4053 2614 4125; x_wconf 74' lang='grc' dir='ltr'>δίψῃ</span> <span class='ocrx_word' id='word_1_714' title='bbox 2638 4052 2990 4123; x_wconf 80' lang='grc' dir='ltr'>τεθνήξεσθαι</span> <span class='ocrx_word' id='word_1_715' title='bbox 3011 4051 3160 4120; x_wconf 80' lang='grc' dir='ltr'>λέγει</span> <span class='ocrx_word' id='word_1_716' title='bbox 3180 4069 3194 4081; x_wconf 84' lang='grc'><strong>·</strong></span> <span class='ocrx_word' id='word_1_717' title='bbox 3225 4051 3319 4105; x_wconf 78' lang='grc' dir='ltr'><strong>καὶ</strong></span> <span class='ocrx_word' id='word_1_718' title='bbox 3344 4051 3522 4114; x_wconf 72' lang='grc' dir='ltr'>τοῦτο,</span> <span class='ocrx_word' id='word_1_719' title='bbox 3551 4043 3729 4120; x_wconf 77' lang='grc' dir='ltr'>οἶμαι,</span> 
     </span>
    </p>
   </div>
   <div class='ocr_carea' id='block_1_92' title="bbox 2139 4145 3736 4216">
    <p class='ocr_par' dir='ltr' id='par_1_92' title="bbox 2139 4145 3736 4216">
     <span class='ocr_line' id='line_1_92' title="bbox 2139 4145 3736 4216; baseline -0.001 -17"><span class='ocrx_word' id='word_1_720' title='bbox 2139 4147 2257 4200; x_wconf 76' lang='grc' dir='ltr'>ἐστὶ</span> <span class='ocrx_word' id='word_1_721' title='bbox 2301 4150 2364 4200; x_wconf 80' lang='grc' dir='ltr'><strong>τὸ</strong></span> <span class='ocrx_word' id='word_1_722' title='bbox 2411 4146 2501 4200; x_wconf 81' lang='grc' dir='ltr'>διὰ</span> <span class='ocrx_word' id='word_1_723' title='bbox 2548 4145 2736 4216; x_wconf 74' lang='grc' dir='ltr'>φωνῆς</span> <span class='ocrx_word' id='word_1_724' title='bbox 2787 4147 2990 4216; x_wconf 86' lang='grc' dir='ltr'>ἐτέρων</span> <span class='ocrx_word' id='word_1_725' title='bbox 3041 4145 3338 4216; x_wconf 82' lang='grc' dir='ltr'>προφητῶν</span> <span class='ocrx_word' id='word_1_726' title='bbox 3382 4146 3510 4216; x_wconf 75' lang='grc' dir='ltr'>περὶ</span> <span class='ocrx_word' id='word_1_727' title='bbox 3555 4145 3736 4215; x_wconf 82' lang='grc' dir='ltr'>αὐτῆς</span> 
     </span>
    </p>
   </div>
   <div class='ocr_carea' id='block_1_93' title="bbox 2139 4235 3733 4309">
    <p class='ocr_par' dir='ltr' id='par_1_93' title="bbox 2139 4235 3733 4309">
     <span class='ocr_line' id='line_1_93' title="bbox 2139 4235 3733 4309; baseline 0 -19"><span class='ocrx_word' id='word_1_728' title='bbox 2139 4237 2446 4309; x_wconf 79' lang='grc' dir='ltr'>εἰρημένον.</span> <span class='ocrx_word' id='word_1_729' title='bbox 2519 4236 2578 4291; x_wconf 89' lang='grc' dir='ltr'><strong>Ὃ</strong></span> <span class='ocrx_word' id='word_1_730' title='bbox 2635 4238 2734 4308; x_wconf 78' lang='grc' dir='ltr'><strong>μὲν</strong></span> <span class='ocrx_word' id='word_1_731' title='bbox 2791 4237 2901 4309; x_wconf 85' lang='grc' dir='ltr'><strong>γάρ</strong></span> <span class='ocrx_word' id='word_1_732' title='bbox 2963 4236 3223 4305; x_wconf 76' lang='grc' dir='ltr'>ἔφασκεν,</span> <span class='ocrx_word' id='word_1_733' title='bbox 3283 4255 3300 4288; x_wconf 84' lang='grc' dir='ltr'><strong>ι</strong></span> <span class='ocrx_word' id='word_1_734' title='bbox 3334 4235 3466 4289; x_wconf 78' lang='grc' dir='ltr'>Ἰδοὺ</span> <span class='ocrx_word' id='word_1_735' title='bbox 3525 4235 3733 4306; x_wconf 76' lang='grc' dir='ltr'>ἡμέραι</span> 
     </span>
    </p>
   </div>
   <div class='ocr_carea' id='block_1_94' title="bbox 2140 4325 3733 4400">
    <p class='ocr_par' dir='ltr' id='par_1_94' title="bbox 2140 4325 3733 4400">
     <span class='ocr_line' id='line_1_94' title="bbox 2140 4325 3733 4400; baseline -0.002 -19"><span class='ocrx_word' id='word_1_736' title='bbox 2140 4329 2412 4400; x_wconf 79' lang='grc' dir='ltr'>ἔρχονται,</span> <span class='ocrx_word' id='word_1_737' title='bbox 2447 4329 2596 4398; x_wconf 89' lang='grc' dir='ltr'>λέγει</span> <span class='ocrx_word' id='word_1_738' title='bbox 2629 4329 2858 4399; x_wconf 83' lang='grc' dir='ltr'>Κύριος,</span> <span class='ocrx_word' id='word_1_739' title='bbox 2899 4328 2996 4382; x_wconf 75' lang='grc' dir='ltr'>καὶ</span> <span class='ocrx_word' id='word_1_740' title='bbox 3034 4325 3381 4391; x_wconf 82' lang='grc' dir='ltr'>ἐξαποστελῶ</span> <span class='ocrx_word' id='word_1_741' title='bbox 3429 4326 3585 4392; x_wconf 90' lang='grc' dir='ltr'>λιμὸν</span> <span class='ocrx_word' id='word_1_742' title='bbox 3631 4327 3733 4379; x_wconf 80' lang='grc' dir='ltr'><strong>ἐπὶ</strong></span> 
     </span>
    </p>
   </div>
   <div class='ocr_carea' id='block_1_95' title="bbox 2131 4411 3734 4489">
    <p class='ocr_par' dir='ltr' id='par_1_95' title="bbox 2131 4411 3734 4489">
     <span class='ocr_line' id='line_1_95' title="bbox 2131 4411 3734 4489; baseline -0.003 -20"><span class='ocrx_word' id='word_1_743' title='bbox 2131 4418 2232 4489; x_wconf 84' lang='grc' dir='ltr'>τὴν</span> <span class='ocrx_word' id='word_1_744' title='bbox 2265 4418 2369 4488; x_wconf 90' lang='grc' dir='ltr'><strong>γῆν</strong></span> <span class='ocrx_word' id='word_1_745' title='bbox 2389 4434 2403 4448; x_wconf 88' lang='grc'><strong>·</strong></span> <span class='ocrx_word' id='word_1_746' title='bbox 2447 4418 2508 4471; x_wconf 84' lang='grc' dir='ltr'><strong>ού</strong></span> <span class='ocrx_word' id='word_1_747' title='bbox 2545 4416 2704 4488; x_wconf 84' lang='grc' dir='ltr'>λιμόν</span> <span class='ocrx_word' id='word_1_748' title='bbox 2745 4417 2932 4488; x_wconf 82' lang='grc' dir='ltr'>ἄρτου,</span> <span class='ocrx_word' id='word_1_749' title='bbox 2972 4415 3094 4469; x_wconf 83' lang='grc' dir='ltr'>οὐδὲ</span> <span class='ocrx_word' id='word_1_750' title='bbox 3124 4413 3284 4483; x_wconf 75' lang='grc' dir='ltr'>δίψαν</span> <span class='ocrx_word' id='word_1_751' title='bbox 3315 4412 3508 4476; x_wconf 78' lang='grc' dir='ltr'>ὓδατος</span> <span class='ocrx_word' id='word_1_752' title='bbox 3532 4450 3547 4475; x_wconf 95' lang='grc'><strong>,</strong></span> <span class='ocrx_word' id='word_1_753' title='bbox 3593 4411 3734 4465; x_wconf 87' lang='grc' dir='ltr'>ἀλλὰ</span> 
     </span>
    </p>
   </div>
   <div class='ocr_carea' id='block_1_96' title="bbox 2127 4501 3728 4582">
    <p class='ocr_par' dir='ltr' id='par_1_96' title="bbox 2127 4501 3728 4582">
     <span class='ocr_line' id='line_1_96' title="bbox 2127 4501 3728 4582; baseline -0.003 -20"><span class='ocrx_word' id='word_1_754' title='bbox 2127 4510 2286 4582; x_wconf 72' lang='grc' dir='ltr'>λιμὸν</span> <span class='ocrx_word' id='word_1_755' title='bbox 2313 4509 2407 4564; x_wconf 83' lang='grc' dir='ltr'>τοῦ</span> <span class='ocrx_word' id='word_1_756' title='bbox 2441 4510 2675 4564; x_wconf 80' lang='grc' dir='ltr'>ἀκοῦσαι</span> <span class='ocrx_word' id='word_1_757' title='bbox 2705 4508 2862 4577; x_wconf 90' lang='grc' dir='ltr'>λόγον</span> <span class='ocrx_word' id='word_1_758' title='bbox 2889 4506 3098 4578; x_wconf 80' lang='grc' dir='ltr'>Κυρίου</span> <span class='ocrx_word' id='word_1_759' title='bbox 3117 4525 3132 4538; x_wconf 92' lang='grc'><strong>·</strong></span> <span class='ocrx_word' id='word_1_760' title='bbox 3177 4505 3273 4559; x_wconf 63' lang='grc' dir='ltr'><strong>καὶ⁸</strong></span> <span class='ocrx_word' id='word_1_761' title='bbox 3312 4503 3420 4558; x_wconf 80' lang='grc' dir='ltr'>ἀπὸ</span> <span class='ocrx_word' id='word_1_762' title='bbox 3447 4501 3728 4557; x_wconf 78' lang='grc' dir='ltr'>ἀνατολῶν</span> 
     </span>
    </p>
   </div>
   <div class='ocr_carea' id='block_1_97' title="bbox 2127 4592 3732 4668">
    <p class='ocr_par' dir='ltr' id='par_1_97' title="bbox 2127 4592 3732 4668">
     <span class='ocr_line' id='line_1_97' title="bbox 2127 4592 3732 4668; baseline -0.002 -18"><span class='ocrx_word' id='word_1_763' title='bbox 2127 4597 2233 4660; x_wconf 77' lang='grc' dir='ltr'>ἕως</span> <span class='ocrx_word' id='word_1_764' title='bbox 2287 4596 2508 4667; x_wconf 86' lang='grc' dir='ltr'>δυσμῶν</span> <span class='ocrx_word' id='word_1_765' title='bbox 2556 4595 3040 4668; x_wconf 80' lang='grc' dir='ltr'>περιδραμοῦνται,</span> <span class='ocrx_word' id='word_1_766' title='bbox 3086 4594 3380 4665; x_wconf 81' lang='grc' dir='ltr'>ζητοῦντες</span> <span class='ocrx_word' id='word_1_767' title='bbox 3429 4593 3518 4647; x_wconf 79' lang='grc' dir='ltr'><strong>τὸν</strong></span> <span class='ocrx_word' id='word_1_768' title='bbox 3568 4592 3732 4660; x_wconf 90' lang='grc' dir='ltr'>λόγον</span> 
     </span>
    </p>
   </div>
   <div class='ocr_carea' id='block_1_98' title="bbox 2126 4684 3728 4760">
    <p class='ocr_par' dir='ltr' id='par_1_98' title="bbox 2126 4684 3728 4760">
     <span class='ocr_line' id='line_1_98' title="bbox 2126 4684 3728 4760; baseline -0.004 -18"><span class='ocrx_word' id='word_1_769' title='bbox 2126 4689 2353 4760; x_wconf 86' lang='grc' dir='ltr'>Κυρίου,</span> <span class='ocrx_word' id='word_1_770' title='bbox 2391 4690 2484 4742; x_wconf 75' lang='grc' dir='ltr'>καὶ</span> <span class='ocrx_word' id='word_1_771' title='bbox 2510 4689 2572 4742; x_wconf 87' lang='grc' dir='ltr'><strong>ού</strong></span> <span class='ocrx_word' id='word_1_772' title='bbox 2603 4690 2680 4760; x_wconf 85' lang='grc' dir='ltr'>μὴ</span> <span class='ocrx_word' id='word_1_773' title='bbox 2712 4688 2965 4759; x_wconf 78' lang='grc' dir='ltr'>εὕρωσιν.</span> <span class='ocrx_word' id='word_1_774' title='bbox 2998 4707 3017 4741; x_wconf 73' lang='grc' dir='ltr'><strong>ι</strong></span> <span class='ocrx_word' id='word_1_775' title='bbox 3074 4686 3342 4758; x_wconf 84' lang='grc' dir='ltr'>Ἱερεμίας</span> <span class='ocrx_word' id='word_1_776' title='bbox 3377 4685 3436 4738; x_wconf 86' lang='grc' dir='ltr'><strong>δέ</strong></span> <span class='ocrx_word' id='word_1_777' title='bbox 3465 4684 3628 4750; x_wconf 83' lang='grc' dir='ltr'>πάλιν</span> <span class='ocrx_word' id='word_1_778' title='bbox 3650 4685 3728 4749; x_wconf 84' lang='grc' dir='ltr'>ὡς</span> 
     </span>
    </p>
   </div>
   <div class='ocr_carea' id='block_1_99' title="bbox 2135 4776 3732 4854">
    <p class='ocr_par' dir='ltr' id='par_1_99' title="bbox 2135 4776 3732 4854">
     <span class='ocr_line' id='line_1_99' title="bbox 2135 4776 3732 4854; baseline -0.003 -20"><span class='ocrx_word' id='word_1_779' title='bbox 2135 4783 2200 4834; x_wconf 89' lang='grc' dir='ltr'><strong>ἐκ</strong></span> <span class='ocrx_word' id='word_1_780' title='bbox 2229 4781 2520 4854; x_wconf 85' lang='grc' dir='ltr'>προσώπου</span> <span class='ocrx_word' id='word_1_781' title='bbox 2545 4780 2639 4834; x_wconf 76' lang='grc' dir='ltr'>τοῦ</span> <span class='ocrx_word' id='word_1_782' title='bbox 2670 4779 2830 4833; x_wconf 78' lang='grc' dir='ltr'>Θεοῦ·</span> <span class='ocrx_word' id='word_1_783' title='bbox 2879 4799 2898 4832; x_wconf 81' lang='grc' dir='ltr'><strong>ι</strong></span> <span class='ocrx_word' id='word_1_784' title='bbox 2926 4780 3080 4851; x_wconf 90' lang='grc' dir='ltr'>Πόνῳ</span> <span class='ocrx_word' id='word_1_785' title='bbox 3107 4780 3202 4833; x_wconf 78' lang='grc' dir='ltr'><strong>καὶ</strong></span> <span class='ocrx_word' id='word_1_786' title='bbox 3235 4777 3460 4848; x_wconf 82' lang='grc' dir='ltr'>μάστιγι</span> <span class='ocrx_word' id='word_1_787' title='bbox 3505 4776 3732 4830; x_wconf 78' lang='grc' dir='ltr'>παιδευο</span> 
     </span>
    </p>
   </div>
   <div class='ocr_carea' id='block_1_100' title="bbox 2137 4867 3731 4948">
    <p class='ocr_par' dir='ltr' id='par_1_100' title="bbox 2137 4867 3731 4948">
     <span class='ocr_line' id='line_1_100' title="bbox 2137 4867 3731 4948; baseline -0.004 -22"><span class='ocrx_word' id='word_1_788' title='bbox 2137 4873 2296 4944; x_wconf 84' lang='grc' dir='ltr'>θήσῃ,</span> <span class='ocrx_word' id='word_1_789' title='bbox 2323 4872 2797 4948; x_wconf 47' lang='grc' dir='ltr'>Ἰερουσαλὴμμὴ</span> <span class='ocrx_word' id='word_1_790' title='bbox 2829 4873 3040 4944; x_wconf 84' lang='grc' dir='ltr'>ἀποστῇ</span> <span class='ocrx_word' id='word_1_791' title='bbox 3071 4873 3105 4942; x_wconf 88' lang='grc' dir='ltr'><strong>ἡ</strong></span> <span class='ocrx_word' id='word_1_792' title='bbox 3145 4870 3291 4941; x_wconf 75' lang='grc' dir='ltr'>ψυχή</span> <span class='ocrx_word' id='word_1_793' title='bbox 3335 4887 3436 4940; x_wconf 88' lang='grc' dir='ltr'><strong>μου</strong></span> <span class='ocrx_word' id='word_1_794' title='bbox 3470 4868 3579 4922; x_wconf 84' lang='grc' dir='ltr'><strong>ἀπὸ</strong></span> <span class='ocrx_word' id='word_1_795' title='bbox 3614 4867 3731 4931; x_wconf 81' lang='grc' dir='ltr'>σοῦ,</span> 
     </span>
    </p>
   </div>
   <div class='ocr_carea' id='block_1_101' title="bbox 2141 4960 3728 5036">
    <p class='ocr_par' dir='ltr' id='par_1_101' title="bbox 2141 4960 3728 5036">
     <span class='ocr_line' id='line_1_101' title="bbox 2141 4960 3728 5036; baseline -0.005 -19"><span class='ocrx_word' id='word_1_796' title='bbox 2141 4964 2216 5036; x_wconf 79' lang='grc' dir='ltr'><strong>μὴ</strong></span> <span class='ocrx_word' id='word_1_797' title='bbox 2245 4967 2458 5035; x_wconf 84' lang='grc' dir='ltr'>ποιήσω</span> <span class='ocrx_word' id='word_1_798' title='bbox 2487 4981 2547 5017; x_wconf 91' lang='grc' dir='ltr'><strong>σε</strong></span> <span class='ocrx_word' id='word_1_799' title='bbox 2581 4963 2782 5018; x_wconf 78' lang='grc' dir='ltr'>ἄϐατον</span> <span class='ocrx_word' id='word_1_800' title='bbox 2807 4965 2930 5034; x_wconf 89' lang='grc' dir='ltr'>γῆν,</span> <span class='ocrx_word' id='word_1_801' title='bbox 2960 4965 3083 5034; x_wconf 75' lang='grc' dir='ltr'>ἥτις</span> <span class='ocrx_word' id='word_1_802' title='bbox 3112 4963 3172 5015; x_wconf 84' lang='grc' dir='ltr'><strong>οὐ</strong></span> <span class='ocrx_word' id='word_1_803' title='bbox 3197 4960 3679 5030; x_wconf 86' lang='grc' dir='ltr'>κατοικηθήσεται.</span> <span class='ocrx_word' id='word_1_804' title='bbox 3709 4977 3728 5009; x_wconf 71' lang='grc' dir='ltr'><strong>ι</strong></span> 
     </span>
    </p>
   </div>
   <div class='ocr_carea' id='block_1_102' title="bbox 2149 5049 3731 5127">
    <p class='ocr_par' dir='ltr' id='par_1_102' title="bbox 2149 5049 3731 5127">
     <span class='ocr_line' id='line_1_102' title="bbox 2149 5049 3731 5127; baseline -0.006 -16"><span class='ocrx_word' id='word_1_805' title='bbox 2149 5057 2396 5126; x_wconf 83' lang='grc' dir='ltr'>Ἐκάστῳ</span> <span class='ocrx_word' id='word_1_806' title='bbox 2437 5055 2547 5126; x_wconf 89' lang='grc' dir='ltr'><strong>γάρ</strong></span> <span class='ocrx_word' id='word_1_807' title='bbox 2578 5056 2758 5127; x_wconf 72' lang='grc' dir='ltr'>ἡμῶν,</span> <span class='ocrx_word' id='word_1_808' title='bbox 2789 5053 2865 5119; x_wconf 85' lang='grc' dir='ltr'>ὡς</span> <span class='ocrx_word' id='word_1_809' title='bbox 2897 5053 3055 5124; x_wconf 78' lang='grc' dir='ltr'>ἔφην,</span> <span class='ocrx_word' id='word_1_810' title='bbox 3100 5053 3293 5122; x_wconf 89' lang='grc' dir='ltr'>λόγους</span> <span class='ocrx_word' id='word_1_811' title='bbox 3335 5052 3417 5114; x_wconf 87' lang='grc' dir='ltr'><strong>είς</strong></span> <span class='ocrx_word' id='word_1_812' title='bbox 3451 5050 3574 5104; x_wconf 80' lang='grc' dir='ltr'>νοῦν</span> <span class='ocrx_word' id='word_1_813' title='bbox 3607 5049 3731 5113; x_wconf 72' lang='grc' dir='ltr'>τοὺ,</span> 
     </span>
    </p>
   </div>
   <div class='ocr_carea' id='block_1_103' title="bbox 2137 5139 3733 5217">
    <p class='ocr_par' dir='ltr' id='par_1_103' title="bbox 2137 5139 3733 5217">
     <span class='ocr_line' id='line_1_103' title="bbox 2137 5139 3733 5217; baseline -0.004 -17"><span class='ocrx_word' id='word_1_814' title='bbox 2137 5146 2224 5200; x_wconf 85' lang='grc' dir='ltr'>διὰ</span> <span class='ocrx_word' id='word_1_815' title='bbox 2251 5145 2345 5200; x_wconf 84' lang='grc' dir='ltr'>τοῦ</span> <span class='ocrx_word' id='word_1_816' title='bbox 2381 5145 2698 5217; x_wconf 86' lang='grc' dir='ltr'>Πνεύματος</span> <span class='ocrx_word' id='word_1_817' title='bbox 2720 5146 2893 5214; x_wconf 85' lang='grc' dir='ltr'>ἐνίησι</span> <span class='ocrx_word' id='word_1_818' title='bbox 2913 5147 3066 5211; x_wconf 78' lang='grc' dir='ltr'>Θεὸς,</span> <span class='ocrx_word' id='word_1_819' title='bbox 3092 5142 3423 5213; x_wconf 80' lang='grc' dir='ltr'>ἀποτρέφειν</span> <span class='ocrx_word' id='word_1_820' title='bbox 3451 5139 3733 5212; x_wconf 70' lang='grc' dir='ltr'>ἰσχύοντας</span> 
     </span>
    </p>
   </div>
   <div class='ocr_carea' id='block_1_104' title="bbox 2131 5233 3734 5310">
    <p class='ocr_par' dir='ltr' id='par_1_104' title="bbox 2131 5233 3734 5310">
     <span class='ocr_line' id='line_1_104' title="bbox 2131 5233 3734 5310; baseline -0.006 -17"><span class='ocrx_word' id='word_1_821' title='bbox 2131 5241 2213 5304; x_wconf 84' lang='grc' dir='ltr'><strong>είς</strong></span> <span class='ocrx_word' id='word_1_822' title='bbox 2265 5238 2411 5310; x_wconf 78' lang='grc' dir='ltr'>ζωὴν</span> <span class='ocrx_word' id='word_1_823' title='bbox 2456 5236 2694 5304; x_wconf 75' lang='grc' dir='ltr'>αἰώνιον,</span> <span class='ocrx_word' id='word_1_824' title='bbox 2737 5238 2769 5308; x_wconf 79' lang='grc' dir='ltr'>ἢ</span> <span class='ocrx_word' id='word_1_825' title='bbox 2821 5236 2916 5291; x_wconf 72' lang='grc' dir='ltr'>καὶ</span> <span class='ocrx_word' id='word_1_826' title='bbox 2970 5236 3060 5289; x_wconf 81' lang='grc' dir='ltr'>διὰ</span> <span class='ocrx_word' id='word_1_827' title='bbox 3111 5234 3296 5305; x_wconf 84' lang='grc' dir='ltr'>φωνῆς</span> <span class='ocrx_word' id='word_1_828' title='bbox 3351 5233 3520 5302; x_wconf 87' lang='grc' dir='ltr'>ἁγίων</span> <span class='ocrx_word' id='word_1_829' title='bbox 3568 5249 3734 5286; x_wconf 87' lang='grc' dir='ltr'>κατα-</span> 
     </span>
    </p>
   </div>
   <div class='ocr_carea' id='block_1_105' title="bbox 2134 5318 3733 5395">
    <p class='ocr_par' dir='ltr' id='par_1_105' title="bbox 2134 5318 3733 5395">
     <span class='ocr_line' id='line_1_105' title="bbox 2134 5318 3733 5395; baseline -0.008 -11"><span class='ocrx_word' id='word_1_830' title='bbox 2134 5329 2340 5384; x_wconf 86' lang='grc' dir='ltr'>πιαίνει</span> <span class='ocrx_word' id='word_1_831' title='bbox 2359 5327 2641 5392; x_wconf 85' lang='grc' dir='ltr'>πολλάκις.</span> <span class='ocrx_word' id='word_1_832' title='bbox 2676 5325 3077 5381; x_wconf 84' lang='grc' dir='ltr'>Συνδιολεῖσθαι</span> <span class='ocrx_word' id='word_1_833' title='bbox 3108 5324 3173 5395; x_wconf 81' lang='grc' dir='ltr'>δὴ</span> <span class='ocrx_word' id='word_1_834' title='bbox 3197 5318 3290 5377; x_wconf 79' lang='grc' dir='ltr'>οὖν</span> <span class='ocrx_word' id='word_1_835' title='bbox 3318 5325 3383 5395; x_wconf 84' lang='grc' dir='ltr'>τῇ</span> <span class='ocrx_word' id='word_1_836' title='bbox 3425 5337 3733 5391; x_wconf 82' lang='grc' dir='ltr'>πεπορνευ-</span> 
     </span>
    </p>
   </div>
   <div class='ocr_carea' id='block_1_106' title="bbox 453 5413 2029 5496">
    <p class='ocr_par' dir='ltr' id='par_1_106' title="bbox 453 5420 2029 5490">
     <span class='ocr_line' id='line_1_106' title="bbox 453 5420 2029 5490; baseline 0.001 -15"><span class='ocrx_word' id='word_1_837' title='bbox 453 5423 626 5490; x_wconf 80' lang='lat' dir='ltr'><strong>Quam</strong></span> <span class='ocrx_word' id='word_1_838' title='bbox 645 5422 715 5477; x_wconf 92' lang='lat' dir='ltr'><strong>ob</strong></span> <span class='ocrx_word' id='word_1_839' title='bbox 739 5435 959 5476; x_wconf 84' lang='lat' dir='ltr'><strong>causam</strong></span> <span class='ocrx_word' id='word_1_840' title='bbox 987 5420 1010 5474; x_wconf 66' lang='grc' dir='ltr'><em>ἲ</em></span> <span class='ocrx_word' id='word_1_841' title='bbox 1035 5420 1168 5487; x_wconf 88' lang='lat' dir='ltr'><strong>Quia</strong></span> <span class='ocrx_word' id='word_1_842' title='bbox 1210 5421 1302 5475; x_wconf 83' lang='lat' dir='ltr'><strong>ﬁlii</strong></span> <span class='ocrx_word' id='word_1_843' title='bbox 1334 5421 1706 5477; x_wconf 88' lang='lat' dir='ltr'><strong>fornicationis</strong></span> <span class='ocrx_word' id='word_1_844' title='bbox 1749 5431 1894 5477; x_wconf 89' lang='lat' dir='ltr'><strong>sum.</strong></span> <span class='ocrx_word' id='word_1_845' title='bbox 1930 5421 2029 5477; x_wconf 78' lang='lat' dir='ltr'><strong>Nec</strong></span> 
     </span>
    </p>
   </div>
   <div class='ocr_carea' id='block_1_107' title="bbox 2130 5413 3730 5496">
    <p class='ocr_par' dir='ltr' id='par_1_107' title="bbox 2140 5413 3730 5496">
     <span class='ocr_line' id='line_1_107' title="bbox 2140 5413 3730 5496; baseline -0.007 -21"><span class='ocrx_word' id='word_1_846' title='bbox 2140 5423 2280 5496; x_wconf 83' lang='grc' dir='ltr'>μένῃ</span> <span class='ocrx_word' id='word_1_847' title='bbox 2315 5421 2482 5494; x_wconf 73' lang='grc' dir='ltr'>μητρὶ</span> <span class='ocrx_word' id='word_1_848' title='bbox 2509 5421 2577 5475; x_wconf 77' lang='grc' dir='ltr'>τὰ</span> <span class='ocrx_word' id='word_1_849' title='bbox 2610 5422 2778 5474; x_wconf 88' lang='grc' dir='ltr'>τέκνα</span> <span class='ocrx_word' id='word_1_850' title='bbox 2812 5420 2922 5474; x_wconf 90' lang='grc' dir='ltr'>δεῖν</span> <span class='ocrx_word' id='word_1_851' title='bbox 2959 5417 3088 5489; x_wconf 78' lang='grc' dir='ltr'>ἔφη,</span> <span class='ocrx_word' id='word_1_852' title='bbox 3123 5417 3220 5471; x_wconf 79' lang='grc' dir='ltr'><strong>καὶ</strong></span> <span class='ocrx_word' id='word_1_853' title='bbox 3253 5415 3554 5488; x_wconf 76' lang='grc' dir='ltr'>οἰκτιρμῶν</span> <span class='ocrx_word' id='word_1_854' title='bbox 3587 5413 3730 5485; x_wconf 83' lang='grc' dir='ltr'>δίχα.</span> 
     </span>
    </p>
   </div>
   <div class='ocr_carea' id='block_1_108' title="bbox 455 5509 2033 5580">
    <p class='ocr_par' dir='ltr' id='par_1_108' title="bbox 455 5509 2033 5580">
     <span class='ocr_line' id='line_1_108' title="bbox 455 5509 2033 5580; baseline -0.001 -15"><span class='ocrx_word' id='word_1_855' title='bbox 455 5526 590 5566; x_wconf 86' lang='lat' dir='ltr'><strong>sane</strong></span> <span class='ocrx_word' id='word_1_856' title='bbox 617 5510 847 5566; x_wconf 89' lang='lat' dir='ltr'><strong>dicimus</strong></span> <span class='ocrx_word' id='word_1_857' title='bbox 880 5511 1105 5564; x_wconf 89' lang='lat' dir='ltr'><strong>materni</strong></span> <span class='ocrx_word' id='word_1_858' title='bbox 1173 5511 1379 5580; x_wconf 87' lang='lat' dir='ltr'><strong>peccati</strong></span> <span class='ocrx_word' id='word_1_859' title='bbox 1437 5525 1598 5565; x_wconf 88' lang='lat' dir='ltr'><strong>reum.</strong></span> <span class='ocrx_word' id='word_1_860' title='bbox 1663 5523 1784 5564; x_wconf 87' lang='lat' dir='ltr'><strong>esse</strong></span> <span class='ocrx_word' id='word_1_861' title='bbox 1842 5509 2033 5563; x_wconf 83' lang='lat' dir='ltr'><strong>ﬁlium.</strong></span> 
     </span>
    </p>
   </div>
   <div class='ocr_carea' id='block_1_109' title="bbox 457 5601 2040 5672">
    <p class='ocr_par' dir='ltr' id='par_1_109' title="bbox 457 5601 2040 5672">
     <span class='ocr_line' id='line_1_109' title="bbox 457 5601 2040 5672; baseline -0.001 -14"><span class='ocrx_word' id='word_1_862' title='bbox 457 5601 710 5658; x_wconf 90' lang='lat' dir='ltr'><strong>Occurrit</strong></span> <span class='ocrx_word' id='word_1_863' title='bbox 739 5601 881 5656; x_wconf 89' lang='lat' dir='ltr'><strong>enim</strong></span> <span class='ocrx_word' id='word_1_864' title='bbox 905 5602 1083 5670; x_wconf 89' lang='lat' dir='ltr'><strong>nobis,</strong></span> <span class='ocrx_word' id='word_1_865' title='bbox 1109 5603 1252 5672; x_wconf 90' lang='lat' dir='ltr'><strong>quod</strong></span> <span class='ocrx_word' id='word_1_866' title='bbox 1284 5602 1484 5659; x_wconf 89' lang='lat' dir='ltr'><strong>alicubi</strong></span> <span class='ocrx_word' id='word_1_867' title='bbox 1525 5611 1705 5658; x_wconf 79' lang='lat' dir='ltr'><strong>exstat</strong></span> <span class='ocrx_word' id='word_1_868' title='bbox 1735 5603 1874 5672; x_wconf 85' lang='lat' dir='ltr'><strong>apud</strong></span> <span class='ocrx_word' id='word_1_869' title='bbox 1910 5601 2040 5657; x_wconf 88' lang='lat' dir='ltr'><strong>Eze-</strong></span> 
     </span>
    </p>
   </div>
   <div class='ocr_carea' id='block_1_110' title="bbox 2138 5504 3733 5581">
    <p class='ocr_par' dir='ltr' id='par_1_110' title="bbox 2138 5504 3733 5581">
     <span class='ocr_line' id='line_1_110' title="bbox 2138 5504 3733 5581; baseline -0.008 -13"><span class='ocrx_word' id='word_1_870' title='bbox 2138 5514 2238 5568; x_wconf 85' lang='grc' dir='ltr'>Διά</span> <span class='ocrx_word' id='word_1_871' title='bbox 2261 5514 2422 5567; x_wconf 92' lang='grc' dir='ltr'>ποίαν</span> <span class='ocrx_word' id='word_1_872' title='bbox 2437 5513 2647 5578; x_wconf 84' lang='grc' dir='ltr'>αίτίαν;</span> <span class='ocrx_word' id='word_1_873' title='bbox 2679 5512 2800 5564; x_wconf 91' lang='grc' dir='ltr'>Ὅτι</span> <span class='ocrx_word' id='word_1_874' title='bbox 2824 5510 2990 5564; x_wconf 88' lang='grc' dir='ltr'>τέκνα</span> <span class='ocrx_word' id='word_1_875' title='bbox 3015 5509 3271 5581; x_wconf 88' lang='grc' dir='ltr'>πορνείας</span> <span class='ocrx_word' id='word_1_876' title='bbox 3300 5507 3427 5562; x_wconf 87' lang='grc' dir='ltr'>εἰσί.</span> <span class='ocrx_word' id='word_1_877' title='bbox 3445 5507 3554 5560; x_wconf 73' lang='grc' dir='ltr'><strong>Καὶ</strong></span> <span class='ocrx_word' id='word_1_878' title='bbox 3582 5506 3642 5560; x_wconf 82' lang='grc' dir='ltr'><strong>οὐ</strong></span> <span class='ocrx_word' id='word_1_879' title='bbox 3670 5504 3733 5571; x_wconf 81' lang='grc' dir='ltr'>δή</span> 
     </span>
    </p>
   </div>
   <div class='ocr_carea' id='block_1_111' title="bbox 2143 5598 3730 5677">
    <p class='ocr_par' dir='ltr' id='par_1_111' title="bbox 2143 5598 3730 5677">
     <span class='ocr_line' id='line_1_111' title="bbox 2143 5598 3730 5677; baseline -0.01 -14"><span class='ocrx_word' id='word_1_880' title='bbox 2143 5605 2244 5663; x_wconf 85' lang='grc' dir='ltr'><strong>πού</strong></span> <span class='ocrx_word' id='word_1_881' title='bbox 2271 5623 2452 5677; x_wconf 85' lang='grc' dir='ltr'>φαμεν</span> <span class='ocrx_word' id='word_1_882' title='bbox 2479 5605 2562 5659; x_wconf 75' lang='grc' dir='ltr'><strong>ὅτι</strong></span> <span class='ocrx_word' id='word_1_883' title='bbox 2594 5606 2692 5676; x_wconf 85' lang='grc' dir='ltr'><strong>τῆς</strong></span> <span class='ocrx_word' id='word_1_884' title='bbox 2713 5603 2918 5676; x_wconf 87' lang='grc' dir='ltr'>μητρὸς</span> <span class='ocrx_word' id='word_1_885' title='bbox 2944 5601 3418 5675; x_wconf 83' lang='grc' dir='ltr'>πλημμελήμασιν</span> <span class='ocrx_word' id='word_1_886' title='bbox 3439 5598 3730 5654; x_wconf 82' lang='grc' dir='ltr'>ὑπόκειται</span> 
     </span>
    </p>
   </div>
   <div class='ocr_carea' id='block_1_112' title="bbox 535 5747 3008 5859">
    <p class='ocr_par' dir='ltr' id='par_1_112' title="bbox 535 5747 3008 5859">
     <span class='ocr_line' id='line_1_112' title="bbox 535 5747 3008 5859; baseline -0.002 -23"><span class='ocrx_word' id='word_1_887' title='bbox 535 5779 584 5859; x_wconf 39' lang='grc'>,⁸³</span> <span class='ocrx_word' id='word_1_888' title='bbox 611 5778 800 5836; x_wconf 81' lang='lat' dir='ltr'><strong>Matth.</strong></span> <span class='ocrx_word' id='word_1_889' title='bbox 824 5796 919 5848; x_wconf 70' lang='lat' dir='ltr'><strong>XII,</strong></span> <span class='ocrx_word' id='word_1_890' title='bbox 960 5781 1162 5836; x_wconf 66' lang='lat'><strong>43-45.</strong></span> <span class='ocrx_word' id='word_1_891' title='bbox 1243 5782 1284 5813; x_wconf 62' lang='grc'><strong>⁸³</strong></span> <span class='ocrx_word' id='word_1_892' title='bbox 1313 5781 1450 5837; x_wconf 69' lang='lat' dir='ltr'><strong>l’sal.</strong></span> <span class='ocrx_word' id='word_1_893' title='bbox 1486 5800 1645 5847; x_wconf 64' lang='lat' dir='ltr'><strong>xxxv,</strong></span> <span class='ocrx_word' id='word_1_894' title='bbox 1698 5782 1838 5836; x_wconf 72' lang='lat'><strong>8-10.</strong></span> <span class='ocrx_word' id='word_1_895' title='bbox 1925 5783 1966 5812; x_wconf 78' lang='lat'><strong>”‘</strong></span> <span class='ocrx_word' id='word_1_896' title='bbox 2009 5784 2190 5834; x_wconf 78' lang='lat' dir='ltr'><strong>Alnus.</strong></span> <span class='ocrx_word' id='word_1_897' title='bbox 2226 5797 2339 5845; x_wconf 86' lang='lat' dir='ltr'><strong>v&#39;m,</strong></span> <span class='ocrx_word' id='word_1_898' title='bbox 2374 5782 2457 5840; x_wconf 84' lang='grc'><strong>11,</strong></span> <span class='ocrx_word' id='word_1_899' title='bbox 2493 5781 2554 5834; x_wconf 68' lang='lat' dir='ltr'><strong>l2</strong></span> <span class='ocrx_word' id='word_1_900' title='bbox 2632 5781 2673 5811; x_wconf 75' lang='grc'><strong>⁸⁵</strong></span> <span class='ocrx_word' id='word_1_901' title='bbox 2705 5778 2815 5835; x_wconf 74' lang='lat' dir='ltr'><strong>lcr.</strong></span> <span class='ocrx_word' id='word_1_902' title='bbox 2851 5747 2920 5843; x_wconf 73' lang='lat' dir='ltr'><strong>vt,</strong></span> <span class='ocrx_word' id='word_1_903' title='bbox 2955 5779 3008 5833; x_wconf 89' lang='lat'><strong>8.</strong></span> 
     </span>
    </p>
   </div>
  </div>
