4094 6456
428 245 506 300 65
1372 244 1931 304 COMMENTARIUS
1975 244 2037 298 ΙΝ
2083 245 2311 300 USEAM
2364 245 2810 301 PROI’IIETAM.
3668 247 3737 303 66

433 360 659 413 τέκνον·
707 358 971 429 βαδιεῖται
1000 360 1109 431 γὰρ
1148 362 1281 432 ἡμῖν
1312 360 1435 414 ὅποι
1482 362 1614 415 ποτέ
1653 362 1713 416 τὸ
1745 361 1832 416 διὰ
1863 366 2045 435 φωνῆς

2156 360 2382 418 chielem
2412 383 2424 418 :
2463 382 2480 415 ι
2502 362 2619 416 Non
2652 361 2952 415 morientur
3012 368 3193 429 patres
3226 376 3321 431 pro
3355 363 3501 432 filiis,
3559 378 3737 435 neque

442 450 756 521 Ίεζεχιήλ·
838 469 857 502 ι
887 450 1007 506 Οὐκ
1095 451 1495 507 ἀποθανοῦνται
1592 455 1824 526 πατέρες
1904 456 2045 527 ὑπὲρ

2156 454 2246 509 filii
2274 470 2373 525 pro
2398 456 2682 524 patribus;
2711 452 3087 520 unusquisque
3124 452 3177 506 in
3207 464 3429 533 peccato
3486 469 3586 509 suo
3614 470 3736 509 mo-

428 541 653 595 τέκνων
678 585 694 609 ,
731 541 853 594 οὐδέ
884 541 1054 596 τέκνα
1081 543 1223 615 ὑπὲρ
1257 544 1542 615 πατέρων·
1587 547 1817 610 ἕκαστος
1849 549 1914 618 τῇ
1942 547 2046 617 ἰδίᾳ

2156 547 2322 602 rietur
2352 548 2417 602 ”.
2452 566 2471 599 ι
2500 544 2817 600 Tenendum
2874 545 3076 613 potius,
3128 545 3374 614 quamvis
3425 548 3735 615 excogitata

433 631 695 704 ἁμαρτίᾳ⁸
736 632 1162 689 ἀποθανεῖται.»
1220 634 1417 688 ’ἰστέον
1452 635 1511 689 δὲ
1554 636 1775 708 μᾶλλον,
1816 638 1899 692 ὅτι
1942 638 2047 691 κᾶν

2156 640 2221 695 sit
2283 652 2512 710 persona
2564 637 2883 693 fornicantis
2930 638 3143 705 matris,
3198 647 3256 692 ut
3314 647 3471 708 typus
3514 638 3736 708 quidam

428 723 729 794 ἐπινοῆται
779 724 1075 793 πρόσωπον
1126 725 1496 797 πορνευούσης
1554 726 1792 799 μητρὸς,
1866 728 1943 791 ὡς
1988 728 2047 780 ἐν

2156 730 2452 802 Synagogze
2488 769 2504 796 ,
2562 729 2925 786 nihilominus
3004 743 3158 799 aeque
3214 728 3539 786 fornicarios
3590 744 3735 795 esse,

427 814 598 885 τύπῳ
631 816 734 886 τῆς
773 816 1129 886 Συναγωγῆς,
1176 816 1291 870 ἀλλ’
1321 817 1475 871 οὐδὲν
1496 812 1659 889 ἦττον
1701 819 1854 873 αὐτοὶ
1885 819 2048 873 πάλιν

2156 826 2242 893 qui
2272 836 2341 878 ex
2395 836 2459 876 ea
2493 822 2844 877 exstiterunt.
2874 820 3012 877 Cum
3038 829 3218 875 autem
3250 820 3381 875 dicit
3424 836 3545 876 esse
3596 821 3737 876 filios

430 908 502 960 ἂν
540 906 655 959 εἷεν
688 909 737 960 οἱ
779 906 839 971 ἐξ
886 907 1079 978 αὐτῆς.
1131 907 1324 977 Λέγων
1374 908 1452 974 δὲ,
1511 910 1593 963 ὅτι
1643 912 1902 984 πορνείας
1942 911 2049 964 εἰσὶ

2156 914 2541 980 fornicationis,
2570 913 2856 969 manifeste
2915 912 3173 979 ostendit,
3193 912 3566 968 fornicationis
3614 928 3736 983 quae

427 1000 631 1061 τέκνα,
662 999 983 1069 παρέδειξεν
1016 1000 1282 1072 ἐναργῶς,
1308 1002 1390 1055 ὅτι
1411 1004 1524 1066 τοῖς
1550 1003 1649 1073 τῆς
1679 1004 1875 1073 νοητῆς
1914 1020 2050 1074 πορ-

2156 1008 2504 1078 intelligentia
2535 1006 2834 1077 percipitur
2859 1005 3089 1061 crimine
3122 1005 3293 1059 teneri
3323 1018 3339 1059 :
3365 1014 3421 1059 et
3452 1005 3555 1061 hoc
3600 1020 3734 1075 qua-

430 1090 592 1152 νείας
620 1092 965 1162 ἐγκλήμασιν
992 1091 1169 1163 ἔνοχοι
1211 1093 1612 1164 καθεστήκασι,
1668 1096 1764 1149 καὶ
1801 1095 1958 1148 τοῦτο
1989 1094 2051 1159 ἐξ

2156 1101 2195 1155 si
2233 1102 2302 1153 ab
2332 1098 2463 1169 ipsis
2492 1098 2675 1153 fasciis
2704 1106 2759 1152 et
2792 1106 2948 1152 utero
3001 1097 3150 1165 impii
3204 1095 3427 1161 fuerint,
3485 1111 3587 1151 nec
3634 1112 3737 1153 un-

429 1182 627 1236 αὐτῶν
678 1184 847 1235 οἱονεὶ
921 1187 1255 1255 σπαργάνων
1313 1186 1406 1239 καὶ
1459 1188 1679 1258 μήτρας
1733 1185 2051 1255 δεδυσσεϐη-

2156 1204 2311 1260 quam
2352 1203 2515 1258 epera
2562 1188 2776 1257 pietatis
2809 1188 3107 1256 attigerint,
3178 1187 3493 1258 nullamque
3546 1187 3735 1243 virtuti

429 1275 623 1337 κότες,
679 1276 775 1328 καὶ
814 1276 937 1329 οὐδὲ
985 1277 1208 1330 πώποτε
1252 1278 1361 1332 τῶν
1414 1280 1495 1343 εἰς
1540 1279 1823 1332 εὐσέϐειαν
1872 1277 2051 1349 ἐργων

2156 1297 2367 1349 operam
2403 1281 2648 1335 dederint
2678 1320 2693 1344 ,
2729 1295 2827 1335 nec
2885 1280 3028 1335 viam
3053 1280 3161 1334 Deo
3199 1280 3504 1349 placentem
3558 1279 3738 1349 magni

428 1366 742 1437 ἁψάμενοι,
805 1369 1227 1439 ἀνεπιτήδευτον
1271 1370 1329 1423 δὲ
1385 1370 1666 1433 παντελῶς
1709 1369 1808 1441 τὴν
1850 1369 2050 1441 ἀρετὴν

2156 1373 2400 1429 fecerint.
2430 1372 2573 1427 idem
2599 1371 2850 1429 Psaltes:
2894 1391 2913 1424 ι
2950 1372 3184 1428 Alienati
3232 1382 3358 1428 sunt
3420 1382 3738 1444 peccatores

426 1461 762 1530 ἐσχηκότες,
796 1461 897 1531 τὴν
929 1460 1261 1515 ἀνδάνουσαν
1298 1462 1377 1533 τῷ
1415 1462 1534 1533 Θεῷ
1575 1462 1761 1534 τρίϐον
1805 1463 1866 1515 οὐ
1905 1480 2051 1515 τετι-

2156 1479 2183 1518 a
2206 1465 2386 1530 vulva,
2421 1474 2744 1521 erraverunt
2768 1467 2838 1519 ah
2869 1473 3047 1530 utero,
3074 1464 3233 1520 locuti
3264 1474 3393 1520 sunt
3446 1465 3579 1521 falsa
3605 1466 3673 1531 η,
3710 1482 3732 1517 ι

431 1554 705 1623 μηκιίτες.
744 1551 903 1606 Οῦτω
934 1554 1031 1606 καὶ
1059 1555 1087 1606 6
1112 1554 1345 1609 Ψάλλων
1376 1556 1563 1626 φησὶν,
1614 1573 1633 1606 ι
1658 1554 2051 1627 Ἀπηλλοτριώο

2156 1571 2275 1612 cum
2305 1567 2494 1612 contra
2520 1557 2739 1627 quilibet
2760 1557 2881 1628 pius
2907 1566 2963 1612 et
2979 1556 3475 1626 opermusjustitiae
3498 1558 3737 1616 innutri-

427 1646 619 1714 ϐησαν
664 1647 712 1697 0i
758 1645 1081 1715 ἁμαρτωλοὶ
1108 1646 1217 1699 ἀπὸ
1249 1648 1480 1718 μήτρας,
1527 1647 1909 1719 ἐπλανήθησαν
1946 1647 2051 1701 ἀπὸ

2159 1657 2241 1703 tus
2262 1649 2570 1704 exclamare
2593 1650 2657 1703 ad
2676 1650 2845 1704 Deum
2871 1649 3140 1706 luculente
3169 1652 3369 1721 possit:
3400 1670 3420 1703 ‹
3455 1652 3511 1707 In
3540 1661 3593 1708 te
3609 1667 3737 1723 pro-

430 1736 706 1808 γαστρὸς,
739 1737 1008 1808 ἐλάλησαν
1027 1737 1198 1809 ψευδῆ
1224 1755 1238 1768 θ
1268 1759 1287 1791 ι
1322 1740 1501 1794 καίτοι
1530 1739 1731 1803 παντὸς
1754 1737 2034 1806 εὐσεϐοῦς,

2160 1748 2311 1793 ectus
2334 1754 2451 1792 sum
2478 1753 2543 1792 ex
2581 1749 2769 1807 utero;
2797 1742 2863 1795 de
2877 1748 3064 1796 ventre
3078 1742 3268 1796 matris
3282 1757 3412 1797 meae
3428 1742 3568 1798 Deus
3582 1757 3737 1798 meus

430 1828 539 1881 καὶ
606 1831 722 1892 τοῖς
776 1829 879 1899 τῆς
934 1830 1284 1902 δικαιοσύνης
1330 1830 1511 1903 ἔργοις
1572 1832 2035 1905 ἐντεθραμμένου,

2156 1843 2205 1884 es
2244 1839 2299 1883 tu
2323 1830 2419 1885 ¹⁹.›
2442 1830 2901 1897 Quemadmodum
2916 1832 3008 1887 filii
3035 1833 3258 1900 lucis,et
3291 1834 3381 1887 filii
3403 1835 3509 1890 diei
3541 1836 3737 1891 merito

424 1920 712 1992 λαμπρῶς
741 1921 1045 1990 ἀναφωνεῖν
1081 1922 1379 1993 δυναμένου
1410 1924 1548 1995 πρὸς
1576 1924 1729 1990 Θεὸν,
1754 1943 1771 1976 ι
1818 1924 1940 1977 Ἐπὶ
1988 1923 2049 1977 σὲ

2156 1932 2357 1989 queant
2382 1922 2630 1994 intelligi,
2658 1923 2750 1992 qni
2782 1934 2841 1979 ut
2870 1925 2922 1979 in
2971 1925 3093 1981 luce
3138 1936 3194 1981 et
3246 1926 3334 1981 die
3378 1928 3636 1995 praeclare
3680 1937 3739 1984 et

437 2012 761 2084 ἐπερρίφην
808 2013 873 2066 ἐκ
924 2015 1174 2086 μήτρας·
1232 2016 1342 2070 ἀπὸ
1393 2016 1633 2085 γαστρὸς
1688 2014 1895 2086 μητρός
1942 2031 2043 2085 μου

2156 2010 2375 2068 honeste
2417 2014 2581 2067 vitam
2610 2014 2851 2085 degunt;
2888 2016 2962 2070 ita
2986 2018 3151 2072 etiam
3186 2018 3231 2073 si
3285 2020 3377 2089 qui
3414 2018 3509 2073 lilii
3561 2018 3735 2075 forni-

434 2103 582 2167 Θεός
641 2121 745 2174 μου
789 2099 841 2157 εἶ
896 2103 983 2159 σύ.
1011 2123 1030 2158 ο
1086 2105 1300 2177 Ὠσπερ
1349 2108 1406 2160 δὲ
1433 2106 1540 2160 εἰσὶ
1573 2106 1770 2175 φωτὸς.
1807 2106 1903 2159 καὶ
1938 2106 2043 2159 υἱοὶ

2156 2104 2384 2159 cationis
2428 2105 2697 2171 dicantur,
2755 2106 3023 2177 intelliges
3073 2109 3311 2163 vicissim
3368 2118 3626 2180 tanquam
3680 2111 3735 2165 in

427 2196 656 2267 ἡμέρας
685 2196 876 2249 νοοῖντ*
904 2196 972 2251 ἂν
1000 2196 1247 2262 εἰκότως,
1278 2198 1328 2251 οἱ
1357 2198 1433 2262 ὡς
1463 2200 1520 2251 ἐν
1550 2197 1689 2267 φωτὶ
1740 2198 1833 2251 καὶ
1863 2196 2046 2269 ἡμέρᾳ

2156 2194 2420 2265 lupanari,
2452 2207 2509 2252 et
2536 2196 2589 2251 in
2636 2212 2837 2267 genere
2883 2200 3009 2256 vitae
3075 2202 3388 2271 turpissimo
3431 2212 3735 2272 versantes,

429 2286 859 2359 πολιτευόμενοι
891 2289 1166 2361 λαμπρῶς
1216 2308 1275 2345 τε
1323 2292 1418 2344 καὶ
1456 2291 1843 2361 εὐσχημόνως·
1900 2289 2044 2343 οὕτω

2156 2302 2288 2357 quos
2346 2289 2719 2345 misericordia
2751 2306 2858 2347 non
2906 2290 3179 2362 dignatur,
3238 2294 3411 2363 «quia
3470 2293 3737 2349 fornicata

428 2380 543 2435 κᾶν
592 2382 643 2433 εί
683 2380 931 2449 λέγοιντο
980 2382 1239 2453 πορνείας
1285 2383 1453 2437 τέκνα
1493 2382 1659 2447 τινὲς,
1694 2382 1819 2445 τοὺς
1865 2382 1941 2445 ὡς
1982 2383 2042 2435 ἐν

2156 2388 2234 2433 est
2264 2388 2437 2435 mater
2484 2394 2713 2448 eorum;
2762 2382 2970 2452 pudore
3011 2382 3190 2440 affecit
3224 2398 3317 2439 eos
3355 2399 3475 2453 quae
3525 2387 3739 2455 peperit

428 2474 701 2544 πορνείῳ,
733 2474 828 2527 καὶ
848 2477 916 2545 τῇ
945 2474 1067 2529 λίαν
1091 2476 1453 2547 ἐκτοπωτάτῃ
1477 2474 1589 2546 ζωῇ
1608 2474 1826 2545 νοήσεις
1856 2474 2041 2538 πάλιν,

2156 2484 2263 2524 eos.
2302 2490 2321 2523 ι
2362 2470 2643 2528 l‘udefecit
2670 2484 2851 2529 autem
2888 2476 3122 2544 seipsam
3162 2477 3432 2542 videlicet,
3487 2488 3542 2532 et
3598 2479 3739 2534 filios

424 2565 531 2629 οὓς
562 2568 971 2637 κατοικτείρειν
1018 2567 1121 2619 οὐκ
1172 2566 1334 2633 ἀξιοῖ,
1376 2587 1393 2619 ι
1424 2567 1559 2621 διότι
1604 2566 1973 2636 πεπόρνευκεν
2008 2566 2042 2635 ἡ

2156 2578 2214 2617 ex
2248 2580 2306 2619 se
2332 2574 2509 2620 natos.
2543 2566 2697 2621 Sicut
2736 2568 2878 2622 enim
2906 2568 3053 2636 justo
3079 2584 3175 2624 sua
3218 2571 3394 2624 virtus
3446 2571 3628 2626 decori
3681 2580 3738 2626 et

426 2659 629 2728 μήτηρ
658 2656 866 2723 αὐτῶν,
895 2657 1242 2729 κατῄσχυνεν
1297 2659 1332 2729 ή
1378 2656 1619 2711 τεκοῦσα
1645 2656 1805 2710 αὐτά.
1833 2674 1852 2707 ι
1908 2657 2051 2709 Κατ-

2156 2667 2489 2719 ornamento,
2531 2658 2602 2712 ita
2627 2659 2800 2714 cuivis
2822 2659 3091 2715 scelerato
3113 2675 3213 2715 sua
3246 2660 3452 2716 scelera
3481 2661 3737 2717 dedecori

422 2750 643 2821 ῄσχυνε
667 2750 727 2803 δέ
752 2749 951 2822 ἑαυτὴν
978 2751 1244 2822 δηλονότι,
1270 2750 1366 2803 καὶ
1390 2750 1460 2804 τά
1482 2749 1541 2813 ἐξ
1572 2747 1743 2817 αὐτῆς
1764 2746 2048 2815 ἀναφύντα

2156 2762 2214 2801 ac
2248 2750 2440 2817 pudori
2493 2760 2640 2804 sunt.

422 2844 627 2899 τέκνα.
664 2844 879 2916 Ὥσπερ
908 2844 1018 2916 γάρ
1047 2846 1194 2899 ἐστιν
1224 2846 1283 2898 ἐν
1308 2844 1591 2915 αὐχήμασι
1610 2843 1721 2905 τοῖς
1776 2841 1857 2903 εἰς
1914 2839 2115 2911 ἀρετὴν
2152 2843 2180 2893 ὁ
2227 2841 2466 2905 δίκαιος·
2534 2842 2708 2907 οὕτως
2757 2844 2818 2897 ἐν
2864 2844 3118 2916 αἰσχύνῃ,
3179 2845 3272 2899 καὶ
3326 2846 3562 2919 ἐντροπῇ
3628 2842 3741 2898 πᾶς

423 2936 496 2989 δυ
508 2936 731 3001 σσεϐής.

508 2936 643 2989 σσεϐ
719 2981 731 2993 .

499 2936 849 3096 Εἶπεήςτὰρ,
906 3027 1287 3096 Πορεύσομαι
1347 3025 1542 3079 ὀπίσω
1605 3024 1725 3079 τῶν
1777 3019 2051 3090 ἐραστῶν

2221 3020 2332 3091 36
2360 3018 2601 3075 Vens.5.
2642 3020 2792 3075 Dixit
2855 3024 3035 3078 enim:
3083 3023 3282 3079 Vadam
3344 3028 3415 3080 ad
3472 3040 3736 3086 amatores

421 3136 580 3188 μου,
611 3117 736 3171 τῶν
758 3118 1053 3172 διδόντων
1082 3136 1183 3189 μοι
1222 3116 1366 3183 τοὺς
1410 3116 1630 3185 ἄρτους
1668 3133 1809 3184 μου,
1841 3113 1941 3167 καὶ
1982 3114 2051 3166 τὸ

2156 3130 2320 3179 meos,
2342 3115 2430 3181 qui
2463 3114 2592 3166 dant
2637 3116 2766 3167 mihi
2797 3132 2955 3183 panes
3018 3133 3179 3184 meos,
3215 3129 3261 3171 et
3300 3135 3494 3189 aquam
3542 3140 3736 3191 meant,

422 3208 601 3279 ὕδωρ
618 3226 761 3278 μου,
800 3211 901 3263 καὶ
945 3210 1017 3265 τὰ
1045 3208 1247 3279 ἱμάτιά
1279 3226 1422 3277 μου,
1455 3208 1555 3262 καὶ
1584 3208 1657 3262 τὰ
1680 3205 1885 3261 eodm
1907 3223 2050 3275 μου,

2156 3215 2199 3259 et
2232 3207 2533 3259 vestimenta
2556 3223 2693 3273 mea,
2713 3219 2759 3260 et
2791 3208 2951 3262 lintea
2981 3226 3115 3273 mea,
3163 3220 3211 3265 et
3242 3212 3415 3266 oleum
3433 3229 3626 3281 meum,
3687 3225 3737 3271 et

422 3301 536 3356 καὶ
570 3301 639 3353 τὸ
668 3300 882 3354 ἔλαιόν
904 3317 1046 3370 μου,
1078 3299 1178 3353 καὶ
1210 3298 1410 3353 πάντα
1433 3298 1550 3352 ὅσα
1573 3315 1675 3368 μοι
1707 3297 1977 3364 καθήκει.

2156 3297 2331 3348 omnia
2359 3312 2681 3367 quacunque
2716 3299 2841 3351 mihi
2870 3301 3209 3353 conveniunt.

506 3394 614 3447 lA’.
670 3391 941 3461 Ἐραστάς
971 3391 1143 3461 αὐτῆς
1169 3388 1306 3444 εἷναί
1360 3407 1496 3459 φησι
1532 3390 1659 3454 τοὺς
1702 3389 2051 3461 ἀκαθάρτους

2226 3385 2364 3441 XIV.
2396 3389 2681 3441 Amatores
2712 3389 2827 3455 ejus
2868 3390 2944 3443 ait
2969 3404 3090 3445 esse
3148 3392 3387 3459 impuros
3440 3395 3735 3461 daemonas.

422 3484 730 3553 δαίμονας,
764 3483 893 3554 περὶ
921 3482 1015 3547 οὓς
1045 3482 1256 3551 λέγοιτο
1303 3482 1333 3534 6
1380 3482 1485 3552 τῆς
1521 3482 1777 3551 πορνείας
1814 3482 2051 3534 πεποιεῐ-

2156 3494 2272 3534 cum
2298 3479 2498 3549 quibus
2554 3478 2842 3534 fornit-atio
2884 3480 3280 3549 quodammodo
3318 3486 3607 3540 commissa
3632 3488 3737 3542 dici

428 3575 568 3629 σθαι
601 3575 828 3646 τρόπος.
876 3575 952 3627 Τὸ
978 3575 1088 3645 γὰρ
1117 3576 1239 3637 ταῖς
1262 3574 1490 3628 ἐκείνων
1520 3572 1752 3625 ἕπεσθαι
1781 3572 2050 3643 γνώμαις,

2156 3584 2349 3641 potest.
2382 3573 2595 3627 Illorum
2630 3575 2775 3627 enim
2806 3574 2956 3642 sequi
2988 3575 3342 3641 voluntatem,
3382 3585 3575 3645 etquae
3607 3578 3738 3646 ipsis

425 3668 536 3720 καὶ
568 3665 642 3717 τά
665 3665 850 3728 αὐτοῖς
878 3663 1145 3717 δοκοῦντα
1194 3662 1460 3735 πληροῦν,
1497 3662 1678 3727 τοῦτο,
1714 3657 1899 3733 οἶμαι,
1927 3662 2051 3718 ἐστὶ

2156 3667 2367 3736 placent
2398 3677 2734 3737 perpetrare,
2773 3668 2875 3723 hoc
2906 3677 3010 3733 est,
3047 3678 3105 3723 ut
3135 3669 3407 3735 existimo,
3432 3673 3739 3740 protervius

424 3757 494 3810 τὸ
519 3756 873 3824 ἀσελγαίνειν
904 3756 1229 3827 ἀμαρτίαις,
1259 3756 1357 3808 καὶ
1380 3754 1622 3808 διαϐιοῦν
1657 3754 1922 3824 αἰσχρῶς,
1956 3754 2051 3806 καὶ

2156 3758 2402 3814 lascivire
2430 3758 2483 3811 in
2506 3760 2766 3829 peccatis,
2796 3767 2851 3813 et
2882 3760 3113 3829 turpiter
3134 3760 3337 3826 vivere,
3374 3771 3429 3816 et
3458 3777 3516 3817 se
3555 3775 3740 3820 extre-

425 3850 539 3919 τῆς
574 3848 817 3918 ἐσχάτης
864 3847 1200 3917 φαυλότητος
1234 3844 1736 3917 ἀναπίμπλασθαι,
1790 3846 1951 3916 μόνον
1994 3844 2050 3898 δὲ

2156 3863 2237 3902 tua
2272 3850 2511 3917 nequitia
2550 3849 2905 3919 ingurgitare,
2943 3860 2998 3904 et
3026 3859 3233 3905 tantum
3263 3866 3367 3905 non
3391 3853 3553 3907 etiam
3576 3858 3740 3911 omne

429 3940 568 4010 οὐχὶ
618 3940 717 3993 καὶ
774 3941 834 3992 ἐν
894 3940 1083 3993 ὠδῖσιν
1124 3938 1270 4010 ἐχειν
1322 3940 1432 3992 πᾶν
1489 3934 1631 4001 εἶδος
1679 3936 2046 4008 ἀκαθαρσίας.

432 4032 663 4104 Ὠσπερ
692 4033 802 4104 γὰρ
828 4032 875 4084 οἱ
907 4032 1000 4086 τὸν
1032 4032 1175 4085 θεῖον
1209 4031 1492 4095 ὠδίνοντες
1519 4031 1704 4100 φόϐον,
1741 4029 2051 4100 ἀνακεκρᾶ-

435 4142 574 4194 γασι
627 4125 766 4195 πρὸς
815 4125 972 4192 Θεὸν,
1020 4124 1161 4179 (Διά
1221 4124 1313 4177 τὸν
1358 4125 1523 4194 φόϐον
1568 4140 1683 4186 σου,
1738 4122 1930 4193 Κύριε,
1991 4121 2051 4174 ἐν

435 4220 650 4289 γαστρὶ
678 4219 969 4291 ἐλάϐομεν,
1027 4220 1123 4287 καὶ
1179 4219 1543 4290 ὠδινήσαμεν,
1613 4219 1709 4273 καὶ
1765 4218 2047 4287 ἐτέκομεν,

435 4310 670 4380 πνεῦμα
700 4312 974 4382 σωτηρίου
1011 4328 1103 4363 σου
1133 4312 1449 4381 ἐκυήσαμεν
1477 4310 1571 4363 ἐπὶ
1601 4312 1699 4381 τῆς
1728 4309 1885 4378 γῆς’)
1908 4307 2050 4361 οὕτω

2149 3954 2321 4011 genus
2345 3940 2702 3995 immunditiae
2730 3943 3021 4009 parturire.
3057 3942 3521 4008 Quemadmodum
3586 3947 3733 4001 enim

2149 4033 2241 4101 qui
2279 4031 2526 4086 timorem
2558 4031 2796 4085 divinum
2829 4032 3154 4099 parturiunt,
3176 4032 3414 4088 clamant
3448 4038 3515 4089 ad
3546 4037 3736 4093 Deum:

2156 4142 2176 4176 ι
2210 4123 2437 4193 PrOpter
2472 4123 2717 4178 timorem
2742 4132 2914 4187 tuum,
2949 4122 3195 4188 Domine,
3231 4123 3284 4176 in
3314 4133 3474 4179 utero
3526 4132 3738 4198 accepi-

2152 4232 2294 4283 mus,
2328 4225 2382 4271 et
2403 4216 2811 4285 parturivimus,
2835 4225 2889 4270 et
2913 4216 3222 4286 peperimus
3240 4261 3255 4286 ,
3275 4220 3525 4289 spiritum
3548 4222 3739 4277 salutis

2156 4316 2259 4360 tua-
2280 4305 2586 4375 peperimus
2602 4320 2764 4374 super
2794 4315 2993 4360 terram
3024 4309 3101 4373 '°;
3140 4326 3158 4359 ›
3194 4311 3267 4363 ita
3314 4310 3404 4380 qui
3433 4311 3736 4368 daemonum

435 4402 539 4456 καὶ
560 4403 683 4464 ταῖς
712 4401 823 4456 τῶν
852 4402 1125 4472 δαιμόνων
1187 4402 1507 4473 ἐπιθυμίαις
1538 4401 1757 4464 ἀνέντες
1801 4399 1889 4452 τὸν
1928 4399 2051 4453 νοῦν

2157 4399 2543 4465 cupiditatibus
2569 4399 2787 4463 cedunt,
2823 4399 2967 4455 illico
3015 4409 3249 4455 mentem
3285 4404 3433 4458 omni
3464 4404 3740 4474 impietate

435 4496 671 4565 ἀπάσης
714 4494 879 4559 εὐθὺς
910 4495 1167 4559 ἀσεϐείας
1223 4494 1517 4565 ὲπίμεστον
1567 4494 1805 4563 ἔχουσιν,
1851 4494 1899 4545 οἱ
1939 4491 2046 4544 τῶν

436 4588 611 4640 θείων
679 4587 1089 4655 ἀποφοιτῶντες
1163 4589 1369 4658 νόμων,
1430 4586 1653 4657 ἀπάσης
1711 4585 2048 4655 φαυλότητος

436 4679 823 4748 ἐπιτηδευταί.
867 4680 1130 4750 Ἐρασταὶ
1160 4679 1225 4751 δὴ
1242 4674 1335 4733 οὖν
1368 4679 1599 4749 πονηροί
1627 4696 1685 4730 τε
1737 4678 1831 4732 καὶ
1861 4678 2047 4747 ἀλιτήο

440 4788 556 4840 ριοι
585 4769 699 4821 τῶν
735 4772 815 4833 είς
862 4771 1119 4824 ἀσέϐειαν
1155 4772 1600 4825 ἀπονενευκότων
1643 4771 1692 4823 οἱ
1742 4770 2049 4823 ἀποστάται

436 4862 729 4931 δαίμονες,
782 4859 867 4926 οἷς
896 4864 950 4916 εῐ
982 4881 1068 4927 τις
1100 4864 1279 4916 ἐλοιτο
1332 4863 1623 4935 προσέχειν
1660 4861 1824 4924 θεοῖς,
1860 4861 2051 4913 δυσσε-

436 4954 607 5025 ϐήσει
638 4953 851 5017 δεινῶς.
898 4955 1211 5027 Ἀνατίθησι
1251 4957 1359 5027 γὰρ
1398 4957 1583 5019 αὐτοῖς
1614 4954 1707 5007 καὶ
1732 4947 1806 5007 ὧν
1845 4953 1909 5006 ἂν
1937 4953 2050 5022 ἔχοι

435 5046 541 5114 τὴν
573 5042 772 5115 χάριν,
817 5046 912 5098 καὶ
938 5049 1059 5110 ταῖς
1090 5048 1390 5119 εὐφημίαις
1427 5044 1820 5116 καταγεραίρει
1849 5042 2049 5096 πολλά-

2158 4489 2414 4544 refertam
2449 4492 2671 4555 habent,
2700 4503 2754 4546 et
2790 4506 2820 4545 a
2877 4493 3075 4548 divinis
3126 4494 3333 4565 legibus
3373 4496 3738 4565 discedentes,

2155 4584 2499 4653 omnigenam
2534 4582 2935 4652 improbitatem
2964 4596 3367 4642 consectantur.
3398 4588 3599 4644 Eorum
3643 4591 3741 4661 igi-

2158 4687 2264 4743 tur,
2318 4675 2407 4743 qui
2449 4676 2515 4729 ad
2559 4676 2889 4745 impietatem
2950 4678 3311 4745 deflexerunt,
3370 4683 3611 4751 perversi
3675 4699 3741 4738 ac

2157 4767 2473 4836 pestilentes
2508 4780 2776 4823 amatores
2807 4780 2935 4824 sunt
2964 4772 3239 4828 daatnones
3294 4756 3554 4843 apostatae
3579 4791 3595 4839 ;
3622 4776 3743 4845 qni-

2157 4860 2258 4915 bus
2299 4861 2343 4915 si
2380 4862 2501 4929 quis
2525 4870 2778 4931 tanquam
2805 4863 2908 4916 diis
2939 4864 3245 4920 auscultare
3294 4866 3547 4931 voluerit,
3608 4869 3741 4922 insi-

2160 4955 2333 5023 gniter
2368 4953 2564 5021 impius
2606 4955 2817 5010 evadet.
2849 4954 2957 5010 Illis
2996 4956 3139 5010 enim
3176 4968 3396 5028 accepta
3435 4960 3741 5029 refertque:

2159 5044 2359 5110 habet,
2417 5053 2473 5098 et
2524 5042 2837 5115 frequenter
2887 5062 2982 5103 eos
3021 5050 3268 5104 laudibus
3290 5061 3580 5106 veneratur
3615 5092 3628 5113 ,
3690 5065 3742 5103 et

436 5154 555 5199 κις,
608 5138 707 5189 καὶ
751 5138 1018 5209 ἀναφέρει
1051 5140 1120 5192 τὰ
1169 5142 1523 5210 χαριστήρια,
1553 5137 1688 5190 Θεὸν
1720 5136 1813 5188 τὸν
1837 5136 1931 5188 ἕνα
1962 5134 2057 5186 καὶ

439 5228 613 5298 φύσει
663 5229 1097 5295 καταλελοιπὼς,
1156 5231 1248 5284 τὸν
1298 5227 1640 5301 χορηγοῦντα
1686 5228 1753 5280 τὰ
1807 5225 2057 5298 ζωαρκῆ,

448 5320 538 5371 σὸν
582 5314 677 5373 οἷά
716 5337 861 5373 τισιν
891 5322 1169 5393 ἐσθήμασι
1218 5320 1699 5392 καταμφιεννύντα
1740 5323 1805 5391 τῇ
1851 5320 2059 5391 χάριτι,

442 5411 543 5465 καὶ
572 5414 697 5475 ταῖς
724 5411 935 5467 ἀνωθεν
1002 5416 1342 5487 ἐπικουρίαις
1399 5414 1493 5469 καὶ
1547 5413 1671 5467 νοῦν
1700 5414 1795 5467 καὶ
1836 5413 2061 5482 καρδίαν

441 5508 924 5577 κατασκιάζοντα,
974 5512 1067 5567 τὸν
1104 5504 1193 5567 οἷά
1238 5530 1343 5583 περ
1388 5511 1554 5581 ἐλαίῳ
1606 5508 2058 5573 καταπιαίνοντα,

2157 5137 2355 5191 oblatis
2382 5138 2697 5191 muneribus
2720 5139 2924 5206 gratias
2945 5140 3076 5209 agit,
3106 5142 3293 5195 relicto
3324 5158 3429 5196 uno
3460 5152 3516 5196 et
3540 5152 3729 5194 natura

2160 5227 2571 5297 Deozqnivita:
2593 5230 2959 5286 sustentandae
2998 5232 3138 5300 quod
3192 5232 3425 5287 sufﬁciat
3475 5232 3738 5301 largitur,

2161 5322 2253 5391 qui
2312 5337 2412 5377 nos
2463 5322 2744 5379 beneficiis
2804 5327 2968 5381 veluti
3030 5328 3317 5393 convestit,
3387 5336 3441 5381 et
3495 5328 3744 5396 supernis

2159 5411 2377 5466 auxiliis
2409 5423 2462 5465 et
2494 5426 2727 5470 mentem
2752 5427 2805 5471 et
2826 5433 2923 5473 cor
2958 5418 3249 5472 obumbrat
3276 5459 3291 5485 ,
3320 5418 3412 5489 qui
3449 5417 3597 5475 velut
3622 5419 3741 5475 oleo

2161 5503 2545 5573 pinguedinem
2599 5510 2886 5577 conciliat,
2954 5518 3007 5563 et
3027 5522 3169 5578 pane
3195 5509 3287 5580 qui
3310 5510 3409 5566 sub
3429 5509 3739 5579 intelligen-

519 5690 543 5723 ⁷
575 5689 780 5746 Ezech.
814 5704 972 5756 xviii,
1010 5690 1101 5745 20.
1183 5692 1227 5723 ¹⁸
1255 5691 1398 5745 Psal.
1437 5706 1569 5753 LVII,
1607 5688 1663 5743 4.
1744 5690 1784 5720 ‘9
1820 5687 1959 5742 Psal.
2008 5699 2124 5744 XXI,
2160 5681 2247 5737 ll.
2325 5681 2371 5712 ¹⁰
2396 5679 2499 5735 lsa.
2536 5696 2682 5747 xxvr,
2718 5680 2805 5750 l7,
2840 5682 2922 5737 l8.
