4094 6498
471 226 540 286 67
1504 244 1562 301 s.
1603 246 1885 306 CYRILLI
1924 250 2405 313 ALEXANDRINI
2445 257 2743 316 Αιισιιιει)
3681 236 3785 329 σε

468 350 599 404 tiam
624 360 832 408 tantum
862 356 1026 422 cadit,
1088 359 1258 415 nutrit
1314 361 1381 415 ad
1411 363 1576 418 vitam
1624 366 1941 434 gloriosam,
1999 385 2012 423 ι

2114 372 2309 445 ιᾶρτφ
2331 373 2606 448 τῷνοητῷ
2618 377 2898 448 τρέφοντα
2930 379 3067 446 πρὸς
3087 378 3233 455 ζωὴν
3266 382 3366 457 τὴν
3425 385 3624 441 εὐκλεᾶ
3656 395 3747 442 και

464 441 631 499 nullis
676 446 891 502 saeculis
926 448 1216 506 ﬁniendam
1244 470 1257 507 :
1288 455 1380 524 qui
1416 470 1554 524 aqua
1589 458 1797 514 viviﬁca
1846 462 1915 519 ad
1958 461 2052 516 bo-

463 547 590 588 nam
636 544 690 590 et
722 538 1059 607 spiritualcm
1100 558 1196 597 nos
1231 545 1606 603 habitudinem
1638 549 1754 604 alit.
1797 550 1899 618 Qui
1955 568 2053 608 au-

466 638 575 683 tem
605 627 675 683 ad
707 629 1037 701 impietatem
1063 634 1375 700 declinavit,
1407 639 1549 694 sicut
1574 640 1828 696 nimirum
1880 642 2049 699 forni-

461 719 636 775 catrix
660 718 967 794 Synagoga,
1001 726 1145 783 hunc
1206 729 1382 798 inquit
1414 745 1541 787 suos
1578 746 1853 792 amatores
1894 740 2048 807 sequi

458 819 734 880 oportere,
757 824 816 869 et
848 814 954 871 illis
982 820 1189 887 gratias
1216 820 1444 885 referre.
1477 833 1776 897 putareque
1822 828 2047 896 victum,

456 900 839 984 vestitumque
874 905 945 961 ab
967 906 1073 964 illis
1102 912 1397 981 accepisse.
1437 911 1548 970 Hoc
1580 916 1780 987 quippe
1827 926 1932 985 est,
1991 920 2044 975 ni

459 988 653 1057 fallor,
700 980 845 1061 quod
896 997 997 1053 ait.
1067 980 1247 1073 Dixit,
1287 1002 1431 1058 enim
1465 1021 1479 1058 :
1509 980 1730 1076 Sequar
1771 980 2046 1067 amatores

457 1098 610 1139 meos
640 1086 733 1154 qui
762 1087 897 1143 dant
929 1090 1062 1145 mihi
1109 1107 1277 1162 panes
1301 1108 1473 1162 meos,
1500 1105 1556 1151 et
1622 1112 1814 1167 aquam
1843 1115 2039 1168 meam,

454 1184 511 1227 et
540 1168 859 1234 vestimenta
886 1194 1025 1247 mea,
1061 1190 1116 1238 et
1156 1184 1341 1250 lintea,
1396 1194 1453 1241 et
1499 1187 1677 1243 oleum
1716 1205 1921 1257 meum,
1989 1203 2045 1249 et

453 1267 633 1322 omnia
673 1283 794 1337 qua
849 1272 980 1327 mihi
1042 1276 1395 1333 conveniunt.
1482 1276 1674 1334 Verum
1725 1282 2039 1353 prudentes,

451 1367 507 1410 et
534 1358 679 1427 boni,
711 1371 765 1414 et
804 1363 914 1416 Deo
935 1365 1046 1421 noti
1083 1367 1516 1440 amicissimique
1545 1372 1613 1425 ad
1646 1372 1827 1444 ipsum
1860 1379 2041 1433 omni-

453 1464 521 1501 nn
544 1450 847 1507 caelestium
873 1456 1134 1511 honorum
1175 1458 1537 1529 largitionem,
1590 1473 2039 1540 terrenorumque

428 1528 938 1612 .suppeditationem
1003 1528 1313 1611 retulerint.
1393 1556 1585 1613 Dicent
1645 1562 1819 1627 enim,
1875 1563 2037 1634 idque

447 1631 758 1700 sapienter:
794 1655 817 1688 ι
842 1636 1113 1710 Numquid
1143 1652 1229 1698 est
1255 1644 1307 1699 in
1340 1646 1497 1702 idolis
1525 1651 1773 1718 gentium
1802 1631 2037 1722 pineus?

2154 466 2464 537 ἀμήρυτον,
2490 468 2584 522 τὸν
2611 468 2765 525 ὕδατι
2793 471 2871 543 τῷ
2909 472 3159 545 ζωοποιῷ
3188 475 3326 547 πρὸς
3358 477 3572 543 εὐεξίαν
3602 480 3745 550 ὑμᾶς

2151 556 2425 627 τρέφοντα
2456 559 2555 631 τὴν
2585 564 2928 635 πνευματική
2940 580 2982 619 ν.
3014 565 3156 619 Ἀλλ’
3187 567 3216 621 ὃ
3239 584 3305 636 γε
3329 570 3469 639 πρὸς
3489 571 3746 625 ἀσέϐειαν

2152 642 2538 715 διανενευκὼς,
2579 650 2835 725 καθάπερ
2877 654 3070 724 ἀμέλει
3106 656 3202 711 καὶ
3242 661 3276 728 ή
3325 662 3741 739 πεπορνευμένη

2151 734 2474 810 Συναγωγή,
2508 742 2623 805 τοῖς
2648 743 2801 808 ἰδίοις
2829 746 3089 817 ἐρασταῖς
3108 747 3216 819 ἔφη
3237 749 3347 804 δεῖν
3365 736 3615 818 ἕπεσθαι,
3646 758 3743 809 καὶ

2150 826 2337 892 αὐτοῖς
2392 830 2659 886 ἀνάπτειν
2711 834 2784 890 τὰ
2825 840 3175 911 χαριστήρια,
3237 843 3333 896 καὶ
3382 842 3515 917 παρ’
3559 845 3741 899 αὐτῶν

2147 919 2403 988 ἡγεῖσθαι
2456 921 2641 978 λαϐεῖν
2673 926 2740 981 τά
2772 945 2832 984 τε
2878 931 2960 993 εἰς
3010 931 3223 1004 τροφὴν
3303 933 3398 987 καὶ
3444 935 3733 1004 άμφίασιν.

2147 1010 2311 1065 Τουτὶ
2348 1013 2479 1087 γὰρ,
2507 1012 2682 1087 οἶμαι,
2725 1021 2845 1074 ἐστὶ
2877 1021 2960 1089 τὸ,
3010 1019 3145 1077 Eine
3180 1024 3312 1096 γὰρ,
3355 1027 3735 1100 Ἀκολουθήσω

2144 1101 2323 1156 ὀπίσω
2367 1104 2478 1159 τῶν
2525 1108 2777 1178 ἐραστῶν
2828 1128 2955 1181 μου,
3009 1112 3118 1169 τῶν
3162 1114 3414 1170 διδόντων
3462 1134 3552 1188 μοι
3610 1119 3737 1182 τοὺς

2145 1192 2343 1263 ἄρτους
2377 1212 2503 1266 μου,
2538 1199 2634 1252 καὶ
2670 1200 2732 1254 τὸ
2782 1201 2928 1274 ὕδωρ
2970 1220 3095 1274 μου,
3142 1207 3239 1258 καὶ
3270 1207 3341 1262 τὰ
3371 1208 3566 1278 ἱμάτιά
3598 1225 3725 1278 μου,

2144 1284 2240 1337 καὶ
2282 1284 2353 1338 τὰ
2382 1285 2568 1341 ὁθόνιά
2609 1307 2735 1359 μου,
2776 1293 2871 1346 καὶ
2916 1294 2977 1347 τὸ
3021 1294 3204 1350 ἔλαιόν
3242 1314 3363 1367 μου,
3416 1300 3509 1352 καὶ
3555 1300 3732 1353 πάντα

2142 1373 2243 1427 ὅσα
2293 1393 2383 1445 μοι
2414 1379 2669 1451 καθήκει.
2723 1382 2867 1435 Ἀλλ’
2929 1386 3072 1454 οἵγε
3114 1388 3269 1457 σοφοί
3299 1406 3360 1442 τε
3417 1390 3511 1444 καὶ
3537 1392 3753 1460 ἀγαθοὶ,

2142 1468 2236 1521 καὶ
2258 1468 2379 1540 Θεῷ
2416 1470 2707 1544 γνώριμοι,
2742 1476 2836 1530 καὶ
2868 1479 3215 1547 οἰκειότατοι,
3244 1482 3396 1553 αὐτῷ
3426 1483 3489 1556 δὴ
3513 1486 3732 1550 πάντως

2140 1556 2392 1615 ἀναθεῖεν
2412 1561 2480 1615 ἂν
2507 1563 2616 1619 τῶν
2645 1566 2912 1636 οὐρανίων
2956 1570 3178 1639 ἀγαθῶν
3206 1573 3307 1641 τὴν
3341 1575 3605 1641 ἐπίδοσιν,
3634 1578 3729 1631 καὶ

2139 1650 2248 1705 τῶν
2293 1654 2556 1724 ἐπιγείων
2601 1658 2701 1729 τὴν
2729 1662 3014 1731 χορηγίαν.
3070 1664 3285 1736 Ἐροῦσι
3336 1665 3448 1738 γὰρ
3493 1667 3579 1739 δὴ,
3632 1671 3729 1722 καὶ

444 1724 563 1793 etsi
588 1728 783 1782 caelum
808 1730 956 1786 dabit
978 1734 1282 1791 satietatem
1314 1752 1682 1803 suam,nonne
1712 1753 1766 1798 tu
1800 1745 1913 1813 ipse
1935 1753 2012 1803 es‘

2132 1741 2252 1796 λίαν
2271 1745 2581 1817 ἐμφρόνωςυ
2613 1769 2631 1801 ι
2785 1724 2933 1806 ἐστιν
2952 1755 3010 1808 ἐν
3022 1724 3389 1823 τοῖςιείδώλοίς
3417 1724 3526 1814 τῶν
3544 1724 3726 1815 ’ἐθνῶν

443 1822 500 1868 et
527 1819 967 1886 exspectabimus
1001 1833 1070 1891 te,
1098 1824 1208 1897 37
1227 1829 1352 1897 quia
1383 1839 1436 1883 tu
1480 1830 1658 1887 fecisti
1689 1834 1805 1892 haec
1838 1841 2020 1896 omnia

442 1906 512 1959 ¹¹.
548 1925 569 1959 ι
592 1908 658 1963 Ει
682 1909 997 1969 clamabunt
1030 1931 1177 1971 cum
1206 1912 1393 1976 divino
1452 1922 1655 1979 David:
1722 1945 1743 1980 ι
1789 1927 2031 1988 Visitasti

442 2004 670 2067 terram,
705 2014 761 2058 et
789 2004 1069 2063 inebriasti
1090 2023 1212 2064 eam
1244 2026 1260 2077 ;
1297 2013 1668 2085 multiplicasti
1693 2018 2027 2092 locupletare

440 2091 652 2146 eam”.
684 2109 704 2145 ι

447 2268 612 2327 Vens.
649 2271 704 2337 6,
737 2274 791 2328 7.
829 2274 1056 2347 Propter
1087 2297 1151 2336 ea
1189 2299 1305 2339 ecce
1340 2302 1435 2358 ego
1468 2293 1611 2361 sepia
1649 2296 1785 2350 viam
1824 2290 1937 2368 ej...
1974 2301 2028 2354 in

506 2361 748 2427 sudibus,
772 2374 820 2417 et
848 2367 1121 2424 obstrum
1144 2373 1257 2428 vim
1283 2375 1450 2443 illius,
1475 2390 1523 2434 et
1550 2384 1792 2440 semitam
1817 2361 1952 2457 (vius,
1977 2402 2026 2446 ει

509 2466 613 2504 non
648 2454 872 2510 inveniet
906 2474 926 2512 :
959 2470 1005 2514 et
1041 2463 1344 2533 insequatur
1368 2480 1631 2529 amatores
1664 2492 1806 2545 suos,
1840 2490 1887 2535 et
1921 2498 2024 2538 non

505 2547 857 2611 apprehende:
901 2566 988 2606 eos
1032 2570 1054 2609 :
1090 2566 1139 2611 et
1182 2570 1379 2628 qureret
1422 2578 1531 2631 eos,
1568 2573 1620 2620 et
1660 2583 1762 2624 non
1802 2572 2022 2630 inveniet

502 2633 646 2692 5:103.

504 2722 620 2822 sv.
658 2727 953 2803 Postquam
982 2739 1152 2807 enim,
1183 2742 1382 2814 inquit,
1412 2747 1467 2802 in
1521 2750 1755 2822 seipsam
1782 2756 2023 2815 decrevit

429 2817 607 2884 mala,
656 2831 711 2875 et
767 2825 901 2879 nihil
956 2840 1148 2887 natura
1196 2848 1294 2890 sua
1348 2817 1620 2896 nefarium
1667 2852 2019 2914 praetermisit

428 2906 592 2976 (dixit
620 2911 790 2977 enim,
820 2920 1128 2985 sequendos
1154 2924 1260 2980 sibi
1288 2940 1565 2987 amatores
1592 2949 1744 3001 suos,
1774 2938 1877 2995 hoc
1905 2949 2012 3006 est,

428 3000 695 3069 improbis
738 3008 1085 3067 Seductorum
1129 3021 1421 3075 sententiis
1468 3000 1850 3094 applicandum
1893 3034 2013 3088 ani-

2139 1834 2401 1904 ύετίζωνς
2443 1839 2538 1892 καὶ
2577 1842 2626 1893 εἰ
2657 1842 2689 1894 ὁ
2718 1842 2949 1915 οὐρανὸς
2982 1844 3144 1899 δώσει
3179 1846 3498 1920 πλησμονὴν
3534 1850 3722 1907 αὐτοῦ.

2135 1925 2255 1996 οὐχὶ
2312 1928 2374 1983 σὺ
2424 1925 2477 1983 εἴ
2506 1933 2536 1985 ὁ
2580 1932 2777 2000 αὐτόςς
2826 1936 2923 1989 καὶ
2976 1937 3357 2010 ὑπομενοῦμέν
3411 1958 3492 2006 σε,
3532 1942 3615 1995 ὅτι
3655 1942 3721 1996 σὺ

2132 2016 2397 2089 ἐποίησας
2421 2022 2593 2076 ταῦτα
2643 2024 2840 2081 πάντα.
2890 2047 2911 2080 ι
2942 2029 3448 2102 Συνανακράξονται
3506 2033 3565 2086 δέ
3626 2035 3722 2088 καὶ

2130 2114 2283 2185 αὐτῷ
2308 2115 2387 2187 τῷ
2418 2116 2692 2192 θεσπεσίῳ
2719 2123 2883 2176 Δαϐῒδ
2901 2140 2951 2175 ⁸(
2992 2124 3312 2198 Ἐπεσκέψω
3340 2126 3439 2197 τὴν
3469 2128 3591 2199 γῆν,
3624 2128 3720 2184 καὶ

2129 2205 2403 2277 ἐμέθυσοις
2429 2210 2620 2281 αὐτὴν,
2649 2211 2959 2285 ἐπλήθυνας
2987 2215 3080 2269 τοῦ
3112 2216 3412 2288 πλουτῆσαι
3447 2218 3641 2291 αὐτήν.
3694 2240 3711 2272 ι

2199 2299 2304 2353 Διὰ
2323 2301 2499 2356 τοῦτο
2526 2302 2657 2357 ἰδοὺ
2688 2305 2803 2374 ἐγὼ
2827 2307 3081 2375 φράσσω
3113 2309 3231 2379 τὴν
3258 2310 3405 2365 ὀδόν
3432 2312 3622 2381 αὐτῆς
3647 2314 3718 2366 ἐν

2127 2391 2416 2459 σκόλοψι,
2446 2395 2549 2446 καὶ
2580 2395 3043 2467 ἀνοικοδομήσω
3078 2402 3186 2468 τὰς
3219 2400 3421 2470 ὀδοὺς,
3456 2404 3557 2459 καί
3598 2404 3717 2473 τὴν

2125 2482 2328 2550 τρίϐον
2358 2483 2570 2554 αὐτῆς,
2608 2488 2704 2541 καί
2737 2490 2809 2543 οὺ
2834 2490 2920 2559 μὴ
2949 2490 3094 2561 εὕρῃ
3118 2509 3131 2523 ·
3158 2494 3259 2547 καὶ
3289 2494 3714 2562 καταδιώξεται

2124 2572 2267 2640 τοὺς
2282 2574 2543 2643 ἐραστὰς
2563 2577 2773 2647 αὐτῆς,
2797 2581 2896 2635 καί
2922 2583 2995 2636 οὐ
3014 2583 3097 2652 μὴ
3125 2586 3434 2657 καταλάϐῃ
3457 2590 3678 2657 αὐτούς
3693 2607 3711 2623 υ

2121 2667 2222 2720 καὶ
2255 2666 2497 2737 ζητήσει
2524 2670 2767 2739 αὐτοὺς,
2794 2674 2893 2727 καὶ
2923 2676 2998 2729 οὐ
3025 2676 3113 2744 μὴ
3141 2677 3288 2747 εὕρῃ
3320 2681 3563 2749 αὐτούς.

2191 2756 2293 2812 IE’.
2336 2757 2558 2831 Ἐπειδὴ
2590 2764 2700 2834 γὰρ
2754 2763 3126 2834 βεϐούλευται,
3160 2772 3316 2840 φησι,
3346 2773 3560 2844 πονηρὰ
3587 2772 3715 2830 καθ’

2120 2849 2358 2921 ἑαυτῆς,
2394 2852 2488 2905 καὶ
2529 2853 2637 2907 τῶν
2689 2855 2899 2910 ἀδικεῖν
2937 2858 3262 2928 πεφυκότων
3306 2865 3708 2935 παραλέλοιπεν

2117 2940 2309 2994 οὐδέν·
2362 2942 2468 3013 ἔφη
2515 2943 2656 3015 γὰρ,
2711 2946 2823 3002 δεῖν
2876 2952 3296 3009 κατακολουθεῖν
3342 2956 3560 3013 ἑλέσθαι
3595 2963 3707 3024 τοῖς

2120 3031 2271 3095 ἰδίοις
2312 3033 2592 3103 ἐρασταῖς,
2643 3037 2912 3103 τουτέστι,
2959 3043 3080 3105 ταῖς
3120 3045 3233 3098 τῶν
3277 3048 3704 3122 πεπλανηκότων

427 3104 600 3151 mum.
616 3101 671 3146 ut
691 3092 798 3150 illis
824 3106 1031 3153 tantum
1055 3103 1496 3182 obsequeretur);
1521 3092 1727 3181 adltzec,
1755 3121 2011 3188 quoniam

427 3192 524 3217 nm
559 3180 623 3217 iic
657 3198 776 3217 unm
808 3201 907 3217 ..πη
943 3188 1138 3217 Αηηηηε
1178 3194 1252 3217 :n:
1332 3198 1413 3217 ιε,
1567 3203 1581 3216 .
1660 3204 1695 3217 ..
1720 3206 1754 3217 ..
1898 3210 1917 3217 -

2117 3092 2356 3187 ἀνοσίοις
2379 3092 2629 3196 γνώμαις
2654 3130 2953 3202 ἀπονέμειν
2991 3135 3089 3206 τῆς
3116 3136 3356 3204 διανοίας
3374 3142 3475 3212 τὴν
3506 3094 3700 3217 ροπὴν,

422 3192 524 3247 pro
556 3180 625 3235 iis
657 3198 776 3251 quae
807 3201 908 3256 ego
941 3188 1140 3247 donavi
1178 3194 1252 3249 illi
1275 3235 1292 3262 ,
1332 3198 1417 3253 his
1438 3180 1457 3262 ,ὴ
1491 3203 1581 3271 qui
1621 3180 2011 3277 nihil-profue-

423 3282 572 3336 runt,
605 3272 967 3344 da'mouibns,
999 3281 1242 3353 inquam,
1273 3284 1480 3359 gratias
1513 3295 1644 3365 agit,
1678 3299 1883 3356 idcirco
1916 3318 2011 3360 co-

420 3361 718 3429 gitationes
739 3369 857 3437 ejus
881 3371 1075 3430 inanes
1100 3377 1357 3447 reddam,
1382 3385 1745 3458 resistamque
1770 3392 2004 3451 fortiter.

420 3451 640 3524 Sepiam
673 3462 817 3514 enim
848 3463 966 3518 vias
1001 3467 1119 3536 ejus
1158 3471 1405 3540 sudibus,
1436 3486 1491 3530 et
1530 3494 1686 3535 muro
1720 3482 2004 3541 obstruam

417 3547 696 3613 semitam,
733 3563 789 3605 ut
826 3569 1005 3626 neque
1038 3568 1303 3629 sequatur
1335 3576 1608 3625 amatores
1641 3588 1792 3642 suos,
1828 3593 2005 3648 neque

416 3636 519 3690 sibi
555 3639 932 3703 mnducibiles
963 3651 1211 3718 reperiat
1233 3654 1552 3713 seductores
1589 3675 1751 3733 suos,
1778 3636 2001 3727 etiamsi

413 3730 567 3798 sequi
600 3745 696 3785 eos
730 3731 987 3804 fortasse,
1025 3740 1129 3797 hoc
1167 3752 1278 3811 est,
1310 3748 1557 3805 studiose
1590 3754 1657 3809 ad
1693 3730 1788 3814 eos
1823 3760 2000 3819 hono-

410 3822 615 3876 randos
657 3825 1027 3898 colendusque
1052 3833 1369 3892 incumbere
1392 3841 1644 3900 voluerit.
1694 3846 1996 3921 Sudesiseu

409 3911 566 3980 palos
608 3929 912 3984 praeacutos
953 3925 1191 3993 appellat
1233 3943 1396 3986 casus
1439 3949 1576 4005 quos
1615 3911 1999 4012 expertusest

407 4000 610 4072 Israel;
647 4007 788 4062 bella
824 4009 979 4078 dico,
1013 4017 1396 4089 captivitates,
1434 4000 1633 4085 famem
1660 4000 1991 4107 ,.perlc'ula,

405 4094 716 4154 diuturn-am
753 4105 1092 4162 servitutem.
1125 4109 1262 4167 Nam
1300 4118 1467 4172 semel
1499 4136 1527 4173 a
1558 4094 1740 4182 Persis
1796 4140 1850 4182 et
1882 4094 1994 4187 Me;

403 4187 489 4245 dis
523 4192 821 4264 subjugatl,
850 4213 957 4252 non
994 4216 1092 4270 per
1116 4205 1292 4260 otium
1329 4212 1396 4262 ad
1428 4209 1578 4280 Baal,
1612 4232 1786 4285 neque
1817 4222 1884 4275 ad
1914 4223 1993 4277 vi-

405 4281 547 4338 tulos
573 4299 773 4343 aureos
799 4293 1164 4362 accedebant;
1194 4300 1287 4352 sed
1316 4314 1539 4358 necesse
1564 4316 1705 4371 erat,
1734 4319 1793 4365 ut
1818 4326 1848 4366 a
1881 4312 1989 4371 Deo

398 4388 658 4432 concessa
716 4388 773 4435 et
810 4382 1143 4443 charissima
1183 4389 1439 4449 libertate
1482 4386 1705 4468 privati,
1737 4411 1795 4457 et
1832 4417 1986 4474 quae-

398 4476 582 4524 rentes
629 4469 850 4538 quidem
897 4488 1018 4544 quae
1066 4478 1211 4534 domi
1259 4482 1600 4553 habuerant,
1653 4488 1761 4547 illis
1804 4469 1983 4551 autem
2021 4469 2063 4523 θ

395 4567 651 4627 egentes,
686 4570 743 4616 et
787 4563 1182 4624 dominantium
1221 4570 1354 4642 iugo
1392 4579 1673 4645 oppressi,
1709 4588 1986 4644 consuetis

393 4648 462 4703 de
499 4660 698 4708 caetero
740 4654 889 4727 fungi
938 4674 1046 4714 non
1092 4674 1335 4730 possent,
1418 4668 1512 4722 sed
1556 4668 1985 4735 lamentarentur

391 4740 594 4828 potius,
622 4752 678 4799 et
708 4745 867 4805 malis
895 4752 1257 4810 atrocissimis
1287 4756 1436 4812 velut
1469 4759 1629 4828 ebrii,
1663 4765 1983 4827 damnarent

387 4828 497 4899 iam
538 4819 890 4905 seductor-es;
927 4845 1369 4915 quandoquidem
1405 4863 1472 4904 ex
1506 4819 1711 4910 frustra
1747 4864 1977 4928 speratis

385 5117 593 5163 mutum
629 5111 892 5185 faceret?)
946 5129 1040 5172 aut
1076 5130 1227 5177 certe
1263 5122 1445 5182 vitulis
1483 5127 1716 5199 aliquem
1754 5111 1849 5189 eois
1876 5136 1968 5206 ju-

385 5200 545 5254 v‘andi
584 5204 802 5259 modum
837 5210 1298 5279 excogitantibus.
1332 5215 1502 5275 Erant
1533 5224 1676 5278 enim
1716 5244 1734 5277 ι
1774 5200 1965 5287 aurum

382 5303 542 5357 opera
576 5308 830 5351 manuum
861 5299 1164 5373 hominum,
1204 5328 1222 5362 ο
1262 5320 1319 5363 ut
1350 5314 1609 5384 scriptum
1642 5327 1726 5374 est
1752 5321 1821 5376 ".
1852 5320 1965 5377 Ob—

380 5389 663 5438 struuntur
695 5386 879 5458 itaque
912 5393 1035 5459 viae,
1078 5396 1187 5453 Deo
1227 5415 1458 5470 peccare
1501 5422 1562 5462 so
1585 5408 1676 5465 itis
1713 5414 1962 5467 semitam

379 5472 445 5527 ad
490 5475 892 5544 improbitatem
949 5486 1091 5543 haud
1142 5493 1524 5562 complanantc
1554 5539 1569 5566 ,
1621 5502 1715 5557 sed
1761 5504 1965 5561 utiliter

2112 3212 2192 3278 ὡς
2238 3215 2375 3285 μόνα
2432 3217 2717 3290 πληροῦσα
2762 3224 2830 3276 τὰ
2877 3225 3135 3280 ἐκείνων·
3179 3231 3273 3284 καὶ⁵
3332 3212 3522 3306 ἐπειδῆ
3564 3212 3703 3306 πρὸς

2110 3305 2286 3377 τούτῳ
2313 3307 2422 3362 τῶν
2451 3309 2843 3384 δεδωρημένων
2873 3317 3012 3390 αὐτῇ
3059 3320 3189 3392 παρ’
3218 3323 3355 3392 ἐμοῦ
3396 3305 3519 3390 τοῖς
3546 3305 3700 3382 οὐδὲν

2109 3398 2419 3471 ὠφεληκόσι
2460 3406 2572 3468 τοῖς
2624 3406 2875 3478 δαίμοσιν
2930 3410 3161 3465 ἀνάπτει
3210 3414 3281 3468 τὰ
3327 3420 3693 3490 χαριστήρια,

2108 3490 2366 3564 ταύτῃτοι
2410 3497 2647 3566 ματαίαν
2681 3499 2852 3570 αὐτῆς
2893 3502 3163 3572 ἀποφανῶ
3194 3506 3294 3578 τὴν
3340 3510 3552 3581 σκέψιν,
3601 3513 3695 3566 καὶ

2104 3584 2460 3658 ἀντιτάξομαι
2494 3591 2746 3657 γενικῶς.
2779 3593 2976 3664 Φράξω
3008 3596 3117 3666 γὰρ
3163 3598 3334 3671 αὐτῆς
3357 3600 3457 3665 τὴν
3482 3603 3599 3656 ὁδὸν
3636 3607 3693 3658 ἐν

2105 3676 2350 3748 σκόλοψι,
2393 3680 2489 3733 καὶ
2521 3682 2708 3752 τειχιῶ
2736 3684 2835 3757 τὴν
2882 3687 3090 3758 τρίϐον,
3122 3688 3197 3754 ὡς
3245 3691 3313 3745 ἂν
3364 3694 3506 3765 μήτε
3557 3714 3691 3751 κατ-

2101 3771 2447 3846 ακολουθήσῃ
2469 3777 2581 3839 τοῖς
2605 3776 2756 3840 ἰδίοις
2785 3779 3064 3846 ἐρασταῖς,
3096 3784 3232 3853 μήτε
3263 3784 3368 3857 μὴν
3398 3787 3535 3861 εῦρῃ
3556 3806 3690 3861 χρη-

2101 3862 2295 3933 σίμους
2315 3866 2443 3931 τοὺς
2456 3868 2897 3941 πεπλανηκότας,
2912 3874 3013 3928 κᾶν
3032 3879 3081 3930 εἰ
3102 3876 3318 3934 διώκειν
3331 3881 3507 3936 ἕλοιτο
3527 3886 3688 3955 τυχὸν

2097 3953 2329 4022 αὐτοὺς,
2365 3958 2666 4024 τουτέστιν,
2689 3962 2970 4031 ἐγκεῖσθαι
3005 3967 3309 4035 σπουδαίως
3342 3974 3461 4038 ταῖς
3482 3976 3563 4039 εἰς
3588 3980 3687 4030 αύ-

2095 4043 2225 4107 τοῦς
2246 4048 2434 4115 τιμαῖς
2473 4050 2568 4102 καὶ
2598 4048 2899 4123 λατρείαις.
2923 4055 3200 4124 Σκόλοπας
3222 4060 3279 4115 δέ
3307 4057 3448 4117 εἷναί
3471 4068 3685 4135 φησιτὰ

2096 4135 2482 4207 συμϐεϐηκότα
2520 4140 2600 4210 τῷ
2632 4142 2847 4214 Ἰσραὴλ
2871 4146 3131 4221 δυσχερῆ,
3160 4153 3287 4216 τοὺς
3316 4153 3584 4226 πολέμους
3615 4157 3682 4231 δὴ

2093 4226 2257 4296 λέγω,
2275 4229 2373 4292 τὰς
2394 4233 2792 4303 αἰχμαλωσίας,
2806 4236 2901 4293 τὸν
2920 4239 3099 4311 λιμὸν,
3116 4245 3242 4309 τοὺς
3259 4246 3559 4314 κινδύνους,
3581 4226 3680 4322 τὴν

2092 4318 2149 4372 ἐν
2160 4319 2377 4393 δουλείᾳ
2391 4324 2604 4397 τριϐήν.
2622 4326 2911 4398 Γεγονότες
2935 4331 3045 4405 γὰρ
3056 4333 3205 4401 ἅπαξ
3220 4337 3324 4390 ὑπὸ
3339 4339 3547 4411 Μήδοις
3585 4318 3678 4396 καὶ

2091 4410 2352 4483 Πέρσαις,
2369 4414 2470 4469 οὐκ
2487 4417 2546 4471 ἐν
2569 4419 2733 4492 σχολῇ
2758 4421 3070 4495 προσῄεσαν
3093 4424 3173 4498 τῷ
3200 4426 3348 4484 Βάαλ
3372 4472 3388 4499 ,
3413 4410 3534 4486 οὐδὲ
3554 4437 3676 4499 ταῖς

2085 4501 2353 4574 δαμάλεσι
2381 4510 2502 4573 ταῖς
2526 4514 2756 4583 χρυσαῖς
2776 4529 2789 4544 ·
2815 4513 2932 4568 ἀλλ’
2960 4510 3029 4586 ἦν
3072 4536 3191 4582 πως
3212 4519 3451 4593 ἀνάγκη,
3470 4522 3553 4590 τὸ,
3577 4525 3675 4580 καὶ

2082 4591 2253 4663 αὐτῆς
2270 4593 2373 4666 τῆς
2391 4598 2620 4665 ἄνωθεν,
2637 4604 2734 4656 καὶ
2755 4603 3017 4675 φιλτάτης
3038 4605 3352 4681 ἐλευθερίας
3368 4591 3671 4685 ἐστερημέ-

2081 4702 2225 4752 νους,
2255 4689 2349 4743 καὶ
2369 4689 2665 4763 ζητοῦντας
2685 4695 2783 4766 μὲν
2801 4696 2872 4750 τά
2893 4698 3050 4761 οἴκοι,
3075 4701 3456 4774 πτωχεύοντας
3475 4706 3551 4772 δὲ,
3574 4709 3671 4764 καὶ

2076 4779 2198 4841 ταῖς
2220 4778 2330 4833 τῶν
2362 4783 2709 4854 κρατούντων
2732 4786 3068 4853 πλεονεξίαις
3099 4795 3525 4864 πεπιεσμένους,
3547 4798 3669 4852 οὐκ·

2067 5147 2376 5204 ἀπόνασθαι
2419 5150 2581 5222 μετὸν
2603 5155 2787 5221 αὐτοῖς
2813 5156 2921 5212 τῶν
2963 5162 3020 5215 ἐν
3050 5161 3233 5217 ἐλπίσι
3264 5168 3467 5230 κεναῖς.
3510 5168 3660 5238 Ὀφέ-

2067 5238 2256 5307 ληνται
2295 5241 2403 5314 γὰρ
2431 5243 2661 5318 οὐδὲν,ἢ
2696 5246 2791 5301 τοῦ
2826 5248 2974 5305 Βάαλ
3018 5254 3393 5326 ἐπαμύνοντος
3415 5277 3431 5293 ο
3463 5260 3519 5313 τί
3548 5260 3655 5334 γὰρ

2066 5326 2133 5382 ἂν
2162 5328 2357 5401 ἔδρασε
2389 5332 2450 5386 τὸ
2496 5333 2711 5405 ἄφωνον
2746 5337 2938 5406 ξύλονς
2985 5344 3154 5413 ἤγουν
3196 5346 3310 5402 τῶν
3364 5326 3654 5422 δαμάλεων

2067 5420 2385 5494 ἐπικουρίας
2410 5425 2593 5491 αὐτοῖς
2605 5428 2935 5486 ἐπινοουσῶν
2957 5450 3074 5489 τινα
3090 5438 3309 5508 τρόπον.
3334 5461 3351 5494 ι
3373 5442 3611 5513 Χρυσὸς,
3626 5464 3645 5497 ι

2065 5509 2174 5582 γὰρ
2205 5507 2294 5583 ἦν,
2334 5533 2352 5568 ι
2376 5514 2513 5587 ἔργα
2546 5518 2746 5590 χειρῶν
2777 5507 3136 5597 άνθρὼπων,ἰ
3166 5529 3309 5585 κατὰ
3324 5532 3383 5585 τὸ
3401 5507 3647 5608 γεγραμο

451 5640 493 5674 ⁸⁸
529 5646 723 5708 Jerem.
758 5673 867 5726 xw,
904 5661 995 5718 22.
1071 5668 1138 5700 ¹¹⁶
1174 5668 1598 5741 Psal.t.xtv,10.
1678 5682 1724 5712 "
1758 5679 1901 5737 Psal.
1931 5698 2086 5754 cxut,
2117 5686 2168 5741 4.
