4094 6462
415 288 484 342 (Ξυ
1347 285 1635 344 ΟΟΜΜΕΝ
1655 288 1904 346 ἶΑιῖΙιέὃ
1940 288 2000 342 ΙΝ

2106 288 2281 344 SEAM
2320 285 2774 343 PIIOI’IIETAM.
3642 288 3712 343 7D

408 403 596 477 μένον.
642 404 1120 476 Ἀποφράττονται
1155 407 1336 460 τοίνυν
1370 409 1427 460 αἱ
1462 409 1574 460 ὁδοὶ
1610 408 1767 472 Θεοῦ,
1805 409 1878 479 μὴ
1921 427 1989 461 κα

2127 420 2445 478 asperante.
2482 423 2579 460 nec
2615 421 2707 461 eos
2745 407 3092 476 permittente
3127 407 3373 474 expedite
3411 405 3573 473 ferri,
3607 420 3714 475 quo

403 495 817 560 ταλειαίνοντος
847 499 963 561 τοῖς
995 497 1446 569 φιλαμαρτήμοσι
1475 499 1573 571 τὴν
1600 502 1678 563 είς
1707 500 2020 569 φαυλότητα

400 587 619 658 τρίϐον,
651 588 1126 660 ἁποτραχύνοντος
1150 589 1207 642 δὲ
1237 591 1547 661 χρησίμως,
1586 593 1682 645 καὶ
1709 593 1808 645 οὐκ
1840 593 2021 660 ἐφιέν-

397 696 498 741 τος
552 679 744 742 αὐτοῖς
796 679 864 733 δι’
917 681 1224 752 εὐμαρείας
1273 682 1451 734 ἵεσθαι
1486 683 1580 734 ἐπὶ
1611 683 1672 736 τὸ
1722 682 2020 752 φληνάφως

2128 503 2293 556 stulte
2322 503 2752 570 concupiscunt;
2785 510 2840 552 ul
2872 501 3119 553 nolentes
3150 499 3535 568 impediantur,
3563 509 3615 550 ct
3644 499 3710 550 ad

2129 587 2339 655 frugem
2379 598 2692 650 transeant,
2730 589 2819 642 ubi
2858 589 2971 656 ipsa
3010 589 3347 656 experientia
3385 587 3710 651 didicerint,

2127 681 2403 734 neminem
2439 690 2755 749 peccantem
2791 681 3009 750 impune
3039 681 3296 734 laturum.

396 769 623 825 δοκοῦν.
661 771 746 834 Ὠς
788 770 855 826 ἂν
885 773 988 843 οὐχ
1015 773 1236 836 ἑκόντες
1284 775 1656 842 ὲγκόπτοιντο,
1720 775 1815 828 καὶ
1878 773 2249 844 μεταχωρεῖεν
2299 772 2394 824 ἐπὶ
2438 771 2500 824 τὸ
2538 773 2796 842 ἄμεινον,
2835 768 2926 825 διὰ
2996 771 3191 842 πείρας
3250 770 3420 840 αὐτῆς
3464 771 3712 841 ἐκμεμα-

396 858 663 929 θηκότες,
695 862 772 923 ὼς
817 860 933 916 ἔστι
978 862 1146 917 παντί
1173 882 1258 935 τῳ
1294 865 1356 917 τὸ
1401 865 1748 936 πλημμελεῖν
1777 865 1878 918 οὐκ
1915 865 2167 935 ἀζήμιον.

469 953 588 1006 Καὶ
615 953 758 1023 ἐρεῖ,
796 955 1200 1026 Πορεύσομαι,
1227 956 1326 1010 καὶ
1355 957 1702 1027 ἐπιστρέψω
1733 958 1884 1027 πρὸς
1912 958 2000 1012 τὸ]

2117 953 2230 1027 38
2258 955 2326 1008 Et
2353 957 2531 1010 dicet:
2577 953 2814 1021 Vadam,
2845 966 2894 1009 et
2941 964 3175 1009 revertar
3212 955 3281 1008 ad
3321 971 3492 1008 virum
3535 971 3709 1008 meum

393 1045 601 1114 ἄνδρα
617 1065 740 1116 μου
772 1048 880 1104 τὸν
913 1050 1226 1121 πρότερον,
1248 1050 1338 1104 ὅτι
1377 1049 1579 1118 καλῶς
1593 1069 1697 1121 μοι
1725 1046 1804 1123 ἦν
1824 1052 1958 1106 τότε
1979 1050 2017 1121 ἢ

394 1155 546 1193 νυν.

473 1233 612 1300 117'.
653 1234 828 1299 Σώζει
873 1234 973 1304 μὲν
1012 1235 1040 1286 ό
1087 1234 1245 1302 λόγος
1292 1233 1372 1286 ἔτι
1407 1234 1497 1288 τὸν
1559 1235 1710 1307 αὑτῷ
1737 1236 2018 1306 πρέποντα

389 1327 646 1398 τρόπον·
680 1327 756 1390 ὡς
787 1327 896 1399 γὰρ
927 1327 1020 1380 ἐπὶ
1051 1327 1257 1398 πόρνης
1288 1327 1548 1394 γυναικὸς
1571 1328 1665 1380 ἀπ’
1693 1329 1868 1400 ἀρχῆς
1893 1344 2014 1379 συνο

389 1418 648 1472 τέθειται
685 1420 848 1490 μέχρι
901 1418 1114 1482 τέλους.
1169 1421 1268 1473 Διὰ
1300 1420 1480 1482 τοῦτο,
1528 1423 1680 1490 φησι,
1720 1421 1803 1472 ὅτι
1842 1437 2006 1490 μετα-

389 1507 700 1576 γνώσεται,
732 1510 826 1562 καὶ
855 1511 995 1580 ἐρεῖ,
1030 1512 1380 1583 Πορεύσομαι
1411 1512 1546 1583 πρὸς
1580 1513 1669 1564 τὸν
1703 1510 1873 1583 ἄνδρα
1906 1529 2008 1582 μου

386 1601 492 1654 τὸν
545 1601 836 1674 πρότερον,
897 1603 980 1656 ὅτι
1013 1603 1195 1668 καλῶς
1237 1623 1326 1674 μοι
1364 1599 1432 1676 ἦν
1471 1604 1592 1656 τότε
1624 1603 1656 1674 ἥ
1688 1603 1805 1657 νῦν.
1861 1602 2009 1676 Πλὴν

2166 1051 2422 1118 priorem,
2449 1052 2575 1120 quia
2608 1051 2796 1103 melius
2828 1049 2955 1102 mihi
2985 1057 3109 1102 tunc
3135 1059 3274 1114 erat,
3303 1065 3462 1119 quam
3495 1066 3655 1102 nunc.

2186 1219 2325 1274 XVI.
2371 1221 2568 1276 Servat
2596 1223 2772 1276 adhuc
2801 1223 2981 1277 oratio
3009 1224 3424 1278 convenientem
3457 1223 3558 1278 sibi
3594 1240 3709 1275 tuo—

2118 1312 2243 1366 duln
2278 1330 2292 1366 :
2326 1313 2392 1365 de
2426 1313 2654 1370 muliere
2691 1313 2959 1382 siquidem
2999 1314 3290 1368 meretrice
3327 1313 3394 1367 ab
3431 1313 3590 1366 initio
3624 1328 3712 1364 ns-

2117 1418 2222 1471 que
2249 1406 2316 1458 ad
2351 1404 2508 1458 ﬁnem
2543 1405 2788 1458 instituta
2818 1415 2918 1458 est.
2946 1405 3172 1470 Idcirco,
3201 1405 3398 1473 inquit,
3427 1404 3713 1474 pmnitcbit

2117 1509 2236 1546 eam
2283 1494 2524 1560 consilii,
2577 1503 2631 1549 et
2674 1494 2863 1549 dicet:
2911 1491 3118 1548 Vadam
3197 1496 3263 1548 ad
3307 1495 3486 1548 virum
3530 1507 3708 1547 meum

2117 1588 2386 1653 priorem,
2418 1587 2546 1654 quia
2583 1587 2777 1641 melius
2808 1586 2939 1639 mihi
2975 1596 3103 1639 tunc
3161 1597 3282 1640 erat
3312 1599 3474 1655 quam
3541 1601 3704 1638 nunc.

387 1693 563 1763 ἄθρει
592 1694 698 1748 κὰν
721 1693 899 1765 τούτῳ
935 1696 1029 1748 τὸν
1056 1695 1164 1752 τῶν
1191 1695 1326 1751 ὅλων
1347 1697 1480 1749 Θεὸν
1508 1695 1601 1748 καὶ
1631 1695 1689 1747 ὲν
1711 1694 1850 1765 ὀργῇ
1881 1675 2000 1747 παι-

2121 1675 2506 1731 Vc‘rumtamen
2535 1678 2698 1732 etiam
2731 1679 2782 1732 in
2815 1679 2917 1732 hoc
2943 1679 3323 1733 universorum
3354 1678 3544 1744 Deum,
3569 1691 3624 1732 et
3655 1678 3706 1730 in

383 1786 651 1853 δεύοντα,
683 1787 780 1840 καὶ
812 1787 1132 1858 ὠφελοῦντα
1160 1789 1444 1854 ποικίλως,
1481 1790 1576 1842 καὶ
1603 1793 1721 1853 ταῖς
1753 1790 1862 1842 τῶν
1905 1789 2014 1841 δει-

384 1877 504 1932 νῶν
529 1879 861 1947 ἐπαγωγαῖς
917 1879 1353 1950 ἀνασειράζοντα
1378 1880 1506 1943 τοὺς
1541 1878 2012 1950 πεπλανημένους,

382 1969 494 2024 καὶ
551 1969 960 2040 μεταποιοῦντα
1016 1972 1154 2044 πρὸς
1184 1971 1246 2024 τὸ
1293 1972 1590 2042 συμφέρον.
1639 1972 1809 2026 Ὅταν
1863 1970 2011 2040 γὰρ,

383 2061 598 2131 ςησὶν,
635 2060 1153 2130 ἀποπεφραγμένας
1208 2061 1295 2134 ἴδῃ
1348 2061 1448 2123 τὰς
1512 2061 1712 2131 ὲαυτῆς
1759 2060 1911 2122 ὀδοὺς
1952 2060 2012 2111 ἐν

383 2152 652 2222 σκόλοψι,
704 2151 828 2203 τότε
882 2149 945 2220 δὴ
986 2147 1110 2203 τότε
1153 2147 1688 2219 μεταϐουλεύσεται,
1739 2147 1834 2198 καὶ
1872 2147 2010 2214 ὅπερ

377 2230 459 2308 ἦν
490 2239 724 2308 ἄμεινον
771 2237 991 2290 ἑλέσθαι
1035 2237 1188 2309 δρᾷν,
1223 2236 1380 2290 οὔπω
1420 2237 1528 2290 τῶν
1571 2237 1808 2309 ἀνιαρῶν
1839 2235 2012 2287 εἰσϐε-

380 2330 710 2400 ϐληκότων,
743 2330 849 2385 κᾶν
874 2331 1008 2400 γοῦν
1032 2331 1151 2400 ὀψὲ,
1191 2333 1285 2384 καὶ
1314 2330 1453 2402 μετὰ
1499 2335 1696 2402 πεῖραν
1745 2332 1968 2401 ἁρπάσῃ
1992 2345 2006 2358 ·

379 2425 683 2494 ἀγαπήσει
715 2423 827 2494 γὰρ
869 2423 993 2476 τότε
1044 2423 1114 2476 τὰ
1144 2422 1300 2494 παρὰ
1345 2423 1486 2493 Θεῷ,
1521 2423 1614 2476 καὶ
1645 2421 1754 2474 τῶν
1802 2421 2005 2492 μεταξὺ

382 2513 901 2586 πλημμελημάτων
937 2513 1011 2578 ὡς
1052 2515 1116 2567 ὲκ
1146 2512 1408 2583 λογισμοῦ
1437 2513 1531 2566 τοῦ
1567 2513 1844 2582 σώφρονος
1879 2511 2004 2563 ἀλο-

379 2608 646 2678 γήσασα,
683 2607 1067 2677 μεταχωρήσει
1105 2606 1294 2659 λοιπὸν
1336 2605 1471 2675 πρὸς
1502 2605 1562 2658 τὸ
1608 2604 1832 2674 θελῆσαι
1859 2603 1919 2655 τὸ
1947 2604 2005 2655 ἐν

378 2702 623 2770 ἀρχαῖς,
653 2699 750 2754 καὶ
788 2699 1063 2771 θαυμάσει
1094 2699 1164 2752 τὰ
1196 2698 1352 2770 παρὰ
1369 2697 1508 2768 Θεῷ,
1536 2698 1629 2751 καὶ
1654 2696 2005 2767 ἀσυγκρίτοις

376 2789 542 2842 αὐτὰ
582 2788 933 2857 διενεγκόντα
963 2788 1270 2860 διαφοραῖς,
1308 2789 1560 2858 καθάπερ
1592 2791 1654 2839 ἐκ
1680 2786 1852 2856 μέθης
1877 2786 2005 2838 ἀνα-

375 2879 621 2950 νήῲασα
670 2879 969 2948 κατόψεται
1019 2879 1190 2950 μόλις.
1234 2879 1444 2932 Οὐκοῦν
1492 2881 1594 2931 οὐκ
1638 2877 1896 2947 ἀνόνητον
1945 2876 2006 2928 τὸ

377 2970 781 3035 παιδεύεσθαι,
809 2971 914 3025 κᾶν
936 2973 985 3025 εί
1008 2971 1120 3040 ἔχοι
1147 2971 1310 3042 τυχὸν
1338 2971 1399 3024 τὸ
1421 2973 1554 3042 παρ’
1585 2970 1750 3024 αὐτοῦ
1773 2970 1835 3021 λυ
1848 2967 2000 3022 ποῦν.

2120 1772 2197 1824 ira
2241 1770 2661 1840 corripientein,
2708 1779 2764 1825 et
2815 1770 3149 1824 multimodis
3197 1772 3609 1834 consulentem,
3653 1780 3708 1823 et

2117 1865 2288 1936 plagis
2325 1865 2650 1920 adhibendis
2689 1879 2784 1919 eos
2822 1866 2913 1933 qui
2955 1867 3379 1929 aberraverunt,
3423 1864 3707 1918 retrahen-

2113 1967 2244 2022 tem,
2267 1970 2322 2012 et
2342 1959 2410 2011 ad
2437 1957 2696 2012 salutaria
2723 1959 3098 2012 immutantem
3126 1958 3354 2012 intuere.
3376 1956 3511 2012 Cum
3537 1958 3705 2020 enim,

2111 2051 2310 2119 inquit,
2337 2050 2450 2104 vias
2475 2064 2601 2105 suas
2625 2052 2849 2105 sudibus
2899 2065 2996 2105 seu
3021 2050 3156 2119 palis
3181 2050 3437 2117 obseptas
3462 2048 3707 2102 animad-

2112 2143 2355 2208 verterit,
2382 2151 2511 2196 tunc
2541 2153 2668 2196 tunc
2697 2144 2926 2198 mutabit
2951 2142 3233 2197 consilium
3257 2157 3271 2207 ;
3297 2142 3515 2212 etquod
3543 2155 3706 2210 agere

2112 2235 2248 2288 velle
2279 2234 2590 2302 praestabat,
2625 2236 2871 2290 tristibus
2906 2236 3142 2289 nondum
3181 2235 3408 2303 illapsis,
3442 2234 3524 2288 vel
3583 2239 3705 2288 seis

2109 2341 2164 2384 et
2201 2338 2321 2398 post
2355 2318 2748 2398 experientiam
2791 2328 3038 2396 arripiet.
3083 2329 3278 2399 Diliget
3321 2329 3463 2382 enim
3503 2337 3633 2382 tunc
3674 2343 3704 2380 α

2109 2420 2221 2476 Deo
2251 2424 2600 2490 praescripta,
2635 2431 2687 2475 et
2719 2423 2958 2490 peccatis
2993 2423 3171 2476 medio
3203 2422 3255 2475 in
3287 2432 3529 2492 tempore
3557 2438 3702 2477 com-

2109 2514 2308 2574 missis,
2366 2523 2427 2566 ut
2476 2514 2726 2582 prudenti
2777 2514 3196 2569 ratiocinatione
3239 2516 3590 2580 posthabitis,
3637 2515 3702 2570 ad

2109 2605 2443 2659 voluntatem
2482 2605 2696 2673 pristini
2735 2605 2912 2659 cultus
2948 2620 3006 2660 se
3044 2610 3389 2674 postmodum
3430 2608 3700 2675 recipiet:

2107 2707 2158 2749 et
2188 2712 2308 2766 qua:
2336 2696 2430 2751 Dei
2457 2706 2583 2750 sunt
2613 2697 3004 2764 admirabitur;
3037 2699 3463 2768 discrimineque
3495 2700 3703 2752 inc-om-

2106 2788 2336 2856 parabili
2358 2788 2910 2859 prmeellentiaﬁvclut
2933 2806 2996 2844 ex
3023 2805 3082 2844 se
3103 2791 3366 2845 ebrietate
3401 2794 3698 2863 recipiens,

2105 2880 2196 2932 vix
2223 2885 2438 2934 tandem
2468 2882 2782 2950 perspiciet.
2804 2882 3169 2948 Quamobrem
3195 2885 3452 2953 castigari
3479 2886 3702 2942 minimc

2107 2972 2495 3036 incommodat,
2533 2973 2636 3028 etsi
2681 2974 2823 3027 forte
2865 2989 2962 3042 per
2995 2990 3053 3028 se
3100 2974 3404 3029 molestiam
3449 2987 3698 3047 generat.

373 3063 505 3116 Καὶ
524 3060 690 3115 τοῦτο
716 3061 920 3126 εἰδότες
938 3064 985 3114 oi
1005 3061 1280 3132 προφῆταί
1309 3079 1492 3131 (pacm
1513 3061 1808 3114 Παίδευσον
1832 3062 2000 3132 ἡμᾶς,

2110 3064 2262 3130 Quod
2334 3067 2614 3134 prophetae
2655 3067 2927 3130 scientes,
2998 3068 3224 3121 dicunt:
3264 3085 3283 3118 ι
3313 3067 3536 3138 Corrige
3579 3087 3698 3137 nos,

372 3152 598 3222 Κύριε.
622 3171 640 3203 ι
667 3152 877 3223 Γράφει
909 3153 966 3204 δὲ
993 3154 1022 3205 ὁ
1052 3153 1342 3216 θεσπέσιος
1364 3154 1629 3217 Παῦλοςοι
1659 3153 1722 3205 Εἰ
1747 3152 2000 3206 παιδείαν

375 3234 729 3317 ὑπομένετε,
775 3247 853 3310 ὡς
885 3247 1023 3310 υίοῖς
1053 3246 1182 3316 ὑμῖν
1227 3246 1601 3318 προσφέρεται
1635 3247 1662 3297 ὁ
1702 3244 1867 3306 Θεός·
1917 3244 2000 3308 τίς

374 3339 504 3409 γάρ
546 3339 702 3391 ἐστιν
731 3338 759 3390 ὁ
791 3338 926 3402 υἱὸς,
971 3337 1030 3391 ὃν
1061 3339 1120 3390 οὐ
1147 3331 1405 3390 ’παιδεύει
1445 3339 1633 3408 πατήρ
1659 3356 1672 3404 ;
1700 3357 1716 3388 i
1748 3338 1998 3391 Δείκνυσι

370 3432 442 3486 δὲ
485 3429 552 3484 τὸ
598 3431 665 3484 ὲκ
696 3429 791 3483 τοῦ
824 3429 1178 3483 παιδεύεσθαι
1201 3428 1374 3497 γλυκύ
1408 3447 1467 3481 τε
1521 3432 1614 3482 καὶ
1652 3430 1993 3500 ὀνησιφόρον,

372 3527 575 3589 οὕτως
602 3525 778 3594 λέγων
799 3542 813 3557 ο
855 3542 873 3576 ι
899 3525 1057 3578 Πᾶσα
1081 3523 1302 3577 παιδεία
1334 3523 1472 3594 πρὸς
1506 3524 1604 3591 μὲν
1638 3523 1696 3575 τὸ
1727 3523 1900 3592 παρὸν
1934 3523 1994 3575 οὐ

370 3621 544 3675 δοκεῖ
572 3619 750 3690 χαρᾶς
783 3613 944 3683 εἶναι,
969 3617 1105 3671 ἀλλὰ
1130 3617 1336 3686 λύττης·
1364 3616 1588 3687 ὕστερον
1623 3617 1806 3685 μέντοι
1861 3633 1996 3686 καρ-

373 3711 495 3763 πὸν
526 3707 811 3780 εἰρηνικὸν
845 3711 962 3772 τοῖς
990 3707 1058 3760 δι’
1089 3709 1261 3779 αὐτῆς
1296 3707 1774 3778 γεγυμνασμένοις
1804 3707 1994 3760 ἀποδί-

369 3801 525 3855 δωσι
557 3798 933 3868 δικαιοσύνης.
969 3817 986 3849 ι

459 3893 577 3947 Καὶ
617 3891 770 3958 αὕτη
813 3893 927 3944 οὐκ
955 3891 1130 3961 ἔγνω,
1177 3891 1268 3944 ὅτι
1311 3890 1427 3958 ἐγὼ
1469 3889 1661 3943 ἔδωκα
1702 3889 1859 3958 αὐτῇ
1890 3889 1995 3942 τὸν

371 3984 594 4045 σῖτον,
626 3983 726 4035 καὶ
752 3973 860 4036 τὸν
881 3977 1074 4048 οἷκον,
1101 3981 1200 4036 καὶ
1225 3981 1292 4034 τὸ
1324 3981 1551 4047 ἔλαιον,
1580 3981 1676 4033 καὶ
1711 3980 1994 4048 ἀργύριον

370 4074 714 4143 ἐπλήθυνα
767 4071 944 4142 αὐτῇ.
1000 4073 1165 4141 Αὕτη
1219 4071 1294 4128 δὲ
1323 4071 1554 4142 ἀργυρᾶ.
1635 4072 1736 4125 καὶ
1789 4070 1993 4140 χρυσᾶ

370 4170 651 4235 ἐποίησε
680 4163 755 4233 τῇ
779 4165 970 4218 Βάαλ.

457 4261 566 4313 ΙΖ’.
601 4259 727 4310 Ὀτι
760 4255 860 4328 μὲν
910 4251 1003 4310 οῦν
1032 4255 1134 4309 οὐκ
1161 4257 1229 4309 ἂν
1261 4255 1460 4320 ἕλοιτο,
1496 4253 1650 4326 φησὶ,
1681 4257 1796 4318 τοῖς
1840 4255 1991 4318 ἰδίοις

369 4353 465 4405 ἔτι
510 4347 938 4403 κατακολουθεῖν
981 4349 1260 4419 ἐρασταῖς,
1311 4347 1412 4399 οὐκ
1440 4346 1506 4399 ἂν
1549 4345 1841 4398 ὲνδοιάσειέ
1881 4363 1983 4409 τις.

2106 3158 2335 3212 Domine
2355 3158 2454 3211 ³³.»
2481 3158 2546 3212 Ει
2563 3159 2753 3214 scribit
2788 3158 3021 3214 Paulus:
3046 3179 3063 3211 ι
3096 3159 3151 3214 Si
3176 3161 3515 3232 disciplinam
3536 3165 3698 3217 susti-

2103 3250 2267 3315 netis,
2295 3259 2554 3320 tanquam
2588 3251 2713 3306 ﬁliis
2743 3254 2895 3306 vobis
2922 3252 3082 3307 oﬂert
3111 3265 3169 3308 se
3204 3253 3364 3308 Deus.
3392 3254 3524 3320 Quis
3554 3256 3696 3308 enim

2102 3341 2268 3405 tilius,
2302 3356 2461 3410 quem
2506 3359 2611 3397 nou
2653 3343 2882 3412 corripit
2925 3344 3189 3411 pater“?
3230 3363 3248 3395 ι
3291 3345 3494 3400 Deinde
3535 3349 3698 3401 disci-

2102 3432 2261 3498 plina:
2298 3433 2628 3487 suavitatem
2677 3441 2732 3487 et
2772 3435 3214 3489 commoditatem
3262 3437 3344 3490 bis
3381 3438 3562 3491 verbis
3603 3455 3697 3492 cx-

2098 3526 2284 3595 planat
2320 3544 2333 3582 :
2375 3545 2394 3578 ¢
2433 3526 2622 3581 Omnis
2654 3527 2944 3597 disciplina
2983 3528 3033 3582 in
3075 3531 3328 3598 prwsenti
3365 3532 3585 3598 quidem
3618 3533 3696 3586 vi-

2099 3617 2257 3670 detur
2288 3632 2394 3671 non
2437 3632 2558 3671 esse
2596 3617 2799 3686 gaudii,
2834 3619 2928 3672 sed
2967 3620 3251 3684 maeroris;
3286 3631 3472 3689 postea
3513 3631 3695 3678 autem

2097 3708 2333 3764 fructum
2379 3711 2791 3779 pacatissimum
2837 3711 3156 3767 exercitatis
3200 3727 3295 3782 per
3348 3728 3468 3768 eam
3520 3717 3696 3770 reddit

2089 3800 2317 3868 justitiae
2340 3803 2404 3858 ⁸⁸.
2442 3823 2462 3856 ι

2164 3894 2332 3951 Vens.
2373 3897 2426 3952 8.
2467 3895 2534 3949 Et
2577 3898 2694 3967 ipsa
2739 3915 2842 3952 non
2881 3901 3143 3969 cognovit,
3181 3901 3307 3969 quia
3346 3917 3440 3970 ego
3485 3901 3604 3954 dedi
3649 3903 3695 3954 ei
3745 3905 3748 3907 ’

2093 3991 2441 4060 frumentum,
2474 3999 2527 4042 et
2563 3991 2764 4058 vinum,
2801 4002 2846 4044 et
2885 3992 3075 4056 oleum,
3117 4001 3166 4046 et
3202 4005 3478 4062 argentum
3515 3994 3694 4047 mulli-

2090 4081 2283 4151 plicavi
2313 4081 2380 4135 ei.
2416 4079 2549 4135 Haec
2582 4093 2761 4134 autem
2796 4092 3044 4152 argentea
3103 4093 3150 4135 et
3180 4099 3344 4136 aurea
3375 4082 3504 4151 fecit
3534 4083 3688 4139 Baal.

2144 4257 2308 4314 XVII.
2329 4258 2468 4326 Quin
2489 4260 2653 4330 igitur
2675 4261 2808 4315 nolit
2825 4263 3056 4329 amplius
3075 4264 3225 4334 sequi
3249 4273 3518 4321 amatores
3539 4283 3688 4338 suos,

2092 4353 2293 4423 inquit,
2325 4368 2487 4408 nemo
2520 4355 2876 4410 dubitaverit.
2914 4354 3024 4408 Hoc
3054 4359 3199 4410 enim
3256 4361 3425 4428 probe
3453 4371 3508 4414 et
3537 4361 3691 4416 facil-

368 4437 738 4510 Κατορθώσῃ
761 4437 872 4506 γὰρ
893 4435 1074 4497 τοῦτο,
1100 4437 1194 4488 καὶ
1227 4435 1344 4488 λίαν
1375 4435 1631 4498 εὐκόλως,
1656 4435 1734 4504 τῷ
1759 4437 1993 4507 φράττε-

2106 4447 2227 4501 liine
2261 4447 2382 4511 ﬁet,
2413 4448 2457 4500 si
2492 4447 2809 4516 obsepiatur
2835 4449 2919 4502 via
2953 4447 3099 4516 ejus,
3131 4460 3184 4505 et
3219 4451 3577 4507 obstruantur
3606 4472 3691 4510 sc-

370 4533 517 4588 σθαι
553 4530 655 4600 μὲν
689 4530 790 4600 τὴν
819 4529 938 4582 ὁδὸν
976 4529 1170 4598 αὐτῆς,
1203 4527 1298 4580 καὶ
1324 4526 1422 4590 τὰς
1457 4525 1677 4596 τρίϐους
1714 4527 1990 4596 ἀνατειχί-

368 4625 605 4694 ζεσθαι,
642 4623 740 4677 καὶ
789 4625 914 4677 κατ’
949 4621 1143 4674 οὐδένα
1179 4619 1460 4682 παντελῶς
1501 4618 1817 4671 εὐοδοῦσθαι
1865 4619 1989 4689 τρό-

370 4736 512 4772 πον.
561 4719 785 4788 Ἐπειδὴ
816 4719 872 4772 δὲ
918 4719 1055 4790 πρὸς
1083 4718 1163 4789 τῷ
1190 4718 1323 4773 Θεὸν
1366 4715 1632 4787 ὑπάρχειν
1657 4713 1866 4767 οἴεσθαι
1898 4713 1990 4766 τὸν

369 4811 558 4876 Βάαλ,
597 4812 954 4867 ἀνατέθεικεν
983 4813 1132 4883 αὑτῴ
1162 4811 1258 4866 καὶ
1279 4810 1389 4866 τῶν
1420 4811 1552 4880 παρ’
1585 4809 1721 4879 ἐμοῦ
1753 4815 1987 4880 κεχορη-

367 4904 650 4974 γημένων
686 4905 824 4976 αὐτῇ
853 4904 924 4958 τὰ
971 4907 1324 4977 χαριστήρια,
1363 4905 1460 4959 καὶ
1495 4905 1633 4975 πρὸς
1672 4902 1831 4957 τοῦτο
1859 4903 1986 4974 βου-

367 4992 656 5065 λεύσομαι
693 4995 762 5049 τὰ
801 4996 1021 5060 εἰκότα,
1053 4996 1128 5059 ὡς
1171 4996 1236 5049 ἂν
1264 4996 1535 5065 ἁναμάθοι
1560 5038 1573 5058 ,
1610 4995 1694 5058 τίς
1725 4997 1752 5047 ὁ
1788 4993 1985 5057 διδοὺς,

369 5087 475 5139 καὶ
510 5086 625 5138 τῶν
651 5086 788 5140 ὅλων
820 5087 960 5158 ἔχων
986 5087 1083 5159 τὴν
1115 5087 1382 5150 ἐξουσίαν.
1407 5087 1626 5140 Δέδωκα
1653 5089 1750 5157 μὲν
1781 5086 1888 5158 γὰρ
1920 5087 1989 5138 τὰ

370 5179 646 5248 ζωαρκῆ·
684 5180 850 5240 σῖτον,
889 5179 984 5232 καὶ
1015 5176 1180 5243 οἶνον,
1215 5178 1310 5232 καὶ
1356 5178 1556 5240 ἔλαιον,
1594 5179 1686 5231 καὶ
1719 5179 1986 5249 ἀργύριον

369 5267 668 5336 ἑπλήθυνα
691 5267 852 5339 αὐτῇ.
891 5267 1051 5320 Ἀλλὰ
1069 5271 1189 5331 ταῖς
1212 5269 1372 5338 ἐμαῖς
1404 5266 1734 5339 φιλοτιμίαις
1769 5267 1985 5338 εὐχαρι-

373 5359 584 5429 στῆσαι
603 5358 741 5419 δέον,
762 5363 842 5424 εἰς
859 5360 1020 5426 δόξαν
1036 5360 1173 5413 αὐτὰ
1187 5361 1481 5431 πεποίηται
1497 5363 1562 5431 τῇ
1583 5360 1749 5423 Βάαλ,
1765 5361 1791 5414 ὃ
1807 5361 1871 5433 δὴ
1889 5361 1988 5431 τῆς

372 5450 631 5521 ἐσχάτης
656 5451 806 5503 ἐστὶν
846 5451 1207 5521 ἀναισθησίας
1232 5469 1292 5504 τε
1335 5451 1472 5522 ὁμοῦ
1527 5452 1620 5505 καὶ
1659 5453 1984 5522 ἀχαριστίας

374 5539 666 5608 ἀπόδειξις
696 5541 970 5614 ἐναργής·
1004 5544 1096 5598 καὶ
1134 5545 1234 5598 οὐκ
1272 5545 1544 5607 ἅνικάνως
1568 5544 1628 5597 τὸ
1654 5545 1844 5615 χρῆμα
1872 5545 1984 5617 ἔχει

1569 5723 1613 5754 ’⁵
1646 5724 1776 5780 ibid.
1816 5725 1903 5778 II.

455 5721 502 5752 ³⁸
531 5720 740 5781 Jerem.
771 5737 830 5788 ι,
859 5721 954 5792 24,
1030 5722 1076 5754 ’⁸
1111 5722 1276 5781 Ilebr.
1309 5738 1404 5791 xu,
1441 5723 1491 5775 7.

2099 4541 2265 4600 initae,
2308 4549 2356 4591 et
2408 4538 2574 4592 rebus
2623 4547 2807 4593 utatur
2853 4542 3076 4621 minime
3125 4544 3368 4598 onmium
3414 4549 3686 4604 secundis.

2099 4631 2363 4695 Quoniam
2390 4645 2513 4685 vero
2540 4642 2902 4701 praeterquam
2932 4634 3074 4702 quod
3102 4633 3226 4687 Baal
3258 4651 3356 4705 pro
3387 4636 3498 4692 Duo
3530 4656 3690 4710 repu-

2094 4723 2247 4784 tavit,
2273 4722 2436 4775 ctiam
2466 4736 2586 4790 qua:
2619 4738 2648 4776 a
2681 4738 2767 4777 me
2793 4726 3134 4794 suppeditata
3166 4728 3402 4797 fuerant,
3426 4733 3600 4786 eidem
3633 4736 3685 4788 in

2093 4813 2330 4881 acceptis
2369 4813 2592 4879 retulit,
2631 4814 2793 4883 eique
2833 4817 3040 4884 gratias
3079 4818 3220 4886 egit,
3261 4820 3424 4874 etiam
3469 4837 3687 4893 propter

2091 4903 2197 4960 IIOC
2225 4914 2460 4958 statuam
2493 4918 2860 4962 consentanea
2881 4948 2896 4972 ,
2930 4919 2988 4962 ut
3017 4910 3190 4964 discat
3220 4913 3343 4981 quis
3374 4915 3443 4967 sit
3471 4916 3561 4984 qui
3598 4919 3685 4968 de-

2091 4999 2234 5051 derit
2276 5015 2288 5050 :
2329 5006 2382 5052 et
2429 5011 2595 5067 penes
2639 5013 2798 5067 quem
2849 5001 2920 5055 sit
2964 5003 3206 5056 omnium
3253 5015 3514 5074 potestas.
3556 5009 3684 5060 Dedi

2090 5092 2234 5146 enim
2266 5093 2390 5146 vita:
2423 5093 2793 5149 sustentanda}
2825 5097 3173 5163 necessaria;
3213 5098 3568 5160 frumentum,
3601 5100 3682 5152 vi—

2091 5201 2252 5250 num,
2295 5185 2506 5252 oleum,
2551 5198 2604 5241 et
2646 5183 2928 5256 argentum
2974 5192 3329 5261 multiplicavi
3375 5194 3444 5245 ci.
3482 5193 3680 5246 Verum

2089 5275 2200 5347 39
2237 5292 2360 5331 cum
2386 5279 2799 5335 muniﬁcentim'
2831 5297 2964 5336 mea:
3005 5283 3210 5352 gratias
3249 5285 3490 5346 deberet,
3525 5296 3586 5336 ea
3628 5284 3681 5338 iu
3719 5335 3726 5346 _

2091 5373 2258 5425 decus
2287 5378 2340 5425 et
2366 5370 2590 5441 gloriam
2624 5369 2754 5426 Baal
2783 5375 3082 5441 convertit,
3112 5375 3256 5443 quod
3291 5375 3517 5428 extremi
3550 5391 3682 5430 sane

2090 5462 2328 5533 stuporis
2371 5463 2532 5517 simul
2583 5471 2636 5518 et
2704 5466 2869 5519 animi
2916 5466 3268 5534 ingratissimi
3310 5475 3558 5535 apertum
3599 5478 3682 5524 est

2090 5564 2470 5625 argumentum
2503 5575 2516 5610 :
2549 5566 2602 5611 et
2638 5557 2704 5611 ad
2739 5557 2905 5613 Deum
2933 5561 3281 5627 quantumvis
3311 5563 3490 5617 omnis
3519 5576 3678 5617 man-
