4094 6476
445 245 507 308 ἸΙ
1469 242 1528 297 S.
1567 239 1842 299 CYRILLI
1882 240 2356 298 ALEXANDRINI
2397 240 2717 298 ARCHIEP.
3645 243 3713 299 ἠ

447 359 750 417 suetudinis
781 358 984 412 fontem
1029 366 1082 410 et
1125 352 1386 424 originem
1423 355 1776 412 meritissimo
1805 369 2033 412 exacer-

2140 356 2275 426 πρός
2313 373 2377 424 γε
2428 356 2490 410 τὸ
2537 357 2648 410 δεῖν
2680 355 2774 409 καὶ
2829 353 3035 423 σφόδρα
3095 354 3320 418 δικαίως
3377 365 3717 428 παροτρῠναι

447 449 682 505 bandmn
711 446 932 502 sullicit.

518 645 915 701 Gravissimum
949 654 1034 700 est
1067 645 1235 716 igitur
1288 653 1343 699 et
1372 658 1533 715 paena
1565 643 1809 715 dignum,
1841 644 2038 700 libera—

448 737 652 790 litatem
704 735 1092 791 beneﬁciorum
1141 751 1170 790 a
1220 735 1333 790 Deo
1383 736 1748 805 przestitorum
1795 735 1862 790 iis
1902 733 2038 788 velle

448 828 740 892 ascribere,
763 827 856 896 qui
883 827 999 894 ejus
1028 826 1258 896 gloriam
1289 827 1623 882 imminuunt
1645 840 1708 882 ac
1730 825 2036 897 profligant,

451 921 552 973 hoc
578 929 684 982 est,
716 918 1008 972 immundis
1040 918 1395 982 daemonibus,
1425 917 1570 987 quod
1600 917 1817 986 quidam
1851 918 1903 970 in
1933 927 2040 974 ter-

451 1009 527 1062 ris
562 1009 793 1073 faciunt,
825 1007 999 1063 Graeci
1035 1019 1194 1078 puta,
1231 1019 1287 1063 et
1320 1008 1582 1063 haeretici.
1611 1006 1746 1061 Nam
1778 1008 1886 1071 Illi,
1915 1024 2038 1063 cum

452 1095 593 1150 Deus
628 1097 830 1150 homini
866 1097 1182 1167 sapientiam
1219 1105 1274 1152 et
1305 1098 1607 1152 oralionem
1664 1097 2036 1166 impertiverit,

452 1185 779 1254 eloquentia:
809 1202 920 1241 suae
952 1188 1266 1242 facultatem
1295 1189 1600 1243 daemonum
1633 1188 1926 1245 honoribus
1951 1204 2040 1245 ce-

453 1274 723 1329 lebrandis
745 1275 1062 1346 largiuntur.
1090 1277 1479 1333 [hereticorum
1502 1287 1681 1333 autem
1706 1277 1816 1333 Deo
1862 1293 2042 1335 exosa:

452 1372 507 1416 et
549 1365 725 1432 impia:
767 1365 937 1419 turba:
972 1366 1173 1422 dolosis
1210 1369 1604 1422 sententiarum
1646 1369 1882 1425 inventis
1923 1371 2044 1440 qui-

454 1453 678 1508 busdam
709 1466 926 1522 nocent,
958 1467 1011 1511 et
1039 1457 1430 1527 simpliciorum
1462 1469 1672 1515 mentes
1704 1470 2038 1531 pervertunt,

452 1553 504 1598 et
551 1545 772 1614 laqueos
810 1548 877 1602 ad
922 1549 1228 1616 perdendos
1269 1549 1547 1614 homines,
1591 1552 1736 1608 sicut
1779 1555 2041 1624 scriptum

451 1637 622 1701 est“,
659 1651 1007 1706 paraverunt.
1042 1641 1215 1696 Ambo
1251 1642 1416 1711 igitur
1447 1642 1736 1698 coluerunt
1769 1644 1900 1700 Baal
1938 1664 1952 1700 :
1988 1654 2043 1703 et

2137 448 2289 514 Θεὸν,
2329 451 2432 504 κᾶν
2482 450 2530 502 εί
2579 449 2762 519 πάσης
2807 447 3144 518 ἡμερότητος
3197 447 3350 520 πηγὴ
3398 449 3572 502 νοοῖτο
3623 449 3718 505 καὶ

2138 539 2372 609 γένεσις.

2211 629 2502 684 Πάνδεινον
2539 623 2632 683 οὖν
2671 628 2800 699 ἄρα,
2835 629 2929 682 καὶ
2959 626 3116 698 δίκης
3154 628 3254 682 οὐκ
3293 627 3577 700 ἀμοιροῦν,
3606 628 3720 684 τῶν

2139 718 2291 790 παρὰ
2336 719 2472 772 Θεοῦ
2518 719 2874 790 χαρισμάτων
2914 717 3014 788 τὴν
3054 717 3363 788 φιλοτιμίαν
3405 720 3716 775 ἀνατιθέναι

2140 808 2324 880 ζητεῖν
2363 812 2476 874 τοῖς
2506 811 2605 882 τὴν
2643 810 2796 878 δόξαν
2825 808 2992 864 αὑτοῦ
3045 808 3405 882 παραλύουσι,
3447 811 3715 878 τουτέστι,

2137 906 2251 966 τοῖς
2281 903 2612 974 ἀκαθάρτοις
2661 903 2932 974 δαίμοσιν,
2962 901 2992 953 ὃ
3021 901 3086 972 δὴ
3133 903 3228 955 καὶ
3257 900 3474 956 ποιοῦσι
3508 902 3619 957 τῶν
3659 904 3717 958 ἐν

2139 994 2330 1064 κόσμῳ
2349 994 2512 1058 τινές.
2530 993 2790 1065 ’Έλληνες
2817 993 2872 1046 δὲ
2899 985 3067 1056 οὗτοι,
3098 992 3194 1046 καὶ
3219 993 3500 1064 αίρετικοί.
3526 995 3590 1048 Οί
3617 994 3719 1065 μὲν

2139 1082 2269 1154 γὰρ,
2302 1082 2438 1135 Θεοῦ
2465 1082 2699 1146 διδόντος
2729 1080 3002 1152 ἀνθρώπῳ
3029 1080 3226 1150 σοφίαν
3281 1082 3378 1136 καὶ
3416 1081 3594 1152 λόγον,
3617 1081 3719 1152 τὴν

2139 1174 2240 1244 τῆς
2271 1174 2605 1242 εὐγλωττίας
2631 1173 2913 1244 δεινότητα
2939 1176 3062 1238 ταῖς
3098 1172 3210 1227 τῶν
3237 1173 3530 1244 δαιμονίων
3569 1172 3720 1246 χαρί-

2142 1263 2326 1328 ζονται
2353 1264 2552 1331 δόξαις.
2584 1265 2666 1319 Τὰ
2693 1265 2752 1318 δέ
2781 1281 2845 1333 γε
2872 1263 2983 1319 τῶν
3013 1263 3303 1336 αίρετικῶν
3338 1264 3594 1335 θεομισῆΙ
3622 1264 3721 1318 καὶ

2141 1356 2332 1410 ἀνόσια
2370 1357 2537 1428 στίφη
2569 1356 2922 1410 πολυπλόκων
2945 1356 3163 1410 ἐννοιῶν
3185 1355 3452 1428 εὑρέμασι
3491 1353 3720 1409 κατασί-

2142 1449 2324 1502 νονταί
2346 1465 2518 1512 τινας,
2543 1448 2638 1501 καὶ
2662 1448 2753 1501 τὸν
2776 1447 2884 1502 τῶν
2914 1447 3264 1517 ἁπλουτέρων
3285 1445 3718 1517 καταστρέφουσι

2143 1539 2288 1603 νοῦν,
2319 1539 2414 1593 καὶ
2440 1540 2676 1608 παγίδας
2704 1538 2941 1610 ἔστησαν
2972 1538 3282 1609 διαφθεῖραι
3326 1538 3548 1610 ἄνδρας,
3579 1537 3719 1591 κατά

2143 1631 2206 1684 τὸ
2227 1631 2630 1702 γεγραμμένον.
2647 1630 2855 1685 Οὐκοῦν
2887 1630 3054 1701 ἄμφω
3084 1630 3413 1702 τετιμήκασι
3432 1627 3526 1683 τὸν
3548 1627 3716 1691 Βάαλ,

453 1739 659 1784 tantum
692 1745 798 1785 non
825 1731 972 1786 velut
1002 1748 1070 1787 ex
1099 1733 1324 1797 divitiis,
1353 1749 1474 1804 qua:
1504 1745 1684 1791 mente
1713 1748 2034 1806 cernuntur,

2147 1723 2307 1794 μόνον
2339 1722 2398 1776 δὲ
2431 1723 2554 1793 οὐχὶ
2601 1722 2852 1794 καθάπερ
2886 1723 2952 1775 ἐκ
2979 1721 3210 1774 πλούτου
3242 1718 3435 1790 νοητοῦ
3468 1717 3720 1790 λαμπρόν

453 1831 507 1873 et
552 1823 619 1874 ad
661 1821 830 1875 Deum
876 1825 1169 1890 pertinent,
1213 1840 1312 1891 pro
1353 1827 1634 1895 splendido
1671 1830 2035 1898 anathemate,

455 1913 520 1966 ad
552 1913 696 1966 illius
727 1913 854 1967 idoli
886 1914 1114 1984 gloriam
1148 1917 1406 1972 offerunt.
1432 1917 1499 1972 Et
1535 1919 1606 1972 ita
1628 1957 1643 1984 ,
1676 1919 1892 1988 opinor,
1928 1924 2038 1992 spi-

456 2003 724 2058 ritualiter
743 2006 1262 2062 convenientissime
1289 2009 1606 2079 intelligitur
1627 2011 1772 2078 quod
1801 2012 2032 2068 dicitur:

457 2093 566 2163 Ego
622 2094 740 2148 dedi
808 2093 1139 2150 frumentum
1183 2106 1237 2150 et
1283 2098 1466 2152 vinum
1508 2110 1563 2154 et
1618 2100 1825 2168 oleum,
1861 2111 1913 2156 et
1947 2117 2038 2156 ar-

385 2196 388 2200 '
454 2194 673 2253 gentum
709 2184 1058 2254 mnltiplicavi
1093 2187 1144 2241 ei
1176 2203 1189 2240 :
1224 2187 1337 2256 ipsa
1392 2203 1523 2244 vero
1559 2201 1820 2260 argentea
1849 2201 1904 2247 et
1937 2207 2035 2247 au-

455 2289 544 2329 rea
606 2274 732 2328 fecit
759 2275 908 2330 Baal.
962 2276 1273 2333 Tribuenda
1301 2292 1424 2333 sunt
1455 2280 1616 2348 igitur
1645 2282 1753 2336 Deo
1781 2298 1900 2352 quae
1932 2283 2031 2340 Del

453 2375 599 2420 sunt.
635 2365 885 2422 Datorem
919 2369 1065 2424 enim
1133 2379 1188 2423 et
1222 2369 1566 2438 praebitorem
1599 2373 1838 2426 omnium
1871 2373 2040 2430 bono-

455 2471 574 2510 rum
615 2469 923 2513 aegrorum
965 2459 1204 2513 inaurari
1245 2461 1502 2514 convenit
1538 2476 1634 2529 per
1671 2477 1768 2527 ea,
1810 2478 1934 2533 quae
1971 2464 2040 2519 ab

454 2547 572 2618 ipso
609 2549 889 2616 habemus,
928 2564 1023 2604 seu
1067 2549 1291 2604 iHUSlriS
1334 2551 1405 2605 sit
1441 2550 1635 2615 oratio,
1672 2567 1768 2607 seu
1809 2553 1876 2608 ad
1913 2569 2039 2610 vera

454 2640 713 2708 mysteria
744 2641 1090 2710 percipienda
1123 2657 1276 2696 mens
1309 2642 1522 2696 idonea.

521 2730 692 2786 Vens.
725 2733 780 2796 9,
814 2733 902 2787 IO.
937 2731 1164 2802 PrOpter
1191 2735 1288 2786 hoc
1320 2743 1570 2798 revertar,
1603 2745 1651 2788 et
1687 2735 1866 2790 tollam
1901 2737 2042 2790 triti-

453 2839 571 2875 cum
606 2838 778 2876 meum
815 2825 870 2877 in
905 2833 1132 2890 tempore
1163 2840 1279 2888 suo,
1315 2834 1363 2877 et
1407 2825 1583 2878 vinum
1622 2842 1792 2879 meum
1825 2827 1880 2880 in
1914 2838 2042 2881 lem-

451 2926 576 2966 uore
609 2929 727 2980 suo,
760 2923 807 2966 et
845 2914 1085 2982 auferam
1119 2916 1424 2968 vestimenta
1456 2932 1593 2981 mea,
1625 2927 1674 2970 et
1707 2919 1872 2972 lintea
1902 2935 2038 2984 mea,

2141 1812 2399 1885 ἀνάθημα
2451 1812 2912 1884 προσκομίζουσιν
2948 1815 3028 1877 είς
3077 1811 3236 1878 δόξαν
3265 1812 3445 1866 αὐτῶν
3480 1812 3551 1865 τὰ
3589 1810 3720 1882 περὶ

2138 1902 2294 1957 Θεοῦ.
2342 1903 2451 1956 Καὶ
2472 1903 2650 1967 τοῦτο,
2684 1898 2861 1973 οἶμαι,
2889 1903 3006 1955 ἐστὶ
3060 1902 3445 1972 πνευματικῶς
3472 1897 3531 1956 εὖ
3573 1900 3721 1972 μάλα

2140 1995 2451 2066 νοούμενον,
2495 1995 2576 2060 τὸ,
2644 1993 2786 2063 Ἐγὼ
2833 1993 3047 2048 δέδωκα
3099 1994 3192 2048 τὸν
3243 1995 3412 2060 σῖτον,
3480 1992 3576 2046 καὶ
3626 1992 3722 2046 τὸν

2139 2081 2301 2150 οϊνον,
2335 2088 2429 2140 καὶ
2461 2087 2524 2141 τὸ
2558 2087 2756 2154 ἐλαιον,
2790 2087 2888 2141 καὶ
2929 2084 3195 2158 ἀργύριον
3232 2085 3508 2157 ὲπλήθυνα
3541 2085 3720 2157 αὐτῇ·

2140 2179 2279 2248 αὐτὴ
2309 2178 2366 2232 δὲ
2383 2179 2621 2250 ἀργυρᾶ,
2648 2180 2743 2234 καὶ
2768 2179 2945 2250 χρυσᾶ
2969 2177 3194 2249 ἐποίησε
3219 2179 3285 2249 τῇ
3317 2177 3488 2234 Βάαλ.
3559 2177 3722 2231 Ἀναι-

2143 2271 2326 2326 θετέον
2370 2265 2463 2324 οὖν
2501 2271 2610 2342 ἄρα
2647 2270 2766 2342 Θεῷ
2790 2270 2859 2326 τά
2885 2269 3074 2324 αὑτοῦ.
3105 2270 3211 2324 Τὸν
3236 2270 3348 2342 γάρ
3390 2286 3472 2323 τοι
3519 2267 3723 2333 παντὸς

2143 2364 2277 2434 ήμῖν
2332 2362 2541 2431 ἀγαθοῦ
2586 2362 2804 2433 δωτῆρα
2846 2362 2941 2416 καὶ
2968 2360 3202 2433 χορηγὸν
3243 2358 3721 2432 καταχρυσοῦσθαι

2142 2453 2342 2526 πρέπει
2365 2453 2431 2507 δι’
2453 2448 2528 2508 ὧν
2550 2454 2616 2508 ἂν
2641 2454 2861 2523 ἔχοιμεν
2890 2453 3021 2524 παρ’
3049 2451 3238 2518 αὑτοῦ,
3259 2450 3361 2506 κᾶν
3390 2453 3438 2506 ει
3467 2451 3722 2521 λαμπρὸς

2142 2546 2227 2616 εἴη
2257 2545 2438 2613 λόγος,
2472 2543 2573 2598 κᾶν
2602 2545 2651 2597 εί
2695 2543 2819 2608 νοῦς
2845 2543 2984 2614 ἔχων
3017 2543 3334 2614 ἐπιτηδείως
3364 2542 3504 2612 πρὸς
3535 2541 3596 2595 τὸ
3627 2541 3723 2596 δύο

2143 2638 2335 2693 νασθαι
2367 2639 2508 2690 νοεῖν
2534 2636 2710 2706 ἀληθῆ
2745 2637 3038 2707 μυστήρια.

2211 2729 2316 2783 Διὰ
2343 2729 2518 2783 τοῦτο
2537 2729 2900 2796 ἐπιστρέψω,
2924 2728 3023 2782 καί
3065 2727 3382 2798 κομιοῦμυ.
3410 2730 3518 2782 τὸν
3543 2726 3724 2783 σῖτόν

2135 2839 2255 2890 μου
2282 2821 2408 2876 καθ’
2433 2820 2592 2889 ὥραν
2613 2821 2823 2888 αὐτοῦ,
2845 2820 3070 2875 καὶτὸν
3103 2818 3274 2875 οἶνόν
3293 2838 3411 2890 μου
3434 2821 3504 2875 ἐν
3535 2821 3722 2890 καιρῷ

2141 2913 2348 2976 αὐτοῦ,
2379 2912 2474 2966 καί
2501 2912 2833 2982 ἁφελοῦμαι
2869 2911 2944 2966 τὰ
2973 2911 3170 2981 ἱμάτιά
3199 2929 3340 2980 μου,
3365 2911 3465 2966 καὶ
3481 2912 3556 2968 τὰ
3582 2912 3688 2967 ὀθό
3695 2941 3720 2954 ο

455 3017 519 3056 ne
557 3004 794 3070 aperiant
835 3006 1173 3074 ignominiam
1210 3005 1348 3072 ejus.
1383 3004 1451 3058 Et
1489 3022 1627 3060 nunc
1663 3008 1897 3062 revelabo
1939 3010 2038 3064 im-

2143 3001 2242 3055 νιά
2266 3020 2407 3070 μου,
2454 3002 2562 3056 τοῦ
2603 3002 2689 3072 μὴ
2745 3003 3076 3056 καλύπτειν
3123 3001 3238 3070 τὴν
3275 3003 3722 3072 ἀσχημοσύνην

455 3093 766 3146 munditiam
797 3094 909 3162 ejus
935 3094 990 3148 in
1017 3107 1296 3163 conspectu
1319 3105 1618 3152 amatorum
1646 3098 1814 3164 illius,
1843 3109 1894 3154 et
1921 3099 2040 3154 mti-

451 3183 538 3238 ιιιε
565 3195 710 3240 eruet
741 3201 859 3240 eam
889 3187 953 3241 de
982 3202 1146 3240 manu
1176 3203 1312 3240 mea.

525 3361 709 3418 XVIII.
745 3361 938 3418 Cernis
961 3362 1234 3430 quomodo
1259 3364 1494 3419 minatus
1519 3365 1592 3419 sit
1617 3363 1920 3418 ablaturum
1948 3381 2034 3432 se,

452 3471 574 3526 quae
605 3457 876 3510 delectare
906 3454 1120 3520 solent,
1153 3470 1253 3510 nec
1285 3454 1340 3509 id
1371 3454 1676 3510 inutiliter?
1708 3455 1859 3510 Sicut
1887 3472 2040 3511 nam-

452 3562 558 3618 que
581 3548 721 3600 viam
748 3546 863 3615 ejus
891 3546 1026 3616 palis
1050 3545 1246 3601 defixis
1270 3546 1513 3616 asperari
1543 3545 1612 3600 ad
1638 3536 2040 3615 complectenda

454 3637 753 3694 salubriora
801 3638 1122 3703 inducebat,
1167 3636 1508 3706 faciebatque
1550 3637 1637 3691 vel
1683 3637 1906 3692 invitam
1956 3639 2038 3694 di-

454 3726 619 3786 cere:
671 3729 932 3784 Revertar
965 3729 1030 3784 ad
1069 3731 1242 3782 virum
1288 3743 1467 3782 meum
1498 3728 1757 3797 priorem,
1782 3729 2038 3800 quoniam

454 3821 650 3876 melius
695 3820 824 3874 mihi
871 3828 1000 3873 tunc
1038 3829 1176 3886 erat,
1234 3833 1396 3888 quam
1479 3833 1643 3885 nunc,
1703 3821 2040 3890 experientia

453 3916 597 3970 enim
645 3925 928 3986 cognorat,
976 3914 1106 3984 quid
1157 3915 1442 3969 utilitatem
1490 3916 1840 3982 conciliaret,
1890 3930 1944 3974 et
1985 3919 2038 3975 in

454 4007 647 4076 quibus
679 4016 957 4076 praestaret
987 4007 1215 4061 libenter
1242 4007 1490 4064 habitare
1520 4029 1534 4064 :
1564 4009 1638 4064 ita
1667 4009 1714 4064 si
1744 4010 2038 4076 abstulero,

455 4099 652 4168 inquit,
686 4113 805 4167 quae
840 4114 957 4152 mea
993 4108 1141 4165 sunt,
1179 4110 1305 4155 tunc
1337 4101 1664 4157 omnimodis
1699 4109 2039 4171 erogatorem

457 4191 716 4258 requiret,
748 4199 802 4244 et
818 4190 1151 4245 damonibus
1174 4201 1382 4260 gratam
1408 4208 1468 4247 se
1491 4194 1750 4247 exhibere
1765 4193 2037 4260 designet;

456 4295 658 4350 eosque
692 4295 818 4335 vere
857 4282 985 4335 deos
1019 4281 1302 4345 arbitrari,
1337 4293 1398 4336 ut
1429 4284 1594 4337 etiam
1632 4282 1734 4336 sibi
1769 4283 2040 4352 subjectos

2139 3091 2351 3160 αὐτῆς.
2383 3092 2491 3148 Καὶ
2519 3093 2635 3147 νῦν
2662 3094 3040 3162 ἀποκαλύψω
3072 3092 3186 3162 τὴν
3215 3093 3590 3161 ἀκαθαρσίαν
3607 3095 3721 3148 αὐ-

2141 3181 2250 3251 τῆς
2275 3183 2532 3237 ἐνώπιον
2555 3182 2675 3236 τῶν
2721 3181 2990 3252 ἐραστῶν
3025 3182 3236 3252 αὐτῆς,
3277 3185 3375 3239 καί
3413 3184 3612 3252 οὐδεὶς
3640 3188 3715 3242 οὐ

2137 3274 2223 3344 μὴ
2255 3274 2532 3343 ἐξέληται
2563 3275 2760 3342 αὐτὴν
2795 3275 2865 3328 ἐκ
2894 3277 3094 3343 χειρός
3117 3285 3255 3343 μου.

2211 3368 2317 3422 lH'.
2366 3367 2527 3438 Ὁρᾷς
2554 3369 2702 3430 ὅπως
2731 3367 2996 3438 ἠπείλησε
3013 3367 3112 3438 τὴν
3135 3368 3426 3437 ἀφαίρεσιν
3447 3367 3553 3420 τῶν
3581 3384 3716 3420 κατ-

2141 3457 2454 3528 ευφραίνειν
2482 3457 2723 3523 εἰδότων,
2757 3458 2851 3511 καὶ
2873 3457 3032 3511 τοῦτο
3056 3457 3368 3529 χρησίμως·
3391 3457 3580 3529 ὥσπερ
3603 3459 3718 3528 γὰρ

2139 3545 2202 3598 τὸ
2223 3545 2690 3617 ἀποτραχύνεσθαι
2722 3548 2836 3610 τοῖς
2872 3545 3094 3614 σκόλοψι
3129 3545 3226 3617 τὴν
3256 3546 3373 3600 ὁδὸν
3401 3546 3570 3616 αὐτῆς
3617 3547 3716 3598 ἐπὶ

2139 3637 2200 3689 τὸ
2213 3636 2431 3694 ἑλέσθαι
2446 3638 2660 3706 φρονεῖν
2677 3634 2745 3688 τά
2760 3634 2966 3705 ἀμείνω
2983 3635 3316 3705 παρήνεγκε,
3333 3634 3714 3705 παρεσκεύασε

2139 3729 2197 3780 δέ
2227 3727 2377 3782 ὥσπε
2386 3745 2416 3799 ρ
2439 3727 2534 3780 καὶ
2565 3726 2664 3798 οὐχ
2684 3726 2917 3780 ἑκοῦσαν
2942 3728 3134 3790 εἰπεῖν,
3201 3727 3259 3779 Ἐ
3275 3725 3551 3797 πιστρέψω
3575 3725 3715 3796 πρὸς

2141 3819 2232 3874 τὸν
2254 3820 2423 3890 ἀνδρα
2454 3836 2555 3888 μου
2582 3819 2672 3871 τὸν
2703 3818 2992 3888 πρότερον,
3022 3817 3104 3868 ὅτι
3136 3815 3314 3878 καλῶς
3341 3833 3430 3887 μοι
3465 3811 3538 3886 ἦν
3565 3816 3708 3880 τότε,

2140 3912 2174 3982 ἢ
2203 3911 2326 3966 νῦν’
2384 3909 2525 3979 ἐγνω
2585 3907 2694 3979 γὰρ
2725 3908 2813 3962 διὰ
2859 3907 3053 3977 πείρας
3081 3907 3142 3960 τὸ
3171 3906 3358 3960 τελοῦν
3388 3907 3467 3969 είς
3502 3906 3708 3979 ὄνησιν,

2143 4003 2236 4055 καὶ
2251 3997 2332 4064 οἷς
2353 3996 2420 4070 ἧν
2449 4001 2668 4069 ἄμεινον
2692 3999 3106 4069 ἐμφιλοχωρεῖν·
3128 3997 3299 4060 οὕτως
3324 3999 3372 4050 εί
3402 3997 3618 4067 λάϐοιμι
3640 3997 3716 4052 τὰ

2141 4089 2402 4161 ἐμαυτοῦ,
2427 4088 2579 4158 φησὶ,
2606 4088 2729 4141 τότε
2755 4087 2818 4158 δὴ
2847 4087 3062 4150 πάντως
3091 4087 3314 4157 ζητήσει
3335 4087 3425 4140 τὸν
3451 4088 3712 4158 χορηγὸν,

2142 4182 2236 4235 καὶ
2283 4179 2551 4234 παύσεται
2592 4177 2685 4232 τοῦ
2729 4179 2836 4233 δεῖν
2873 4179 3134 4232 ἀνάπτειν
3165 4181 3277 4242 τοῖς
3317 4178 3612 4248 δαιμονίοις
3642 4180 3716 4234 τὰ

2143 4272 2496 4342 χαριστήρια,
2537 4269 2742 4324 οἴεσθαί
2764 4287 2825 4323 τε
2850 4271 2931 4322 ὅτι
2961 4269 3072 4322 θεοὶ
3101 4269 3241 4323 κατὰ
3266 4268 3522 4339 ἀλήθειάν
3549 4270 3710 4334 είσιν,

457 4373 510 4426 in
530 4372 812 4442 pristinam
834 4372 1142 4426 felicitatem
1163 4373 1450 4427 restituere
1465 4373 1575 4445 40
1589 4381 1809 4443 queant.
1826 4371 1890 4426 Et
1908 4380 2038 4427 tem-

2140 4363 2213 4425 ὡς
2242 4361 2336 4415 καὶ
2367 4360 2666 4440 ἀνασώζειν
2699 4359 2959 4415 δύνασθαι
2998 4361 3122 4424 τοὺς
3163 4361 3254 4412 ὑπ’
3279 4360 3461 4422 αὐτοῖς
3489 4361 3713 4427 γεγονό-

457 4477 586 4530 pore
611 4478 709 4517 suo
737 4463 1098 4528 frumentum,
1131 4472 1185 4516 et
1214 4462 1424 4528 vinu'n,
1455 4476 1509 4518 et
1539 4465 1702 4518 lintea
1730 4461 2033 4518 ablaturum

2145 4454 2395 4518 τας.Καὶ
2443 4455 2500 4506 ὲν
2537 4453 2712 4524 καιρῷ
2735 4453 2792 4506 δὲ
2820 4451 3086 4523 λήψεσθαι
3133 4451 3225 4506 τὸν
3274 4453 3438 4516 σῖτον,
3483 4449 3576 4503 καὶ
3616 4451 3714 4504 τὸν

458 4554 608 4616 dicit,
641 4553 949 4608 fallentibus
982 4553 1119 4606 forte
1146 4566 1247 4607 suo
1276 4561 1515 4622 tempore
1541 4552 1809 4624 frugibus,
1837 4565 1892 4611 et
1922 4570 2037 4608 ma-

2140 4540 2294 4610 οἷνον,
2330 4545 2420 4597 καὶ
2464 4543 2534 4596 τὰ
2577 4543 2763 4599 ὀθόνια
2837 4543 2993 4612 φησὶ,
3035 4541 3380 4611 ψευδομένων
3412 4542 3550 4610 τάχα
3605 4558 3710 4593 που

458 4646 681 4696 turitate
706 4657 802 4697 eas
835 4643 1194 4708 destituenle,
1225 4651 1282 4695 ut
1311 4642 1364 4694 in
1399 4650 1542 4694 terra
1574 4642 1800 4697 colenda
1829 4644 2038 4697 labores

2140 4633 2276 4686 κατά
2298 4633 2519 4703 καιροὺς
2553 4633 2659 4685 τῶν
2699 4632 2951 4701 καρπῶν,
2984 4631 3079 4684 καὶ
3110 4631 3499 4702 ὑστεριζόντων
3526 4631 3710 4693 αὐτοῖς

458 4748 646 4788 manes
680 4732 849 4788 fuisse
881 4733 1141 4787 toleratos
1171 4725 1447 4801 appareat.
1477 4731 1630 4797 Quod
1660 4733 1706 4787 si
1736 4734 1860 4803 quis
1891 4733 2038 4788 malit

2140 4717 2244 4771 τῶν
2265 4718 2522 4790 ὠρίμων’
2549 4719 2624 4781 ὼς
2658 4719 2916 4788 ματαίους
2940 4717 3233 4788 ἀνατλῆναι
3257 4719 3352 4771 καὶ
3377 4719 3501 4781 τοὺς
3529 4718 3621 4771 ὲπί
3645 4735 3710 4786 γε

459 4824 754 4890 intelligere
794 4823 1007 4878 Iudaeos
1052 4822 1356 4876 frumento-
1400 4830 1455 4876 et
1493 4823 1618 4876 vino
1661 4837 1758 4878 suo
1804 4833 2038 4893 tempore

2140 4811 2204 4879 τῇ
2257 4810 2500 4879 γηπονίᾳ
2548 4808 2761 4870 πόνους.
2807 4808 2869 4860 Εἰ
2898 4807 2956 4860 δὲ
3006 4807 3069 4877 δή
3103 4823 3186 4869 τις
3215 4806 3386 4860 ἕλοιτο
3423 4809 3561 4862 νοεῖν
3625 4809 3710 4862 ὅτι

458 4914 725 4982 privatum
756 4913 844 4976 iri,
877 4923 1061 4980 utpote
1092 4911 1322 4982 mystica
1353 4911 1729 4968 benedictione
1754 4913 2032 4983 spoliatos,

2143 4897 2291 4949 σίτου
2337 4898 2429 4949 καὶ
2477 4896 2619 4949 οίνου
2657 4895 3081 4966 στερηθήσονται
3129 4895 3270 4948 κατά
3317 4897 3540 4966 καιροὺς
3579 4897 3712 4949 Ἰου-

459 5007 624 5074 prebe
657 5005 942 5074 intelliget.
970 5005 1160 5058 Lintea
1194 5012 1373 5058 autem
1403 5005 1532 5058 dicit
1562 5018 1854 5074 supernum
1883 5008 2035 5059 auxi-

2141 4987 2299 5049 δαίοι,
2331 4985 2434 5055 τῆς
2463 4984 2726 5055 μυστικῆς
2757 4985 3006 5054 εὐλογίας
3028 4985 3460 5050 ἐκπεπτωκότες,
3489 4989 3710 5058 συνήσει

459 5101 586 5152 lium
611 5137 625 5160 ,
661 5112 767 5166 quo
801 5097 956 5165 quasi
993 5106 1282 5163 coopertus
1316 5096 1583 5165 quispiam
1619 5096 1845 5151 decorus
1877 5099 1982 5151 erit
2017 5117 2030 5152 :

2141 5079 2341 5142 καλῶς.
2383 5077 2596 5130 Ὀθόνια
2634 5078 2688 5130 δέ
2721 5095 2852 5148 φησι
2904 5077 3003 5148 τὴν
3035 5078 3194 5130 οἱονεὶ
3241 5077 3581 5148 περιστολὴν,
3615 5080 3711 5132 καὶ

459 5199 607 5241 extra
643 5187 694 5239 id
727 5201 832 5241 non
857 5185 966 5251 jam
998 5187 1156 5239 valde
1182 5186 1377 5242 decens
1397 5225 1412 5251 ,
1442 5186 1536 5240 sed
1567 5185 1854 5241 admodum
1886 5187 2036 5241 inde—

2140 5173 2236 5243 τὴν
2264 5169 2468 5224 ἀνωθεν
2493 5169 2830 5239 ἐπικουρίαν,
2867 5169 2956 5237 ὑφ’
3054 5167 3294 5236 γεγονὼς
3324 5167 3476 5220 ἔσται
3500 5184 3584 5230 τις
3620 5167 3711 5219 εῦ-

460 5291 616 5340 cens,
649 5287 705 5331 et
736 5287 987 5346 tanquam
1021 5276 1196 5330 nudus
1227 5278 1366 5330 inter
1395 5277 1642 5332 homines
1678 5277 2030 5346 permanebit.

2142 5265 2385 5335 σχήμων.
2429 5262 2491 5316 El
2523 5263 2581 5316 δὲ
2610 5261 2713 5327 ἔξω
2751 5261 2990 5332 φέροιτο,
3019 5259 3348 5331 περικαλλὴς
3378 5259 3478 5330 μὲν
3503 5259 3702 5324 οὐκέτι,

461 5365 549 5419 Sic
589 5381 716 5433 ergo
756 5365 1083 5420 ablationem
1127 5368 1445 5436 linteorum,
1481 5383 1549 5424 ne
1586 5376 1768 5438 tegant
1803 5368 2033 5436 ignomi-

2140 5358 2272 5411 πολὺ
2298 5357 2363 5427 δὴ
2395 5356 2514 5409 λίαν
2545 5356 2828 5426 ἀσχήμων,
2857 5354 2952 5407 καὶ
2984 5352 3145 5405 οἱονεὶ
3176 5352 3380 5423 γυμνὸς
3413 5351 3706 5404 διατελέσει

462 5456 599 5510 niam
637 5455 784 5523 ejus,
826 5454 1092 5526 intelligas
1128 5457 1270 5515 licet.
1307 5457 1688 5516 Revelaturum
1730 5473 1893 5530 porro
1929 5458 2032 5514 im-

2140 5448 2278 5506 κατὰ
2302 5450 2392 5504 τὸν
2417 5451 2641 5520 κόσμον.
2670 5441 2797 5533 ᾯδε
2831 5445 2928 5517 μὲν
2953 5440 3045 5499 οὖν
3074 5445 3172 5516 τὴν
3203 5444 3310 5498 τῶν
3337 5442 3560 5498 ὀθονίων
3583 5439 3709 5509 νοή-

530 5630 578 5664 "
605 5631 747 5694 Psal.
778 5649 888 5702 LVI,
926 5634 982 5691 7.
