4094 6510
370 419 431 473 7s
1277 404 1832 466 COMMENTARIUS
1865 405 1930 461 IN
1974 407 2210 463 OSEAM
2252 407 2693 471 merueram.
3567 407 3639 461 τι

371 553 472 599 σεις
507 530 830 603 ἀφαίρεσιν,
872 525 1013 597 ὑπέρ
1046 541 1109 594 γε
1152 524 1244 578 τοῦ
1283 524 1358 596 μὴ
1408 522 1781 578 καλύπτεσθαι
1840 522 1939 594 τὴν

2052 526 2399 592 munditiam,
2432 536 2485 580 et
2514 540 2698 579 coram
2731 529 3065 585 amatoribus
3095 528 3214 599 ejus
3245 531 3513 601 promittit
3569 546 3641 588 eo

368 623 732 703 ἀσχημοσύνην
780 620 979 690 αὐτῆς.
1015 616 1421 687 Ἀποκαλύψειν
1455 616 1514 670 δέ
1540 616 1639 687 τὴν
1692 615 1940 686 ἀκαθαρ-

370 722 477 775 σίαν
506 716 671 787 αὐτῆς
701 712 1103 790 ἐπαγγέλλεται
1127 752 1142 777 ,
1187 712 1283 764 καὶ
1329 708 1442 763 τῶν
1479 708 1727 777 ἐραστῶν
1768 707 1937 776 αὐτῆς

368 812 610 875 ἐναντίον,
655 809 801 863 κατὰ
843 807 1049 869 τοιόνδε
1114 804 1235 859 τινὰ
1294 804 1533 880 τρόπον,
1576 802 1635 856 ὃν
1677 801 1940 872 ἐλέγομεν

366 905 571 975 ἀρτίως,
593 903 673 955 ὅτι
697 898 1079 973 περιπεσοῦσα
1113 900 1227 960 τοῖς
1262 895 1512 965 σκόλοψι,
1538 894 1807 957 τουτέστι,
1830 897 1941 956 τοῖς

363 1000 419 1051 ἐκ
442 996 531 1049 τοῦ
562 994 802 1064 πολέμου
831 994 1046 1058 κακοῖς,
1079 989 1175 1043 καὶ
1218 990 1341 1051 ταῖς
1380 990 1463 1042 ὅτι
1502 986 1739 1058 μάλιστα
1771 1003 1942 1039 κατα-

363 1089 601 1159 πλήττειν
633 1084 966 1155 δυναμέναις
998 1082 1328 1153 συμφοραῖς,
1357 1080 1451 1133 καὶ
1474 1078 1656 1133 αὐτῶν
1675 1077 1941 1149 ἀμελήσει

359 1181 458 1234 τῶν
490 1183 545 1234 ἐν
590 1176 861 1248 ὑπολήψει
906 1174 1078 1239 θεῶν,
1120 1174 1221 1226 οὐκ
1260 1174 1318 1227 ἐν
1370 1172 1534 1244 σχολῇ
1587 1172 1943 1246 προσάγουσα

362 1272 539 1334 θυσίας
580 1269 797 1332 αὐτοῖς,
833 1265 958 1320 οὔτε
1010 1264 1117 1337 μὴν
1146 1263 1216 1317 τὰ
1252 1262 1458 1334 συνήθη
1491 1262 1733 1334 πληροῦν
1778 1261 1939 1315 δυνα-

362 1366 485 1437 μένη
514 1362 652 1433 πρὸς
684 1360 845 1426 δόξαν
870 1357 1072 1413 αὐτῶν.
1097 1353 1607 1428 Κατακερτομοῦσα
1633 1355 1688 1409 δὲ
1717 1354 1937 1425 μᾶλλον,

355 1458 423 1521 ὡς
448 1455 596 1509 ούδέν
619 1452 804 1507 αὐτῶν
834 1450 1140 1505 ἀπόνασθαι
1174 1448 1358 1524 μετὸν,
1382 1448 1476 1504 καὶ
1500 1447 1944 1511 κατονειδίζουσα

357 1568 463 1613 πως
483 1550 541 1602 τὸ
556 1548 751 1610 ἄναλκι
772 1544 1075 1612 παντελῶς,
1105 1563 1124 1596 ι
1148 1541 1508 1617 Ὑποστρέψω
1527 1581 1540 1605 ,
1558 1561 1575 1593 ι
1598 1541 1755 1613 φησι,
1777 1541 1941 1623 «πρὸς

356 1642 437 1696 τὸν
465 1638 636 1713 ἄνδρα
666 1657 773 1710 μου
803 1638 897 1693 τὸν
938 1636 1227 1711 πρότερον,
1255 1636 1337 1689 ὅτι
1372 1633 1555 1698 καλῶς
1587 1651 1678 1704 μοι
1702 1628 1769 1704 ἦν
1798 1633 1943 1700 τότε,

353 1732 518 1806 ἢνῦν.
554 1751 573 1784 ι
629 1732 802 1787 Ὀταν
852 1729 1037 1782 τοίνυν
1086 1724 1429 1797 ἀπαμφιέσω
1478 1725 1576 1795 μὲν
1624 1723 1798 1799 αὐτὴν
1846 1724 1946 1795 τῆς

354 1827 472 1897 παρ’
518 1823 686 1896 ἐμοῦ,
711 1821 901 1894 φησιν,
942 1818 1287 1893 ἐπικουρίας,
1312 1814 1691 1889 περιπεσοῦσα
1722 1816 1780 1870 δὲ
1829 1818 1943 1879 τοῖς

2046 618 2206 673 modo
2272 634 2378 689 quo
2408 621 2520 689 jam
2557 620 2888 677 dicebamus.
2924 623 3190 690 Quoniam
3226 639 3349 679 cum
3386 625 3639 680 inciderit

2045 710 2097 762 in
2137 710 2317 779 palos,
2353 712 2454 767 hoc
2490 724 2605 780 est,
2642 714 2694 769 in
2730 714 3071 771 calamitates
3105 716 3261 783 belli,
3295 725 3350 771 et
3386 716 3438 771 in
3472 718 3641 776 detri-

2047 810 2259 871 menta,
2305 821 2426 873 qua:
2473 808 2769 874 percellere
2814 808 3049 871 maxime
3092 820 3350 882 possunt,
3392 819 3447 865 et
3491 811 3641 881 ipsos

2046 908 2186 964 quos
2230 897 2454 963 putabat
2497 897 2733 967 negliget
2773 898 2922 965 deos,
2958 913 3065 952 non
3102 899 3154 953 in
3190 900 3300 953 otio
3332 899 3399 963 iis
3430 899 3642 954 hostias

2046 987 2363 1055 immolans,
2405 1004 2505 1043 nec
2544 999 2802 1044 consueta
2846 991 2913 1043 ad
2956 990 3195 1060 ipsorum
3234 989 3458 1059 gloriam
3501 1004 3641 1059 prro-

2044 1089 2195 1134 stare
2221 1082 2383 1150 potis.
2410 1080 2665 1149 Quinimo
2692 1083 2953 1137 conviciis
2981 1082 3278 1151 insectans,
3309 1092 3365 1136 ut
3397 1082 3638 1147 inutiles,

2044 1182 2093 1227 et
2140 1172 2541 1241 quodammodo
2583 1176 2848 1230 summam
2899 1175 3029 1243 ipsis
3079 1173 3504 1229 imbecillitatem
3545 1190 3641 1231 ex-

2046 1262 2311 1332 probrans
2364 1281 2377 1317 :
2437 1283 2454 1315 ι
2512 1263 2796 1333 Revertar,
2849 1266 3060 1336 inquit,
3112 1267 3179 1321 ad
3226 1266 3401 1321 virum
3459 1283 3638 1321 mrum

2046 1356 2318 1424 priorem,
2368 1358 2622 1426 quoniam
2678 1358 2871 1413 melius
2920 1359 3050 1413 mihi
3104 1369 3230 1414 tunc
3277 1370 3426 1425 erat,
3476 1375 3641 1429 quam

2048 1462 2209 1509 nunc.
2251 1466 2270 1500 ι
2310 1446 2538 1523 Quando
2576 1449 2759 1519 igitur,
2795 1450 3003 1525 inquit,
3036 1464 3242 1505 exuero
3280 1450 3450 1519 ipsam
3488 1452 3643 1505 auxi-

2047 1541 2133 1595 liis
2164 1541 2335 1606 meis,
2369 1550 2424 1596 et
2456 1541 2509 1595 in
2547 1538 2685 1603 mala
2720 1541 3033 1609 devenerit,
3066 1541 3439 1619 honoremque
3469 1553 3524 1598 et
3555 1543 3641 1597 di-

2047 1634 2331 1689 lectionem
2386 1648 2574 1688 eorum
2605 1636 3012 1706 contempserit,
3037 1636 3329 1706 animoque
3355 1645 3556 1705 aegroto
3578 1649 3645 1693 ac

2048 1725 2346 1796 ptenitente
2381 1726 2526 1795 ipsos
2561 1726 2868 1794 despuerit,
2902 1738 3031 1783 tunc
3061 1729 3169 1787 illis
3202 1728 3457 1783 indecora
3491 1727 3642 1783 vidc-

2050 1816 2214 1868 bitur.
2242 1815 2375 1869 Nam
2404 1819 2582 1885 qnoad
2616 1819 2723 1873 illis
2775 1820 2960 1872 suavia
2987 1829 3042 1874 et
3072 1819 3244 1873 amica
3297 1826 3527 1889 spectat,
3553 1833 3643 1871 ea-

350 1889 565 1983 δεινοῖς,
634 1889 735 1970 καί
771 1889 875 1984 τῆς
925 1913 1007 1975 είς
1067 1889 1267 1975 αὐτοὺς
1320 1910 1568 1983 ἀλογήσῃ
1624 1907 1792 1979 τιμῆς
1854 1907 1948 1973 καὶ

2053 1904 2297 1961 lamitosa
2335 1909 2515 1977 potius
2542 1911 2791 1964 videatur
2818 1925 3039 1967 necesse
3074 1921 3193 1977 est,
3225 1913 3273 1969 si
3308 1927 3483 1987 neque
3519 1928 3642 1966 eum

351 2008 592 2078 ἀγάπης,
628 2004 755 2059 τότε
809 2003 905 2057 καὶ
955 2000 1140 2064 αὐτοῖς
1193 1999 1462 2070 ἀσχήμων
1494 1997 1828 2069 ὀφθήσεται,
1862 2014 1949 2050 σαο

352 2098 455 2171 opp
486 2098 580 2151 καὶ
613 2095 901 2160 κολάζοντι
932 2092 1008 2164 νῷ
1037 2091 1386 2146 διαπτύσασα
1409 2091 1506 2145 καὶ
1538 2089 1757 2154 αὐτούς.
1778 2090 1948 2143 Ὅσον

351 2192 446 2263 γάρ
472 2192 601 2262 ἥκει
653 2191 735 2252 εἰς
780 2190 843 2242 τὸ
889 2188 1118 2252 ἐκείνοις
1165 2185 1266 2255 ἡδὺ
1303 2185 1400 2239 καὶ
1456 2182 1653 2254 φίλον,
1690 2181 1944 2253 τληπαθῆ

354 2284 542 2355 μᾶλλιν
574 2281 820 2354 ὁρᾶσθαι
845 2281 982 2352 χρή.
1010 2280 1122 2333 Καὶ
1155 2276 1281 2331 οῦδὲ
1308 2277 1368 2329 ἐν
1404 2275 1595 2337 αὑταῖς
1622 2269 1792 2329 οὖσαν
1821 2275 1946 2337 ταῖς

351 2375 596 2447 ἐσχάταις
641 2374 976 2445 συμφοραῖς,
1008 2368 1118 2423 τῶν
1164 2368 1351 2432 αὐτοῖς
1385 2366 1686 2423 δοκούντων
1714 2364 1940 2418 ἐπιλαν-

350 2463 620 2517 θάνεσθαι.
650 2460 865 2515 Οὐκοῦν
902 2460 1029 2517 ὅσον
1057 2459 1187 2529 ἥκει
1221 2459 1302 2521 είς
1333 2456 1393 2511 τὺ
1437 2457 1665 2511 ἐκείνων
1702 2452 1937 2527 θέλημα,

350 2557 435 2611 καὶ
465 2556 600 2627 παρ’
632 2554 822 2618 αὐτοῖς
867 2552 1137 2622 ἀσχήμων
1164 2552 1193 2603 ὁ
1244 2550 1490 2622 Ἰσραὴλ,
1520 2548 1614 2613 οὓς
1651 2548 1942 2621 νενόμικεν

348 2647 475 2714 εἶναι
501 2648 697 2711 θεοὺς,
728 2646 792 2699 οῦ
835 2648 1000 2717 μέχρι
1030 2644 1237 2707 παντὸς
1264 2641 1489 2713 ἀγαπᾷν
1518 2642 1817 2713 ᾑρημένος.
1850 2643 1945 2697 Δο-
1988 2716 1989 2721 η

348 2744 426 2796 κεῖ
438 2741 492 2795 δέ
512 2758 606 2812 μοι
630 2738 801 2810 φάναι
832 2756 887 2792 τι
906 2736 1150 2791 τοιοῦτον
1166 2738 1194 2790 ὁ
1215 2735 1486 2807 μακάριος
1514 2734 1701 2799 Ἠλίας
1720 2750 1734 2765 ·
1768 2735 1946 2799 «Ἕως

349 2836 466 2889 πότε
494 2829 665 2905 ὑμεῖς
713 2832 1012 2903 χωλανεῖτε
1042 2831 1130 2884 ἐπ’
1166 2829 1513 2901 ἀμφοτέραις
1546 2831 1668 2892 ταῖς
1700 2827 1947 2896 ίγνύαις;

346 2926 533 2983 Είὲστι
562 2924 781 2996 Κύριος
819 2925 848 2978 ὀ
872 2924 1028 2988 Θεὸς,
1077 2920 1383 2994 πορεύεσθε
1436 2920 1615 2973 ὀπίσω
1649 2918 1838 2972 αὑτοῦ.
1888 2920 1955 2979 Εἰ

345 3020 396 3081 δέ
417 3023 445 3076 ὁ
466 3018 622 3075 Βάαλ
646 3017 831 3083 αὑτδς,
862 3015 1162 3087 πορεύεσθε
1194 3014 1370 3069 ὀπίσω
1401 3011 1566 3066 αὐτοῦ
1585 3028 1597 3040 ·
1614 3030 1632 3065 ι
1662 3010 1691 3064 ὃ
1718 3010 1955 3081 ἑτέρωθί

2047 2000 2275 2054 summis
2306 2002 2651 2057 conﬂictatur
2684 2004 2949 2071 miseriis,
2982 2020 3169 2059 eorum
3203 2020 3323 2081 qua:
3356 2004 3490 2074 ipsis
3523 2005 3643 2074 pla-

2047 2100 2171 2146 cent
2206 2090 2580 2147 obliviscatur.
2615 2094 2769 2162 Quod
2814 2111 2943 2169 ergo
2976 2096 3043 2151 ad
3086 2111 3273 2152 eorum
3310 2096 3643 2150 voluntatem

2046 2182 2262 2247 attinet,
2290 2183 2455 2237 etiam
2485 2185 2625 2254 apud
2658 2185 2805 2257 ipsos
2835 2202 2972 2260 quos
3000 2186 3206 2256 putavit
3235 2185 3368 2245 deos
3400 2200 3523 2240 esse
3550 2185 3647 2239 de-

2046 2272 2236 2330 formis
2265 2283 2349 2329 est
2379 2275 2566 2343 Israel,
2597 2279 2817 2349 quando
2846 2294 2940 2335 eos
2966 2279 3192 2348 diligere
3225 2278 3485 2334 cessavit.
3516 2269 3645 2341 Exi-

2047 2366 2214 2422 stimo
2264 2381 2427 2437 porro
2478 2369 2583 2425 tale
2615 2353 2895 2449 quidpiam
2928 2371 3128 2438 dixisse
3162 2370 3380 2437 beatum
3419 2369 3591 2424 Eliam
3625 2384 3641 2421 :

2053 2475 2072 2509 ι
2111 2456 2409 2533 Usquequo
2462 2478 2557 2517 vos
2587 2462 2968 2525 claudieabitis
3021 2463 3288 2519 ambobus
3351 2460 3646 2539 poplitibus

2045 2552 2283 2608 vestris?
2313 2552 2367 2608 Si
2400 2564 2484 2610 est
2513 2555 2776 2613 Dominus
2803 2555 2977 2624 Deus,
3014 2556 3090 2611 ite
3121 2566 3240 2627 post
3266 2570 3389 2622 eum
3423 2573 3437 2627 ;
3472 2555 3517 2609 si
3549 2570 3647 2608 au—

2042 2653 2151 2699 tem
2182 2643 2309 2701 Baal
2337 2656 2439 2712 est,
2469 2648 2543 2701 ite
2568 2658 2688 2717 post
2713 2665 2836 2703 eum
2858 2649 2927 2703 ".
2961 2667 2980 2701 ι
3009 2630 3160 2715 Quod
3185 2647 3312 2702 alibi
3336 2648 3411 2701 ait
3438 2661 3453 2699 :
3487 2664 3506 2697 ε
3540 2646 3647 2713 Aut

2044 2734 2175 2790 Baal
2202 2736 2350 2803 Baal,
2378 2750 2473 2793 aut
2498 2739 2609 2795 Deo
2640 2739 2772 2795 Deo.
2807 2759 2825 2791 ι
2859 2739 3140 2795 Neminem
3173 2746 3353 2792 autem
3386 2752 3479 2791 eos
3509 2736 3645 2792 libe-

2048 2844 2175 2885 rare
2214 2845 2394 2900 posse,
2429 2832 2519 2902 qui
2560 2832 2728 2889 semel
2773 2833 2825 2888 in
2870 2833 3008 2887 iram
3053 2831 3146 2886 Dei
3193 2829 3508 2896 inciderint,
3548 2847 3648 2886 nec

2052 2922 2295 2993 erigere,
2326 2934 2380 2977 et
2410 2924 2722 2980 instaurare
2748 2940 2907 2995 quem
2940 2925 3082 2982 Deus
3110 2926 3431 3005 projecerit,
3460 2935 3645 2979 osten~

2056 3012 2137 3068 dit
2168 3029 2291 3068 cum
2328 3015 2464 3069 dixit
2495 3034 2507 3070 :
2547 3034 2565 3067 ι
2604 3014 2775 3072 Nemo
2804 3029 2957 3072 eruet
2987 3033 3106 3085 eam
3142 3018 3207 3085 de
3239 3033 3405 3073 manu
3438 3032 3581 3073 mea.
3622 3035 3643 3069 ι

347 3130 525 3191 φησινιο
569 3134 589 3169 ι
619 3115 696 3167 ’Ἠ
728 3111 907 3177 Βάαλ9
938 3094 1179 3180 ⁷Βάαλ,ἢ
1209 3108 1331 3181 Θεῷ
1367 3106 1540 3178 Θεῷ.)
1574 3106 1699 3161 Ὅτι
1727 3106 1783 3159 δέ
1813 3105 1990 3173 οὐδεὶς
2027 3106 2358 3174 ἀπαλλάξειε
2387 3113 2514 3174 τοὺς
2555 3109 2706 3177 ἅπαξ
2752 3112 2857 3179 ὑπὸ
2908 3113 3059 3175 θείαν
3115 3115 3409 3189 γεγονότας
3453 3111 3645 3190 ὀργὴν,

342 3212 527 3267 οὐδ’ἂν
560 3206 838 3283 ὀρθώσειέ
863 3222 947 3269 τις
984 3203 1079 3258 τὸν
1109 3199 1553 3275 κατεῤῥιμμένον
1610 3195 1767 3268 παρά
1803 3194 1963 3260 Θεοῦ,
2043 3195 2282 3270 δέδειχεν
2326 3198 2499 3253 εἰπὼν
2530 3200 2609 3266 τὸ,
2661 3220 2679 3253 ι
2717 3203 2905 3267 Οὐδεὶς
2972 3202 3032 3255 οὐ
3072 3201 3148 3285 μὴ
3183 3203 3433 3276 ἐξέληται
3478 3203 3653 3274 αὐτην

346 3315 403 3366 ἐκ
424 3303 607 3374 χειρός
648 3318 772 3372 μου.
812 3318 832 3350 ι

408 3397 512 3452 Καὶ
554 3390 937 3460 ἀποστρέψει)
983 3386 1186 3453 πάσας
1240 3387 1347 3466 τᾲς
1395 3382 1781 3453 εὐφροσύνας
1832 3382 1938 3435 αὐ-

2282 3383 2446 3439 Vcns.
2480 3386 2566 3439 ll.
2611 3384 2681 3439 Et
2725 3399 2959 3442 avertam
3018 3403 3196 3443 onum
3267 3387 3482 3443 (milia:
3510 3391 3647 3461 ejus,

346 3490 463 3558 τῆς,
488 3488 710 3557 ἑορτὰς
750 3483 966 3559 αὐτῆς,
1002 3481 1099 3537 καὶ
1128 3480 1235 3545 τὰς
1266 3477 1599 3547 νουμηνίας
1622 3471 1948 3543 αὺτῆς,καὶ

345 3586 409 3639 τὰ
444 3582 725 3636 Σάϐϐατα
771 3575 984 3644 αὐτῆς,
1022 3574 1119 3629 καὶ
1161 3572 1367 3637 πάσας
1418 3572 1526 3634 τὰς
1578 3567 1948 3639 πανηγύρεις

346 3675 547 3741 αὐτῆς.

431 3768 531 3822 ΙΘ’.
574 3766 647 3819 Οἱ
694 3762 806 3834 γὰρ
848 3762 985 3824 ὅλως
1027 3760 1141 3821 τοῖς
1174 3756 1319 3810 οὕτω
1369 3754 1626 3825 σκληροῖς
1676 3753 1771 3805 καὶ
1805 3751 1947 3821 ἀφύ-

346 3876 482 3922 κτοις
520 3852 917 3926 ἐνειλημμένοι
949 3852 1162 3912 κακοῖς.
1188 3848 1262 3911 ὡς
1302 3844 1396 3899 καὶ
1442 3847 1548 3898 ὑπὸ
1595 3846 1753 3916 χεῖρα
1787 3845 1942 3913 γενέ·

345 3951 461 4005 σθαι
491 3945 868 4020 βαρϐαρικὴν,
895 3946 990 3998 καὶ
1020 3944 1078 3995 ἐν
1104 3940 1451 4011 δορυκτήτων
1486 3937 1652 4010 μοίρᾳ
1675 3936 1950 3990 δουλεύειν

346 4040 572 4111 ἐχθροῖς,
600 4037 728 4101 πῶς
761 4035 828 4090 ἂν
870 4033 1224 4105 έορτὰσειαν;
1259 4031 1329 4083 Ἢ
1364 4031 1516 4091 ποῖον
1545 4029 1612 4082 ἂν
1644 4028 1819 4097 ἔχοιεν
1860 4028 1951 4081 εύ-

251 4162 259 4174 ο
346 4132 618 4203 φροσύνης
666 4128 881 4200 καιρὸν,
926 4128 974 4179 oi
1007 4128 1126 4189 ταῖς
1168 4123 1310 4177 οὕτω
1354 4121 1633 4193 δριμείαις
1674 4121 1952 4192 κατηχθη-

351 4224 493 4293 μένοι
521 4222 806 4295 φροντίσι,
840 4220 935 4283 καὶ
965 4218 1262 4289 ἀφορήτοις
1295 4213 1495 4277 λύπαις
1529 4214 1947 4283 ἐντετηγμένοις

346 4317 551 4381 Καίτοι,
597 4316 724 4377 πῶς
753 4314 855 4371 οὐκ
880 4312 1104 4382 ἄμεινον
1138 4312 1316 4364 ἐκεῖνο
1346 4311 1508 4374 νοεῖν,
1542 4306 1617 4369 ὡς
1646 4307 1848 4378 πρέποι
1884 4305 1952 4359 ἂν

349 4410 543 4485 μᾶλλον
592 4409 713 4470 τοῖς
756 4407 837 4469 είς
886 4404 1045 4463 τοῦτο
1082 4400 1457 4473 ταλαιπωρίας
1525 4399 1949 4469 ἐνηνεγμένοις,

346 4504 686 4573 ἀνακραγεῖν
712 4498 774 4552 τὸ
797 4498 886 4552 διὰ
913 4497 1013 4565 τῆς
1044 4494 1139 4548 τοῦ
1172 4494 1484 4556 Ψάλλοντος
1509 4492 1680 4563 λύρας
1706 4488 1767 4544 εῦ
1807 4489 1951 4561 μάλα

348 4590 890 4664 παραφωνούμενον·
932 4607 951 4637 ι
995 4586 1120 4639 Ἐπὶ
1168 4585 1278 4638 τῶν
1330 4582 1596 4652 ποταμῶν
1632 4580 1952 4642 Βαϐυλῶνος

346 4686 459 4749 ἐκεῖ
485 4684 855 4753 ἐκαθίσαμέν,
902 4680 999 4734 καὶ
1032 4676 1400 4747 ἐκλαύσαμεν,
1429 4676 1486 4728 ἐν
1527 4673 1605 4744 τῷ
1642 4670 1951 4752 μνησθῆναι

2049 3480 2409 3534 solemnitate:
2431 3482 2546 3547 eius
2584 3492 2631 3535 et
2664 3483 2964 3545 neomenias
2997 3482 3197 3555 ejus,et
3230 3478 3461 3536 Sabbata
3494 3485 3609 3552 σέρις
3630 3526 3648 3550 ,

2049 3580 2098 3624 et
2131 3583 2348 3626 cunctas
2374 3572 2679 3645 festivitates
2705 3573 2843 3643 ejus,

2122 3748 2266 3804 XIX.
2320 3748 2420 3817 Qui
2470 3753 2615 3805 enim
2687 3768 2909 3822 prorsus
2982 3755 3119 3816 adeo
3164 3756 3322 3819 smvis
3379 3766 3429 3819 ct
3472 3757 3648 3811 inelu-

2052 3842 2341 3896 ctabilibus
2380 3842 2726 3912 circumsepti
2753 3856 2910 3897 erant
2940 3845 3315 3912 inconnnodis,
3354 3857 3408 3901 ul
3432 3857 3484 3901 et
3521 3850 3649 3915 bar-

2052 3932 2201 3987 baris
2245 3933 2472 3999 subjecti
2520 3944 2723 4000 essent,
2753 3945 2809 3988 et
2859 3942 2915 3988 ut
2951 3934 3091 3989 bello
3148 3936 3291 4007 Capti
3355 3941 3646 4005 servirent,

2054 4026 2325 4094 quomodo
2386 4025 2579 4079 festum
2644 4025 3163 4081 celebrarent?aut
3231 4042 3393 4097 quam
3452 4028 3650 4085 lmtitia:

2054 4118 2515 4189 Opportunilatem
2555 4117 2851 4184 haberent,
2896 4119 2986 4193 qui
3046 4127 3154 4172 tam
3207 4120 3427 4175 acribus
3501 4124 3648 4177 curis

2056 4212 2413 4276 vexabantur,
2448 4220 2501 4265 et
2535 4210 2885 4275 intolerandis
2932 4209 3344 4279 a‘gritudinibus
3391 4212 3650 4266 contabe-

2057 4302 2285 4357 scebant
2313 4301 2335 4354 ?
2366 4300 2711 4377 Quanquam,
2765 4314 2863 4354 cur
2903 4314 3007 4353 non
3059 4300 3309 4355 malimus
3342 4302 3412 4355 ita
3456 4303 3649 4357 intelli-

2057 4408 2207 4465 gere,
2246 4394 2485 4457 futurum
2542 4405 2601 4448 ut
2644 4394 2807 4455 tantis
2835 4392 3094 4448 aerumnis
3163 4394 3339 4459 obruti
3393 4411 3495 4451 non
3553 4397 3649 4452 ab-

2057 4482 2223 4539 surde
2264 4482 2594 4545 exclament,
2626 4482 2768 4551 quod
2812 4479 3009 4535 Psaltze
3041 4481 3153 4552 lyra
3176 4484 3461 4539 verissime
3517 4485 3649 4556 ipsis

2057 4574 2325 4628 accinuit:
2350 4592 2367 4624 ι
2401 4574 2577 4640 Super
2599 4574 2819 4628 lluinina
2853 4558 3144 4643 Babylonis
3175 4574 3283 4629 illic
3308 4575 3569 4643 sedimus,
3598 4589 3654 4630 et

2058 4664 2305 4720 ﬂevilmts
2324 4708 2337 4732 ,
2379 4667 2504 4721 dum
2550 4668 2967 4721 recordaremur
3004 4665 3100 4734 lui,
3131 4664 3262 4721 Sion
3286 4663 3364 4716 ’3?
3392 4682 3410 4715 ι
3436 4665 3503 4721 Ει
3522 4667 3651 4723 licet.

347 4778 491 4847 ἡμᾶς
550 4777 657 4848 τῆς
711 4772 887 4841 Σιών;
926 4790 945 4824 ι
1005 4769 1451 4840 Ἀνεπιτήδευτον
1480 4766 1538 4819 δέ
1570 4764 1851 4828 παντελῶς
1894 4763 1948 4818 τὸ

2062 4757 2215 4813 festis
2263 4758 2551 4813 actitandis
2602 4757 2800 4811 nullam
2860 4758 3075 4827 penitus
3126 4774 3348 4830 operam
3412 4759 3650 4827 darent,

345 4868 631 4939 ἑορτάζειν
660 4864 905 4936 ἔχοντες,
931 4860 1087 4915 οὐδὲν
1117 4854 1281 4933 ἦττον
1312 4872 1477 4928 φασι⁶
1515 4875 1533 4908 ι
1565 4856 1689 4919 Πῶς
1730 4854 1954 4927 ᾀσωμεν

349 4959 441 5030 τὴν
467 4959 617 5031 ᾠδὴν
648 4956 858 5027 Κυρίου
883 4953 975 5005 ἐπὶ
1002 4952 1105 5022 γῆς
1134 4950 1483 5021 ἀλλοτρίας;ι
1522 4947 1638 5001 Οὐκ
1661 4945 1950 5014 ἐφιέντων,

349 5049 499 5125 οἶμαί
534 5070 671 5117 που,
703 5050 812 5102 τῶν
837 5044 1196 5101 Βαϐυλωνίων
1218 5043 1317 5107 τὰς
1346 5040 1744 5112 νενομισμένοις
1775 5038 1960 5103 αὐτοῖς

350 5146 632 5217 λατρείας,
664 5143 759 5203 καὶ
786 5141 856 5193 τὰ
883 5140 1021 5193 οἴκοι
1057 5138 1187 5209 φίλα
1221 5154 1281 5189 τε
1328 5134 1425 5198 καὶ
1454 5134 1531 5197 ὡς
1570 5135 1627 5186 ἐν
1666 5132 1777 5186 ἔθει
1822 5131 1959 5201 πλη-ο

353 5233 496 5305 ροῦν.
530 5231 679 5285 Ἀλλ’
707 5229 838 5292 ἴσως
861 5229 1039 5282 ἐκεῖνο
1061 5229 1178 5297 ἐρεῖ
1202 5242 1286 5289 τις
1306 5240 1319 5255 '
1347 5225 1407 5276 Εί
1434 5222 1569 5295 πρὸς
1591 5222 1651 5275 τὸ
1677 5220 1961 5293 λατρεύειν

352 5326 595 5388 εἰδώλοις
635 5322 1001 5375 άπονένευκεν
1034 5322 1063 5374 ὁ
1101 5314 1339 5388 Ἰσραὴλ,
1374 5314 1490 5377 πῶς
1525 5313 1591 5367 ἂν
1630 5312 1707 5384 μὴ
1740 5312 1833 5366 καὶ
1861 5312 1959 5365 αύ-

352 5417 457 5471 τῶν
504 5415 658 5469 κατὰ
689 5414 855 5484 νόμον
900 5411 1125 5484 ἐορτῶν,
1160 5406 1459 5463 Σαϐϐάτων
1508 5422 1565 5457 τε
1612 5406 1704 5457 καὶ
1756 5421 1959 5474 νουμη-

354 5510 513 5576 ’σιῶνς
546 5505 701 5578 Πρὸς
731 5505 797 5575 δὴ
831 5504 990 5558 τοῦτο
1023 5501 1225 5573 φαμὲν,
1253 5498 1337 5552 ὅτι
1366 5496 1708 5568 παρώλισθον
1738 5495 1837 5565 μὲν
1861 5496 1959 5565 τῆς

355 5600 431 5662 είς
455 5597 594 5652 Θεὸν
632 5596 875 5666 ἀγάπης,
930 5595 1025 5649 καὶ
1060 5590 1541 5664 προσκεκυνήκασι
1575 5586 1655 5657 τῷ
1683 5586 1830 5640 Βάαλ
1864 5587 1959 5639 καὶ

355 5690 473 5751 ταῖς
513 5686 788 5755 δαμάλεσι
848 5687 967 5748 ταῖς
1012 5683 1277 5754 χρυσαῖς,
1322 5679 1382 5730 οὐ
1422 5677 1528 5747 μὴν
1577 5676 1807 5729 είσάπαν
1854 5676 1958 5728 ἁπ-

427 5871 470 5907 ι¹¹
510 5870 580 5927 lli
618 5868 748 5937 Reg.
782 5880 941 5930 xvut,
968 5867 1060 5922 2|.
1121 5860 1167 5893 ’⁸
1200 5856 1343 5916 Psal.
1373 5870 1595 5913 cxxxvr.
1628 5856 1672 5908 I.

695 5963 968 6022 Parnm"
1018 5958 1064 6017 (ἶ
1079 5978 1134 6018 ιι.
1188 5950 1376 6023 LXXI
1391 5996 1403 6009 .

2061 4849 2177 4918 lege
2211 4851 2449 4907 sancitas
2486 4849 2537 4902 in
2569 4850 2752 4907 divino
2798 4850 2943 4905 cultu
3009 4851 3387 4917 acrimonias,
3432 4863 3485 4907 et
3528 4870 3648 4923 qua:

2060 4941 2205 4996 domi
2241 4952 2394 5012 grata
2429 4952 2483 4995 ct
2532 4942 2729 4996 usitata
2775 4944 3047 5009 obibant,
3073 4943 3405 5013 Babyloniis,
3459 4949 3646 5012 credo,

2062 5049 2169 5095 non
2198 5033 2636 5101 permittentibus
2683 5050 2696 5085 :
2737 5034 3089 5089 nihilominus
3107 5034 3344 5091 aiunt":
3367 5056 3386 5089 σ
3406 5030 3643 5102 Quomo-

2065 5133 2132 5182 do
2164 5129 2506 5183 eautabimus
2537 5130 2803 5184 canticum
2835 5130 3046 5186 Domini
3108 5134 3161 5188 in
3205 5145 3347 5188 terra
3381 5134 3596 5188 aliena?
3626 5155 3643 5185 ι

2066 5216 2173 5270 Sed
2246 5216 2473 5270 forsitan
2546 5219 2768 5286 objiciet
2839 5222 3108 5291 quispiam
3143 5242 3155 5279 :
3196 5223 3252 5279 Si
3300 5226 3365 5277 ad
3421 5225 3646 5279 colenda

2066 5308 2206 5363 idola
2245 5309 2531 5365 declinavit
2565 5311 2749 5379 Israel,
2776 5318 3048 5383 quomodo
3073 5332 3177 5371 non
3210 5318 3374 5371 etiam
3418 5317 3488 5371 ab
3514 5317 3648 5386 ipsis

2067 5399 2219 5454 festis
2287 5401 2406 5470 lege
2440 5401 2727 5471 institutis,
2782 5416 2836 5461 et
2880 5406 3157 5472 Sabbatis,
3191 5417 3246 5462 et
3308 5409 3651 5464 ncomcniis?

2065 5493 2498 5564 Respondemus,
2538 5496 2847 5567 prolapsum
2899 5499 3115 5567 quidem
3173 5515 3296 5555 esse
3324 5515 3354 5556 a
3384 5502 3654 5558 ebaritatc

2065 5587 2117 5641 in
2156 5587 2418 5652 ῐ)ι·ιιιη,οι
2458 5589 2719 5645 adorasse
2753 5589 2875 5642 Baal
2913 5599 2968 5643 et
3003 5591 3199 5647 vitulos
3234 5609 3434 5649 aureos
3478 5613 3513 5665 εἴ
3546 5609 3650 5648 non

2062 5689 2240 5733 tamen
2270 5681 2451 5734 omnia
2498 5697 2595 5751 per
2644 5681 2859 5753 Moysen
2904 5685 3110 5749 sancita
3165 5687 3496 5755 repudiaSsc.
3541 5687 3653 5743 lmo

1754 5854 1797 5885 ⁴²⁹
1833 5855 1963 5909 ibid.
1997 5855 2049 5911 4.

3204 5950 3243 6017 .3
