  <div class='ocr_page' id='page_1' title='image "/cluster/home/n/w/nwhite01/storage/ocr_20150623/71:no.4/coo.31924054869718/045.png"; bbox 0 0 4094 6528; ppageno 0'>
   <div class='ocr_carea' id='block_1_1' title="bbox 503 432 3778 494">
    <p class='ocr_par' dir='ltr' id='par_1_1' title="bbox 503 432 3778 494">
     <span class='ocr_line' id='line_1_1' title="bbox 503 432 3778 494; baseline -0.001 0"><span class='ocrx_word' id='word_1_1' title='bbox 503 435 577 494; x_wconf 74' lang='lat'><strong>75</strong></span> <span class='ocrx_word' id='word_1_2' title='bbox 1511 436 1569 490; x_wconf 90' lang='lat' dir='ltr'><strong>S.</strong></span> <span class='ocrx_word' id='word_1_3' title='bbox 1614 432 1888 490; x_wconf 77' lang='lat' dir='ltr'><strong>CYRILLI</strong></span> <span class='ocrx_word' id='word_1_4' title='bbox 1930 433 2397 489; x_wconf 69' lang='lat' dir='ltr'><strong>ALEXANDRINI</strong></span> <span class='ocrx_word' id='word_1_5' title='bbox 2443 433 2762 491; x_wconf 73' lang='lat' dir='ltr'><strong>ARCHIEP.</strong></span> <span class='ocrx_word' id='word_1_6' title='bbox 3709 437 3778 493; x_wconf 79' lang='lat'>76</span> 
     </span>
    </p>
   </div>
   <div class='ocr_carea' id='block_1_2' title="bbox 497 555 2087 629">
    <p class='ocr_par' dir='ltr' id='par_1_2' title="bbox 497 555 2081 627">
     <span class='ocr_line' id='line_1_2' title="bbox 497 555 2081 627; baseline -0.003 -15"><span class='ocrx_word' id='word_1_7' title='bbox 497 560 926 626; x_wconf 78' lang='lat' dir='ltr'><strong>perseverabant</strong></span> <span class='ocrx_word' id='word_1_8' title='bbox 963 557 1226 612; x_wconf 88' lang='lat' dir='ltr'><strong>ambobus</strong></span> <span class='ocrx_word' id='word_1_9' title='bbox 1259 555 1555 627; x_wconf 79' lang='lat' dir='ltr'><strong>poplitibus</strong></span> <span class='ocrx_word' id='word_1_10' title='bbox 1595 555 1965 610; x_wconf 86' lang='lat' dir='ltr'><strong>claudicantes</strong></span> <span class='ocrx_word' id='word_1_11' title='bbox 2001 556 2081 608; x_wconf 91' lang='lat' dir='ltr'><strong>in-</strong></span> 
     </span>
    </p>
   </div>
   <div class='ocr_carea' id='block_1_3' title="bbox 2188 555 3780 629">
    <p class='ocr_par' dir='ltr' id='par_1_3' title="bbox 2189 556 3780 629">
     <span class='ocr_line' id='line_1_3' title="bbox 2189 556 3780 629; baseline 0.003 -21"><span class='ocrx_word' id='word_1_12' title='bbox 2189 556 2399 610; x_wconf 84' lang='grc' dir='ltr'>ὡσαντο</span> <span class='ocrx_word' id='word_1_13' title='bbox 2423 557 2597 624; x_wconf 69' lang='grc' dir='ltr'>τὰβιά</span> <span class='ocrx_word' id='word_1_14' title='bbox 2618 557 2876 620; x_wconf 83' lang='grc' dir='ltr'>Μωσέως.</span> <span class='ocrx_word' id='word_1_15' title='bbox 2901 556 3178 611; x_wconf 78' lang='grc' dir='ltr'><strong>Διετέλουν</strong></span> <span class='ocrx_word' id='word_1_16' title='bbox 3208 557 3263 611; x_wconf 83' lang='grc' dir='ltr'><strong>δέ</strong></span> <span class='ocrx_word' id='word_1_17' title='bbox 3289 557 3488 629; x_wconf 80' lang='grc' dir='ltr'>μᾶλλον</span> <span class='ocrx_word' id='word_1_18' title='bbox 3515 556 3780 629; x_wconf 78' lang='grc' dir='ltr'>ἐπ’άμφω</span> 
     </span>
    </p>
   </div>
   <div class='ocr_carea' id='block_1_4' title="bbox 501 646 2086 718">
    <p class='ocr_par' dir='ltr' id='par_1_4' title="bbox 501 646 2086 718">
     <span class='ocr_line' id='line_1_4' title="bbox 501 646 2086 718; baseline -0.001 -16"><span class='ocrx_word' id='word_1_19' title='bbox 501 649 721 713; x_wconf 78' lang='lat' dir='ltr'><strong>cedere,</strong></span> <span class='ocrx_word' id='word_1_20' title='bbox 753 647 903 718; x_wconf 79' lang='lat' dir='ltr'><strong>juxta</strong></span> <span class='ocrx_word' id='word_1_21' title='bbox 932 649 1203 718; x_wconf 59' lang='lat' dir='ltr'><strong>proiiheta:</strong></span> <span class='ocrx_word' id='word_1_22' title='bbox 1235 663 1420 704; x_wconf 86' lang='lat' dir='ltr'><strong>vocem</strong></span> <span class='ocrx_word' id='word_1_23' title='bbox 1449 649 1516 715; x_wconf 74' lang='grc'><strong>³⁸,</strong></span> <span class='ocrx_word' id='word_1_24' title='bbox 1547 659 1604 701; x_wconf 80' lang='grc' dir='ltr'><strong>ιιι</strong></span> <span class='ocrx_word' id='word_1_25' title='bbox 1637 662 1813 716; x_wconf 89' lang='lat' dir='ltr'><strong>neque</strong></span> <span class='ocrx_word' id='word_1_26' title='bbox 1845 646 1967 699; x_wconf 65' lang='grc' dir='ltr'>Βωιί</span> <span class='ocrx_word' id='word_1_27' title='bbox 1997 648 2086 700; x_wconf 83' lang='lat' dir='ltr'><strong>ab-</strong></span> 
     </span>
    </p>
   </div>
   <div class='ocr_carea' id='block_1_5' title="bbox 507 738 2088 810">
    <p class='ocr_par' dir='ltr' id='par_1_5' title="bbox 507 738 2088 810">
     <span class='ocr_line' id='line_1_5' title="bbox 507 738 2088 810; baseline -0.001 -17"><span class='ocrx_word' id='word_1_28' title='bbox 507 739 705 807; x_wconf 73' lang='lat' dir='ltr'><strong>sdlute,</strong></span> <span class='ocrx_word' id='word_1_29' title='bbox 741 755 915 808; x_wconf 87' lang='lat' dir='ltr'><strong>neque</strong></span> <span class='ocrx_word' id='word_1_30' title='bbox 953 741 1116 795; x_wconf 89' lang='lat' dir='ltr'><strong>Deum</strong></span> <span class='ocrx_word' id='word_1_31' title='bbox 1168 741 1544 795; x_wconf 82' lang='lat' dir='ltr'><strong>universorum</strong></span> <span class='ocrx_word' id='word_1_32' title='bbox 1595 754 1730 810; x_wconf 89' lang='lat' dir='ltr'><strong>pure</strong></span> <span class='ocrx_word' id='word_1_33' title='bbox 1758 753 1822 793; x_wconf 83' lang='lat' dir='ltr'><strong>ac</strong></span> <span class='ocrx_word' id='word_1_34' title='bbox 1875 738 2088 792; x_wconf 83' lang='lat' dir='ltr'><strong>sincere</strong></span> 
     </span>
    </p>
   </div>
   <div class='ocr_carea' id='block_1_6' title="bbox 510 828 2087 898">
    <p class='ocr_par' dir='ltr' id='par_1_6' title="bbox 510 828 2087 898">
     <span class='ocr_line' id='line_1_6' title="bbox 510 828 2087 898; baseline -0.002 -14"><span class='ocrx_word' id='word_1_35' title='bbox 510 831 704 885; x_wconf 77' lang='lat' dir='ltr'><strong>vellent</strong></span> <span class='ocrx_word' id='word_1_36' title='bbox 743 833 994 888; x_wconf 88' lang='lat' dir='ltr'><strong>adorare.</strong></span> <span class='ocrx_word' id='word_1_37' title='bbox 1032 831 1395 898; x_wconf 82' lang='lat' dir='ltr'><strong>Quamobrem</strong></span> <span class='ocrx_word' id='word_1_38' title='bbox 1444 839 1500 886; x_wconf 89' lang='lat' dir='ltr'><strong>et</strong></span> <span class='ocrx_word' id='word_1_39' title='bbox 1561 829 1720 896; x_wconf 81' lang='lat' dir='ltr'><strong>festa,</strong></span> <span class='ocrx_word' id='word_1_40' title='bbox 1748 837 1803 884; x_wconf 90' lang='lat' dir='ltr'><strong>et</strong></span> <span class='ocrx_word' id='word_1_41' title='bbox 1854 828 2087 884; x_wconf 85' lang='lat' dir='ltr'><strong>celebri-</strong></span> 
     </span>
    </p>
   </div>
   <div class='ocr_carea' id='block_1_7' title="bbox 509 920 2087 990">
    <p class='ocr_par' dir='ltr' id='par_1_7' title="bbox 509 920 2087 990">
     <span class='ocr_line' id='line_1_7' title="bbox 509 920 2087 990; baseline -0.002 -14"><span class='ocrx_word' id='word_1_42' title='bbox 509 933 670 989; x_wconf 71' lang='lat' dir='ltr'><strong>tates,</strong></span> <span class='ocrx_word' id='word_1_43' title='bbox 699 932 751 977; x_wconf 89' lang='lat' dir='ltr'><strong>et</strong></span> <span class='ocrx_word' id='word_1_44' title='bbox 809 923 1044 990; x_wconf 68' lang='lat' dir='ltr'><strong>laetitias,</strong></span> <span class='ocrx_word' id='word_1_45' title='bbox 1074 933 1130 978; x_wconf 91' lang='lat' dir='ltr'><strong>et</strong></span> <span class='ocrx_word' id='word_1_46' title='bbox 1175 923 1412 978; x_wconf 86' lang='lat' dir='ltr'><strong>Sabbata</strong></span> <span class='ocrx_word' id='word_1_47' title='bbox 1470 921 1792 987; x_wconf 89' lang='lat' dir='ltr'><strong>amiserunt,</strong></span> <span class='ocrx_word' id='word_1_48' title='bbox 1824 934 1924 975; x_wconf 92' lang='lat' dir='ltr'><strong>nec</strong></span> <span class='ocrx_word' id='word_1_49' title='bbox 1979 920 2087 974; x_wconf 90' lang='lat' dir='ltr'><strong>Deo</strong></span> 
     </span>
    </p>
   </div>
   <div class='ocr_carea' id='block_1_8' title="bbox 507 1011 2088 1087">
    <p class='ocr_par' dir='ltr' id='par_1_8' title="bbox 507 1011 2088 1087">
     <span class='ocr_line' id='line_1_8' title="bbox 507 1011 2088 1087; baseline -0.001 -18"><span class='ocrx_word' id='word_1_50' title='bbox 507 1016 758 1087; x_wconf 79' lang='lat' dir='ltr'><strong>permissi</strong></span> <span class='ocrx_word' id='word_1_51' title='bbox 788 1015 1025 1087; x_wconf 84' lang='lat' dir='ltr'><strong>legitima</strong></span> <span class='ocrx_word' id='word_1_52' title='bbox 1057 1015 1388 1085; x_wconf 85' lang='lat' dir='ltr'><strong>persolvere,</strong></span> <span class='ocrx_word' id='word_1_53' title='bbox 1417 1029 1591 1086; x_wconf 89' lang='lat' dir='ltr'><strong>neque</strong></span> <span class='ocrx_word' id='word_1_54' title='bbox 1617 1013 1747 1069; x_wconf 83' lang='lat' dir='ltr'><strong>Baal</strong></span> <span class='ocrx_word' id='word_1_55' title='bbox 1793 1028 1929 1084; x_wconf 91' lang='lat' dir='ltr'><strong>quos</strong></span> <span class='ocrx_word' id='word_1_56' title='bbox 1955 1011 2088 1067; x_wconf 83' lang='lat' dir='ltr'><strong>sole-</strong></span> 
     </span>
    </p>
   </div>
   <div class='ocr_carea' id='block_1_9' title="bbox 509 1109 1435 1178">
    <p class='ocr_par' dir='ltr' id='par_1_9' title="bbox 509 1109 1435 1178">
     <span class='ocr_line' id='line_1_9' title="bbox 509 1109 1435 1178; baseline 0 -17"><span class='ocrx_word' id='word_1_57' title='bbox 509 1109 638 1162; x_wconf 84' lang='lat' dir='ltr'><strong>bant</strong></span> <span class='ocrx_word' id='word_1_58' title='bbox 666 1109 834 1163; x_wconf 82' lang='lat' dir='ltr'><strong>festos</strong></span> <span class='ocrx_word' id='word_1_59' title='bbox 859 1117 1159 1163; x_wconf 87' lang='lat' dir='ltr'><strong>conventus</strong></span> <span class='ocrx_word' id='word_1_60' title='bbox 1195 1117 1435 1178; x_wconf 83' lang='lat' dir='ltr'><strong>agentes.</strong></span> 
     </span>
    </p>
   </div>
   <div class='ocr_carea' id='block_1_10' title="bbox 577 1280 2086 1356">
    <p class='ocr_par' dir='ltr' id='par_1_10' title="bbox 577 1280 2086 1356">
     <span class='ocr_line' id='line_1_10' title="bbox 577 1280 2086 1356; baseline -0.005 -14"><span class='ocrx_word' id='word_1_61' title='bbox 577 1288 762 1343; x_wconf 81' lang='lat' dir='ltr'><strong>Potest</strong></span> <span class='ocrx_word' id='word_1_62' title='bbox 789 1288 894 1343; x_wconf 87' lang='lat' dir='ltr'><strong>hoc</strong></span> <span class='ocrx_word' id='word_1_63' title='bbox 925 1298 978 1342; x_wconf 91' lang='lat' dir='ltr'><strong>et</strong></span> <span class='ocrx_word' id='word_1_64' title='bbox 1020 1286 1207 1353; x_wconf 81' lang='lat' dir='ltr'><strong>aliam,</strong></span> <span class='ocrx_word' id='word_1_65' title='bbox 1235 1297 1465 1356; x_wconf 85' lang='lat' dir='ltr'><strong>eamque</strong></span> <span class='ocrx_word' id='word_1_66' title='bbox 1521 1297 1732 1348; x_wconf 86' lang='lat' dir='ltr'><strong>veram,</strong></span> <span class='ocrx_word' id='word_1_67' title='bbox 1764 1289 1820 1337; x_wconf 85' lang='lat' dir='ltr'><strong>et</strong></span> <span class='ocrx_word' id='word_1_68' title='bbox 1870 1280 2086 1352; x_wconf 81' lang='lat' dir='ltr'><strong>aptissi-</strong></span> 
     </span>
    </p>
   </div>
   <div class='ocr_carea' id='block_1_11' title="bbox 509 1371 2090 1438">
    <p class='ocr_par' dir='ltr' id='par_1_11' title="bbox 509 1371 2090 1438">
     <span class='ocr_line' id='line_1_11' title="bbox 509 1371 2090 1438; baseline -0.007 -4"><span class='ocrx_word' id='word_1_69' title='bbox 509 1397 650 1434; x_wconf 88' lang='lat' dir='ltr'><strong>tnam</strong></span> <span class='ocrx_word' id='word_1_70' title='bbox 683 1381 883 1434; x_wconf 87' lang='lat' dir='ltr'><strong>habere</strong></span> <span class='ocrx_word' id='word_1_71' title='bbox 904 1378 1253 1433; x_wconf 85' lang='lat' dir='ltr'><strong>sententiam.</strong></span> <span class='ocrx_word' id='word_1_72' title='bbox 1292 1375 1632 1430; x_wconf 72' lang='lat' dir='ltr'><strong>Recedentes</strong></span> <span class='ocrx_word' id='word_1_73' title='bbox 1662 1387 1692 1427; x_wconf 86' lang='lat' dir='ltr'><strong>a</strong></span> <span class='ocrx_word' id='word_1_74' title='bbox 1722 1372 1853 1438; x_wconf 88' lang='lat' dir='ltr'><strong>Deo,</strong></span> <span class='ocrx_word' id='word_1_75' title='bbox 1889 1383 1944 1426; x_wconf 92' lang='lat' dir='ltr'><strong>et</strong></span> <span class='ocrx_word' id='word_1_76' title='bbox 1967 1371 2090 1425; x_wconf 87' lang='lat' dir='ltr'><strong>cha-</strong></span> 
     </span>
    </p>
   </div>
   <div class='ocr_carea' id='block_1_12' title="bbox 508 1462 2090 1542">
    <p class='ocr_par' dir='ltr' id='par_1_12' title="bbox 508 1462 2090 1542">
     <span class='ocr_line' id='line_1_12' title="bbox 508 1462 2090 1542; baseline -0.006 -16"><span class='ocrx_word' id='word_1_77' title='bbox 508 1474 722 1526; x_wconf 86' lang='lat' dir='ltr'><strong>ritatem</strong></span> <span class='ocrx_word' id='word_1_78' title='bbox 771 1471 888 1542; x_wconf 77' lang='lat' dir='ltr'><strong>ejus</strong></span> <span class='ocrx_word' id='word_1_79' title='bbox 933 1477 1276 1540; x_wconf 87' lang='lat' dir='ltr'><strong>aspernatos,</strong></span> <span class='ocrx_word' id='word_1_80' title='bbox 1308 1480 1533 1522; x_wconf 87' lang='lat' dir='ltr'><strong>necesse</strong></span> <span class='ocrx_word' id='word_1_81' title='bbox 1569 1473 1652 1520; x_wconf 91' lang='lat' dir='ltr'><strong>est</strong></span> <span class='ocrx_word' id='word_1_82' title='bbox 1674 1462 1877 1518; x_wconf 85' lang='lat' dir='ltr'><strong>tristari</strong></span> <span class='ocrx_word' id='word_1_83' title='bbox 1931 1472 1982 1516; x_wconf 91' lang='lat' dir='ltr'><strong>et</strong></span> <span class='ocrx_word' id='word_1_84' title='bbox 2022 1462 2090 1516; x_wconf 87' lang='lat' dir='ltr'><strong>ab</strong></span> 
     </span>
    </p>
   </div>
   <div class='ocr_carea' id='block_1_13' title="bbox 505 1554 2088 1632">
    <p class='ocr_par' dir='ltr' id='par_1_13' title="bbox 505 1554 2088 1632">
     <span class='ocr_line' id='line_1_13' title="bbox 505 1554 2088 1632; baseline -0.006 -15"><span class='ocrx_word' id='word_1_85' title='bbox 505 1564 652 1617; x_wconf 79' lang='lat' dir='ltr'><strong>omni</strong></span> <span class='ocrx_word' id='word_1_86' title='bbox 686 1562 969 1618; x_wconf 69' lang='lat' dir='ltr'><strong>hilaritate</strong></span> <span class='ocrx_word' id='word_1_87' title='bbox 1003 1560 1271 1632; x_wconf 85' lang='lat' dir='ltr'><strong>refugere.</strong></span> <span class='ocrx_word' id='word_1_88' title='bbox 1305 1577 1326 1610; x_wconf 75' lang='grc' dir='ltr'><strong>ι</strong></span> <span class='ocrx_word' id='word_1_89' title='bbox 1353 1557 1468 1612; x_wconf 84' lang='grc' dir='ltr'>Νοιι</span> <span class='ocrx_word' id='word_1_90' title='bbox 1515 1557 1663 1612; x_wconf 89' lang='lat' dir='ltr'><strong>enim</strong></span> <span class='ocrx_word' id='word_1_91' title='bbox 1709 1565 1792 1611; x_wconf 87' lang='lat' dir='ltr'><strong>est</strong></span> <span class='ocrx_word' id='word_1_92' title='bbox 1834 1554 2088 1624; x_wconf 79' lang='lat' dir='ltr'><strong>gaudium</strong></span> 
     </span>
    </p>
   </div>
   <div class='ocr_carea' id='block_1_14' title="bbox 507 1647 2090 1726">
    <p class='ocr_par' dir='ltr' id='par_1_14' title="bbox 507 1647 2090 1726">
     <span class='ocr_line' id='line_1_14' title="bbox 507 1647 2090 1726; baseline -0.007 -16"><span class='ocrx_word' id='word_1_93' title='bbox 507 1656 710 1726; x_wconf 87' lang='lat' dir='ltr'><strong>impiis,</strong></span> <span class='ocrx_word' id='word_1_94' title='bbox 733 1655 866 1709; x_wconf 86' lang='lat' dir='ltr'><strong>dicit</strong></span> <span class='ocrx_word' id='word_1_95' title='bbox 920 1653 1178 1708; x_wconf 86' lang='lat' dir='ltr'><strong>Dominus</strong></span> <span class='ocrx_word' id='word_1_96' title='bbox 1201 1653 1269 1720; x_wconf 74' lang='lat'><strong>“,</strong></span> <span class='ocrx_word' id='word_1_97' title='bbox 1310 1671 1330 1705; x_wconf 73' lang='grc' dir='ltr'><strong>ι</strong></span> <span class='ocrx_word' id='word_1_98' title='bbox 1366 1652 1560 1722; x_wconf 88' lang='lat' dir='ltr'><strong>quibus</strong></span> <span class='ocrx_word' id='word_1_99' title='bbox 1586 1650 1787 1704; x_wconf 83' lang='lat' dir='ltr'><strong>vermis</strong></span> <span class='ocrx_word' id='word_1_100' title='bbox 1814 1647 2090 1717; x_wconf 86' lang='lat' dir='ltr'><strong>sempiter-</strong></span> 
     </span>
    </p>
   </div>
   <div class='ocr_carea' id='block_1_15' title="bbox 505 1738 2088 1812">
    <p class='ocr_par' dir='ltr' id='par_1_15' title="bbox 505 1738 2088 1812">
     <span class='ocr_line' id='line_1_15' title="bbox 505 1738 2088 1812; baseline -0.004 -12"><span class='ocrx_word' id='word_1_101' title='bbox 505 1763 607 1802; x_wconf 90' lang='lat' dir='ltr'><strong>nus</strong></span> <span class='ocrx_word' id='word_1_102' title='bbox 652 1757 962 1802; x_wconf 85' lang='lat' dir='ltr'><strong>reservatur</strong></span> <span class='ocrx_word' id='word_1_103' title='bbox 989 1747 1054 1799; x_wconf 83' lang='grc'><strong>³¹.</strong></span> <span class='ocrx_word' id='word_1_104' title='bbox 1081 1745 1246 1801; x_wconf 84' lang='lat' dir='ltr'><strong>Bonis</strong></span> <span class='ocrx_word' id='word_1_105' title='bbox 1293 1756 1474 1799; x_wconf 87' lang='lat' dir='ltr'><strong>autem</strong></span> <span class='ocrx_word' id='word_1_106' title='bbox 1501 1753 1554 1798; x_wconf 91' lang='lat' dir='ltr'><strong>et</strong></span> <span class='ocrx_word' id='word_1_107' title='bbox 1616 1743 1762 1812; x_wconf 88' lang='lat' dir='ltr'><strong>pimn</strong></span> <span class='ocrx_word' id='word_1_108' title='bbox 1824 1755 1889 1795; x_wconf 87' lang='lat' dir='ltr'><strong>ac</strong></span> <span class='ocrx_word' id='word_1_109' title='bbox 1923 1738 2088 1794; x_wconf 81' lang='lat' dir='ltr'><strong>divini</strong></span> 
     </span>
    </p>
   </div>
   <div class='ocr_carea' id='block_1_16' title="bbox 507 1829 2089 1907">
    <p class='ocr_par' dir='ltr' id='par_1_16' title="bbox 507 1829 2089 1907">
     <span class='ocr_line' id='line_1_16' title="bbox 507 1829 2089 1907; baseline -0.004 -17"><span class='ocrx_word' id='word_1_110' title='bbox 507 1837 718 1891; x_wconf 84' lang='lat' dir='ltr'><strong>timoris</strong></span> <span class='ocrx_word' id='word_1_111' title='bbox 755 1837 974 1907; x_wconf 89' lang='lat' dir='ltr'><strong>plenum</strong></span> <span class='ocrx_word' id='word_1_112' title='bbox 1019 1851 1242 1907; x_wconf 90' lang='lat' dir='ltr'><strong>scopum</strong></span> <span class='ocrx_word' id='word_1_113' title='bbox 1294 1834 1615 1891; x_wconf 83' lang='lat' dir='ltr'><strong>habentibus</strong></span> <span class='ocrx_word' id='word_1_114' title='bbox 1650 1832 1907 1887; x_wconf 89' lang='lat' dir='ltr'><strong>decorum</strong></span> <span class='ocrx_word' id='word_1_115' title='bbox 1975 1829 2089 1884; x_wconf 81' lang='lat' dir='ltr'><strong>fue-</strong></span> 
     </span>
    </p>
   </div>
   <div class='ocr_carea' id='block_1_17' title="bbox 2189 649 3780 721">
    <p class='ocr_par' dir='ltr' id='par_1_17' title="bbox 2189 649 3780 721">
     <span class='ocr_line' id='line_1_17' title="bbox 2189 649 3780 721; baseline 0.001 -21"><span class='ocrx_word' id='word_1_116' title='bbox 2189 649 2497 717; x_wconf 73' lang='grc' dir='ltr'><strong>βαίνοντες,</strong></span> <span class='ocrx_word' id='word_1_117' title='bbox 2545 651 2637 702; x_wconf 75' lang='grc' dir='ltr'>καὶ</span> <span class='ocrx_word' id='word_1_118' title='bbox 2673 649 2992 715; x_wconf 75' lang='grc' dir='ltr'>σκάζοντες,</span> <span class='ocrx_word' id='word_1_119' title='bbox 3039 650 3182 703; x_wconf 86' lang='grc' dir='ltr'><strong>κατά</strong></span> <span class='ocrx_word' id='word_1_120' title='bbox 3227 651 3328 721; x_wconf 77' lang='grc' dir='ltr'><strong>τὴν</strong></span> <span class='ocrx_word' id='word_1_121' title='bbox 3369 649 3464 703; x_wconf 79' lang='grc' dir='ltr'>τοῦ</span> <span class='ocrx_word' id='word_1_122' title='bbox 3498 651 3780 720; x_wconf 78' lang='grc' dir='ltr'><strong>προφήτου</strong></span> 
     </span>
    </p>
   </div>
   <div class='ocr_carea' id='block_1_18' title="bbox 2188 740 3779 812">
    <p class='ocr_par' dir='ltr' id='par_1_18' title="bbox 2188 740 3779 812">
     <span class='ocr_line' id='line_1_18' title="bbox 2188 740 3779 812; baseline 0 -20"><span class='ocrx_word' id='word_1_123' title='bbox 2188 740 2393 810; x_wconf 83' lang='grc' dir='ltr'>φωνὴν,</span> <span class='ocrx_word' id='word_1_124' title='bbox 2435 741 2509 803; x_wconf 82' lang='grc' dir='ltr'>ὡς</span> <span class='ocrx_word' id='word_1_125' title='bbox 2551 742 2688 812; x_wconf 87' lang='grc' dir='ltr'>μήτε</span> <span class='ocrx_word' id='word_1_126' title='bbox 2720 741 2799 810; x_wconf 90' lang='grc' dir='ltr'><strong>τῷ</strong></span> <span class='ocrx_word' id='word_1_127' title='bbox 2835 741 2981 795; x_wconf 83' lang='grc' dir='ltr'>Βάαλ</span> <span class='ocrx_word' id='word_1_128' title='bbox 3009 741 3342 812; x_wconf 82' lang='grc' dir='ltr'>ὁλοτρόπως,</span> <span class='ocrx_word' id='word_1_129' title='bbox 3383 741 3522 811; x_wconf 85' lang='grc' dir='ltr'>μήτε</span> <span class='ocrx_word' id='word_1_130' title='bbox 3562 741 3667 812; x_wconf 79' lang='grc' dir='ltr'><strong>μὴν</strong></span> <span class='ocrx_word' id='word_1_131' title='bbox 3699 740 3779 811; x_wconf 85' lang='grc' dir='ltr'><strong>τῷ</strong></span> 
     </span>
    </p>
   </div>
   <div class='ocr_carea' id='block_1_19' title="bbox 2187 830 3782 904">
    <p class='ocr_par' dir='ltr' id='par_1_19' title="bbox 2187 830 3782 904">
     <span class='ocr_line' id='line_1_19' title="bbox 2187 830 3782 904; baseline 0.001 -22"><span class='ocrx_word' id='word_1_132' title='bbox 2187 830 2297 884; x_wconf 87' lang='grc' dir='ltr'><strong>τῶν</strong></span> <span class='ocrx_word' id='word_1_133' title='bbox 2329 832 2466 885; x_wconf 85' lang='grc' dir='ltr'>ὅλων</span> <span class='ocrx_word' id='word_1_134' title='bbox 2493 831 2611 902; x_wconf 87' lang='grc' dir='ltr'>Θεῷ</span> <span class='ocrx_word' id='word_1_135' title='bbox 2655 831 2907 903; x_wconf 79' lang='grc' dir='ltr'><strong>καθαρῶς</strong></span> <span class='ocrx_word' id='word_1_136' title='bbox 2944 832 3157 886; x_wconf 81' lang='grc' dir='ltr'><strong>ἑλέσθαι</strong></span> <span class='ocrx_word' id='word_1_137' title='bbox 3190 833 3540 904; x_wconf 85' lang='grc' dir='ltr'>προσκυνεῖν.</span> <span class='ocrx_word' id='word_1_138' title='bbox 3567 831 3782 884; x_wconf 80' lang='grc' dir='ltr'>Οὐκοῦν</span> 
     </span>
    </p>
   </div>
   <div class='ocr_carea' id='block_1_20' title="bbox 2187 919 3780 996">
    <p class='ocr_par' dir='ltr' id='par_1_20' title="bbox 2187 919 3780 996">
     <span class='ocr_line' id='line_1_20' title="bbox 2187 919 3780 996; baseline -0.001 -20"><span class='ocrx_word' id='word_1_139' title='bbox 2187 924 2542 977; x_wconf 79' lang='grc' dir='ltr'><strong>ἐκπέπτωκεν</strong></span> <span class='ocrx_word' id='word_1_140' title='bbox 2569 923 2771 995; x_wconf 78' lang='grc' dir='ltr'>ἑορτῶν</span> <span class='ocrx_word' id='word_1_141' title='bbox 2805 941 2865 977; x_wconf 89' lang='grc' dir='ltr'><strong>τε</strong></span> <span class='ocrx_word' id='word_1_142' title='bbox 2904 923 3001 978; x_wconf 78' lang='grc' dir='ltr'><strong>καὶ</strong></span> <span class='ocrx_word' id='word_1_143' title='bbox 3019 919 3409 996; x_wconf 82' lang='grc' dir='ltr'>πανηγύρεων,</span> <span class='ocrx_word' id='word_1_144' title='bbox 3453 924 3550 977; x_wconf 74' lang='grc' dir='ltr'><strong>καὶ</strong></span> <span class='ocrx_word' id='word_1_145' title='bbox 3580 925 3780 992; x_wconf 83' lang='grc' dir='ltr'>εὐφρο-</span> 
     </span>
    </p>
   </div>
   <div class='ocr_carea' id='block_1_21' title="bbox 2191 1009 3780 1084">
    <p class='ocr_par' dir='ltr' id='par_1_21' title="bbox 2191 1009 3780 1084">
     <span class='ocr_line' id='line_1_21' title="bbox 2191 1009 3780 1084; baseline 0 -22"><span class='ocrx_word' id='word_1_146' title='bbox 2191 1009 2387 1075; x_wconf 85' lang='grc' dir='ltr'>συνῶν,</span> <span class='ocrx_word' id='word_1_147' title='bbox 2423 1011 2518 1064; x_wconf 80' lang='grc' dir='ltr'><strong>καὶ</strong></span> <span class='ocrx_word' id='word_1_148' title='bbox 2549 1012 2862 1078; x_wconf 87' lang='grc' dir='ltr'>Σαϐϐάτων,</span> <span class='ocrx_word' id='word_1_149' title='bbox 2891 1012 3013 1066; x_wconf 79' lang='grc' dir='ltr'>οὐτε</span> <span class='ocrx_word' id='word_1_150' title='bbox 3041 1012 3161 1083; x_wconf 84' lang='grc' dir='ltr'><strong>Θεῷ</strong></span> <span class='ocrx_word' id='word_1_151' title='bbox 3182 1011 3424 1084; x_wconf 79' lang='grc' dir='ltr'>πληροῦν</span> <span class='ocrx_word' id='word_1_152' title='bbox 3454 1014 3524 1065; x_wconf 81' lang='grc' dir='ltr'>τὰ</span> <span class='ocrx_word' id='word_1_153' title='bbox 3550 1013 3608 1065; x_wconf 91' lang='grc' dir='ltr'><strong>ἐν</strong></span> <span class='ocrx_word' id='word_1_154' title='bbox 3631 1012 3780 1082; x_wconf 84' lang='grc' dir='ltr'>νόμῳ</span> 
     </span>
    </p>
   </div>
   <div class='ocr_carea' id='block_1_22' title="bbox 2189 1103 3780 1178">
    <p class='ocr_par' dir='ltr' id='par_1_22' title="bbox 2189 1103 3780 1178">
     <span class='ocr_line' id='line_1_22' title="bbox 2189 1103 3780 1178; baseline 0.002 -24"><span class='ocrx_word' id='word_1_155' title='bbox 2189 1103 2661 1174; x_wconf 81' lang='grc' dir='ltr'>συγχωρούμενος,</span> <span class='ocrx_word' id='word_1_156' title='bbox 2723 1103 2846 1158; x_wconf 86' lang='grc' dir='ltr'>οὐτε</span> <span class='ocrx_word' id='word_1_157' title='bbox 2880 1105 2987 1175; x_wconf 79' lang='grc' dir='ltr'>μὴν</span> <span class='ocrx_word' id='word_1_158' title='bbox 3015 1105 3092 1178; x_wconf 88' lang='grc' dir='ltr'><strong>τῷ</strong></span> <span class='ocrx_word' id='word_1_159' title='bbox 3122 1103 3269 1160; x_wconf 87' lang='grc' dir='ltr'>Βάαλ</span> <span class='ocrx_word' id='word_1_160' title='bbox 3299 1105 3399 1170; x_wconf 84' lang='grc' dir='ltr'>τὰς</span> <span class='ocrx_word' id='word_1_161' title='bbox 3439 1106 3497 1158; x_wconf 90' lang='grc' dir='ltr'><strong>ἐν</strong></span> <span class='ocrx_word' id='word_1_162' title='bbox 3526 1104 3636 1169; x_wconf 67' lang='grc' dir='ltr'>ἔθει</span> <span class='ocrx_word' id='word_1_163' title='bbox 3675 1121 3780 1157; x_wconf 87' lang='grc' dir='ltr'>πα-</span> 
     </span>
    </p>
   </div>
   <div class='ocr_carea' id='block_1_23' title="bbox 2187 1195 2765 1264">
    <p class='ocr_par' dir='ltr' id='par_1_23' title="bbox 2187 1195 2765 1264">
     <span class='ocr_line' id='line_1_23' title="bbox 2187 1195 2765 1264; baseline 0.003 -17"><span class='ocrx_word' id='word_1_164' title='bbox 2187 1195 2446 1264; x_wconf 89' lang='grc' dir='ltr'>νηγύρεις</span> <span class='ocrx_word' id='word_1_165' title='bbox 2482 1195 2765 1250; x_wconf 78' lang='grc' dir='ltr'>ἐπιτελῶν.</span> 
     </span>
    </p>
   </div>
   <div class='ocr_carea' id='block_1_24' title="bbox 2269 1284 3773 1359">
    <p class='ocr_par' dir='ltr' id='par_1_24' title="bbox 2269 1284 3773 1359">
     <span class='ocr_line' id='line_1_24' title="bbox 2269 1284 3773 1359; baseline 0.001 -23"><span class='ocrx_word' id='word_1_166' title='bbox 2269 1284 2492 1356; x_wconf 82' lang='grc' dir='ltr'>Ἀληθὲς</span> <span class='ocrx_word' id='word_1_167' title='bbox 2529 1286 2586 1339; x_wconf 85' lang='grc' dir='ltr'>δὲ</span> <span class='ocrx_word' id='word_1_168' title='bbox 2621 1287 2715 1340; x_wconf 72' lang='grc' dir='ltr'>καὶ</span> <span class='ocrx_word' id='word_1_169' title='bbox 2748 1287 2951 1358; x_wconf 79' lang='grc' dir='ltr'>ἑτέρως</span> <span class='ocrx_word' id='word_1_170' title='bbox 2983 1288 3070 1359; x_wconf 78' lang='grc' dir='ltr'>εἴη</span> <span class='ocrx_word' id='word_1_171' title='bbox 3099 1288 3187 1352; x_wconf 84' lang='grc' dir='ltr'><strong>ἂν,</strong></span> <span class='ocrx_word' id='word_1_172' title='bbox 3218 1287 3313 1340; x_wconf 74' lang='grc' dir='ltr'><strong>καὶ</strong></span> <span class='ocrx_word' id='word_1_173' title='bbox 3352 1286 3496 1358; x_wconf 83' lang='grc' dir='ltr'>μάλα</span> <span class='ocrx_word' id='word_1_174' title='bbox 3526 1286 3773 1350; x_wconf 70' lang='grc' dir='ltr'>εἰκότως.</span> 
     </span>
    </p>
   </div>
   <div class='ocr_carea' id='block_1_25' title="bbox 2189 1373 3780 1446">
    <p class='ocr_par' dir='ltr' id='par_1_25' title="bbox 2189 1373 3780 1446">
     <span class='ocr_line' id='line_1_25' title="bbox 2189 1373 3780 1446; baseline 0.003 -20"><span class='ocrx_word' id='word_1_175' title='bbox 2189 1373 2312 1427; x_wconf 88' lang='grc' dir='ltr'>Ὅτι</span> <span class='ocrx_word' id='word_1_176' title='bbox 2360 1376 2484 1439; x_wconf 86' lang='grc' dir='ltr'>τοὺς</span> <span class='ocrx_word' id='word_1_177' title='bbox 2528 1375 2939 1446; x_wconf 88' lang='grc' dir='ltr'>ἀποφοιτῶντας</span> <span class='ocrx_word' id='word_1_178' title='bbox 2987 1374 3154 1443; x_wconf 78' lang='grc' dir='ltr'>Θεοῦ,</span> <span class='ocrx_word' id='word_1_179' title='bbox 3206 1379 3297 1430; x_wconf 77' lang='grc' dir='ltr'>καὶ</span> <span class='ocrx_word' id='word_1_180' title='bbox 3342 1377 3442 1446; x_wconf 81' lang='grc' dir='ltr'>τῆς</span> <span class='ocrx_word' id='word_1_181' title='bbox 3484 1378 3563 1440; x_wconf 89' lang='grc' dir='ltr'><strong>εἰς</strong></span> <span class='ocrx_word' id='word_1_182' title='bbox 3616 1377 3780 1430; x_wconf 77' lang='grc' dir='ltr'>αὐτὸν</span> 
     </span>
    </p>
   </div>
   <div class='ocr_carea' id='block_1_26' title="bbox 2187 1465 3881 1538">
    <p class='ocr_par' dir='ltr' id='par_1_26' title="bbox 2187 1465 3881 1538">
     <span class='ocr_line' id='line_1_26' title="bbox 2187 1465 3881 1538; baseline 0.002 -20"><span class='ocrx_word' id='word_1_183' title='bbox 2187 1465 2406 1536; x_wconf 84' lang='grc' dir='ltr'>ἀγάπης</span> <span class='ocrx_word' id='word_1_184' title='bbox 2438 1465 2904 1538; x_wconf 81' lang='grc' dir='ltr'>ὀλιγωρήσαντας,</span> <span class='ocrx_word' id='word_1_185' title='bbox 2947 1467 3412 1537; x_wconf 77' lang='grc' dir='ltr'>καταστυγνάζειν</span> <span class='ocrx_word' id='word_1_186' title='bbox 3453 1469 3777 1536; x_wconf 85' lang='grc' dir='ltr'>ἀναγκαῖον,</span> <span class='ocrx_word' id='word_1_187' title='bbox 3878 1518 3881 1521; x_wconf 81' lang='lat'><strong>.</strong></span> 
     </span>
    </p>
   </div>
   <div class='ocr_carea' id='block_1_27' title="bbox 2189 1558 3776 1630">
    <p class='ocr_par' dir='ltr' id='par_1_27' title="bbox 2189 1558 3776 1630">
     <span class='ocr_line' id='line_1_27' title="bbox 2189 1558 3776 1630; baseline 0.002 -18"><span class='ocrx_word' id='word_1_188' title='bbox 2189 1558 2286 1612; x_wconf 74' lang='grc' dir='ltr'><strong>καὶ</strong></span> <span class='ocrx_word' id='word_1_189' title='bbox 2315 1558 2516 1622; x_wconf 81' lang='grc' dir='ltr'>παντὸς</span> <span class='ocrx_word' id='word_1_190' title='bbox 2553 1558 2661 1624; x_wconf 77' lang='grc' dir='ltr'><strong>ἔξω</strong></span> <span class='ocrx_word' id='word_1_191' title='bbox 2687 1559 2951 1612; x_wconf 78' lang='grc' dir='ltr'>διατελεῖν</span> <span class='ocrx_word' id='word_1_192' title='bbox 2979 1558 3074 1612; x_wconf 83' lang='grc' dir='ltr'>τοῦ</span> <span class='ocrx_word' id='word_1_193' title='bbox 3105 1560 3524 1630; x_wconf 86' lang='grc' dir='ltr'>κατευφραίνειν</span> <span class='ocrx_word' id='word_1_194' title='bbox 3551 1561 3776 1627; x_wconf 76' lang='grc' dir='ltr'><strong>εἰδότος.</strong></span> 
     </span>
    </p>
   </div>
   <div class='ocr_carea' id='block_1_28' title="bbox 2194 1648 3773 1723">
    <p class='ocr_par' dir='ltr' id='par_1_28' title="bbox 2194 1648 3773 1723">
     <span class='ocr_line' id='line_1_28' title="bbox 2194 1648 3773 1723; baseline 0.003 -22"><span class='ocrx_word' id='word_1_195' title='bbox 2194 1667 2212 1701; x_wconf 80' lang='grc' dir='ltr'><strong>ι</strong></span> <span class='ocrx_word' id='word_1_196' title='bbox 2247 1649 2323 1702; x_wconf 86' lang='grc' dir='ltr'>Οὐ</span> <span class='ocrx_word' id='word_1_197' title='bbox 2359 1648 2469 1722; x_wconf 83' lang='grc' dir='ltr'>γὰρ</span> <span class='ocrx_word' id='word_1_198' title='bbox 2499 1648 2616 1702; x_wconf 86' lang='grc' dir='ltr'>ἑστι</span> <span class='ocrx_word' id='word_1_199' title='bbox 2647 1650 2860 1722; x_wconf 82' lang='grc' dir='ltr'>χαίρειν</span> <span class='ocrx_word' id='word_1_200' title='bbox 2885 1652 2999 1715; x_wconf 85' lang='grc' dir='ltr'>τοῖς</span> <span class='ocrx_word' id='word_1_201' title='bbox 3030 1649 3274 1716; x_wconf 88' lang='grc' dir='ltr'>ἀσεϐέσι,</span> <span class='ocrx_word' id='word_1_202' title='bbox 3305 1650 3454 1721; x_wconf 85' lang='grc' dir='ltr'>λέγει</span> <span class='ocrx_word' id='word_1_203' title='bbox 3487 1650 3723 1723; x_wconf 81' lang='grc' dir='ltr'>Κύριος·</span> <span class='ocrx_word' id='word_1_204' title='bbox 3751 1670 3773 1718; x_wconf 68' lang='grc' dir='ltr'><strong>ρ</strong></span> 
     </span>
    </p>
   </div>
   <div class='ocr_carea' id='block_1_29' title="bbox 2188 1734 3778 1815">
    <p class='ocr_par' dir='ltr' id='par_1_29' title="bbox 2188 1734 3778 1815">
     <span class='ocr_line' id='line_1_29' title="bbox 2188 1734 3778 1815; baseline 0.003 -22"><span class='ocrx_word' id='word_1_205' title='bbox 2188 1734 2270 1804; x_wconf 75' lang='grc' dir='ltr'>οἷς</span> <span class='ocrx_word' id='word_1_206' title='bbox 2297 1741 2326 1794; x_wconf 90' lang='lat'><strong>6</strong></span> <span class='ocrx_word' id='word_1_207' title='bbox 2355 1740 2570 1812; x_wconf 81' lang='grc' dir='ltr'>σκώληξ</span> <span class='ocrx_word' id='word_1_208' title='bbox 2609 1742 2691 1805; x_wconf 89' lang='grc' dir='ltr'><strong>εἰς</strong></span> <span class='ocrx_word' id='word_1_209' title='bbox 2719 1741 2890 1796; x_wconf 80' lang='grc' dir='ltr'><strong>αἰῶνα</strong></span> <span class='ocrx_word' id='word_1_210' title='bbox 2926 1738 3244 1815; x_wconf 76' lang='grc' dir='ltr'>τετήρηται.</span> <span class='ocrx_word' id='word_1_211' title='bbox 3274 1743 3400 1807; x_wconf 84' lang='grc' dir='ltr'>Τοῖς</span> <span class='ocrx_word' id='word_1_212' title='bbox 3428 1759 3492 1812; x_wconf 87' lang='grc' dir='ltr'><strong>γε</strong></span> <span class='ocrx_word' id='word_1_213' title='bbox 3522 1743 3628 1815; x_wconf 86' lang='grc' dir='ltr'><strong>μὴν</strong></span> <span class='ocrx_word' id='word_1_214' title='bbox 3656 1745 3778 1797; x_wconf 83' lang='grc' dir='ltr'>ἐπι-</span> 
     </span>
    </p>
   </div>
   <div class='ocr_carea' id='block_1_30' title="bbox 2193 1831 3775 1906">
    <p class='ocr_par' dir='ltr' id='par_1_30' title="bbox 2193 1831 3775 1906">
     <span class='ocr_line' id='line_1_30' title="bbox 2193 1831 3775 1906; baseline 0.001 -21"><span class='ocrx_word' id='word_1_215' title='bbox 2193 1831 2389 1896; x_wconf 88' lang='grc' dir='ltr'>εικέσι,</span> <span class='ocrx_word' id='word_1_216' title='bbox 2421 1833 2518 1886; x_wconf 74' lang='grc' dir='ltr'><strong>καὶ</strong></span> <span class='ocrx_word' id='word_1_217' title='bbox 2549 1833 2749 1905; x_wconf 85' lang='grc' dir='ltr'>εὐσεϐῆ</span> <span class='ocrx_word' id='word_1_218' title='bbox 2799 1833 2893 1887; x_wconf 73' lang='grc' dir='ltr'><strong>καὶ</strong></span> <span class='ocrx_word' id='word_1_219' title='bbox 2923 1833 3173 1906; x_wconf 78' lang='grc' dir='ltr'>τιμόθεον</span> <span class='ocrx_word' id='word_1_220' title='bbox 3207 1835 3389 1906; x_wconf 74' lang='grc' dir='ltr'>ἔχουσι</span> <span class='ocrx_word' id='word_1_221' title='bbox 3423 1835 3514 1888; x_wconf 84' lang='grc' dir='ltr'><strong>τὸν</strong></span> <span class='ocrx_word' id='word_1_222' title='bbox 3552 1835 3775 1899; x_wconf 73' lang='grc' dir='ltr'>σκοπὸν,</span> 
     </span>
    </p>
   </div>
   <div class='ocr_carea' id='block_1_31' title="bbox 507 1919 2087 1997">
    <p class='ocr_par' dir='ltr' id='par_1_31' title="bbox 507 1922 2083 1997">
     <span class='ocr_line' id='line_1_31' title="bbox 507 1922 2083 1997; baseline -0.004 -15"><span class='ocrx_word' id='word_1_223' title='bbox 507 1930 580 1982; x_wconf 87' lang='lat' dir='ltr'><strong>rit</strong></span> <span class='ocrx_word' id='word_1_224' title='bbox 642 1938 696 1983; x_wconf 88' lang='lat' dir='ltr'><strong>et</strong></span> <span class='ocrx_word' id='word_1_225' title='bbox 727 1929 942 1992; x_wconf 90' lang='lat' dir='ltr'><strong>merito,</strong></span> <span class='ocrx_word' id='word_1_226' title='bbox 985 1929 1154 1982; x_wconf 55' lang='lat' dir='ltr'><strong>laetari</strong></span> <span class='ocrx_word' id='word_1_227' title='bbox 1188 1944 1352 1997; x_wconf 87' lang='lat' dir='ltr'><strong>super</strong></span> <span class='ocrx_word' id='word_1_228' title='bbox 1398 1927 1648 1981; x_wconf 88' lang='lat' dir='ltr'><strong>omnibus</strong></span> <span class='ocrx_word' id='word_1_229' title='bbox 1679 1923 1835 1978; x_wconf 89' lang='lat' dir='ltr'><strong>bonis</strong></span> <span class='ocrx_word' id='word_1_230' title='bbox 1867 1938 1880 1974; x_wconf 96' lang='lat'>:</span> <span class='ocrx_word' id='word_1_231' title='bbox 1907 1939 1923 1973; x_wconf 79' lang='grc' dir='ltr'><strong>ι</strong></span> <span class='ocrx_word' id='word_1_232' title='bbox 1950 1922 2083 1977; x_wconf 69' lang='lat' dir='ltr'><strong>laui-</strong></span> 
     </span>
    </p>
   </div>
   <div class='ocr_carea' id='block_1_32' title="bbox 2188 1919 3780 1997">
    <p class='ocr_par' dir='ltr' id='par_1_32' title="bbox 2188 1921 3780 1994">
     <span class='ocr_line' id='line_1_32' title="bbox 2188 1921 3780 1994; baseline 0.003 -21"><span class='ocrx_word' id='word_1_233' title='bbox 2188 1921 2388 1992; x_wconf 83' lang='grc' dir='ltr'>πρέποι</span> <span class='ocrx_word' id='word_1_234' title='bbox 2433 1923 2500 1977; x_wconf 84' lang='grc' dir='ltr'><strong>ἂν</strong></span> <span class='ocrx_word' id='word_1_235' title='bbox 2547 1923 2772 1988; x_wconf 82' lang='grc' dir='ltr'>εἰκότως</span> <span class='ocrx_word' id='word_1_236' title='bbox 2814 1924 2909 1978; x_wconf 78' lang='grc' dir='ltr'><strong>καὶ</strong></span> <span class='ocrx_word' id='word_1_237' title='bbox 2954 1924 3015 1977; x_wconf 84' lang='grc' dir='ltr'>τὸ</span> <span class='ocrx_word' id='word_1_238' title='bbox 3060 1925 3144 1994; x_wconf 80' lang='grc' dir='ltr'>ἐφ’</span> <span class='ocrx_word' id='word_1_239' title='bbox 3175 1925 3348 1979; x_wconf 77' lang='grc' dir='ltr'>ἅπασι</span> <span class='ocrx_word' id='word_1_240' title='bbox 3394 1928 3510 1989; x_wconf 87' lang='grc' dir='ltr'>τοῖς</span> <span class='ocrx_word' id='word_1_241' title='bbox 3553 1923 3780 1993; x_wconf 80' lang='grc' dir='ltr'>ἀγαθοῖς</span> 
     </span>
    </p>
   </div>
   <div class='ocr_carea' id='block_1_33' title="bbox 506 2020 2084 2089">
    <p class='ocr_par' dir='ltr' id='par_1_33' title="bbox 506 2020 2084 2089">
     <span class='ocr_line' id='line_1_33' title="bbox 506 2020 2084 2089; baseline -0.006 -16"><span class='ocrx_word' id='word_1_242' title='bbox 506 2021 581 2073; x_wconf 86' lang='lat' dir='ltr'><strong>tia</strong></span> <span class='ocrx_word' id='word_1_243' title='bbox 612 2020 754 2073; x_wconf 91' lang='lat' dir='ltr'><strong>enim</strong></span> <span class='ocrx_word' id='word_1_244' title='bbox 790 2021 1116 2089; x_wconf 87' lang='lat' dir='ltr'><strong>sempiterna</strong></span> <span class='ocrx_word' id='word_1_245' title='bbox 1165 2034 1328 2088; x_wconf 84' lang='lat' dir='ltr'><strong>super</strong></span> <span class='ocrx_word' id='word_1_246' title='bbox 1356 2024 1520 2086; x_wconf 88' lang='lat' dir='ltr'><strong>caput</strong></span> <span class='ocrx_word' id='word_1_247' title='bbox 1569 2029 1780 2077; x_wconf 90' lang='lat' dir='ltr'><strong>eorum,</strong></span> <span class='ocrx_word' id='word_1_248' title='bbox 1815 2031 1834 2066; x_wconf 71' lang='grc' dir='ltr'><strong>ι</strong></span> <span class='ocrx_word' id='word_1_249' title='bbox 1887 2027 2084 2066; x_wconf 83' lang='lat' dir='ltr'><strong>secun-</strong></span> 
     </span>
    </p>
   </div>
   <div class='ocr_carea' id='block_1_34' title="bbox 507 2101 2088 2181">
    <p class='ocr_par' dir='ltr' id='par_1_34' title="bbox 507 2101 2088 2181">
     <span class='ocr_line' id='line_1_34' title="bbox 507 2101 2088 2181; baseline -0.006 -16"><span class='ocrx_word' id='word_1_250' title='bbox 507 2113 632 2165; x_wconf 91' lang='lat' dir='ltr'><strong>dum</strong></span> <span class='ocrx_word' id='word_1_251' title='bbox 683 2110 1021 2181; x_wconf 80' lang='lat' dir='ltr'><strong>Scripturam</strong></span> <span class='ocrx_word' id='word_1_252' title='bbox 1047 2126 1094 2175; x_wconf 80' lang='grc'><strong>;‹</strong></span> <span class='ocrx_word' id='word_1_253' title='bbox 1115 2107 1429 2178; x_wconf 84' lang='lat' dir='ltr'><strong>aufugitque</strong></span> <span class='ocrx_word' id='word_1_254' title='bbox 1466 2106 1533 2160; x_wconf 91' lang='lat' dir='ltr'><strong>ab</strong></span> <span class='ocrx_word' id='word_1_255' title='bbox 1557 2106 1638 2160; x_wconf 90' lang='lat' dir='ltr'><strong>eis</strong></span> <span class='ocrx_word' id='word_1_256' title='bbox 1667 2103 1840 2170; x_wconf 89' lang='lat' dir='ltr'><strong>dolor,</strong></span> <span class='ocrx_word' id='word_1_257' title='bbox 1870 2101 2088 2158; x_wconf 82' lang='lat' dir='ltr'><strong>tristitia</strong></span> 
     </span>
    </p>
   </div>
   <div class='ocr_carea' id='block_1_35' title="bbox 506 2194 2089 2272">
    <p class='ocr_par' dir='ltr' id='par_1_35' title="bbox 506 2194 2089 2272">
     <span class='ocr_line' id='line_1_35' title="bbox 506 2194 2089 2272; baseline -0.004 -15"><span class='ocrx_word' id='word_1_258' title='bbox 506 2213 560 2257; x_wconf 88' lang='lat' dir='ltr'><strong>et</strong></span> <span class='ocrx_word' id='word_1_259' title='bbox 590 2201 1144 2272; x_wconf 70' lang='lat' dir='ltr'><strong>gentittts&quot;.iQuibus</strong></span> <span class='ocrx_word' id='word_1_260' title='bbox 1170 2209 1224 2254; x_wconf 92' lang='lat' dir='ltr'><strong>et</strong></span> <span class='ocrx_word' id='word_1_261' title='bbox 1263 2199 1464 2255; x_wconf 86' lang='lat' dir='ltr'><strong>Paulus</strong></span> <span class='ocrx_word' id='word_1_262' title='bbox 1513 2197 1732 2253; x_wconf 87' lang='lat' dir='ltr'><strong>scribit:</strong></span> <span class='ocrx_word' id='word_1_263' title='bbox 1771 2213 1789 2247; x_wconf 79' lang='grc' dir='ltr'><strong>ι</strong></span> <span class='ocrx_word' id='word_1_264' title='bbox 1847 2194 2089 2251; x_wconf 83' lang='lat' dir='ltr'><strong>Gaudete</strong></span> 
     </span>
    </p>
   </div>
   <div class='ocr_carea' id='block_1_36' title="bbox 508 2287 2090 2363">
    <p class='ocr_par' dir='ltr' id='par_1_36' title="bbox 508 2287 2090 2363">
     <span class='ocr_line' id='line_1_36' title="bbox 508 2287 2090 2363; baseline -0.005 -16"><span class='ocrx_word' id='word_1_265' title='bbox 508 2298 559 2348; x_wconf 90' lang='lat' dir='ltr'><strong>in</strong></span> <span class='ocrx_word' id='word_1_266' title='bbox 606 2294 837 2348; x_wconf 90' lang='lat' dir='ltr'><strong>Domino</strong></span> <span class='ocrx_word' id='word_1_267' title='bbox 893 2308 1142 2363; x_wconf 88' lang='lat' dir='ltr'><strong>semper;</strong></span> <span class='ocrx_word' id='word_1_268' title='bbox 1198 2293 1394 2349; x_wconf 90' lang='lat' dir='ltr'><strong>iterum</strong></span> <span class='ocrx_word' id='word_1_269' title='bbox 1447 2290 1866 2360; x_wconf 84' lang='lat' dir='ltr'><strong>dico,gaudete.</strong></span> <span class='ocrx_word' id='word_1_270' title='bbox 1919 2287 2090 2340; x_wconf 77' lang='lat' dir='ltr'><strong>Mode-</strong></span> 
     </span>
    </p>
   </div>
   <div class='ocr_carea' id='block_1_37' title="bbox 506 2377 2088 2450">
    <p class='ocr_par' dir='ltr' id='par_1_37' title="bbox 506 2377 2088 2450">
     <span class='ocr_line' id='line_1_37' title="bbox 506 2377 2088 2450; baseline -0.006 -10"><span class='ocrx_word' id='word_1_271' title='bbox 506 2387 608 2440; x_wconf 88' lang='lat' dir='ltr'><strong>stia</strong></span> <span class='ocrx_word' id='word_1_272' title='bbox 647 2399 824 2440; x_wconf 90' lang='lat' dir='ltr'><strong>vestra</strong></span> <span class='ocrx_word' id='word_1_273' title='bbox 859 2394 982 2440; x_wconf 90' lang='lat' dir='ltr'><strong>nota</strong></span> <span class='ocrx_word' id='word_1_274' title='bbox 1017 2386 1086 2439; x_wconf 87' lang='lat' dir='ltr'><strong>sit</strong></span> <span class='ocrx_word' id='word_1_275' title='bbox 1107 2384 1354 2440; x_wconf 89' lang='lat' dir='ltr'><strong>omnibus</strong></span> <span class='ocrx_word' id='word_1_276' title='bbox 1384 2381 1694 2437; x_wconf 90' lang='lat' dir='ltr'><strong>hominibus</strong></span> <span class='ocrx_word' id='word_1_277' title='bbox 1716 2379 1784 2437; x_wconf 67' lang='grc'><strong>³⁵.</strong></span> <span class='ocrx_word' id='word_1_278' title='bbox 1815 2397 1832 2431; x_wconf 75' lang='grc' dir='ltr'><strong>ο</strong></span> <span class='ocrx_word' id='word_1_279' title='bbox 1865 2377 1972 2450; x_wconf 68' lang='grc'><strong>42</strong></span> <span class='ocrx_word' id='word_1_280' title='bbox 1999 2377 2088 2431; x_wconf 84' lang='lat' dir='ltr'><strong>Et-</strong></span> 
     </span>
    </p>
   </div>
   <div class='ocr_carea' id='block_1_38' title="bbox 504 2471 2084 2547">
    <p class='ocr_par' dir='ltr' id='par_1_38' title="bbox 504 2471 2084 2547">
     <span class='ocr_line' id='line_1_38' title="bbox 504 2471 2084 2547; baseline -0.006 -15"><span class='ocrx_word' id='word_1_281' title='bbox 504 2479 652 2532; x_wconf 89' lang='lat' dir='ltr'><strong>enim</strong></span> <span class='ocrx_word' id='word_1_282' title='bbox 701 2486 755 2532; x_wconf 90' lang='lat' dir='ltr'><strong>ut</strong></span> <span class='ocrx_word' id='word_1_283' title='bbox 795 2475 1120 2547; x_wconf 86' lang='lat' dir='ltr'><strong>supplicium</strong></span> <span class='ocrx_word' id='word_1_284' title='bbox 1175 2475 1470 2530; x_wconf 86' lang='lat' dir='ltr'><strong>sceleratos</strong></span> <span class='ocrx_word' id='word_1_285' title='bbox 1526 2471 1748 2527; x_wconf 88' lang='lat' dir='ltr'><strong>omnino</strong></span> <span class='ocrx_word' id='word_1_286' title='bbox 1793 2472 2038 2542; x_wconf 88' lang='lat' dir='ltr'><strong>sequitur</strong></span> <span class='ocrx_word' id='word_1_287' title='bbox 2069 2511 2084 2536; x_wconf 93' lang='lat'><strong>,</strong></span> 
     </span>
    </p>
   </div>
   <div class='ocr_carea' id='block_1_39' title="bbox 507 2566 2085 2642">
    <p class='ocr_par' dir='ltr' id='par_1_39' title="bbox 507 2566 2085 2642">
     <span class='ocr_line' id='line_1_39' title="bbox 507 2566 2085 2642; baseline -0.004 -19"><span class='ocrx_word' id='word_1_288' title='bbox 507 2571 583 2642; x_wconf 86' lang='lat' dir='ltr'><strong>ita</strong></span> <span class='ocrx_word' id='word_1_289' title='bbox 635 2578 689 2624; x_wconf 89' lang='lat' dir='ltr'><strong>et</strong></span> <span class='ocrx_word' id='word_1_290' title='bbox 747 2583 980 2638; x_wconf 88' lang='lat' dir='ltr'><strong>superna</strong></span> <span class='ocrx_word' id='word_1_291' title='bbox 1042 2566 1316 2638; x_wconf 88' lang='lat' dir='ltr'><strong>opulentia</strong></span> <span class='ocrx_word' id='word_1_292' title='bbox 1379 2573 1636 2634; x_wconf 88' lang='lat' dir='ltr'><strong>sequetur</strong></span> <span class='ocrx_word' id='word_1_293' title='bbox 1678 2578 1804 2628; x_wconf 86' lang='lat' dir='ltr'><strong>eos,</strong></span> <span class='ocrx_word' id='word_1_294' title='bbox 1856 2578 2085 2633; x_wconf 90' lang='lat' dir='ltr'><strong>quorum</strong></span> 
     </span>
    </p>
   </div>
   <div class='ocr_carea' id='block_1_40' title="bbox 504 2652 2089 2731">
    <p class='ocr_par' dir='ltr' id='par_1_40' title="bbox 504 2652 2089 2731">
     <span class='ocr_line' id='line_1_40' title="bbox 504 2652 2089 2731; baseline -0.004 -19"><span class='ocrx_word' id='word_1_295' title='bbox 504 2661 839 2731; x_wconf 86' lang='lat' dir='ltr'><strong>propositum</strong></span> <span class='ocrx_word' id='word_1_296' title='bbox 883 2658 1048 2714; x_wconf 87' lang='lat' dir='ltr'><strong>fuerit</strong></span> <span class='ocrx_word' id='word_1_297' title='bbox 1099 2659 1266 2712; x_wconf 85' lang='lat' dir='ltr'><strong>vitam</strong></span> <span class='ocrx_word' id='word_1_298' title='bbox 1307 2657 1508 2712; x_wconf 89' lang='lat' dir='ltr'><strong>virtute</strong></span> <span class='ocrx_word' id='word_1_299' title='bbox 1555 2655 1902 2724; x_wconf 86' lang='lat' dir='ltr'><strong>conspicuam</strong></span> <span class='ocrx_word' id='word_1_300' title='bbox 1970 2652 2089 2708; x_wconf 80' lang='lat' dir='ltr'><strong>exi-</strong></span> 
     </span>
    </p>
   </div>
   <div class='ocr_carea' id='block_1_41' title="bbox 510 2768 2087 2909">
    <p class='ocr_par' dir='ltr' id='par_1_41' title="bbox 510 2768 2087 2909">
     <span class='ocr_line' id='line_1_41' title="bbox 510 2768 2087 2909; baseline -0.007 -14"><span class='ocrx_word' id='word_1_301' title='bbox 510 2768 743 2896; x_wconf 54' lang='grc' dir='ltr'>Βθλίέιιε.</span> <span class='ocrx_word' id='word_1_302' title='bbox 774 2840 861 2895; x_wconf 64' lang='grc'><strong>12.</strong></span> <span class='ocrx_word' id='word_1_303' title='bbox 893 2838 960 2893; x_wconf 82' lang='lat' dir='ltr'><strong>Et</strong></span> <span class='ocrx_word' id='word_1_304' title='bbox 994 2838 1298 2909; x_wconf 73' lang='lat' dir='ltr'><strong>disperdam</strong></span> <span class='ocrx_word' id='word_1_305' title='bbox 1328 2837 1528 2891; x_wconf 82' lang='lat' dir='ltr'><strong>vineam</strong></span> <span class='ocrx_word' id='word_1_306' title='bbox 1563 2839 1696 2905; x_wconf 74' lang='lat' dir='ltr'><strong>ejus,</strong></span> <span class='ocrx_word' id='word_1_307' title='bbox 1727 2841 1775 2888; x_wconf 84' lang='lat' dir='ltr'><strong>et</strong></span> <span class='ocrx_word' id='word_1_308' title='bbox 1808 2831 1940 2902; x_wconf 81' lang='lat' dir='ltr'><strong>ﬁcus</strong></span> <span class='ocrx_word' id='word_1_309' title='bbox 1973 2831 2087 2901; x_wconf 76' lang='lat' dir='ltr'><strong>ejus</strong></span> 
     </span>
    </p>
   </div>
   <div class='ocr_carea' id='block_1_42' title="bbox 505 2925 2086 3004">
    <p class='ocr_par' dir='ltr' id='par_1_42' title="bbox 505 2925 2086 3004">
     <span class='ocr_line' id='line_1_42' title="bbox 505 2925 2086 3004; baseline -0.006 -18"><span class='ocrx_word' id='word_1_310' title='bbox 505 2935 569 2988; x_wconf 83' lang='lat' dir='ltr'><strong>de</strong></span> <span class='ocrx_word' id='word_1_311' title='bbox 624 2933 1016 3004; x_wconf 81' lang='lat' dir='ltr'><strong>quibuscuuque</strong></span> <span class='ocrx_word' id='word_1_312' title='bbox 1079 2931 1238 2998; x_wconf 75' lang='lat' dir='ltr'><strong>dixit,</strong></span> <span class='ocrx_word' id='word_1_313' title='bbox 1294 2927 1560 2982; x_wconf 66' lang='lat' dir='ltr'><strong>Mercede:</strong></span> <span class='ocrx_word' id='word_1_314' title='bbox 1589 2942 1717 2980; x_wconf 77' lang='lat' dir='ltr'><strong>mea:</strong></span> <span class='ocrx_word' id='word_1_315' title='bbox 1777 2935 1896 2979; x_wconf 81' lang='lat' dir='ltr'><strong>sunt</strong></span> <span class='ocrx_word' id='word_1_316' title='bbox 1949 2925 2086 2987; x_wconf 69' lang='lat' dir='ltr'><strong>istae,</strong></span> 
     </span>
    </p>
   </div>
   <div class='ocr_carea' id='block_1_43' title="bbox 505 3018 2086 3094">
    <p class='ocr_par' dir='ltr' id='par_1_43' title="bbox 505 3018 2086 3094">
     <span class='ocr_line' id='line_1_43' title="bbox 505 3018 2086 3094; baseline -0.005 -17"><span class='ocrx_word' id='word_1_317' title='bbox 505 3043 635 3094; x_wconf 82' lang='lat' dir='ltr'><strong>quas</strong></span> <span class='ocrx_word' id='word_1_318' title='bbox 684 3025 940 3079; x_wconf 81' lang='lat' dir='ltr'><strong>dederunt</strong></span> <span class='ocrx_word' id='word_1_319' title='bbox 973 3025 1102 3077; x_wconf 77' lang='lat' dir='ltr'><strong>mihi</strong></span> <span class='ocrx_word' id='word_1_320' title='bbox 1131 3031 1393 3077; x_wconf 78' lang='lat' dir='ltr'><strong>amatores</strong></span> <span class='ocrx_word' id='word_1_321' title='bbox 1425 3021 1543 3076; x_wconf 83' lang='lat' dir='ltr'><strong>mei.</strong></span> <span class='ocrx_word' id='word_1_322' title='bbox 1586 3019 1653 3073; x_wconf 79' lang='lat' dir='ltr'><strong>Et</strong></span> <span class='ocrx_word' id='word_1_323' title='bbox 1701 3035 1890 3088; x_wconf 81' lang='lat' dir='ltr'><strong>ponam</strong></span> <span class='ocrx_word' id='word_1_324' title='bbox 1919 3033 1980 3071; x_wconf 87' lang='lat' dir='ltr'><strong>ea</strong></span> <span class='ocrx_word' id='word_1_325' title='bbox 2030 3018 2086 3069; x_wconf 81' lang='lat' dir='ltr'><strong>in</strong></span> 
     </span>
    </p>
   </div>
   <div class='ocr_carea' id='block_1_44' title="bbox 505 3105 2086 3180">
    <p class='ocr_par' dir='ltr' id='par_1_44' title="bbox 505 3105 2086 3180">
     <span class='ocr_line' id='line_1_44' title="bbox 505 3105 2086 3180; baseline -0.006 -10"><span class='ocrx_word' id='word_1_326' title='bbox 505 3117 881 3180; x_wconf 77' lang='lat' dir='ltr'><strong>testimonium,</strong></span> <span class='ocrx_word' id='word_1_327' title='bbox 908 3125 954 3169; x_wconf 88' lang='lat' dir='ltr'><strong>et</strong></span> <span class='ocrx_word' id='word_1_328' title='bbox 986 3114 1260 3168; x_wconf 79' lang='lat' dir='ltr'><strong>comedent</strong></span> <span class='ocrx_word' id='word_1_329' title='bbox 1293 3129 1354 3167; x_wconf 85' lang='lat' dir='ltr'><strong>ea</strong></span> <span class='ocrx_word' id='word_1_330' title='bbox 1383 3111 1614 3167; x_wconf 75' lang='lat' dir='ltr'><strong>volucres</strong></span> <span class='ocrx_word' id='word_1_331' title='bbox 1645 3109 1782 3172; x_wconf 69' lang='lat' dir='ltr'><strong>cwli,</strong></span> <span class='ocrx_word' id='word_1_332' title='bbox 1815 3115 1863 3162; x_wconf 87' lang='lat' dir='ltr'><strong>et</strong></span> <span class='ocrx_word' id='word_1_333' title='bbox 1910 3105 2086 3162; x_wconf 69' lang='lat' dir='ltr'><strong>bestia:</strong></span> 
     </span>
    </p>
   </div>
   <div class='ocr_carea' id='block_1_45' title="bbox 504 3209 1188 3280">
    <p class='ocr_par' dir='ltr' id='par_1_45' title="bbox 504 3209 1188 3280">
     <span class='ocr_line' id='line_1_45' title="bbox 504 3209 1188 3280; baseline -0.001 -18"><span class='ocrx_word' id='word_1_334' title='bbox 504 3211 642 3280; x_wconf 80' lang='lat' dir='ltr'><strong>agri,</strong></span> <span class='ocrx_word' id='word_1_335' title='bbox 663 3220 720 3264; x_wconf 75' lang='lat' dir='ltr'><strong>et</strong></span> <span class='ocrx_word' id='word_1_336' title='bbox 751 3209 959 3278; x_wconf 72' lang='lat' dir='ltr'><strong>reptilia</strong></span> <span class='ocrx_word' id='word_1_337' title='bbox 1011 3217 1188 3262; x_wconf 68' lang='grc' dir='ltr'><strong>ειη-αῖ.</strong></span> 
     </span>
    </p>
   </div>
   <div class='ocr_carea' id='block_1_46' title="bbox 578 3377 2085 3453">
    <p class='ocr_par' dir='ltr' id='par_1_46' title="bbox 578 3377 2085 3453">
     <span class='ocr_line' id='line_1_46' title="bbox 578 3377 2085 3453; baseline -0.008 -10"><span class='ocrx_word' id='word_1_338' title='bbox 578 3387 619 3442; x_wconf 84' lang='lat' dir='ltr'><strong><em>X</em></strong></span> <span class='ocrx_word' id='word_1_339' title='bbox 633 3387 819 3442; x_wconf 75' lang='lat' dir='ltr'><strong>X.lloc</strong></span> <span class='ocrx_word' id='word_1_340' title='bbox 843 3401 1052 3440; x_wconf 89' lang='lat' dir='ltr'><strong>rursum</strong></span> <span class='ocrx_word' id='word_1_341' title='bbox 1069 3385 1190 3440; x_wconf 87' lang='lat' dir='ltr'><strong>aliis</strong></span> <span class='ocrx_word' id='word_1_342' title='bbox 1205 3383 1387 3440; x_wconf 81' lang='lat' dir='ltr'><strong>verbis</strong></span> <span class='ocrx_word' id='word_1_343' title='bbox 1405 3381 1508 3438; x_wconf 89' lang='lat' dir='ltr'><strong>dici</strong></span> <span class='ocrx_word' id='word_1_344' title='bbox 1520 3390 1716 3453; x_wconf 85' lang='lat' dir='ltr'><strong>potest,</strong></span> <span class='ocrx_word' id='word_1_345' title='bbox 1739 3393 1928 3447; x_wconf 91' lang='lat' dir='ltr'><strong>nempe</strong></span> <span class='ocrx_word' id='word_1_346' title='bbox 1945 3377 2048 3433; x_wconf 88' lang='lat' dir='ltr'><strong>illis</strong></span> <span class='ocrx_word' id='word_1_347' title='bbox 2073 3394 2085 3431; x_wconf 90' lang='lat'><strong>:</strong></span> 
     </span>
    </p>
   </div>
   <div class='ocr_carea' id='block_1_47' title="bbox 510 3473 2090 3542">
    <p class='ocr_par' dir='ltr' id='par_1_47' title="bbox 510 3473 2090 3542">
     <span class='ocr_line' id='line_1_47' title="bbox 510 3473 2090 3542; baseline -0.005 -10"><span class='ocrx_word' id='word_1_348' title='bbox 510 3498 530 3532; x_wconf 79' lang='grc' dir='ltr'><strong>ι</strong></span> <span class='ocrx_word' id='word_1_349' title='bbox 561 3477 816 3532; x_wconf 83' lang='lat' dir='ltr'><strong>Auferam</strong></span> <span class='ocrx_word' id='word_1_350' title='bbox 869 3476 1198 3530; x_wconf 84' lang='lat' dir='ltr'><strong>frumentum</strong></span> <span class='ocrx_word' id='word_1_351' title='bbox 1251 3490 1429 3530; x_wconf 89' lang='lat' dir='ltr'><strong>tneum</strong></span> <span class='ocrx_word' id='word_1_352' title='bbox 1498 3485 1742 3542; x_wconf 89' lang='lat' dir='ltr'><strong>tempore</strong></span> <span class='ocrx_word' id='word_1_353' title='bbox 1784 3486 1905 3534; x_wconf 88' lang='lat' dir='ltr'><strong>suo,</strong></span> <span class='ocrx_word' id='word_1_354' title='bbox 1927 3479 1983 3524; x_wconf 89' lang='lat' dir='ltr'><strong>et</strong></span> <span class='ocrx_word' id='word_1_355' title='bbox 2011 3473 2090 3524; x_wconf 85' lang='lat' dir='ltr'><strong>vl-</strong></span> 
     </span>
    </p>
   </div>
   <div class='ocr_carea' id='block_1_48' title="bbox 507 3558 2088 3639">
    <p class='ocr_par' dir='ltr' id='par_1_48' title="bbox 507 3558 2088 3639">
     <span class='ocr_line' id='line_1_48' title="bbox 507 3558 2088 3639; baseline -0.008 -12"><span class='ocrx_word' id='word_1_356' title='bbox 507 3587 631 3627; x_wconf 85' lang='lat' dir='ltr'><strong>uum</strong></span> <span class='ocrx_word' id='word_1_357' title='bbox 691 3586 868 3625; x_wconf 90' lang='lat' dir='ltr'><strong>meum</strong></span> <span class='ocrx_word' id='word_1_358' title='bbox 919 3583 1162 3639; x_wconf 83' lang='lat' dir='ltr'><strong>tempore</strong></span> <span class='ocrx_word' id='word_1_359' title='bbox 1194 3584 1314 3624; x_wconf 89' lang='lat' dir='ltr'><strong>suo.</strong></span> <span class='ocrx_word' id='word_1_360' title='bbox 1350 3586 1369 3620; x_wconf 73' lang='grc' dir='ltr'><strong>ι</strong></span> <span class='ocrx_word' id='word_1_361' title='bbox 1406 3567 1695 3636; x_wconf 81' lang='lat' dir='ltr'><strong>Postquam</strong></span> <span class='ocrx_word' id='word_1_362' title='bbox 1735 3564 1877 3618; x_wconf 88' lang='lat' dir='ltr'><strong>enim</strong></span> <span class='ocrx_word' id='word_1_363' title='bbox 1925 3558 2088 3617; x_wconf 86' lang='lat' dir='ltr'><strong>lsrael</strong></span> 
     </span>
    </p>
   </div>
   <div class='ocr_carea' id='block_1_49' title="bbox 502 3656 2086 3730">
    <p class='ocr_par' dir='ltr' id='par_1_49' title="bbox 502 3656 2086 3730">
     <span class='ocr_line' id='line_1_49' title="bbox 502 3656 2086 3730; baseline -0.005 -14"><span class='ocrx_word' id='word_1_364' title='bbox 502 3661 776 3718; x_wconf 76' lang='lat' dir='ltr'><strong>fructuum</strong></span> <span class='ocrx_word' id='word_1_365' title='bbox 811 3661 1020 3730; x_wconf 89' lang='lat' dir='ltr'><strong>copiam</strong></span> <span class='ocrx_word' id='word_1_366' title='bbox 1070 3660 1407 3730; x_wconf 88' lang='lat' dir='ltr'><strong>temporibus</strong></span> <span class='ocrx_word' id='word_1_367' title='bbox 1453 3658 1567 3713; x_wconf 89' lang='lat' dir='ltr'><strong>suis</strong></span> <span class='ocrx_word' id='word_1_368' title='bbox 1595 3656 1946 3713; x_wconf 79' lang='lat' dir='ltr'><strong>exsistentem</strong></span> <span class='ocrx_word' id='word_1_369' title='bbox 1977 3657 2086 3709; x_wconf 80' lang='lat' dir='ltr'><strong>da:-</strong></span> 
     </span>
    </p>
   </div>
   <div class='ocr_carea' id='block_1_50' title="bbox 505 3745 2091 3814">
    <p class='ocr_par' dir='ltr' id='par_1_50' title="bbox 505 3745 2091 3814">
     <span class='ocr_line' id='line_1_50' title="bbox 505 3745 2091 3814; baseline -0.003 -9"><span class='ocrx_word' id='word_1_370' title='bbox 505 3766 724 3806; x_wconf 90' lang='lat' dir='ltr'><strong>monum</strong></span> <span class='ocrx_word' id='word_1_371' title='bbox 772 3751 961 3804; x_wconf 90' lang='lat' dir='ltr'><strong>virtuti</strong></span> <span class='ocrx_word' id='word_1_372' title='bbox 1019 3759 1075 3806; x_wconf 90' lang='lat' dir='ltr'><strong>et</strong></span> <span class='ocrx_word' id='word_1_373' title='bbox 1103 3747 1470 3804; x_wconf 71' lang='lat' dir='ltr'><strong>beneficentiae</strong></span> <span class='ocrx_word' id='word_1_374' title='bbox 1517 3745 2091 3814; x_wconf 86' lang='lat' dir='ltr'><strong>ascribens,insipien-</strong></span> 
     </span>
    </p>
   </div>
   <div class='ocr_carea' id='block_1_51' title="bbox 507 3837 2086 3911">
    <p class='ocr_par' dir='ltr' id='par_1_51' title="bbox 507 3837 2086 3911">
     <span class='ocr_line' id='line_1_51' title="bbox 507 3837 2086 3911; baseline -0.004 -14"><span class='ocrx_word' id='word_1_375' title='bbox 507 3843 718 3897; x_wconf 86' lang='lat' dir='ltr'><strong>tissime</strong></span> <span class='ocrx_word' id='word_1_376' title='bbox 749 3842 903 3911; x_wconf 88' lang='lat' dir='ltr'><strong>ipsis,</strong></span> <span class='ocrx_word' id='word_1_377' title='bbox 934 3859 1040 3896; x_wconf 92' lang='lat' dir='ltr'><strong>non</strong></span> <span class='ocrx_word' id='word_1_378' title='bbox 1088 3841 1196 3896; x_wconf 87' lang='lat' dir='ltr'><strong>Deo</strong></span> <span class='ocrx_word' id='word_1_379' title='bbox 1225 3841 1403 3908; x_wconf 89' lang='lat' dir='ltr'><strong>potius</strong></span> <span class='ocrx_word' id='word_1_380' title='bbox 1458 3849 1670 3910; x_wconf 86' lang='lat' dir='ltr'><strong>gratum</strong></span> <span class='ocrx_word' id='word_1_381' title='bbox 1719 3853 1778 3894; x_wconf 91' lang='lat' dir='ltr'><strong>se</strong></span> <span class='ocrx_word' id='word_1_382' title='bbox 1815 3837 2086 3905; x_wconf 88' lang='lat' dir='ltr'><strong>ostendit;</strong></span> 
     </span>
    </p>
   </div>
   <div class='ocr_carea' id='block_1_52' title="bbox 505 3933 2091 4004">
    <p class='ocr_par' dir='ltr' id='par_1_52' title="bbox 505 3933 2091 4004">
     <span class='ocr_line' id='line_1_52' title="bbox 505 3933 2091 4004; baseline 0 -18"><span class='ocrx_word' id='word_1_383' title='bbox 505 3933 725 3999; x_wconf 82' lang='lat' dir='ltr'><strong>ideirco,</strong></span> <span class='ocrx_word' id='word_1_384' title='bbox 792 3934 981 4004; x_wconf 90' lang='lat' dir='ltr'><strong>inquit,</strong></span> <span class='ocrx_word' id='word_1_385' title='bbox 1041 3933 1353 4004; x_wconf 85' lang='lat' dir='ltr'><strong>disperdam</strong></span> <span class='ocrx_word' id='word_1_386' title='bbox 1405 3941 1460 3987; x_wconf 92' lang='lat' dir='ltr'><strong>et</strong></span> <span class='ocrx_word' id='word_1_387' title='bbox 1501 3946 1843 4001; x_wconf 88' lang='lat' dir='ltr'><strong>corrumpam</strong></span> <span class='ocrx_word' id='word_1_388' title='bbox 1873 3944 1956 4000; x_wconf 86' lang='lat' dir='ltr'><strong>ea,</strong></span> <span class='ocrx_word' id='word_1_389' title='bbox 1997 3946 2091 4001; x_wconf 90' lang='lat' dir='ltr'><strong>per</strong></span> 
     </span>
    </p>
   </div>
   <div class='ocr_carea' id='block_1_53' title="bbox 502 4021 2090 4096">
    <p class='ocr_par' dir='ltr' id='par_1_53' title="bbox 502 4021 2090 4096">
     <span class='ocr_line' id='line_1_53' title="bbox 502 4021 2090 4096; baseline -0.004 -16"><span class='ocrx_word' id='word_1_390' title='bbox 502 4042 624 4096; x_wconf 79' lang='lat' dir='ltr'><strong>qua:</strong></span> <span class='ocrx_word' id='word_1_391' title='bbox 673 4025 824 4080; x_wconf 77' lang='lat' dir='ltr'><strong>male</strong></span> <span class='ocrx_word' id='word_1_392' title='bbox 860 4026 1087 4087; x_wconf 81' lang='lat' dir='ltr'><strong>seducta</strong></span> <span class='ocrx_word' id='word_1_393' title='bbox 1145 4032 1264 4090; x_wconf 85' lang='lat' dir='ltr'><strong>est,</strong></span> <span class='ocrx_word' id='word_1_394' title='bbox 1313 4022 1500 4078; x_wconf 89' lang='lat' dir='ltr'><strong>dicens</strong></span> <span class='ocrx_word' id='word_1_395' title='bbox 1543 4036 1603 4078; x_wconf 89' lang='lat' dir='ltr'><strong>se</strong></span> <span class='ocrx_word' id='word_1_396' title='bbox 1659 4021 1908 4077; x_wconf 86' lang='lat' dir='ltr'><strong>mercede</strong></span> <span class='ocrx_word' id='word_1_397' title='bbox 1961 4036 2090 4076; x_wconf 85' lang='lat' dir='ltr'><strong>con-</strong></span> 
     </span>
    </p>
   </div>
   <div class='ocr_carea' id='block_1_54' title="bbox 502 4113 2089 4181">
    <p class='ocr_par' dir='ltr' id='par_1_54' title="bbox 502 4113 2089 4181">
     <span class='ocr_line' id='line_1_54' title="bbox 502 4113 2089 4181; baseline -0.008 -7"><span class='ocrx_word' id='word_1_398' title='bbox 502 4121 720 4174; x_wconf 88' lang='lat' dir='ltr'><strong>ductam</strong></span> <span class='ocrx_word' id='word_1_399' title='bbox 746 4119 814 4174; x_wconf 90' lang='lat' dir='ltr'><strong>ab</strong></span> <span class='ocrx_word' id='word_1_400' title='bbox 857 4118 1196 4173; x_wconf 84' lang='lat' dir='ltr'><strong>amatoribus</strong></span> <span class='ocrx_word' id='word_1_401' title='bbox 1249 4117 1384 4172; x_wconf 87' lang='lat' dir='ltr'><strong>suis.</strong></span> <span class='ocrx_word' id='word_1_402' title='bbox 1426 4113 1496 4170; x_wconf 86' lang='lat' dir='ltr'><strong>Et</strong></span> <span class='ocrx_word' id='word_1_403' title='bbox 1549 4125 1798 4177; x_wconf 87' lang='lat' dir='ltr'><strong>venuste,</strong></span> <span class='ocrx_word' id='word_1_404' title='bbox 1834 4121 2089 4181; x_wconf 88' lang='lat' dir='ltr'><strong>tanquam</strong></span> 
     </span>
    </p>
   </div>
   <div class='ocr_carea' id='block_1_55' title="bbox 506 4200 2095 4276">
    <p class='ocr_par' dir='ltr' id='par_1_55' title="bbox 506 4200 2095 4276">
     <span class='ocr_line' id='line_1_55' title="bbox 506 4200 2095 4276; baseline -0.008 -11"><span class='ocrx_word' id='word_1_405' title='bbox 506 4211 574 4266; x_wconf 85' lang='lat' dir='ltr'><strong>de</strong></span> <span class='ocrx_word' id='word_1_406' title='bbox 620 4209 848 4264; x_wconf 82' lang='lat' dir='ltr'><strong>muliere</strong></span> <span class='ocrx_word' id='word_1_407' title='bbox 903 4209 1189 4264; x_wconf 87' lang='lat' dir='ltr'><strong>libidinosa</strong></span> <span class='ocrx_word' id='word_1_408' title='bbox 1256 4215 1555 4276; x_wconf 86' lang='lat' dir='ltr'><strong>conceptus</strong></span> <span class='ocrx_word' id='word_1_409' title='bbox 1605 4215 1688 4259; x_wconf 90' lang='lat' dir='ltr'><strong>est</strong></span> <span class='ocrx_word' id='word_1_410' title='bbox 1740 4218 1940 4259; x_wconf 88' lang='lat' dir='ltr'><strong>sermo.</strong></span> <span class='ocrx_word' id='word_1_411' title='bbox 1988 4200 2095 4254; x_wconf 82' lang='lat' dir='ltr'><strong>Re-</strong></span> 
     </span>
    </p>
   </div>
   <div class='ocr_carea' id='block_1_56' title="bbox 504 4290 2093 4366">
    <p class='ocr_par' dir='ltr' id='par_1_56' title="bbox 504 4290 2093 4366">
     <span class='ocr_line' id='line_1_56' title="bbox 504 4290 2093 4366; baseline -0.005 -14"><span class='ocrx_word' id='word_1_412' title='bbox 504 4316 632 4356; x_wconf 85' lang='lat' dir='ltr'><strong>vera</strong></span> <span class='ocrx_word' id='word_1_413' title='bbox 681 4301 824 4354; x_wconf 87' lang='lat' dir='ltr'><strong>enim</strong></span> <span class='ocrx_word' id='word_1_414' title='bbox 857 4297 1206 4354; x_wconf 81' lang='lat' dir='ltr'><strong>existimabat</strong></span> <span class='ocrx_word' id='word_1_415' title='bbox 1256 4298 1442 4363; x_wconf 85' lang='lat' dir='ltr'><strong>Israel,</strong></span> <span class='ocrx_word' id='word_1_416' title='bbox 1489 4296 1935 4366; x_wconf 81' lang='lat' dir='ltr'><strong>tempestivorum</strong></span> <span class='ocrx_word' id='word_1_417' title='bbox 1985 4290 2093 4345; x_wconf 84' lang='lat' dir='ltr'><strong>fru-</strong></span> 
     </span>
    </p>
   </div>
   <div class='ocr_carea' id='block_1_57' title="bbox 501 4370 2093 4456">
    <p class='ocr_par' dir='ltr' id='par_1_57' title="bbox 501 4370 2093 4456">
     <span class='ocr_line' id='line_1_57' title="bbox 501 4370 2093 4456; baseline -0.007 -9"><span class='ocrx_word' id='word_1_418' title='bbox 501 4403 690 4447; x_wconf 90' lang='lat' dir='ltr'><strong>ctuum</strong></span> <span class='ocrx_word' id='word_1_419' title='bbox 722 4392 1046 4456; x_wconf 89' lang='lat' dir='ltr'><strong>ubertatem,</strong></span> <span class='ocrx_word' id='word_1_420' title='bbox 1077 4400 1132 4444; x_wconf 91' lang='lat' dir='ltr'><strong>et</strong></span> <span class='ocrx_word' id='word_1_421' title='bbox 1162 4398 1322 4444; x_wconf 81' lang='lat' dir='ltr'><strong>teme</strong></span> <span class='ocrx_word' id='word_1_422' title='bbox 1353 4370 1686 4442; x_wconf 62' lang='lat' dir='ltr'><strong>fertilitatem</strong></span> <span class='ocrx_word' id='word_1_423' title='bbox 1717 4399 1819 4454; x_wconf 91' lang='lat' dir='ltr'><strong>qua</strong></span> <span class='ocrx_word' id='word_1_424' title='bbox 1850 4381 2093 4451; x_wconf 85' lang='lat' dir='ltr'><strong>potieba-</strong></span> 
     </span>
    </p>
   </div>
   <div class='ocr_carea' id='block_1_58' title="bbox 506 4474 2094 4553">
    <p class='ocr_par' dir='ltr' id='par_1_58' title="bbox 506 4474 2094 4553">
     <span class='ocr_line' id='line_1_58' title="bbox 506 4474 2094 4553; baseline -0.006 -15"><span class='ocrx_word' id='word_1_425' title='bbox 506 4495 616 4549; x_wconf 85' lang='lat' dir='ltr'><strong>tur,</strong></span> <span class='ocrx_word' id='word_1_426' title='bbox 675 4485 726 4539; x_wconf 88' lang='lat' dir='ltr'><strong>in</strong></span> <span class='ocrx_word' id='word_1_427' title='bbox 803 4483 1032 4553; x_wconf 88' lang='lat' dir='ltr'><strong>pretium</strong></span> <span class='ocrx_word' id='word_1_428' title='bbox 1111 4491 1165 4537; x_wconf 91' lang='lat' dir='ltr'><strong>et</strong></span> <span class='ocrx_word' id='word_1_429' title='bbox 1210 4479 1700 4536; x_wconf 88' lang='lat' dir='ltr'><strong>remunerationem</strong></span> <span class='ocrx_word' id='word_1_430' title='bbox 1772 4474 1996 4531; x_wconf 89' lang='lat' dir='ltr'><strong>honoris</strong></span> <span class='ocrx_word' id='word_1_431' title='bbox 2039 4483 2094 4529; x_wconf 91' lang='lat' dir='ltr'><strong>ct</strong></span> 
     </span>
    </p>
   </div>
   <div class='ocr_carea' id='block_1_59' title="bbox 2189 2013 3777 2088">
    <p class='ocr_par' dir='ltr' id='par_1_59' title="bbox 2189 2013 3777 2088">
     <span class='ocr_line' id='line_1_59' title="bbox 2189 2013 3777 2088; baseline 0.003 -22"><span class='ocrx_word' id='word_1_432' title='bbox 2189 2013 2680 2084; x_wconf 82' lang='grc' dir='ltr'>κατευφραίνεσοαι</span> <span class='ocrx_word' id='word_1_433' title='bbox 2704 2015 2840 2069; x_wconf 76' lang='grc' dir='ltr'>δεῖν·</span> <span class='ocrx_word' id='word_1_434' title='bbox 2865 2035 2884 2068; x_wconf 75' lang='grc' dir='ltr'><strong>ι</strong></span> <span class='ocrx_word' id='word_1_435' title='bbox 2916 2015 3238 2088; x_wconf 85' lang='grc' dir='ltr'>Εὐφροσύνη</span> <span class='ocrx_word' id='word_1_436' title='bbox 3267 2016 3376 2088; x_wconf 91' lang='grc' dir='ltr'><strong>γάρ</strong></span> <span class='ocrx_word' id='word_1_437' title='bbox 3395 2017 3610 2081; x_wconf 79' lang='grc' dir='ltr'>αἰώνιος</span> <span class='ocrx_word' id='word_1_438' title='bbox 3635 2017 3777 2088; x_wconf 81' lang='grc' dir='ltr'>ὑπὲρ</span> 
     </span>
    </p>
   </div>
   <div class='ocr_carea' id='block_1_60' title="bbox 2187 2105 3780 2180">
    <p class='ocr_par' dir='ltr' id='par_1_60' title="bbox 2187 2105 3780 2180">
     <span class='ocr_line' id='line_1_60' title="bbox 2187 2105 3780 2180; baseline 0.003 -22"><span class='ocrx_word' id='word_1_439' title='bbox 2187 2105 2427 2176; x_wconf 84' lang='grc' dir='ltr'>κεφαλῆς</span> <span class='ocrx_word' id='word_1_440' title='bbox 2443 2105 2644 2173; x_wconf 89' lang='grc' dir='ltr'>αὐτῶν,</span> <span class='ocrx_word' id='word_1_441' title='bbox 2671 2126 2689 2158; x_wconf 70' lang='grc' dir='ltr'><strong>ι</strong></span> <span class='ocrx_word' id='word_1_442' title='bbox 2726 2107 2870 2161; x_wconf 84' lang='grc' dir='ltr'><strong>κατά</strong></span> <span class='ocrx_word' id='word_1_443' title='bbox 2894 2107 2954 2161; x_wconf 77' lang='grc' dir='ltr'><strong>τὸ</strong></span> <span class='ocrx_word' id='word_1_444' title='bbox 2982 2108 3386 2179; x_wconf 88' lang='grc' dir='ltr'>γεγραμμένον.</span> <span class='ocrx_word' id='word_1_445' title='bbox 3424 2128 3442 2159; x_wconf 75' lang='grc' dir='ltr'><strong>ι</strong></span> <span class='ocrx_word' id='word_1_446' title='bbox 3466 2108 3702 2180; x_wconf 84' lang='grc' dir='ltr'>Ἀπέδρα</span> <span class='ocrx_word' id='word_1_447' title='bbox 3717 2124 3780 2162; x_wconf 75' lang='grc' dir='ltr'>τι</span> 
     </span>
    </p>
   </div>
   <div class='ocr_carea' id='block_1_61' title="bbox 2186 2193 3781 2271">
    <p class='ocr_par' dir='ltr' id='par_1_61' title="bbox 2186 2193 3781 2271">
     <span class='ocr_line' id='line_1_61' title="bbox 2186 2193 3781 2271; baseline 0.001 -22"><span class='ocrx_word' id='word_1_448' title='bbox 2186 2196 2365 2269; x_wconf 83' lang='grc' dir='ltr'>ὀδύνη,</span> <span class='ocrx_word' id='word_1_449' title='bbox 2396 2199 2488 2251; x_wconf 73' lang='grc' dir='ltr'><strong>καὶ</strong></span> <span class='ocrx_word' id='word_1_450' title='bbox 2504 2197 2670 2269; x_wconf 83' lang='grc' dir='ltr'>λύπη,</span> <span class='ocrx_word' id='word_1_451' title='bbox 2688 2200 2782 2253; x_wconf 76' lang='grc' dir='ltr'>καὶ</span> <span class='ocrx_word' id='word_1_452' title='bbox 2808 2199 3164 2271; x_wconf 76' lang='grc' dir='ltr'>στεναγμός.»</span> <span class='ocrx_word' id='word_1_453' title='bbox 3203 2193 3297 2261; x_wconf 78' lang='grc' dir='ltr'><strong>Οἷς</strong></span> <span class='ocrx_word' id='word_1_454' title='bbox 3326 2198 3420 2251; x_wconf 73' lang='grc' dir='ltr'>καὶ</span> <span class='ocrx_word' id='word_1_455' title='bbox 3439 2199 3467 2252; x_wconf 79' lang='lat'><strong>6</strong></span> <span class='ocrx_word' id='word_1_456' title='bbox 3494 2198 3781 2263; x_wconf 83' lang='grc' dir='ltr'>θεσπέσιος</span> 
     </span>
    </p>
   </div>
   <div class='ocr_carea' id='block_1_62' title="bbox 2189 2287 3782 2361">
    <p class='ocr_par' dir='ltr' id='par_1_62' title="bbox 2189 2287 3782 2361">
     <span class='ocr_line' id='line_1_62' title="bbox 2189 2287 3782 2361; baseline 0.001 -20"><span class='ocrx_word' id='word_1_457' title='bbox 2189 2287 2398 2353; x_wconf 80' lang='grc' dir='ltr'>Παῦλος</span> <span class='ocrx_word' id='word_1_458' title='bbox 2430 2289 2735 2343; x_wconf 89' lang='grc' dir='ltr'>ἐπιστέλλει</span> <span class='ocrx_word' id='word_1_459' title='bbox 2773 2289 2944 2359; x_wconf 86' lang='grc' dir='ltr'>λέγων</span> <span class='ocrx_word' id='word_1_460' title='bbox 2967 2307 2980 2321; x_wconf 86' lang='grc'><strong>·</strong></span> <span class='ocrx_word' id='word_1_461' title='bbox 3021 2290 3288 2361; x_wconf 77' lang='grc' dir='ltr'>«Χαίρετε</span> <span class='ocrx_word' id='word_1_462' title='bbox 3322 2290 3380 2343; x_wconf 90' lang='grc' dir='ltr'><strong>ἐν</strong></span> <span class='ocrx_word' id='word_1_463' title='bbox 3413 2290 3605 2361; x_wconf 87' lang='grc' dir='ltr'>Κυρίῳ</span> <span class='ocrx_word' id='word_1_464' title='bbox 3642 2289 3782 2343; x_wconf 83' lang='grc' dir='ltr'>πάν-</span> 
     </span>
    </p>
   </div>
   <div class='ocr_carea' id='block_1_63' title="bbox 2187 2381 3774 2455">
    <p class='ocr_par' dir='ltr' id='par_1_63' title="bbox 2187 2381 3774 2455">
     <span class='ocr_line' id='line_1_63' title="bbox 2187 2381 3774 2455; baseline 0 -20"><span class='ocrx_word' id='word_1_465' title='bbox 2187 2397 2308 2435; x_wconf 85' lang='grc' dir='ltr'>τοτε</span> <span class='ocrx_word' id='word_1_466' title='bbox 2330 2395 2345 2410; x_wconf 76' lang='grc' dir='ltr'><strong>ο</strong></span> <span class='ocrx_word' id='word_1_467' title='bbox 2397 2381 2560 2436; x_wconf 87' lang='grc' dir='ltr'>πάλιν</span> <span class='ocrx_word' id='word_1_468' title='bbox 2603 2381 2714 2454; x_wconf 83' lang='grc' dir='ltr'><strong>ἐρῶ</strong></span> <span class='ocrx_word' id='word_1_469' title='bbox 2735 2421 2748 2445; x_wconf 88' lang='grc'><strong>,</strong></span> <span class='ocrx_word' id='word_1_470' title='bbox 2777 2383 3016 2455; x_wconf 82' lang='grc' dir='ltr'>χαίρετε.</span> <span class='ocrx_word' id='word_1_471' title='bbox 3068 2383 3143 2436; x_wconf 83' lang='grc' dir='ltr'><strong>Τὸ</strong></span> <span class='ocrx_word' id='word_1_472' title='bbox 3168 2382 3408 2446; x_wconf 85' lang='grc' dir='ltr'>ἐπιεικὲς</span> <span class='ocrx_word' id='word_1_473' title='bbox 3451 2382 3605 2453; x_wconf 84' lang='grc' dir='ltr'>ὑμῶν</span> <span class='ocrx_word' id='word_1_474' title='bbox 3636 2399 3774 2452; x_wconf 84' lang='grc' dir='ltr'>γνω-</span> 
     </span>
    </p>
   </div>
   <div class='ocr_carea' id='block_1_64' title="bbox 2190 2469 3781 2547">
    <p class='ocr_par' dir='ltr' id='par_1_64' title="bbox 2190 2469 3781 2547">
     <span class='ocr_line' id='line_1_64' title="bbox 2190 2469 3781 2547; baseline 0.006 -26"><span class='ocrx_word' id='word_1_475' title='bbox 2190 2469 2370 2540; x_wconf 83' lang='grc' dir='ltr'>σθήτω</span> <span class='ocrx_word' id='word_1_476' title='bbox 2429 2473 2594 2526; x_wconf 81' lang='grc' dir='ltr'>πᾶσιν</span> <span class='ocrx_word' id='word_1_477' title='bbox 2645 2472 3008 2541; x_wconf 71' lang='grc' dir='ltr'>ἀνθρώποις.»</span> <span class='ocrx_word' id='word_1_478' title='bbox 3037 2474 3271 2542; x_wconf 83' lang='grc' dir='ltr'>Ἔψεται</span> <span class='ocrx_word' id='word_1_479' title='bbox 3295 2475 3405 2547; x_wconf 82' lang='grc' dir='ltr'>γὰρ</span> <span class='ocrx_word' id='word_1_480' title='bbox 3448 2475 3638 2547; x_wconf 81' lang='grc' dir='ltr'>ὥσπερ</span> <span class='ocrx_word' id='word_1_481' title='bbox 3664 2479 3781 2541; x_wconf 90' lang='grc' dir='ltr'>τοῖς</span> 
     </span>
    </p>
   </div>
   <div class='ocr_carea' id='block_1_65' title="bbox 2187 2559 3783 2631">
    <p class='ocr_par' dir='ltr' id='par_1_65' title="bbox 2187 2559 3783 2631">
     <span class='ocr_line' id='line_1_65' title="bbox 2187 2559 3783 2631; baseline 0.005 -18"><span class='ocrx_word' id='word_1_482' title='bbox 2187 2559 2484 2631; x_wconf 87' lang='grc' dir='ltr'>ἀλιτηρίοις</span> <span class='ocrx_word' id='word_1_483' title='bbox 2515 2562 2576 2616; x_wconf 84' lang='grc' dir='ltr'><strong>τὸ</strong></span> <span class='ocrx_word' id='word_1_484' title='bbox 2606 2563 2928 2628; x_wconf 74' lang='grc' dir='ltr'>κολάζεσθαι</span> <span class='ocrx_word' id='word_1_485' title='bbox 2961 2564 3091 2630; x_wconf 88' lang='grc' dir='ltr'>δεῖν,</span> <span class='ocrx_word' id='word_1_486' title='bbox 3117 2564 3261 2619; x_wconf 76' lang='grc' dir='ltr'>οὕτω</span> <span class='ocrx_word' id='word_1_487' title='bbox 3297 2567 3392 2619; x_wconf 78' lang='grc' dir='ltr'><strong>καὶ</strong></span> <span class='ocrx_word' id='word_1_488' title='bbox 3425 2569 3536 2630; x_wconf 88' lang='grc' dir='ltr'>τοῖς</span> <span class='ocrx_word' id='word_1_489' title='bbox 3572 2567 3783 2623; x_wconf 78' lang='grc' dir='ltr'>ἀνωθεν</span> 
     </span>
    </p>
   </div>
   <div class='ocr_carea' id='block_1_66' title="bbox 2187 2649 3782 2726">
    <p class='ocr_par' dir='ltr' id='par_1_66' title="bbox 2187 2649 3782 2726">
     <span class='ocr_line' id='line_1_66' title="bbox 2187 2649 3782 2726; baseline 0.004 -19"><span class='ocrx_word' id='word_1_490' title='bbox 2187 2655 2582 2709; x_wconf 85' lang='grc' dir='ltr'>καταπλουτεῖν</span> <span class='ocrx_word' id='word_1_491' title='bbox 2609 2656 2857 2725; x_wconf 85' lang='grc' dir='ltr'>ἀγαθοῖς,</span> <span class='ocrx_word' id='word_1_492' title='bbox 2884 2649 2967 2720; x_wconf 81' lang='grc' dir='ltr'><strong>οἷς</strong></span> <span class='ocrx_word' id='word_1_493' title='bbox 2997 2654 3064 2710; x_wconf 78' lang='grc' dir='ltr'>ἂν</span> <span class='ocrx_word' id='word_1_494' title='bbox 3097 2654 3306 2726; x_wconf 86' lang='grc' dir='ltr'>γένοιτο</span> <span class='ocrx_word' id='word_1_495' title='bbox 3341 2659 3543 2724; x_wconf 78' lang='grc' dir='ltr'>σκοπὸς</span> <span class='ocrx_word' id='word_1_496' title='bbox 3573 2659 3632 2713; x_wconf 84' lang='grc' dir='ltr'><strong>τὸ</strong></span> <span class='ocrx_word' id='word_1_497' title='bbox 3664 2660 3782 2714; x_wconf 85' lang='grc' dir='ltr'>δια-</span> 
     </span>
    </p>
   </div>
   <div class='ocr_carea' id='block_1_67' title="bbox 2188 2742 2713 2816">
    <p class='ocr_par' dir='ltr' id='par_1_67' title="bbox 2188 2742 2713 2816">
     <span class='ocr_line' id='line_1_67' title="bbox 2188 2742 2713 2816; baseline 0.01 -21"><span class='ocrx_word' id='word_1_498' title='bbox 2188 2742 2380 2797; x_wconf 89' lang='grc' dir='ltr'>ϐιῶναι</span> <span class='ocrx_word' id='word_1_499' title='bbox 2424 2742 2713 2816; x_wconf 82' lang='grc' dir='ltr'>λαμπρῶς.</span> 
     </span>
    </p>
   </div>
   <div class='ocr_carea' id='block_1_68' title="bbox 2256 2833 3780 2907">
    <p class='ocr_par' dir='ltr' id='par_1_68' title="bbox 2256 2833 3780 2907">
     <span class='ocr_line' id='line_1_68' title="bbox 2256 2833 3780 2907; baseline 0.005 -21"><span class='ocrx_word' id='word_1_500' title='bbox 2256 2833 2367 2887; x_wconf 81' lang='grc' dir='ltr'><strong>Καὶ</strong></span> <span class='ocrx_word' id='word_1_501' title='bbox 2420 2833 2652 2903; x_wconf 66' lang='grc' dir='ltr'>ἀφανιῶ</span> <span class='ocrx_word' id='word_1_502' title='bbox 2704 2833 2982 2904; x_wconf 74' lang='grc' dir='ltr'>ἄμπελον</span> <span class='ocrx_word' id='word_1_503' title='bbox 3025 2835 3249 2906; x_wconf 82' lang='grc' dir='ltr'>αὐτῆς,</span> <span class='ocrx_word' id='word_1_504' title='bbox 3295 2835 3394 2890; x_wconf 76' lang='grc' dir='ltr'><strong>καί</strong></span> <span class='ocrx_word' id='word_1_505' title='bbox 3436 2837 3545 2902; x_wconf 80' lang='grc' dir='ltr'>τὰς</span> <span class='ocrx_word' id='word_1_506' title='bbox 3580 2837 3780 2907; x_wconf 78' lang='grc' dir='ltr'>συκᾶς</span> 
     </span>
    </p>
   </div>
   <div class='ocr_carea' id='block_1_69' title="bbox 2187 2921 3777 2999">
    <p class='ocr_par' dir='ltr' id='par_1_69' title="bbox 2187 2921 3777 2999">
     <span class='ocr_line' id='line_1_69' title="bbox 2187 2921 3777 2999; baseline 0.004 -23"><span class='ocrx_word' id='word_1_507' title='bbox 2187 2923 2380 2993; x_wconf 82' lang='grc' dir='ltr'>αὐτῆς</span> <span class='ocrx_word' id='word_1_508' title='bbox 2420 2925 2538 2978; x_wconf 83' lang='grc' dir='ltr'>ὅσα</span> <span class='ocrx_word' id='word_1_509' title='bbox 2572 2921 2734 2980; x_wconf 81' lang='grc' dir='ltr'>εἷπε·</span> <span class='ocrx_word' id='word_1_510' title='bbox 2780 2927 3144 2998; x_wconf 75' lang='grc' dir='ltr'>Μισθώματά</span> <span class='ocrx_word' id='word_1_511' title='bbox 3167 2946 3288 2999; x_wconf 82' lang='grc' dir='ltr'>μου</span> <span class='ocrx_word' id='word_1_512' title='bbox 3345 2929 3531 2983; x_wconf 77' lang='grc' dir='ltr'>ταῦτά</span> <span class='ocrx_word' id='word_1_513' title='bbox 3584 2931 3777 2991; x_wconf 80' lang='grc' dir='ltr'>ἐστιν.</span> 
     </span>
    </p>
   </div>
   <div class='ocr_carea' id='block_1_70' title="bbox 2186 3012 3783 3090">
    <p class='ocr_par' dir='ltr' id='par_1_70' title="bbox 2186 3012 3783 3090">
     <span class='ocr_line' id='line_1_70' title="bbox 2186 3012 3783 3090; baseline 0.004 -20"><span class='ocrx_word' id='word_1_514' title='bbox 2186 3012 2224 3070; x_wconf 80' lang='grc' dir='ltr'><em>ιῖ</em></span> <span class='ocrx_word' id='word_1_515' title='bbox 2256 3015 2486 3069; x_wconf 70' lang='grc' dir='ltr'>ἔδωκάν</span> <span class='ocrx_word' id='word_1_516' title='bbox 2508 3034 2610 3086; x_wconf 83' lang='grc' dir='ltr'><strong>μοι</strong></span> <span class='ocrx_word' id='word_1_517' title='bbox 2640 3021 2692 3072; x_wconf 81' lang='grc' dir='ltr'>οι</span> <span class='ocrx_word' id='word_1_518' title='bbox 2727 3017 2975 3087; x_wconf 82' lang='grc' dir='ltr'>ἐρασταί</span> <span class='ocrx_word' id='word_1_519' title='bbox 3016 3024 3162 3088; x_wconf 80' lang='grc' dir='ltr'>μου,</span> <span class='ocrx_word' id='word_1_520' title='bbox 3196 3022 3294 3074; x_wconf 80' lang='grc' dir='ltr'>καὶ</span> <span class='ocrx_word' id='word_1_521' title='bbox 3329 3021 3590 3090; x_wconf 75' lang='grc' dir='ltr'>θήσομαι</span> <span class='ocrx_word' id='word_1_522' title='bbox 3626 3024 3783 3077; x_wconf 69' lang='grc' dir='ltr'>αὐτὰ</span> 
     </span>
    </p>
   </div>
   <div class='ocr_carea' id='block_1_71' title="bbox 2185 3109 3780 3182">
    <p class='ocr_par' dir='ltr' id='par_1_71' title="bbox 2185 3109 3780 3182">
     <span class='ocr_line' id='line_1_71' title="bbox 2185 3109 3780 3182; baseline 0.006 -21"><span class='ocrx_word' id='word_1_523' title='bbox 2185 3110 2273 3175; x_wconf 85' lang='grc' dir='ltr'><strong>εἰς</strong></span> <span class='ocrx_word' id='word_1_524' title='bbox 2314 3110 2660 3178; x_wconf 82' lang='grc' dir='ltr'>μαρτύριον,</span> <span class='ocrx_word' id='word_1_525' title='bbox 2692 3109 2788 3163; x_wconf 82' lang='grc' dir='ltr'><strong>καί</strong></span> <span class='ocrx_word' id='word_1_526' title='bbox 2826 3115 3224 3181; x_wconf 66' lang='grc' dir='ltr'>καταράγεται</span> <span class='ocrx_word' id='word_1_527' title='bbox 3261 3113 3414 3166; x_wconf 83' lang='grc' dir='ltr'>αὐτὰ</span> <span class='ocrx_word' id='word_1_528' title='bbox 3448 3114 3624 3182; x_wconf 83' lang='grc' dir='ltr'>θηρία</span> <span class='ocrx_word' id='word_1_529' title='bbox 3671 3115 3780 3170; x_wconf 86' lang='grc' dir='ltr'>τοῦ</span> 
     </span>
    </p>
   </div>
   <div class='ocr_carea' id='block_1_72' title="bbox 2188 3200 3785 3277">
    <p class='ocr_par' dir='ltr' id='par_1_72' title="bbox 2188 3200 3785 3277">
     <span class='ocr_line' id='line_1_72' title="bbox 2188 3200 3785 3277; baseline 0.005 -24"><span class='ocrx_word' id='word_1_530' title='bbox 2188 3200 2395 3270; x_wconf 78' lang='grc' dir='ltr'>ἀγροῦ,</span> <span class='ocrx_word' id='word_1_531' title='bbox 2446 3200 2546 3254; x_wconf 81' lang='grc' dir='ltr'>καὶ</span> <span class='ocrx_word' id='word_1_532' title='bbox 2579 3202 2653 3255; x_wconf 85' lang='grc' dir='ltr'>τὰ</span> <span class='ocrx_word' id='word_1_533' title='bbox 2689 3204 2932 3257; x_wconf 81' lang='grc' dir='ltr'>πετεινὰ</span> <span class='ocrx_word' id='word_1_534' title='bbox 2962 3203 3068 3258; x_wconf 81' lang='grc' dir='ltr'>τοῦ</span> <span class='ocrx_word' id='word_1_535' title='bbox 3105 3206 3399 3274; x_wconf 76' lang='grc' dir='ltr'>ούρανοῦ,</span> <span class='ocrx_word' id='word_1_536' title='bbox 3437 3207 3538 3262; x_wconf 83' lang='grc' dir='ltr'><strong>καί</strong></span> <span class='ocrx_word' id='word_1_537' title='bbox 3587 3208 3660 3263; x_wconf 86' lang='grc' dir='ltr'>τὰ</span> <span class='ocrx_word' id='word_1_538' title='bbox 3685 3207 3785 3277; x_wconf 66' lang='grc' dir='ltr'>ἐρα</span> 
     </span>
    </p>
   </div>
   <div class='ocr_carea' id='block_1_73' title="bbox 2193 3293 2656 3366">
    <p class='ocr_par' dir='ltr' id='par_1_73' title="bbox 2193 3293 2656 3366">
     <span class='ocr_line' id='line_1_73' title="bbox 2193 3293 2656 3366; baseline 0.004 -20"><span class='ocrx_word' id='word_1_539' title='bbox 2193 3293 2344 3348; x_wconf 85' lang='grc' dir='ltr'>πετὰ</span> <span class='ocrx_word' id='word_1_540' title='bbox 2373 3293 2484 3363; x_wconf 83' lang='grc' dir='ltr'>τῆς</span> <span class='ocrx_word' id='word_1_541' title='bbox 2523 3294 2656 3366; x_wconf 70' lang='grc' dir='ltr'>γῆς,</span> 
     </span>
    </p>
   </div>
   <div class='ocr_carea' id='block_1_74' title="bbox 2264 3386 3785 3464">
    <p class='ocr_par' dir='ltr' id='par_1_74' title="bbox 2264 3386 3785 3464">
     <span class='ocr_line' id='line_1_74' title="bbox 2264 3386 3785 3464; baseline 0.005 -25"><span class='ocrx_word' id='word_1_542' title='bbox 2264 3386 2347 3441; x_wconf 71' lang='grc' dir='ltr'>ις’.</span> <span class='ocrx_word' id='word_1_543' title='bbox 2372 3386 2542 3440; x_wconf 81' lang='grc' dir='ltr'>Τοῦτο</span> <span class='ocrx_word' id='word_1_544' title='bbox 2565 3386 2629 3458; x_wconf 82' lang='grc' dir='ltr'><strong>δὴ</strong></span> <span class='ocrx_word' id='word_1_545' title='bbox 2653 3389 2817 3443; x_wconf 89' lang='grc' dir='ltr'>πάλιν</span> <span class='ocrx_word' id='word_1_546' title='bbox 2860 3389 3062 3462; x_wconf 87' lang='grc' dir='ltr'>ἑτέρως</span> <span class='ocrx_word' id='word_1_547' title='bbox 3087 3389 3233 3443; x_wconf 77' lang='grc' dir='ltr'>ἔστιν</span> <span class='ocrx_word' id='word_1_548' title='bbox 3262 3391 3455 3454; x_wconf 85' lang='grc' dir='ltr'>εἰπεῖν,</span> <span class='ocrx_word' id='word_1_549' title='bbox 3489 3391 3570 3456; x_wconf 83' lang='grc' dir='ltr'><strong>τὸ,</strong></span> <span class='ocrx_word' id='word_1_550' title='bbox 3601 3411 3619 3444; x_wconf 79' lang='grc' dir='ltr'><strong>ι</strong></span> <span class='ocrx_word' id='word_1_551' title='bbox 3654 3393 3785 3464; x_wconf 82' lang='grc' dir='ltr'><strong>Ἀφ-</strong></span> 
     </span>
    </p>
   </div>
   <div class='ocr_carea' id='block_1_75' title="bbox 2192 3474 3783 3551">
    <p class='ocr_par' dir='ltr' id='par_1_75' title="bbox 2192 3474 3783 3551">
     <span class='ocr_line' id='line_1_75' title="bbox 2192 3474 3783 3551; baseline 0.005 -22"><span class='ocrx_word' id='word_1_552' title='bbox 2192 3474 2420 3548; x_wconf 76' lang='grc' dir='ltr'>ελοῦμαι</span> <span class='ocrx_word' id='word_1_553' title='bbox 2446 3478 2537 3532; x_wconf 76' lang='grc' dir='ltr'>τὸν</span> <span class='ocrx_word' id='word_1_554' title='bbox 2561 3480 2704 3533; x_wconf 89' lang='grc' dir='ltr'>σῖτόν</span> <span class='ocrx_word' id='word_1_555' title='bbox 2733 3497 2833 3550; x_wconf 88' lang='grc' dir='ltr'><strong>μου</strong></span> <span class='ocrx_word' id='word_1_556' title='bbox 2865 3479 2990 3535; x_wconf 75' lang='grc' dir='ltr'>καθ’</span> <span class='ocrx_word' id='word_1_557' title='bbox 3018 3480 3166 3551; x_wconf 83' lang='grc' dir='ltr'>ὥραν</span> <span class='ocrx_word' id='word_1_558' title='bbox 3192 3481 3380 3547; x_wconf 78' lang='grc' dir='ltr'>αὐτοῦ,</span> <span class='ocrx_word' id='word_1_559' title='bbox 3400 3482 3494 3535; x_wconf 76' lang='grc' dir='ltr'><strong>καὶ</strong></span> <span class='ocrx_word' id='word_1_560' title='bbox 3518 3484 3608 3536; x_wconf 85' lang='grc' dir='ltr'><strong>τὸν</strong></span> <span class='ocrx_word' id='word_1_561' title='bbox 3636 3479 3783 3537; x_wconf 75' lang='grc' dir='ltr'>οἶνόν</span> 
     </span>
    </p>
   </div>
   <div class='ocr_carea' id='block_1_76' title="bbox 2195 3569 3783 3643">
    <p class='ocr_par' dir='ltr' id='par_1_76' title="bbox 2195 3569 3783 3643">
     <span class='ocr_line' id='line_1_76' title="bbox 2195 3569 3783 3643; baseline 0.004 -22"><span class='ocrx_word' id='word_1_562' title='bbox 2195 3585 2296 3638; x_wconf 89' lang='grc' dir='ltr'><strong>μου</strong></span> <span class='ocrx_word' id='word_1_563' title='bbox 2341 3569 2397 3622; x_wconf 84' lang='grc' dir='ltr'><strong>ἐν</strong></span> <span class='ocrx_word' id='word_1_564' title='bbox 2438 3569 2614 3642; x_wconf 82' lang='grc' dir='ltr'>καιρῷ</span> <span class='ocrx_word' id='word_1_565' title='bbox 2642 3570 2828 3624; x_wconf 73' lang='grc' dir='ltr'>αὐτοῦ.</span> <span class='ocrx_word' id='word_1_566' title='bbox 2859 3591 2877 3625; x_wconf 71' lang='grc' dir='ltr'><strong>ι</strong></span> <span class='ocrx_word' id='word_1_567' title='bbox 2920 3572 3138 3643; x_wconf 82' lang='grc' dir='ltr'>Ἐπειδὴ</span> <span class='ocrx_word' id='word_1_568' title='bbox 3172 3573 3284 3643; x_wconf 67' lang='grc' dir='ltr'>γὰρ</span> <span class='ocrx_word' id='word_1_569' title='bbox 3330 3573 3428 3636; x_wconf 73' lang='grc' dir='ltr'>τὰς</span> <span class='ocrx_word' id='word_1_570' title='bbox 3472 3574 3581 3626; x_wconf 88' lang='grc' dir='ltr'><strong>τῶν</strong></span> <span class='ocrx_word' id='word_1_571' title='bbox 3619 3573 3783 3643; x_wconf 85' lang='grc' dir='ltr'>ὡρῶν</span> 
     </span>
    </p>
   </div>
   <div class='ocr_carea' id='block_1_77' title="bbox 2192 3655 3785 3732">
    <p class='ocr_par' dir='ltr' id='par_1_77' title="bbox 2192 3655 3785 3732">
     <span class='ocr_line' id='line_1_77' title="bbox 2192 3655 3785 3732; baseline 0.006 -25"><span class='ocrx_word' id='word_1_572' title='bbox 2192 3655 2498 3726; x_wconf 77' lang='grc' dir='ltr'>εὐκαρπίας</span> <span class='ocrx_word' id='word_1_573' title='bbox 2523 3660 2644 3722; x_wconf 84' lang='grc' dir='ltr'>ταῖς</span> <span class='ocrx_word' id='word_1_574' title='bbox 2679 3659 2788 3713; x_wconf 88' lang='grc' dir='ltr'><strong>τῶν</strong></span> <span class='ocrx_word' id='word_1_575' title='bbox 2813 3661 3102 3732; x_wconf 84' lang='grc' dir='ltr'>δαιμονίων</span> <span class='ocrx_word' id='word_1_576' title='bbox 3131 3662 3395 3732; x_wconf 79' lang='grc' dir='ltr'>δυνάμεσι</span> <span class='ocrx_word' id='word_1_577' title='bbox 3452 3664 3546 3716; x_wconf 71' lang='grc' dir='ltr'><strong>καί¹</strong></span> <span class='ocrx_word' id='word_1_578' title='bbox 3577 3663 3785 3732; x_wconf 73' lang='grc' dir='ltr'>φιλοτιε-</span> 
     </span>
    </p>
   </div>
   <div class='ocr_carea' id='block_1_78' title="bbox 2193 3745 3780 3827">
    <p class='ocr_par' dir='ltr' id='par_1_78' title="bbox 2193 3745 3780 3827">
     <span class='ocr_line' id='line_1_78' title="bbox 2193 3745 3780 3827; baseline 0.008 -30"><span class='ocrx_word' id='word_1_579' title='bbox 2193 3745 2347 3817; x_wconf 86' lang='grc' dir='ltr'>μίαις</span> <span class='ocrx_word' id='word_1_580' title='bbox 2389 3748 2713 3818; x_wconf 87' lang='grc' dir='ltr'>προσνέμων</span> <span class='ocrx_word' id='word_1_581' title='bbox 2758 3751 2787 3802; x_wconf 97' lang='lat'><strong>6</strong></span> <span class='ocrx_word' id='word_1_582' title='bbox 2824 3751 3076 3822; x_wconf 81' lang='grc' dir='ltr'>Ἰσραὴλ,</span> <span class='ocrx_word' id='word_1_583' title='bbox 3113 3753 3209 3805; x_wconf 73' lang='grc' dir='ltr'>καὶ</span> <span class='ocrx_word' id='word_1_584' title='bbox 3244 3752 3580 3808; x_wconf 87' lang='grc' dir='ltr'>ἀϐουλότατα</span> <span class='ocrx_word' id='word_1_585' title='bbox 3611 3755 3780 3827; x_wconf 87' lang='grc' dir='ltr'>δρῶν,</span> 
     </span>
    </p>
   </div>
   <div class='ocr_carea' id='block_1_79' title="bbox 2192 3835 3782 3913">
    <p class='ocr_par' dir='ltr' id='par_1_79' title="bbox 2192 3835 3782 3913">
     <span class='ocr_line' id='line_1_79' title="bbox 2192 3835 3782 3913; baseline 0.005 -26"><span class='ocrx_word' id='word_1_586' title='bbox 2192 3835 2376 3899; x_wconf 86' lang='grc' dir='ltr'>αὐτοῖς</span> <span class='ocrx_word' id='word_1_587' title='bbox 2401 3836 2635 3890; x_wconf 86' lang='grc' dir='ltr'>ἀνετίθει</span> <span class='ocrx_word' id='word_1_588' title='bbox 2666 3838 2734 3891; x_wconf 89' lang='grc' dir='ltr'>τὰ</span> <span class='ocrx_word' id='word_1_589' title='bbox 2755 3841 3102 3909; x_wconf 86' lang='grc' dir='ltr'>χαριστήρια,</span> <span class='ocrx_word' id='word_1_590' title='bbox 3136 3840 3232 3893; x_wconf 74' lang='grc' dir='ltr'>καὶ</span> <span class='ocrx_word' id='word_1_591' title='bbox 3261 3841 3383 3911; x_wconf 71' lang='grc' dir='ltr'>οὐχὶ</span> <span class='ocrx_word' id='word_1_592' title='bbox 3411 3842 3611 3911; x_wconf 83' lang='grc' dir='ltr'>μᾶλλον</span> <span class='ocrx_word' id='word_1_593' title='bbox 3636 3842 3782 3913; x_wconf 87' lang='grc' dir='ltr'>Θεῷ,</span> 
     </span>
    </p>
   </div>
   <div class='ocr_carea' id='block_1_80' title="bbox 2190 3924 3782 4004">
    <p class='ocr_par' dir='ltr' id='par_1_80' title="bbox 2190 3924 3782 4004">
     <span class='ocr_line' id='line_1_80' title="bbox 2190 3924 3782 4004; baseline 0.006 -26"><span class='ocrx_word' id='word_1_594' title='bbox 2190 3924 2466 3996; x_wconf 81' lang='grc' dir='ltr'>ταύτῃτοι,</span> <span class='ocrx_word' id='word_1_595' title='bbox 2503 3927 2686 3999; x_wconf 68' lang='grc' dir='ltr'>φησὶν,</span> <span class='ocrx_word' id='word_1_596' title='bbox 2717 3929 2792 3994; x_wconf 80' lang='grc' dir='ltr'>ὡς</span> <span class='ocrx_word' id='word_1_597' title='bbox 2827 3931 3038 3999; x_wconf 87' lang='grc' dir='ltr'>ἀφανιῶ</span> <span class='ocrx_word' id='word_1_598' title='bbox 3074 3933 3168 3986; x_wconf 76' lang='grc' dir='ltr'><strong>καὶ</strong></span> <span class='ocrx_word' id='word_1_599' title='bbox 3213 3934 3545 4004; x_wconf 88' lang='grc' dir='ltr'>καταφθερῶ</span> <span class='ocrx_word' id='word_1_600' title='bbox 3606 3933 3675 3987; x_wconf 80' lang='grc' dir='ltr'>τὰ</span> <span class='ocrx_word' id='word_1_601' title='bbox 3708 3935 3782 3987; x_wconf 80' lang='grc' dir='ltr'>δι’</span> 
     </span>
    </p>
   </div>
   <div class='ocr_carea' id='block_1_81' title="bbox 2188 4009 3784 4093">
    <p class='ocr_par' dir='ltr' id='par_1_81' title="bbox 2188 4009 3784 4093">
     <span class='ocr_line' id='line_1_81' title="bbox 2188 4009 3784 4093; baseline 0.006 -25"><span class='ocrx_word' id='word_1_602' title='bbox 2188 4009 2265 4069; x_wconf 83' lang='grc' dir='ltr'>ὧν</span> <span class='ocrx_word' id='word_1_603' title='bbox 2312 4017 2492 4089; x_wconf 87' lang='grc' dir='ltr'>ἐκείνη</span> <span class='ocrx_word' id='word_1_604' title='bbox 2538 4019 2796 4088; x_wconf 82' lang='grc' dir='ltr'>χειρόνως</span> <span class='ocrx_word' id='word_1_605' title='bbox 2840 4021 3217 4092; x_wconf 85' lang='grc' dir='ltr'>πεπλάνηται,</span> <span class='ocrx_word' id='word_1_606' title='bbox 3271 4023 3784 4093; x_wconf 82' lang='grc' dir='ltr'>μεμισθαρνηκέναι</span> 
     </span>
    </p>
   </div>
   <div class='ocr_carea' id='block_1_82' title="bbox 2191 4106 3783 4180">
    <p class='ocr_par' dir='ltr' id='par_1_82' title="bbox 2191 4106 3783 4180">
     <span class='ocr_line' id='line_1_82' title="bbox 2191 4106 3783 4180; baseline 0.004 -22"><span class='ocrx_word' id='word_1_607' title='bbox 2191 4106 2430 4174; x_wconf 75' lang='grc' dir='ltr'>λέγουσα</span> <span class='ocrx_word' id='word_1_608' title='bbox 2466 4107 2618 4177; x_wconf 83' lang='grc' dir='ltr'><strong>παρά</strong></span> <span class='ocrx_word' id='word_1_609' title='bbox 2663 4107 2774 4162; x_wconf 86' lang='grc' dir='ltr'><strong>τῶν</strong></span> <span class='ocrx_word' id='word_1_610' title='bbox 2817 4109 2962 4162; x_wconf 85' lang='grc' dir='ltr'>ἰδίων</span> <span class='ocrx_word' id='word_1_611' title='bbox 3010 4109 3277 4180; x_wconf 80' lang='grc' dir='ltr'>ἐραστῶν.</span> <span class='ocrx_word' id='word_1_612' title='bbox 3328 4110 3438 4162; x_wconf 74' lang='grc' dir='ltr'><strong>Καὶ</strong></span> <span class='ocrx_word' id='word_1_613' title='bbox 3486 4110 3783 4180; x_wconf 86' lang='grc' dir='ltr'>πεποίηται</span> 
     </span>
    </p>
   </div>
   <div class='ocr_carea' id='block_1_83' title="bbox 2196 4195 3786 4270">
    <p class='ocr_par' dir='ltr' id='par_1_83' title="bbox 2196 4195 3786 4270">
     <span class='ocr_line' id='line_1_83' title="bbox 2196 4195 3786 4270; baseline 0.003 -23"><span class='ocrx_word' id='word_1_614' title='bbox 2196 4195 2295 4264; x_wconf 80' lang='grc' dir='ltr'>μὲν</span> <span class='ocrx_word' id='word_1_615' title='bbox 2325 4195 2557 4258; x_wconf 84' lang='grc' dir='ltr'>ἀστείως</span> <span class='ocrx_word' id='word_1_616' title='bbox 2583 4195 2658 4260; x_wconf 85' lang='grc' dir='ltr'>ὡς</span> <span class='ocrx_word' id='word_1_617' title='bbox 2691 4197 2784 4250; x_wconf 80' lang='grc' dir='ltr'><strong>ἐπὶ</strong></span> <span class='ocrx_word' id='word_1_618' title='bbox 2817 4197 3112 4270; x_wconf 83' lang='grc' dir='ltr'>μαχλώσης</span> <span class='ocrx_word' id='word_1_619' title='bbox 3138 4199 3394 4268; x_wconf 81' lang='grc' dir='ltr'>γυναικὸς</span> <span class='ocrx_word' id='word_1_620' title='bbox 3423 4200 3450 4250; x_wconf 89' lang='lat'><strong>6</strong></span> <span class='ocrx_word' id='word_1_621' title='bbox 3480 4201 3657 4268; x_wconf 89' lang='grc' dir='ltr'>λόγος.</span> <span class='ocrx_word' id='word_1_622' title='bbox 3691 4199 3786 4264; x_wconf 80' lang='grc' dir='ltr'><strong>Ὦς</strong></span> 
     </span>
    </p>
   </div>
   <div class='ocr_carea' id='block_1_84' title="bbox 2193 4286 3783 4362">
    <p class='ocr_par' dir='ltr' id='par_1_84' title="bbox 2193 4286 3783 4362">
     <span class='ocr_line' id='line_1_84' title="bbox 2193 4286 3783 4362; baseline 0.002 -22"><span class='ocrx_word' id='word_1_623' title='bbox 2193 4286 2254 4340; x_wconf 85' lang='grc' dir='ltr'>τό</span> <span class='ocrx_word' id='word_1_624' title='bbox 2284 4303 2346 4356; x_wconf 87' lang='grc' dir='ltr'><strong>γε</strong></span> <span class='ocrx_word' id='word_1_625' title='bbox 2382 4287 2488 4358; x_wconf 74' lang='grc' dir='ltr'>μὴν</span> <span class='ocrx_word' id='word_1_626' title='bbox 2534 4289 2677 4342; x_wconf 84' lang='grc' dir='ltr'><strong>κατά</strong></span> <span class='ocrx_word' id='word_1_627' title='bbox 2722 4289 2979 4361; x_wconf 83' lang='grc' dir='ltr'>ἀλήθειαν</span> <span class='ocrx_word' id='word_1_628' title='bbox 3009 4291 3036 4344; x_wconf 91' lang='lat'><strong>6</strong></span> <span class='ocrx_word' id='word_1_629' title='bbox 3075 4290 3313 4362; x_wconf 81' lang='grc' dir='ltr'>Ἰσραὴλ,</span> <span class='ocrx_word' id='word_1_630' title='bbox 3344 4291 3425 4343; x_wconf 79' lang='grc' dir='ltr'>ὅτι</span> <span class='ocrx_word' id='word_1_631' title='bbox 3460 4290 3646 4362; x_wconf 82' lang='grc' dir='ltr'>μισθὸς</span> <span class='ocrx_word' id='word_1_632' title='bbox 3677 4291 3783 4343; x_wconf 83' lang='grc' dir='ltr'>αὐ-</span> 
     </span>
    </p>
   </div>
   <div class='ocr_carea' id='block_1_85' title="bbox 2190 4380 3780 4454">
    <p class='ocr_par' dir='ltr' id='par_1_85' title="bbox 2190 4380 3780 4454">
     <span class='ocr_line' id='line_1_85' title="bbox 2190 4380 3780 4454; baseline 0.001 -20"><span class='ocrx_word' id='word_1_633' title='bbox 2190 4382 2306 4443; x_wconf 82' lang='grc' dir='ltr'>τοῖς</span> <span class='ocrx_word' id='word_1_634' title='bbox 2355 4381 2449 4433; x_wconf 73' lang='grc' dir='ltr'>καὶ</span> <span class='ocrx_word' id='word_1_635' title='bbox 2490 4380 2798 4446; x_wconf 87' lang='grc' dir='ltr'>ἀντέκτισις</span> <span class='ocrx_word' id='word_1_636' title='bbox 2837 4384 2933 4454; x_wconf 80' lang='grc' dir='ltr'>τῆς</span> <span class='ocrx_word' id='word_1_637' title='bbox 2977 4385 3058 4447; x_wconf 87' lang='grc' dir='ltr'><strong>είς</strong></span> <span class='ocrx_word' id='word_1_638' title='bbox 3101 4385 3172 4437; x_wconf 71' lang='grc' dir='ltr'>τὰ</span> <span class='ocrx_word' id='word_1_639' title='bbox 3203 4384 3397 4437; x_wconf 83' lang='grc' dir='ltr'>εἴδωλα</span> <span class='ocrx_word' id='word_1_640' title='bbox 3452 4385 3619 4454; x_wconf 85' lang='grc' dir='ltr'>τιμῆς</span> <span class='ocrx_word' id='word_1_641' title='bbox 3680 4382 3780 4437; x_wconf 72' lang='grc' dir='ltr'><strong>καὶ</strong></span> 
     </span>
    </p>
   </div>
   <div class='ocr_carea' id='block_1_86' title="bbox 2193 4465 3784 4543">
    <p class='ocr_par' dir='ltr' id='par_1_86' title="bbox 2193 4465 3784 4543">
     <span class='ocr_line' id='line_1_86' title="bbox 2193 4465 3784 4543; baseline 0.003 -24"><span class='ocrx_word' id='word_1_642' title='bbox 2193 4465 2467 4537; x_wconf 85' lang='grc' dir='ltr'>λατρείας,</span> <span class='ocrx_word' id='word_1_643' title='bbox 2507 4467 2570 4522; x_wconf 84' lang='grc' dir='ltr'><strong>τὸ</strong></span> <span class='ocrx_word' id='word_1_644' title='bbox 2598 4469 2706 4522; x_wconf 88' lang='grc' dir='ltr'><strong>τῶν</strong></span> <span class='ocrx_word' id='word_1_645' title='bbox 2750 4468 2974 4542; x_wconf 85' lang='grc' dir='ltr'>ὼρίμων</span> <span class='ocrx_word' id='word_1_646' title='bbox 3009 4471 3323 4542; x_wconf 86' lang='grc' dir='ltr'>ἀμφιλαφὲς</span> <span class='ocrx_word' id='word_1_647' title='bbox 3362 4471 3456 4525; x_wconf 71' lang='grc' dir='ltr'><strong>καὶ</strong></span> <span class='ocrx_word' id='word_1_648' title='bbox 3488 4472 3551 4524; x_wconf 72' lang='grc' dir='ltr'><strong>τὸ</strong></span> <span class='ocrx_word' id='word_1_649' title='bbox 3579 4470 3784 4543; x_wconf 79' lang='grc' dir='ltr'>εὐκαρ-</span> 
     </span>
    </p>
   </div>
   <div class='ocr_carea' id='block_1_87' title="bbox 505 4560 2087 4660">
    <p class='ocr_par' dir='ltr' id='par_1_87' title="bbox 505 4565 2087 4645">
     <span class='ocr_line' id='line_1_87' title="bbox 505 4565 2087 4645; baseline -0.006 -15"><span class='ocrx_word' id='word_1_650' title='bbox 505 4575 705 4640; x_wconf 90' lang='lat' dir='ltr'><strong>cultus,</strong></span> <span class='ocrx_word' id='word_1_651' title='bbox 747 4589 906 4645; x_wconf 89' lang='lat' dir='ltr'><strong>quem</strong></span> <span class='ocrx_word' id='word_1_652' title='bbox 957 4572 1112 4628; x_wconf 89' lang='lat' dir='ltr'><strong>idolis</strong></span> <span class='ocrx_word' id='word_1_653' title='bbox 1159 4571 1462 4636; x_wconf 84' lang='lat' dir='ltr'><strong>adhiberet,</strong></span> <span class='ocrx_word' id='word_1_654' title='bbox 1493 4568 1595 4625; x_wconf 91' lang='lat' dir='ltr'><strong>sibi</strong></span> <span class='ocrx_word' id='word_1_655' title='bbox 1634 4568 1875 4638; x_wconf 86' lang='lat' dir='ltr'><strong>rependi.</strong></span> <span class='ocrx_word' id='word_1_656' title='bbox 1938 4565 2087 4632; x_wconf 82' lang='lat' dir='ltr'><strong>Quod</strong></span> 
     </span>
    </p>
   </div>
   <div class='ocr_carea' id='block_1_88' title="bbox 2188 4560 3784 4660">
    <p class='ocr_par' dir='ltr' id='par_1_88' title="bbox 2195 4560 3784 4633">
     <span class='ocr_line' id='line_1_88' title="bbox 2195 4560 3784 4633; baseline 0.003 -24"><span class='ocrx_word' id='word_1_657' title='bbox 2195 4575 2294 4610; x_wconf 87' lang='grc' dir='ltr'><strong>πον</strong></span> <span class='ocrx_word' id='word_1_658' title='bbox 2342 4560 2761 4630; x_wconf 81' lang='grc' dir='ltr'>περιτυγχάνειν</span> <span class='ocrx_word' id='word_1_659' title='bbox 2811 4563 2879 4632; x_wconf 80' lang='grc' dir='ltr'>τῇ</span> <span class='ocrx_word' id='word_1_660' title='bbox 2933 4565 3024 4633; x_wconf 79' lang='grc' dir='ltr'>γῇ.</span> <span class='ocrx_word' id='word_1_661' title='bbox 3056 4562 3179 4616; x_wconf 86' lang='grc' dir='ltr'>’Ότι</span> <span class='ocrx_word' id='word_1_662' title='bbox 3222 4563 3279 4615; x_wconf 86' lang='grc' dir='ltr'>δὲ</span> <span class='ocrx_word' id='word_1_663' title='bbox 3329 4563 3421 4616; x_wconf 75' lang='grc' dir='ltr'>καὶ</span> <span class='ocrx_word' id='word_1_664' title='bbox 3465 4563 3565 4633; x_wconf 80' lang='grc' dir='ltr'>τῆς</span> <span class='ocrx_word' id='word_1_665' title='bbox 3611 4561 3784 4632; x_wconf 75' lang='grc' dir='ltr'>ἄλλης</span> 
     </span>
    </p>
   </div>
   <div class='ocr_carea' id='block_1_89' title="bbox 504 4657 2084 4735">
    <p class='ocr_par' dir='ltr' id='par_1_89' title="bbox 504 4657 2084 4735">
     <span class='ocr_line' id='line_1_89' title="bbox 504 4657 2084 4735; baseline -0.004 -15"><span class='ocrx_word' id='word_1_666' title='bbox 504 4677 684 4720; x_wconf 87' lang='lat' dir='ltr'><strong>autem</strong></span> <span class='ocrx_word' id='word_1_667' title='bbox 732 4665 881 4720; x_wconf 90' lang='lat' dir='ltr'><strong>onmi</strong></span> <span class='ocrx_word' id='word_1_668' title='bbox 962 4674 1250 4735; x_wconf 86' lang='lat' dir='ltr'><strong>propterea</strong></span> <span class='ocrx_word' id='word_1_669' title='bbox 1303 4660 1596 4718; x_wconf 86' lang='lat' dir='ltr'><strong>securitate</strong></span> <span class='ocrx_word' id='word_1_670' title='bbox 1646 4668 1701 4714; x_wconf 86' lang='lat' dir='ltr'><strong>ct</strong></span> <span class='ocrx_word' id='word_1_671' title='bbox 1746 4657 2084 4728; x_wconf 74' lang='lat' dir='ltr'><strong>iucunditate</strong></span> 
     </span>
    </p>
   </div>
   <div class='ocr_carea' id='block_1_90' title="bbox 503 4751 2085 4830">
    <p class='ocr_par' dir='ltr' id='par_1_90' title="bbox 503 4751 2085 4830">
     <span class='ocr_line' id='line_1_90' title="bbox 503 4751 2085 4830; baseline -0.005 -18"><span class='ocrx_word' id='word_1_672' title='bbox 503 4758 667 4812; x_wconf 86' lang='lat' dir='ltr'><strong>animi</strong></span> <span class='ocrx_word' id='word_1_673' title='bbox 722 4756 1168 4830; x_wconf 64' lang='lat' dir='ltr'><strong>prmfruerentur,</strong></span> <span class='ocrx_word' id='word_1_674' title='bbox 1214 4755 1354 4809; x_wconf 83' lang='lat' dir='ltr'><strong>hanc</strong></span> <span class='ocrx_word' id='word_1_675' title='bbox 1382 4761 1438 4808; x_wconf 86' lang='lat' dir='ltr'><strong>et</strong></span> <span class='ocrx_word' id='word_1_676' title='bbox 1494 4751 1663 4806; x_wconf 88' lang='lat' dir='ltr'><strong>solam</strong></span> <span class='ocrx_word' id='word_1_677' title='bbox 1714 4765 1932 4805; x_wconf 83' lang='lat' dir='ltr'><strong>causam</strong></span> <span class='ocrx_word' id='word_1_678' title='bbox 1991 4763 2085 4804; x_wconf 88' lang='lat' dir='ltr'><strong>eos</strong></span> 
     </span>
    </p>
   </div>
   <div class='ocr_carea' id='block_1_91' title="bbox 504 4840 2084 4917">
    <p class='ocr_par' dir='ltr' id='par_1_91' title="bbox 504 4840 2084 4917">
     <span class='ocr_line' id='line_1_91' title="bbox 504 4840 2084 4917; baseline -0.004 -16"><span class='ocrx_word' id='word_1_679' title='bbox 504 4849 796 4917; x_wconf 83' lang='lat' dir='ltr'><strong>pntavisse,</strong></span> <span class='ocrx_word' id='word_1_680' title='bbox 846 4847 1098 4901; x_wconf 79' lang='lat' dir='ltr'><strong>facillime</strong></span> <span class='ocrx_word' id='word_1_681' title='bbox 1142 4847 1267 4916; x_wconf 90' lang='lat' dir='ltr'><strong>quis</strong></span> <span class='ocrx_word' id='word_1_682' title='bbox 1317 4860 1382 4898; x_wconf 80' lang='lat' dir='ltr'><strong>ex</strong></span> <span class='ocrx_word' id='word_1_683' title='bbox 1419 4843 1670 4898; x_wconf 71' lang='lat' dir='ltr'><strong>Jeremirc</strong></span> <span class='ocrx_word' id='word_1_684' title='bbox 1701 4840 1876 4896; x_wconf 86' lang='lat' dir='ltr'><strong>verbis</strong></span> <span class='ocrx_word' id='word_1_685' title='bbox 1925 4840 2084 4895; x_wconf 91' lang='lat' dir='ltr'><strong>intel-</strong></span> 
     </span>
    </p>
   </div>
   <div class='ocr_carea' id='block_1_92' title="bbox 505 4935 2080 5003">
    <p class='ocr_par' dir='ltr' id='par_1_92' title="bbox 505 4935 2080 5003">
     <span class='ocr_line' id='line_1_92' title="bbox 505 4935 2080 5003; baseline -0.005 -10"><span class='ocrx_word' id='word_1_686' title='bbox 505 4941 718 4994; x_wconf 67' lang='lat' dir='ltr'><strong>lexerit.</strong></span> <span class='ocrx_word' id='word_1_687' title='bbox 791 4939 1030 4994; x_wconf 74' lang='lat' dir='ltr'><strong>lledacta</strong></span> <span class='ocrx_word' id='word_1_688' title='bbox 1098 4939 1242 4992; x_wconf 92' lang='lat' dir='ltr'><strong>cnim</strong></span> <span class='ocrx_word' id='word_1_689' title='bbox 1325 4937 1377 4993; x_wconf 90' lang='lat' dir='ltr'><strong>in</strong></span> <span class='ocrx_word' id='word_1_690' title='bbox 1449 4935 1686 4989; x_wconf 86' lang='lat' dir='ltr'><strong>hostium</strong></span> <span class='ocrx_word' id='word_1_691' title='bbox 1761 4941 2080 5003; x_wconf 87' lang='lat' dir='ltr'><strong>potestatem</strong></span> 
     </span>
    </p>
   </div>
   <div class='ocr_carea' id='block_1_93' title="bbox 505 5019 2083 5098">
    <p class='ocr_par' dir='ltr' id='par_1_93' title="bbox 505 5019 2083 5098">
     <span class='ocr_line' id='line_1_93' title="bbox 505 5019 2083 5098; baseline -0.007 -15"><span class='ocrx_word' id='word_1_692' title='bbox 505 5028 918 5098; x_wconf 85' lang='lat' dir='ltr'><strong>Hierosolyma,</strong></span> <span class='ocrx_word' id='word_1_693' title='bbox 971 5041 1092 5081; x_wconf 88' lang='lat' dir='ltr'><strong>emn</strong></span> <span class='ocrx_word' id='word_1_694' title='bbox 1170 5025 1389 5094; x_wconf 87' lang='lat' dir='ltr'><strong>quidam</strong></span> <span class='ocrx_word' id='word_1_695' title='bbox 1461 5021 1586 5075; x_wconf 91' lang='lat' dir='ltr'><strong>belli</strong></span> <span class='ocrx_word' id='word_1_696' title='bbox 1670 5021 1840 5074; x_wconf 88' lang='lat' dir='ltr'><strong>aciem</strong></span> <span class='ocrx_word' id='word_1_697' title='bbox 1913 5019 2083 5073; x_wconf 85' lang='lat' dir='ltr'><strong>husti-</strong></span> 
     </span>
    </p>
   </div>
   <div class='ocr_carea' id='block_1_94' title="bbox 504 5109 2084 5186">
    <p class='ocr_par' dir='ltr' id='par_1_94' title="bbox 504 5109 2084 5186">
     <span class='ocr_line' id='line_1_94' title="bbox 504 5109 2084 5186; baseline -0.004 -16"><span class='ocrx_word' id='word_1_698' title='bbox 504 5119 678 5172; x_wconf 83' lang='lat' dir='ltr'><strong>lcmve</strong></span> <span class='ocrx_word' id='word_1_699' title='bbox 723 5117 959 5186; x_wconf 82' lang='lat' dir='ltr'><strong>gladium</strong></span> <span class='ocrx_word' id='word_1_700' title='bbox 993 5114 1311 5179; x_wconf 88' lang='lat' dir='ltr'><strong>evasissent,</strong></span> <span class='ocrx_word' id='word_1_701' title='bbox 1347 5113 1399 5167; x_wconf 91' lang='lat' dir='ltr'><strong>in</strong></span> <span class='ocrx_word' id='word_1_702' title='bbox 1448 5109 1740 5182; x_wconf 69' lang='lat' dir='ltr'><strong>Aigyptum</strong></span> <span class='ocrx_word' id='word_1_703' title='bbox 1794 5109 2084 5164; x_wconf 87' lang='lat' dir='ltr'><strong>descende-</strong></span> 
     </span>
    </p>
   </div>
   <div class='ocr_carea' id='block_1_95' title="bbox 506 5199 2085 5274">
    <p class='ocr_par' dir='ltr' id='par_1_95' title="bbox 506 5199 2085 5274">
     <span class='ocr_line' id='line_1_95' title="bbox 506 5199 2085 5274; baseline -0.003 -14"><span class='ocrx_word' id='word_1_704' title='bbox 506 5216 652 5274; x_wconf 83' lang='lat' dir='ltr'><strong>runt,</strong></span> <span class='ocrx_word' id='word_1_705' title='bbox 699 5214 752 5261; x_wconf 86' lang='lat' dir='ltr'><strong>et</strong></span> <span class='ocrx_word' id='word_1_706' title='bbox 786 5205 967 5260; x_wconf 87' lang='lat' dir='ltr'><strong>divino</strong></span> <span class='ocrx_word' id='word_1_707' title='bbox 1005 5204 1263 5259; x_wconf 76' lang='lat' dir='ltr'><strong>mandato</strong></span> <span class='ocrx_word' id='word_1_708' title='bbox 1303 5203 1568 5274; x_wconf 90' lang='lat' dir='ltr'><strong>propheta</strong></span> <span class='ocrx_word' id='word_1_709' title='bbox 1614 5217 1734 5256; x_wconf 87' lang='lat' dir='ltr'><strong>cum</strong></span> <span class='ocrx_word' id='word_1_710' title='bbox 1776 5201 1924 5271; x_wconf 91' lang='lat' dir='ltr'><strong>ipsis.</strong></span> <span class='ocrx_word' id='word_1_711' title='bbox 1976 5199 2085 5256; x_wconf 89' lang='lat' dir='ltr'><strong>Illic</strong></span> 
     </span>
    </p>
   </div>
   <div class='ocr_carea' id='block_1_96' title="bbox 507 5292 2085 5366">
    <p class='ocr_par' dir='ltr' id='par_1_96' title="bbox 507 5292 2085 5366">
     <span class='ocr_line' id='line_1_96' title="bbox 507 5292 2085 5366; baseline -0.001 -17"><span class='ocrx_word' id='word_1_712' title='bbox 507 5297 670 5366; x_wconf 78' lang='lat' dir='ltr'><strong>igitur</strong></span> <span class='ocrx_word' id='word_1_713' title='bbox 703 5298 770 5351; x_wconf 81' lang='lat' dir='ltr'><strong>ab</strong></span> <span class='ocrx_word' id='word_1_714' title='bbox 819 5295 1137 5350; x_wconf 74' lang='lat' dir='ltr'><strong>idololatria:</strong></span> <span class='ocrx_word' id='word_1_715' title='bbox 1203 5294 1626 5364; x_wconf 88' lang='lat' dir='ltr'><strong>inquinamentis</strong></span> <span class='ocrx_word' id='word_1_716' title='bbox 1679 5292 2085 5354; x_wconf 85' lang='lat' dir='ltr'><strong>abstinendum.</strong></span> 
     </span>
    </p>
   </div>
   <div class='ocr_carea' id='block_1_97' title="bbox 505 5384 2088 5441">
    <p class='ocr_par' dir='ltr' id='par_1_97' title="bbox 505 5384 2088 5441">
     <span class='ocr_line' id='line_1_97' title="bbox 505 5384 2088 5441; baseline -0.002 -1"><span class='ocrx_word' id='word_1_717' title='bbox 505 5396 561 5441; x_wconf 88' lang='lat' dir='ltr'><strong>ct</strong></span> <span class='ocrx_word' id='word_1_718' title='bbox 590 5387 655 5441; x_wconf 81' lang='lat' dir='ltr'><strong>ad</strong></span> <span class='ocrx_word' id='word_1_719' title='bbox 696 5386 863 5440; x_wconf 86' lang='lat' dir='ltr'><strong>Deum</strong></span> <span class='ocrx_word' id='word_1_720' title='bbox 908 5387 1292 5440; x_wconf 87' lang='lat' dir='ltr'><strong>recurrendum</strong></span> <span class='ocrx_word' id='word_1_721' title='bbox 1384 5386 1579 5441; x_wconf 84' lang='lat' dir='ltr'><strong>suasit.</strong></span> <span class='ocrx_word' id='word_1_722' title='bbox 1609 5384 1744 5438; x_wconf 86' lang='lat' dir='ltr'><strong>&#39;l‘um</strong></span> <span class='ocrx_word' id='word_1_723' title='bbox 1799 5385 2088 5439; x_wconf 89' lang='lat' dir='ltr'><strong>muliercu-</strong></span> 
     </span>
    </p>
   </div>
   <div class='ocr_carea' id='block_1_98' title="bbox 509 5476 2085 5547">
    <p class='ocr_par' dir='ltr' id='par_1_98' title="bbox 509 5476 2085 5547">
     <span class='ocr_line' id='line_1_98' title="bbox 509 5476 2085 5547; baseline 0 -16"><span class='ocrx_word' id='word_1_724' title='bbox 509 5477 681 5531; x_wconf 85' lang='lat' dir='ltr'><strong>larum</strong></span> <span class='ocrx_word' id='word_1_725' title='bbox 750 5476 936 5532; x_wconf 81' lang='lat' dir='ltr'><strong>infelix</strong></span> <span class='ocrx_word' id='word_1_726' title='bbox 987 5485 1043 5532; x_wconf 88' lang='lat' dir='ltr'><strong>et</strong></span> <span class='ocrx_word' id='word_1_727' title='bbox 1109 5477 1490 5533; x_wconf 88' lang='lat' dir='ltr'><strong>stultissimum</strong></span> <span class='ocrx_word' id='word_1_728' title='bbox 1543 5493 1754 5547; x_wconf 86' lang='lat' dir='ltr'><strong>agmen,</strong></span> <span class='ocrx_word' id='word_1_729' title='bbox 1813 5477 2085 5546; x_wconf 73' lang='lat' dir='ltr'><strong>propheta:</strong></span> 
     </span>
    </p>
   </div>
   <div class='ocr_carea' id='block_1_99' title="bbox 508 5567 2086 5638">
    <p class='ocr_par' dir='ltr' id='par_1_99' title="bbox 508 5567 2086 5638">
     <span class='ocr_line' id='line_1_99' title="bbox 508 5567 2086 5638; baseline -0.001 -15"><span class='ocrx_word' id='word_1_730' title='bbox 508 5569 685 5623; x_wconf 64' lang='lat' dir='ltr'><strong>Verbis</strong></span> <span class='ocrx_word' id='word_1_731' title='bbox 740 5567 1096 5636; x_wconf 81' lang='lat' dir='ltr'><strong>adversando,</strong></span> <span class='ocrx_word' id='word_1_732' title='bbox 1155 5570 1496 5638; x_wconf 84' lang='lat' dir='ltr'><strong>tmpudenter</strong></span> <span class='ocrx_word' id='word_1_733' title='bbox 1542 5569 1903 5637; x_wconf 58' lang='lat' dir='ltr'><strong>garriebat”</strong></span> <span class='ocrx_word' id='word_1_734' title='bbox 1963 5568 2086 5622; x_wconf 86' lang='lat' dir='ltr'><strong>Ser-</strong></span> 
     </span>
    </p>
   </div>
   <div class='ocr_carea' id='block_1_100' title="bbox 509 5658 2083 5729">
    <p class='ocr_par' dir='ltr' id='par_1_100' title="bbox 509 5658 2083 5729">
     <span class='ocr_line' id='line_1_100' title="bbox 509 5658 2083 5729; baseline -0.001 -17"><span class='ocrx_word' id='word_1_735' title='bbox 509 5673 719 5713; x_wconf 89' lang='lat' dir='ltr'><strong>monem</strong></span> <span class='ocrx_word' id='word_1_736' title='bbox 772 5674 930 5729; x_wconf 85' lang='lat' dir='ltr'><strong>quem</strong></span> <span class='ocrx_word' id='word_1_737' title='bbox 984 5661 1193 5715; x_wconf 87' lang='lat' dir='ltr'><strong>locutus</strong></span> <span class='ocrx_word' id='word_1_738' title='bbox 1227 5674 1286 5714; x_wconf 90' lang='lat' dir='ltr'><strong>es</strong></span> <span class='ocrx_word' id='word_1_739' title='bbox 1335 5658 1401 5712; x_wconf 91' lang='lat' dir='ltr'><strong>ad</strong></span> <span class='ocrx_word' id='word_1_740' title='bbox 1453 5674 1550 5712; x_wconf 85' lang='lat' dir='ltr'><strong>nos</strong></span> <span class='ocrx_word' id='word_1_741' title='bbox 1592 5659 1644 5712; x_wconf 88' lang='lat' dir='ltr'><strong>in</strong></span> <span class='ocrx_word' id='word_1_742' title='bbox 1715 5658 1930 5711; x_wconf 86' lang='lat' dir='ltr'><strong>nomine</strong></span> <span class='ocrx_word' id='word_1_743' title='bbox 1979 5659 2083 5711; x_wconf 88' lang='lat' dir='ltr'><strong>Do-</strong></span> 
     </span>
    </p>
   </div>
   <div class='ocr_carea' id='block_1_101' title="bbox 2192 4647 3782 4725">
    <p class='ocr_par' dir='ltr' id='par_1_101' title="bbox 2192 4647 3782 4725">
     <span class='ocr_line' id='line_1_101' title="bbox 2192 4647 3782 4725; baseline 0.001 -22"><span class='ocrx_word' id='word_1_744' title='bbox 2192 4651 2410 4721; x_wconf 86' lang='grc' dir='ltr'>ἁπάσης</span> <span class='ocrx_word' id='word_1_745' title='bbox 2458 4647 2643 4714; x_wconf 86' lang='grc' dir='ltr'>αὐτοῖς</span> <span class='ocrx_word' id='word_1_746' title='bbox 2693 4652 2959 4723; x_wconf 80' lang='grc' dir='ltr'>εὐθυμίας</span> <span class='ocrx_word' id='word_1_747' title='bbox 3005 4653 3370 4723; x_wconf 89' lang='grc' dir='ltr'>παρακεῖσθαι</span> <span class='ocrx_word' id='word_1_748' title='bbox 3423 4655 3524 4725; x_wconf 80' lang='grc' dir='ltr'>τὴν</span> <span class='ocrx_word' id='word_1_749' title='bbox 3563 4652 3782 4723; x_wconf 77' lang='grc' dir='ltr'>μέθεξιν</span> 
     </span>
    </p>
   </div>
   <div class='ocr_carea' id='block_1_102' title="bbox 2185 4739 3781 4815">
    <p class='ocr_par' dir='ltr' id='par_1_102' title="bbox 2185 4739 3781 4815">
     <span class='ocr_line' id='line_1_102' title="bbox 2185 4739 3781 4815; baseline 0.004 -23"><span class='ocrx_word' id='word_1_750' title='bbox 2185 4739 2390 4812; x_wconf 80' lang='grc' dir='ltr'>ταύτης</span> <span class='ocrx_word' id='word_1_751' title='bbox 2415 4740 2577 4795; x_wconf 83' lang='grc' dir='ltr'>ἑνεκα</span> <span class='ocrx_word' id='word_1_752' title='bbox 2608 4743 2702 4795; x_wconf 72' lang='grc' dir='ltr'>καὶ</span> <span class='ocrx_word' id='word_1_753' title='bbox 2744 4744 2912 4814; x_wconf 85' lang='grc' dir='ltr'>μόνης</span> <span class='ocrx_word' id='word_1_754' title='bbox 2940 4743 3108 4814; x_wconf 84' lang='grc' dir='ltr'>ᾧοντο</span> <span class='ocrx_word' id='word_1_755' title='bbox 3138 4746 3236 4815; x_wconf 78' lang='grc' dir='ltr'>τῆς</span> <span class='ocrx_word' id='word_1_756' title='bbox 3266 4745 3470 4810; x_wconf 90' lang='grc' dir='ltr'>αἰτίας,</span> <span class='ocrx_word' id='word_1_757' title='bbox 3499 4745 3666 4815; x_wconf 85' lang='grc' dir='ltr'>εἰδείη</span> <span class='ocrx_word' id='word_1_758' title='bbox 3693 4762 3781 4809; x_wconf 87' lang='grc' dir='ltr'><strong>τις</strong></span> 
     </span>
    </p>
   </div>
   <div class='ocr_carea' id='block_1_103' title="bbox 2187 4833 3776 4911">
    <p class='ocr_par' dir='ltr' id='par_1_103' title="bbox 2187 4833 3776 4911">
     <span class='ocr_line' id='line_1_103' title="bbox 2187 4833 3776 4911; baseline 0.004 -24"><span class='ocrx_word' id='word_1_759' title='bbox 2187 4834 2254 4888; x_wconf 82' lang='grc' dir='ltr'><strong>ἂν</strong></span> <span class='ocrx_word' id='word_1_760' title='bbox 2284 4834 2378 4886; x_wconf 80' lang='grc' dir='ltr'>καὶ</span> <span class='ocrx_word' id='word_1_761' title='bbox 2419 4833 2567 4904; x_wconf 86' lang='grc' dir='ltr'>μάλα</span> <span class='ocrx_word' id='word_1_762' title='bbox 2603 4835 2822 4905; x_wconf 76' lang='grc' dir='ltr'>ῥᾳδίως,</span> <span class='ocrx_word' id='word_1_763' title='bbox 2855 4839 2968 4900; x_wconf 84' lang='grc' dir='ltr'>τοῖς</span> <span class='ocrx_word' id='word_1_764' title='bbox 2999 4836 3265 4910; x_wconf 86' lang='grc' dir='ltr'>Ἱερεμίου</span> <span class='ocrx_word' id='word_1_765' title='bbox 3296 4838 3474 4908; x_wconf 86' lang='grc' dir='ltr'>λόγοις</span> <span class='ocrx_word' id='word_1_766' title='bbox 3517 4839 3776 4911; x_wconf 79' lang='grc' dir='ltr'>ἐντυχών.</span> 
     </span>
    </p>
   </div>
   <div class='ocr_carea' id='block_1_104' title="bbox 2197 4914 3882 4999">
    <p class='ocr_par' dir='ltr' id='par_1_104' title="bbox 2197 4914 3882 4999">
     <span class='ocr_line' id='line_1_104' title="bbox 2197 4914 3882 4999; baseline 0.002 -21"><span class='ocrx_word' id='word_1_767' title='bbox 2197 4923 2373 4978; x_wconf 85' lang='grc' dir='ltr'>Ἑάλω</span> <span class='ocrx_word' id='word_1_768' title='bbox 2417 4926 2518 4994; x_wconf 81' lang='grc' dir='ltr'><strong>μὲν</strong></span> <span class='ocrx_word' id='word_1_769' title='bbox 2563 4924 2673 4997; x_wconf 85' lang='grc' dir='ltr'><strong>γάρ</strong></span> <span class='ocrx_word' id='word_1_770' title='bbox 2703 4926 2774 4979; x_wconf 85' lang='grc' dir='ltr'><strong>τά</strong></span> <span class='ocrx_word' id='word_1_771' title='bbox 2812 4927 3197 4998; x_wconf 82' lang='grc' dir='ltr'>Ἱεροσόλυμα·</span> <span class='ocrx_word' id='word_1_772' title='bbox 3248 4930 3674 4999; x_wconf 77' lang='grc' dir='ltr'>διαπεφευγότες</span> <span class='ocrx_word' id='word_1_773' title='bbox 3717 4930 3776 4982; x_wconf 83' lang='grc' dir='ltr'><strong>δέ</strong></span> <span class='ocrx_word' id='word_1_774' title='bbox 3859 4914 3882 4931; x_wconf 51' lang='grc'><strong><em>⁷</em></strong></span> 
     </span>
    </p>
   </div>
   <div class='ocr_carea' id='block_1_105' title="bbox 2185 5016 3779 5094">
    <p class='ocr_par' dir='ltr' id='par_1_105' title="bbox 2185 5016 3779 5094">
     <span class='ocr_line' id='line_1_105' title="bbox 2185 5016 3779 5094; baseline 0.003 -23"><span class='ocrx_word' id='word_1_775' title='bbox 2185 5035 2332 5081; x_wconf 82' lang='grc' dir='ltr'>τινες</span> <span class='ocrx_word' id='word_1_776' title='bbox 2363 5017 2457 5070; x_wconf 78' lang='grc' dir='ltr'><strong>τοῦ</strong></span> <span class='ocrx_word' id='word_1_777' title='bbox 2511 5016 2748 5089; x_wconf 86' lang='grc' dir='ltr'>πολέμου</span> <span class='ocrx_word' id='word_1_778' title='bbox 2801 5019 2900 5090; x_wconf 84' lang='grc' dir='ltr'><strong>τὴν</strong></span> <span class='ocrx_word' id='word_1_779' title='bbox 2944 5021 3150 5092; x_wconf 81' lang='grc' dir='ltr'>ἀκμὴν,</span> <span class='ocrx_word' id='word_1_780' title='bbox 3188 5022 3505 5094; x_wconf 81' lang='grc' dir='ltr'>κατέϐησαν</span> <span class='ocrx_word' id='word_1_781' title='bbox 3545 5025 3625 5086; x_wconf 89' lang='grc' dir='ltr'><strong>εἰς</strong></span> <span class='ocrx_word' id='word_1_782' title='bbox 3675 5025 3779 5094; x_wconf 84' lang='grc' dir='ltr'>τὴν</span> 
     </span>
    </p>
   </div>
   <div class='ocr_carea' id='block_1_106' title="bbox 2188 5110 3779 5187">
    <p class='ocr_par' dir='ltr' id='par_1_106' title="bbox 2188 5110 3779 5187">
     <span class='ocr_line' id='line_1_106' title="bbox 2188 5110 3779 5187; baseline 0.002 -23"><span class='ocrx_word' id='word_1_783' title='bbox 2188 5110 2524 5178; x_wconf 80' lang='grc' dir='ltr'>Αἰγυπτίων,</span> <span class='ocrx_word' id='word_1_784' title='bbox 2565 5113 2661 5164; x_wconf 76' lang='grc' dir='ltr'>καὶ</span> <span class='ocrx_word' id='word_1_785' title='bbox 2709 5114 2805 5167; x_wconf 84' lang='grc' dir='ltr'><strong>σὺν</strong></span> <span class='ocrx_word' id='word_1_786' title='bbox 2841 5115 3027 5177; x_wconf 84' lang='grc' dir='ltr'>αὐτοῖς</span> <span class='ocrx_word' id='word_1_787' title='bbox 3055 5117 3083 5168; x_wconf 94' lang='lat'><strong>6</strong></span> <span class='ocrx_word' id='word_1_788' title='bbox 3119 5117 3427 5187; x_wconf 87' lang='grc' dir='ltr'>προφήτης,</span> <span class='ocrx_word' id='word_1_789' title='bbox 3448 5117 3591 5170; x_wconf 88' lang='grc' dir='ltr'><strong>κατά</strong></span> <span class='ocrx_word' id='word_1_790' title='bbox 3627 5115 3779 5168; x_wconf 88' lang='grc' dir='ltr'>θείαν</span> 
     </span>
    </p>
   </div>
   <div class='ocr_carea' id='block_1_107' title="bbox 2190 5201 3776 5277">
    <p class='ocr_par' dir='ltr' id='par_1_107' title="bbox 2190 5201 3776 5277">
     <span class='ocr_line' id='line_1_107' title="bbox 2190 5201 3776 5277; baseline 0.003 -23"><span class='ocrx_word' id='word_1_791' title='bbox 2190 5201 2393 5271; x_wconf 84' lang='grc' dir='ltr'>ὀμφήν.</span> <span class='ocrx_word' id='word_1_792' title='bbox 2431 5201 2641 5256; x_wconf 87' lang='grc' dir='ltr'>Ἐκεῖσε</span> <span class='ocrx_word' id='word_1_793' title='bbox 2693 5201 2825 5272; x_wconf 80' lang='grc' dir='ltr'>γοῦν</span> <span class='ocrx_word' id='word_1_794' title='bbox 2864 5205 3213 5259; x_wconf 87' lang='grc' dir='ltr'>συνεϐούλευε</span> <span class='ocrx_word' id='word_1_795' title='bbox 3257 5207 3454 5276; x_wconf 84' lang='grc' dir='ltr'>λέγων,</span> <span class='ocrx_word' id='word_1_796' title='bbox 3477 5208 3574 5277; x_wconf 83' lang='grc' dir='ltr'>τῆς</span> <span class='ocrx_word' id='word_1_797' title='bbox 3619 5206 3776 5259; x_wconf 89' lang='grc' dir='ltr'>εἰδω-</span> 
     </span>
    </p>
   </div>
   <div class='ocr_carea' id='block_1_108' title="bbox 2184 5290 3776 5369">
    <p class='ocr_par' dir='ltr' id='par_1_108' title="bbox 2184 5290 3776 5369">
     <span class='ocr_line' id='line_1_108' title="bbox 2184 5290 3776 5369; baseline 0.005 -27"><span class='ocrx_word' id='word_1_798' title='bbox 2184 5290 2474 5362; x_wconf 85' lang='grc' dir='ltr'>λολατρίας</span> <span class='ocrx_word' id='word_1_799' title='bbox 2523 5293 2840 5348; x_wconf 86' lang='grc' dir='ltr'>παύσασθαι</span> <span class='ocrx_word' id='word_1_800' title='bbox 2891 5297 3204 5369; x_wconf 86' lang='grc' dir='ltr'>μολυσμῶν,</span> <span class='ocrx_word' id='word_1_801' title='bbox 3246 5299 3340 5352; x_wconf 75' lang='grc' dir='ltr'>καὶ</span> <span class='ocrx_word' id='word_1_802' title='bbox 3390 5297 3776 5369; x_wconf 87' lang='grc' dir='ltr'>παλινδρομεῖν</span> 
     </span>
    </p>
   </div>
   <div class='ocr_carea' id='block_1_109' title="bbox 2183 5381 3774 5457">
    <p class='ocr_par' dir='ltr' id='par_1_109' title="bbox 2183 5381 3774 5457">
     <span class='ocr_line' id='line_1_109' title="bbox 2183 5381 3774 5457; baseline 0.005 -24"><span class='ocrx_word' id='word_1_803' title='bbox 2183 5381 2403 5436; x_wconf 86' lang='grc' dir='ltr'>ἑλέσθαι</span> <span class='ocrx_word' id='word_1_804' title='bbox 2436 5384 2572 5455; x_wconf 83' lang='grc' dir='ltr'>πρὸς</span> <span class='ocrx_word' id='word_1_805' title='bbox 2605 5386 2758 5441; x_wconf 87' lang='grc' dir='ltr'>Θεόν.</span> <span class='ocrx_word' id='word_1_806' title='bbox 2790 5383 2922 5442; x_wconf 75' lang='grc' dir='ltr'>Εἶτα</span> <span class='ocrx_word' id='word_1_807' title='bbox 2949 5389 3186 5457; x_wconf 85' lang='grc' dir='ltr'>γυναίων</span> <span class='ocrx_word' id='word_1_808' title='bbox 3212 5389 3373 5443; x_wconf 84' lang='grc' dir='ltr'>ἀθλία</span> <span class='ocrx_word' id='word_1_809' title='bbox 3400 5407 3460 5442; x_wconf 87' lang='grc' dir='ltr'><strong>τε</strong></span> <span class='ocrx_word' id='word_1_810' title='bbox 3490 5392 3586 5442; x_wconf 74' lang='grc' dir='ltr'>καὶ</span> <span class='ocrx_word' id='word_1_811' title='bbox 3616 5391 3774 5442; x_wconf 81' lang='grc' dir='ltr'>ἀνου-</span> 
     </span>
    </p>
   </div>
   <div class='ocr_carea' id='block_1_110' title="bbox 2185 5474 3776 5552">
    <p class='ocr_par' dir='ltr' id='par_1_110' title="bbox 2185 5474 3776 5552">
     <span class='ocr_line' id='line_1_110' title="bbox 2185 5474 3776 5552; baseline 0.004 -25"><span class='ocrx_word' id='word_1_812' title='bbox 2185 5474 2353 5546; x_wconf 89' lang='grc' dir='ltr'>στάτη</span> <span class='ocrx_word' id='word_1_813' title='bbox 2385 5476 2617 5546; x_wconf 77' lang='grc' dir='ltr'>πληθὺς,</span> <span class='ocrx_word' id='word_1_814' title='bbox 2639 5481 2754 5542; x_wconf 84' lang='grc' dir='ltr'>τοῖς</span> <span class='ocrx_word' id='word_1_815' title='bbox 2784 5478 2878 5532; x_wconf 77' lang='grc' dir='ltr'>τοῦ</span> <span class='ocrx_word' id='word_1_816' title='bbox 2913 5481 3191 5552; x_wconf 83' lang='grc' dir='ltr'>προφήτου</span> <span class='ocrx_word' id='word_1_817' title='bbox 3225 5481 3388 5537; x_wconf 89' lang='grc' dir='ltr'>πάλιν</span> <span class='ocrx_word' id='word_1_818' title='bbox 3415 5482 3776 5552; x_wconf 82' lang='grc' dir='ltr'>ἀντεφέροντο</span> 
     </span>
    </p>
   </div>
   <div class='ocr_carea' id='block_1_111' title="bbox 2179 5566 3766 5642">
    <p class='ocr_par' dir='ltr' id='par_1_111' title="bbox 2179 5566 3766 5642">
     <span class='ocr_line' id='line_1_111' title="bbox 2179 5566 3766 5642; baseline 0.005 -25"><span class='ocrx_word' id='word_1_819' title='bbox 2179 5566 2374 5634; x_wconf 79' lang='grc' dir='ltr'>λόγοις,</span> <span class='ocrx_word' id='word_1_820' title='bbox 2408 5568 2502 5620; x_wconf 76' lang='grc' dir='ltr'>καὶ</span> <span class='ocrx_word' id='word_1_821' title='bbox 2529 5569 2592 5638; x_wconf 85' lang='grc' dir='ltr'>δὴ</span> <span class='ocrx_word' id='word_1_822' title='bbox 2636 5570 2731 5622; x_wconf 69' lang='grc' dir='ltr'><strong>καὶ</strong></span> <span class='ocrx_word' id='word_1_823' title='bbox 2752 5568 2990 5638; x_wconf 72' lang='grc' dir='ltr'>ἔφασκον</span> <span class='ocrx_word' id='word_1_824' title='bbox 3022 5573 3252 5637; x_wconf 84' lang='grc' dir='ltr'>ἀναιδῶς</span> <span class='ocrx_word' id='word_1_825' title='bbox 3275 5590 3287 5604; x_wconf 87' lang='grc'><strong>·</strong></span> <span class='ocrx_word' id='word_1_826' title='bbox 3330 5592 3348 5625; x_wconf 76' lang='grc' dir='ltr'><strong>ι</strong></span> <span class='ocrx_word' id='word_1_827' title='bbox 3383 5575 3424 5625; x_wconf 89' lang='grc' dir='ltr'><strong>Τ</strong></span> <span class='ocrx_word' id='word_1_828' title='bbox 3428 5576 3487 5626; x_wconf 87' lang='grc' dir='ltr'><strong>ὸν</strong></span> <span class='ocrx_word' id='word_1_829' title='bbox 3515 5570 3674 5642; x_wconf 83' lang='grc' dir='ltr'>λόγον</span> <span class='ocrx_word' id='word_1_830' title='bbox 3705 5573 3766 5623; x_wconf 82' lang='grc' dir='ltr'>ὃν</span> 
     </span>
    </p>
   </div>
   <div class='ocr_carea' id='block_1_112' title="bbox 2179 5658 3772 5737">
    <p class='ocr_par' dir='ltr' id='par_1_112' title="bbox 2179 5658 3772 5737">
     <span class='ocr_line' id='line_1_112' title="bbox 2179 5658 3772 5737; baseline 0.004 -27"><span class='ocrx_word' id='word_1_831' title='bbox 2179 5658 2449 5730; x_wconf 83' lang='grc' dir='ltr'>ἑλάλησας</span> <span class='ocrx_word' id='word_1_832' title='bbox 2482 5661 2614 5730; x_wconf 76' lang='grc' dir='ltr'>πρὸς</span> <span class='ocrx_word' id='word_1_833' title='bbox 2640 5663 2786 5734; x_wconf 78' lang='grc' dir='ltr'>ἡμᾶς</span> <span class='ocrx_word' id='word_1_834' title='bbox 2809 5664 2885 5736; x_wconf 91' lang='grc' dir='ltr'><strong>τῷ</strong></span> <span class='ocrx_word' id='word_1_835' title='bbox 2912 5665 3136 5737; x_wconf 83' lang='grc' dir='ltr'>ὀνόματι</span> <span class='ocrx_word' id='word_1_836' title='bbox 3165 5667 3394 5736; x_wconf 83' lang='grc' dir='ltr'>Κυρίου,</span> <span class='ocrx_word' id='word_1_837' title='bbox 3421 5665 3522 5718; x_wconf 82' lang='grc' dir='ltr'><strong>οὐκ</strong></span> <span class='ocrx_word' id='word_1_838' title='bbox 3543 5664 3772 5720; x_wconf 82' lang='grc' dir='ltr'>ἀκουσό-</span> 
     </span>
    </p>
   </div>
   <div class='ocr_carea' id='block_1_113' title="bbox 577 5834 2087 5919">
    <p class='ocr_par' dir='ltr' id='par_1_113' title="bbox 577 5834 2062 5910">
     <span class='ocr_line' id='line_1_113' title="bbox 577 5834 2062 5910; baseline -0.001 -17"><span class='ocrx_word' id='word_1_839' title='bbox 577 5837 625 5872; x_wconf 80' lang='grc'>³⁰</span> <span class='ocrx_word' id='word_1_840' title='bbox 654 5837 736 5894; x_wconf 87' lang='lat' dir='ltr'><strong>Ill.</strong></span> <span class='ocrx_word' id='word_1_841' title='bbox 766 5839 893 5910; x_wconf 77' lang='lat' dir='ltr'><strong>Reg.</strong></span> <span class='ocrx_word' id='word_1_842' title='bbox 922 5854 1072 5906; x_wconf 76' lang='lat' dir='ltr'><strong>mn,</strong></span> <span class='ocrx_word' id='word_1_843' title='bbox 1112 5839 1203 5892; x_wconf 71' lang='lat'><strong>2|.</strong></span> <span class='ocrx_word' id='word_1_844' title='bbox 1282 5838 1322 5869; x_wconf 87' lang='grc'><strong>³¹</strong></span> <span class='ocrx_word' id='word_1_845' title='bbox 1363 5838 1462 5892; x_wconf 83' lang='lat' dir='ltr'><strong>lsa.</strong></span> <span class='ocrx_word' id='word_1_846' title='bbox 1505 5849 1692 5900; x_wconf 66' lang='lat' dir='ltr'><strong>sum,</strong></span> <span class='ocrx_word' id='word_1_847' title='bbox 1721 5834 1812 5887; x_wconf 68' lang='lat'><strong>22.</strong></span> <span class='ocrx_word' id='word_1_848' title='bbox 1889 5836 1933 5868; x_wconf 83' lang='grc'>³²</span> <span class='ocrx_word' id='word_1_849' title='bbox 1963 5835 2062 5892; x_wconf 87' lang='lat' dir='ltr'><strong>lsa.</strong></span> 
     </span>
    </p>
   </div>
   <div class='ocr_carea' id='block_1_114' title="bbox 2188 5834 3560 5919">
    <p class='ocr_par' dir='ltr' id='par_1_114' title="bbox 2188 5837 3560 5919">
     <span class='ocr_line' id='line_1_114' title="bbox 2188 5837 3560 5919; baseline 0.011 -29"><span class='ocrx_word' id='word_1_850' title='bbox 2188 5853 2253 5902; x_wconf 70' lang='lat' dir='ltr'><strong>Vt,</strong></span> <span class='ocrx_word' id='word_1_851' title='bbox 2287 5837 2380 5893; x_wconf 61' lang='lat'><strong>‘24.</strong></span> <span class='ocrx_word' id='word_1_852' title='bbox 2457 5841 2501 5872; x_wconf 84' lang='grc'>³³</span> <span class='ocrx_word' id='word_1_853' title='bbox 2531 5841 2652 5896; x_wconf 85' lang='lat' dir='ltr'><strong>lsai.</strong></span> <span class='ocrx_word' id='word_1_854' title='bbox 2696 5859 2860 5910; x_wconf 71' lang='lat' dir='ltr'><strong>xxxv,</strong></span> <span class='ocrx_word' id='word_1_855' title='bbox 2897 5847 2980 5900; x_wconf 79' lang='grc'><strong>10.</strong></span> <span class='ocrx_word' id='word_1_856' title='bbox 3058 5847 3101 5879; x_wconf 63' lang='grc'>³⁵</span> <span class='ocrx_word' id='word_1_857' title='bbox 3135 5847 3366 5919; x_wconf 72' lang='lat' dir='ltr'><strong>Philipp.</strong></span> <span class='ocrx_word' id='word_1_858' title='bbox 3402 5864 3472 5914; x_wconf 89' lang='lat' dir='ltr'><strong>Iv,</strong></span> <span class='ocrx_word' id='word_1_859' title='bbox 3509 5847 3560 5905; x_wconf 78' lang='lat'><strong>5.</strong></span> 
     </span>
    </p>
   </div>
  </div>
