4094 6464
479 423 553 478 7’)
1422 440 1981 509 COMMENTARIUS
2022 456 2087 512 ΙΝ
2128 459 2364 519 OSEAM
2404 464 2851 532 PROPHETAM.
3706 499 3775 556 78

478 536 629 607 μεθά
670 553 791 603 σου,
821 540 903 595 ὅτι
944 545 1195 600 ποιοῦσαι
1231 553 1530 626 ποιήσομεν
1564 561 1741 615 πάντα
1769 564 1862 618 τὸν
1904 567 2043 638 λόγοι

478 628 535 671 Β(
579 629 923 671 ὲβςὶεύκετηο
972 637 1034 671 ἐν
1072 638 1165 671 σι-ΛΠ
1210 643 1480 671 ..-λη--..ρ
1530 650 1687 671 ,εμεη
1763 654 1789 671 Λ
1906 660 1933 671 ..

3714 536 3771 556 ..ι

2148 578 2345 645 Lmim,
2409 597 2513 638 non
2558 588 2842 647 audiemus
2899 604 2971 661 te,
3005 599 3131 667 quia
3177 601 3443 661 facientes
3513 610 3771 671 faciemus

468 628 535 693 ὃς
579 629 929 695 ἐξελεύσεται
972 637 1036 689 ἐκ
1072 638 1166 691 τοῦ
1210 643 1480 713 στόματος
1530 650 1711 719 ἡμῶν,
1762 654 1967 730 θυμιᾷν
2013 666 2078 734 τῇ

470 720 773 798 βασιλίσσῃ
808 725 905 779 τοῦ
941 729 1194 800 οὐρανοῦ,
1222 738 1316 788 καὶ
1352 740 1602 796 σπένδειν
1636 746 1775 819 αὐτῇ
1820 752 2078 820 σπονδὰς,

2187 685 2349 727 omne
2400 678 2649 746 verbum,
2704 686 2849 752 quod
2914 689 3222 757 egredietur
3300 697 3368 752 de
3425 713 3519 755 ore
3560 717 3768 773 nostro,

2183 772 2243 817 ut
2307 768 2622 827 adoleamus
2668 774 2865 845 reginae
2918 778 3063 845 caeli,
3092 790 3147 838 et
3186 783 3416 843 libemus
3471 768 3767 863 libamina,

467 813 622 868 καθά
669 816 1016 891 ἐποιήσαμεν
1061 824 1243 894 ἡμεῖς,
1292 830 1390 882 καὶ
1423 833 1472 885 οἱ
1505 813 1951 913 πατέρεςηήμῶν,
1986 813 2043 901 κέ

467 909 521 955 οἰ
563 906 995 955 Βασιλὲἰεῆιυτιυ
1047 916 1138 955 νηῒ
1173 920 1221 955 Λῖ
1261 920 1522 955 κωκυ---
1563 930 1725 955 1...".-.
1774 935 1830 955 ι-.
1914 936 1952 955 η

2188 813 2241 817 _-
2307 813 2622 827 .._-.-.....uu
2668 813 2865 845 ινδηιυυ
2918 813 3063 845 LW“,
3092 813 3147 838 σι
3186 813 3416 843 uucmua
3471 813 3765 863 ιιυιιιωιηι,

2181 857 2325 912 sicut
2353 860 2583 919 fecimus
2620 880 2716 919 nos
2767 876 2822 920 et
2872 881 3055 940 patres
3102 878 3308 945 nostri,
3350 891 3403 936 et
3451 898 3604 955 reges
3663 903 3765 943 no-

463 909 521 959 oi
562 906 810 977 βασιλεῖς
834 912 1017 983 ἡμῶν,
1047 916 1142 970 καὶ
1173 920 1223 971 οἱ
1261 920 1522 994 ἄρχοντες
1563 906 1745 1000 ἡμῶν,
1771 906 1832 987 ἐν
1861 906 2078 992 πόλεσιν

480 1000 695 1067 Ἰούδα,
746 1004 841 1057 καὶ
894 1003 1095 1070 ἔξωθεν
1132 1010 1514 1089 Ἰερουσαλήμ.
1562 1022 1674 1076 Καὶ
1726 1025 2077 1101 ἐπλήσθημεν

460 1094 681 1164 ἄρτων,
710 1097 807 1149 καὶ
848 1099 1148 1172 ἐγενόμεθα
1188 1109 1448 1178 χρηστοὶ,
1480 1112 1576 1166 καὶ
1621 1115 1770 1169 κακά
1795 1094 1897 1172 ούκ
1938 1094 2075 1176 είδο-

462 1200 595 1253 μεν.
630 1187 744 1240 Καὶ
768 1187 845 1252 ὡς
872 1190 1190 1265 διελίπομεν
1219 1197 1526 1268 θυμιῶντες
1551 1209 1618 1277 τῇ
1661 1207 1950 1285 βασιλίσσῃ
1979 1215 2072 1269 τοῦ

460 1276 731 1345 ούρανοῦ,
751 1282 1147 1357 ἡλαττώθημεν
1174 1290 1378 1356 πάντες
1401 1297 1585 1366 ἡμεῖς,
1610 1276 1705 1354 καὶ
1724 1303 1783 1357 ἐν
1828 1276 2071 1381 ῥομιραίᾳ

456 1367 562 1419 xa‘t
603 1369 663 1421 ἐν
698 1369 858 1443 θυμῷ
894 1374 1234 1449 ἐξελίπομεν.
1266 1400 1285 1434 ι
1330 1384 1529 1457 Συνίης
1567 1385 1660 1444 οῦν
1689 1367 1840 1459 ὅπως
1876 1367 2069 1467 μονονί

451 1461 589 1532 ουχὶ
628 1466 722 1516 καὶ
766 1467 1077 1524 ἁντέκτισιν
1122 1473 1218 1529 τοῦ
1264 1478 1645 1552 πεπλανῆσθαί
1678 1504 1843 1558 φησιν
1877 1461 2066 1565 ’ἐσχη-

451 1555 627 1609 κέναι
654 1556 725 1610 τὰ
759 1557 1011 1634 ζωαρκῆ,
1053 1565 1147 1619 καὶ
1184 1568 1324 1641 πρός
1360 1588 1425 1640 γε
1465 1573 1531 1646 δὴ
1560 1555 1752 1650 τούτῳ-
1775 1583 1836 1636 τὸ
1865 1555 2065 1657 εὐημέ-

448 1646 616 1715 ρεῖν;
656 1666 676 1700 ‹
720 1649 965 1719 Ἀφανιῶ
1002 1660 1318 1729 τοιγαροῦν,
1363 1665 1550 1735 φησὶν,
1597 1667 1634 1722 ἃ.
1674 1646 1817 1739 sine,
1845 1646 2066 1731 Μισθὼ-

453 1739 615 1806 ματά
646 1757 751 1811 μου
775 1743 955 1802 ταῦτά
984 1750 1157 1817 ἐστιν,
1180 1752 1217 1807 ἃ
1246 1752 1455 1813 ἔδωκάν
1486 1777 1578 1832 μοι
1605 1766 1654 1817 oi
1682 1768 1909 1837 ἐρασταί
1938 1790 2062 1843 μου,

445 1830 555 1883 καὶ
586 1830 829 1905 θήσομεν
858 1839 954 1892 καὶ
986 1842 1127 1897 αύτά
1162 1845 1241 1910 είς
1275 1830 1596 1922 μαρτύριον.
1622 1874 1641 1907 ι
1691 1830 2065 1937 Καταμαρτυλ

449 1923 623 1995 ρήσει
657 1926 767 1997 γάρ
814 1928 1010 2002 ὥσπερ
1067 1937 1166 2007 τῆς
1203 1937 1298 1992 τοῦ
1335 1941 1553 2016 Ἰσραὴλ
1603 1923 1903 2024 μοχθηρίας
1934 1923 2055 2029 ⁵ἀφ.
2094 1930 2137 1986 Β

443 2017 715 2086 ῃρημένα
754 2020 934 2087 ταυτὶ,
967 2024 1061 2078 καὶ
1089 2026 1189 2100 τὴν
1225 2029 1383 2103 δίκην
1420 2017 1613 2103 αὐτοῖς
1651 2017 2059 2121 ἐπισημοτέραν

443 2109 779 2180 ἐργάσεται,
808 2115 907 2168 καὶ
934 2122 1223 2194 καταφανῆ
1258 2127 1475 2197 ποιήσει
1508 2131 1610 2202 τὴν
1634 2109 1836 2209 όργήνῒ
1857 2160 1874 2194 ι
1904 2109 2059 2197 "Eos-

440 2216 541 2254 ται
567 2200 627 2255 δὲ
656 2204 798 2260 αύτά
828 2206 899 2261 τά
932 2207 1100 2283 θηρία
1124 2213 1221 2267 τοῦ
1252 2217 1449 2288 ἀγροῦ,
1488 2200 1585 2277 καῖ
1616 2200 1684 2279 τά
1713 2200 1933 2289 πετεινά
1961 2237 2056 2291 τοῦ

441 2292 709 2363 ούρανοῦ,
737 2297 832 2350 καὶ
848 2298 919 2352 τά
939 2302 1145 2372 ἑρπετὰ
1157 2306 1392 2381 τῆςγῆς.
1409 2331 1427 2364 ι
1453 2313 1647 2371 Νοοῖτο
1669 2318 1718 2373 δ’
1746 2321 1814 2376 ἂν
1842 2327 1902 2379 ού
1933 2328 2057 2383 καθ’

438 2383 548 2437 ἕνα
580 2388 744 2441 ταυτὶ
768 2389 834 2462 δὴ
861 2394 1082 2464 τρόπον,
1114 2400 1276 2470 τριχῆ
1302 2401 1359 2455 δὲ
1410 2406 1612 2476 μᾶλλον
1638 2411 1707 2465 τὰ
1735 2415 1799 2469 ἐκ
1832 2417 1926 2472 τοῦ
1958 2438 2055 2491 ση-

444 2480 787 2550 μαινομένου
842 2482 1207 2558 ληφθήσεται.
1241 2495 1310 2548 Ἦ
1356 2497 1467 2570 γὰρ
1523 2503 1702 2559 ἐκεῖνό
1752 2524 1937 2580 φησιν,
1971 2480 2052 2568 ὅτι

437 2567 659 2641 θηρίων
686 2572 842 2667 ἔσται
872 2580 1049 2651 τροφὴ
1078 2583 1147 2635 τά
1173 2585 1232 2638 ἐν
1264 2567 1477 2660 ἀγροῖς,
1516 2593 1593 2659 ὡς
1625 2599 1727 2652 οὐκ
1763 2567 1937 2667 iiiis-0;,
1969 2567 2051 2661 ἔτι

436 2662 543 2714 τοῦ
570 2666 955 2734 κατοικοῦντος
978 2672 1078 2744 τὴν
1101 2676 1229 2747 γῆν,
1250 2678 1338 2735 διά
1364 2682 1425 2736 τὸ
1450 2684 1736 2754 πλείστους
1767 2694 1867 2763 μὲν
1891 2662 2051 2764 όσους

434 2758 615 2810 οἴκων
657 2764 718 2812 τέ
763 2762 858 2816 καὶ
905 2764 1115 2821 πόλεων
1160 2770 1640 2848 ἐκσεσοϐημένους
1707 2758 2048 2861 ἀποδραμεῖν

432 2849 546 2922 οὐχ
582 2850 812 2920 ἑκόντας
852 2857 934 2921 εἰς
968 2858 1267 2918 Βαϐυλῶνα
1318 2867 1414 2921 καὶ
1453 2870 1703 2943 Μήδους,
1745 2849 2048 2954 δεδαπανῆ-

438 2942 577 2996 σθαι
612 2944 672 2998 δὲ
710 2947 790 3019 τῷ
822 2949 1047 3022 πολέμῳ
1077 2955 1173 3008 καὶ
1212 2957 1435 3030 ἐτέρους
1466 2942 1657 3032 ὅσους,
1703 2968 1781 3034 ὡς
1812 2972 1917 3026 ὑπὸ
1949 2942 2047 3046 μό-

434 3053 555 3089 νων
596 3037 700 3109 ἥδη
744 3040 952 3112 θηρίων
994 3062 1053 3098 τε
1101 3048 1195 3100 καὶ
1224 3050 1472 3119 ἑρπετῶν
1512 3057 1621 3111 τῶν
1679 3062 2043 3137 Σαμαρειτῶν

430 3129 718 3184 οἰκεῖσθαι
747 3132 934 3205 χώραν
955 3153 969 3167 ’
996 3137 1162 3208 ἤγουν
1196 3141 1373 3198 ἐκεῖνο
1404 3147 1588 3216 πάλιν,
1617 3152 1700 3208 ὅτι
1727 3155 1829 3227 τῆς
1860 3152 2042 3232 χώρας

431 3221 751 3294 εὐκαρπίαν
780 3220 871 3281 οἷά
910 3245 1057 3294 τινες
1099 3232 1267 3304 θῆρες
1300 3238 1350 3289 oi
1385 3238 1719 3299 Βαϐυλώνιοι
1760 3220 2039 3323 θοινησονξ

430 3332 556 3379 ται,
588 3316 699 3371 τῶν
745 3320 1102 3378 ἐνοικούντων
1128 3327 1229 3398 τὴν
1278 3329 1404 3400 γῆν,
1456 3336 1576 3399 ταῖς
1606 3345 2037 3415 τετειχισμέναις

436 3408 563 3461 τῶν
594 3410 805 3466 πόλεων
832 3414 1205 3488 ἐνισχημένων
1258 3423 1353 3475 καὶ
1381 3424 1521 3491 οὐδὲ,
1554 3430 1679 3484 ὅσον
1708 3408 1906 3501 εἰπεῖν,
1939 3408 2037 3493 ἐπζ

428 3505 628 3560 έκεινα
654 3507 839 3564 πυλῶν
877 3511 1011 3567 ίέναι
1038 3513 1389 3586 τολμώντων,
1420 3521 1599 3577 καίτοι
1642 3527 2036 3601 καταφθείρον-

427 3614 531 3661 τος
564 3598 661 3651 τοῦ
688 3600 870 3672 λιμοῦ.

506 3690 578 3744 Εἰ
605 3690 663 3743 δέ
699 3709 775 3763 τῳ
795 3693 946 3748 δοκεῖ
980 3699 1221 3753 συνιέναι
1262 3708 1669 3775 πνευματικῶς,
1704 3712 1799 3764 καὶ
1830 3712 1895 3765 δι’
1925 3715 2035 3769 ἐτέ-

430 3799 539 3853 ρας
586 3781 655 3835 ἂν
706 3785 774 3838 ῐοι
826 3788 1036 3859 τρίϐου.
1096 3793 1404 3864 Ἀμπελῶνι
1447 3799 1548 3869 μὲν
1609 3803 1717 3873 γὰρ
1762 3806 1854 3857 καὶ
1894 3811 2030 3879 συκῇ

424 3877 838 3944 παρεικαστέον
862 3876 919 3934 εὖ
953 3882 1098 3951 μάλα
1117 3885 1216 3956 τὴν
1239 3886 1327 3942 διά
1353 3891 1519 3962 νόμου
1566 3895 1865 3964 παίδευσιν,
1898 3902 2034 3955 ἀπο-

421 3965 775 4036 κομίζουσαν
796 3972 877 4035 εἰς
912 3973 1167 4044 Χριστόν.
1193 3978 1545 4052 Παιδαγωγεῖ
1575 3985 1685 4057 γὰρ
1728 3990 1807 4053 εἰς
1851 3992 2029 4058 τοῦτο,

423 4060 577 4113 κατὰ
604 4059 707 4131 τὴν
725 4062 820 4116 τοῦ
844 4068 1123 4137 μακαρίου
1158 4071 1375 4125 Παύλου
1406 4077 1609 4147 φωνήν.
1640 4080 1751 4133 Καὶ
1785 4082 2029 4153 ἄμπελος

431 4150 543 4222 μὲν
607 4153 918 4225 εύφρασίας
961 4156 1029 4210 ἂν
1074 4163 1242 4214 νοοῖτο
1278 4163 1567 4235 σύμϐολον,
1604 4170 1940 4245 γλυκύτητος
1970 4176 2027 4230 δὲ

423 4245 598 4315 συκῆ.
641 4247 765 4299 Ὅτι
808 4247 864 4301 δὲ
897 4248 1042 4321 ψυχῇ
1099 4252 1331 4327 φιλοθέῳ
1362 4257 1568 4326 γλυκὺς
1610 4263 1826 4335 ἀληθῶς
1856 4268 1883 4321 ό
1931 4269 2024 4322 τοῦ

417 4335 569 4390 Θεοῦ
603 4338 789 4409 νόμος,
824 4341 920 4394 καὶ
968 4347 1390 4418 κατευφραίνειν
1446 4351 1623 4418 εἰδὼς,
1670 4356 1787 4421 πῶς
1834 4358 1901 4412 ἂν
1934 4360 2022 4414 ἐν·

416 4428 670 4483 δοιάσειέ
696 4448 815 4496 τις;
849 4432 1059 4488 Οὐκοῦν
1086 4436 1351 4509 ἀμέτοχος
1375 4441 1473 4511 μὲν
1500 4445 1528 4495 ό
1567 4446 1782 4517 Ἰσραὴλ
1816 4449 2025 4521 ἀπομε-

419 4520 675 4592 μένηκεν
720 4523 1039 4591 ἀναγκαίως
1070 4526 1181 4581 τῶν
1230 4528 1437 4585 ἄνωθεν
1488 4535 1583 4588 καὶ
1637 4541 2023 4608 πνευματικῶν

2180 947 2302 1011 stri,
2347 959 2402 1004 et
2440 954 2713 1025 principes
2763 961 2956 1026 nostri,
2991 962 3044 1017 in
3101 965 3325 1024 urbibus
3371 947 3538 1041 ΙΙιιιΙιι,
3592 988 3646 1034 et
3672 981 3764 1037 de-

2181 1038 2313 1094 l‘oris
2383 1040 2707 1113 Jerusalem,
2766 1060 2821 1105 et
2886 1058 3111 1112 saturuti
3159 1074 3350 1118 sumus
3406 1068 3657 1136 panibus,
3710 1083 3766 1129 et

2178 1127 2307 1185 facti
2347 1148 2536 1190 sumus
2570 1137 2718 1205 boni,
2747 1152 2799 1194 et
2818 1143 2957 1198 mala
2988 1162 3093 1202 non
3128 1150 3381 1208 vidimus.
3407 1155 3469 1211 Et
3497 1166 3554 1212 ut
3588 1177 3766 1218 cessa-

2175 1222 2353 1277 vimus
2395 1225 2675 1283 adolentes
2736 1232 2933 1302 regina:
2989 1238 3133 1305 coeli,
3176 1250 3232 1295 et
3276 1243 3506 1303 libantes
3533 1252 3582 1305 ci
3631 1252 3763 1308 liba-

2174 1313 2339 1379 mina,
2383 1315 2714 1387 indiguimus
2774 1339 2966 1381 omnes
3005 1344 3123 1398 nos,
3152 1342 3208 1386 et
3273 1336 3324 1390 in
3365 1338 3563 1410 gladio,
3605 1355 3659 1399 et
3708 1348 3759 1403 itt

2173 1404 2317 1461 [ante
2364 1407 2664 1468 defecimus
2693 1415 2757 1471 ³⁸.
2794 1436 2812 1468 ι
2852 1418 3254 1481 Animadvertis
3305 1404 3469 1501 igitur
3531 1404 3760 1505 quomo-

2171 1497 2240 1549 do
2295 1513 2384 1553 res
2451 1504 2517 1554 ad
2577 1520 2730 1559 usum
2790 1510 2911 1564 vitae
2983 1520 3348 1587 necessarias,
3415 1533 3469 1580 et
3535 1528 3761 1602 insuper

2172 1602 2491 1660 prosperum
2560 1611 2740 1654 rerum
2821 1612 3018 1662 statum
3075 1619 3133 1664 ut
3206 1616 3412 1671 erroris
3481 1619 3566 1675 sui
3611 1639 3756 1679 mer-

2168 1684 2356 1739 cedem
2397 1700 2463 1743 ac
2500 1692 2786 1759 praemium
2828 1712 2887 1752 se
2911 1703 3183 1771 recepisse
3217 1706 3440 1764 dicant?
3477 1714 3553 1767 ait
3588 1730 3751 1786 ergo:

2174 1792 2193 1826 ι
2244 1775 2557 1847 Disperdam
2631 1786 2697 1841 de
2762 1791 3173 1866 quibuscunque
3243 1800 3415 1868 dixit,
3473 1775 3753 1867 Men-edes

2167 1880 2301 1921 meae
2345 1879 2472 1924 sunt
2510 1870 2619 1945 43
2659 1874 2796 1943 istae,
2843 1894 2980 1949 quas
3019 1883 3283 1942 dederunt
3356 1892 3490 1946 mihi
3548 1906 3751 1952 amato-

2166 1972 2253 2014 res
2292 1960 2417 2024 mei,
2447 1972 2502 2017 et
2539 1981 2733 2033 ponam
2768 1983 2829 2022 ea
2850 1971 2904 2025 in
2947 1975 3367 2034 testimonium.»
3391 1982 3581 2041 Ablata
3604 1988 3750 2043 enim

2164 2050 2280 2105 hwc
2350 2051 2569 2111 lsraclis
2638 2066 3052 2130 perversitatem
3118 2073 3552 2133 tcstilicabantur
3609 2096 3747 2150 quo-

2160 2142 2471 2213 dammodo,
2514 2160 2567 2205 et
2606 2153 2773 2222 ipsius
2810 2170 3027 2226 pinnam
3085 2161 3447 2234 illustrabant,
3482 2142 3750 2228 divinam-

2159 2247 2266 2303 que
2314 2235 2452 2291 iram
2503 2240 2766 2299 adversus
2813 2250 3062 2305 eumdem
3090 2254 3462 2316 declarabant.
3499 2280 3518 2312 ι
3551 2258 3747 2322 Come-

2157 2326 2290 2383 dent
2324 2344 2389 2385 ea
2429 2333 2618 2389 bestia:
2654 2337 2793 2406 agri,
2820 2350 2874 2396 et
2909 2342 3157 2402 volucres
3212 2351 3372 2417 caeli,
3424 2362 3479 2409 et
3535 2359 3745 2428 reptilia

2156 2432 2335 2477 terrm.
2368 2441 2389 2476 ι
2445 2425 2577 2492 Quae
2629 2430 2847 2499 quidem
2895 2450 3002 2490 non
3044 2453 3173 2504 uno,
3218 2443 3312 2496 sed
3360 2446 3532 2502 tribus
3567 2425 3744 2507 modis

2155 2516 2430 2586 explicare
2476 2520 2623 2577 licet.
2684 2526 2797 2579 Aut
2838 2528 2984 2583 enim
3048 2532 3153 2588 hoc
3210 2534 3381 2602 dicit,
3442 2538 3738 2599 bestiarum

2153 2606 2335 2663 cibum
2400 2609 2516 2666 fore
2556 2627 2677 2683 qua:
2717 2630 2845 2673 sunt
2899 2621 2953 2675 in
2990 2624 3137 2693 agris
3163 2664 3180 2690 ,
3218 2636 3405 2698 utpote
3471 2647 3578 2689 non
3649 2652 3741 2693 ex-

2149 2707 2330 2754 stante
2389 2702 2622 2772 amplius
2664 2708 2753 2774 qui
2799 2718 3003 2765 terram
3058 2712 3303 2784 habitet;
3342 2722 3598 2789 quoniam
3624 2726 3739 2782 lon—

2150 2805 2216 2861 ge
2271 2792 2486 2862 plurimi
2535 2797 2785 2856 domibus
2831 2811 2887 2856 et
2934 2806 3159 2863 urbibus
3214 2812 3445 2881 expulsi,
3509 2814 3736 2891 Babylo-

2150 2896 2310 2951 nem,
2362 2894 2419 2941 et
2464 2889 2532 2944 ad
2584 2888 2770 2948 Medos
2819 2892 2971 2950 inviti
3003 2898 3271 2970 abierint;
3315 2904 3409 2959 alii
3476 2888 3734 2977 praetcrea

2150 2989 2254 3029 non
2308 2978 2464 3046 pauci
2507 2980 2650 3037 bello
2699 2984 2971 3057 absumpti
3020 2991 3151 3057 sint,
3194 3004 3253 3050 ut
3299 2996 3413 3066 jam
3458 3014 3488 3053 a
3548 3000 3738 3060 bestiis

2148 3076 2354 3125 tantum
2392 3080 2445 3128 et
2466 3075 2746 3144 reptilibus
2770 3080 3239 3141 Samaritanorum
3273 3091 3420 3159 regio
3442 3092 3733 3152 incolatur.

2145 3159 2251 3216 Aut
2291 3174 2440 3221 certe
2474 3166 2577 3223 hoc
2626 3172 2780 3237 vult,
2823 3171 3039 3245 frugum
3080 3178 3289 3248 copiam
3340 3184 3577 3253 regionis
3627 3186 3735 3243 Ba-

2144 3254 2389 3324 bylonios
2429 3258 2480 3312 in
2540 3275 2747 3318 morem
2792 3265 3087 3324 bestiarum
3131 3272 3523 3344 devoraturos,
3577 3281 3731 3337 inco-

2143 3346 2211 3400 lis
2250 3347 2389 3402 intra
2428 3366 2611 3408 muros
2636 3354 2851 3411 urbium
2903 3373 2964 3414 se
3017 3363 3347 3430 tenentibus,
3379 3381 3480 3423 nec
3517 3370 3602 3425 vel
3660 3375 3729 3429 ad

2143 3451 2475 3497 momentum
2502 3455 2657 3500 extra
2684 3459 2869 3517 portas
2900 3453 3118 3522 prodire
3146 3458 3493 3531 audentibus,
3532 3478 3728 3534 quam-

2142 3534 2235 3588 vis
2256 3532 2397 3591 fame
2442 3538 2744 3596 moriantur

2209 3717 2365 3783 Quod
2415 3719 2461 3774 si
2505 3720 2737 3792 cuipiam
2790 3724 2904 3779 lucc
2968 3727 3329 3795 Spiritualitcr
3376 3732 3724 3807 intelligenda

2138 3810 2411 3877 videntur,
2445 3811 2494 3866 ei
2542 3812 2646 3866 alia
2709 3829 2925 3885 quoque
2980 3817 3063 3872 via
3122 3819 3330 3876 licitum
3370 3835 3456 3881 est
3488 3828 3590 3884 ire.
3626 3828 3725 3887 Vi-

2136 3915 2253 3955 neae
2331 3917 2569 3971 namque
2624 3914 2678 3958 et
2731 3905 2854 3959 licui
2918 3910 3364 3968 commodissime
3412 3925 3721 3991 comparari

2135 4001 2312 4061 potest
2347 4008 2445 4062 per
2474 3995 2646 4066 legem
2688 3996 2980 4066 institutio,
3022 4004 3089 4056 ad
3116 4003 3390 4062 Christum
3422 4008 3717 4071 deducens.

2132 4085 2210 4139 Ad
2264 4087 2368 4141 hoc
2408 4087 2548 4142 enim
2589 4089 2680 4143 illa
2722 4100 2909 4146 noster
2948 4095 3270 4164 paedagogus
3291 4108 3396 4163 est,
3442 4102 3596 4171 juxta
3626 4123 3721 4165 vo.

2130 4194 2248 4234 cem
2288 4181 2426 4236 beati
2469 4179 2620 4236 Pauli
2645 4182 2796 4237 “.Et
2830 4184 2979 4239 vinea
3009 4188 3229 4256 quidem
3272 4191 3491 4263 laetitiae,
3528 4199 3716 4255 dulce-

2130 4273 2275 4329 dinis
2317 4285 2498 4330 autem
2562 4276 2695 4331 ﬁcus
2744 4277 3047 4346 symbolum
3100 4283 3273 4353 accipi
3322 4296 3519 4354 potest.
3584 4291 3718 4350 Esse

2128 4374 2307 4418 autem
2349 4364 2541 4419 anima:
2577 4366 2743 4421 Deum
2791 4369 2995 4424 amanti
3034 4369 3204 4439 legem
3253 4390 3440 4431 revera
3477 4378 3714 4451 dulcem,

2125 4464 2181 4509 et
2248 4470 2407 4524 posse
2453 4470 2572 4511 eam
2603 4458 2930 4524 exhilarare,
2981 4462 3110 4530 quid
3153 4474 3239 4520 est
3282 4483 3379 4523 cur
3424 4471 3713 4543 quisquam

2127 4544 2377 4599 dubitet?
2443 4546 2784 4618 Quapropter
2832 4548 2999 4607 Israel
3044 4568 3401 4625 supernorum
3460 4564 3719 4637 spiritua—

416 4612 679 4680 ἀγαθῶν.
707 4614 958 4669 Δέδονται
990 4618 1048 4671 δὲ
1091 4621 1229 4693 πρὸς
1261 4624 1562 4695 μετάληψιν
1599 4630 1711 4691 τοῖς
1742 4631 1905 4684 οἱονεὶ
1934 4632 2027 4704 θη-

2565 4612 2579 4618 -
2664 4612 2679 4618 -
3110 4612 3125 4625 .
3372 4612 3399 4613 η
3460 4612 3687 4637 7mm-

2155 4636 2372 4706 iumque
2428 4638 2692 4694 bonorum
2727 4656 2923 4711 expers
2975 4661 3194 4702 manere
3250 4651 3470 4719 debuit,
3503 4665 3558 4711 et
3590 4658 3717 4712 tan-

1412 4715 1422 4733 ι

413 4704 568 4780 ρίοις
612 4722 673 4759 τε
716 4708 812 4761 καὶ
859 4710 1131 4780 ἑρπετοῖς,
1182 4716 1326 4787 φημὶ
1374 4715 1438 4787 δὴ
1477 4720 1592 4782 τοῖς
1632 4720 1690 4786 ἐξ
1735 4720 1938 4787 ἐθνῶν,
1973 4726 2024 4779 οἳ

414 4798 535 4870 πρὸ
560 4798 663 4869 τῆς
698 4800 953 4873 Σωτῆρος
994 4803 1290 4877 ἐπιδημίας
1325 4807 1481 4879 ὀλίγα
1511 4810 1811 4879 διενεγκεῖν
1840 4813 2023 4886 θηρῶν

408 4908 477 4947 τε
528 4892 625 4945 καὶ
672 4894 920 4964 ἑρπετῶν
974 4897 1195 4952 ἰοϐόλων
1245 4901 1596 4973 ὑπονοηθεῖεν
1640 4903 1737 4970 ἂν,
1785 4906 1874 4961 διὰ
1919 4908 2020 4980 τὴν

413 4984 727 5055 σκαιότητα
760 4986 870 5040 τῶν
919 4988 1159 5060 τρόπων.
1205 4992 1351 5065 Πλὴν
1399 4996 1462 5048 οὐ
1529 5000 1905 5071 μεμενήκασιν
1958 5003 2018 5055 ὲν

404 5074 654 5142 τούτοις,
711 5077 1033 5135 ἀκολουθεῖν
1087 5083 1353 5154 ᾑρημένοι
1400 5087 1609 5156 λέγοντι
1639 5089 1717 5161 τῷ
1753 5093 2010 5165 Χριστῷ-

411 5187 433 5219 (
470 5167 697 5222 Μάθετε
720 5170 818 5223 ἀπ’
847 5171 1007 5242 ἐμοῦ,
1035 5174 1117 5228 ὅτι
1150 5177 1327 5246 πρᾶός
1364 5180 1481 5246 εἰμι
1522 5182 1614 5234 καὶ
1643 5184 1899 5247 ταπεινὸς
1942 5188 2007 5256 τῇ

402 5258 638 5331 καρδίᾳ,
683 5263 778 5315 καὶ
804 5262 1068 5335 εὑρήσετε
1094 5265 1401 5321 ἀνάπαυσιν
1423 5273 1540 5334 ταῖς
1561 5272 1760 5341 ψυχαῖς
1784 5274 1956 5344 ὑμῶν.
1985 5296 2003 5326 ι

403 5350 722 5422 Προσθείην
744 5352 788 5406 δ’
816 5353 885 5408 ἂν
914 5354 1091 5425 ἔγωγε
1119 5360 1231 5422 τοῖς
1272 5360 1583 5431 εἰρημένοις
1614 5366 1708 5417 καὶ
1743 5367 1862 5420 τόδε
1884 5384 1897 5401 ν
1932 5369 2009 5434 ὡς

398 5443 559 5496 ἐστιν
590 5443 805 5515 ἀνάγκη
852 5448 966 5511 τοῖς
1009 5448 1102 5503 τὸν
1141 5451 1417 5522 ἐπάρατον
1462 5454 1558 5507 καὶ
1608 5455 1836 5530 θεομισῆ
1889 5462 2007 5532 τρί-

398 5536 566 5589 ϐουσι
622 5535 761 5606 βίον,
805 5539 903 5592 καὶ
951 5542 1313 5613 ἀπολισθῆναι
1362 5547 1474 5599 δεῖν
1524 5548 1725 5613 παντὸς
1773 5552 2000 5619 ἀγαθοῦ,

395 5628 504 5682 καὶ
546 5630 607 5682 ἐν
658 5633 779 5695 ταῖς
828 5633 1059 5688 ἀπασῶν
1107 5636 1369 5707 ἐσχάταις
1422 5641 1671 5711 γενέσθαι
1722 5645 2002 5699 ταλαιπω-

401 5719 577 5789 ρίαις.

2128 4742 2291 4798 quam
2340 4729 2535 4786 belluis
2567 4748 2631 4788 ac
2668 4734 2951 4804 reptilibus
3006 4737 3059 4793 in
3126 4743 3366 4810 praedam
3420 4746 3541 4801 data
3584 4760 3711 4817 est,

2123 4823 2408 4890 gentibus,
2451 4824 2695 4894 inquam,
2744 4843 2881 4897 quas
2920 4840 3046 4885 ante
3097 4832 3300 4891 Christi
3344 4839 3632 4895 adventum
3680 4860 3712 4897 a

2122 4912 2255 4968 feris
2313 4924 2369 4969 et
2427 4917 2708 4984 reptilibus
2788 4923 3102 4991 venenatis,
3157 4938 3383 4998 prepter
3442 4942 3709 5003 agrestem

2120 5019 2332 5059 morum
2377 5006 2800 5065 inurbanilatem
2854 5027 3045 5082 parum
3104 5017 3468 5092 discrepuisse
3531 5026 3714 5081 existi-

2122 5113 2270 5153 mare
2296 5097 2440 5154 licet.
2473 5101 2580 5157 Sed
2623 5111 2802 5160 tamen
2843 5107 2979 5163 tales
3010 5126 3115 5165 non
3145 5126 3586 5182 permanserunt,
3619 5117 3709 5173 ubi

2119 5188 2396 5246 Christum
2440 5194 2593 5262 sequi
2636 5195 3019 5268 instituerunt,
3068 5203 3373 5261 dicentem:
3404 5227 3421 5259 ι
3446 5206 3647 5265 Discite
3676 5228 3706 5266 a

2119 5297 2226 5348 me,
2260 5284 2384 5353 quia
2435 5288 2584 5343 mitis
2624 5304 2744 5343 sum
2808 5301 2865 5347 et
2905 5294 3125 5351 humilis
3163 5298 3347 5362 corde,
3380 5308 3433 5355 et
3462 5300 3709 5357 invenie-

2119 5373 2187 5429 tis
2234 5377 2473 5445 requiem
2516 5380 2803 5438 animabus
2838 5387 3036 5441 vestris
3058 5387 3157 5441 ³⁷.»
3189 5387 3293 5443 Fas
3336 5405 3500 5457 porro
3545 5394 3707 5452 dictis

2114 5464 2219 5521 hoc
2259 5482 2424 5522 unum
2476 5470 2696 5539 addere,
2760 5475 3127 5543 maledictam,
3190 5490 3247 5535 et
3301 5481 3412 5537 Deo
3472 5483 3703 5542 invisam

2112 5556 2256 5611 viam
2288 5561 2649 5631 ambulantes,
2672 5566 2839 5620 velint
2862 5568 3036 5623 nolint
3066 5573 3213 5627 omni
3252 5574 3393 5631 bono
3414 5578 3700 5643 excedere,

2113 5656 2168 5701 et
2214 5650 2281 5703 ad
2318 5663 2592 5711 extremas
2624 5656 2877 5711 miserias
2924 5657 3155 5716 devolvi.

477 5898 523 5929 ³⁵
557 5895 760 5956 Jerem.
799 5919 945 5970 XLIV,
976 5906 1159 5963 16-18.
1237 5910 1282 5941 ³⁶
1304 5908 1480 5965 Galat.
1528 5926 1607 5977 ιιι,
1636 5910 1727 5966 24.
1768 5912 1808 5943 ³⁷
1846 5912 2032 5968 Matth.
2074 5928 2149 5981 XI,
2186 5915 2275 5967 ‘29.
