  <div class='ocr_page' id='page_1' title='image "/cluster/home/n/w/nwhite01/storage/ocr_20150623/71:no.4/coo.31924054869718/047.png"; bbox 0 0 4094 6546; ppageno 0'>
   <div class='ocr_carea' id='block_1_1' title="bbox 445 495 534 552">
    <p class='ocr_par' dir='ltr' id='par_1_1' title="bbox 445 495 534 552">
     <span class='ocr_line' id='line_1_1' title="bbox 445 495 534 552; baseline 0.011 -1"><span class='ocrx_word' id='word_1_1' title='bbox 445 495 534 552; x_wconf 79' lang='grc'><strong>’79</strong></span> 
     </span>
    </p>
   </div>
   <div class='ocr_carea' id='block_1_2' title="bbox 1443 488 3732 556">
    <p class='ocr_par' dir='ltr' id='par_1_2' title="bbox 1443 488 3732 556">
     <span class='ocr_line' id='line_1_2' title="bbox 1443 488 3732 556; baseline -0 -8"><span class='ocrx_word' id='word_1_2' title='bbox 1443 492 1503 548; x_wconf 89' lang='lat' dir='ltr'><strong>S.</strong></span> <span class='ocrx_word' id='word_1_3' title='bbox 1547 492 1821 549; x_wconf 69' lang='lat' dir='ltr'><strong>CYRILLI</strong></span> <span class='ocrx_word' id='word_1_4' title='bbox 1861 488 2333 549; x_wconf 75' lang='lat' dir='ltr'><strong>ALEXANDRINI</strong></span> <span class='ocrx_word' id='word_1_5' title='bbox 2376 490 2692 550; x_wconf 73' lang='lat' dir='ltr'><strong>ARCIIIEP.</strong></span> <span class='ocrx_word' id='word_1_6' title='bbox 3659 502 3732 556; x_wconf 73' lang='lat'><strong>80</strong></span> 
     </span>
    </p>
   </div>
   <div class='ocr_carea' id='block_1_3' title="bbox 533 612 2010 688">
    <p class='ocr_par' dir='ltr' id='par_1_3' title="bbox 533 614 2010 685">
     <span class='ocr_line' id='line_1_3' title="bbox 533 614 2010 685; baseline -0.001 -15"><span class='ocrx_word' id='word_1_7' title='bbox 533 616 601 670; x_wconf 83' lang='lat' dir='ltr'><strong>Et</strong></span> <span class='ocrx_word' id='word_1_8' title='bbox 662 614 893 671; x_wconf 78' lang='lat' dir='ltr'><strong>ulciscar</strong></span> <span class='ocrx_word' id='word_1_9' title='bbox 941 628 1097 683; x_wconf 78' lang='lat' dir='ltr'><strong>super</strong></span> <span class='ocrx_word' id='word_1_10' title='bbox 1156 630 1270 668; x_wconf 83' lang='lat' dir='ltr'><strong>eam</strong></span> <span class='ocrx_word' id='word_1_11' title='bbox 1330 616 1442 668; x_wconf 85' lang='lat' dir='ltr'><strong>dies</strong></span> <span class='ocrx_word' id='word_1_12' title='bbox 1482 614 1716 678; x_wconf 77' lang='lat' dir='ltr'><strong>Baetim,</strong></span> <span class='ocrx_word' id='word_1_13' title='bbox 1751 617 1806 669; x_wconf 82' lang='lat' dir='ltr'><strong>iu</strong></span> <span class='ocrx_word' id='word_1_14' title='bbox 1852 614 2010 685; x_wconf 82' lang='lat' dir='ltr'><strong>quibu</strong></span> 
     </span>
    </p>
   </div>
   <div class='ocr_carea' id='block_1_4' title="bbox 2114 612 3727 688">
    <p class='ocr_par' dir='ltr' id='par_1_4' title="bbox 2210 612 3727 688">
     <span class='ocr_line' id='line_1_4' title="bbox 2210 612 3727 688; baseline 0.007 -21"><span class='ocrx_word' id='word_1_15' title='bbox 2210 613 2321 668; x_wconf 76' lang='grc' dir='ltr'><strong>Καὶ</strong></span> <span class='ocrx_word' id='word_1_16' title='bbox 2351 612 2653 683; x_wconf 77' lang='grc' dir='ltr'><strong>ἐκδικήσω</strong></span> <span class='ocrx_word' id='word_1_17' title='bbox 2681 612 2775 666; x_wconf 77' lang='grc' dir='ltr'><strong>ἐπ’</strong></span> <span class='ocrx_word' id='word_1_18' title='bbox 2801 614 2996 684; x_wconf 78' lang='grc' dir='ltr'>αὐτὴν</span> <span class='ocrx_word' id='word_1_19' title='bbox 3036 614 3144 683; x_wconf 81' lang='grc' dir='ltr'><strong>τὰς</strong></span> <span class='ocrx_word' id='word_1_20' title='bbox 3173 616 3390 688; x_wconf 73' lang='grc' dir='ltr'>ἡμέρας</span> <span class='ocrx_word' id='word_1_21' title='bbox 3424 618 3545 673; x_wconf 81' lang='grc' dir='ltr'><strong>τῶν</strong></span> <span class='ocrx_word' id='word_1_22' title='bbox 3581 622 3727 676; x_wconf 81' lang='grc' dir='ltr'>Βαα-</span> 
     </span>
    </p>
   </div>
   <div class='ocr_carea' id='block_1_5' title="bbox 456 703 2032 777">
    <p class='ocr_par' dir='ltr' id='par_1_5' title="bbox 456 703 2032 777">
     <span class='ocr_line' id='line_1_5' title="bbox 456 703 2032 777; baseline -0.002 -14"><span class='ocrx_word' id='word_1_23' title='bbox 456 705 765 763; x_wconf 80' lang='lat' dir='ltr'><strong>immolabat</strong></span> <span class='ocrx_word' id='word_1_24' title='bbox 827 704 920 768; x_wconf 81' lang='lat' dir='ltr'><strong>eis,</strong></span> <span class='ocrx_word' id='word_1_25' title='bbox 968 714 1015 758; x_wconf 79' lang='lat' dir='ltr'><strong>et</strong></span> <span class='ocrx_word' id='word_1_26' title='bbox 1057 704 1416 758; x_wconf 78' lang='lat' dir='ltr'><strong>circumdabat</strong></span> <span class='ocrx_word' id='word_1_27' title='bbox 1459 703 1571 777; x_wconf 64' lang='grc' dir='ltr'>Μ</span> <span class='ocrx_word' id='word_1_28' title='bbox 1622 707 1832 760; x_wconf 78' lang='lat' dir='ltr'><strong>inaures</strong></span> <span class='ocrx_word' id='word_1_29' title='bbox 1876 722 2032 771; x_wconf 81' lang='lat' dir='ltr'><strong>suas,</strong></span> 
     </span>
    </p>
   </div>
   <div class='ocr_carea' id='block_1_6' title="bbox 457 796 2036 862">
    <p class='ocr_par' dir='ltr' id='par_1_6' title="bbox 457 796 2036 862">
     <span class='ocr_line' id='line_1_6' title="bbox 457 796 2036 862; baseline -0.001 -10"><span class='ocrx_word' id='word_1_30' title='bbox 457 809 505 853; x_wconf 75' lang='lat' dir='ltr'><strong>et</strong></span> <span class='ocrx_word' id='word_1_31' title='bbox 527 798 885 860; x_wconf 71' lang='lat' dir='ltr'><strong>moniliasua,</strong></span> <span class='ocrx_word' id='word_1_32' title='bbox 906 805 953 849; x_wconf 80' lang='lat' dir='ltr'><strong>et</strong></span> <span class='ocrx_word' id='word_1_33' title='bbox 983 796 1093 849; x_wconf 85' lang='lat' dir='ltr'><strong>ibat</strong></span> <span class='ocrx_word' id='word_1_34' title='bbox 1125 804 1243 862; x_wconf 83' lang='lat' dir='ltr'><strong>post</strong></span> <span class='ocrx_word' id='word_1_35' title='bbox 1263 806 1526 853; x_wconf 77' lang='lat' dir='ltr'><strong>amatores</strong></span> <span class='ocrx_word' id='word_1_36' title='bbox 1549 813 1671 852; x_wconf 78' lang='lat' dir='ltr'><strong>suos</strong></span> <span class='ocrx_word' id='word_1_37' title='bbox 1695 812 1713 851; x_wconf 93' lang='lat'><strong><em>:</em></strong></span> <span class='ocrx_word' id='word_1_38' title='bbox 1740 798 1839 853; x_wconf 77' lang='lat' dir='ltr'><strong>mei</strong></span> <span class='ocrx_word' id='word_1_39' title='bbox 1863 804 2036 852; x_wconf 77' lang='lat' dir='ltr'><strong>autem</strong></span> 
     </span>
    </p>
   </div>
   <div class='ocr_carea' id='block_1_7' title="bbox 457 885 1223 954">
    <p class='ocr_par' dir='ltr' id='par_1_7' title="bbox 457 885 1223 954">
     <span class='ocr_line' id='line_1_7' title="bbox 457 885 1223 954; baseline 0.003 -12"><span class='ocrx_word' id='word_1_40' title='bbox 457 888 622 943; x_wconf 82' lang='lat' dir='ltr'><strong>oblita</strong></span> <span class='ocrx_word' id='word_1_41' title='bbox 663 896 762 954; x_wconf 76' lang='lat' dir='ltr'><strong>est,</strong></span> <span class='ocrx_word' id='word_1_42' title='bbox 789 887 918 942; x_wconf 85' lang='lat' dir='ltr'><strong>dicit</strong></span> <span class='ocrx_word' id='word_1_43' title='bbox 941 885 1223 944; x_wconf 80' lang='lat' dir='ltr'><strong>Dominus.</strong></span> 
     </span>
    </p>
   </div>
   <div class='ocr_carea' id='block_1_8' title="bbox 524 1066 2035 1136">
    <p class='ocr_par' dir='ltr' id='par_1_8' title="bbox 524 1066 2035 1136">
     <span class='ocr_line' id='line_1_8' title="bbox 524 1066 2035 1136; baseline 0.001 -12"><span class='ocrx_word' id='word_1_44' title='bbox 524 1066 669 1124; x_wconf 78' lang='lat' dir='ltr'><strong>XXI.</strong></span> <span class='ocrx_word' id='word_1_45' title='bbox 714 1068 847 1123; x_wconf 85' lang='lat' dir='ltr'><strong>Tam</strong></span> <span class='ocrx_word' id='word_1_46' title='bbox 910 1068 1146 1136; x_wconf 70' lang='lat' dir='ltr'><strong>severae,</strong></span> <span class='ocrx_word' id='word_1_47' title='bbox 1193 1069 1306 1124; x_wconf 86' lang='lat' dir='ltr'><strong>imo</strong></span> <span class='ocrx_word' id='word_1_48' title='bbox 1339 1070 1504 1124; x_wconf 87' lang='lat' dir='ltr'><strong>etiam</strong></span> <span class='ocrx_word' id='word_1_49' title='bbox 1557 1070 1611 1124; x_wconf 93' lang='lat' dir='ltr'><strong>in</strong></span> <span class='ocrx_word' id='word_1_50' title='bbox 1656 1068 1777 1125; x_wconf 88' lang='lat' dir='ltr'><strong>illos</strong></span> <span class='ocrx_word' id='word_1_51' title='bbox 1837 1084 2035 1126; x_wconf 86' lang='lat' dir='ltr'><strong>conve-</strong></span> 
     </span>
    </p>
   </div>
   <div class='ocr_carea' id='block_1_9' title="bbox 456 1160 2029 1233">
    <p class='ocr_par' dir='ltr' id='par_1_9' title="bbox 456 1160 2029 1233">
     <span class='ocr_line' id='line_1_9' title="bbox 456 1160 2029 1233; baseline 0.003 -20"><span class='ocrx_word' id='word_1_52' title='bbox 456 1160 818 1214; x_wconf 70' lang='lat' dir='ltr'><strong>nientissimm</strong></span> <span class='ocrx_word' id='word_1_53' title='bbox 842 1160 1235 1227; x_wconf 73' lang='lat' dir='ltr'><strong>indignationis</strong></span> <span class='ocrx_word' id='word_1_54' title='bbox 1256 1177 1474 1216; x_wconf 82' lang='lat' dir='ltr'><strong>causam</strong></span> <span class='ocrx_word' id='word_1_55' title='bbox 1512 1163 1707 1217; x_wconf 87' lang='lat' dir='ltr'><strong>iterum</strong></span> <span class='ocrx_word' id='word_1_56' title='bbox 1732 1164 2029 1233; x_wconf 74' lang='lat' dir='ltr'><strong>subjungit.</strong></span> 
     </span>
    </p>
   </div>
   <div class='ocr_carea' id='block_1_10' title="bbox 455 1252 2030 1322">
    <p class='ocr_par' dir='ltr' id='par_1_10' title="bbox 455 1252 2030 1322">
     <span class='ocr_line' id='line_1_10' title="bbox 455 1252 2030 1322; baseline 0.004 -19"><span class='ocrx_word' id='word_1_57' title='bbox 455 1254 592 1320; x_wconf 74' lang='lat' dir='ltr'><strong>Quia</strong></span> <span class='ocrx_word' id='word_1_58' title='bbox 624 1252 766 1307; x_wconf 75' lang='lat' dir='ltr'><strong>eiiim</strong></span> <span class='ocrx_word' id='word_1_59' title='bbox 801 1253 852 1311; x_wconf 79' lang='lat' dir='ltr'><strong>in</strong></span> <span class='ocrx_word' id='word_1_60' title='bbox 906 1268 1093 1307; x_wconf 89' lang='lat' dir='ltr'><strong>errore</strong></span> <span class='ocrx_word' id='word_1_61' title='bbox 1154 1254 1444 1308; x_wconf 70' lang='lat' dir='ltr'><strong>admodum</strong></span> <span class='ocrx_word' id='word_1_62' title='bbox 1497 1255 1587 1309; x_wconf 88' lang='lat' dir='ltr'><strong>diu</strong></span> <span class='ocrx_word' id='word_1_63' title='bbox 1651 1256 2030 1322; x_wconf 84' lang='lat' dir='ltr'><strong>perstiterunt,</strong></span> 
     </span>
    </p>
   </div>
   <div class='ocr_carea' id='block_1_11' title="bbox 455 1344 2035 1415">
    <p class='ocr_par' dir='ltr' id='par_1_11' title="bbox 455 1344 2035 1415">
     <span class='ocr_line' id='line_1_11' title="bbox 455 1344 2035 1415; baseline 0.004 -18"><span class='ocrx_word' id='word_1_64' title='bbox 455 1344 931 1413; x_wconf 60' lang='lat' dir='ltr'><strong>arqualitemporis</strong></span> <span class='ocrx_word' id='word_1_65' title='bbox 969 1345 1320 1399; x_wconf 89' lang='lat' dir='ltr'><strong>diuturnitate</strong></span> <span class='ocrx_word' id='word_1_66' title='bbox 1350 1361 1443 1400; x_wconf 86' lang='lat' dir='ltr'><strong>eos</strong></span> <span class='ocrx_word' id='word_1_67' title='bbox 1489 1347 1581 1400; x_wconf 90' lang='lat' dir='ltr'><strong>Dei</strong></span> <span class='ocrx_word' id='word_1_68' title='bbox 1622 1348 1755 1400; x_wconf 84' lang='lat' dir='ltr'><strong>iram</strong></span> <span class='ocrx_word' id='word_1_69' title='bbox 1783 1357 2035 1415; x_wconf 75' lang='lat' dir='ltr'><strong>expertu-</strong></span> 
     </span>
    </p>
   </div>
   <div class='ocr_carea' id='block_1_12' title="bbox 454 1432 2033 1504">
    <p class='ocr_par' dir='ltr' id='par_1_12' title="bbox 454 1432 2033 1504">
     <span class='ocr_line' id='line_1_12' title="bbox 454 1432 2033 1504; baseline 0.002 -16"><span class='ocrx_word' id='word_1_70' title='bbox 454 1451 545 1489; x_wconf 80' lang='lat' dir='ltr'><strong>ros</strong></span> <span class='ocrx_word' id='word_1_71' title='bbox 590 1435 838 1488; x_wconf 82' lang='lat' dir='ltr'><strong>ailirmat.</strong></span> <span class='ocrx_word' id='word_1_72' title='bbox 889 1432 999 1487; x_wconf 80' lang='lat' dir='ltr'><strong>Hoc</strong></span> <span class='ocrx_word' id='word_1_73' title='bbox 1037 1436 1137 1488; x_wconf 84' lang='lat' dir='ltr'><strong>sibi</strong></span> <span class='ocrx_word' id='word_1_74' title='bbox 1177 1434 1307 1500; x_wconf 88' lang='lat' dir='ltr'><strong>vult,</strong></span> <span class='ocrx_word' id='word_1_75' title='bbox 1341 1438 1573 1504; x_wconf 87' lang='lat' dir='ltr'><strong>opinor:</strong></span> <span class='ocrx_word' id='word_1_76' title='bbox 1612 1457 1628 1487; x_wconf 75' lang='grc' dir='ltr'><strong>ι</strong></span> <span class='ocrx_word' id='word_1_77' title='bbox 1658 1435 1909 1492; x_wconf 81' lang='lat' dir='ltr'><strong>Ulciscar</strong></span> <span class='ocrx_word' id='word_1_78' title='bbox 1940 1453 2033 1493; x_wconf 83' lang='lat' dir='ltr'><strong>sn-</strong></span> 
     </span>
    </p>
   </div>
   <div class='ocr_carea' id='block_1_13' title="bbox 450 1524 2030 1599">
    <p class='ocr_par' dir='ltr' id='par_1_13' title="bbox 450 1524 2030 1599">
     <span class='ocr_line' id='line_1_13' title="bbox 450 1524 2030 1599; baseline 0 -18"><span class='ocrx_word' id='word_1_79' title='bbox 450 1542 548 1591; x_wconf 86' lang='lat' dir='ltr'><strong>per</strong></span> <span class='ocrx_word' id='word_1_80' title='bbox 578 1540 697 1581; x_wconf 89' lang='lat' dir='ltr'><strong>eam</strong></span> <span class='ocrx_word' id='word_1_81' title='bbox 749 1527 866 1579; x_wconf 68' lang='lat' dir='ltr'><strong>dies</strong></span> <span class='ocrx_word' id='word_1_82' title='bbox 904 1524 1130 1589; x_wconf 88' lang='lat' dir='ltr'><strong>Baalim,</strong></span> <span class='ocrx_word' id='word_1_83' title='bbox 1168 1544 1187 1576; x_wconf 74' lang='grc' dir='ltr'><strong>ι</strong></span> <span class='ocrx_word' id='word_1_84' title='bbox 1222 1526 1323 1580; x_wconf 84' lang='lat' dir='ltr'><strong>hoc</strong></span> <span class='ocrx_word' id='word_1_85' title='bbox 1350 1536 1432 1580; x_wconf 90' lang='lat' dir='ltr'><strong>est</strong></span> <span class='ocrx_word' id='word_1_86' title='bbox 1463 1526 1743 1582; x_wconf 76' lang='lat' dir='ltr'><strong>idolorum.</strong></span> <span class='ocrx_word' id='word_1_87' title='bbox 1766 1528 2030 1599; x_wconf 65' lang='lat' dir='ltr'><strong>Exmqua-</strong></span> 
     </span>
    </p>
   </div>
   <div class='ocr_carea' id='block_1_14' title="bbox 450 1616 2031 1687">
    <p class='ocr_par' dir='ltr' id='par_1_14' title="bbox 450 1616 2031 1687">
     <span class='ocr_line' id='line_1_14' title="bbox 450 1616 2031 1687; baseline 0.003 -17"><span class='ocrx_word' id='word_1_88' title='bbox 450 1618 584 1673; x_wconf 88' lang='lat' dir='ltr'><strong>bunt</strong></span> <span class='ocrx_word' id='word_1_89' title='bbox 629 1617 772 1670; x_wconf 90' lang='lat' dir='ltr'><strong>enim</strong></span> <span class='ocrx_word' id='word_1_90' title='bbox 824 1616 1002 1685; x_wconf 79' lang='lat' dir='ltr'><strong>plane,</strong></span> <span class='ocrx_word' id='word_1_91' title='bbox 1044 1616 1237 1684; x_wconf 84' lang='lat' dir='ltr'><strong>inquit,</strong></span> <span class='ocrx_word' id='word_1_92' title='bbox 1264 1618 1381 1672; x_wconf 72' lang='lat' dir='ltr'><strong>dies</strong></span> <span class='ocrx_word' id='word_1_93' title='bbox 1436 1618 1662 1684; x_wconf 79' lang='lat' dir='ltr'><strong>erroris,</strong></span> <span class='ocrx_word' id='word_1_94' title='bbox 1703 1618 1899 1687; x_wconf 82' lang='lat' dir='ltr'><strong>quibus</strong></span> <span class='ocrx_word' id='word_1_95' title='bbox 1943 1618 2031 1674; x_wconf 86' lang='lat' dir='ltr'><strong>in-</strong></span> 
     </span>
    </p>
   </div>
   <div class='ocr_carea' id='block_1_15' title="bbox 449 1704 2027 1777">
    <p class='ocr_par' dir='ltr' id='par_1_15' title="bbox 449 1704 2027 1777">
     <span class='ocr_line' id='line_1_15' title="bbox 449 1704 2027 1777; baseline 0.003 -18"><span class='ocrx_word' id='word_1_96' title='bbox 449 1720 673 1760; x_wconf 89' lang='lat' dir='ltr'><strong>censum</strong></span> <span class='ocrx_word' id='word_1_97' title='bbox 724 1705 960 1761; x_wconf 80' lang='lat' dir='ltr'><strong>adolevit</strong></span> <span class='ocrx_word' id='word_1_98' title='bbox 1022 1704 1172 1773; x_wconf 84' lang='lat' dir='ltr'><strong>Baal,</strong></span> <span class='ocrx_word' id='word_1_99' title='bbox 1213 1707 1328 1762; x_wconf 90' lang='lat' dir='ltr'><strong>dies</strong></span> <span class='ocrx_word' id='word_1_100' title='bbox 1388 1707 1637 1777; x_wconf 79' lang='lat' dir='ltr'><strong>supplicii</strong></span> <span class='ocrx_word' id='word_1_101' title='bbox 1670 1716 1727 1763; x_wconf 77' lang='lat' dir='ltr'><strong>et</strong></span> <span class='ocrx_word' id='word_1_102' title='bbox 1784 1707 2027 1765; x_wconf 85' lang='lat' dir='ltr'><strong>ultionis.</strong></span> 
     </span>
    </p>
   </div>
   <div class='ocr_carea' id='block_1_16' title="bbox 2142 701 3729 777">
    <p class='ocr_par' dir='ltr' id='par_1_16' title="bbox 2142 701 3729 777">
     <span class='ocr_line' id='line_1_16' title="bbox 2142 701 3729 777; baseline 0.003 -18"><span class='ocrx_word' id='word_1_103' title='bbox 2142 705 2303 775; x_wconf 76' lang='grc' dir='ltr'>λεὶμ,</span> <span class='ocrx_word' id='word_1_104' title='bbox 2341 705 2412 759; x_wconf 77' lang='grc' dir='ltr'>ἐν</span> <span class='ocrx_word' id='word_1_105' title='bbox 2443 701 2540 771; x_wconf 82' lang='grc' dir='ltr'>αἷς</span> <span class='ocrx_word' id='word_1_106' title='bbox 2568 705 2824 759; x_wconf 81' lang='grc' dir='ltr'><strong>ἐπέθυεν</strong></span> <span class='ocrx_word' id='word_1_107' title='bbox 2864 705 3091 773; x_wconf 79' lang='grc' dir='ltr'>αὐτοῖς,</span> <span class='ocrx_word' id='word_1_108' title='bbox 3133 708 3234 763; x_wconf 80' lang='grc' dir='ltr'><strong>καὶ</strong></span> <span class='ocrx_word' id='word_1_109' title='bbox 3265 710 3625 777; x_wconf 80' lang='grc' dir='ltr'><strong>περιετίθετο</strong></span> <span class='ocrx_word' id='word_1_110' title='bbox 3654 710 3729 765; x_wconf 85' lang='grc' dir='ltr'><strong>τὰ</strong></span> 
     </span>
    </p>
   </div>
   <div class='ocr_carea' id='block_1_17' title="bbox 2140 795 3727 869">
    <p class='ocr_par' dir='ltr' id='par_1_17' title="bbox 2140 795 3727 869">
     <span class='ocr_line' id='line_1_17' title="bbox 2140 795 3727 869; baseline 0.003 -19"><span class='ocrx_word' id='word_1_111' title='bbox 2140 796 2352 851; x_wconf 75' lang='grc' dir='ltr'>ἐνώτια</span> <span class='ocrx_word' id='word_1_112' title='bbox 2382 796 2594 866; x_wconf 84' lang='grc' dir='ltr'>αὐτῆς,</span> <span class='ocrx_word' id='word_1_113' title='bbox 2623 795 2722 850; x_wconf 83' lang='grc' dir='ltr'><strong>καὶ</strong></span> <span class='ocrx_word' id='word_1_114' title='bbox 2747 796 2821 852; x_wconf 84' lang='grc' dir='ltr'><strong>τὰ</strong></span> <span class='ocrx_word' id='word_1_115' title='bbox 2864 800 3153 868; x_wconf 80' lang='grc' dir='ltr'>καθόρμια</span> <span class='ocrx_word' id='word_1_116' title='bbox 3182 799 3374 869; x_wconf 82' lang='grc' dir='ltr'>αὐτῆς</span> <span class='ocrx_word' id='word_1_117' title='bbox 3394 815 3412 831; x_wconf 77' lang='grc' dir='ltr'><strong>ο</strong></span> <span class='ocrx_word' id='word_1_118' title='bbox 3458 799 3560 854; x_wconf 78' lang='grc' dir='ltr'>καί</span> <span class='ocrx_word' id='word_1_119' title='bbox 3594 801 3727 854; x_wconf 78' lang='grc' dir='ltr'>ἐπο-</span> 
     </span>
    </p>
   </div>
   <div class='ocr_carea' id='block_1_18' title="bbox 2134 886 3727 958">
    <p class='ocr_par' dir='ltr' id='par_1_18' title="bbox 2134 886 3727 958">
     <span class='ocr_line' id='line_1_18' title="bbox 2134 886 3727 958; baseline 0.003 -17"><span class='ocrx_word' id='word_1_120' title='bbox 2134 888 2347 957; x_wconf 76' lang='grc' dir='ltr'>ρεύετο</span> <span class='ocrx_word' id='word_1_121' title='bbox 2379 888 2573 941; x_wconf 79' lang='grc' dir='ltr'>ὀπίσω</span> <span class='ocrx_word' id='word_1_122' title='bbox 2608 886 2731 942; x_wconf 75' lang='grc' dir='ltr'>τῶν</span> <span class='ocrx_word' id='word_1_123' title='bbox 2756 887 3027 956; x_wconf 77' lang='grc' dir='ltr'><strong>ἐραστῶν</strong></span> <span class='ocrx_word' id='word_1_124' title='bbox 3082 887 3294 958; x_wconf 81' lang='grc' dir='ltr'>αὐτῆς,</span> <span class='ocrx_word' id='word_1_125' title='bbox 3324 889 3474 958; x_wconf 79' lang='grc' dir='ltr'>ἐμοῦ</span> <span class='ocrx_word' id='word_1_126' title='bbox 3519 890 3589 944; x_wconf 79' lang='grc' dir='ltr'>δὲ</span> <span class='ocrx_word' id='word_1_127' title='bbox 3621 891 3727 946; x_wconf 65' lang='grc' dir='ltr'><strong>ἐκ·</strong></span> 
     </span>
    </p>
   </div>
   <div class='ocr_carea' id='block_1_19' title="bbox 2139 976 3787 1048">
    <p class='ocr_par' dir='ltr' id='par_1_19' title="bbox 2139 976 3787 1048">
     <span class='ocr_line' id='line_1_19' title="bbox 2139 976 3787 1048; baseline 0.002 -15"><span class='ocrx_word' id='word_1_128' title='bbox 2139 976 2415 1044; x_wconf 71' lang='grc' dir='ltr'>ελάθετο,</span> <span class='ocrx_word' id='word_1_129' title='bbox 2445 979 2608 1048; x_wconf 74' lang='grc' dir='ltr'><strong>λέγει</strong></span> <span class='ocrx_word' id='word_1_130' title='bbox 2639 979 2876 1048; x_wconf 82' lang='grc' dir='ltr'>Κύριος.</span> <span class='ocrx_word' id='word_1_131' title='bbox 3781 977 3787 982; x_wconf 73' lang='grc'><em>’</em></span> 
     </span>
    </p>
   </div>
   <div class='ocr_carea' id='block_1_20' title="bbox 2210 1068 3700 1142">
    <p class='ocr_par' dir='ltr' id='par_1_20' title="bbox 2210 1068 3700 1142">
     <span class='ocr_line' id='line_1_20' title="bbox 2210 1068 3700 1142; baseline 0.011 -23"><span class='ocrx_word' id='word_1_132' title='bbox 2210 1069 2341 1123; x_wconf 78' lang='lat' dir='ltr'><strong>KA&#39;.</strong></span> <span class='ocrx_word' id='word_1_133' title='bbox 2431 1068 2711 1140; x_wconf 73' lang='grc' dir='ltr'>Ἐπιφέρει</span> <span class='ocrx_word' id='word_1_134' title='bbox 2761 1069 2923 1124; x_wconf 78' lang='grc' dir='ltr'>πάλιν</span> <span class='ocrx_word' id='word_1_135' title='bbox 2969 1069 3132 1134; x_wconf 79' lang='grc' dir='ltr'>εὐθὺς</span> <span class='ocrx_word' id='word_1_136' title='bbox 3175 1070 3275 1142; x_wconf 84' lang='grc' dir='ltr'>τῆς</span> <span class='ocrx_word' id='word_1_137' title='bbox 3329 1068 3482 1128; x_wconf 71' lang='grc' dir='ltr'>οὕτω</span> <span class='ocrx_word' id='word_1_138' title='bbox 3517 1070 3700 1140; x_wconf 81' lang='grc' dir='ltr'>δεινῆς</span> 
     </span>
    </p>
   </div>
   <div class='ocr_carea' id='block_1_21' title="bbox 2142 1159 3724 1234">
    <p class='ocr_par' dir='ltr' id='par_1_21' title="bbox 2142 1159 3724 1234">
     <span class='ocr_line' id='line_1_21' title="bbox 2142 1159 3724 1234; baseline 0 -21"><span class='ocrx_word' id='word_1_139' title='bbox 2142 1159 2344 1230; x_wconf 79' lang='grc' dir='ltr'>μᾶλλον</span> <span class='ocrx_word' id='word_1_140' title='bbox 2379 1159 2437 1213; x_wconf 81' lang='grc' dir='ltr'>δὲ</span> <span class='ocrx_word' id='word_1_141' title='bbox 2472 1161 2569 1214; x_wconf 82' lang='grc' dir='ltr'><strong>καὶ</strong></span> <span class='ocrx_word' id='word_1_142' title='bbox 2620 1160 2740 1215; x_wconf 98' lang='grc' dir='ltr'>λίαν</span> <span class='ocrx_word' id='word_1_143' title='bbox 2789 1161 3249 1234; x_wconf 75' lang='grc' dir='ltr'><strong>πρεπωδεστάτης</strong></span> <span class='ocrx_word' id='word_1_144' title='bbox 3303 1161 3487 1225; x_wconf 79' lang='grc' dir='ltr'>αὐτοῖς</span> <span class='ocrx_word' id='word_1_145' title='bbox 3523 1163 3724 1230; x_wconf 75' lang='grc' dir='ltr'>ἀγανα-</span> 
     </span>
    </p>
   </div>
   <div class='ocr_carea' id='block_1_22' title="bbox 2138 1252 3724 1326">
    <p class='ocr_par' dir='ltr' id='par_1_22' title="bbox 2138 1252 3724 1326">
     <span class='ocr_line' id='line_1_22' title="bbox 2138 1252 3724 1326; baseline 0.001 -21"><span class='ocrx_word' id='word_1_146' title='bbox 2138 1252 2387 1323; x_wconf 84' lang='grc' dir='ltr'>κτήσεως</span> <span class='ocrx_word' id='word_1_147' title='bbox 2432 1252 2532 1325; x_wconf 79' lang='grc' dir='ltr'>τὴν</span> <span class='ocrx_word' id='word_1_148' title='bbox 2576 1252 2757 1307; x_wconf 73' lang='grc' dir='ltr'>αἰτίαν</span> <span class='ocrx_word' id='word_1_149' title='bbox 2825 1253 3044 1325; x_wconf 81' lang='grc' dir='ltr'><strong>Ἐπειδὴ</strong></span> <span class='ocrx_word' id='word_1_150' title='bbox 3095 1253 3205 1324; x_wconf 72' lang='grc' dir='ltr'><strong>γὰρ</strong></span> <span class='ocrx_word' id='word_1_151' title='bbox 3252 1255 3498 1326; x_wconf 84' lang='grc' dir='ltr'>μακροὺς</span> <span class='ocrx_word' id='word_1_152' title='bbox 3548 1255 3607 1307; x_wconf 81' lang='grc' dir='ltr'>ὲν</span> <span class='ocrx_word' id='word_1_153' title='bbox 3646 1253 3724 1325; x_wconf 84' lang='grc' dir='ltr'>τῷ</span> 
     </span>
    </p>
   </div>
   <div class='ocr_carea' id='block_1_23' title="bbox 2138 1338 3723 1412">
    <p class='ocr_par' dir='ltr' id='par_1_23' title="bbox 2138 1338 3723 1412">
     <span class='ocr_line' id='line_1_23' title="bbox 2138 1338 3723 1412; baseline 0 -19"><span class='ocrx_word' id='word_1_154' title='bbox 2138 1338 2517 1410; x_wconf 77' lang='grc' dir='ltr'><strong>πεπλανῆσθαι</strong></span> <span class='ocrx_word' id='word_1_155' title='bbox 2542 1338 2946 1395; x_wconf 79' lang='grc' dir='ltr'>διατετελέκασι</span> <span class='ocrx_word' id='word_1_156' title='bbox 2975 1341 3219 1411; x_wconf 88' lang='grc' dir='ltr'>χρόνους,</span> <span class='ocrx_word' id='word_1_157' title='bbox 3252 1342 3312 1394; x_wconf 76' lang='grc' dir='ltr'>ὲν</span> <span class='ocrx_word' id='word_1_158' title='bbox 3348 1341 3488 1404; x_wconf 85' lang='grc' dir='ltr'>ῐσαις</span> <span class='ocrx_word' id='word_1_159' title='bbox 3515 1340 3723 1412; x_wconf 81' lang='grc' dir='ltr'>καιρῶν</span> 
     </span>
    </p>
   </div>
   <div class='ocr_carea' id='block_1_24' title="bbox 2137 1427 3720 1505">
    <p class='ocr_par' dir='ltr' id='par_1_24' title="bbox 2137 1427 3720 1505">
     <span class='ocr_line' id='line_1_24' title="bbox 2137 1427 3720 1505; baseline -0.001 -20"><span class='ocrx_word' id='word_1_160' title='bbox 2137 1430 2508 1502; x_wconf 75' lang='grc' dir='ltr'>παρατάσεσι,</span> <span class='ocrx_word' id='word_1_161' title='bbox 2537 1431 2723 1502; x_wconf 69' lang='grc' dir='ltr'>φησιν,</span> <span class='ocrx_word' id='word_1_162' title='bbox 2754 1432 2937 1499; x_wconf 67' lang='grc' dir='ltr'>ἕξουσι</span> <span class='ocrx_word' id='word_1_163' title='bbox 2972 1434 3071 1504; x_wconf 82' lang='grc' dir='ltr'>τὴν</span> <span class='ocrx_word' id='word_1_164' title='bbox 3100 1434 3290 1505; x_wconf 84' lang='grc' dir='ltr'>ὀργήν.</span> <span class='ocrx_word' id='word_1_165' title='bbox 3321 1432 3514 1496; x_wconf 84' lang='grc' dir='ltr'>Τοῦτο,</span> <span class='ocrx_word' id='word_1_166' title='bbox 3542 1427 3720 1502; x_wconf 75' lang='grc' dir='ltr'>οἶμαι,</span> 
     </span>
    </p>
   </div>
   <div class='ocr_carea' id='block_1_25' title="bbox 2132 1520 3722 1594">
    <p class='ocr_par' dir='ltr' id='par_1_25' title="bbox 2132 1520 3722 1594">
     <span class='ocr_line' id='line_1_25' title="bbox 2132 1520 3722 1594; baseline 0.004 -23"><span class='ocrx_word' id='word_1_167' title='bbox 2132 1521 2257 1575; x_wconf 75' lang='grc' dir='ltr'>ἐστὶ</span> <span class='ocrx_word' id='word_1_168' title='bbox 2305 1520 2386 1586; x_wconf 78' lang='grc' dir='ltr'>τὸ,</span> <span class='ocrx_word' id='word_1_169' title='bbox 2434 1538 2463 1572; x_wconf 66' lang='grc'><strong>4</strong></span> <span class='ocrx_word' id='word_1_170' title='bbox 2512 1520 2813 1593; x_wconf 77' lang='grc' dir='ltr'>Ἐκδικήσω</span> <span class='ocrx_word' id='word_1_171' title='bbox 2856 1523 2944 1581; x_wconf 82' lang='grc' dir='ltr'><strong>ἐπ’</strong></span> <span class='ocrx_word' id='word_1_172' title='bbox 2978 1522 3156 1594; x_wconf 75' lang='grc' dir='ltr'>,αὐτὴν</span> <span class='ocrx_word' id='word_1_173' title='bbox 3202 1525 3302 1587; x_wconf 76' lang='grc' dir='ltr'><strong>τὰς</strong></span> <span class='ocrx_word' id='word_1_174' title='bbox 3354 1523 3565 1594; x_wconf 76' lang='grc' dir='ltr'>ἡμέρας</span> <span class='ocrx_word' id='word_1_175' title='bbox 3611 1524 3722 1577; x_wconf 85' lang='grc' dir='ltr'>τῶν</span> 
     </span>
    </p>
   </div>
   <div class='ocr_carea' id='block_1_26' title="bbox 2128 1609 3720 1685">
    <p class='ocr_par' dir='ltr' id='par_1_26' title="bbox 2128 1609 3720 1685">
     <span class='ocr_line' id='line_1_26' title="bbox 2128 1609 3720 1685; baseline 0.001 -20"><span class='ocrx_word' id='word_1_176' title='bbox 2128 1609 2403 1682; x_wconf 68' lang='grc' dir='ltr'>Βααλεὶμ,</span> <span class='ocrx_word' id='word_1_177' title='bbox 2445 1629 2465 1663; x_wconf 77' lang='grc' dir='ltr'><strong>ι</strong></span> <span class='ocrx_word' id='word_1_178' title='bbox 2506 1611 2754 1667; x_wconf 78' lang='grc' dir='ltr'><strong>τουτέστι</strong></span> <span class='ocrx_word' id='word_1_179' title='bbox 2780 1612 2888 1667; x_wconf 80' lang='grc' dir='ltr'>τῶν</span> <span class='ocrx_word' id='word_1_180' title='bbox 2914 1613 3171 1671; x_wconf 82' lang='grc' dir='ltr'><strong>εἰδώλων.</strong></span> <span class='ocrx_word' id='word_1_181' title='bbox 3219 1615 3579 1684; x_wconf 83' lang='grc' dir='ltr'>Ίσομοιρήσει</span> <span class='ocrx_word' id='word_1_182' title='bbox 3608 1614 3720 1685; x_wconf 79' lang='grc' dir='ltr'><strong>γὰρ</strong></span> 
     </span>
    </p>
   </div>
   <div class='ocr_carea' id='block_1_27' title="bbox 2132 1701 3823 1778">
    <p class='ocr_par' dir='ltr' id='par_1_27' title="bbox 2132 1701 3823 1778">
     <span class='ocr_line' id='line_1_27' title="bbox 2132 1701 3823 1778; baseline 0.001 -21"><span class='ocrx_word' id='word_1_183' title='bbox 2132 1703 2376 1768; x_wconf 78' lang='grc' dir='ltr'>πάντως,</span> <span class='ocrx_word' id='word_1_184' title='bbox 2412 1702 2568 1774; x_wconf 77' lang='grc' dir='ltr'>φησὶ,</span> <span class='ocrx_word' id='word_1_185' title='bbox 2611 1706 2731 1768; x_wconf 85' lang='grc' dir='ltr'>ταῖς</span> <span class='ocrx_word' id='word_1_186' title='bbox 2760 1705 2859 1776; x_wconf 82' lang='grc' dir='ltr'>τῆς</span> <span class='ocrx_word' id='word_1_187' title='bbox 2892 1705 3211 1778; x_wconf 78' lang='grc' dir='ltr'>πλανήσεως</span> <span class='ocrx_word' id='word_1_188' title='bbox 3250 1706 3505 1777; x_wconf 68' lang='grc' dir='ltr'>ἡμέραις,</span> <span class='ocrx_word' id='word_1_189' title='bbox 3538 1707 3597 1759; x_wconf 82' lang='grc' dir='ltr'>ὲν</span> <span class='ocrx_word' id='word_1_190' title='bbox 3628 1701 3719 1770; x_wconf 78' lang='grc' dir='ltr'>αἷς</span> <span class='ocrx_word' id='word_1_191' title='bbox 3816 1751 3823 1759; x_wconf 82' lang='lat'><strong>.</strong></span> 
     </span>
    </p>
   </div>
   <div class='ocr_carea' id='block_1_28' title="bbox 450 1791 2010 1872">
    <p class='ocr_par' dir='ltr' id='par_1_28' title="bbox 450 1798 2010 1864">
     <span class='ocr_line' id='line_1_28' title="bbox 450 1798 2010 1864; baseline 0.002 -12"><span class='ocrx_word' id='word_1_192' title='bbox 450 1798 566 1853; x_wconf 81' lang='lat' dir='ltr'><strong>Non</strong></span> <span class='ocrx_word' id='word_1_193' title='bbox 603 1800 745 1854; x_wconf 89' lang='lat' dir='ltr'><strong>enim</strong></span> <span class='ocrx_word' id='word_1_194' title='bbox 791 1798 999 1853; x_wconf 81' lang='lat' dir='ltr'><strong>destitit</strong></span> <span class='ocrx_word' id='word_1_195' title='bbox 1036 1812 1094 1851; x_wconf 89' lang='lat' dir='ltr'><strong>se</strong></span> <span class='ocrx_word' id='word_1_196' title='bbox 1115 1813 1336 1864; x_wconf 89' lang='lat' dir='ltr'><strong>ornare,</strong></span> <span class='ocrx_word' id='word_1_197' title='bbox 1372 1806 1427 1853; x_wconf 91' lang='lat' dir='ltr'><strong>et</strong></span> <span class='ocrx_word' id='word_1_198' title='bbox 1470 1798 1610 1854; x_wconf 74' lang='lat' dir='ltr'><strong>velle</strong></span> <span class='ocrx_word' id='word_1_199' title='bbox 1676 1799 2010 1855; x_wconf 77' lang='lat' dir='ltr'><strong>multifarian</strong></span> 
     </span>
    </p>
   </div>
   <div class='ocr_carea' id='block_1_29' title="bbox 2114 1791 3718 1872">
    <p class='ocr_par' dir='ltr' id='par_1_29' title="bbox 2133 1791 3718 1872">
     <span class='ocr_line' id='line_1_29' title="bbox 2133 1791 3718 1872; baseline 0.007 -27"><span class='ocrx_word' id='word_1_200' title='bbox 2133 1791 2332 1863; x_wconf 77' lang='grc' dir='ltr'>ὲθυμία</span> <span class='ocrx_word' id='word_1_201' title='bbox 2358 1795 2424 1865; x_wconf 81' lang='grc' dir='ltr'>τῇ</span> <span class='ocrx_word' id='word_1_202' title='bbox 2456 1793 2626 1859; x_wconf 84' lang='grc' dir='ltr'>Βάαλ,</span> <span class='ocrx_word' id='word_1_203' title='bbox 2654 1794 2724 1848; x_wconf 81' lang='grc' dir='ltr'><strong>τὰ</strong></span> <span class='ocrx_word' id='word_1_204' title='bbox 2752 1796 2819 1849; x_wconf 75' lang='grc' dir='ltr'><strong>ὲκ</strong></span> <span class='ocrx_word' id='word_1_205' title='bbox 2846 1796 3037 1867; x_wconf 84' lang='grc' dir='ltr'>ποινῆς</span> <span class='ocrx_word' id='word_1_206' title='bbox 3067 1814 3125 1850; x_wconf 88' lang='grc' dir='ltr'><strong>τε</strong></span> <span class='ocrx_word' id='word_1_207' title='bbox 3156 1798 3251 1852; x_wconf 81' lang='grc' dir='ltr'><strong>καὶ</strong></span> <span class='ocrx_word' id='word_1_208' title='bbox 3297 1798 3473 1870; x_wconf 83' lang='grc' dir='ltr'>δίκης.</span> <span class='ocrx_word' id='word_1_209' title='bbox 3504 1801 3581 1856; x_wconf 82' lang='grc' dir='ltr'><strong>οὐ</strong></span> <span class='ocrx_word' id='word_1_210' title='bbox 3606 1800 3718 1872; x_wconf 77' lang='grc' dir='ltr'>γὰρ</span> 
     </span>
    </p>
   </div>
   <div class='ocr_carea' id='block_1_30' title="bbox 448 1881 2010 1962">
    <p class='ocr_par' dir='ltr' id='par_1_30' title="bbox 448 1888 2010 1959">
     <span class='ocr_line' id='line_1_30' title="bbox 448 1888 2010 1959; baseline 0.001 -17"><span class='ocrx_word' id='word_1_211' title='bbox 448 1891 661 1959; x_wconf 60' lang='lat' dir='ltr'><strong>placere</strong></span> <span class='ocrx_word' id='word_1_212' title='bbox 710 1889 822 1944; x_wconf 83' lang='lat' dir='ltr'><strong>suis</strong></span> <span class='ocrx_word' id='word_1_213' title='bbox 851 1889 1207 1945; x_wconf 63' lang='lat' dir='ltr'><strong>salutatoribus.</strong></span> <span class='ocrx_word' id='word_1_214' title='bbox 1225 1888 1460 1945; x_wconf 87' lang='lat' dir='ltr'><strong>Ornatus</strong></span> <span class='ocrx_word' id='word_1_215' title='bbox 1495 1899 1673 1945; x_wconf 82' lang='lat' dir='ltr'><strong>autem</strong></span> <span class='ocrx_word' id='word_1_216' title='bbox 1715 1890 2010 1945; x_wconf 83' lang='lat' dir='ltr'><strong>animarun</strong></span> 
     </span>
    </p>
   </div>
   <div class='ocr_carea' id='block_1_31' title="bbox 2114 1881 3717 1962">
    <p class='ocr_par' dir='ltr' id='par_1_31' title="bbox 2131 1881 3717 1962">
     <span class='ocr_line' id='line_1_31' title="bbox 2131 1881 3717 1962; baseline 0.006 -27"><span class='ocrx_word' id='word_1_217' title='bbox 2131 1881 2466 1937; x_wconf 81' lang='grc' dir='ltr'>διαλέλοιπεν</span> <span class='ocrx_word' id='word_1_218' title='bbox 2508 1883 2878 1956; x_wconf 77' lang='grc' dir='ltr'>ὼραῖζομένη,</span> <span class='ocrx_word' id='word_1_219' title='bbox 2927 1886 3168 1951; x_wconf 71' lang='grc' dir='ltr'>καὶτοῖς</span> <span class='ocrx_word' id='word_1_220' title='bbox 3212 1888 3415 1959; x_wconf 76' lang='grc' dir='ltr'>ἑαυτῆς</span> <span class='ocrx_word' id='word_1_221' title='bbox 3458 1892 3717 1962; x_wconf 78' lang='grc' dir='ltr'><strong>ἐρασταῖς</strong></span> 
     </span>
    </p>
   </div>
   <div class='ocr_carea' id='block_1_32' title="bbox 451 1973 2010 2052">
    <p class='ocr_par' dir='ltr' id='par_1_32' title="bbox 451 1980 2010 2052">
     <span class='ocr_line' id='line_1_32' title="bbox 451 1980 2010 2052; baseline -0.003 -14"><span class='ocrx_word' id='word_1_222' title='bbox 451 1983 768 2039; x_wconf 70' lang='lat' dir='ltr'><strong>idololatriae</strong></span> <span class='ocrx_word' id='word_1_223' title='bbox 799 1980 1183 2048; x_wconf 82' lang='lat' dir='ltr'><strong>implicitarum</strong></span> <span class='ocrx_word' id='word_1_224' title='bbox 1211 1989 1295 2035; x_wconf 84' lang='lat' dir='ltr'><strong>est</strong></span> <span class='ocrx_word' id='word_1_225' title='bbox 1343 1980 1431 2035; x_wconf 81' lang='lat' dir='ltr'><strong>illa</strong></span> <span class='ocrx_word' id='word_1_226' title='bbox 1467 1981 1723 2052; x_wconf 82' lang='lat' dir='ltr'><strong>persequi</strong></span> <span class='ocrx_word' id='word_1_227' title='bbox 1782 1989 1839 2035; x_wconf 88' lang='lat' dir='ltr'><strong>et</strong></span> <span class='ocrx_word' id='word_1_228' title='bbox 1864 1980 2010 2036; x_wconf 25' lang='lat' dir='ltr'><strong>.l&#39;actit</strong></span> 
     </span>
    </p>
   </div>
   <div class='ocr_carea' id='block_1_33' title="bbox 2114 1973 3715 2052">
    <p class='ocr_par' dir='ltr' id='par_1_33' title="bbox 2131 1973 3715 2052">
     <span class='ocr_line' id='line_1_33' title="bbox 2131 1973 3715 2052; baseline 0.005 -23"><span class='ocrx_word' id='word_1_229' title='bbox 2131 1973 2437 2029; x_wconf 80' lang='grc' dir='ltr'>ἁνδᾶνουσα</span> <span class='ocrx_word' id='word_1_230' title='bbox 2471 1976 2845 2047; x_wconf 84' lang='grc' dir='ltr'>πολυτρόπως.</span> <span class='ocrx_word' id='word_1_231' title='bbox 2881 1976 3101 2049; x_wconf 84' lang='grc' dir='ltr'>Κόσμος</span> <span class='ocrx_word' id='word_1_232' title='bbox 3127 1978 3185 2033; x_wconf 81' lang='grc' dir='ltr'>δὲ</span> <span class='ocrx_word' id='word_1_233' title='bbox 3210 1980 3409 2052; x_wconf 80' lang='grc' dir='ltr'>ψυχαῖς</span> <span class='ocrx_word' id='word_1_234' title='bbox 3431 1982 3715 2038; x_wconf 79' lang='grc' dir='ltr'>εἰδωλολα-</span> 
     </span>
    </p>
   </div>
   <div class='ocr_carea' id='block_1_34' title="bbox 452 2066 2010 2142">
    <p class='ocr_par' dir='ltr' id='par_1_34' title="bbox 452 2070 2010 2141">
     <span class='ocr_line' id='line_1_34' title="bbox 452 2070 2010 2141; baseline -0.002 -12"><span class='ocrx_word' id='word_1_235' title='bbox 452 2084 571 2130; x_wconf 85' lang='lat' dir='ltr'><strong>tare</strong></span> <span class='ocrx_word' id='word_1_236' title='bbox 610 2087 730 2140; x_wconf 76' lang='lat' dir='ltr'><strong>qua:</strong></span> <span class='ocrx_word' id='word_1_237' title='bbox 770 2072 994 2141; x_wconf 85' lang='lat' dir='ltr'><strong>impuris</strong></span> <span class='ocrx_word' id='word_1_238' title='bbox 1024 2072 1358 2126; x_wconf 77' lang='lat' dir='ltr'><strong>dammnibns</strong></span> <span class='ocrx_word' id='word_1_239' title='bbox 1390 2072 1649 2125; x_wconf 83' lang='lat' dir='ltr'><strong>arrident.</strong></span> <span class='ocrx_word' id='word_1_240' title='bbox 1699 2070 1854 2127; x_wconf 86' lang='lat' dir='ltr'><strong>Sicut</strong></span> <span class='ocrx_word' id='word_1_241' title='bbox 1881 2073 2010 2126; x_wconf 80' lang='lat' dir='ltr'><strong>enin:</strong></span> 
     </span>
    </p>
   </div>
   <div class='ocr_carea' id='block_1_35' title="bbox 2114 2066 3714 2142">
    <p class='ocr_par' dir='ltr' id='par_1_35' title="bbox 2127 2066 3714 2142">
     <span class='ocr_line' id='line_1_35' title="bbox 2127 2066 3714 2142; baseline 0.008 -24"><span class='ocrx_word' id='word_1_242' title='bbox 2127 2067 2276 2136; x_wconf 84' lang='grc' dir='ltr'>τρεῖν</span> <span class='ocrx_word' id='word_1_243' title='bbox 2309 2066 2636 2139; x_wconf 77' lang='grc' dir='ltr'>ᾑρημέναις,</span> <span class='ocrx_word' id='word_1_244' title='bbox 2670 2069 2733 2122; x_wconf 83' lang='grc' dir='ltr'><strong>τὸ</strong></span> <span class='ocrx_word' id='word_1_245' title='bbox 2785 2069 2972 2125; x_wconf 74' lang='grc' dir='ltr'>ἐκεῖνα</span> <span class='ocrx_word' id='word_1_246' title='bbox 3019 2070 3289 2142; x_wconf 79' lang='grc' dir='ltr'><strong>πληροῦν,</strong></span> <span class='ocrx_word' id='word_1_247' title='bbox 3337 2072 3376 2128; x_wconf 70' lang='grc' dir='ltr'>ἃ</span> <span class='ocrx_word' id='word_1_248' title='bbox 3418 2077 3532 2138; x_wconf 81' lang='grc' dir='ltr'>τοῖς</span> <span class='ocrx_word' id='word_1_249' title='bbox 3575 2077 3714 2130; x_wconf 80' lang='grc' dir='ltr'><strong>ἀκα-</strong></span> 
     </span>
    </p>
   </div>
   <div class='ocr_carea' id='block_1_36' title="bbox 445 2156 2010 2235">
    <p class='ocr_par' dir='ltr' id='par_1_36' title="bbox 445 2161 2010 2232">
     <span class='ocr_line' id='line_1_36' title="bbox 445 2161 2010 2232; baseline -0.001 -16"><span class='ocrx_word' id='word_1_250' title='bbox 445 2164 790 2230; x_wconf 74' lang='lat' dir='ltr'><strong>r-mtspicuam</strong></span> <span class='ocrx_word' id='word_1_251' title='bbox 836 2177 955 2215; x_wconf 80' lang='lat' dir='ltr'><strong>esse</strong></span> <span class='ocrx_word' id='word_1_252' title='bbox 987 2161 1219 2216; x_wconf 77' lang='lat' dir='ltr'><strong>dicimus</strong></span> <span class='ocrx_word' id='word_1_253' title='bbox 1261 2161 1495 2215; x_wconf 83' lang='lat' dir='ltr'><strong>hominis</strong></span> <span class='ocrx_word' id='word_1_254' title='bbox 1552 2163 1809 2225; x_wconf 84' lang='lat' dir='ltr'><strong>animam,</strong></span> <span class='ocrx_word' id='word_1_255' title='bbox 1838 2164 1891 2218; x_wconf 89' lang='lat' dir='ltr'><strong>in</strong></span> <span class='ocrx_word' id='word_1_256' title='bbox 1917 2178 2010 2232; x_wconf 80' lang='lat' dir='ltr'><strong>qua</strong></span> 
     </span>
    </p>
   </div>
   <div class='ocr_carea' id='block_1_37' title="bbox 2114 2156 3713 2235">
    <p class='ocr_par' dir='ltr' id='par_1_37' title="bbox 2127 2156 3713 2235">
     <span class='ocr_line' id='line_1_37' title="bbox 2127 2156 3713 2235; baseline 0.005 -26"><span class='ocrx_word' id='word_1_257' title='bbox 2127 2156 2350 2229; x_wconf 84' lang='grc' dir='ltr'>θάρτοις</span> <span class='ocrx_word' id='word_1_258' title='bbox 2393 2158 2693 2230; x_wconf 79' lang='grc' dir='ltr'><strong>δαιμονίοις</strong></span> <span class='ocrx_word' id='word_1_259' title='bbox 2736 2159 2904 2217; x_wconf 83' lang='grc' dir='ltr'>δοκεῖ.</span> <span class='ocrx_word' id='word_1_260' title='bbox 2953 2162 3162 2235; x_wconf 81' lang='grc' dir='ltr'>Ὠσπερ</span> <span class='ocrx_word' id='word_1_261' title='bbox 3206 2166 3315 2235; x_wconf 85' lang='grc' dir='ltr'><strong>γὰρ</strong></span> <span class='ocrx_word' id='word_1_262' title='bbox 3371 2165 3713 2223; x_wconf 77' lang='grc' dir='ltr'>ἀπόϐλεπτον</span> 
     </span>
    </p>
   </div>
   <div class='ocr_carea' id='block_1_38' title="bbox 444 2239 2010 2326">
    <p class='ocr_par' dir='ltr' id='par_1_38' title="bbox 444 2251 2010 2321">
     <span class='ocr_line' id='line_1_38' title="bbox 444 2251 2010 2321; baseline 0.002 -15"><span class='ocrx_word' id='word_1_263' title='bbox 444 2254 664 2309; x_wconf 86' lang='lat' dir='ltr'><strong>virtutis</strong></span> <span class='ocrx_word' id='word_1_264' title='bbox 704 2253 1047 2319; x_wconf 80' lang='lat' dir='ltr'><strong>excellentia,</strong></span> <span class='ocrx_word' id='word_1_265' title='bbox 1072 2261 1125 2306; x_wconf 90' lang='lat' dir='ltr'><strong>et</strong></span> <span class='ocrx_word' id='word_1_266' title='bbox 1183 2251 1525 2321; x_wconf 77' lang='lat' dir='ltr'><strong>pulchritudo</strong></span> <span class='ocrx_word' id='word_1_267' title='bbox 1566 2252 1919 2320; x_wconf 76' lang='lat' dir='ltr'><strong>perspicitur:</strong></span> <span class='ocrx_word' id='word_1_268' title='bbox 1945 2254 2010 2309; x_wconf 78' lang='lat' dir='ltr'><strong>sit</strong></span> 
     </span>
    </p>
   </div>
   <div class='ocr_carea' id='block_1_39' title="bbox 2114 2239 3712 2326">
    <p class='ocr_par' dir='ltr' id='par_1_39' title="bbox 2124 2239 3712 2326">
     <span class='ocr_line' id='line_1_39' title="bbox 2124 2239 3712 2326; baseline 0.009 -31"><span class='ocrx_word' id='word_1_269' title='bbox 2124 2239 2264 2298; x_wconf 84' lang='grc' dir='ltr'>εἷναί</span> <span class='ocrx_word' id='word_1_270' title='bbox 2292 2262 2474 2317; x_wconf 78' lang='grc' dir='ltr'>φαμεν</span> <span class='ocrx_word' id='word_1_271' title='bbox 2501 2246 2791 2319; x_wconf 81' lang='grc' dir='ltr'>ἀνθρώπου</span> <span class='ocrx_word' id='word_1_272' title='bbox 2816 2248 3013 2320; x_wconf 75' lang='grc' dir='ltr'>ψυχὴν,</span> <span class='ocrx_word' id='word_1_273' title='bbox 3039 2245 3182 2323; x_wconf 83' lang='grc' dir='ltr'><strong>ᾗπερ</strong></span> <span class='ocrx_word' id='word_1_274' title='bbox 3213 2251 3280 2305; x_wconf 87' lang='grc' dir='ltr'>ἂν</span> <span class='ocrx_word' id='word_1_275' title='bbox 3307 2252 3482 2324; x_wconf 80' lang='grc' dir='ltr'>ὁρῷτο</span> <span class='ocrx_word' id='word_1_276' title='bbox 3511 2255 3712 2326; x_wconf 82' lang='grc' dir='ltr'>προσὸν</span> 
     </span>
    </p>
   </div>
   <div class='ocr_carea' id='block_1_40' title="bbox 445 2345 2024 2415">
    <p class='ocr_par' dir='ltr' id='par_1_40' title="bbox 445 2345 2024 2415">
     <span class='ocr_line' id='line_1_40' title="bbox 445 2345 2024 2415; baseline 0.001 -18"><span class='ocrx_word' id='word_1_277' title='bbox 445 2349 687 2400; x_wconf 69' lang='lat' dir='ltr'><strong>animum</strong></span> <span class='ocrx_word' id='word_1_278' title='bbox 740 2347 979 2415; x_wconf 78' lang='lat' dir='ltr'><strong>peccatis</strong></span> <span class='ocrx_word' id='word_1_279' title='bbox 1019 2345 1270 2412; x_wconf 80' lang='lat' dir='ltr'><strong>amicam,</strong></span> <span class='ocrx_word' id='word_1_280' title='bbox 1301 2346 1737 2414; x_wconf 83' lang='lat' dir='ltr'><strong>cogitantemque</strong></span> <span class='ocrx_word' id='word_1_281' title='bbox 1766 2352 1822 2399; x_wconf 90' lang='lat' dir='ltr'><strong>et</strong></span> <span class='ocrx_word' id='word_1_282' title='bbox 1860 2360 2024 2415; x_wconf 81' lang='lat' dir='ltr'><strong>agen-</strong></span> 
     </span>
    </p>
   </div>
   <div class='ocr_carea' id='block_1_41' title="bbox 444 2435 2022 2505">
    <p class='ocr_par' dir='ltr' id='par_1_41' title="bbox 444 2435 2022 2505">
     <span class='ocr_line' id='line_1_41' title="bbox 444 2435 2022 2505; baseline 0.001 -15"><span class='ocrx_word' id='word_1_283' title='bbox 444 2444 551 2491; x_wconf 85' lang='lat' dir='ltr'><strong>tem</strong></span> <span class='ocrx_word' id='word_1_284' title='bbox 580 2451 643 2490; x_wconf 79' lang='lat' dir='ltr'><strong>ex</strong></span> <span class='ocrx_word' id='word_1_285' title='bbox 707 2437 953 2489; x_wconf 60' lang='lat' dir='ltr'><strong>instituto</strong></span> <span class='ocrx_word' id='word_1_286' title='bbox 987 2450 1106 2505; x_wconf 43' lang='lat' dir='ltr'><strong>qua:</strong></span> <span class='ocrx_word' id='word_1_287' title='bbox 1152 2435 1456 2489; x_wconf 76' lang='lat' dir='ltr'><strong>(la-molium</strong></span> <span class='ocrx_word' id='word_1_288' title='bbox 1504 2436 1753 2504; x_wconf 56' lang='lat' dir='ltr'><strong>gres-bus</strong></span> <span class='ocrx_word' id='word_1_289' title='bbox 1785 2436 2022 2505; x_wconf 86' lang='lat' dir='ltr'><strong>jucunda</strong></span> 
     </span>
    </p>
   </div>
   <div class='ocr_carea' id='block_1_42' title="bbox 437 2525 2022 2597">
    <p class='ocr_par' dir='ltr' id='par_1_42' title="bbox 437 2525 2022 2597">
     <span class='ocr_line' id='line_1_42' title="bbox 437 2525 2022 2597; baseline 0 -17"><span class='ocrx_word' id='word_1_290' title='bbox 437 2538 498 2582; x_wconf 83' lang='lat' dir='ltr'><strong>et</strong></span> <span class='ocrx_word' id='word_1_291' title='bbox 524 2535 752 2596; x_wconf 81' lang='lat' dir='ltr'><strong>accepta</strong></span> <span class='ocrx_word' id='word_1_292' title='bbox 793 2534 949 2591; x_wconf 86' lang='lat' dir='ltr'><strong>sunt,</strong></span> <span class='ocrx_word' id='word_1_293' title='bbox 983 2525 1139 2597; x_wconf 81' lang='lat' dir='ltr'><strong>longe</strong></span> <span class='ocrx_word' id='word_1_294' title='bbox 1174 2526 1589 2593; x_wconf 64' lang='lat' dir='ltr'><strong>pulcherrimast:</strong></span> <span class='ocrx_word' id='word_1_295' title='bbox 1623 2525 1724 2581; x_wconf 82' lang='lat' dir='ltr'><strong>illis</strong></span> <span class='ocrx_word' id='word_1_296' title='bbox 1756 2541 1887 2582; x_wconf 86' lang='lat' dir='ltr'><strong>esse</strong></span> <span class='ocrx_word' id='word_1_297' title='bbox 1908 2533 2022 2580; x_wconf 81' lang='lat' dir='ltr'><strong>sta-</strong></span> 
     </span>
    </p>
   </div>
   <div class='ocr_carea' id='block_1_43' title="bbox 434 2617 2021 2686">
    <p class='ocr_par' dir='ltr' id='par_1_43' title="bbox 434 2617 2021 2686">
     <span class='ocr_line' id='line_1_43' title="bbox 434 2617 2021 2686; baseline -0.001 -13"><span class='ocrx_word' id='word_1_298' title='bbox 434 2620 700 2673; x_wconf 69' lang='lat' dir='ltr'><strong>tuendum</strong></span> <span class='ocrx_word' id='word_1_299' title='bbox 746 2627 850 2672; x_wconf 89' lang='lat' dir='ltr'><strong>est.</strong></span> <span class='ocrx_word' id='word_1_300' title='bbox 886 2617 1032 2672; x_wconf 88' lang='lat' dir='ltr'><strong>Talis</strong></span> <span class='ocrx_word' id='word_1_301' title='bbox 1071 2617 1249 2671; x_wconf 87' lang='lat' dir='ltr'><strong>anima</strong></span> <span class='ocrx_word' id='word_1_302' title='bbox 1288 2631 1409 2671; x_wconf 90' lang='lat' dir='ltr'><strong>cum</strong></span> <span class='ocrx_word' id='word_1_303' title='bbox 1475 2617 1701 2671; x_wconf 86' lang='lat' dir='ltr'><strong>muliere</strong></span> <span class='ocrx_word' id='word_1_304' title='bbox 1754 2619 2021 2686; x_wconf 81' lang='lat' dir='ltr'><strong>improba,</strong></span> 
     </span>
    </p>
   </div>
   <div class='ocr_carea' id='block_1_44' title="bbox 441 2707 2022 2775">
    <p class='ocr_par' dir='ltr' id='par_1_44' title="bbox 441 2707 2022 2775">
     <span class='ocr_line' id='line_1_44' title="bbox 441 2707 2022 2775; baseline -0.001 -12"><span class='ocrx_word' id='word_1_305' title='bbox 441 2724 576 2763; x_wconf 84' lang='lat' dir='ltr'><strong>anro</strong></span> <span class='ocrx_word' id='word_1_306' title='bbox 604 2723 665 2763; x_wconf 84' lang='lat' dir='ltr'><strong>se</strong></span> <span class='ocrx_word' id='word_1_307' title='bbox 704 2708 868 2766; x_wconf 78' lang='lat' dir='ltr'><strong>stulte</strong></span> <span class='ocrx_word' id='word_1_308' title='bbox 913 2714 1232 2772; x_wconf 81' lang='lat' dir='ltr'><strong>exornantc,</strong></span> <span class='ocrx_word' id='word_1_309' title='bbox 1255 2707 1695 2775; x_wconf 83' lang='lat' dir='ltr'><strong>ornamentisque</strong></span> <span class='ocrx_word' id='word_1_310' title='bbox 1729 2707 1940 2761; x_wconf 82' lang='lat' dir='ltr'><strong>aurium</strong></span> <span class='ocrx_word' id='word_1_311' title='bbox 1966 2720 2022 2762; x_wconf 90' lang='lat' dir='ltr'><strong>et</strong></span> 
     </span>
    </p>
   </div>
   <div class='ocr_carea' id='block_1_45' title="bbox 439 2798 2021 2873">
    <p class='ocr_par' dir='ltr' id='par_1_45' title="bbox 439 2798 2021 2873">
     <span class='ocr_line' id='line_1_45' title="bbox 439 2798 2021 2873; baseline -0.001 -19"><span class='ocrx_word' id='word_1_312' title='bbox 439 2801 561 2854; x_wconf 80' lang='lat' dir='ltr'><strong>colli</strong></span> <span class='ocrx_word' id='word_1_313' title='bbox 615 2810 917 2855; x_wconf 78' lang='lat' dir='ltr'><strong>amatorum</strong></span> <span class='ocrx_word' id='word_1_314' title='bbox 953 2814 1184 2873; x_wconf 70' lang='lat' dir='ltr'><strong>suorum</strong></span> <span class='ocrx_word' id='word_1_315' title='bbox 1213 2800 1375 2853; x_wconf 86' lang='lat' dir='ltr'><strong>corda</strong></span> <span class='ocrx_word' id='word_1_316' title='bbox 1421 2798 1808 2868; x_wconf 86' lang='lat' dir='ltr'><strong>propemodum</strong></span> <span class='ocrx_word' id='word_1_317' title='bbox 1840 2799 2021 2854; x_wconf 87' lang='lat' dir='ltr'><strong>incan-</strong></span> 
     </span>
    </p>
   </div>
   <div class='ocr_carea' id='block_1_46' title="bbox 441 2888 2017 2960">
    <p class='ocr_par' dir='ltr' id='par_1_46' title="bbox 441 2888 2017 2960">
     <span class='ocr_line' id='line_1_46' title="bbox 441 2888 2017 2960; baseline 0 -16"><span class='ocrx_word' id='word_1_318' title='bbox 441 2901 590 2945; x_wconf 78' lang='lat' dir='ltr'><strong>tante</strong></span> <span class='ocrx_word' id='word_1_319' title='bbox 615 2889 851 2944; x_wconf 80' lang='lat' dir='ltr'><strong>conferri</strong></span> <span class='ocrx_word' id='word_1_320' title='bbox 889 2898 1084 2960; x_wconf 89' lang='lat' dir='ltr'><strong>potest.</strong></span> <span class='ocrx_word' id='word_1_321' title='bbox 1116 2888 1418 2956; x_wconf 84' lang='lat' dir='ltr'><strong>Quamdam</strong></span> <span class='ocrx_word' id='word_1_322' title='bbox 1468 2889 1634 2959; x_wconf 78' lang='lat' dir='ltr'><strong>igitur</strong></span> <span class='ocrx_word' id='word_1_323' title='bbox 1699 2890 2017 2959; x_wconf 75' lang='lat' dir='ltr'><strong>dignitatem</strong></span> 
     </span>
    </p>
   </div>
   <div class='ocr_carea' id='block_1_47' title="bbox 438 2980 2015 3054">
    <p class='ocr_par' dir='ltr' id='par_1_47' title="bbox 438 2980 2015 3054">
     <span class='ocr_line' id='line_1_47' title="bbox 438 2980 2015 3054; baseline -0.001 -18"><span class='ocrx_word' id='word_1_324' title='bbox 438 2986 583 3054; x_wconf 84' lang='lat' dir='ltr'><strong>parit</strong></span> <span class='ocrx_word' id='word_1_325' title='bbox 640 2981 900 3052; x_wconf 85' lang='lat' dir='ltr'><strong>improbis</strong></span> <span class='ocrx_word' id='word_1_326' title='bbox 938 2997 1100 3037; x_wconf 89' lang='lat' dir='ltr'><strong>omne</strong></span> <span class='ocrx_word' id='word_1_327' title='bbox 1140 2996 1311 3051; x_wconf 80' lang='lat' dir='ltr'><strong>genus</strong></span> <span class='ocrx_word' id='word_1_328' title='bbox 1351 2980 1730 3035; x_wconf 74' lang='lat' dir='ltr'><strong>immunditiae.</strong></span> <span class='ocrx_word' id='word_1_329' title='bbox 1776 2980 2015 3047; x_wconf 87' lang='lat' dir='ltr'><strong>Quorum</strong></span> 
     </span>
    </p>
   </div>
   <div class='ocr_carea' id='block_1_48' title="bbox 434 3071 2017 3142">
    <p class='ocr_par' dir='ltr' id='par_1_48' title="bbox 434 3071 2017 3142">
     <span class='ocr_line' id='line_1_48' title="bbox 434 3071 2017 3142; baseline -0.002 -14"><span class='ocrx_word' id='word_1_330' title='bbox 434 3083 619 3129; x_wconf 73' lang='grc' dir='ltr'>αιιῑοιη</span> <span class='ocrx_word' id='word_1_331' title='bbox 659 3088 855 3142; x_wconf 88' lang='lat' dir='ltr'><strong>scopus</strong></span> <span class='ocrx_word' id='word_1_332' title='bbox 880 3080 965 3129; x_wconf 85' lang='lat' dir='ltr'><strong>est</strong></span> <span class='ocrx_word' id='word_1_333' title='bbox 998 3073 1064 3126; x_wconf 86' lang='lat' dir='ltr'><strong>ad</strong></span> <span class='ocrx_word' id='word_1_334' title='bbox 1096 3072 1182 3126; x_wconf 85' lang='lat' dir='ltr'><strong>illa</strong></span> <span class='ocrx_word' id='word_1_335' title='bbox 1214 3071 1505 3141; x_wconf 88' lang='lat' dir='ltr'><strong>respicere,</strong></span> <span class='ocrx_word' id='word_1_336' title='bbox 1536 3071 1602 3127; x_wconf 85' lang='lat' dir='ltr'><strong>iis</strong></span> <span class='ocrx_word' id='word_1_337' title='bbox 1624 3073 1789 3125; x_wconf 81' lang='lat' dir='ltr'><strong>etiam</strong></span> <span class='ocrx_word' id='word_1_338' title='bbox 1826 3073 2017 3127; x_wconf 86' lang='lat' dir='ltr'><strong>solem-</strong></span> 
     </span>
    </p>
   </div>
   <div class='ocr_carea' id='block_1_49' title="bbox 437 3165 2017 3235">
    <p class='ocr_par' dir='ltr' id='par_1_49' title="bbox 437 3165 2017 3235">
     <span class='ocr_line' id='line_1_49' title="bbox 437 3165 2017 3235; baseline -0.001 -12"><span class='ocrx_word' id='word_1_339' title='bbox 437 3184 506 3223; x_wconf 83' lang='lat' dir='ltr'><strong>ne</strong></span> <span class='ocrx_word' id='word_1_340' title='bbox 543 3180 601 3223; x_wconf 85' lang='lat' dir='ltr'><strong>et</strong></span> <span class='ocrx_word' id='word_1_341' title='bbox 648 3168 1012 3223; x_wconf 64' lang='lat' dir='ltr'><strong>nemssarium</strong></span> <span class='ocrx_word' id='word_1_342' title='bbox 1058 3180 1191 3222; x_wconf 74' lang='lat' dir='ltr'><strong>esse</strong></span> <span class='ocrx_word' id='word_1_343' title='bbox 1228 3165 1399 3235; x_wconf 87' lang='lat' dir='ltr'><strong>ipsius</strong></span> <span class='ocrx_word' id='word_1_344' title='bbox 1433 3181 1647 3235; x_wconf 87' lang='lat' dir='ltr'><strong>quoque</strong></span> <span class='ocrx_word' id='word_1_345' title='bbox 1685 3166 1774 3220; x_wconf 80' lang='lat' dir='ltr'><strong>Dei</strong></span> <span class='ocrx_word' id='word_1_346' title='bbox 1826 3166 2017 3222; x_wconf 87' lang='lat' dir='ltr'><strong>oblivi-</strong></span> 
     </span>
    </p>
   </div>
   <div class='ocr_carea' id='block_1_50' title="bbox 435 3257 2017 3325">
    <p class='ocr_par' dir='ltr' id='par_1_50' title="bbox 435 3257 2017 3325">
     <span class='ocr_line' id='line_1_50' title="bbox 435 3257 2017 3325; baseline -0.001 -10"><span class='ocrx_word' id='word_1_347' title='bbox 435 3261 536 3324; x_wconf 79' lang='lat' dir='ltr'><strong>sci,</strong></span> <span class='ocrx_word' id='word_1_348' title='bbox 565 3260 802 3314; x_wconf 81' lang='lat' dir='ltr'><strong>ostendit</strong></span> <span class='ocrx_word' id='word_1_349' title='bbox 847 3274 972 3314; x_wconf 86' lang='lat' dir='ltr'><strong>cum</strong></span> <span class='ocrx_word' id='word_1_350' title='bbox 999 3258 1131 3313; x_wconf 80' lang='lat' dir='ltr'><strong>dicit</strong></span> <span class='ocrx_word' id='word_1_351' title='bbox 1156 3274 1172 3315; x_wconf 90' lang='lat'><strong>:</strong></span> <span class='ocrx_word' id='word_1_352' title='bbox 1199 3276 1220 3310; x_wconf 78' lang='grc' dir='ltr'><strong>ι</strong></span> <span class='ocrx_word' id='word_1_353' title='bbox 1254 3257 1356 3312; x_wconf 81' lang='lat' dir='ltr'><strong>Mei</strong></span> <span class='ocrx_word' id='word_1_354' title='bbox 1405 3266 1587 3313; x_wconf 89' lang='lat' dir='ltr'><strong>autem</strong></span> <span class='ocrx_word' id='word_1_355' title='bbox 1618 3258 1784 3312; x_wconf 91' lang='lat' dir='ltr'><strong>oblita</strong></span> <span class='ocrx_word' id='word_1_356' title='bbox 1811 3268 1915 3325; x_wconf 83' lang='lat' dir='ltr'><strong>est,</strong></span> <span class='ocrx_word' id='word_1_357' title='bbox 1940 3259 2017 3313; x_wconf 89' lang='lat' dir='ltr'><strong>di-</strong></span> 
     </span>
    </p>
   </div>
   <div class='ocr_carea' id='block_1_51' title="bbox 2122 2335 3709 2417">
    <p class='ocr_par' dir='ltr' id='par_1_51' title="bbox 2122 2335 3709 2417">
     <span class='ocr_line' id='line_1_51' title="bbox 2122 2335 3709 2417; baseline 0.008 -28"><span class='ocrx_word' id='word_1_358' title='bbox 2122 2335 2184 2389; x_wconf 79' lang='grc' dir='ltr'><strong>τὸ</strong></span> <span class='ocrx_word' id='word_1_359' title='bbox 2213 2336 2536 2410; x_wconf 86' lang='grc' dir='ltr'>διαπρέπειν</span> <span class='ocrx_word' id='word_1_360' title='bbox 2569 2340 2629 2393; x_wconf 76' lang='grc' dir='ltr'>ὲν</span> <span class='ocrx_word' id='word_1_361' title='bbox 2656 2340 2879 2409; x_wconf 84' lang='grc' dir='ltr'>ἀρεταῖς</span> <span class='ocrx_word' id='word_1_362' title='bbox 2898 2357 2912 2372; x_wconf 89' lang='grc'><strong>·</strong></span> <span class='ocrx_word' id='word_1_363' title='bbox 2940 2340 3084 2395; x_wconf 77' lang='grc' dir='ltr'>οὕτω</span> <span class='ocrx_word' id='word_1_364' title='bbox 3117 2342 3212 2395; x_wconf 76' lang='grc' dir='ltr'><strong>καὶ</strong></span> <span class='ocrx_word' id='word_1_365' title='bbox 3251 2342 3429 2416; x_wconf 77' lang='grc' dir='ltr'>ψυχὴν</span> <span class='ocrx_word' id='word_1_366' title='bbox 3456 2346 3556 2417; x_wconf 80' lang='grc' dir='ltr'>τὴν</span> <span class='ocrx_word' id='word_1_367' title='bbox 3583 2346 3709 2417; x_wconf 77' lang='grc' dir='ltr'>φιλ-</span> 
     </span>
    </p>
   </div>
   <div class='ocr_carea' id='block_1_52' title="bbox 2122 2431 3708 2510">
    <p class='ocr_par' dir='ltr' id='par_1_52' title="bbox 2122 2431 3708 2510">
     <span class='ocr_line' id='line_1_52' title="bbox 2122 2431 3708 2510; baseline 0.007 -28"><span class='ocrx_word' id='word_1_368' title='bbox 2122 2432 2491 2501; x_wconf 75' lang='grc' dir='ltr'>αμαρτήμονα</span> <span class='ocrx_word' id='word_1_369' title='bbox 2520 2432 2639 2495; x_wconf 87' lang='grc' dir='ltr'>ταῖς</span> <span class='ocrx_word' id='word_1_370' title='bbox 2676 2431 2785 2486; x_wconf 86' lang='grc' dir='ltr'><strong>τῶν</strong></span> <span class='ocrx_word' id='word_1_371' title='bbox 2836 2433 3130 2505; x_wconf 82' lang='grc' dir='ltr'>δαιμονίων</span> <span class='ocrx_word' id='word_1_372' title='bbox 3176 2435 3400 2505; x_wconf 75' lang='grc' dir='ltr'>ἀγέλαις</span> <span class='ocrx_word' id='word_1_373' title='bbox 3434 2438 3708 2510; x_wconf 70' lang='grc' dir='ltr'>ὑποτοπηο</span> 
     </span>
    </p>
   </div>
   <div class='ocr_carea' id='block_1_53' title="bbox 2120 2518 3709 2601">
    <p class='ocr_par' dir='ltr' id='par_1_53' title="bbox 2120 2518 3709 2601">
     <span class='ocr_line' id='line_1_53' title="bbox 2120 2518 3709 2601; baseline 0.007 -28"><span class='ocrx_word' id='word_1_374' title='bbox 2120 2520 2241 2574; x_wconf 84' lang='grc' dir='ltr'>τέον</span> <span class='ocrx_word' id='word_1_375' title='bbox 2274 2518 2415 2576; x_wconf 78' lang='grc' dir='ltr'>εἶναι</span> <span class='ocrx_word' id='word_1_376' title='bbox 2441 2523 2768 2594; x_wconf 74' lang='grc' dir='ltr'>περικαλλῆ,</span> <span class='ocrx_word' id='word_1_377' title='bbox 2806 2527 3025 2596; x_wconf 80' lang='grc' dir='ltr'>φρονεῖν</span> <span class='ocrx_word' id='word_1_378' title='bbox 3053 2543 3113 2579; x_wconf 89' lang='grc' dir='ltr'><strong>τε</strong></span> <span class='ocrx_word' id='word_1_379' title='bbox 3163 2528 3258 2581; x_wconf 73' lang='grc' dir='ltr'>καὶ</span> <span class='ocrx_word' id='word_1_380' title='bbox 3285 2527 3417 2600; x_wconf 79' lang='grc' dir='ltr'>δρᾷν</span> <span class='ocrx_word' id='word_1_381' title='bbox 3446 2528 3709 2601; x_wconf 74' lang='grc' dir='ltr'>ἑλομένην</span> 
     </span>
    </p>
   </div>
   <div class='ocr_carea' id='block_1_54' title="bbox 2120 2613 3709 2693">
    <p class='ocr_par' dir='ltr' id='par_1_54' title="bbox 2120 2613 3709 2693">
     <span class='ocr_line' id='line_1_54' title="bbox 2120 2613 3709 2693; baseline 0.006 -27"><span class='ocrx_word' id='word_1_382' title='bbox 2120 2614 2231 2666; x_wconf 76' lang='grc' dir='ltr'><strong>πᾶν</strong></span> <span class='ocrx_word' id='word_1_383' title='bbox 2256 2613 2352 2669; x_wconf 81' lang='grc' dir='ltr'><strong>ὅτι</strong></span> <span class='ocrx_word' id='word_1_384' title='bbox 2384 2616 2533 2669; x_wconf 75' lang='grc' dir='ltr'>ἐστιν</span> <span class='ocrx_word' id='word_1_385' title='bbox 2561 2615 2658 2687; x_wconf 81' lang='grc' dir='ltr'><strong>ήδύ</strong></span> <span class='ocrx_word' id='word_1_386' title='bbox 2697 2633 2758 2670; x_wconf 86' lang='grc' dir='ltr'><strong>τε</strong></span> <span class='ocrx_word' id='word_1_387' title='bbox 2785 2617 2968 2682; x_wconf 83' lang='grc' dir='ltr'>αὐτοῖς</span> <span class='ocrx_word' id='word_1_388' title='bbox 2988 2618 3086 2674; x_wconf 78' lang='grc' dir='ltr'>καὶ</span> <span class='ocrx_word' id='word_1_389' title='bbox 3113 2620 3288 2689; x_wconf 80' lang='grc' dir='ltr'>φίλον.</span> <span class='ocrx_word' id='word_1_390' title='bbox 3310 2622 3709 2693; x_wconf 72' lang='grc' dir='ltr'>Παρεικάξοιτο</span> 
     </span>
    </p>
   </div>
   <div class='ocr_carea' id='block_1_55' title="bbox 2118 2705 3708 2785">
    <p class='ocr_par' dir='ltr' id='par_1_55' title="bbox 2118 2705 3708 2785">
     <span class='ocr_line' id='line_1_55' title="bbox 2118 2705 3708 2785; baseline 0.007 -24"><span class='ocrx_word' id='word_1_391' title='bbox 2118 2705 2163 2761; x_wconf 86' lang='grc' dir='ltr'>δ’</span> <span class='ocrx_word' id='word_1_392' title='bbox 2207 2705 2275 2761; x_wconf 79' lang='grc' dir='ltr'>ἂν</span> <span class='ocrx_word' id='word_1_393' title='bbox 2331 2708 2364 2779; x_wconf 84' lang='grc' dir='ltr'><strong>ἡ</strong></span> <span class='ocrx_word' id='word_1_394' title='bbox 2410 2709 2637 2780; x_wconf 74' lang='grc' dir='ltr'>τοιαύτη</span> <span class='ocrx_word' id='word_1_395' title='bbox 2687 2708 2831 2782; x_wconf 78' lang='grc' dir='ltr'>ψυχὴ</span> <span class='ocrx_word' id='word_1_396' title='bbox 2887 2713 3110 2780; x_wconf 76' lang='grc' dir='ltr'>γυναικὶ</span> <span class='ocrx_word' id='word_1_397' title='bbox 3164 2712 3293 2777; x_wconf 81' lang='grc' dir='ltr'>τοὺς</span> <span class='ocrx_word' id='word_1_398' title='bbox 3342 2714 3578 2785; x_wconf 83' lang='grc' dir='ltr'>τρόπους</span> <span class='ocrx_word' id='word_1_399' title='bbox 3606 2717 3708 2771; x_wconf 83' lang='grc' dir='ltr'><strong>οὐκ</strong></span> 
     </span>
    </p>
   </div>
   <div class='ocr_carea' id='block_1_56' title="bbox 2114 2798 3707 2880">
    <p class='ocr_par' dir='ltr' id='par_1_56' title="bbox 2114 2798 3707 2880">
     <span class='ocr_line' id='line_1_56' title="bbox 2114 2798 3707 2880; baseline 0.006 -27"><span class='ocrx_word' id='word_1_400' title='bbox 2114 2798 2320 2870; x_wconf 76' lang='grc' dir='ltr'>ἀγαθῇ,</span> <span class='ocrx_word' id='word_1_401' title='bbox 2355 2800 2389 2871; x_wconf 70' lang='grc' dir='ltr'>ᾗ</span> <span class='ocrx_word' id='word_1_402' title='bbox 2441 2801 2532 2855; x_wconf 78' lang='grc' dir='ltr'><strong>καὶ</strong></span> <span class='ocrx_word' id='word_1_403' title='bbox 2565 2799 2829 2873; x_wconf 74' lang='grc' dir='ltr'>ἐξιτήλως</span> <span class='ocrx_word' id='word_1_404' title='bbox 2861 2803 3216 2873; x_wconf 75' lang='grc' dir='ltr'>χρυσαῖζεται</span> <span class='ocrx_word' id='word_1_405' title='bbox 3239 2842 3256 2870; x_wconf 90' lang='grc'><strong>,</strong></span> <span class='ocrx_word' id='word_1_406' title='bbox 3295 2805 3463 2877; x_wconf 86' lang='grc' dir='ltr'>μόνον</span> <span class='ocrx_word' id='word_1_407' title='bbox 3493 2807 3552 2860; x_wconf 88' lang='grc' dir='ltr'>δὲ</span> <span class='ocrx_word' id='word_1_408' title='bbox 3585 2808 3707 2880; x_wconf 79' lang='grc' dir='ltr'>οὐχὶ</span> 
     </span>
    </p>
   </div>
   <div class='ocr_carea' id='block_1_57' title="bbox 2111 2890 3705 2969">
    <p class='ocr_par' dir='ltr' id='par_1_57' title="bbox 2111 2890 3705 2969">
     <span class='ocr_line' id='line_1_57' title="bbox 2111 2890 3705 2969; baseline 0.008 -28"><span class='ocrx_word' id='word_1_409' title='bbox 2111 2890 2212 2942; x_wconf 79' lang='grc' dir='ltr'><strong>καὶ</strong></span> <span class='ocrx_word' id='word_1_410' title='bbox 2261 2892 2374 2953; x_wconf 73' lang='grc' dir='ltr'>τοῖς</span> <span class='ocrx_word' id='word_1_411' title='bbox 2407 2893 2487 2955; x_wconf 77' lang='grc' dir='ltr'>εἰς</span> <span class='ocrx_word' id='word_1_412' title='bbox 2542 2891 2681 2945; x_wconf 81' lang='grc' dir='ltr'>ὠτία</span> <span class='ocrx_word' id='word_1_413' title='bbox 2730 2893 2825 2946; x_wconf 82' lang='grc' dir='ltr'><strong>καὶ</strong></span> <span class='ocrx_word' id='word_1_414' title='bbox 2875 2892 3039 2965; x_wconf 77' lang='grc' dir='ltr'>δέρην</span> <span class='ocrx_word' id='word_1_415' title='bbox 3090 2897 3413 2967; x_wconf 81' lang='grc' dir='ltr'>κοσμήμασι</span> <span class='ocrx_word' id='word_1_416' title='bbox 3456 2896 3558 2969; x_wconf 79' lang='grc' dir='ltr'>τὴν</span> <span class='ocrx_word' id='word_1_417' title='bbox 3596 2899 3705 2957; x_wconf 84' lang='grc' dir='ltr'>τῶν</span> 
     </span>
    </p>
   </div>
   <div class='ocr_carea' id='block_1_58' title="bbox 2117 2978 3703 3063">
    <p class='ocr_par' dir='ltr' id='par_1_58' title="bbox 2117 2978 3703 3063">
     <span class='ocr_line' id='line_1_58' title="bbox 2117 2978 3703 3063; baseline 0.008 -31"><span class='ocrx_word' id='word_1_418' title='bbox 2117 2978 2370 3052; x_wconf 73' lang='grc' dir='ltr'>ἐρώντων</span> <span class='ocrx_word' id='word_1_419' title='bbox 2412 2982 2583 3053; x_wconf 84' lang='grc' dir='ltr'>αὐτῆς</span> <span class='ocrx_word' id='word_1_420' title='bbox 2612 2983 3009 3053; x_wconf 81' lang='grc' dir='ltr'>καταγοητεύει</span> <span class='ocrx_word' id='word_1_421' title='bbox 3039 2985 3289 3056; x_wconf 81' lang='grc' dir='ltr'>καρδίαν.</span> <span class='ocrx_word' id='word_1_422' title='bbox 3326 2987 3592 3058; x_wconf 84' lang='grc' dir='ltr'>Σεμνύνει</span> <span class='ocrx_word' id='word_1_423' title='bbox 3637 2989 3703 3063; x_wconf 83' lang='grc' dir='ltr'>δὴ</span> 
     </span>
    </p>
   </div>
   <div class='ocr_carea' id='block_1_59' title="bbox 2115 3066 3704 3150">
    <p class='ocr_par' dir='ltr' id='par_1_59' title="bbox 2115 3066 3704 3150">
     <span class='ocr_line' id='line_1_59' title="bbox 2115 3066 3704 3150; baseline 0.007 -28"><span class='ocrx_word' id='word_1_424' title='bbox 2115 3066 2211 3123; x_wconf 85' lang='grc' dir='ltr'>οὖν</span> <span class='ocrx_word' id='word_1_425' title='bbox 2242 3070 2352 3141; x_wconf 82' lang='grc' dir='ltr'>ἄρα</span> <span class='ocrx_word' id='word_1_426' title='bbox 2377 3072 2503 3135; x_wconf 70' lang='grc' dir='ltr'>τοὺς</span> <span class='ocrx_word' id='word_1_427' title='bbox 2536 3072 2809 3144; x_wconf 80' lang='grc' dir='ltr'>πονηροὺς</span> <span class='ocrx_word' id='word_1_428' title='bbox 2840 3073 2950 3128; x_wconf 79' lang='grc' dir='ltr'>πᾶν</span> <span class='ocrx_word' id='word_1_429' title='bbox 2996 3066 3135 3138; x_wconf 77' lang='grc' dir='ltr'>εἶδος</span> <span class='ocrx_word' id='word_1_430' title='bbox 3180 3074 3543 3150; x_wconf 74' lang='grc' dir='ltr'>ἀκαθαρσίας,</span> <span class='ocrx_word' id='word_1_431' title='bbox 3578 3080 3704 3134; x_wconf 82' lang='grc' dir='ltr'>Ὅτι</span> 
     </span>
    </p>
   </div>
   <div class='ocr_carea' id='block_1_60' title="bbox 2114 3153 3700 3243">
    <p class='ocr_par' dir='ltr' id='par_1_60' title="bbox 2114 3153 3700 3243">
     <span class='ocr_line' id='line_1_60' title="bbox 2114 3153 3700 3243; baseline 0.006 -32"><span class='ocrx_word' id='word_1_432' title='bbox 2114 3158 2192 3225; x_wconf 82' lang='grc' dir='ltr'>δὲ,</span> <span class='ocrx_word' id='word_1_433' title='bbox 2229 3153 2312 3223; x_wconf 78' lang='grc' dir='ltr'>οἷς</span> <span class='ocrx_word' id='word_1_434' title='bbox 2340 3160 2368 3211; x_wconf 89' lang='grc' dir='ltr'>ὁ</span> <span class='ocrx_word' id='word_1_435' title='bbox 2397 3161 2599 3224; x_wconf 82' lang='grc' dir='ltr'>σκοπὸς</span> <span class='ocrx_word' id='word_1_436' title='bbox 2623 3161 2758 3233; x_wconf 78' lang='grc' dir='ltr'>πρὸς</span> <span class='ocrx_word' id='word_1_437' title='bbox 2783 3162 2966 3217; x_wconf 80' lang='grc' dir='ltr'>ἐκεῖνα</span> <span class='ocrx_word' id='word_1_438' title='bbox 2992 3163 3238 3233; x_wconf 79' lang='grc' dir='ltr'>βλέπειν,</span> <span class='ocrx_word' id='word_1_439' title='bbox 3280 3165 3492 3237; x_wconf 83' lang='grc' dir='ltr'>τούτοις</span> <span class='ocrx_word' id='word_1_440' title='bbox 3521 3169 3588 3225; x_wconf 84' lang='grc' dir='ltr'>ἂν</span> <span class='ocrx_word' id='word_1_441' title='bbox 3608 3171 3700 3243; x_wconf 73' lang='grc' dir='ltr'>εἴη</span> 
     </span>
    </p>
   </div>
   <div class='ocr_carea' id='block_1_61' title="bbox 2120 3249 3700 3328">
    <p class='ocr_par' dir='ltr' id='par_1_61' title="bbox 2120 3249 3700 3328">
     <span class='ocr_line' id='line_1_61' title="bbox 2120 3249 3700 3328; baseline 0.007 -25"><span class='ocrx_word' id='word_1_442' title='bbox 2120 3249 2353 3323; x_wconf 74' lang='grc' dir='ltr'>σύνηθές</span> <span class='ocrx_word' id='word_1_443' title='bbox 2390 3268 2450 3304; x_wconf 89' lang='grc' dir='ltr'><strong>τε</strong></span> <span class='ocrx_word' id='word_1_444' title='bbox 2479 3253 2572 3304; x_wconf 79' lang='grc' dir='ltr'><strong>καὶ</strong></span> <span class='ocrx_word' id='word_1_445' title='bbox 2624 3253 2921 3322; x_wconf 79' lang='grc' dir='ltr'>ἀναγκαῖον</span> <span class='ocrx_word' id='word_1_446' title='bbox 2962 3253 3024 3306; x_wconf 88' lang='grc' dir='ltr'><strong>τὸ</strong></span> <span class='ocrx_word' id='word_1_447' title='bbox 3068 3255 3163 3310; x_wconf 80' lang='grc' dir='ltr'><strong>καὶ</strong></span> <span class='ocrx_word' id='word_1_448' title='bbox 3192 3256 3362 3328; x_wconf 82' lang='grc' dir='ltr'>αὐτῆς</span> <span class='ocrx_word' id='word_1_449' title='bbox 3388 3258 3700 3317; x_wconf 59' lang='grc' dir='ltr'>ἀπολισθεῦ</span> 
     </span>
    </p>
   </div>
   <div class='ocr_carea' id='block_1_62' title="bbox 434 3326 2010 3420">
    <p class='ocr_par' dir='ltr' id='par_1_62' title="bbox 434 3346 2008 3418">
     <span class='ocr_line' id='line_1_62' title="bbox 434 3346 2008 3418; baseline -0.001 -14"><span class='ocrx_word' id='word_1_450' title='bbox 434 3352 514 3407; x_wconf 73' lang='lat' dir='ltr'><strong>cit</strong></span> <span class='ocrx_word' id='word_1_451' title='bbox 559 3351 884 3407; x_wconf 66' lang='lat' dir='ltr'><strong>Dominus.»</strong></span> <span class='ocrx_word' id='word_1_452' title='bbox 942 3346 1045 3403; x_wconf 87' lang='lat' dir='ltr'><strong>Ubi</strong></span> <span class='ocrx_word' id='word_1_453' title='bbox 1106 3349 1252 3406; x_wconf 87' lang='lat' dir='ltr'><strong>enim</strong></span> <span class='ocrx_word' id='word_1_454' title='bbox 1302 3349 1578 3404; x_wconf 81' lang='lat' dir='ltr'><strong>inﬁrmata</strong></span> <span class='ocrx_word' id='word_1_455' title='bbox 1620 3357 1740 3414; x_wconf 90' lang='lat' dir='ltr'><strong>est,</strong></span> <span class='ocrx_word' id='word_1_456' title='bbox 1794 3348 2008 3418; x_wconf 87' lang='lat' dir='ltr'><strong>inquit,</strong></span> 
     </span>
    </p>
   </div>
   <div class='ocr_carea' id='block_1_63' title="bbox 2114 3326 3699 3420">
    <p class='ocr_par' dir='ltr' id='par_1_63' title="bbox 2116 3326 3699 3420">
     <span class='ocr_line' id='line_1_63' title="bbox 2116 3326 3699 3420; baseline 0.007 -26"><span class='ocrx_word' id='word_1_457' title='bbox 2116 3342 2215 3411; x_wconf 81' lang='grc' dir='ltr'>τῆς</span> <span class='ocrx_word' id='word_1_458' title='bbox 2244 3341 2338 3396; x_wconf 84' lang='grc' dir='ltr'><strong>τοῦ</strong></span> <span class='ocrx_word' id='word_1_459' title='bbox 2372 3342 2506 3397; x_wconf 85' lang='grc' dir='ltr'>Θεοῦ</span> <span class='ocrx_word' id='word_1_460' title='bbox 2553 3346 2795 3415; x_wconf 79' lang='grc' dir='ltr'>μνήμης,</span> <span class='ocrx_word' id='word_1_461' title='bbox 2828 3344 3063 3415; x_wconf 82' lang='grc' dir='ltr'>δέδειχεν</span> <span class='ocrx_word' id='word_1_462' title='bbox 3108 3326 3325 3401; x_wconf 48' lang='grc' dir='ltr'>εἰπών(</span> <span class='ocrx_word' id='word_1_463' title='bbox 3364 3366 3384 3400; x_wconf 81' lang='grc' dir='ltr'><strong>ι</strong></span> <span class='ocrx_word' id='word_1_464' title='bbox 3438 3349 3603 3420; x_wconf 83' lang='grc' dir='ltr'><strong>Ἑμοῦ</strong></span> <span class='ocrx_word' id='word_1_465' title='bbox 3642 3350 3699 3406; x_wconf 72' lang='grc' dir='ltr'>δὲ</span> 
     </span>
    </p>
   </div>
   <div class='ocr_carea' id='block_1_64' title="bbox 337 3439 2013 3510">
    <p class='ocr_par' dir='ltr' id='par_1_64' title="bbox 337 3439 2013 3510">
     <span class='ocr_line' id='line_1_64' title="bbox 337 3439 2013 3510; baseline -0.001 -15"><span class='ocrx_word' id='word_1_466' title='bbox 337 3446 346 3454; x_wconf 92' lang='grc'><strong><em>“</em></strong></span> <span class='ocrx_word' id='word_1_467' title='bbox 443 3443 776 3498; x_wconf 62' lang='lat' dir='ltr'><strong>«tentionibus</strong></span> <span class='ocrx_word' id='word_1_468' title='bbox 828 3441 1184 3508; x_wconf 69' lang='lat' dir='ltr'><strong>adbaarentlo,</strong></span> <span class='ocrx_word' id='word_1_469' title='bbox 1246 3440 1355 3496; x_wconf 89' lang='lat' dir='ltr'><strong>imo</strong></span> <span class='ocrx_word' id='word_1_470' title='bbox 1401 3456 1429 3494; x_wconf 90' lang='lat' dir='ltr'><strong>a</strong></span> <span class='ocrx_word' id='word_1_471' title='bbox 1479 3439 1746 3494; x_wconf 85' lang='lat' dir='ltr'><strong>desiderio</strong></span> <span class='ocrx_word' id='word_1_472' title='bbox 1786 3449 1841 3495; x_wconf 90' lang='lat' dir='ltr'><strong>et</strong></span> <span class='ocrx_word' id='word_1_473' title='bbox 1891 3454 2013 3510; x_wconf 81' lang='lat' dir='ltr'><strong>pro-</strong></span> 
     </span>
    </p>
   </div>
   <div class='ocr_carea' id='block_1_65' title="bbox 2117 3432 3698 3514">
    <p class='ocr_par' dir='ltr' id='par_1_65' title="bbox 2117 3432 3698 3514">
     <span class='ocr_line' id='line_1_65' title="bbox 2117 3432 3698 3514; baseline 0.006 -28"><span class='ocrx_word' id='word_1_474' title='bbox 2117 3432 2433 3502; x_wconf 76' lang='grc' dir='ltr'>ἐπελάθετο,</span> <span class='ocrx_word' id='word_1_475' title='bbox 2480 3435 2628 3503; x_wconf 76' lang='grc' dir='ltr'>λέγει</span> <span class='ocrx_word' id='word_1_476' title='bbox 2676 3435 2900 3507; x_wconf 82' lang='grc' dir='ltr'>Κύριος.</span> <span class='ocrx_word' id='word_1_477' title='bbox 2944 3455 2963 3489; x_wconf 78' lang='grc' dir='ltr'><strong>ι</strong></span> <span class='ocrx_word' id='word_1_478' title='bbox 3013 3437 3231 3510; x_wconf 77' lang='grc' dir='ltr'>Ἐπειδὴ</span> <span class='ocrx_word' id='word_1_479' title='bbox 3268 3439 3377 3512; x_wconf 72' lang='grc' dir='ltr'>γὰρ</span> <span class='ocrx_word' id='word_1_480' title='bbox 3407 3443 3698 3514; x_wconf 79' lang='grc' dir='ltr'><strong>κατηρῤιῦ-</strong></span> 
     </span>
    </p>
   </div>
   <div class='ocr_carea' id='block_1_66' title="bbox 434 3528 2010 3604">
    <p class='ocr_par' dir='ltr' id='par_1_66' title="bbox 434 3531 2010 3603">
     <span class='ocr_line' id='line_1_66' title="bbox 434 3531 2010 3603; baseline -0.001 -15"><span class='ocrx_word' id='word_1_481' title='bbox 434 3535 694 3603; x_wconf 90' lang='lat' dir='ltr'><strong>pensione</strong></span> <span class='ocrx_word' id='word_1_482' title='bbox 729 3533 793 3587; x_wconf 88' lang='lat' dir='ltr'><strong>ad</strong></span> <span class='ocrx_word' id='word_1_483' title='bbox 858 3532 1055 3587; x_wconf 85' lang='lat' dir='ltr'><strong>bonum</strong></span> <span class='ocrx_word' id='word_1_484' title='bbox 1098 3533 1313 3602; x_wconf 87' lang='lat' dir='ltr'><strong>penitus</strong></span> <span class='ocrx_word' id='word_1_485' title='bbox 1346 3531 1703 3599; x_wconf 88' lang='lat' dir='ltr'><strong>.discedeudo,</strong></span> <span class='ocrx_word' id='word_1_486' title='bbox 1735 3531 1847 3601; x_wconf 91' lang='lat' dir='ltr'><strong>ipsa</strong></span> <span class='ocrx_word' id='word_1_487' title='bbox 1885 3548 2010 3602; x_wconf 90' lang='lat' dir='ltr'><strong>quo-</strong></span> 
     </span>
    </p>
   </div>
   <div class='ocr_carea' id='block_1_67' title="bbox 2114 3528 3696 3604">
    <p class='ocr_par' dir='ltr' id='par_1_67' title="bbox 2119 3528 3696 3604">
     <span class='ocr_line' id='line_1_67' title="bbox 2119 3528 3696 3604; baseline 0.007 -25"><span class='ocrx_word' id='word_1_488' title='bbox 2119 3543 2307 3599; x_wconf 89' lang='grc' dir='ltr'>στησε,</span> <span class='ocrx_word' id='word_1_489' title='bbox 2335 3528 2489 3598; x_wconf 78' lang='grc' dir='ltr'>φησὶ,</span> <span class='ocrx_word' id='word_1_490' title='bbox 2512 3528 2590 3599; x_wconf 81' lang='grc' dir='ltr'><strong>τῷ</strong></span> <span class='ocrx_word' id='word_1_491' title='bbox 2624 3528 2981 3601; x_wconf 81' lang='grc' dir='ltr'>προσκεῖσθαι</span> <span class='ocrx_word' id='word_1_492' title='bbox 3008 3532 3123 3594; x_wconf 85' lang='grc' dir='ltr'>τοῖς</span> <span class='ocrx_word' id='word_1_493' title='bbox 3148 3530 3465 3602; x_wconf 85' lang='grc' dir='ltr'>δαιμονίοις,</span> <span class='ocrx_word' id='word_1_494' title='bbox 3495 3535 3696 3604; x_wconf 82' lang='grc' dir='ltr'>μᾶλλον</span> 
     </span>
    </p>
   </div>
   <div class='ocr_carea' id='block_1_68' title="bbox 431 3617 2010 3699">
    <p class='ocr_par' dir='ltr' id='par_1_68' title="bbox 431 3620 2010 3694">
     <span class='ocr_line' id='line_1_68' title="bbox 431 3620 2010 3694; baseline 0.001 -17"><span class='ocrx_word' id='word_1_495' title='bbox 431 3642 536 3694; x_wconf 80' lang='lat' dir='ltr'><strong>que</strong></span> <span class='ocrx_word' id='word_1_496' title='bbox 558 3624 647 3680; x_wconf 86' lang='lat' dir='ltr'><strong>Dei</strong></span> <span class='ocrx_word' id='word_1_497' title='bbox 674 3625 930 3678; x_wconf 83' lang='lat' dir='ltr'><strong>memoria</strong></span> <span class='ocrx_word' id='word_1_498' title='bbox 954 3624 1305 3694; x_wconf 78' lang='lat' dir='ltr'><strong>decidit,qua:</strong></span> <span class='ocrx_word' id='word_1_499' title='bbox 1326 3622 1487 3678; x_wconf 85' lang='lat' dir='ltr'><strong>totius</strong></span> <span class='ocrx_word' id='word_1_500' title='bbox 1516 3620 1809 3691; x_wconf 84' lang='lat' dir='ltr'><strong>impietatis</strong></span> <span class='ocrx_word' id='word_1_501' title='bbox 1827 3631 2010 3692; x_wconf 88' lang='lat' dir='ltr'><strong>aperta</strong></span> 
     </span>
    </p>
   </div>
   <div class='ocr_carea' id='block_1_69' title="bbox 2114 3617 3695 3699">
    <p class='ocr_par' dir='ltr' id='par_1_69' title="bbox 2114 3617 3695 3699">
     <span class='ocr_line' id='line_1_69' title="bbox 2114 3617 3695 3699; baseline 0.005 -28"><span class='ocrx_word' id='word_1_502' title='bbox 2114 3617 2172 3671; x_wconf 81' lang='grc' dir='ltr'>δὲ</span> <span class='ocrx_word' id='word_1_503' title='bbox 2201 3619 2295 3672; x_wconf 75' lang='grc' dir='ltr'><strong>καὶ</strong></span> <span class='ocrx_word' id='word_1_504' title='bbox 2324 3619 2635 3691; x_wconf 85' lang='grc' dir='ltr'>ὁλοτρὸπως</span> <span class='ocrx_word' id='word_1_505' title='bbox 2689 3621 2993 3691; x_wconf 82' lang='grc' dir='ltr'>ἀποφοιτᾷν</span> <span class='ocrx_word' id='word_1_506' title='bbox 3033 3620 3133 3691; x_wconf 84' lang='grc' dir='ltr'>τῆς</span> <span class='ocrx_word' id='word_1_507' title='bbox 3173 3624 3253 3686; x_wconf 88' lang='grc' dir='ltr'><strong>είς</strong></span> <span class='ocrx_word' id='word_1_508' title='bbox 3278 3623 3340 3677; x_wconf 83' lang='grc' dir='ltr'><strong>τὸ</strong></span> <span class='ocrx_word' id='word_1_509' title='bbox 3367 3625 3572 3693; x_wconf 81' lang='grc' dir='ltr'>ἀγαθὸν</span> <span class='ocrx_word' id='word_1_510' title='bbox 3598 3628 3695 3699; x_wconf 62' lang='lat' dir='ltr'><strong>scp—</strong></span> 
     </span>
    </p>
   </div>
   <div class='ocr_carea' id='block_1_70' title="bbox 433 3709 2010 3790">
    <p class='ocr_par' dir='ltr' id='par_1_70' title="bbox 433 3716 972 3772">
     <span class='ocr_line' id='line_1_70' title="bbox 433 3716 972 3772; baseline -0.004 -1"><span class='ocrx_word' id='word_1_511' title='bbox 433 3716 821 3771; x_wconf 75' lang='lat' dir='ltr'><strong>demonstratio</strong></span> <span class='ocrx_word' id='word_1_512' title='bbox 867 3722 972 3772; x_wconf 85' lang='lat' dir='ltr'><strong>est.</strong></span> 
     </span>
    </p>
   </div>
   <div class='ocr_carea' id='block_1_71' title="bbox 2114 3709 3694 3790">
    <p class='ocr_par' dir='ltr' id='par_1_71' title="bbox 2116 3709 3694 3790">
     <span class='ocr_line' id='line_1_71' title="bbox 2116 3709 3694 3790; baseline 0.007 -28"><span class='ocrx_word' id='word_1_513' title='bbox 2116 3709 2288 3775; x_wconf 80' lang='grc' dir='ltr'>έσεώς</span> <span class='ocrx_word' id='word_1_514' title='bbox 2329 3728 2388 3765; x_wconf 84' lang='grc' dir='ltr'><strong>τε</strong></span> <span class='ocrx_word' id='word_1_515' title='bbox 2422 3712 2519 3766; x_wconf 75' lang='grc' dir='ltr'><strong>καὶ</strong></span> <span class='ocrx_word' id='word_1_516' title='bbox 2559 3711 2886 3788; x_wconf 75' lang='grc' dir='ltr'>προθυμίας,</span> <span class='ocrx_word' id='word_1_517' title='bbox 2936 3714 3033 3766; x_wconf 83' lang='grc' dir='ltr'><strong>καὶ</strong></span> <span class='ocrx_word' id='word_1_518' title='bbox 3075 3714 3244 3787; x_wconf 81' lang='grc' dir='ltr'>αὐτῆς</span> <span class='ocrx_word' id='word_1_519' title='bbox 3287 3715 3563 3773; x_wconf 58' lang='lat' dir='ltr'><strong>annuae;</strong></span> <span class='ocrx_word' id='word_1_520' title='bbox 3594 3720 3694 3790; x_wconf 77' lang='grc' dir='ltr'>τῆς</span> 
     </span>
    </p>
   </div>
   <div class='ocr_carea' id='block_1_72' title="bbox 2111 3799 3693 3877">
    <p class='ocr_par' dir='ltr' id='par_1_72' title="bbox 2111 3799 3693 3877">
     <span class='ocr_line' id='line_1_72' title="bbox 2111 3799 3693 3877; baseline 0.007 -24"><span class='ocrx_word' id='word_1_521' title='bbox 2111 3799 2207 3857; x_wconf 83' lang='grc' dir='ltr'><strong>τοῦ</strong></span> <span class='ocrx_word' id='word_1_522' title='bbox 2233 3800 2369 3855; x_wconf 83' lang='grc' dir='ltr'>Θεοῦ</span> <span class='ocrx_word' id='word_1_523' title='bbox 2405 3802 2649 3877; x_wconf 80' lang='grc' dir='ltr'>μνήμης.</span> <span class='ocrx_word' id='word_1_524' title='bbox 2682 3800 2852 3857; x_wconf 89' lang='grc' dir='ltr'>Τοῦτο</span> <span class='ocrx_word' id='word_1_525' title='bbox 2884 3802 2943 3856; x_wconf 81' lang='grc' dir='ltr'>δέ</span> <span class='ocrx_word' id='word_1_526' title='bbox 2979 3803 3096 3859; x_wconf 71' lang='grc' dir='ltr'>ἐστι</span> <span class='ocrx_word' id='word_1_527' title='bbox 3124 3804 3224 3875; x_wconf 81' lang='grc' dir='ltr'>τῆς</span> <span class='ocrx_word' id='word_1_528' title='bbox 3252 3805 3482 3864; x_wconf 72' lang='grc' dir='ltr'>είσᾱπαν</span> <span class='ocrx_word' id='word_1_529' title='bbox 3504 3808 3693 3863; x_wconf 87' lang='grc' dir='ltr'>δυσσε-</span> 
     </span>
    </p>
   </div>
   <div class='ocr_carea' id='block_1_73' title="bbox 2113 3892 2875 3963">
    <p class='ocr_par' dir='ltr' id='par_1_73' title="bbox 2113 3892 2875 3963">
     <span class='ocr_line' id='line_1_73' title="bbox 2113 3892 2875 3963; baseline -0.001 -15"><span class='ocrx_word' id='word_1_530' title='bbox 2113 3892 2265 3958; x_wconf 82' lang='grc' dir='ltr'>6είας</span> <span class='ocrx_word' id='word_1_531' title='bbox 2296 3894 2574 3960; x_wconf 78' lang='grc' dir='ltr'>ἀπόδειξις</span> <span class='ocrx_word' id='word_1_532' title='bbox 2618 3894 2875 3963; x_wconf 66' lang='grc' dir='ltr'>ἐναργής.</span> 
     </span>
    </p>
   </div>
   <div class='ocr_carea' id='block_1_74' title="bbox 504 3982 2010 4070">
    <p class='ocr_par' dir='ltr' id='par_1_74' title="bbox 504 3996 2010 4070">
     <span class='ocr_line' id='line_1_74' title="bbox 504 3996 2010 4070; baseline 0.001 -19"><span class='ocrx_word' id='word_1_533' title='bbox 504 3996 666 4053; x_wconf 77' lang='lat' dir='ltr'><strong>Vsus.</strong></span> <span class='ocrx_word' id='word_1_534' title='bbox 692 3997 779 4052; x_wconf 72' lang='grc'><strong>14.</strong></span> <span class='ocrx_word' id='word_1_535' title='bbox 810 3996 940 4052; x_wconf 77' lang='lat' dir='ltr'><strong>Ideo</strong></span> <span class='ocrx_word' id='word_1_536' title='bbox 964 4012 1081 4053; x_wconf 79' lang='lat' dir='ltr'><strong>ecce</strong></span> <span class='ocrx_word' id='word_1_537' title='bbox 1105 4012 1199 4070; x_wconf 80' lang='lat' dir='ltr'><strong>ego</strong></span> <span class='ocrx_word' id='word_1_538' title='bbox 1240 3997 1434 4053; x_wconf 79' lang='lat' dir='ltr'><strong>seduco</strong></span> <span class='ocrx_word' id='word_1_539' title='bbox 1461 4013 1601 4067; x_wconf 79' lang='lat' dir='ltr'><strong>eam,</strong></span> <span class='ocrx_word' id='word_1_540' title='bbox 1627 4006 1677 4054; x_wconf 84' lang='lat' dir='ltr'><strong>et</strong></span> <span class='ocrx_word' id='word_1_541' title='bbox 1706 4014 1900 4069; x_wconf 75' lang='lat' dir='ltr'><strong>ponam</strong></span> <span class='ocrx_word' id='word_1_542' title='bbox 1943 3998 2010 4055; x_wconf 82' lang='lat' dir='ltr'><strong>il-</strong></span> 
     </span>
    </p>
   </div>
   <div class='ocr_carea' id='block_1_75' title="bbox 2114 3982 3691 4070">
    <p class='ocr_par' dir='ltr' id='par_1_75' title="bbox 2179 3982 3691 4055">
     <span class='ocr_line' id='line_1_75' title="bbox 2179 3982 3691 4055; baseline 0.003 -16"><span class='ocrx_word' id='word_1_543' title='bbox 2179 3983 2287 4039; x_wconf 84' lang='grc' dir='ltr'><strong>Διὰ</strong></span> <span class='ocrx_word' id='word_1_544' title='bbox 2320 3982 2496 4039; x_wconf 85' lang='grc' dir='ltr'>τοῦτο</span> <span class='ocrx_word' id='word_1_545' title='bbox 2541 3982 2672 4037; x_wconf 75' lang='grc' dir='ltr'>ἰδοὺ</span> <span class='ocrx_word' id='word_1_546' title='bbox 2718 3983 2835 4054; x_wconf 58' lang='grc' dir='ltr'><strong>ἐππὼ</strong></span> <span class='ocrx_word' id='word_1_547' title='bbox 2879 3982 3090 4041; x_wconf 75' lang='grc' dir='ltr'>πλανῶ</span> <span class='ocrx_word' id='word_1_548' title='bbox 3116 3984 3337 4055; x_wconf 78' lang='grc' dir='ltr'>αὐτὴν,</span> <span class='ocrx_word' id='word_1_549' title='bbox 3388 3986 3489 4044; x_wconf 75' lang='grc' dir='ltr'>καί</span> <span class='ocrx_word' id='word_1_550' title='bbox 3530 3987 3691 4055; x_wconf 80' lang='grc' dir='ltr'><em>τάξω</em></span> 
     </span>
    </p>
   </div>
   <div class='ocr_carea' id='block_1_76' title="bbox 427 4072 2010 4160">
    <p class='ocr_par' dir='ltr' id='par_1_76' title="bbox 427 4088 1026 4160">
     <span class='ocr_line' id='line_1_76' title="bbox 427 4088 1026 4160; baseline -0.003 -17"><span class='ocrx_word' id='word_1_551' title='bbox 427 4090 538 4143; x_wconf 83' lang='lat' dir='ltr'><strong>lam</strong></span> <span class='ocrx_word' id='word_1_552' title='bbox 568 4092 719 4160; x_wconf 84' lang='lat' dir='ltr'><strong>quasi</strong></span> <span class='ocrx_word' id='word_1_553' title='bbox 743 4088 1026 4143; x_wconf 81' lang='lat' dir='ltr'><strong>desertum.</strong></span> 
     </span>
    </p>
   </div>
   <div class='ocr_carea' id='block_1_77' title="bbox 2114 4072 2696 4160">
    <p class='ocr_par' dir='ltr' id='par_1_77' title="bbox 2114 4072 2696 4142">
     <span class='ocr_line' id='line_1_77' title="bbox 2114 4072 2696 4142; baseline -0.002 -14"><span class='ocrx_word' id='word_1_554' title='bbox 2114 4074 2308 4140; x_wconf 77' lang='grc' dir='ltr'>αὐτὴν</span> <span class='ocrx_word' id='word_1_555' title='bbox 2338 4073 2419 4137; x_wconf 87' lang='grc' dir='ltr'>ὠς</span> <span class='ocrx_word' id='word_1_556' title='bbox 2450 4072 2696 4142; x_wconf 73' lang='grc' dir='ltr'>ἔρημον.</span> 
     </span>
    </p>
   </div>
   <div class='ocr_carea' id='block_1_78' title="bbox 499 4164 2010 4249">
    <p class='ocr_par' dir='ltr' id='par_1_78' title="bbox 499 4176 2010 4249">
     <span class='ocr_line' id='line_1_78' title="bbox 499 4176 2010 4249; baseline -0.001 -16"><span class='ocrx_word' id='word_1_557' title='bbox 499 4178 662 4233; x_wconf 68' lang='lat' dir='ltr'><strong>XXII.</strong></span> <span class='ocrx_word' id='word_1_558' title='bbox 708 4177 997 4247; x_wconf 85' lang='lat' dir='ltr'><strong>Postquam</strong></span> <span class='ocrx_word' id='word_1_559' title='bbox 1039 4178 1207 4244; x_wconf 87' lang='lat' dir='ltr'><strong>enim,</strong></span> <span class='ocrx_word' id='word_1_560' title='bbox 1263 4177 1457 4249; x_wconf 88' lang='lat' dir='ltr'><strong>inquit,</strong></span> <span class='ocrx_word' id='word_1_561' title='bbox 1487 4177 1575 4233; x_wconf 89' lang='lat' dir='ltr'><strong>illa</strong></span> <span class='ocrx_word' id='word_1_562' title='bbox 1608 4177 1792 4232; x_wconf 88' lang='lat' dir='ltr'><strong>multis</strong></span> <span class='ocrx_word' id='word_1_563' title='bbox 1834 4176 2010 4233; x_wconf 87' lang='lat' dir='ltr'><strong>modis</strong></span> 
     </span>
    </p>
   </div>
   <div class='ocr_carea' id='block_1_79' title="bbox 2114 4164 3686 4249">
    <p class='ocr_par' dir='ltr' id='par_1_79' title="bbox 2182 4164 3686 4244">
     <span class='ocr_line' id='line_1_79' title="bbox 2182 4164 3686 4244; baseline 0.003 -24"><span class='ocrx_word' id='word_1_564' title='bbox 2182 4165 2311 4220; x_wconf 82' lang='lat' dir='ltr'><strong>KB’.</strong></span> <span class='ocrx_word' id='word_1_565' title='bbox 2366 4164 2585 4237; x_wconf 82' lang='grc' dir='ltr'>Ἐπειδὴ</span> <span class='ocrx_word' id='word_1_566' title='bbox 2627 4165 2773 4237; x_wconf 81' lang='grc' dir='ltr'>γὰρ,</span> <span class='ocrx_word' id='word_1_567' title='bbox 2834 4167 3033 4238; x_wconf 66' lang='grc' dir='ltr'>φησιν,</span> <span class='ocrx_word' id='word_1_568' title='bbox 3092 4167 3235 4238; x_wconf 77' lang='grc' dir='ltr'>αῦτη</span> <span class='ocrx_word' id='word_1_569' title='bbox 3288 4168 3390 4244; x_wconf 83' lang='grc' dir='ltr'>μὲν</span> <span class='ocrx_word' id='word_1_570' title='bbox 3432 4169 3686 4238; x_wconf 79' lang='grc' dir='ltr'>ἐξώκειλε</span> 
     </span>
    </p>
   </div>
   <div class='ocr_carea' id='block_1_80' title="bbox 423 4256 2010 4338">
    <p class='ocr_par' dir='ltr' id='par_1_80' title="bbox 423 4267 2008 4338">
     <span class='ocr_line' id='line_1_80' title="bbox 423 4267 2008 4338; baseline -0.003 -12"><span class='ocrx_word' id='word_1_571' title='bbox 423 4271 671 4334; x_wconf 62' lang='lat' dir='ltr'><strong>offendit,</strong></span> <span class='ocrx_word' id='word_1_572' title='bbox 702 4286 804 4338; x_wconf 80' lang='lat' dir='ltr'><strong>ego</strong></span> <span class='ocrx_word' id='word_1_573' title='bbox 849 4281 1029 4323; x_wconf 84' lang='lat' dir='ltr'><strong>autem</strong></span> <span class='ocrx_word' id='word_1_574' title='bbox 1093 4268 1416 4325; x_wconf 75' lang='lat' dir='ltr'><strong>defectionis</strong></span> <span class='ocrx_word' id='word_1_575' title='bbox 1468 4283 1659 4338; x_wconf 83' lang='lat' dir='ltr'><strong>pcenas</strong></span> <span class='ocrx_word' id='word_1_576' title='bbox 1708 4267 2008 4338; x_wconf 71' lang='lat' dir='ltr'><strong>iustissime</strong></span> 
     </span>
    </p>
   </div>
   <div class='ocr_carea' id='block_1_81' title="bbox 2114 4256 3685 4338">
    <p class='ocr_par' dir='ltr' id='par_1_81' title="bbox 2114 4256 3685 4334">
     <span class='ocr_line' id='line_1_81' title="bbox 2114 4256 3685 4334; baseline 0.005 -25"><span class='ocrx_word' id='word_1_577' title='bbox 2114 4256 2484 4328; x_wconf 81' lang='grc' dir='ltr'>πολυτρόπως,</span> <span class='ocrx_word' id='word_1_578' title='bbox 2514 4257 2754 4329; x_wconf 68' lang='grc' dir='ltr'>ἐζήτησα</span> <span class='ocrx_word' id='word_1_579' title='bbox 2795 4257 2850 4311; x_wconf 88' lang='grc' dir='ltr'>δὲ</span> <span class='ocrx_word' id='word_1_580' title='bbox 2894 4259 2989 4313; x_wconf 78' lang='grc' dir='ltr'>καὶ</span> <span class='ocrx_word' id='word_1_581' title='bbox 3038 4258 3160 4315; x_wconf 85' lang='grc' dir='ltr'>λίαν</span> <span class='ocrx_word' id='word_1_582' title='bbox 3191 4260 3373 4331; x_wconf 80' lang='grc' dir='ltr'>ὀρθῶς</span> <span class='ocrx_word' id='word_1_583' title='bbox 3417 4262 3514 4334; x_wconf 84' lang='grc' dir='ltr'>τῆς</span> <span class='ocrx_word' id='word_1_584' title='bbox 3553 4262 3685 4317; x_wconf 79' lang='grc' dir='ltr'>ἁπο-</span> 
     </span>
    </p>
   </div>
   <div class='ocr_carea' id='block_1_82' title="bbox 423 4347 2010 4432">
    <p class='ocr_par' dir='ltr' id='par_1_82' title="bbox 423 4357 2003 4432">
     <span class='ocr_line' id='line_1_82' title="bbox 423 4357 2003 4432; baseline -0.003 -17"><span class='ocrx_word' id='word_1_585' title='bbox 423 4361 705 4432; x_wconf 86' lang='lat' dir='ltr'><strong>rep0posci</strong></span> <span class='ocrx_word' id='word_1_586' title='bbox 738 4360 904 4430; x_wconf 87' lang='lat' dir='ltr'><strong>(ultus</strong></span> <span class='ocrx_word' id='word_1_587' title='bbox 940 4374 1059 4415; x_wconf 90' lang='lat' dir='ltr'><strong>sum</strong></span> <span class='ocrx_word' id='word_1_588' title='bbox 1091 4359 1235 4414; x_wconf 91' lang='lat' dir='ltr'><strong>enim</strong></span> <span class='ocrx_word' id='word_1_589' title='bbox 1281 4374 1445 4429; x_wconf 87' lang='lat' dir='ltr'><strong>super</strong></span> <span class='ocrx_word' id='word_1_590' title='bbox 1482 4373 1603 4413; x_wconf 90' lang='lat' dir='ltr'><strong>eam</strong></span> <span class='ocrx_word' id='word_1_591' title='bbox 1627 4359 1744 4414; x_wconf 86' lang='lat' dir='ltr'><strong>dies</strong></span> <span class='ocrx_word' id='word_1_592' title='bbox 1770 4357 2003 4421; x_wconf 84' lang='lat' dir='ltr'><strong>Baalim,</strong></span> 
     </span>
    </p>
   </div>
   <div class='ocr_carea' id='block_1_83' title="bbox 2114 4347 3683 4432">
    <p class='ocr_par' dir='ltr' id='par_1_83' title="bbox 2114 4347 3683 4426">
     <span class='ocr_line' id='line_1_83' title="bbox 2114 4347 3683 4426; baseline 0.006 -25"><span class='ocrx_word' id='word_1_593' title='bbox 2114 4347 2337 4411; x_wconf 85' lang='grc' dir='ltr'>στασίας</span> <span class='ocrx_word' id='word_1_594' title='bbox 2366 4347 2465 4411; x_wconf 83' lang='grc' dir='ltr'>τὰς</span> <span class='ocrx_word' id='word_1_595' title='bbox 2512 4348 2666 4413; x_wconf 79' lang='grc' dir='ltr'>δίκας</span> <span class='ocrx_word' id='word_1_596' title='bbox 2711 4349 3067 4422; x_wconf 78' lang='grc' dir='ltr'>,(ὲκδεδίκηκα</span> <span class='ocrx_word' id='word_1_597' title='bbox 3108 4353 3218 4424; x_wconf 78' lang='grc' dir='ltr'><strong>γὰρ</strong></span> <span class='ocrx_word' id='word_1_598' title='bbox 3246 4353 3335 4408; x_wconf 75' lang='grc' dir='ltr'><strong>ἐπ’</strong></span> <span class='ocrx_word' id='word_1_599' title='bbox 3383 4355 3554 4426; x_wconf 73' lang='grc' dir='ltr'>αὐτὴν</span> <span class='ocrx_word' id='word_1_600' title='bbox 3586 4355 3683 4420; x_wconf 79' lang='grc' dir='ltr'>τὰς</span> 
     </span>
    </p>
   </div>
   <div class='ocr_carea' id='block_1_84' title="bbox 423 4439 2010 4523">
    <p class='ocr_par' dir='ltr' id='par_1_84' title="bbox 423 4450 2005 4523">
     <span class='ocr_line' id='line_1_84' title="bbox 423 4450 2005 4523; baseline -0.003 -15"><span class='ocrx_word' id='word_1_601' title='bbox 423 4469 479 4508; x_wconf 78' lang='lat' dir='ltr'><strong>et</strong></span> <span class='ocrx_word' id='word_1_602' title='bbox 523 4453 871 4520; x_wconf 85' lang='lat' dir='ltr'><strong>proportione</strong></span> <span class='ocrx_word' id='word_1_603' title='bbox 910 4450 1229 4506; x_wconf 88' lang='lat' dir='ltr'><strong>delictorum</strong></span> <span class='ocrx_word' id='word_1_604' title='bbox 1262 4451 1465 4523; x_wconf 74' lang='lat' dir='ltr'><strong>szevii);</strong></span> <span class='ocrx_word' id='word_1_605' title='bbox 1492 4450 1613 4505; x_wconf 87' lang='lat' dir='ltr'><strong>ideo</strong></span> <span class='ocrx_word' id='word_1_606' title='bbox 1651 4451 1703 4503; x_wconf 92' lang='lat' dir='ltr'><strong>in</strong></span> <span class='ocrx_word' id='word_1_607' title='bbox 1732 4459 2005 4517; x_wconf 89' lang='lat' dir='ltr'><strong>posterum</strong></span> 
     </span>
    </p>
   </div>
   <div class='ocr_carea' id='block_1_85' title="bbox 2114 4439 3683 4523">
    <p class='ocr_par' dir='ltr' id='par_1_85' title="bbox 2114 4439 3683 4519">
     <span class='ocr_line' id='line_1_85' title="bbox 2114 4439 3683 4519; baseline 0.004 -25"><span class='ocrx_word' id='word_1_608' title='bbox 2114 4439 2322 4513; x_wconf 68' lang='grc' dir='ltr'>ἡμέρας</span> <span class='ocrx_word' id='word_1_609' title='bbox 2346 4439 2454 4494; x_wconf 86' lang='grc' dir='ltr'><strong>τῶν</strong></span> <span class='ocrx_word' id='word_1_610' title='bbox 2486 4439 2747 4513; x_wconf 77' lang='grc' dir='ltr'>Βααλεὶμ,</span> <span class='ocrx_word' id='word_1_611' title='bbox 2790 4442 2887 4496; x_wconf 77' lang='grc' dir='ltr'><strong>καὶ</strong></span> <span class='ocrx_word' id='word_1_612' title='bbox 2918 4444 3146 4517; x_wconf 79' lang='grc' dir='ltr'>ἰσοπαλῆ</span> <span class='ocrx_word' id='word_1_613' title='bbox 3192 4447 3305 4509; x_wconf 84' lang='grc' dir='ltr'>τοῖς</span> <span class='ocrx_word' id='word_1_614' title='bbox 3348 4446 3683 4519; x_wconf 86' lang='grc' dir='ltr'>πταίσμασιν</span> 
     </span>
    </p>
   </div>
   <div class='ocr_carea' id='block_1_86' title="bbox 422 4533 2010 4609">
    <p class='ocr_par' dir='ltr' id='par_1_86' title="bbox 422 4541 2005 4609">
     <span class='ocr_line' id='line_1_86' title="bbox 422 4541 2005 4609; baseline 0.001 -15"><span class='ocrx_word' id='word_1_615' title='bbox 422 4543 490 4596; x_wconf 81' lang='lat' dir='ltr'><strong>ad</strong></span> <span class='ocrx_word' id='word_1_616' title='bbox 534 4542 961 4596; x_wconf 83' lang='lat' dir='ltr'><strong>misericordiam</strong></span> <span class='ocrx_word' id='word_1_617' title='bbox 1003 4557 1090 4597; x_wconf 87' lang='lat' dir='ltr'><strong>me</strong></span> <span class='ocrx_word' id='word_1_618' title='bbox 1127 4543 1377 4609; x_wconf 85' lang='lat' dir='ltr'><strong>dabo,et</strong></span> <span class='ocrx_word' id='word_1_619' title='bbox 1413 4557 1532 4597; x_wconf 86' lang='lat' dir='ltr'><strong>eam</strong></span> <span class='ocrx_word' id='word_1_620' title='bbox 1578 4544 1643 4595; x_wconf 88' lang='lat' dir='ltr'><strong>ad</strong></span> <span class='ocrx_word' id='word_1_621' title='bbox 1684 4541 1926 4609; x_wconf 87' lang='lat' dir='ltr'><strong>meliora,</strong></span> <span class='ocrx_word' id='word_1_622' title='bbox 1951 4551 2005 4596; x_wconf 89' lang='lat' dir='ltr'><strong>et</strong></span> 
     </span>
    </p>
   </div>
   <div class='ocr_carea' id='block_1_87' title="bbox 2114 4533 3682 4609">
    <p class='ocr_par' dir='ltr' id='par_1_87' title="bbox 2114 4533 3682 4608">
     <span class='ocr_line' id='line_1_87' title="bbox 2114 4533 3682 4608; baseline 0.006 -22"><span class='ocrx_word' id='word_1_623' title='bbox 2114 4534 2410 4604; x_wconf 77' lang='grc' dir='ltr'>ὲπενήνοχα</span> <span class='ocrx_word' id='word_1_624' title='bbox 2440 4533 2538 4603; x_wconf 80' lang='grc' dir='ltr'>τὴν</span> <span class='ocrx_word' id='word_1_625' title='bbox 2575 4533 2790 4607; x_wconf 82' lang='grc' dir='ltr'><strong>ὀργήν)·</strong></span> <span class='ocrx_word' id='word_1_626' title='bbox 2820 4535 2989 4608; x_wconf 73' lang='grc' dir='ltr'>ταύτῃ</span> <span class='ocrx_word' id='word_1_627' title='bbox 3035 4554 3117 4591; x_wconf 87' lang='grc' dir='ltr'><strong>τοι</strong></span> <span class='ocrx_word' id='word_1_628' title='bbox 3157 4536 3342 4595; x_wconf 79' lang='grc' dir='ltr'>λοιπὸν</span> <span class='ocrx_word' id='word_1_629' title='bbox 3382 4541 3461 4603; x_wconf 87' lang='grc' dir='ltr'><strong>εἰς</strong></span> <span class='ocrx_word' id='word_1_630' title='bbox 3506 4540 3682 4595; x_wconf 82' lang='grc' dir='ltr'>ἔλαιον</span> 
     </span>
    </p>
   </div>
   <div class='ocr_carea' id='block_1_88' title="bbox 420 4626 2010 4719">
    <p class='ocr_par' dir='ltr' id='par_1_88' title="bbox 420 4631 1996 4703">
     <span class='ocr_line' id='line_1_88' title="bbox 420 4631 1996 4703; baseline -0.001 -15"><span class='ocrx_word' id='word_1_631' title='bbox 420 4637 488 4688; x_wconf 82' lang='lat' dir='ltr'><strong>ad</strong></span> <span class='ocrx_word' id='word_1_632' title='bbox 531 4636 840 4689; x_wconf 83' lang='lat' dir='ltr'><strong>facultatem</strong></span> <span class='ocrx_word' id='word_1_633' title='bbox 886 4649 950 4689; x_wconf 84' lang='lat' dir='ltr'><strong>ea</strong></span> <span class='ocrx_word' id='word_1_634' title='bbox 1008 4634 1321 4703; x_wconf 69' lang='lat' dir='ltr'><strong>praestandi,</strong></span> <span class='ocrx_word' id='word_1_635' title='bbox 1371 4649 1467 4701; x_wconf 88' lang='lat' dir='ltr'><strong>per</strong></span> <span class='ocrx_word' id='word_1_636' title='bbox 1508 4648 1629 4703; x_wconf 67' lang='lat' dir='ltr'><strong>quae</strong></span> <span class='ocrx_word' id='word_1_637' title='bbox 1677 4631 1788 4688; x_wconf 91' lang='lat' dir='ltr'><strong>Deo</strong></span> <span class='ocrx_word' id='word_1_638' title='bbox 1846 4642 1996 4703; x_wconf 80' lang='lat' dir='ltr'><strong>grata</strong></span> 
     </span>
    </p>
   </div>
   <div class='ocr_carea' id='block_1_89' title="bbox 2114 4626 3681 4719">
    <p class='ocr_par' dir='ltr' id='par_1_89' title="bbox 2114 4626 3681 4704">
     <span class='ocr_line' id='line_1_89' title="bbox 2114 4626 3681 4704; baseline 0.009 -28"><span class='ocrx_word' id='word_1_639' title='bbox 2114 4626 2542 4696; x_wconf 79' lang='grc' dir='ltr'>μεταστήσομαι,</span> <span class='ocrx_word' id='word_1_640' title='bbox 2572 4626 2828 4700; x_wconf 78' lang='grc' dir='ltr'>καὶπρὸς</span> <span class='ocrx_word' id='word_1_641' title='bbox 2848 4628 2909 4680; x_wconf 85' lang='grc' dir='ltr'><strong>τὸ</strong></span> <span class='ocrx_word' id='word_1_642' title='bbox 2932 4628 3155 4697; x_wconf 77' lang='grc' dir='ltr'>ἄμεινον</span> <span class='ocrx_word' id='word_1_643' title='bbox 3181 4631 3519 4703; x_wconf 85' lang='grc' dir='ltr'>μετακομιῶ,</span> <span class='ocrx_word' id='word_1_644' title='bbox 3544 4631 3681 4704; x_wconf 84' lang='grc' dir='ltr'>πρός</span> 
     </span>
    </p>
   </div>
   <div class='ocr_carea' id='block_1_90' title="bbox 418 4712 2010 4796">
    <p class='ocr_par' dir='ltr' id='par_1_90' title="bbox 418 4725 1996 4796">
     <span class='ocr_line' id='line_1_90' title="bbox 418 4725 1996 4796; baseline -0.001 -16"><span class='ocrx_word' id='word_1_645' title='bbox 418 4729 647 4780; x_wconf 80' lang='lat' dir='ltr'><strong>evadere</strong></span> <span class='ocrx_word' id='word_1_646' title='bbox 682 4736 867 4796; x_wconf 79' lang='lat' dir='ltr'><strong>queat,</strong></span> <span class='ocrx_word' id='word_1_647' title='bbox 907 4726 1255 4781; x_wconf 78' lang='lat' dir='ltr'><strong>transferam.</strong></span> <span class='ocrx_word' id='word_1_648' title='bbox 1290 4726 1426 4792; x_wconf 81' lang='lat' dir='ltr'><strong>Quis</strong></span> <span class='ocrx_word' id='word_1_649' title='bbox 1462 4740 1611 4795; x_wconf 78' lang='lat' dir='ltr'><strong>ergo,</strong></span> <span class='ocrx_word' id='word_1_650' title='bbox 1658 4725 1851 4792; x_wconf 86' lang='lat' dir='ltr'><strong>inquit,</strong></span> <span class='ocrx_word' id='word_1_651' title='bbox 1882 4739 1996 4779; x_wconf 87' lang='lat' dir='ltr'><strong>mo-</strong></span> 
     </span>
    </p>
   </div>
   <div class='ocr_carea' id='block_1_91' title="bbox 2114 4712 3675 4796">
    <p class='ocr_par' dir='ltr' id='par_1_91' title="bbox 2114 4712 3675 4796">
     <span class='ocr_line' id='line_1_91' title="bbox 2114 4712 3675 4796; baseline 0.007 -30"><span class='ocrx_word' id='word_1_652' title='bbox 2114 4733 2158 4773; x_wconf 67' lang='grc' dir='ltr'><strong>τε</strong></span> <span class='ocrx_word' id='word_1_653' title='bbox 2178 4716 2238 4769; x_wconf 83' lang='grc' dir='ltr'><strong>τὸ</strong></span> <span class='ocrx_word' id='word_1_654' title='bbox 2256 4713 2514 4773; x_wconf 80' lang='grc' dir='ltr'>δύνασθαι</span> <span class='ocrx_word' id='word_1_655' title='bbox 2538 4715 2777 4789; x_wconf 79' lang='grc' dir='ltr'>πληροῦν</span> <span class='ocrx_word' id='word_1_656' title='bbox 2800 4717 2870 4771; x_wconf 84' lang='grc' dir='ltr'><strong>τὰ</strong></span> <span class='ocrx_word' id='word_1_657' title='bbox 2893 4719 2959 4771; x_wconf 75' lang='grc' dir='ltr'>δι’</span> <span class='ocrx_word' id='word_1_658' title='bbox 2982 4712 3058 4773; x_wconf 85' lang='grc' dir='ltr'>ὧν</span> <span class='ocrx_word' id='word_1_659' title='bbox 3082 4718 3147 4775; x_wconf 83' lang='grc' dir='ltr'>ἂν</span> <span class='ocrx_word' id='word_1_660' title='bbox 3168 4721 3375 4789; x_wconf 79' lang='grc' dir='ltr'>γένοιτο</span> <span class='ocrx_word' id='word_1_661' title='bbox 3400 4721 3675 4796; x_wconf 79' lang='grc' dir='ltr'>θεοφιλής.</span> 
     </span>
    </p>
   </div>
   <div class='ocr_carea' id='block_1_92' title="bbox 338 4805 2010 4889">
    <p class='ocr_par' dir='ltr' id='par_1_92' title="bbox 338 4811 1988 4888">
     <span class='ocr_line' id='line_1_92' title="bbox 338 4811 1988 4888; baseline -0.003 -19"><span class='ocrx_word' id='word_1_662' title='bbox 338 4884 342 4888; x_wconf 17' lang='grc' dir='ltr'><strong>Α</strong></span> <span class='ocrx_word' id='word_1_663' title='bbox 418 4816 518 4871; x_wconf 84' lang='lat' dir='ltr'><strong>dus</strong></span> <span class='ocrx_word' id='word_1_664' title='bbox 542 4819 647 4870; x_wconf 88' lang='lat' dir='ltr'><strong>erit</strong></span> <span class='ocrx_word' id='word_1_665' title='bbox 691 4814 1044 4870; x_wconf 76' lang='lat' dir='ltr'><strong>sanationis?</strong></span> <span class='ocrx_word' id='word_1_666' title='bbox 1096 4832 1115 4865; x_wconf 81' lang='grc' dir='ltr'><strong>ι</strong></span> <span class='ocrx_word' id='word_1_667' title='bbox 1161 4814 1300 4869; x_wconf 85' lang='lat' dir='ltr'><strong>Ecce</strong></span> <span class='ocrx_word' id='word_1_668' title='bbox 1334 4829 1434 4884; x_wconf 74' lang='lat' dir='ltr'><strong>ego</strong></span> <span class='ocrx_word' id='word_1_669' title='bbox 1478 4815 1681 4868; x_wconf 87' lang='lat' dir='ltr'><strong>seduco</strong></span> <span class='ocrx_word' id='word_1_670' title='bbox 1729 4811 1878 4867; x_wconf 88' lang='lat' dir='ltr'><strong>illam</strong></span> <span class='ocrx_word' id='word_1_671' title='bbox 1915 4829 1929 4867; x_wconf 90' lang='lat'><strong>:</strong></span> <span class='ocrx_word' id='word_1_672' title='bbox 1969 4829 1988 4864; x_wconf 75' lang='grc' dir='ltr'><strong>ι</strong></span> 
     </span>
    </p>
   </div>
   <div class='ocr_carea' id='block_1_93' title="bbox 2114 4805 3676 4889">
    <p class='ocr_par' dir='ltr' id='par_1_93' title="bbox 2114 4805 3676 4889">
     <span class='ocr_line' id='line_1_93' title="bbox 2114 4805 3676 4889; baseline 0.006 -27"><span class='ocrx_word' id='word_1_673' title='bbox 2114 4809 2193 4872; x_wconf 88' lang='grc' dir='ltr'>Γίς</span> <span class='ocrx_word' id='word_1_674' title='bbox 2219 4809 2283 4881; x_wconf 83' lang='grc' dir='ltr'>δὴ</span> <span class='ocrx_word' id='word_1_675' title='bbox 2310 4805 2404 4864; x_wconf 83' lang='grc' dir='ltr'><strong>οὗν</strong></span> <span class='ocrx_word' id='word_1_676' title='bbox 2434 4809 2562 4882; x_wconf 78' lang='grc' dir='ltr'>ἄρα,</span> <span class='ocrx_word' id='word_1_677' title='bbox 2591 4810 2776 4881; x_wconf 77' lang='grc' dir='ltr'>φησὶν,</span> <span class='ocrx_word' id='word_1_678' title='bbox 2809 4811 2838 4862; x_wconf 85' lang='grc' dir='ltr'>ὁ</span> <span class='ocrx_word' id='word_1_679' title='bbox 2865 4808 2964 4881; x_wconf 78' lang='grc' dir='ltr'>τῆς</span> <span class='ocrx_word' id='word_1_680' title='bbox 2990 4811 3230 4875; x_wconf 81' lang='grc' dir='ltr'>ἀκέσεως</span> <span class='ocrx_word' id='word_1_681' title='bbox 3259 4812 3411 4869; x_wconf 83' lang='grc' dir='ltr'>ἐσται</span> <span class='ocrx_word' id='word_1_682' title='bbox 3443 4815 3676 4889; x_wconf 83' lang='grc' dir='ltr'>τρόπος;</span> 
     </span>
    </p>
   </div>
   <div class='ocr_carea' id='block_1_94' title="bbox 416 4898 2010 4976">
    <p class='ocr_par' dir='ltr' id='par_1_94' title="bbox 416 4903 1992 4973">
     <span class='ocr_line' id='line_1_94' title="bbox 416 4903 1992 4973; baseline -0.002 -14"><span class='ocrx_word' id='word_1_683' title='bbox 416 4920 523 4959; x_wconf 88' lang='lat' dir='ltr'><strong>non</strong></span> <span class='ocrx_word' id='word_1_684' title='bbox 572 4921 704 4960; x_wconf 84' lang='lat' dir='ltr'><strong>sane</strong></span> <span class='ocrx_word' id='word_1_685' title='bbox 753 4906 822 4960; x_wconf 87' lang='lat' dir='ltr'><strong>ab</strong></span> <span class='ocrx_word' id='word_1_686' title='bbox 864 4920 930 4959; x_wconf 89' lang='lat' dir='ltr'><strong>eo</strong></span> <span class='ocrx_word' id='word_1_687' title='bbox 978 4904 1124 4973; x_wconf 84' lang='lat' dir='ltr'><strong>quod</strong></span> <span class='ocrx_word' id='word_1_688' title='bbox 1172 4905 1385 4959; x_wconf 68' lang='lat' dir='ltr'><strong>tuendae</strong></span> <span class='ocrx_word' id='word_1_689' title='bbox 1437 4905 1559 4958; x_wconf 75' lang='lat' dir='ltr'><strong>vita:</strong></span> <span class='ocrx_word' id='word_1_690' title='bbox 1627 4903 1992 4959; x_wconf 66' lang='lat' dir='ltr'><strong>necessarium</strong></span> 
     </span>
    </p>
   </div>
   <div class='ocr_carea' id='block_1_95' title="bbox 2114 4898 3679 4976">
    <p class='ocr_par' dir='ltr' id='par_1_95' title="bbox 2114 4898 3679 4976">
     <span class='ocr_line' id='line_1_95' title="bbox 2114 4898 3679 4976; baseline 0.005 -24"><span class='ocrx_word' id='word_1_691' title='bbox 2114 4917 2119 4952; x_wconf 75' lang='grc' dir='ltr'><strong>ι</strong></span> <span class='ocrx_word' id='word_1_692' title='bbox 2174 4900 2304 4957; x_wconf 79' lang='grc' dir='ltr'>Ἰδοὺ</span> <span class='ocrx_word' id='word_1_693' title='bbox 2334 4898 2445 4971; x_wconf 73' lang='grc' dir='ltr'><strong>ἐγὼ</strong></span> <span class='ocrx_word' id='word_1_694' title='bbox 2486 4898 2675 4953; x_wconf 86' lang='grc' dir='ltr'>πλανῶ</span> <span class='ocrx_word' id='word_1_695' title='bbox 2708 4899 2879 4972; x_wconf 78' lang='grc' dir='ltr'>αὑτήν</span> <span class='ocrx_word' id='word_1_696' title='bbox 2901 4914 2915 4929; x_wconf 77' lang='grc'><strong><em>⁸</em></strong></span> <span class='ocrx_word' id='word_1_697' title='bbox 2949 4919 2970 4953; x_wconf 76' lang='grc' dir='ltr'><strong>ι</strong></span> <span class='ocrx_word' id='word_1_698' title='bbox 3008 4902 3106 4956; x_wconf 80' lang='grc' dir='ltr'><strong>οὐκ</strong></span> <span class='ocrx_word' id='word_1_699' title='bbox 3143 4903 3250 4956; x_wconf 85' lang='grc' dir='ltr'>ἀπό</span> <span class='ocrx_word' id='word_1_700' title='bbox 3278 4920 3343 4973; x_wconf 82' lang='grc' dir='ltr'>γε</span> <span class='ocrx_word' id='word_1_701' title='bbox 3384 4904 3476 4963; x_wconf 83' lang='grc' dir='ltr'><strong>τοῦ</strong></span> <span class='ocrx_word' id='word_1_702' title='bbox 3510 4906 3679 4976; x_wconf 78' lang='grc' dir='ltr'>ἀναγ-</span> 
     </span>
    </p>
   </div>
   <div class='ocr_carea' id='block_1_96' title="bbox 412 4992 1992 5065">
    <p class='ocr_par' dir='ltr' id='par_1_96' title="bbox 412 4992 1992 5065">
     <span class='ocr_line' id='line_1_96' title="bbox 412 4992 1992 5065; baseline -0.001 -16"><span class='ocrx_word' id='word_1_703' title='bbox 412 5002 499 5049; x_wconf 84' lang='lat' dir='ltr'><strong>est</strong></span> <span class='ocrx_word' id='word_1_704' title='bbox 536 5004 699 5062; x_wconf 66' lang='lat' dir='ltr'><strong>atque</strong></span> <span class='ocrx_word' id='word_1_705' title='bbox 749 4995 898 5060; x_wconf 89' lang='lat' dir='ltr'><strong>utile,</strong></span> <span class='ocrx_word' id='word_1_706' title='bbox 927 5002 988 5047; x_wconf 91' lang='lat' dir='ltr'><strong>ut</strong></span> <span class='ocrx_word' id='word_1_707' title='bbox 1026 4994 1281 5061; x_wconf 83' lang='lat' dir='ltr'><strong>deinceps</strong></span> <span class='ocrx_word' id='word_1_708' title='bbox 1331 4993 1443 5049; x_wconf 84' lang='lat' dir='ltr'><strong>tale</strong></span> <span class='ocrx_word' id='word_1_709' title='bbox 1494 5008 1598 5047; x_wconf 90' lang='lat' dir='ltr'><strong>non</strong></span> <span class='ocrx_word' id='word_1_710' title='bbox 1624 4992 1732 5065; x_wconf 60' lang='lat'><strong>5.5</strong></span> <span class='ocrx_word' id='word_1_711' title='bbox 1772 4993 1992 5047; x_wconf 82' lang='lat' dir='ltr'><strong>sitzsed</strong></span> 
     </span>
    </p>
   </div>
   <div class='ocr_carea' id='block_1_97' title="bbox 413 5081 1990 5157">
    <p class='ocr_par' dir='ltr' id='par_1_97' title="bbox 413 5081 1990 5157">
     <span class='ocr_line' id='line_1_97' title="bbox 413 5081 1990 5157; baseline -0.002 -17"><span class='ocrx_word' id='word_1_712' title='bbox 413 5103 444 5140; x_wconf 89' lang='lat' dir='ltr'><strong>a</strong></span> <span class='ocrx_word' id='word_1_713' title='bbox 489 5087 756 5157; x_wconf 83' lang='lat' dir='ltr'><strong>turpibus,</strong></span> <span class='ocrx_word' id='word_1_714' title='bbox 784 5094 838 5139; x_wconf 89' lang='lat' dir='ltr'><strong>et</strong></span> <span class='ocrx_word' id='word_1_715' title='bbox 863 5099 1061 5143; x_wconf 88' lang='lat' dir='ltr'><strong>nocere</strong></span> <span class='ocrx_word' id='word_1_716' title='bbox 1101 5081 1278 5137; x_wconf 84' lang='lat' dir='ltr'><strong>solitis</strong></span> <span class='ocrx_word' id='word_1_717' title='bbox 1302 5085 1368 5137; x_wconf 86' lang='lat' dir='ltr'><strong>ad</strong></span> <span class='ocrx_word' id='word_1_718' title='bbox 1416 5084 1586 5137; x_wconf 87' lang='lat' dir='ltr'><strong>utilia.</strong></span> <span class='ocrx_word' id='word_1_719' title='bbox 1629 5085 1990 5149; x_wconf 73' lang='lat' dir='ltr'><strong>Quemadmo-</strong></span> 
     </span>
    </p>
   </div>
   <div class='ocr_carea' id='block_1_98' title="bbox 411 5175 1987 5242">
    <p class='ocr_par' dir='ltr' id='par_1_98' title="bbox 411 5175 1987 5242">
     <span class='ocr_line' id='line_1_98' title="bbox 411 5175 1987 5242; baseline -0.001 -11"><span class='ocrx_word' id='word_1_720' title='bbox 411 5178 537 5231; x_wconf 85' lang='lat' dir='ltr'><strong>dum</strong></span> <span class='ocrx_word' id='word_1_721' title='bbox 576 5177 719 5230; x_wconf 78' lang='lat' dir='ltr'><strong>eniut</strong></span> <span class='ocrx_word' id='word_1_722' title='bbox 756 5192 785 5229; x_wconf 89' lang='lat' dir='ltr'><strong>a</strong></span> <span class='ocrx_word' id='word_1_723' title='bbox 826 5175 1026 5229; x_wconf 84' lang='lat' dir='ltr'><strong>virtute</strong></span> <span class='ocrx_word' id='word_1_724' title='bbox 1055 5176 1120 5229; x_wconf 82' lang='lat' dir='ltr'><strong>ad</strong></span> <span class='ocrx_word' id='word_1_725' title='bbox 1169 5177 1296 5231; x_wconf 82' lang='lat' dir='ltr'><strong>vitia</strong></span> <span class='ocrx_word' id='word_1_726' title='bbox 1333 5175 1610 5231; x_wconf 84' lang='lat' dir='ltr'><strong>seducitur</strong></span> <span class='ocrx_word' id='word_1_727' title='bbox 1659 5176 1870 5242; x_wconf 85' lang='lat' dir='ltr'><strong>anima;</strong></span> <span class='ocrx_word' id='word_1_728' title='bbox 1914 5176 1987 5229; x_wconf 86' lang='lat' dir='ltr'><strong>ita</strong></span> 
     </span>
    </p>
   </div>
   <div class='ocr_carea' id='block_1_99' title="bbox 411 5266 1985 5335">
    <p class='ocr_par' dir='ltr' id='par_1_99' title="bbox 411 5266 1985 5335">
     <span class='ocr_line' id='line_1_99' title="bbox 411 5266 1985 5335; baseline 0 -14"><span class='ocrx_word' id='word_1_729' title='bbox 411 5280 492 5330; x_wconf 89' lang='lat' dir='ltr'><strong>ut,</strong></span> <span class='ocrx_word' id='word_1_730' title='bbox 533 5268 793 5329; x_wconf 86' lang='lat' dir='ltr'><strong>arbitror,</strong></span> <span class='ocrx_word' id='word_1_731' title='bbox 844 5283 874 5320; x_wconf 92' lang='lat' dir='ltr'><strong>a</strong></span> <span class='ocrx_word' id='word_1_732' title='bbox 924 5266 1166 5320; x_wconf 88' lang='lat' dir='ltr'><strong>moribus</strong></span> <span class='ocrx_word' id='word_1_733' title='bbox 1208 5267 1482 5335; x_wconf 87' lang='lat' dir='ltr'><strong>perversis</strong></span> <span class='ocrx_word' id='word_1_734' title='bbox 1524 5269 1673 5322; x_wconf 83' lang='lat' dir='ltr'><strong>velut</strong></span> <span class='ocrx_word' id='word_1_735' title='bbox 1713 5276 1985 5335; x_wconf 71' lang='lat' dir='ltr'><strong>retmgre-</strong></span> 
     </span>
    </p>
   </div>
   <div class='ocr_carea' id='block_1_100' title="bbox 407 5359 1986 5428">
    <p class='ocr_par' dir='ltr' id='par_1_100' title="bbox 407 5359 1986 5428">
     <span class='ocr_line' id='line_1_100' title="bbox 407 5359 1986 5428; baseline 0.001 -17"><span class='ocrx_word' id='word_1_736' title='bbox 407 5362 584 5423; x_wconf 70' lang='lat' dir='ltr'><strong>tlieus,</strong></span> <span class='ocrx_word' id='word_1_737' title='bbox 614 5360 834 5412; x_wconf 81' lang='lat' dir='ltr'><strong>seducta</strong></span> <span class='ocrx_word' id='word_1_738' title='bbox 867 5362 1254 5427; x_wconf 85' lang='lat' dir='ltr'><strong>propemodum</strong></span> <span class='ocrx_word' id='word_1_739' title='bbox 1313 5359 1478 5414; x_wconf 83' lang='lat' dir='ltr'><strong>videri</strong></span> <span class='ocrx_word' id='word_1_740' title='bbox 1522 5368 1702 5428; x_wconf 86' lang='lat' dir='ltr'><strong>queat,</strong></span> <span class='ocrx_word' id='word_1_741' title='bbox 1740 5377 1771 5414; x_wconf 86' lang='lat' dir='ltr'><strong>e</strong></span> <span class='ocrx_word' id='word_1_742' title='bbox 1822 5373 1986 5427; x_wconf 86' lang='lat' dir='ltr'><strong>scopo</strong></span> 
     </span>
    </p>
   </div>
   <div class='ocr_carea' id='block_1_101' title="bbox 404 5452 1985 5521">
    <p class='ocr_par' dir='ltr' id='par_1_101' title="bbox 404 5452 1985 5521">
     <span class='ocr_line' id='line_1_101' title="bbox 404 5452 1985 5521; baseline -0.001 -16"><span class='ocrx_word' id='word_1_743' title='bbox 404 5465 504 5505; x_wconf 86' lang='lat' dir='ltr'><strong>suo</strong></span> <span class='ocrx_word' id='word_1_744' title='bbox 556 5454 789 5514; x_wconf 73' lang='lat' dir='ltr'><strong>detorta,</strong></span> <span class='ocrx_word' id='word_1_745' title='bbox 819 5462 874 5504; x_wconf 92' lang='lat' dir='ltr'><strong>et</strong></span> <span class='ocrx_word' id='word_1_746' title='bbox 910 5452 1181 5519; x_wconf 81' lang='lat' dir='ltr'><strong>proposita</strong></span> <span class='ocrx_word' id='word_1_747' title='bbox 1212 5454 1404 5507; x_wconf 86' lang='lat' dir='ltr'><strong>semita</strong></span> <span class='ocrx_word' id='word_1_748' title='bbox 1457 5468 1562 5507; x_wconf 90' lang='lat' dir='ltr'><strong>non</strong></span> <span class='ocrx_word' id='word_1_749' title='bbox 1594 5453 1829 5521; x_wconf 86' lang='lat' dir='ltr'><strong>amplius</strong></span> <span class='ocrx_word' id='word_1_750' title='bbox 1857 5468 1985 5506; x_wconf 84' lang='lat' dir='ltr'><strong>cur-</strong></span> 
     </span>
    </p>
   </div>
   <div class='ocr_carea' id='block_1_102' title="bbox 404 5542 1983 5614">
    <p class='ocr_par' dir='ltr' id='par_1_102' title="bbox 404 5542 1983 5614">
     <span class='ocr_line' id='line_1_102' title="bbox 404 5542 1983 5614; baseline 0.002 -20"><span class='ocrx_word' id='word_1_751' title='bbox 404 5557 553 5595; x_wconf 87' lang='lat' dir='ltr'><strong>rens.</strong></span> <span class='ocrx_word' id='word_1_752' title='bbox 601 5542 669 5595; x_wconf 83' lang='lat' dir='ltr'><strong>Et</strong></span> <span class='ocrx_word' id='word_1_753' title='bbox 708 5544 849 5595; x_wconf 87' lang='lat' dir='ltr'><strong>sicut</strong></span> <span class='ocrx_word' id='word_1_754' title='bbox 894 5542 1012 5610; x_wconf 80' lang='lat' dir='ltr'><strong>ejus</strong></span> <span class='ocrx_word' id='word_1_755' title='bbox 1042 5543 1143 5599; x_wconf 80' lang='lat' dir='ltr'><strong>via:</strong></span> <span class='ocrx_word' id='word_1_756' title='bbox 1169 5544 1373 5598; x_wconf 85' lang='lat' dir='ltr'><strong>utiliter</strong></span> <span class='ocrx_word' id='word_1_757' title='bbox 1422 5546 1559 5614; x_wconf 89' lang='lat' dir='ltr'><strong>palis</strong></span> <span class='ocrx_word' id='word_1_758' title='bbox 1609 5546 1983 5614; x_wconf 83' lang='lat' dir='ltr'><strong>impedieban-</strong></span> 
     </span>
    </p>
   </div>
   <div class='ocr_carea' id='block_1_103' title="bbox 403 5634 1985 5707">
    <p class='ocr_par' dir='ltr' id='par_1_103' title="bbox 403 5634 1985 5707">
     <span class='ocr_line' id='line_1_103' title="bbox 403 5634 1985 5707; baseline 0.001 -16"><span class='ocrx_word' id='word_1_759' title='bbox 403 5634 511 5700; x_wconf 76' lang='lat' dir='ltr'><strong>tui&#39;,</strong></span> <span class='ocrx_word' id='word_1_760' title='bbox 567 5651 634 5689; x_wconf 90' lang='lat' dir='ltr'><strong>ne</strong></span> <span class='ocrx_word' id='word_1_761' title='bbox 687 5647 956 5689; x_wconf 69' lang='lat' dir='ltr'><strong>urinatores</strong></span> <span class='ocrx_word' id='word_1_762' title='bbox 996 5651 1122 5691; x_wconf 86' lang='lat' dir='ltr'><strong>suos</strong></span> <span class='ocrx_word' id='word_1_763' title='bbox 1171 5640 1698 5707; x_wconf 87' lang='lat' dir='ltr'><strong>assequeretur:ita</strong></span> <span class='ocrx_word' id='word_1_764' title='bbox 1746 5647 1802 5692; x_wconf 88' lang='lat' dir='ltr'><strong>et</strong></span> <span class='ocrx_word' id='word_1_765' title='bbox 1843 5654 1985 5693; x_wconf 81' lang='lat' dir='ltr'><strong>nunc</strong></span> 
     </span>
    </p>
   </div>
   <div class='ocr_carea' id='block_1_104' title="bbox 402 5728 1985 5796">
    <p class='ocr_par' dir='ltr' id='par_1_104' title="bbox 402 5728 1985 5796">
     <span class='ocr_line' id='line_1_104' title="bbox 402 5728 1985 5796; baseline 0.006 -20"><span class='ocrx_word' id='word_1_766' title='bbox 402 5728 566 5780; x_wconf 85' lang='lat' dir='ltr'><strong>veluti</strong></span> <span class='ocrx_word' id='word_1_767' title='bbox 621 5742 717 5795; x_wconf 91' lang='lat' dir='ltr'><strong>per</strong></span> <span class='ocrx_word' id='word_1_768' title='bbox 743 5743 978 5795; x_wconf 66' lang='lat' dir='ltr'><strong>praeceps</strong></span> <span class='ocrx_word' id='word_1_769' title='bbox 1009 5730 1059 5781; x_wconf 91' lang='lat' dir='ltr'><strong>in</strong></span> <span class='ocrx_word' id='word_1_770' title='bbox 1095 5729 1388 5796; x_wconf 87' lang='lat' dir='ltr'><strong>perniciem</strong></span> <span class='ocrx_word' id='word_1_771' title='bbox 1447 5743 1497 5785; x_wconf 90' lang='lat' dir='ltr'><strong>et</strong></span> <span class='ocrx_word' id='word_1_772' title='bbox 1536 5732 1759 5785; x_wconf 80' lang='lat' dir='ltr'><strong>exitium</strong></span> <span class='ocrx_word' id='word_1_773' title='bbox 1797 5746 1985 5785; x_wconf 86' lang='lat' dir='ltr'><strong>errare</strong></span> 
     </span>
    </p>
   </div>
   <div class='ocr_carea' id='block_1_105' title="bbox 402 5818 1984 5881">
    <p class='ocr_par' dir='ltr' id='par_1_105' title="bbox 402 5818 1984 5881">
     <span class='ocr_line' id='line_1_105' title="bbox 402 5818 1984 5881; baseline 0.004 -12"><span class='ocrx_word' id='word_1_774' title='bbox 402 5818 633 5881; x_wconf 79' lang='lat' dir='ltr'><strong>videtur,</strong></span> <span class='ocrx_word' id='word_1_775' title='bbox 664 5819 729 5871; x_wconf 80' lang='lat' dir='ltr'><strong>ad</strong></span> <span class='ocrx_word' id='word_1_776' title='bbox 778 5834 1019 5872; x_wconf 71' lang='lat' dir='ltr'><strong>altiorem</strong></span> <span class='ocrx_word' id='word_1_777' title='bbox 1074 5821 1285 5876; x_wconf 85' lang='lat' dir='ltr'><strong>virtutis</strong></span> <span class='ocrx_word' id='word_1_778' title='bbox 1328 5819 1438 5875; x_wconf 91' lang='lat' dir='ltr'><strong>Deo</strong></span> <span class='ocrx_word' id='word_1_779' title='bbox 1474 5820 1765 5876; x_wconf 85' lang='lat' dir='ltr'><strong>miserante</strong></span> <span class='ocrx_word' id='word_1_780' title='bbox 1806 5835 1984 5876; x_wconf 79' lang='lat' dir='ltr'><strong>trans-</strong></span> 
     </span>
    </p>
   </div>
   <div class='ocr_carea' id='block_1_106' title="bbox 400 5905 1978 5978">
    <p class='ocr_par' dir='ltr' id='par_1_106' title="bbox 400 5905 1978 5978">
     <span class='ocr_line' id='line_1_106' title="bbox 400 5905 1978 5978; baseline 0.001 -14"><span class='ocrx_word' id='word_1_781' title='bbox 400 5905 531 5970; x_wconf 65' lang='lat' dir='ltr'><strong>lata,</strong></span> <span class='ocrx_word' id='word_1_782' title='bbox 567 5918 618 5958; x_wconf 88' lang='lat' dir='ltr'><strong>ct</strong></span> <span class='ocrx_word' id='word_1_783' title='bbox 655 5923 776 5961; x_wconf 72' lang='lat' dir='ltr'><strong>vera</strong></span> <span class='ocrx_word' id='word_1_784' title='bbox 824 5908 914 5962; x_wconf 85' lang='lat' dir='ltr'><strong>Dei</strong></span> <span class='ocrx_word' id='word_1_785' title='bbox 947 5909 1255 5978; x_wconf 75' lang='lat' dir='ltr'><strong>cognitione</strong></span> <span class='ocrx_word' id='word_1_786' title='bbox 1281 5910 1333 5963; x_wconf 86' lang='lat' dir='ltr'><strong>in</strong></span> <span class='ocrx_word' id='word_1_787' title='bbox 1384 5910 1645 5976; x_wconf 86' lang='lat' dir='ltr'><strong>animum,</strong></span> <span class='ocrx_word' id='word_1_788' title='bbox 1675 5922 1729 5965; x_wconf 90' lang='lat' dir='ltr'><strong>et</strong></span> <span class='ocrx_word' id='word_1_789' title='bbox 1775 5912 1978 5965; x_wconf 88' lang='lat' dir='ltr'><strong>lumine</strong></span> 
     </span>
    </p>
   </div>
   <div class='ocr_carea' id='block_1_107' title="bbox 2093 4990 3676 5067">
    <p class='ocr_par' dir='ltr' id='par_1_107' title="bbox 2093 4990 3676 5067">
     <span class='ocr_line' id='line_1_107' title="bbox 2093 4990 3676 5067; baseline 0.003 -20"><span class='ocrx_word' id='word_1_790' title='bbox 2093 4990 2250 5047; x_wconf 84' lang='grc' dir='ltr'>καίου</span> <span class='ocrx_word' id='word_1_791' title='bbox 2285 4994 2381 5046; x_wconf 75' lang='grc' dir='ltr'><strong>καὶ</strong></span> <span class='ocrx_word' id='word_1_792' title='bbox 2434 4991 2709 5063; x_wconf 82' lang='grc' dir='ltr'>χρησίμου</span> <span class='ocrx_word' id='word_1_793' title='bbox 2748 4994 2884 5065; x_wconf 78' lang='grc' dir='ltr'>πρὸς</span> <span class='ocrx_word' id='word_1_794' title='bbox 2915 4993 3062 5066; x_wconf 76' lang='grc' dir='ltr'>ζωὴν</span> <span class='ocrx_word' id='word_1_795' title='bbox 3098 4994 3234 5066; x_wconf 76' lang='grc' dir='ltr'>πρὸς</span> <span class='ocrx_word' id='word_1_796' title='bbox 3270 4995 3330 5049; x_wconf 84' lang='grc' dir='ltr'><strong>τὸ</strong></span> <span class='ocrx_word' id='word_1_797' title='bbox 3379 4997 3456 5067; x_wconf 85' lang='grc' dir='ltr'>μὴ</span> <span class='ocrx_word' id='word_1_798' title='bbox 3501 4996 3676 5063; x_wconf 73' lang='grc' dir='ltr'>οὕτως</span> 
     </span>
    </p>
   </div>
   <div class='ocr_carea' id='block_1_108' title="bbox 2092 5082 3673 5164">
    <p class='ocr_par' dir='ltr' id='par_1_108' title="bbox 2092 5082 3673 5164">
     <span class='ocr_line' id='line_1_108' title="bbox 2092 5082 3673 5164; baseline 0.004 -27"><span class='ocrx_word' id='word_1_799' title='bbox 2092 5083 2237 5153; x_wconf 77' lang='grc' dir='ltr'>ἔχον,</span> <span class='ocrx_word' id='word_1_800' title='bbox 2265 5082 2383 5137; x_wconf 79' lang='grc' dir='ltr'>ἀλλ’</span> <span class='ocrx_word' id='word_1_801' title='bbox 2418 5084 2483 5137; x_wconf 81' lang='grc' dir='ltr'><strong>ὲκ</strong></span> <span class='ocrx_word' id='word_1_802' title='bbox 2512 5082 2620 5138; x_wconf 83' lang='grc' dir='ltr'>τῶν</span> <span class='ocrx_word' id='word_1_803' title='bbox 2665 5084 2951 5155; x_wconf 78' lang='grc' dir='ltr'>αἰσχιόνων</span> <span class='ocrx_word' id='word_1_804' title='bbox 2982 5085 3075 5139; x_wconf 77' lang='grc' dir='ltr'><strong>καὶ</strong></span> <span class='ocrx_word' id='word_1_805' title='bbox 3101 5085 3307 5141; x_wconf 83' lang='grc' dir='ltr'>ἀδικεῖν</span> <span class='ocrx_word' id='word_1_806' title='bbox 3348 5089 3673 5164; x_wconf 77' lang='grc' dir='ltr'>πεφυκότων</span> 
     </span>
    </p>
   </div>
   <div class='ocr_carea' id='block_1_109' title="bbox 2092 5173 3669 5251">
    <p class='ocr_par' dir='ltr' id='par_1_109' title="bbox 2092 5173 3669 5251">
     <span class='ocr_line' id='line_1_109' title="bbox 2092 5173 3669 5251; baseline 0.004 -23"><span class='ocrx_word' id='word_1_807' title='bbox 2092 5177 2184 5231; x_wconf 71' lang='grc' dir='ltr'><strong>ἐπὶ</strong></span> <span class='ocrx_word' id='word_1_808' title='bbox 2207 5174 2268 5228; x_wconf 83' lang='grc' dir='ltr'><strong>τὸ</strong></span> <span class='ocrx_word' id='word_1_809' title='bbox 2299 5173 2487 5229; x_wconf 86' lang='grc' dir='ltr'>τελοῦν</span> <span class='ocrx_word' id='word_1_810' title='bbox 2516 5176 2596 5238; x_wconf 87' lang='grc' dir='ltr'><strong>είς</strong></span> <span class='ocrx_word' id='word_1_811' title='bbox 2636 5175 2844 5248; x_wconf 72' lang='grc' dir='ltr'>ὄνησιν.</span> <span class='ocrx_word' id='word_1_812' title='bbox 2878 5175 3089 5247; x_wconf 84' lang='grc' dir='ltr'>’Ὥσπερ</span> <span class='ocrx_word' id='word_1_813' title='bbox 3122 5177 3230 5248; x_wconf 83' lang='grc' dir='ltr'><strong>γὰρ</strong></span> <span class='ocrx_word' id='word_1_814' title='bbox 3272 5178 3333 5244; x_wconf 79' lang='grc' dir='ltr'><strong>ἐξ</strong></span> <span class='ocrx_word' id='word_1_815' title='bbox 3361 5180 3561 5251; x_wconf 83' lang='grc' dir='ltr'>ἀρετῆς</span> <span class='ocrx_word' id='word_1_816' title='bbox 3591 5183 3669 5247; x_wconf 78' lang='grc' dir='ltr'><strong>είς</strong></span> 
     </span>
    </p>
   </div>
   <div class='ocr_carea' id='block_1_110' title="bbox 2091 5266 3669 5344">
    <p class='ocr_par' dir='ltr' id='par_1_110' title="bbox 2091 5266 3669 5344">
     <span class='ocr_line' id='line_1_110' title="bbox 2091 5266 3669 5344; baseline 0.003 -23"><span class='ocrx_word' id='word_1_817' title='bbox 2091 5267 2404 5339; x_wconf 85' lang='grc' dir='ltr'>φαυλότητα</span> <span class='ocrx_word' id='word_1_818' title='bbox 2421 5266 2688 5321; x_wconf 80' lang='grc' dir='ltr'>πλανᾶται</span> <span class='ocrx_word' id='word_1_819' title='bbox 2712 5266 2858 5338; x_wconf 81' lang='grc' dir='ltr'>ψυχή</span> <span class='ocrx_word' id='word_1_820' title='bbox 2882 5282 2898 5299; x_wconf 73' lang='grc' dir='ltr'><strong>ο</strong></span> <span class='ocrx_word' id='word_1_821' title='bbox 2932 5266 3022 5321; x_wconf 82' lang='grc' dir='ltr'>τὸν</span> <span class='ocrx_word' id='word_1_822' title='bbox 3048 5268 3233 5334; x_wconf 85' lang='grc' dir='ltr'>αὐτὸν,</span> <span class='ocrx_word' id='word_1_823' title='bbox 3264 5266 3440 5340; x_wconf 78' lang='grc' dir='ltr'>οἶμαι,</span> <span class='ocrx_word' id='word_1_824' title='bbox 3468 5273 3669 5344; x_wconf 80' lang='grc' dir='ltr'>τρόπον</span> 
     </span>
    </p>
   </div>
   <div class='ocr_carea' id='block_1_111' title="bbox 2088 5363 3666 5443">
    <p class='ocr_par' dir='ltr' id='par_1_111' title="bbox 2088 5363 3666 5443">
     <span class='ocr_line' id='line_1_111' title="bbox 2088 5363 3666 5443; baseline 0.008 -27"><span class='ocrx_word' id='word_1_825' title='bbox 2088 5365 2154 5417; x_wconf 83' lang='grc' dir='ltr'><strong>ὲκ</strong></span> <span class='ocrx_word' id='word_1_826' title='bbox 2181 5363 2293 5416; x_wconf 84' lang='grc' dir='ltr'><strong>τῶν</strong></span> <span class='ocrx_word' id='word_1_827' title='bbox 2320 5364 2420 5433; x_wconf 78' lang='grc' dir='ltr'>τῆς</span> <span class='ocrx_word' id='word_1_828' title='bbox 2442 5363 2772 5434; x_wconf 85' lang='grc' dir='ltr'>φαυλότητος</span> <span class='ocrx_word' id='word_1_829' title='bbox 2793 5364 3013 5435; x_wconf 75' lang='grc' dir='ltr'>τρόπων</span> <span class='ocrx_word' id='word_1_830' title='bbox 3037 5366 3227 5423; x_wconf 82' lang='grc' dir='ltr'>ἀνόπιν</span> <span class='ocrx_word' id='word_1_831' title='bbox 3270 5367 3459 5443; x_wconf 83' lang='grc' dir='ltr'>ὥσπερ</span> <span class='ocrx_word' id='word_1_832' title='bbox 3490 5371 3666 5440; x_wconf 71' lang='grc' dir='ltr'>ἰοῦσα,</span> 
     </span>
    </p>
   </div>
   <div class='ocr_carea' id='block_1_112' title="bbox 2091 5455 3665 5527">
    <p class='ocr_par' dir='ltr' id='par_1_112' title="bbox 2091 5455 3665 5527">
     <span class='ocr_line' id='line_1_112' title="bbox 2091 5455 3665 5527; baseline 0.008 -19"><span class='ocrx_word' id='word_1_833' title='bbox 2091 5457 2374 5527; x_wconf 80' lang='grc' dir='ltr'>μονονουχὶ</span> <span class='ocrx_word' id='word_1_834' title='bbox 2394 5456 2774 5526; x_wconf 79' lang='grc' dir='ltr'>πεπλανῆσθαι</span> <span class='ocrx_word' id='word_1_835' title='bbox 2803 5455 3003 5520; x_wconf 80' lang='grc' dir='ltr'>δόξειεν</span> <span class='ocrx_word' id='word_1_836' title='bbox 3044 5457 3133 5523; x_wconf 77' lang='grc' dir='ltr'>ἂν,</span> <span class='ocrx_word' id='word_1_837' title='bbox 3164 5459 3259 5518; x_wconf 86' lang='grc' dir='ltr'><strong>τοῦ</strong></span> <span class='ocrx_word' id='word_1_838' title='bbox 3298 5462 3426 5517; x_wconf 79' lang='grc' dir='ltr'>ἰδίου</span> <span class='ocrx_word' id='word_1_839' title='bbox 3458 5466 3665 5521; x_wconf 86' lang='grc' dir='ltr'>σκοποῦ</span> 
     </span>
    </p>
   </div>
   <div class='ocr_carea' id='block_1_113' title="bbox 2088 5547 3665 5626">
    <p class='ocr_par' dir='ltr' id='par_1_113' title="bbox 2088 5547 3665 5626">
     <span class='ocr_line' id='line_1_113' title="bbox 2088 5547 3665 5626; baseline 0.008 -26"><span class='ocrx_word' id='word_1_840' title='bbox 2088 5547 2562 5618; x_wconf 81' lang='grc' dir='ltr'>παρενηνεγμένη,</span> <span class='ocrx_word' id='word_1_841' title='bbox 2603 5548 2697 5601; x_wconf 75' lang='grc' dir='ltr'><strong>καὶ</strong></span> <span class='ocrx_word' id='word_1_842' title='bbox 2733 5547 2919 5618; x_wconf 76' lang='grc' dir='ltr'>τρίϐον</span> <span class='ocrx_word' id='word_1_843' title='bbox 2946 5549 3131 5604; x_wconf 79' lang='grc' dir='ltr'>οὐκέτι</span> <span class='ocrx_word' id='word_1_844' title='bbox 3172 5552 3273 5623; x_wconf 81' lang='grc' dir='ltr'>τὴν</span> <span class='ocrx_word' id='word_1_845' title='bbox 3305 5555 3665 5626; x_wconf 82' lang='grc' dir='ltr'>προτεθεῖσαν</span> 
     </span>
    </p>
   </div>
   <div class='ocr_carea' id='block_1_114' title="bbox 2085 5637 3663 5717">
    <p class='ocr_par' dir='ltr' id='par_1_114' title="bbox 2085 5637 3663 5717">
     <span class='ocr_line' id='line_1_114' title="bbox 2085 5637 3663 5717; baseline 0.007 -27"><span class='ocrx_word' id='word_1_846' title='bbox 2085 5637 2393 5693; x_wconf 78' lang='grc' dir='ltr'>διάττουσα.</span> <span class='ocrx_word' id='word_1_847' title='bbox 2430 5639 2541 5692; x_wconf 80' lang='grc' dir='ltr'><strong>Καὶ</strong></span> <span class='ocrx_word' id='word_1_848' title='bbox 2569 5639 2759 5709; x_wconf 70' lang='grc' dir='ltr'>ὥσπερ</span> <span class='ocrx_word' id='word_1_849' title='bbox 2789 5639 2958 5710; x_wconf 79' lang='grc' dir='ltr'>αὐτῆς</span> <span class='ocrx_word' id='word_1_850' title='bbox 3005 5642 3062 5694; x_wconf 78' lang='grc' dir='ltr'>αἱ</span> <span class='ocrx_word' id='word_1_851' title='bbox 3091 5642 3201 5697; x_wconf 77' lang='grc' dir='ltr'>ὁδοὶ</span> <span class='ocrx_word' id='word_1_852' title='bbox 3230 5645 3521 5717; x_wconf 87' lang='grc' dir='ltr'>χρησίμως</span> <span class='ocrx_word' id='word_1_853' title='bbox 3550 5652 3663 5711; x_wconf 81' lang='grc' dir='ltr'>τοῖς</span> 
     </span>
    </p>
   </div>
   <div class='ocr_carea' id='block_1_115' title="bbox 2087 5728 3662 5807">
    <p class='ocr_par' dir='ltr' id='par_1_115' title="bbox 2087 5728 3662 5807">
     <span class='ocr_line' id='line_1_115' title="bbox 2087 5728 3662 5807; baseline 0.006 -28"><span class='ocrx_word' id='word_1_854' title='bbox 2087 5728 2339 5798; x_wconf 75' lang='grc' dir='ltr'>σκόλοψιν</span> <span class='ocrx_word' id='word_1_855' title='bbox 2382 5728 2796 5799; x_wconf 81' lang='grc' dir='ltr'>ἀνεφράττοντο,</span> <span class='ocrx_word' id='word_1_856' title='bbox 2831 5729 2918 5782; x_wconf 79' lang='grc' dir='ltr'>ἵνα</span> <span class='ocrx_word' id='word_1_857' title='bbox 2944 5730 3017 5800; x_wconf 85' lang='grc' dir='ltr'>μὴ</span> <span class='ocrx_word' id='word_1_858' title='bbox 3045 5731 3323 5804; x_wconf 78' lang='grc' dir='ltr'>καταλάϐῃ</span> <span class='ocrx_word' id='word_1_859' title='bbox 3347 5735 3472 5798; x_wconf 82' lang='grc' dir='ltr'>τοὺς</span> <span class='ocrx_word' id='word_1_860' title='bbox 3491 5736 3662 5807; x_wconf 81' lang='grc' dir='ltr'>αὐτῆς</span> 
     </span>
    </p>
   </div>
   <div class='ocr_carea' id='block_1_116' title="bbox 2084 5817 3659 5894">
    <p class='ocr_par' dir='ltr' id='par_1_116' title="bbox 2084 5817 3659 5894">
     <span class='ocr_line' id='line_1_116' title="bbox 2084 5817 3659 5894; baseline 0.004 -23"><span class='ocrx_word' id='word_1_861' title='bbox 2084 5819 2318 5889; x_wconf 80' lang='grc' dir='ltr'>ἐραστάς</span> <span class='ocrx_word' id='word_1_862' title='bbox 2346 5835 2360 5850; x_wconf 87' lang='grc'><strong>·</strong></span> <span class='ocrx_word' id='word_1_863' title='bbox 2397 5817 2538 5872; x_wconf 72' lang='grc' dir='ltr'>οὕτω</span> <span class='ocrx_word' id='word_1_864' title='bbox 2569 5819 2664 5873; x_wconf 75' lang='grc' dir='ltr'><strong>καὶ</strong></span> <span class='ocrx_word' id='word_1_865' title='bbox 2708 5817 2805 5872; x_wconf 82' lang='grc' dir='ltr'><strong>νῦν</strong></span> <span class='ocrx_word' id='word_1_866' title='bbox 2853 5819 3016 5872; x_wconf 85' lang='grc' dir='ltr'>οἱονεί</span> <span class='ocrx_word' id='word_1_867' title='bbox 3043 5837 3160 5885; x_wconf 90' lang='grc' dir='ltr'><strong>πως</strong></span> <span class='ocrx_word' id='word_1_868' title='bbox 3206 5822 3473 5894; x_wconf 81' lang='grc' dir='ltr'>τρέχουσα</span> <span class='ocrx_word' id='word_1_869' title='bbox 3517 5827 3659 5878; x_wconf 65' lang='grc' dir='ltr'>κατὰ</span> 
     </span>
    </p>
   </div>
   <div class='ocr_carea' id='block_1_117' title="bbox 2083 5911 3652 5987">
    <p class='ocr_par' dir='ltr' id='par_1_117' title="bbox 2083 5911 3652 5987">
     <span class='ocr_line' id='line_1_117' title="bbox 2083 5911 3652 5987; baseline 0.002 -23"><span class='ocrx_word' id='word_1_870' title='bbox 2083 5911 2323 5981; x_wconf 85' lang='grc' dir='ltr'>πρανοῦς</span> <span class='ocrx_word' id='word_1_871' title='bbox 2368 5913 2444 5975; x_wconf 87' lang='grc' dir='ltr'><strong>εἰς</strong></span> <span class='ocrx_word' id='word_1_872' title='bbox 2474 5912 2693 5983; x_wconf 72' lang='grc' dir='ltr'>ὄλεθρον</span> <span class='ocrx_word' id='word_1_873' title='bbox 2737 5913 2831 5965; x_wconf 75' lang='grc' dir='ltr'><strong>καὶ</strong></span> <span class='ocrx_word' id='word_1_874' title='bbox 2866 5912 3161 5981; x_wconf 83' lang='grc' dir='ltr'>ἀπώλειαν,</span> <span class='ocrx_word' id='word_1_875' title='bbox 3194 5916 3329 5987; x_wconf 77' lang='grc' dir='ltr'>ἐλέῳ</span> <span class='ocrx_word' id='word_1_876' title='bbox 3359 5915 3493 5969; x_wconf 80' lang='grc' dir='ltr'>Θεοῦ</span> <span class='ocrx_word' id='word_1_877' title='bbox 3522 5917 3652 5975; x_wconf 67' lang='lat' dir='ltr'><strong>1t};-</strong></span> 
     </span>
    </p>
   </div>
  </div>
