4094 6484
371 369 440 430 81
1314 372 1865 430 COMMENTARIUS
1905 373 1972 428 lN

2089 373 2249 428 iEAM
2292 372 2744 430 ΡΒΟΡΙΙΕΤΑΜ.

3602 367 3688 424 ὃἝ

368 489 772 552 νᾶσθαιδοκεῐ,
803 489 1179 562 μεθισταμένη
1222 492 1358 563 πρὸς
1387 491 1574 562 ἔφεσιν
1620 493 1840 563 ἀρετῆς,
1883 494 1982 547 καὶ·

2089 493 2136 546 in
2180 507 2276 548 cur
2316 499 2594 560 suscepto,
2625 500 2681 545 et
2714 489 2856 543 viam
2923 487 3233 558 pristinam,
3283 495 3342 539 ut
3378 485 3511 549 diti.
3565 501 3674 540 non

367 581 482 651 τῆς
509 579 749 651 ἀληθοῦς
779 578 1113 649 θεογνωσίας
1143 582 1224 645 είς
1267 580 1396 635 νοῦν
1447 583 1541 636 καὶ
1569 580 1799 654 καρδίαν
1828 584 1978 654 δεχοι

373 671 520 742 μένη
551 670 615 724 τὺ
645 669 784 739 φῶς,
813 671 910 724 καὶ
939 671 1040 742 τὴν
1085 671 1339 742 ἀρχαίαν,
1364 671 1440 736 ὡς
1467 673 1622 744 ἔφην,
1654 674 1838 727 οὑκέτι
1870 673 1980 744 τρί-

371 763 476 818 60v
500 763 860 834 εὑρίσκουσα.
906 762 1101 818 ’ἰστέον
1120 763 1199 829 δὲ,
1233 765 1316 818 ὅτι
1349 765 1430 829 τὸ,
1465 785 1483 816 ι
1513 765 1709 819 Πλανῶ
1733 765 1923 837 αὑτὴν,
1955 785 1973 818 ι

367 857 494 916 τοῖς
524 857 739 928 ἑτέροις
775 855 1142 928 ἐρμηνευταῖς
1179 857 1395 929 εἴρηται
1431 859 1532 928 μὲν
1578 858 1774 923 ἄλλως.
1808 859 1976 930 Πλὴν,

371 951 464 1014 εἰς
491 950 594 1003 ἕνα
622 950 717 1004 καὶ
748 949 844 1004 τὸν
872 949 1037 1005 αὑτὸν
1073 949 1506 1022 ἀποπεραίνεται
1538 950 1682 1004 νοῦν.
1724 949 1980 1006 Ἐκδεδώ-

369 1050 515 1092 acch
547 1040 681 1112 γάρ,
725 1041 778 1093 οί
838 1039 960 1110 μὲν,
986 1057 1006 1091 ι
1042 1041 1124 1093 ὅτι
1153 1040 1262 1093 ίδοὺ
1291 1039 1403 1108 ἐγὼ
1425 1039 1688 1113 ἀποφέρω
1709 1041 1880 1114 αὑτήν
1902 1055 1916 1071 ⁶
1954 1059 1974 1095 ι

369 1133 424 1185 οἱ
454 1128 536 1197 δὲ,
576 1150 599 1183 ς
626 1132 710 1185 ὅτι
765 1130 961 1189 ἀπατῶ
1008 1132 1180 1204 αὑτήν
1201 1149 1214 1163 ·
1248 1151 1267 1186 ιι
1298 1133 1694 1206 ἐτεροτρόπως,
1713 1131 1790 1198 ὼς
1817 1133 1978 1205 ἔφην,

375 1221 524 1279 αὑτὴ
561 1225 629 1294 δὴ
666 1224 828 1278 τοῦτο
866 1223 1247 1294 σημαίνοντες,
1297 1227 1377 1292 τὸ,
1417 1241 1438 1277 ι
1472 1223 1692 1291 Πλανῶ,
1744 1245 1763 1278 ι
1813 1226 1976 1297 φημὶ,

369 1316 677 1388 χρησίμως
721 1318 1036 1388 νοούμενον.
1091 1313 1335 1388 Βάσιμον
1379 1317 1438 1371 δὲ
1486 1312 1674 1382 οὖσαν,
1725 1319 1820 1371 καὶ
1869 1315 1980 1372 οἷον

369 1407 610 1480 ἔνυδρον
662 1410 767 1479 γῆν
819 1410 942 1474 ταῖς
990 1409 1099 1462 τῶν
1152 1409 1448 1479 δαιμονίων
1499 1409 1742 1478 ἀγέλαις,
1794 1408 1981 1476 τάξειν

371 1507 596 1578 ἔρημον
635 1501 1061 1573 ἐπαγγέλλεται,
1088 1499 1380 1563 διδάσκων,
1408 1501 1492 1554 ότι
1539 1499 1773 1571 σκληρόν
1802 1517 1861 1553 τε
1885 1500 1980 1555 καί⁵

372 1597 590 1668 ἀστιϐῆ
625 1595 721 1650 καὶ
755 1594 988 1666 ἄνυδρον
1035 1595 1308 1664 ἀποφανεῖ
1349 1594 1461 1655 τοῖς
1489 1591 1714 1645 ἐκείνων
1745 1591 1982 1664 θελήμαο

374 1707 491 1751 σιν,
527 1689 608 1752 ὡς
652 1686 975 1758 ἀναπαύλης
1004 1685 1194 1739 οὐδένα
1235 1684 1424 1738 λοιπὸν
1456 1683 1812 1756 εὑρίσκοντας
1852 1685 1980 1759 τρό-

372 1795 507 1847 πον,
540 1778 931 1852 παραιτεῖσθαι
971 1778 1064 1831 καὶ
1096 1778 1421 1848 ἀποφοιτᾷν.
1559 1777 1564 1782 ’

2087 584 2318 652 amplius
2376 583 2676 639 iuveniens.
2719 580 3011 636 Sciendum
3056 594 3242 650 porro,
3275 577 3443 631 illud:
3477 578 3677 630 seduco

2089 674 2258 744 ipsam
2301 694 2320 728 ι
2357 674 2496 730 alios
2549 674 2705 728 aliter
2773 671 3094 727 reddidisse.
3163 666 3556 722 Verumtamen
3609 665 3676 717 ad

2089 781 2253 822 unum
2310 776 2364 822 et
2416 769 2664 821 eumdem
2715 764 2876 818 ﬁnem
2929 762 3143 817 recidit.
3201 760 3504 815 Ediderunt’
3529 757 3676 813 enim

2087 861 2341 929 quidam:
2375 876 2392 911 ι
2417 858 2553 926 Quia
2575 872 2706 912 ecce
2728 870 2827 925 ego
2851 855 3038 910 aufero
3063 854 3255 925 ipsam.
3291 871 3310 905 ι
3341 853 3467 914 Alii,
3500 869 3519 902 ι
3545 851 3676 920 quia

2088 952 2298 1022 decipio
2351 952 2545 1021 ipsam,
2585 969 2604 1003 ι
2657 949 2778 1005 aliis
2840 948 3104 1013 vocibus,
3139 955 3198 1002 ut
3253 946 3519 1009 dicebam,
3575 945 3678 998 hoc

2088 1043 2262 1114 ipsum
2299 1042 2663 1113 signiﬁcantes
2691 1058 2706 1108 ;
2743 1039 2874 1095 illud
2899 1038 3437 1107 «seduco,iiitquani,
3471 1035 3678 1094 utiliter

2088 1135 2444 1192 intellectum.
2513 1133 2763 1190 Perviam
2835 1142 3048 1198 autem,
3113 1139 3169 1186 et
3218 1130 3364 1185 velut
3413 1143 3673 1197 aquosam

2087 1235 2290 1280 terram
2321 1224 2624 1278 daemonum
2671 1222 2909 1276 catervis
2949 1220 3252 1289 positurum
3298 1233 3359 1274 se
3401 1219 3676 1273 desertam

2087 1316 2375 1387 promittit,
2403 1315 2627 1379 docens,
2657 1329 2938 1385 asperam,
2991 1311 3190 1366 inviam
3241 1320 3298 1366 et
3355 1311 3674 1380 inaquosant

2089 1410 2300 1465 illorum
2334 1407 2722 1479 cupiditatibus
2773 1407 3067 1469 iacturum,
3095 1412 3156 1458 ut
3215 1403 3417 1474 requiei
3468 1401 3674 1456 nullum

2087 1501 2155 1555 de
2187 1510 2385 1556 caetero
2430 1499 2645 1554 modum
2686 1497 3064 1569 reperientes,
3113 1511 3230 1552 eam
3271 1504 3685 1566 aspernentur...

2089 1599 2143 1646 et
2177 1589 2491 1647 abscedant.

447 1873 616 1928 Οὕτω
668 1872 764 1927 καὶ
813 1872 844 1924 6
886 1870 1090 1942 Κύριος
1140 1867 1299 1940 ἡμῶν
1342 1868 1550 1940 Ἰησοῦς
1593 1868 1871 1941 Χριστὸς,
1920 1870 1982 1925 τὸ

2157 1875 2248 1932 Sic
2275 1876 2439 1932 etiam
2483 1875 2743 1931 Dominus
2775 1885 2960 1931 noster
2986 1874 3410 1932 Jesustristus
3435 1876 3677 1944 "egresa

370 1967 602 2034 ἐξελθὸν
651 1964 964 2035 ἀκάθαρτον
1013 1960 1232 2032 πνεῦμα
1266 1963 1332 2015 ἐκ
1369 1959 1464 2014 τοῦ
1502 1959 1792 2033 ἀνθρώπου
1835 1962 1979 2035 διέρ-

372 2060 578 2133 χεσθαί
611 2057 844 2130 φησι-δι’
877 2056 1124 2125 ἀνύδρων
1175 2055 1376 2120 τόπων,
1412 2053 1611 2124 ζητοῦν
1651 2055 1980 2121 ἀνάπαυσιν,

373 2153 476 2206 καὶ
534 2150 612 2224 μὴ
666 2149 964 2222 εὑρίσκειν.
998 2148 1211 2217 Ὠσπερ
1252 2149 1362 2216 γὰρ
1412 2144 1724 2218 ἀνθρώποις
1766 2148 1867 2200 οὑκ
1904 2149 1984 2200 ol-

371 2246 626 2315 κήσιμος
669 2243 699 2295 6
749 2241 979 2312 ἄνυδρος
1030 2237 1246 2310 χῶρος·
1307 2236 1453 2291 οὑτω
1502 2237 1594 2291 καὶ
1653 2238 1985 2310 ἀκαθάρτοις

371 2336 666 2407 πνεύμασι
695 2334 907 2405 πονηρά
943 2335 1040 2389 καὶ
1067 2336 1456 2408 ἀπηχθημένη,
1504 2339 1600 2392 καὶ
1633 2333 1744 2393 οἷον
1783 2339 1982 2404 ἀδατός

367 2439 437 2477 τε
497 2423 596 2476 καὶ
623 2422 854 2494 ἄνυδρος
882 2423 954 2495 γῆ
980 2426 1141 2477 νοοῖτ’
1163 2424 1230 2479 ἂν
1252 2425 1478 2491 εἰκότως
1511 2429 1544 2499 ἡ
1579 2428 1834 2501 θεοφιλὴς
1887 2431 1984 2484 καὶ

369 2515 507 2569 ὁσία
536 2515 708 2588 ψυχὴ,
739 2515 836 2570 καὶ
874 2516 944 2570 τά
975 2516 1205 2582 ἐκείνοις
1238 2519 1361 2572 καθ’
1391 2520 1609 2592 ἡδονὴν,
1646 2521 1680 2592 ἢ
1739 2525 1978 2593 φρονεῖν,

368 2606 408 2676 ἢ
435 2607 579 2678 δρᾷν
609 2607 714 2660 οὑκ
740 2607 1066 2679 ἀνεχομένη.
1110 2609 1465 2682 Ἐπικουρίας
1509 2607 1602 2666 οὗν
1643 2612 1750 2684 ἀρα
1782 2615 1983 2683 τρόπος

369 2702 408 2770 ἡ
461 2699 658 2754 ἐνθάδε
702 2699 972 2770 λεγομένη
1014 2700 1303 2773 πλάνησις,
1345 2703 1441 2756 καὶ¹
1489 2702 1594 2774 μὴν
1645 2705 1739 2758 καὶ
1788 2705 1853 2758 τὸ
1900 2707 1984 2770 εἰς

367 2793 591 2864 ἔρημον
644 2790 1083 2846 κατατάττεσθαι
1129 2793 1266 2866 γῆν,
1318 2794 1462 2848 κατά
1509 2811 1573 2864 γε
1613 2797 1740 2861 τοὺς
1781 2797 1984 2869 ἀρτίως

367 2885 516 2957 ἡμῖν
546 2883 878 2955 εἰρημένους
899 2882 1114 2951 λόγους.

444 2977 567 3032 Καὶ
601 2975 861 3043 ,λαλήσω
892 2976 991 3030 ἐπὶ
1017 2977 1134 3046 τὴν
1156 2976 1412 3046 καρδίαν
1434 2976 1648 3047 αὐτῆς,
1681 2978 1782 3034 καὶ
1807 2977 1992 3035 δώσω

361 3065 538 3135 αὐτῇ
574 3066 649 3122 τὰ
681 3066 954 3135 κτήματα
981 3065 1174 3135 αὐτῆς
1201 3065 1451 3122 ἐκεῖθεν.

452 3161 586 3215 ΚΡ.
606 3159 696 3213 Ἐν
712 3159 922 3222 τούτοις
940 3159 1072 3229 ἡμῖν
1090 3160 1119 3213 6
1133 3158 1290 3229 λόγος
1309 3159 1410 3231 τὴν
1431 3159 1520 3215 8ιά
1535 3161 1780 3232 Χριστοῦ·
1797 3177 1980 3233 σωτη-

365 3254 507 3328 ρίαν
547 3250 1005 3322 καθυπισχνείται
1055 3251 1351 3324 λαμπρῶς,
1408 3253 1504 3306 καὶ
1559 3251 1670 3306 τῶν
1710 3254 1810 3324 τῆς
1856 3256 1982 3308 ἐπι-

356 3346 585 3419 δημίας
610 3344 985 3417 διαμέμνηται
1033 3345 1262 3415 χρόνων,
1295 3343 1419 3398 καθ’
1456 3341 1552 3408 οὓς
1586 3345 1984 3416 πεπληρῶσθαι

287 3413 320 3436 ⁸
359 3413 566 3511 θρα-μεν
613 3413 716 3504 τὸ,
740 3413 892 3491 οἘν
915 3413 1328 3508 ταϊςψήμέραις
1379 3433 1641 3501 ἐκείναις,
1672 3413 1862 3491 καί-ὲν
1904 3437 1984 3510 τῷ

358 3531 564 3603 καιρῷ
589 3529 785 3602 ἐκείνῳ
804 3529 984 3593 διδοὺς
1029 3528 1186 3582 δώσω
1230 3528 1430 3599 νόμους
1469 3545 1571 3599 μου
1621 3531 1702 3594 εἰς
1745 3530 1984 3585 διάνοιαν

361 3626 588 3692 αὐτῶν,
619 3624 715 3677 καὶ
759 3623 856 3676 ἐπὶ
905 3622 1132 3694 καρδίας
1156 3622 1339 3676 αὑτῶν
1383 3621 1648 3693 ἐγγράφω
1688 3623 1908 3688 αὑτούς.
1954 3643 1974 3677 ι

359 3719 538 3774 Οὕτω
578 3717 689 3789 γάρ
739 3717 804 3789 δὴ
853 3715 950 3770 καὶ
1001 3717 1030 3768 6
1075 3715 1389 3786 σοφώτατος
1435 3716 1672 3782 Παῦλος,
1719 3719 1832 3781 τοῖς
1884 3718 1984 3791 τὴν

353 3811 522 3866 οὕτω
570 3807 832 3880 λαμπρὰν
885 3807 982 3862 καὶ
1035 3805 1362 3877 ἀξιόληπτον
1406 3806 1624 3879 ἀληθῶς
1680 3809 1986 3864 καταπλου-

356 3903 582 3974 τήσασι
651 3898 815 3971 χάριν
893 3899 1234 3963 ἐπιστέλλει,
1285 3898 1494 3968 λέγων·
1539 3919 1569 3952 ι·
1604 3900 1668 3953 Ἦ
1727 3903 1984 3973 ἐπιστολὴ

359 3991 540 4066 ἡμῶν
578 3992 739 4064 ὑμεῖς
773 3993 898 4044 ἐστε
957 3992 1387 4063 ἐγγεγραμμένη
1445 3993 1504 4045 ἐν
1563 3994 1684 4057 ταῖς
1733 3993 1989 4065 καρδίαις-

357 4086 562 4160 ήμῶν,
594 4084 979 4155 γινωσκομένη
1027 4085 1124 4137 καὶ
1168 4085 1655 4158 ἀναγινωσκομένη
1690 4086 1805 4140 ὑπὸ
1847 4086 1986 4141 πάν-

356 4197 487 4235 των
550 4176 860 4248 ἀνθρώπων
885 4213 903 4241 ,
949 4175 1346 4248 φανερούμενοι
1399 4177 1483 4232 ὅτι
1543 4177 1666 4231 ἐστὲ
1728 4179 1986 4252 ἐπιστολὴ

359 4271 645 4345 Χριστοῦ,
681 4268 1065 4340 διακονηθεῖσα
1096 4268 1188 4338 ὑφ’
1225 4267 1404 4339 ήμῶν,
1455 4271 1886 4343 ἐγγεγραμμένη
1921 4273 1984 4327 οὑ

364 4365 600 4439 μέλανι,
627 4362 765 4416 ἀλλά
796 4359 1072 4432 πνεύματι
1122 4358 1510 4426 Θεοῦ-ζῶντος.
1548 4381 1566 4414 ι
1594 4362 1844 4417 Διδακτοὶ
1876 4363 1992 4435 γάρ

359 4457 518 4514 Θεοῦ
545 4456 855 4526 γεγόναμεν
879 4455 927 4508 οἱ
957 4453 1404 4518 πεπιστευκότες.
1438 4455 1558 4508 Kal.“
1574 4455 1706 4524 γοῦν
1733 4457 1765 4508 6
1789 4456 1987 4510 θεσπέο

2087 1986 2207 2026 sum
2237 1970 2490 2040 spiritum
2532 1970 2870 2024 immundum
2904 1969 2973 2024 ab
3005 1968 3224 2024 homine
3267 1965 3546 2022 ambulare
3597 1965 3678 2020 ait

2085 2075 2182 2132 per
2212 2062 2329 2117 loca
2377 2060 2660 2131 inaquosa,
2693 2069 3031 2130 quaerentem
3083 2055 3494 2146 requiem-:7?
3526 2057 3678 2112 inve-

2086 2154 2347 2212 nientem.
2379 2152 2510 2207 Nam
2545 2163 2604 2208 ut
2637 2153 2950 2208 hominibus
2985 2151 3137 2208 locus
3164 2152 3321 2220 aquis
3340 2141 3537 2206 caiiens
3565 2165 3676 2206 non

2083 2253 2168 2300 est
2203 2244 2537 2311 habitabilis,
2581 2246 2656 2299 ita
2699 2253 2756 2301 et
2783 2245 3076 2300 immundis
3122 2243 3409 2314 spiritibus
3447 2243 3694 2298 malaet:

2084 2336 2333 2400 molesta,
2361 2347 2414 2390 et
2439 2336 2586 2392 velut
2607 2335 2748 2390 invia
2796 2344 2852 2392 et
2903 2337 3166 2404 inaquosa
3195 2345 3353 2389 terra
3381 2349 3485 2389 non
3530 2334 3678 2402 inju-

2085 2429 2163 2484 ria
2194 2429 2528 2497 intelligatur
2578 2427 2671 2483 Dei
2699 2443 2913 2494 amans,
2941 2438 2998 2483 et
3046 2429 3114 2482 ad
3148 2427 3362 2483 illorum
3413 2427 3676 2497 placitum

2085 2523 2218 2578 nihil
2254 2531 2348 2577 aut
2371 2524 2613 2594 cogitare
2665 2533 2758 2578 aut
2795 2523 2976 2578 facere
3011 2521 3292 2576 sustinens
3321 2521 3524 2574 anima.
3561 2517 3678 2575 Mo-

2084 2615 2183 2670 dus
2221 2615 2385 2686 igitur
2413 2615 2599 2670 auxilii
2626 2625 2734 2681 est,
2765 2613 3001 2685 qum-hic
3037 2614 3238 2668 dicitur
3281 2611 3666 2677 seductio,at-

2084 2692 2191 2778 que
2234 2707 2401 2762 etiam
2452 2707 2519 2762 in-
2564 2707 2838 2764 desertam
2896 2716 3122 2770 terram,
3178 2719 3271 2761 seu
3325 2703 3676 2760 solitudinem

2083 2801 2362 2867 constitui,
2388 2799 2545 2868 juxta
2574 2801 2626 2856 id
2653 2800 2795 2870 quod
2821 2798 2934 2869 jam
2969 2812 3004 2852 a-
3034 2799 3190 2854 nobis
3215 2799 3417 2854 dictum
3448 2805 3550 2853 est.

2157 2982 2224 3038 Et
2246 2985 2434 3056 loquar
2450 2983 2520 3039 ad
2547 2999 2638 3038 cor
2663 2983 2803 3054 ejus,
2838 2991 2885 3037 et
2906 2981 3043 3036 dabo
3065 2979 3148 3036 illi
3183 2978 3541 3049 possessiones
3559 2977 3675 3044 eine

2085 3079 2231 3134 inde.

2159 3168 2343 3228 XXIII.
2379 3169 2475 3224 liis
2503 3167 2686 3225 verbis
2711 3166 2859 3223 salus
2889 3180 2986 3237 per
3011 3163 3289 3221 Christum
3321 3162 3478 3218 nobis
3512 3161 3678 3232 liqui-

2087 3265 2156 3320 do
2188 3263 2546 3335 promittitur,
2579 3269 2636 3316 et
2677 3269 2922 3328 tempora
2964 3258 3228 3316 adventus
3272 3253 3676 3325 signiﬁcantur,

2087 3356 2284 3426 quibus
2308 3353 2594 3424 impletum
2619 3351 2863 3407 dicimus
2895 3348 3023 3403 illud
3051 3366 3064 3402 :
3096 3366 3114 3400 ι
3135 3347 3202 3403 in
3229 3347 3420 3403 diebus
3471 3345 3597 3410 illis,
3621 3353 3680 3400 et

2087 3449 2145 3504 in
2175 3457 2419 3517 tempore
2465 3443 2556 3500 illo
2589 3444 2726 3498 dans
2761 3441 2904 3497 dabo
2952 3439 3098 3510 leges
3138 3452 3306 3494 meas-
3339 3438 3390 3492 in
3437 3445 3675 3492 mentem

2086 3555 2298 3605 eorum,
2330 3547 2384 3594 et
2414 3539 2467 3592 in
2498 3537 2662 3593 corda
2688 3550 2875 3590 eorum
2916 3533 3211 3588 inscribam
3255 3545 3350 3587 eas
3395 3529 3462 3584 ”.
3513 3548 3534 3582 ι
3585 3526 3679 3583 Sic

2085 3633 2234 3688 enim
2288 3628 2726 3700 sapientissimus
2765 3625 2965 3681 Paulus
3013 3624 3168 3680 adeo-
3196 3623 3373 3692 ampla
3425 3630 3481 3675 et
3524 3634 3680 3674 acce-

2086 3726 2271 3796 ptione
2298 3724 2456 3794 digna
2485 3722 2658 3791 gratia
2689 3733 2817 3775 vere
2841 3717 3108 3774 divitibus
3131 3715 3319 3772 scribit
3344 3733 3357 3769 :
3386 3712 3498 3786 46
3519 3713 3676 3783 «Epi-

2086 3817 2225 3874 stola
2283 3826 2469 3872 nostra
2524 3830 2621 3871 vos
2679 3813 2849 3876 estis,
2902 3811 3106 3880 scripta
3163 3809 3217 3863 in
3265 3809 3527 3863 cordibus
3582 3820 3679 3860 no-

2087 3913 2240 3973 stris,
2269 3924 2396 3979 qum
2417 3907 2590 3962 scitur
2613 3915 2667 3961 et
2712 3905 2909 3975 legitur
2935 3903 3004 3958 ab
3035 3899 3290 3956 omnibus
3323 3897 3634 3953 hominibus
3660 3915 3675 3950 :

2088 3999 2444 4064 manil’estati,
2478 3998 2624 4068 quod
2657 3997 2885 4066 epistola
2925 3996 3059 4051 estis
3092 3991 3316 4058 Christi,
3372 3990 3680 4046 ministrata

2089 4110 2118 4150 a
2154 4092 2329 4158 nobis,
2369 4091 2572 4161 scripta
2621 4105 2727 4146 non
2779 4097 3106 4152 atramento,
3169 4091 3264 4145 sed
3326 4091 3519 4161 spiritu
3583 4086 3680 4141 Dei

2088 4186 2196 4243 vivi
2225 4186 2294 4240 ‘°;
2338 4204 2370 4238 π·
2397 4186 2440 4238 Α
2473 4185 2582 4240 Deo
2602 4186 2746 4238 enim
2779 4181 2924 4239 docti
2969 4181 3268 4246 evasimus,
3302 4183 3393 4251 qui
3447 4179 3682 4236 credidi-

2090 4291 2232 4332 mus.
2268 4275 2709 4343 ltaq‘ue-sanctus
2750 4271 2988 4329 Joannes
3031 4273 3113 4328 sic
3167 4287 3266 4327 nos
3317 4270 3613 4340 alloquilnr
3661 4286 3677 4322 :

2094 4388 2114 4421 ι
2155 4365 2338 4422 Et-vos
2366 4366 2680 4422 unctionem
2708 4365 2920 4421 habetis
2945 4379 2976 4421 a
3007 4374 3215 4431 sancto,
3237 4374 3294 4422 et
3323 4379 3429 4419 non
3459 4375 3682 4418 necesse

2093 4458 2310 4514 habetis
2345 4467 2407 4513 ut
2450 4457 2649 4528 aliquis
2676 4457 2871 4514 doceat
2914 4471 3012 4514 vos
3057 4473 3074 4512 :
3116 4457 3211 4512 sed
3257 4457 3399 4512 sicut
3453 4453 3681 4524 spiritus

363 4568 496 4614 σιος
554 4547 817 4618 Ἰωάννης
869 4543 1334 4617 προσπεφώνηκε,
1392 4543 1606 4614 λέγων·
1646 4564 1664 4597 ι
1689 4545 1798 4600 Καὶ
1827 4545 1984 4617 ὑμεῖς

2090 4550 2208 4618 ejus
2237 4548 2398 4605 docet
2431 4564 2527 4605 vos
2556 4550 2625 4606 de
2649 4549 2908 4605 omnibus
2949 4548 3016 4604 “.
3055 4565 3075 4601 ι
3108 4547 3172 4603 Ει
3220 4547 3275 4603 in
3326 4547 3490 4604 corde
3534 4545 3682 4600 intus

363 4643 600 4719 χρίσμα
628 4641 780 4712 ἔχετε
825 4640 939 4694 ἀπὸ
969 4636 1070 4691 τοῦ
1091 4636 1250 4706 ἀγίου
1273 4653 1286 4668 ⁸
1364 4637 1461 4690 καὶ
1499 4637 1561 4690 οὐ
1595 4637 1786 4708 χρείαν
1810 4636 1986 4708 ἔχετε,

366 4740 471 4794 ἵνα
499 4753 588 4800 τις
617 4735 846 4806 διδάσκῃ
881 4733 1063 4804 ὑμᾶς·
1096 4730 1232 4784 ἀλλά
1269 4728 1454 4791 καθὼς
1491 4729 1550 4783 τὸ
1577 4728 1743 4784 αὑτοῦ
1769 4727 1990 4800 πνεῦμα

364 4830 631 4886 διδάσκει
674 4824 984 4898 ὑμᾶς-περὶ·
1006 4822 1244 4879 πάντων.
1285 4841 1305 4875 ›
1338 4822 1449 4876 Καὶ
1497 4823 1578 4884 είς
1621 4821 1850 4889 καρδίαν
1881 4822 1990 4876 ἐσω

365 4923 579 4980 λοιπὸν·
595 4921 810 4992 ἔχοντες
847 4917 1012 4972 αὑτὸν
1043 4913 1360 4972 ἐνοικοῦντα
1387 4914 1644 4986 Χριστὸν,
1673 4913 1783 4967 τῶν
1816 4914 1989 4983 ἀναγ-

368 5013 560 5070 καίων
610 5009 932 5081 είσηγητὴν,
977 5008 1202 5079 ἀπάσης
1245 5006 1410 5071 εὐθὺς
1467 5005 1670 5078 ἀρετῆς
1723 5004 1865 5058 ἰδέαν
1890 5022 1990 5059 πε-

372 5105 796 5176 πλουτήκαμεν,
827 5102 923 5156 καὶ
951 5102 1049 5173 τὴν
1081 5099 1192 5154 τῶν
1217 5097 1604 5170 πνευματικῶν
1629 5096 1989 5168 χαρισμάτων

371 5195 686 5271 ἀμφιλαφῆ
710 5211 771 5248 τε
810 5193 913 5248 καὶ
953 5189 1330 5263 ἀναπόϐλητον
1372 5189 1584 5261 κτῆσιν.
1619 5190 1729 5243 Καὶ
1759 5188 1825 5259 δὴ
1850 5188 1990 5262 πρὸς

372 5289 548 5346 τοῦτο
584 5288 735 5358 ἡμᾶς
757 5285 989 5357 ἐμπεδοῖ
1017 5285 1247 5359 γράφων
1269 5281 1484 5346 Παῦλος
1507 5297 1519 5310 ·
1551 5281 1709 5336 «Ὅτι
1731 5281 1768 5336 ἃ
1787 5280 1989 5350 ὀφθαλ-

379 5385 491 5458 μὸς
518 5381 624 5435 οὐκ
663 5373 795 5442 εἶδε,
823 5378 920 5432 καὶ
948 5372 1040 5441 οῦς
1067 5376 1170 5430 οὑκ
1209 5376 1442 5448 ἤκουσε,
1464 5372 1721 5447 [καηέπὶ
1763 5374 1994 5446 καρδίαν

377 5472 686 5545 ἀνθρώπου
715 5472 813 5526 οὑκ
842 5470 1034 5542 ἀνέϐη,
1075 5475 1111 5529 ἃ
1134 5469 1437 5542 ἡτοίμασεν
1463 5471 1492 5522 ὀ
1529 5467 1664 5532 Θεὸς
1709 5471 1823 5533 τοῖς
1859 5470 1996 5540 ἀγα-

382 5564 572 5620 πῶσιν
623 5563 809 5618 αὑτόν.
846 5582 865 5614 ι
911 5563 1345 5632 Ἐπαγγέλλεται
1385 5561 1567 5616 τοίνυν
1610 5559 1864 5631 λαλήσειν
1916 5561 1997 5625 είς

382 5658 490 5733 τὴν
513 5657 748 5728 καρδίαν
779 5656 952 5728 αὑτῆς
977 5671 993 5688 ο
1026 5655 1356 5728 κεκλήσεται
1383 5654 1490 5728 γὰρ
1509 5655 1590 5720 είς
1636 5653 1936 5724 ἐπίγνωσιν
1962 5656 1997 5727 ἡ

467 5832 514 5868 ³⁸
553 5832 749 5892 Matth.
788 5851 886 5904 ιιιι,
912 5836 1003 5902 45,
1033 5837 1118 5893 Η.
1200 5837 1243 5870 ³⁹
1266 5835 1466 5894 Jerem.
1498 5852 1648 5905 xxxi,
1678 5835 1766 5896 '53.
1846 5837 1889 5870 ⁸⁰
1919 5836 1958 5893 il

2089 5853 2120 5892 Γ.
2161 5853 2244 5904 ιιι,
2278 5835 2333 5901 2,
2369 5836 2422 5890 ὖ.

2092 4643 2160 4696 de
2208 4651 2408 4697 caetero
2454 4640 2731 4697 Christum
2784 4640 3116 4695 habitantem
3175 4640 3538 4704 continentes,
3591 4653 3684 4693 nc-

2090 4735 2457 4790 cessariorum
2514 4735 2864 4798 monitorem,
2925 4733 3173 4803 protinus
3220 4734 3438 4787 virtutis
3481 4729 3680 4796 forma,

2093 4825 2565 4898 spiritualiumque
2587 4826 2980 4881 charismatum
3010 4827 3162 4883 uberi
3184 4834 3240 4881 et
3273 4825 3680 4893 indepraedabili

2093 4920 2436 4990 possessione
2467 4919 2618 4974 ditati
2651 4934 2863 4976 sumus.
2906 4920 3084 4990 Atque
3114 4920 3279 4976 etiam
3321 4920 3388 4975 ad
3424 4919 3528 4974 hoc
3587 4932 3685 4971 nos

2097 5012 2387 5068 conﬁrmat
2414 5010 2638 5077 Paulus,
2665 5011 2910 5068 scribens
2946 5029 2961 5068 :
3001 5030 3020 5064 ι
3059 5012 3198 5080 Quia
3225 5011 3416 5067 oculus
3444 5025 3550 5065 non
3605 5009 3686 5062 vi-

2097 5103 2198 5168 dit,
2223 5110 2281 5156 et
2303 5101 2452 5156 auris
2490 5116 2596 5157 non
2636 5101 2863 5169 audivit,
2907 5109 2963 5157 et
3009 5101 3062 5156 iu
3128 5115 3224 5157 cor
3280 5099 3516 5156 hominis
3575 5112 3682 5152 non

2095 5195 2362 5260 ascendit,
2392 5209 2512 5264 quae
2547 5195 2872 5265 praeparavit
2906 5195 3048 5251 Deus
3077 5195 3424 5266 diligentibus
3462 5206 3520 5245 se
3547 5190 3610 5243 ⁵⁸⁸.
3657 5209 3677 5242 ι

2094 5285 2388 5341 Pollicetur
2417 5286 2601 5356 itaque
2629 5300 2688 5341 se
2715 5286 3018 5342 locuturum
3051 5286 3116 5341 ad
3159 5301 3257 5342 cor
3289 5284 3426 5353 ejus.
3450 5280 3686 5336 Vocabi-

2097 5388 2184 5433 tur
2215 5379 2360 5432 enim
2383 5379 2451 5433 ad
2482 5378 2814 5447 agnitionem
2839 5375 3151 5434 Judmorunt
3189 5378 3500 5448 Synagoga,
3546 5373 3686 5428 divi-

2095 5485 2196 5526 nas
2226 5470 2378 5542 leges
2394 5479 2576 5525 mente
2607 5469 2910 5555 complexa,
2959 5467 3248 5536 inscriptas
3291 5480 3385 5534 per
3419 5463 3683 5534 Spiritum

2096 5576 2367 5630 sanctum,
2402 5562 2626 5633 perinde
2666 5572 2724 5616 ut
2763 5577 2830 5618 ex
2859 5561 3112 5632 gentibus
3163 5557 3404 5614 Ecclesia
3453 5572 3686 5629 congre-

2097 5667 2248 5728 gata.
2282 5656 2457 5712 Erunt
2485 5663 2666 5710 autem
2704 5653 3080 5724 possessiones
3103 5650 3220 5721 ejus
3245 5651 3390 5718 inde,
3414 5666 3512 5721 pro
3531 5650 3683 5714 hinc,

2501 5835 2542 5867 "
2567 5831 2720 5891 Joan.
2757 5848 2820 5899 ιι,
2855 5831 2946 5886 ‘17.
3026 5831 3071 5863 "
3107 5829 3276 5886 lCor.
3323 5845 3379 5894 ιι,
3406 5828 3458 5884 9.
