4094 6514
397 354 466 414 33
1383 360 1441 410 s.
1482 350 1756 412 CYRILLI
1798 353 2268 409 ALEXANDIHNI
2311 355 2629 412 AltClllEP.
3580 368 3653 423 ει

395 490 492 530 seu
519 489 585 531 ex
612 477 711 528 hoc
737 480 998 542 tempore,
1031 471 1143 527 sive
1170 487 1235 524 ex
1271 472 1372 526 hac
1419 485 1497 525 rc.
1537 471 1612 524 Ex
1670 484 1777 538 quo
1824 469 1968 524 enim

2073 471 2181 524 τῶν
2221 471 2488 525 Ἰουδαίων
2525 472 2994 546 Συναγωγὴ,τοὺς
3035 473 3212 541 θείους
3261 479 3340 542 είς
3379 479 3503 533 νοῦν
3552 481 3652 534 λαο

397 566 609 620 locutus
639 572 723 617 est
753 562 892 617 Deus
923 563 974 615 in
1000 563 1175 627 nobis,
1207 569 1262 617 et
1289 576 1385 632 per
1431 561 1691 631 Spiritum
1735 561 1971 616 insonuit

396 671 733 728 quaecunque
762 657 830 710 ad
858 657 1046 721 vitam,
1077 665 1130 711 et
1155 654 1520 723 cognitionem
1553 653 1643 706 Dei
1673 652 1724 706 iu
1755 651 1970 706 Christo

395 749 725 806 intellectam
744 747 1113 816 requiruntur,
1147 759 1241 816 per
1261 760 1443 813 quem,
1473 753 1528 799 et
1559 744 1610 798 in
1628 759 1733 813 quo
1755 742 1969 797 Patrem

397 837 656 904 vidimus,
685 853 780 906 spe
811 836 1277 892 itnmarcescibilis
1301 835 1486 903 gloriae
1512 835 1578 901 ⁸³,
1609 834 1967 905 gloriationis,

394 931 606 1002 gratim,
629 929 952 1000 adoptionis,
992 927 1272 984 societatis
1303 927 1558 995 regnandi
1588 941 1707 980 cum
1753 924 1970 980 Christo

395 1025 512 1092 ipso
542 1021 760 1077 divitias
789 1019 1068 1077 consecuti
1099 1034 1309 1074 sumus.
1362 1017 1452 1072 Hae
1484 1025 1612 1074 sunt
1659 1027 1967 1070 sanctorum

394 1114 782 1183 possessiones,
800 1112 882 1166 hae
908 1111 1158 1167 ccelestes
1177 1125 1324 1180 opes.
1355 1109 1496 1164 Nihil
1525 1108 1666 1165 enim
1695 1116 1967 1163 terrenum

391 1219 584 1274 sapere
612 1213 840 1275 queunt,
886 1202 1228 1273 aderuntque
1283 1201 1540 1256 mundutn
1577 1207 1633 1254 et
1669 1213 1790 1269 qua:
1819 1199 1870 1254 in
1904 1213 1968 1254 eo

391 1305 539 1353 sunt.

2069 559 2239 615 ϐοῦσα
2265 561 2484 633 νόμους,
2512 565 3025 636 ἐγκεχαραγμένους
3068 567 3157 621 διὰ
3190 567 3283 622 τοῦ
3309 568 3645 640 Πνεύματος,

2068 652 2211 708 καθά
2242 653 2337 708 καὶ
2381 655 2416 724 ἡ
2453 653 2511 720 ἐξ
2563 654 2732 708 ἐθνῶν
2772 657 3093 729 Ἐκκλησίασ
3125 658 3275 712 ἔσται
3315 658 3372 712 δὲ
3415 659 3485 712 τὰ
3521 661 3653 732 κτήο

2071 759 2217 813 ματα
2245 742 2411 813 αὐτῆς
2435 743 2664 808 ἐκεῖθεν,
2693 745 2815 799 ἀντὶ
2854 746 2949 800 τοῦ
2989 748 3260 814 ἐντεῦθεν,
3295 750 3465 820 ἦγουν
3492 747 3647 804 τοῦδε

2064 834 2160 890 τοῦ
2188 836 2536 908 πράγματος.
2584 836 2717 890 Ἀπὸ
2746 838 2853 910 γάρ
2892 853 2976 891 τοι
3014 839 3109 892 τοῦ
3151 839 3383 910 λαλῆσαι
3428 840 3559 894 Θεὸν
3591 841 3651 894 ἐν

2067 927 2220 997 ἡμῖν,
2273 925 2538 997 ὲνηχῆσαί
2582 943 2641 978 τε
2685 927 2781 980 καὶ
2830 927 2924 980 τοῦ
2963 927 3272 999 πνεύματος
3325 929 3392 983 τά
3440 930 3649 1000 ὅσαπέρ

2066 1016 2216 1070 ἐστιν
2253 1017 2526 1084 ἀναγκαῖα
2564 1016 2701 1088 πρὸς
2745 1017 2892 1088 ζωὴν
2949 1019 3044 1072 καὶ
3087 1019 3416 1088 θεογνωσίαν
3456 1019 3554 1091 τὴν
3591 1022 3649 1073 ὲν

2065 1105 2290 1180 Χριστῷ
2338 1107 2656 1179 νοουμένην,
2699 1107 2766 1162 δι’
2815 1104 2879 1164 οῦ
2943 1112 3037 1164 καὶ
3087 1113 3146 1165 ὲν
3195 1105 3240 1180 ᾧ
3289 1111 3382 1166 τὸν
3427 1111 3650 1182 Πατέρα

2065 1197 2394 1268 τεθεάμεθα,
2419 1198 2900 1272 πεπλουτήκαμεν,
2927 1201 3002 1266 ὡς
3031 1202 3188 1272 ἔφην,
3209 1201 3312 1273 τὴν
3337 1203 3652 1274 ἀμάραντον

2064 1289 2275 1352 ἐλπίδα,
2312 1289 2414 1360 τὴν
2463 1289 2640 1356 δόξαν,
2666 1291 2734 1345 τὰ
2768 1293 3061 1362 αὐχήματα
3098 1293 3200 1363 τῆς
3235 1292 3523 1356 υἱοθεσίας,
3549 1292 3651 1364 τὴν

389 1389 569 1460 χάριν,
608 1387 703 1442 καὶ
745 1386 808 1440 τὸ
847 1382 996 1456 αὐτῷ
1069 1383 1498 1456 συμϐασιλεῦσαι
1544 1382 1783 1456 Χριστῷ.
1827 1374 1994 1436 Αῦται
2057 1381 2165 1434 τῶν
2205 1382 2376 1451 ἁγίων
2429 1382 2485 1436 αἱ
2533 1383 2773 1454 κτήσεις,
2815 1377 2970 1450 οὗτος
3025 1385 3054 1438 6
3091 1385 3339 1458 οὐράνιος
3379 1383 3646 1449 πλοῦτος.

389 1487 609 1555 Φρονετν
641 1483 740 1554 μὲν
763 1481 872 1552 γὰρ
897 1480 1178 1550 ἀνέχονται
1207 1480 1314 1534 τῶν
1355 1481 1613 1549 ἐπιγείων
1644 1478 1796 1533 οὐδέν
1815 1496 1828 1508 ·
1865 1480 2200 1551 μεμισήκασι
2229 1477 2287 1532 δὲ
2315 1479 2406 1532 τὸν
2429 1479 2631 1550 κόσμον
2665 1481 2759 1534 καὶ
2787 1481 2856 1535 τὰ
2884 1483 2944 1535 ὲν
2969 1482 3136 1554 αὐτῷ.

463 1575 624 1630 Vens.
658 1578 743 1632 I5.
785 1576 848 1630 Et
875 1577 1059 1632 vallem
1097 1577 1294 1643 Achar,
1327 1577 1396 1632 ad
1433 1576 1768 1632 averiendam
1809 1575 1964 1630 intel-

389 1668 659 1740 ligentiam
686 1668 820 1738 ejus.

2140 1573 2253 1629 Καὶ
2295 1573 2412 1642 τὴν
2466 1574 2720 1630 κοιλάδα
2780 1574 2978 1646 Ἆχὼρ,
3047 1577 3341 1644 διανοῖξαι
3393 1579 3653 1634 σύνεσιν

2071 1663 2279 1735 αὐτῆς.

464 1757 660 1816 XXIV.
689 1759 1062 1829 Repetendum
1101 1768 1186 1815 est
1225 1774 1286 1814 ex
1321 1758 1688 1829 superioribus
1721 1757 1967 1824 verbum,

2072 1771 2074 1778 λ
2142 1756 2266 1812 ΚΔ’.
2293 1757 2521 1829 ’Έψεται
2556 1758 2718 1814 πάλιν
2744 1759 2824 1830 τῷ
2853 1759 2998 1831 λόγῳ
3021 1759 3102 1825 τδ,
3129 1779 3147 1812 ι
3173 1759 3356 1816 Δώσω.
3391 1779 3410 1812 ι
3437 1779 3456 1812 ι
3481 1761 3647 1817 Δώσω

353 1867 415 1917 χι
447 1849 619 1907 Dabo.
649 1870 667 1902 ι
712 1850 1058 1922 inquitenim
1092 1872 1103 1906 :
1173 1869 1190 1901 ι
1226 1850 1370 1906 Dabo
1420 1849 1792 1920 possessiones
1848 1847 1965 1913 eius

390 1928 784 2021 indatgvgdabo
876 1942 1128 1997 similiter
1191 1941 1386 1997 vallem
1473 1940 1674 2004 Acbor,
1755 1939 1968 2008 aperire

392 2023 807 2102 intellig“
827 2034 964 2102 ejus.
1002 2052 1020 2086 ι
1072 2034 1140 2088 Ει
1179 2033 1321 2102 quod
1365 2031 1674 2102 signiﬁcare
1721 2030 1857 2095 vult,
1913 2029 1968 2085 id

392 2118 834 2196 hujusmo't.
857 2126 965 2182 Nos
994 2125 1084 2196 qui
1117 2125 1467 2190 credidimus,
1507 2137 1689 2179 rerum
1733 2121 1971 2193 agenda-

392 2190 514 2276 rum
561 2190 724 2275 veliti
747 2190 1088 2287 [gemam-et
1135 2216 1413 2287 exemplar
1461 2215 1619 2271 nobis
1667 2190 1970 2285 proponere

392 2236 514 2276 rum
561 2218 724 2275 vel‘titi
747 2218 991 2382 tunam
1032 2226 1088 2274 et
1135 2218 1413 2287 exemplar
1461 2218 1619 2271 nobis
1667 2227 1968 2285 proponere

391 2313 671 2368 studentes
687 2327 749 2368 ea
805 2326 886 2366 uae
909 2310 1188 2367 veteribus
1205 2311 1574 2378 contigerunt,
1597 2315 1659 2361 ut
1678 2306 1968 2362 exitiosum

390 2405 1003 2477 quiddam-aversamur
1035 2404 1202 2458 Deum
1240 2399 1514 2455 oﬁ‘endere
1558 2417 1572 2453 :
1607 2399 1736 2469 quin
1789 2397 1970 2469 potius

390 2497 706 2568 quaerimus,
741 2483 797 2551 et
825 2494 1040 2551 solliciti
1073 2508 1278 2558 sumus,
1311 2507 1418 2562 quo
1448 2502 1608 2562 pacto
1652 2491 1726 2548 illi
1774 2491 1968 2562 placita

391 2588 676 2645 l’aciamus.
708 2586 1152 2659 Sapientissimus
1187 2585 1329 2641 enim
1359 2583 1557 2640 Paulus
1582 2587 1633 2640 in
1665 2585 1784 2641 haec
1804 2583 1968 2640 verba

391 2697 494 2737 nos
519 2684 770 2736 hortatur
801 2699 816 2736 :
851 2699 872 2733 ι
911 2679 1033 2736 Haec
1061 2688 1241 2734 autem
1273 2679 1326 2734 in
1364 2678 1533 2749 ﬁgura
1583 2677 1973 2747 contingebant

391 2772 500 2845 47
528 2773 667 2839 illis;
700 2773 902 2843 scripta
943 2780 1072 2828 sunt
1109 2781 1289 2826 autem
1330 2770 1395 2825 ad
1429 2769 1824 2837 correptionem
1874 2781 1970 2822 no-

392 2874 582 2927 stram,
631 2865 683 2918 in
713 2878 850 2932 quos
887 2863 1020 2917 ﬁnes
1060 2858 1384 2918 saeculorum
1443 2862 1780 2915 devenerunt
1823 2859 1889 2911 δ’δ.
1944 2876 1964 2910 ›

392 2955 554 3011 Ratio
583 2956 748 3027 igitur
780 2957 1103 3025 paedagogia:
1139 2968 1232 3010 seu
1281 2952 1637 3008 institutionis
1677 2952 1746 3005 ad
1799 2950 1970 3004 virtu-

395 3059 503 3103 tem
531 3057 636 3115 est,
670 3057 748 3114 ut,
781 3065 902 3118 qua:
930 3047 1200 3104 veteribus
1229 3053 1546 3112 evenerunt,
1573 3044 1728 3099 nobis
1749 3043 1970 3097 omnino

2071 1851 2199 1924 γὰρ,
2254 1853 2410 1922 φησὶ,
2453 1853 2520 1906 τὰ
2563 1854 2822 1924 κτήματα
2871 1852 3044 1925 αὐτῆς
3090 1854 3320 1912 ἐκεῖθεν.
3370 1855 3538 1908 Δώσω
3592 1853 3652 1910 δὲ

2068 1945 2270 2014 ὁμοίως
2294 1943 2392 2016 τὴν
2413 1944 2634 1999 κοιλάδα
2667 1943 2868 2016 Ἀχὼρ,
2891 1943 3146 2010 διανοῖξαι
3172 1946 3386 2001 σύνεσιν
3412 1946 3602 2016 αὐτῆς.
3625 1965 3645 1998 ι

2068 2035 2181 2091 Καὶ
2212 2036 2241 2090 ὃ
2273 2036 2521 2106 βούλεται
2558 2037 2769 2108 δηλοῦν,
2795 2037 2910 2090 ἔστι
2939 2037 3203 2092 τοιοῦτον
3238 2038 3426 2110 Ἡμεῖς
3464 2039 3515 2093 οἱ
3550 2055 3651 2092 πε-

2069 2129 2444 2192 πιστευκότες,
2470 2128 2826 2183 ὑποτύπωσίν
2853 2146 2978 2183 τινα
3003 2131 3113 2182 τῶν
3135 2131 3426 2201 πρακτέων
3449 2130 3519 2184 τά
3539 2131 3652 2194 τοῖς

2067 2219 2318 2291 ἀρχαίοις
2345 2219 2730 2291 συμϐεϐηκότα
2763 2220 3032 2273 ποιεῖσθαι
3076 2220 3486 2288 σπουδάζοντες,
3513 2238 3654 2294 παρ-

2068 2310 2370 2382 αιτούμεθα
2408 2311 2506 2382 μὲν
2543 2312 2619 2374 ὡς
2655 2311 2875 2383 ὀλέθρου
2908 2311 3170 2381 πρόξενον
3199 2310 3260 2364 τὸ
3295 2309 3653 2382 προσκρούειν

2069 2400 2219 2473 Θεῷο
2243 2400 2511 2474 ζητοῦμεν
2549 2401 2605 2455 δὲ
2629 2401 2848 2472 μᾶλλον,
2870 2402 2965 2456 καὶ
2990 2400 3080 2456 διὰ
3113 2400 3391 2473 φροντίδος
3427 2402 3654 2472 πεποιή-

2073 2492 2215 2564 μεθα
2243 2493 2305 2546 τὸ
2343 2493 2733 2566 ἀποπεραίνειν
2774 2493 2835 2547 τὸ
2882 2493 3108 2547 ἀνδάνον
3147 2492 3318 2563 αὐτῷ.
3349 2493 3655 2565 Προτρέπει

2069 2584 2180 2656 γὰρ
2214 2587 2361 2656 ἡμᾶς
2407 2585 2487 2648 εἰς
2527 2583 2686 2638 τοῦτο
2712 2583 2808 2638 καὶ
2846 2585 2874 2637 6
2915 2584 3222 2652 σοφώτατος
3254 2585 3487 2649 Παῦλος,
3510 2583 3656 2639 οὕτω

2069 2675 2242 2745 λέγων
2266 2692 2282 2707 ο
2325 2695 2344 2729 ι
2396 2675 2581 2730 Ταῦτα
2634 2676 2693 2730 δὲ
2739 2675 2984 2739 τυπικῶς
3037 2675 3350 2730 συνέϐαινεν
3399 2675 3651 2739 ἐκείνοις·

2070 2767 2287 2839 ἐγράφη
2312 2766 2369 2820 δὲ
2396 2767 2535 2839 πρὸς
2562 2767 2847 2822 νουθεσίαν
2873 2767 3053 2838 ἡμῶν,
3077 2769 3157 2831 είς
3178 2766 3273 2832 οὓς
3298 2768 3367 2822 τὰ
3392 2767 3519 2840 τέλη
3541 2767 3656 2822 τῶν

2071 2854 2284 2910 αἰώνων
2311 2859 2666 2927 κατήντησεν.
2701 2876 2720 2909 ι
2759 2859 2972 2928 Τρόπος
3013 2855 3108 2912 οῦν
3138 2859 3246 2930 ἄρα
3278 2860 3654 2929 παιδαγωγίας

2071 2947 2152 3010 είς
2183 2946 2406 3018 ἀρετὴν,
2439 2946 2500 2999 τὸ
2530 2946 2639 3000 δεῖν
2671 2946 2879 3000 οἴεσθαι
2926 2947 3163 3020 καθορᾷν
3193 2948 3262 3002 τὰ
3288 2951 3400 3013 τοῖς
3431 2951 3651 3021 ἀρχαιο·

2071 3036 2251 3108 τέροις
2284 3037 2820 3108 συμϐεϐηκότα.“οτι
2844 3038 3022 3094 τοίνυν
3053 3041 3103 3093 οἱ
3133 3039 3403 3108 ἀπειθεῖς,
3435 3042 3529 3096 καὶ
3565 3042 3655 3108 ἐξ·

394 3144 734 3212 inspicienda
787 3152 845 3198 et
883 3140 1275 3198 consideranda
1321 3149 1591 3209 putemus.
1625 3135 1779 3203 Quod
1812 3134 1970 3205 igitur

2075 3129 2238 3193 ήνιοι,
2273 3129 2368 3182 καὶ
2398 3129 2507 3182 τῶν
2541 3128 2702 3183 θείων
2732 3131 3162 3202 καταφρονηταὶ,
3195 3129 3345 3202 δεινῇ
3389 3133 3483 3186 καὶ
3510 3133 3654 3201 ἀφύ-
3717 3170 3732 3185 .

395 3235 658 3291 increduli
714 3244 771 3291 et
824 3233 1054 3290 rebelles
1111 3231 1526 3300 divinorumque
1592 3226 1969 3282 mandatorum

397 3334 802 3396 contemptores
839 3324 893 3378 in
937 3337 1126 3392 pmnas
1177 3319 1466 3377 horribiles
1511 3326 1568 3373 et
1607 3314 1970 3379 inevitabiles,

397 3414 619 3473 Christo
640 3415 938 3484 judicante,
991 3412 1251 3478 incident,
1298 3407 1613 3480 planissime
1659 3404 1970 3467 ostendere,

391 3515 650 3578 tanquam
667 3508 720 3562 in
740 3507 973 3576 imagine
990 3514 1261 3576 poterunt,
1283 3519 1404 3574 qua:
1426 3501 1694 3571 quondam
1720 3500 1772 3554 in
1789 3497 1974 3554 Achar

392 3608 546 3670 gesta
559 3607 685 3653 sunt
701 3597 768 3656 ",
787 3596 1195 3666 quicontempto
1208 3599 1474 3661 praecepto
1485 3587 1686 3649 divino,
1704 3595 1759 3640 et
1775 3585 1842 3639 de
1859 3584 1974 3639 the-

393 3703 558 3743 sauro
573 3686 894 3755 pretiosiora
913 3684 1144 3746 furatus,
1171 3696 1201 3736 a
1225 3677 1353 3734 Jesu
1390 3677 1535 3731 Nave
1553 3671 1751 3728 Christi
1787 3679 1972 3741 typum

391 3789 635 3849 gerente,
649 3792 772 3832 cum
791 3785 900 3831 tota
914 3775 1072 3829 domo
1090 3787 1185 3828 sua
1205 3776 1451 3825 extremo
1468 3763 1730 3835 supplicio
1743 3771 1825 3817 est
1843 3761 1974 3814 mut-

392 3881 559 3925 tatus.
608 3868 770 3924 Duxit
818 3867 962 3922 enim
998 3875 1120 3935 post
1163 3861 1400 3932 Moysem
1445 3857 1718 3929 populum,
1750 3863 1806 3911 et
1831 3853 1970 3908 ﬁlios

389 3961 555 4017 Israel
575 3975 669 4030 per
682 3958 972 4014 Jordanent
989 3953 1247 4020 traduxit,
1263 3952 1514 4022 idemque
1531 3960 1668 4004 terra
1677 3962 1725 4001 ιιι
1741 3946 1973 4016 promis-

390 4054 564 4109 sionis
579 4051 766 4107 iisdem
784 4047 1058 4104 distribuit
1079 4047 1143 4100 ⁸⁸.
1160 4044 1252 4100 Sic
1263 4052 1442 4099 autem
1461 4042 1526 4096 de
1537 4041 1715 4096 Achar
1731 4051 1972 4093 comme-

389 4154 600 4203 morata
615 4158 674 4200 se
691 4143 913 4198 habent.
926 4140 1096 4195 Simul
1117 4138 1260 4193 enim
1275 4135 1402 4190 furti
1419 4142 1752 4202 compertus,
1771 4138 1825 4184 et
1841 4143 1970 4198 pec-

391 4253 572 4297 catum
603 4237 882 4293 confessus
902 4243 1006 4298 est,
1033 4253 1052 4286 ι
1073 4243 1129 4288 et
1148 4232 1382 4300 accepit,
1401 4227 1598 4296 inquit,
1616 4221 1774 4278 Jesus
1791 4218 1971 4274 Achar

363 4332 562 4387 .tllium
614 4329 785 4394 Zarae,
807 4336 862 4384 et
899 4325 1122 4381 abduxit
1159 4339 1280 4378 eum
1326 4320 1394 4375 ad
1437 4317 1636 4373 vallem
1680 4314 1880 4374 Achor,
1908 4311 1972 4364 ﬁ-

390 4427 493 4478 lios
521 4423 658 4492 ejus,
693 4429 750 4475 et
789 4419 927 4474 ﬁlias
951 4419 1090 4486 ejus,
1123 4424 1178 4470 ct
1208 4413 1408 4469 vitulos
1433 4411 1568 4481 ejus,
1593 4417 1649 4465 et
1670 4405 1968 4478 subjugalia

2071 3236 2186 3290 κτῳ
2235 3219 2660 3292 περιπεσοῦνται
2710 3220 2867 3291 δίκῃ,
2911 3221 3190 3294 κρίνοντος
3234 3223 3330 3276 τοῦ
3375 3221 3654 3295 Χριστοῦ,

2073 3313 2450 3386 παραδείξειεν
2483 3313 2573 3378 ἂν,
2598 3315 2696 3368 καὶ⁵
2730 3315 2876 3386 μάλα
2907 3315 3125 3387 ῥαδίως,
3153 3314 3227 3379 ὡς
3256 3315 3314 3372 ἐν
3333 3333 3396 3386 γε
3426 3319 3538 3380 τοῖς
3562 3317 3656 3370 τύ-

2073 3422 2217 3471 ποις,
2247 3405 2317 3459 τά
2360 3407 2455 3460 ἐπὶ
2493 3405 2572 3477 τῷ
2606 3406 2781 3480 ’Δχαρ
2815 3407 3184 3480 πεπραγμένα
3230 3409 3372 3464 κατὰ
3406 3410 3654 3482 καιρούς.
3757 3405 3776 3418 ’

2079 3499 2175 3562 Ὃς
2196 3497 2296 3568 τῆς
2319 3497 2466 3563 θείας
2493 3497 2766 3571 ἀλογήσας
2785 3499 3022 3570 ἐντολῆς,
3051 3500 3146 3555 καὶ
3173 3499 3454 3570 κεκλοφὼς
3477 3502 3542 3555 ὲκ
3561 3499 3654 3554 τοῦ

2073 3592 2445 3663 ἀναθήματος,
2480 3587 2850 3664 Ιὶειιιιμώρηειῖαι
2905 3593 3145 3659 πανοικὶ,
3171 3594 3363 3665 ποινὴν
3411 3594 3654 3664 ὲπαρτή-

2077 3699 2268 3747 σαντος
2295 3684 2395 3752 τὴν
2427 3684 2664 3754 ἐσχάτην
2690 3684 2840 3755 αὐτῷ
2875 3684 3049 3755 Ἰησοῦ
3075 3686 3170 3738 τοῦ
3201 3685 3380 3756 Ναυῆ,
3411 3685 3512 3754 τὴν
3559 3684 3656 3737 τοῦ

2071 3773 2309 3844 Χριστοῦ
2338 3771 2676 3845 πληροῦντος
2707 3774 3339 3846 είκὸνα.Ἐστρατήγησε
3380 3775 3490 3845 γὰρ
3517 3775 3654 3846 μετά
3735 3812 3742 3818 -

2072 3865 2294 3930 Μωσέα,
2324 3867 2418 3919 καὶ
2446 3865 2608 3928 αὐτὸς
2640 3865 2913 3919 διεϐίϐασε
2940 3867 3032 3920 τὸν
3066 3869 3338 3940 Ἰορδάνην
3361 3871 3485 3932 τοὺς
3507 3867 3658 3934 υἱοὺς

2084 3957 2321 4028 Ἰσραὴλ,
2356 3957 2450 4010 καὶ
2492 3957 2654 4021 αὐτὸς
2685 3958 2870 4022 αὐτοῖς
2899 3959 3396 4034 κατεκληροδότησε
3425 3961 3524 4032 τῆς
3553 3963 3660 4014 ἐπ-

2072 4049 2334 4117 αγγελίας
2359 4050 2461 4118 τὴν
2490 4049 2777 4118 γῆν.”Εχει
2805 4050 2861 4103 δὲ
2892 4049 3035 4105 οὕτω
3057 4053 3126 4106 τὰ
3151 4054 3244 4105 ἐπὶ
3260 4053 3336 4123 τῷ
3353 4056 3528 4124 Ἀχαρ
3559 4071 3660 4122 γε-

2073 4138 2387 4211 γραμμένα.
2406 4139 2624 4211 Ἐπειδὴ
2659 4141 2767 4212 γὰρ
2795 4142 2937 4197 ἑάλω
2981 4143 3284 4213 κεκλοφὼς,
3323 4147 3416 4200 καὶ
3444 4146 3658 4216 ὡμολό-

2071 4247 2210 4301 γησε
2240 4232 2340 4302 τὴν
2388 4231 2682 4302 ἁμαρτίαν,
2709 4251 2727 4284 ι
2753 4235 2864 4289 Καὶ
2884 4234 3065 4300 ἔλαϐε,
3103 4237 3288 4307 φησὶν,
3306 4236 3512 4308 Ἰησοῦς
3561 4237 3657 4293 τὸν

2077 4323 2255 4393 Ἀχαρ
2284 4320 2398 4375 υίὸν
2425 4321 2596 4392 Ζαρὰ,
2634 4323 2730 4378 καὶ
2766 4325 3056 4394 ἀπήγαγεν
3080 4326 3245 4380 αὐτὸν
3279 4328 3362 4391 είς
3393 4328 3658 4399 φάραγγα

2071 4411 2272 4484 ’Λχὼρ,
2305 4413 2398 4466 καὶ
2431 4414 2558 4478 τοὺς
2590 4417 2741 4480 υἱοὺς
2768 4417 3067 4484 αὐτοῦ,κα“ι
3093 4417 3193 4482 τὰς
3223 4419 3526 4490 θυγατέρας
3553 4421 3660 4475 αὑ-

391 4515 528 4583 ejus,
551 4490 618 4568 iet
647 4527 776 4568 oves
789 4511 927 4580 ejus,
949 4518 1002 4565 et
1037 4504 1441 4564 tabernaculum
1471 4500 1610 4568 ejus,
1639 4511 1695 4554 et
1713 4509 1964 4554 cunctam

2072 4503 2187 4567 τοῦ,
2218 4503 2315 4558 καὶ
2338 4505 2464 4568 τοὺς
2494 4506 2729 4577 μόσχους
2754 4507 2944 4572 αὐτοῦ,
2963 4509 3056 4562 καὶ
3079 4509 3147 4562 τὰ
3172 4508 3442 4578 ὑποζύγια
3463 4509 3656 4577 αὑτοῦ,

391 4607 774 4675 supellectilem
806 4603 945 4673 ejus,
986 4610 1042 4657 et
1087 4598 1266 4655 omnis
1315 4594 1547 4666 populus
1594 4607 1718 4647 cum
1772 4605 1858 4658 eo,
1917 4597 1972 4645 et

394 4702 779 4754 cluxcrunteos
810 4695 875 4750 ad
912 4689 1258 4764 Ἑμεκαχώρ,
1283 4691 1334 4744 id
1358 4697 1436 4742 est
1463 4684 1652 4740 vallem
1678 4682 1877 4738 Achor.
1907 4682 1974 4736 Et.

391 4793 529 4848 dixit
549 4791 708 4848 Jesus
733 4790 800 4843 ad
829 4787 1011 4842 Achar
1041 4803 1056 4840 :
1086 4783 1265 4849 Quare
1297 4777 1578 4849 perdidisti
1617 4776 1750 4831 nos?
1773 4775 1970 4830 Perdat

395 4872 448 4937 te
479 4882 736 4937 Dominus
764 4879 905 4934 sicut
935 4887 991 4931 et
1017 4876 1201 4930 hodie.
1240 4873 1306 4928 Et
1332 4870 1592 4940 lapidavit
1620 4882 1742 4922 eum
1790 4866 1968 4921 omnis

389 4975 618 5047 p0pulus
639 4972 822 5038 Israel,
841 4981 896 5026 ct
919 4975 1379 5036 congregaverunt
1395 4976 1558 5032 super
1571 4975 1692 5015 eum
1715 4973 1967 5014 acervum

392 5068 631 5137 lapidum
682 5077 935 5132 magnum
965 5060 1030 5113 ⁸⁷.
1077 5079 1096 5112 ι
1134 5058 1316 5112 Achor
1352 5057 1516 5126 igitur
1546 5053 1834 5122 exponitur
1863 5053 1971 5106 dis-

394 5159 575 5223 tortio,
607 5170 700 5210 seu
733 5151 1017 5223 pervenio.
1048 5149 1240 5204 Juncta
1267 5157 1446 5202 autem
1475 5160 1575 5200 vox
1621 5141 1966 5214 Ἑμεκαχώρ,

395 5247 715 5316 intelligitur
767 5242 921 5299 vallis
979 5239 1342 5312 perversionis.
1381 5237 1456 5292 lbi
1502 5236 1702 5300 Achar,
1756 5244 1815 5290 ut
1856 5234 1968 5289 Deo

394 5353 642 5402 exosum,
674 5334 1095 5402 divitiarumque
1143 5331 1358 5385 avidum
1409 5328 1500 5382 lilii
1549 5327 1711 5383 Israel
1759 5327 1974 5382 occide-

396 5437 544 5492 runt,
570 5440 693 5481 cum
720 5425 972 5481 omnibus
994 5440 1114 5494 qua:
1135 5422 1385 5478 trahebat.
1411 5421 1681 5489 Scriptum
1713 5429 1798 5474 est
1828 5419 1971 5473 enim

401 5536 422 5569 ι
460 5518 655 5586 impios
681 5517 942 5572 radicitus
975 5517 1041 5572 de
1069 5525 1209 5572 terra
1245 5517 1514 5586 perituros
1550 5514 1614 5566 ‘3.
1654 5532 1672 5565 ι
1715 5512 1976 5567 Similiter

396 5609 494 5665 ﬁet
520 5609 575 5669 in
609 5608 867 5666 extremis
917 5609 1100 5664 saeculi
1158 5611 1514 5681 temporibus,
1555 5605 1768 5675 quando
1821 5604 1975 5660 nobis

475 5767 523 5802 ⁵³
548 5769 569 5824 Ι
597 5765 741 5827 Ρειΐ.
774 5787 827 5840 v,
868 5772 921 5828 ιί.

999 5775 1041 5807 δ’*
1073 5773 1095 5828 l
1124 5773 1250 5830 Cor.
1291 5791 1346 5840 ι,
1376 5775 1430 5828 2.
1474 5773 1652 5828 "los.
1695 5789 1790 5840 vit,
1821 5773 1910 5828 23.
1992 5772 2165 5831 "los.
2207 5791 2286 5843 ιιι,
2325 5777 2370 5830 l.

2077 4599 2174 4652 καὶ
2222 4601 2292 4653 τὰ
2343 4601 2590 4672 πρόϐατα
2634 4602 2820 4666 αὐτοῦ,
2850 4607 2946 4659 καὶ
2972 4604 3072 4676 τὴν
3104 4603 3310 4674 σκηνὴν
3339 4601 3528 4668 αὐτοῦ,
3561 4603 3661 4655 καὶ

2077 4689 2254 4744 πάντα
2285 4691 2355 4745 τὰ
2380 4692 2693 4766 ὑπάρχοντα
2717 4695 2910 4758 αὑτοῦ,
2937 4696 3034 4750 καὶ
3062 4697 3171 4760 πᾶς
3205 4697 3233 4749 6
3259 4695 3387 4759 λαὸς
3417 4695 3532 4765 μετ’
3553 4693 3659 4747 αὑ·-

2074 4783 2190 4848 τοῦ,
2219 4785 2314 4838 καὶ
2347 4786 2623 4857 ἀνήγαγεν
2651 4787 2848 4850 αὐτοὺς
2874 4789 2956 4851 είς
2977 4786 3321 4860 Ἐμεκαχώρ.
3353 4786 3463 4841 Καὶ
3504 4781 3662 4840 εἶπεν

2089 4876 2292 4948 Ἰησοῦς
2320 4876 2398 4948 τῷ
2421 4878 2630 4948 ’Ἀχαρ⁹
2662 4878 2727 4930 Τί
2751 4877 2833 4931 ὅτι
2860 4878 3202 4951 ὼλόθρευσας
3225 4880 3405 4950 apag;
3447 4878 3660 4942 Ἐξολο-

2077 4969 2302 5040 θρεύσαι
2337 4987 2396 5022 σε
2431 4968 2656 5040 Κύριος,
2684 4969 2827 5024 καθὰ
2850 4971 2945 5025 καὶ
2978 4973 3237 5043 σήμερον.
3266 4971 3376 5024 Καὶ
3417 4968 3661 5023 ἐλιθοϐό-

2076 5058 2248 5130 λησαν
2272 5061 2434 5112 αὑτὸν
2462 5059 2631 5123 λίθοις
2657 5061 2765 5125 πᾶς
2795 5061 3027 5134 Ἰσραὴλ,
3055 5062 3149 5116 καὶ
3177 5062 3485 5132 ἐπέστησαν
3506 5061 3664 5132 αὺτῷ

2079 5152 2254 5221 σωρὸν
2305 5151 2468 5204 λίθων
2511 5153 2705 5221 μέγαν.
2739 5171 2756 5204 ι
2796 5152 2972 5226 Ἀχὼρ
3017 5153 3116 5224 μὲν
3160 5149 3252 5208 οὖν
3293 5153 3664 5224 ἑρμηνεύεται

2073 5242 2425 5312 διαστροφή.
2459 5244 3042 5315 Προσεπενηνεγμένου
3094 5245 3150 5299 δὲ
3181 5244 3276 5299 τοῦ
3308 5246 3660 5317 Ἐμεκαχὼρ,

2075 5337 2275 5389 νοεῖται
2302 5335 2364 5404 δὴ
2383 5334 2546 5389 πάλιν
2573 5339 2783 5404 κοιλὰς
2797 5335 3188 5407 διαστροφῆς.
3209 5339 3356 5390 Ἐκεῖ
3368 5339 3460 5391 τὸν
3477 5338 3664 5408 Ἀχαρ

2075 5425 2438 5481 ἀπεκτόνασιν
2482 5427 2558 5492 ὡς
2609 5429 2834 5500 θεομισῆ
2897 5429 2992 5483 καλ⁸
3051 5428 3404 5498 φιλόπλουτον
3447 5429 3496 5481 οἱ
3550 5427 3669 5481 υἱοὶ

2089 5518 2304 5588 Ἰσραὴλ
2325 5559 2339 5582 ,
2374 5519 2700 5589 προσθέντες
2728 5519 2878 5590 αὐτῷ
2913 5519 3006 5572 καὶ
3040 5520 3220 5573 πάντα
3248 5519 3318 5572 τὰ
3345 5517 3532 5573 αὐτοῦ.
3557 5517 3595 5570 Γ
3598 5517 3667 5568 ἐ-

2079 5625 2318 5679 γραπται
2371 5610 2519 5680 γάρ,
2561 5610 2642 5663 ὅτι
2691 5629 2710 5662 ‹
2753 5610 2814 5663 Οἱ
2859 5608 3078 5674 ἀσεϐεῖς
3121 5607 3391 5678 ὁλόρριζοι
3437 5609 3501 5660 ὲκ
3553 5604 3670 5676 γῆς

2453 5777 2490 5808 ιτ
2531 5775 2641 5832 λοε.
2685 5791 2780 5841 νη,
2810 5773 3002 5830 £15.26,
3082 5774 3124 5806 δι’
3154 5769 3294 5830 Psal.
3331 5786 3406 5837 LI,
3431 5771 3482 5824 7ο
