4094 6460
362 299 434 354 85
1283 298 1839 360 COMMENTARIUS
1877 306 1942 361 IN
1990 308 2222 364 OSEAM
2263 305 2719 362 PROPIIETAM.
3593 298 3663 356 88

358 417 632 474 ὀλοῦνται.
665 436 683 468 ι
726 416 914 480 Οῦτως
958 418 1111 473 ἔσται
1149 423 1241 475 καὶ
1273 423 1330 476 ἐν
1357 424 1606 494 ἐσχάτοις
1636 423 1731 477 τοῦ
1771 425 1956 491 αἰῶνος

2069 427 2303 496 desuper
2344 441 2376 482 e
2435 425 2573 479 cmlo
2624 424 2874 479 Christus
2930 423 3200 484 adveniet,
3270 437 3290 471 ι
3355 419 3659 472 redditurus

357 512 600 582 καιροῖς,
651 509 784 563 ὅταν
825 510 959 581 ἡμῖν
1009 512 1218 568 ἄνωθεν
1269 514 1327 581 ἐξ
1382 515 1615 586 οὐρανοῦ
1670 517 1964 588 καθίκηται

355 600 623 672 Χριστὸς,
660 619 678 653 ι
701 601 1029 657 Ἀποδώσων
1055 605 1272 678 ἑκάστῳ
1305 607 1446 661 κατὰ
1474 608 1543 662 τὰ
1576 607 1716 680 ἔργα
1737 611 1957 664 αὐτοῦ.»

353 689 500 754 Τοὺς
532 691 645 763 γὰρ
673 690 926 746 ἀπειθεῖν
960 694 1276 766 ᾑρημένους
1313 701 1436 764 ταῖς
1481 699 1656 766 θείαις
1700 702 1961 769 ἐντολαῖς,

349 783 450 835 καὶ
486 783 558 836 τὰ
585 784 646 836 ὲν
691 784 886 855 κόσμῳ
923 787 1129 856 μᾶλλον
1157 789 1539 864 ἠγαπηκότας,
1577 787 1687 848 οἷον
1729 795 1811 859 είς
1855 795 1961 864 φά-

353 889 546 943 ραγγα
579 873 804 944 βαθεῖαν
846 877 939 930 τὸν
970 877 1105 950 ᾆδην
1139 881 1508 952 κατενεγκὼν,
1550 901 1567 934 ι
1598 886 1803 947 κακοὺς
1852 903 1954 939 κα-

347 963 468 1028 κῶς
510 966 791 1020 ἀπολέσει.
821 988 840 1020 ›
873 988 891 1021 ι
920 969 1088 1024 Δώσω
1110 990 1128 1022 ι
1156 973 1360 1037 τοίνυν,
1385 976 1540 1046 φησὶ,
1569 996 1587 1028 ‹
1611 977 1711 1048 τὴν
1740 977 1964 1033 κοιλάδα

359 1056 572 1128 Ἀχὼρ,
624 1059 746 1131 ἦτοι
781 1060 1148 1134 Ἐμεκαχὼρ,
1204 1066 1285 1129 είς
1326 1066 1387 1120 τὸ
1433 1067 1694 1136 διανοῖξαι
1745 1070 1961 1124 σύνεσιν

342 1148 556 1221 αὐτῆς.
591 1169 610 1203 ι
640 1153 836 1206 Ἔσται
863 1153 974 1225 γάρ
1004 1156 1165 1227 αὐτῇ,
1202 1158 1356 1228 φησὶ,
1388 1159 1496 1213 τῶν
1527 1161 1731 1234 σφόδρα
1765 1165 1959 1236 χρησί-

343 1258 498 1311 μων,
529 1245 611 1308 είς
643 1244 704 1298 τὸ
737 1246 1013 1318 ἀνανῆψαι
1043 1247 1174 1313 δεῖν,
1207 1249 1303 1304 καὶ
1350 1253 1414 1306 ὲκ
1457 1254 1557 1325 τῆς
1581 1257 1817 1326 αρχαίας
1848 1275 1960 1311 πω-

341 1332 586 1403 ρώσεως
613 1337 715 1408 τῆς
740 1336 982 1402 διανοίας
1011 1337 1102 1392 τὸν
1123 1339 1405 1416 ὀφθαλμὸν
1427 1345 1722 1418 ἀνευρῦναι
1745 1348 1956 1417 λοιπὸν,

335 1425 419 1478 τά
477 1431 855 1502 πεπραγμένα
902 1431 1045 1485 κατὰ
1095 1437 1324 1506 καιροὺς
1374 1439 1435 1492 ὲν
1482 1442 1549 1512 τῇ
1599 1441 1805 1497 κοιλάδι
1854 1441 1957 1514 τῆς

351 1519 700 1594 Ἐμεκαχὼρ
729 1523 1127 1594 (διαστροφῆς
1140 1524 1198 1579 δὲ
1225 1530 1480 1588 κοιλάδα
1504 1533 1597 1586 τὸν
1624 1532 1802 1604 χῶρον
1823 1533 1957 1588 ώνό-

340 1626 532 1681 μασεν
557 1629 572 1643 ⁸
598 1615 720 1668 ἐκεῖ
745 1615 856 1688 γὰρ
890 1619 1219 1675 πεπτώκασι
1244 1621 1356 1676 τῶν
1385 1623 1446 1688 ἐξ
1474 1624 1691 1702 Ἰσραὴλ
1712 1626 1812 1679 οὐκ
1845 1625 1954 1680 ὀλί-

334 1717 463 1771 γοι,
486 1701 802 1762 διωκόντων
825 1710 1026 1775 αὐτοὺς
1055 1714 1164 1768 τῶν
1189 1712 1298 1769 ἀπὸ
1324 1713 1423 1785 τῆς
1455 1701 1606 1779 Γαῒν,
1633 1715 1729 1771 καὶ
1751 1716 1953 1788 πολλὴν

2070 519 2365 589 unicuique
2397 518 2694 573 secundum
2729 532 2892 587 opera
2927 530 3024 571 sua
3053 517 3116 567 δ’.
3157 533 3175 566 ι
3222 512 3426 567 Divinis
3463 512 3664 578 quippe

2071 613 2341 668 mandatis
2379 611 2772 673 inobcdienteC,
2821 619 2876 664 et
2909 610 2998 680 qui
3047 623 3169 679 qua:
3199 606 3252 660 in
3301 603 3502 658 mundo
3542 608 3670 654 sunt

2069 705 2249 776 potius
2277 705 2608 770 dilexerunt,
2643 719 2744 760 ceu
2777 704 2829 760 in
2863 703 3056 758 vallem
3097 697 3422 770 profundam
3469 697 3520 748 iu
3579 691 3667 745 in-

2070 797 2280 852 fernunt
2313 796 2629 852 deturbatos
2660 815 2679 848 ‹
2719 797 2888 851 malos
2922 794 3061 850 male
3089 792 3280 862 perdet
3315 790 3385 844 ⁵⁸.
3427 801 3449 839 ›
3490 784 3670 853 lnqnit

2067 889 2231 960 igitur
2262 906 2276 944 :
2307 907 2327 941 ι
2383 889 2527 944 Dabo
2562 888 2752 944 vallem
2802 889 2984 944 Achor
3026 886 3162 946 (sive
3200 876 3546 954 Ἐμεκαχώρ)
3597 875 3667 929 ad

2064 981 2413 1051 aperiendam
2459 983 2558 1051 ipsi
2599 981 3032 1049 intelligentiam.
3084 997 3102 1031 ι
3161 978 3277 1031 Erit
3333 975 3532 1044 quippe
3587 971 3663 1025 illi

2066 1088 2322 1145 perquam
2353 1073 2503 1139 utile,
2541 1075 2734 1142 inquit,
2766 1073 2885 1142 cogi
2921 1072 2987 1125 ad
3026 1067 3477 1140 rcsipiscendnnt,
3509 1070 3564 1116 et
3596 1063 3663 1115 ad

2063 1166 2256 1222 oculos
2294 1166 2492 1221 mentis
2524 1179 2589 1220 ex
2613 1165 2836 1233 antiqua
2870 1162 3118 1218 caecitate
3148 1160 3199 1213 in
3223 1167 3497 1228 posterum
3533 1168 3665 1223 ape-

2065 1255 2476 1312 riendos.Facta
2506 1256 2632 1312 olim
2654 1255 2704 1310 in
2737 1255 2875 1310 valle
2908 1252 3240 1325 Ἐμεκαχώρ
3263 1250 3447 1321 (quem
3480 1245 3662 1300 locum

2061 1349 2409 1418 perrersionis
2457 1348 2645 1404 vallem
2679 1346 3018 1415 interpretati
3056 1353 3218 1410 sunt;
3266 1343 3338 1397 ibi
3386 1339 3659 1408 siquidem

2062 1457 2168 1497 non
2200 1442 2354 1511 pauci
2384 1455 2449 1496 ex
2486 1438 2649 1494 Israel
2680 1438 3014 1502 ceciderunt,
3052 1436 3243 1492 incolis
3284 1433 3382 1490 llai
3410 1446 3506 1488 eos
3540 1444 3665 1499 per-

2060 1533 2432 1603 sequentibus,
2485 1541 2541 1587 et
2590 1520 2756 1587 multa
2809 1533 3011 1589 ibidem
3075 1529 3351 1601 perversio
3411 1523 3664 1592 contigit.

2058 1634 2282 1696 putante
2320 1624 2448 1680 Jesu
2486 1623 2737 1680 lsraelem
2759 1624 2935 1679 divina
2980 1623 3316 1694 benignitate
3342 1615 3530 1692 “et
3555 1630 3659 1683 opc

2058 1717 2373 1789 excidisse).
2402 1716 2566 1772 Facta
2597 1717 2781 1788 igitur,
2807 1715 3084 1786 inquit,.iu
3111 1713 3250 1768 valle
3272 1709 3659 1782 perv-er‘sionis,

335 1794 559 1867 συνέϐη
614 1798 874 1866 γενέσθαι
927 1801 1285 1879 διαστροφὴν,
1319 1805 1596 1878 οἰηθέντος
1641 1807 1816 1878 Ἰησοῦ
1861 1809 1956 1880 τῆς

2067 1818 2292 1879 propter
2323 1824 2446 1865 eum
2482 1809 2573 1878 qui
2608 1808 2921 1863 mandatum
2951 1807 3192 1862 divinum
3218 1802 3528 1872 transgredi
3561 1816 3661 1852 an-

333 1888 485 1960 περὶ
515 1889 656 1943 Θεοῦ
714 1892 936 1960 φειδοῦς
965 1897 1062 1950 καὶ
1111 1898 1438 1970 ἐπικουρίας
1480 1898 1842 1971 ἀπολισθῆναι
1873 1901 1965 1956 τὸν

348 1982 650 2053 ’1σραήλ)·
680 1984 751 2039 τά
780 1990 1155 2061 πεπραγμένα
1183 1990 1249 2063 δὴ
1283 1988 1401 2058 οῦν,
1433 1992 1621 2063 φησὶν,
1670 1994 1728 2046 ὲν
1768 1995 1836 2065 τῇ
1862 1993 1965 2062 φά-

334 2089 524 2144 ραγγι
554 2075 658 2144 τῆς
688 2075 1050 2150 διαστροφῆς,
1076 2082 1170 2135 ἐπὶ
1197 2082 1277 2152 τῷ
1307 2083 1407 2153 τὴν
1435 2083 1585 2138 θείαν
1611 2083 1832 2155 ἐντολὴν
1857 2101 1964 2136 πα-

336 2164 964 2242 ραλῦσαθτολμήσαντι,
984 2171 1241 2238 διανοίξει
1263 2174 1366 2246 τὴν
1389 2174 1609 2228 σύνεσιν
1631 2176 1805 2247 αὐτῆς
1826 2175 1964 2248 πρὸς

329 2257 400 2310 τὸ
434 2257 645 2312 εἰδέναι
676 2259 968 2334 λαμπρῶς,
994 2265 1075 2330 είς
1095 2261 1207 2321 οἷον
1232 2266 1530 2338 ὲκόήσεται
1555 2267 1710 2332 τέλος
1733 2269 1848 2333 τοῖς
1870 2285 1964 2323 και

329 2353 644 2421 ταφρονεῖν
683 2352 928 2409 ἐθέλουσι
961 2355 1024 2410 τὸ
1057 2359 1592 2431 ὲγχείρημα.⁹Ἀθρει
1635 2359 1691 2413 δὲ
1719 2360 1870 2423 ὅπως
1898 2360 1960 2414 οὐ

330 2443 624 2516 πρότερον
665 2445 878 2504 δέδοται
923 2447 1063 2521 πρὸς
1089 2450 1150 2505 τὸ
1177 2452 1441 2518 διανοῖξαι
1475 2452 1691 2509 σύνεσιν
1723 2453 1897 2526 αὐτῆς
1925 2455 1960 2526 ἡ

329 2536 535 2602 κοιλὰς
571 2539 605 2608 ή
649 2539 863 2614 ’Δχὼρ,
912 2543 1040 2615 πρὶν
1065 2542 1132 2598 ἂν
1156 2544 1458 2616 λελάληκεν
1490 2549 1572 2610 είς
1598 2546 1698 2617 τὴν
1731 2539 1960 2619 καρδίαν

328 2626 542 2696 αὐτῆςο
582 2629 647 2682 οὐ
677 2629 789 2705 γὰρ
827 2630 895 2686 ἂν
931 2635 1142 2689 συνεῖεν
1175 2634 1273 2700 τὰς
1306 2635 1459 2701 θείας
1492 2636 1714 2701 ἐντολὰς
1756 2638 1807 2691 oi
1848 2638 1961 2692 τῶν

341 2719 632 2774 Ἰουδαίων
658 2721 846 2794 δῆμοι,
877 2725 996 2779 ἀλλ’
1017 2727 1124 2781 οὐδ’
1143 2729 1210 2782 ἂν
1245 2729 1303 2782 ὲν
1330 2728 1522 2793 τύποις
1548 2728 1960 2801 καταθρήσειαν

325 2811 393 2864 τὸ
435 2813 689 2884 Χριστοῦ
723 2818 1057 2888 μυστήριον,
1078 2821 1126 2872 εί
1161 2819 1236 2892 μὴ
1259 2819 1367 2891 ἄρα
1392 2819 1518 2874 καθ’
1537 2822 1684 2893 ἡμᾶς
1704 2821 1832 2884 τοὺς
1854 2821 1956 2893 ἤδη

326 2907 791 2975 πεπιστευκότας
823 2910 924 2984 τὴν
950 2911 1046 2965 τοῦ
1090 2913 1248 2982 ἁγίου
1281 2913 1603 2985 Πνεῦματος
1641 2914 1958 2970 καταπλου-

323 3001 572 3071 τήσειαν
607 3001 854 3071 μέθεξιν,
889 3005 988 3058 καὶ
1031 3007 1131 3077 τῆς
1179 3005 1388 3060 ἀνωθεν
1419 3006 1790 3076 φωταγωγίας
1820 3006 1960 3060 ἀπο-

322 3092 610 3164 δειχθεῖεν
665 3097 1093 3168 μετεσχηκότες.
1129 3097 1470 3152 Πιστώσεται
1517 3099 1574 3152 δὲ
1615 3099 1754 3172 πρὸς
1799 3099 1960 3154 τοῦτο

325 3186 494 3256 ἡμᾶς
521 3187 552 3238 ὁ
587 3185 866 3258 μακάριος
891 3190 1123 3261 γράφων
1172 3189 1387 3255 Παῦλος
1416 3190 1545 3260 περὶ
1566 3190 1674 3245 τῶν
1698 3190 1758 3257 ἐξ
1787 3191 1956 3264 αἴμαυ

321 3295 423 3342 τος
464 3278 696 3350 Ἰσραήλ
718 3296 730 3308 ·
758 3299 774 3332 ι
793 3281 956 3353 ’Ἄχρι
990 3282 1099 3354 γὰρ
1129 3284 1230 3354 τῆς
1257 3284 1497 3356 σήμερον
1526 3284 1744 3357 ἡμέρας
1768 3285 1830 3339 τὸ
1856 3288 1959 3342 κά-

323 3369 390 3423 λυ
399 3388 537 3442 μμα
554 3371 653 3423 ἐπὶ
675 3372 740 3442 τῇ
757 3371 1068 3443 ἀναγνώσει
1090 3373 1190 3445 τῆς
1209 3374 1456 3438 Παλαιᾶς
1477 3375 1756 3448 Διαθήκης
1781 3376 1955 3447 μένει,

325 3463 409 3537 μὴ
464 3465 1020 3538 ἀνακαλυπτόμενον,
1063 3468 1145 3523 ὃτι
1199 3470 1254 3523 έν
1305 3469 1528 3542 Χριστῷ
1579 3473 1954 3541 καταργεῖται.

335 3556 494 3610 Ἀλλ’
529 3556 640 3621 ἕως
695 3557 962 3630 σήμερον,
1013 3558 1176 3631 ἡνίκα
1231 3560 1675 3631 ἀναγινώσκεται
1724 3563 1954 3632 Μωσῆς,

321 3650 614 3721 κάλυμμα
646 3649 740 3704 ἐπὶ
769 3651 870 3722 τὴν
898 3651 1126 3723 καρδίαν
1161 3652 1343 3707 αὐτῶν
1369 3654 1567 3706 κεῖται.
1585 3652 1778 3706 Ἦνίκα
1807 3653 1850 3707 δ’
1885 3653 1951 3707 ἂν

322 3741 658 3814 ἐπιστρέψῃ
683 3742 821 3812 πρὸς
848 3741 1079 3812 Κύριον,
1103 3745 1474 3815 περιαιρεῖται
1497 3742 1557 3796 τὸ
1584 3742 1872 3814 κάλυμμα.
1893 3742 1950 3796 '0

320 3833 378 3888 δὲ
433 3832 660 3906 Κύριος
702 3831 764 3886 τὸ
796 3831 1024 3903 Πνεῦμά
1051 3833 1235 3886 ἐστιν·
1264 3824 1326 3886 οῦ
1360 3833 1417 3887 δὲ
1445 3831 1674 3904 Πνεῦμα
1711 3832 1944 3902 Κυρίου,

319 3923 652 3996 ἐλευθερία.
686 3942 705 3976 ι
743 3924 1020 3996 Πρότερον
1063 3923 1244 3978 τοίνυν
1274 3924 1355 3988 είς
1387 3923 1486 3995 τὴν
1524 3922 1751 3993 καρδίαν
1777 3920 1948 3992 αὐτῆς

319 4017 603 4090 λαλήσειν
636 4017 1064 4089 ἐπαγγέλλεται,
1095 4017 1220 4082 τοὺς
1258 4017 1438 4082 θείους
1479 4017 1650 4087 αὐτῆς
1678 4015 1952 4086 ἐγχαράτ-

320 4128 528 4175 τοντος
549 4110 775 4182 νόμους,
797 4111 892 4164 καὶ
914 4110 1297 4181 παιδαγωγίαν
1317 4110 1415 4181 τὴν
1443 4108 1654 4164 ἄνωθεν
1675 4108 1770 4163 τοῦ
1795 4108 1951 4176 ἁγίου

322 4203 482 4259 Πνεύ
493 4221 671 4274 ματος
691 4221 708 4235 ο
740 4200 841 4258 εἷθ’
873 4202 1049 4269 οὕτως
1072 4205 1329 4276 συνήσειν
1355 4204 1451 4258 καὶ
1472 4202 1543 4257 τά
1564 4205 1622 4256 ὲν
1649 4204 1715 4274 τῇ
1741 4200 1949 4257 κοιλάδι

316 4299 774 4372 τῆςἙμεκαχὼρ
789 4299 1040 4363 τυπικῶς
1052 4317 1111 4353 τε
1129 4299 1224 4353 καὶ
1239 4298 1526 4372 ίστορικῶς
1561 4296 1953 4368 πεπραγμένα,

2068 1915 2164 1956 sus
2197 1899 2393 1966 fuerat,
2439 1901 2687 1972 aperiant
2729 1900 3137 1971 intelligentiam
3189 1897 3328 1966 ejus,
3377 1905 3434 1949 ut
3487 1894 3656 1947 mani-

2067 1991 2208 2048 l‘este
2238 1990 2399 2058 sciat,
2428 2007 2586 2061 quem
2614 1992 2774 2047 tinem
2803 2001 3238 2062 contemptorum
3274 1988 3484 2042 facinus
3507 1986 3634 2040 habi

2068 2091 2247 2138 turum
2279 2082 2372 2140 sit.
2402 2080 2686 2152 Perpende
2717 2093 2895 2138 autem
2927 2081 3200 2154 quomodo
3231 2095 3337 2135 non
3361 2078 3514 2150 pitius
3539 2078 3662 2131 dat...

2065 2174 2138 2229 sit
2168 2174 2234 2228 ad
2271 2173 2620 2244 aperiendam
2654 2173 3068 2243 intelligentiam
3107 2172 3226 2240 ejus
3261 2171 3416 2226 vallis
3458 2171 3661 2234 Achor,

2065 2280 2225 2336 quam
2254 2265 2567 2335 loqueretur
2591 2267 2658 2321 ad
2688 2281 2784 2322 cor
2816 2265 2952 2336 ejus.
2993 2267 3109 2322 Nec
3139 2265 3284 2319 enim
3315 2264 3497 2318 divina
3525 2278 3663 2333 prat-

2064 2351 2218 2427 cepta
2248 2355 2557 2413 Judaaorum
2596 2359 2824 2429 pepulus
2862 2359 3219 2429 intelligeret;
3267 2371 3364 2413 nec
3413 2356 3465 2410 in
3519 2355 3662 2426 typis

2064 2449 2269 2506 Christi
2299 2452 2620 2522 mysterium
2653 2452 2975 2522 aspexisset,
3013 2451 3136 2515 nisi,
3173 2461 3225 2505 ut
3261 2464 3382 2509 nos,
3413 2447 3506 2518 qui
3542 2463 3662 2500 cre-

2064 2542 2318 2608 didimus,
2370 2544 2753 2598 communione
2809 2542 3047 2613 Spiritus
3110 2543 3282 2597 sancti
3335 2551 3552 2605 aut-tus,
3605 2550 3662 2592 et

2063 2650 2298 2706 superna
2329 2636 2728 2692 illutninatione
2759 2637 3010 2706 dignatus
3039 2635 3249 2689 fuisset.
3279 2633 3358 2688 Ad
3400 2634 3506 2687 hoc
3538 2645 3661 2686 ere-

2063 2727 2296 2782 dendum
2326 2742 2426 2782 nos
2451 2727 2670 2783 inducet
2714 2715 2907 2782 beatus
2939 2726 3155 2792 Paulus,
3206 2727 3272 2780 de
3311 2723 3558 2777 oriundis
3588 2737 3684 2777 ex.

2061 2806 2327 2890 sanguine
2358 2819 2521 2875 Israel
2559 2821 2703 2876 hunc
2730 2821 2781 2873 in
2810 2819 3028 2874 modum
3081 2818 3325 2874 scribens
3353 2834 3366 2870 :
3401 2833 3420 2866 ι
3475 2814 3658 2883 llsque

2063 2912 2117 2967 in
2154 2911 2474 2969 hodiernum
2511 2913 2655 2968 enim
2705 2912 2846 2968 diem
2891 2911 3123 2981 idipsnm
3177 2909 3421 2963 velamen
3475 2907 3528 2960 in
3578 2905 3654 2959 le-

2061 3004 2244 3062 Ctione
2294 3003 2511 3060 Veteris
2563 3002 2900 3059 Testamentl
2957 3011 3140 3058 manet
3198 3017 3300 3055 non
3360 2999 3656 3053 revelatum

2067 3097 2346 3170 (quoniam
2382 3083 2436 3151 in
2471 3097 2691 3152 Christo
2718 3097 3060 3164 evacuatur),
3136 3093 3231 3149 sed
3265 3107 3435 3162 usque
3469 3093 3520 3145 in
3561 3090 3658 3143 ho-

2060 3189 2313 3245 diernum
2338 3189 2506 3254 diem,
2535 3189 2754 3260 quando
2785 3188 2983 3259 legitur
3013 3187 3248 3259 Moyses,
3277 3185 3523 3240 velamen
3555 3197 3658 3253 po-

2057 3282 2223 3337 situm
2254 3289 2338 3338 est
2361 3295 2525 3351 super
2556 3296 2652 3337 cor
2681 3294 2891 3337 eorum.
2940 3279 3076 3336 Cum
3127 3289 3308 3333 autem
3360 3289 3658 3333 conversus

2061 3373 2222 3429 fuerit
2255 3373 2323 3429 ad
2380 3372 2692 3437 Dominum,
2739 3370 3020 3426 auferetur
3068 3369 3334 3425 velamen.
3395 3367 3656 3421 Dominus

2057 3476 2239 3521 autem
2280 3465 2514 3534 Spiritus
2538 3473 2657 3526 est;
2696 3463 2784 3518 ubi
2817 3474 2998 3520 autem
3033 3462 3270 3533 Spiritus
3311 3461 3550 3521 Domini.
3580 3459 3653 3514 ibi

2058 3559 2287 3616 libertas
2324 3559 2393 3611 ⁸⁸.
2446 3578 2464 3611 ι
2507 3557 2688 3626 Quare
2715 3558 2866 3627 prius
2897 3558 2964 3613 ad
2992 3571 3086 3612 cor
3111 3558 3228 3627 ejus
3257 3556 3564 3610 locuturum
3598 3569 3658 3606 se

2057 3653 2304 3723 spondet,
2335 3651 2516 3707 divina
2546 3652 2596 3709 ei
2628 3651 2908 3717 mandata,
2949 3659 3005 3706 et
3027 3664 3315 3720 supernam
3363 3647 3656 3703 institutio-

2060 3762 2183 3800 nem
2220 3755 2411 3801 sancto
2442 3745 2649 3815 Spiritu
2687 3742 3069 3814 insculpeute:
3103 3742 3297 3798 deinde
3328 3742 3399 3796 ita
3441 3741 3656 3796 intelle-

2057 3845 2272 3890 cturum
2296 3850 2418 3906 quae
2443 3835 2494 3891 in
2527 3835 2667 3891 valle
2700 3833 3030 3906 Ἐμεκαχώρ
3061 3832 3144 3906 (ut
3177 3833 3390 3889 Hebraei
3437 3831 3652 3905 vocant)

2059 3929 2236 3998 typice
2261 3937 2314 3983 et
2348 3928 2606 3985 historice
2629 3938 2839 3999 patrata
2873 3941 3021 3994 sunt,
3049 3943 3170 3998 quae
3197 3927 3263 3983 ad
3298 3926 3652 3997 aperiendum

2054 4019 2422 4090 intelligentiae
2448 4016 2564 4088 ejus
2607 4018 2843 4080 oculum.
2901 4026 2956 4073 et
3002 4033 3034 4073 a
3087 4018 3254 4074 veteri
3315 4018 3560 4073 caecitate
3600 4015 3653 4069 in

2059 4119 2336 4179 posterum
2361 4109 2749 4164 vindicandum
2785 4123 2891 4164 non
2925 4108 3058 4163 satis
3088 4120 3335 4177 possunt.
3376 4127 3394 4160 ‹
3423 4106 3654 4161 C:ecitas

2057 4203 2200 4258 enim
2232 4217 2300 4259 ex
2335 4211 2489 4274 parte
2523 4202 2752 4273 contigit
2789 4203 2842 4258 in
2874 4199 3038 4259 lsrael
3073 4203 3173 4270 5',»
3215 4210 3324 4256 uta
3361 4199 3528 4255 Paulo
3558 4211 3654 4253 sa-

2055 4291 2267 4364 pienter
2300 4293 2505 4350 dictum
2541 4305 2644 4349 est.

317 4397 424 4452 καὶ
481 4395 589 4446 οὐκ
631 4392 907 4456 ἁνικάνως
940 4390 1134 4463 ἔχοντα
1196 4390 1336 4462 πρὸς
1385 4390 1446 4445 τὸ
1488 4388 1751 4455 διανοίξαι
1819 4389 1918 4460 τὴν
1959 4384 2177 4440 σύνεσιν
2220 4386 2429 4456 αὐτῆς,
2464 4387 2563 4441 καὶ
2597 4386 2698 4457 τῆς
2724 4385 2962 4457 ἀρχαίας
2995 4383 3308 4456 πωρώσεως
3338 4380 3649 4448 ἀπαλλάξαι

315 4487 546 4543 λοιπόν.
609 4503 628 4536 ι
661 4483 929 4556 Πώρωσις
977 4482 1087 4556 γάρ
1149 4481 1258 4537 ἀπὸ
1337 4485 1539 4556 μέρους
1607 4481 1799 4552 γέγονε
1828 4481 1908 4552 τῷ
1957 4477 2195 4551 Ἰσραὴλ,
2230 4498 2248 4530 ι
2285 4478 2432 4532 καθά
2460 4479 2555 4533 καὶ
2580 4481 2609 4534 ὁ
2639 4479 2802 4549 σοφδς
2829 4478 3030 4551 γράφει
3063 4476 3297 4540 Παῦλος.

395 4579 526 4634 Καὶ
552 4576 1066 4644 ταπεινωθήσεται
1089 4575 1220 4630 ἐκεῖ
1244 4575 1396 4631 κατὰ
1440 4577 1548 4644 τὰς
1595 4576 1822 4646 ἡμέρας
1848 4592 1953 4644 νη-

2134 4573 2198 4627 Et
2230 4573 2600 4627 Immiliabitur
2630 4574 2704 4627 ibi
2742 4573 2905 4641 juxta
2946 4573 3057 4626 dies
3093 4571 3386 4640 juventulis
3422 4585 3553 4637 sure,
3601 4579 3656 4625 et

316 4672 631 4739 πιότητος
657 4669 873 4738 αὐτῆς,
904 4669 1003 4724 καὶ
1035 4667 1188 4724 κατὰ
1213 4668 1320 4736 τὰς
1343 4668 1568 4739 ἡμέρας
1599 4667 1950 4734 ἀναϐάσεως

2061 4670 2199 4722 iuxta
2227 4668 2336 4722 dies
2371 4668 2692 4722 ascensionis
2725 4683 2836 4721 sum
2867 4667 2930 4748 de
2961 4663 3370 4736 terra/Egypti.

320 4760 535 4831 αὐτῆς
564 4761 636 4816 ἐκ
667 4760 785 4831 γῆς
811 4761 1141 4830 Αἰγύπτου.

401 4857 547 4932 ΚΗ.
594 4855 766 4908 Ὅταν
802 4853 978 4924 αὐτῆς
1013 4855 1094 4917 εἰς
1133 4852 1259 4907 νοῦν
1290 4852 1386 4907 καὶ
1443 4851 1672 4924 καρδίαν
1704 4850 1948 4923 λαλήσω,

320 4949 498 5021 φησὶ,
535 4947 636 5002 καὶ
659 4947 819 5004 δώσω
846 4948 948 5019 τὴν
977 4947 1200 5001 κοιλάδα
1237 4946 1416 5021 Ἀχὼρ
1441 4945 1707 5012 amorem
1737 4945 1952 4999 σύνεσιν

319 5044 537 5116 αὐτῆς,
576 5042 717 5109 ἐκεῖ,
745 5042 998 5096 τουτέστι
1021 5040 1081 5094 τὸ
1107 5039 1365 5110 τηνικάδε
1390 5083 1406 5107 ,
1437 5039 1908 5110 ταπεινωθήσεται
1931 5079 1946 5104 ,

320 5138 429 5190 καὶ
455 5135 567 5188 οὐκ
596 5133 690 5186 ὲπί
714 5150 768 5187 τι
795 5132 905 5186 τῶν
939 5133 1096 5204 άνιᾷν
1128 5129 1398 5186 εἰωθότων
1453 5131 1754 5202 καθιεμένη
1777 5148 1835 5184 τε
1855 5132 1949 5184 καὶ

320 5228 707 5298 ὑφιζάνουσα,
757 5225 965 5296 τρόπον
1009 5225 1067 5279 δὲ
1120 5224 1324 5298 μᾶλλον
1376 5224 1579 5292 ἀφεῖσα
1621 5223 1808 5278 λοιπὸν
1861 5221 1954 5276 τὸν

320 5318 570 5388 ἀπειθῆ,
605 5317 702 5371 καὶ
743 5315 1088 5385 δυσάγωγον,
1115 5316 1211 5370 καὶ
1253 5317 1369 5379 τοῖς
1413 5315 1719 5386 ὑπεροψίας
1745 5313 1950 5385 ἐγκλή-

328 5429 512 5482 μασιν
543 5409 870 5480 ὲνεχόμενον
895 5425 908 5439 ·
955 5406 1173 5473 ἀλαζὼν
1204 5407 1314 5480 γὰρ
1342 5409 1371 5462 ὁ
1397 5407 1654 5478 ἀπειθὴς,
1686 5407 1781 5460 καὶ
1811 5407 1952 5460 οἱον-

326 5503 385 5556 εί
405 5519 532 5562 πως
563 5501 832 5574 ἀνάντης,
864 5500 1213 5572 καὶὲξήνιος,
1247 5499 1340 5554 καὶ
1365 5499 1498 5570 παρ’
1519 5498 1670 5552 οὐδὲν
1699 5498 1950 5568 ἡγεῖσθαι

331 5591 745 5666 μεμελετηκὼς
784 5594 885 5666 τὴν
925 5595 1006 5660 εῖς
1036 5611 1100 5664 γε
1135 5595 1195 5649 τὸ
1227 5593 1428 5668 χρῆναι
1464 5591 1708 5664 πληροῦν
1741 5593 1834 5647 τὸν
1861 5593 1950 5646 νό-

419 5775 462 5806 “
495 5774 690 5831 Matth.
735 5792 846 5846 xvt,
881 5777 976 5833 27.

2122 4846 2293 4904 XXV.
2324 4847 2459 4902 Cum
2488 4847 2561 4902 illi
2594 4846 2661 4902 ad
2697 4855 2956 4912 mentem,
2994 4855 3050 4900 et
3097 4861 3194 4901 eor
3223 4845 3435 4900 locutus
3472 4845 3646 4912 fuero,

2053 4939 2253 5010 inquit,
2290 4938 2599 5010 dederoque
2628 4938 2820 4994 vallem
2872 4939 3076 5003 Achar,
3112 4937 3648 5010 aperireintclligen-

2058 5035 2186 5089 tiam
2214 5033 2353 5105 ejus,
2391 5033 2490 5098 ibi,
2525 5033 2630 5088 hoc
2660 5041 2745 5088 est
2792 5045 2941 5099 tunc,
2979 5031 3372 5100 humiliabitur,
3399 5046 3500 5086 nec
3530 5032 3650 5086 cui-

2058 5131 2203 5201 piam
2232 5130 2374 5201 quod
2413 5127 2716 5183 molestiam
2759 5125 2954 5181 all'erre
2994 5126 3186 5195 possit,
3233 5141 3292 5181 se
3345 5125 3645 5191 submittet,

2050 5225 2209 5293 eique
2238 5221 2650 5286 immorabitur;
2685 5220 2778 5274 sed
2813 5218 3052 5272 moribus
3095 5217 3448 5281 reiractariis,
3482 5226 3536 5269 ct
3565 5216 3646 5269 in-

2055 5316 2452 5381 tractabilibus,
2497 5321 2703 5370 etcum
2762 5311 3030 5382 superbiae
3079 5310 3310 5364 crimine
3341 5308 3646 5376 conjunctis

2053 5409 2232 5479 potius
2277 5407 2531 5477 deinceps
2566 5405 2774 5462 relictis
2802 5420 2817 5470 ;
2850 5417 3114 5473 arrogans
3149 5402 3293 5456 enim
3323 5409 3405 5454 est
3452 5401 3643 5454 inohe-

2052 5502 2227 5567 dieus,
2260 5511 2315 5557 et
2351 5499 2516 5555 veluti
2560 5497 2800 5561 acclivis,
2832 5505 2888 5550 et
2915 5493 3154 5558 cﬂ'renis,
3183 5503 3237 5548 et
3277 5493 3410 5564 legis
3459 5495 3645 5548 obser-

2050 5595 2268 5649 vatione
2294 5609 2358 5649 ac
2389 5590 2690 5649 reverentia
2715 5585 3108 5644 contemnenda
3140 5587 3506 5652 exercitatus;
3543 5585 3644 5641 hu-

1124 5779 1170 5810 ”
1203 5776 1395 5833 Matth.
1430 5791 1540 5843 xxi,
1573 5774 1655 5830 il.
1735 5776 1785 5806 ⁵³·
1819 5772 1857 5827 ll
1894 5775 2017 5830 Cor.
2054 5773 2213 5842 tlt,H
2259 5772 2335 5824 t7.
2417 5770 2462 5802 ⁵³
2505 5765 2660 5821 Rom.
2704 5781 2779 5828 ιιι,
