4094 6510
417 360 482 432 si
1404 359 1463 431 ε.
1503 360 1772 430 eventu
1807 361 2276 430 ALEXANDRINI
2311 362 2605 431 ARCIIEP.
3616 375 3688 436 es

417 489 562 546 milis
592 501 772 547 autem
819 493 1189 559 vehementer,-
1237 504 1290 550 et
1321 496 1478 565 quasi
1524 509 1746 551 accessu
1803 493 1996 558 facilis,

2106 498 2205 562 μον
2231 493 2363 548 αἰδῶ
2385 512 2397 524 ·
2423 485 2670 556 ταπεινὸς
2696 491 2750 545 δὲ
2769 492 2906 555 λίαν,
2928 495 3018 548 x’u‘:
3049 483 3212 550 οἱονεί
3230 502 3346 561 πως
3366 495 3687 568 εὐπρόσιτος

414 583 484 636 ad
507 581 869 639 obediendum
896 597 1196 656 promptus,
1244 596 1298 642 et
1336 603 1363 641 a
1409 586 1522 643 Deo
1554 587 1608 642 in
1641 586 1834 656 primis
1867 586 1999 640 dile-

414 680 557 729 ctus.
584 673 892 747 “Quare
913 692 1011 748 per
1040 679 1354 749 prophetam
1383 679 1671 749 quemdam
1700 678 1876 748 inquit
1897 677 1995 731 ali-

415 765 538 819 cubi
572 783 586 820 :
619 785 637 818 ι
666 768 842 836 Super
867 784 1027 838 quem
1059 770 1368 839 respiciam,
1399 769 1499 824 nisi
1527 773 1690 838 super
1713 767 1994 830 humilem,

414 869 469 910 ct
495 858 756 927 quietum,
788 869 842 914 et
867 870 1188 917 trementem
1216 876 1496 918 sermones
1528 876 1678 916 meos
1705 859 1793 914 "1'
1821 879 1839 912 ι
1875 875 1996 914 cum

414 950 580 1020 igitur
611 950 822 1008 locutus
852 953 1025 1019 fuero,
1054 955 1249 1025 inquit,
1282 955 1348 1009 ad
1372 969 1468 1009 cor
1499 952 1638 1022 ejus,
1676 961 1804 1006 tunc
1847 959 1994 1014 tunc,

413 1053 468 1096 et
496 1042 612 1112 ipsa
645 1044 1036 1112 bumiliabitur,
1079 1046 1220 1102 sicut
1268 1056 1325 1101 et
1370 1048 1426 1100 in
1457 1044 1745 1116 principio,
1781 1045 1998 1115 quando

410 1145 643 1192 vocante
682 1137 885 1208 Moyse,
926 1151 981 1194 et
1027 1154 1093 1194 ex
1141 1138 1381 1211 Egypto
1431 1139 1711 1194 discedere
1769 1137 1998 1206 iubente

414 1224 773 1282 tnisericorde
809 1229 941 1295 Deo,
987 1231 1391 1300 promptissime
1429 1230 1532 1285 hoc
1572 1227 1756 1284 facere
1815 1228 1999 1284 stude-

412 1312 567 1380 bant,
594 1323 650 1370 et
673 1331 704 1370 e
731 1317 890 1373 terris
918 1318 1330 1388 imperiosorum
1368 1317 1708 1372 dominorum
1738 1328 1998 1384 propera-

415 1405 567 1460 bant.
597 1406 832 1464 Ferente
878 1419 1060 1464 autem
1091 1408 1262 1479 legem
1297 1408 1352 1464 in
1397 1403 1637 1472 Cboreb,
1684 1404 1995 1476 congregati

412 1510 536 1552 cum
569 1497 753 1569 Moyse
793 1499 860 1553 ad
900 1510 1139 1554 montem
1174 1500 1326 1564 Sina,
1362 1496 1767 1569 promittebant,
1805 1513 1826 1547 ι
1870 1501 1997 1551 0m-

411 1588 501 1643 nia
543 1603 664 1658 qua:
713 1589 849 1646 dixit
872 1589 1027 1646 nobis
1055 1590 1314 1646 Dominus
1376 1588 1662 1652 faciemus,
1711 1597 1764 1641 et
1793 1586 1997 1641 erimus

411 1681 728 1737 obedientes
763 1681 834 1738 “.
873 1701 891 1734 ι
935 1682 1054 1737 Erit
1099 1683 1261 1753 igitur
1308 1681 1528 1737 humilis
1569 1689 1625 1734 et
1673 1677 1992 1742 tractabilis,

411 1776 867 1844 quemadmodum
901 1785 956 1830 et
990 1775 1167 1840 initio,
1199 1775 1416 1845 quando
1445 1789 1538 1842 per
1565 1773 1738 1843 legem
1783 1771 1849 1825 ad
1900 1787 1995 1826 co-

409 1865 706 1934 gnitionem
733 1866 828 1922 Dei
865 1876 1142 1937 generata,
1177 1867 1510 1921 voluntatem
1543 1864 1780 1919 divinam
1825 1863 1999 1917 libens
2033 1862 2070 1916 Β

413 1954 898 2026 complectebatur.
942 1955 1071 2012 Dies
1105 1971 1235 2024 ergo
1258 1954 1558 2024 iuventutis
1586 1955 1875 2025 appellavit
1915 1969 1999 2008 re-

412 2047 820 2115 generationem
853 2063 948 2117 per
979 2047 1150 2118 legem
1173 2048 1239 2101 ad
1272 2047 1636 2118 cognitionem
1670 2045 1790 2099 Dei.
1819 2043 2001 2124 Quare

412 2139 581 2194 etiam
614 2139 750 2194 dixit
781 2157 796 2195 :
835 2155 855 2190 ι
888 2137 1290 2208 Primogenitus
1321 2135 1465 2192 ﬁlius
1499 2149 1652 2191 meus
1686 2132 1853 2189 Israel
1877 2132 1942 2186 ⁸³.
1975 2151 1994 2182 ι

481 2333 649 2389 Vatis.
691 2333 781 2400 46,-
818 2321 904 2389 17.
947 2331 1014 2387 Et
1037 2333 1159 2398 erit,
1187 2331 1246 2385 iit
1276 2330 1364 2386 die
1385 2329 1500 2396 illa,
1537 2319 1669 2382 dicit
1697 2325 1956 2381 Dominus
1979 2339 1998 2388 ;

411 2425 618 2480 vocabit
656 2441 738 2480 me
766 2442 784 2480 :
814 2424 911 2479 Vir
933 2435 1101 2493 meus,
1125 2435 1172 2478 et
1202 2440 1306 2478 non
1336 2422 1542 2477 vocabit
1571 2437 1652 2476 me
1684 2417 1826 2473 ultra
1857 2415 2001 2471 Baao

409 2519 525 2575 lim.
576 2517 649 2573 Et
695 2520 957 2590 auferam,
999 2517 1217 2570 noutina
1268 2513 1480 2568 Baalim
1530 2527 1596 2566 ea:
1648 2527 1736 2566 ore
1776 2508 1913 2579 ejus,
1950 2520 1998 2564 et

410 2627 516 2665 non
555 2611 977 2666 recordabuntur
1006 2609 1147 2663 ultra
1187 2607 1467 2662 nominum
1505 2603 1744 2660 illorum.

480 2771 671 2827 XXVI.
717 2772 865 2826 Diem
903 2769 1009 2824 hoc
1039 2768 1158 2823 loco
1190 2777 1406 2836 tempus
1446 2764 1714 2819 adventus
1751 2761 1998 2818 Salvato-

409 2864 488 2920 ris
513 2863 684 2920 nostri
709 2863 996 2919 nominat:
1044 2859 1261 2932 proprie
1297 2858 1447 2912 enim
1500 2871 1566 2910 ac
1596 2870 1724 2910 vere
1753 2855 1871 2910 dies
1897 2868 1998 2908 vo-

411 2958 525 3014 cari
579 2965 761 3028 potest
809 2963 1024 3025 tempus
1092 2950 1485 3008 incarnationis
1537 2947 1838 3018 Unigeniti,
1891 2961 2000 3017 quo

409 3048 587 3119 caligo
615 3047 668 3102 in
706 3046 905 3101 mundo
939 3043 1161 3114 depulsa
1191 3052 1298 3108 est,
1329 3050 1384 3098 et
1407 3038 1704 3113 proﬂigata:
1737 3036 1995 3102 tenebrae,

409 3148 466 3196 et
508 3139 660 3208 quasi
692 3136 913 3208 quidam
954 3133 1272 3205 splendores
1323 3133 1378 3188 in
1423 3130 1622 3186 animis
1661 3127 1995 3184 credentium

409 3231 613 3297 exorti,
667 3229 823 3287 etsol
875 3228 1104 3298 iustitiae
1151 3215 1420 3290 illuxit",
1481 3233 1622 3277 verae
1674 3218 2069 3290 cognitionisc

408 3324 508 3381 Dei
551 3325 731 3380 lumen
763 3323 1014 3377 inserens
1040 3321 1127 3388 iis,
1157 3321 1254 3391 qui
1305 3319 1502 3374 mentis
1540 3313 1728 3373 oculos
1781 3311 1996 3382 aperire

409 3427 700 3474 noverunt.
753 3414 848 3470 lllo
900 3415 1066 3484 igitur
1104 3420 1368 3482 tempore,
1430 3411 1630 3480 inquit,
1687 3415 1876 3461 vocata
1927 3395 1996 3458 ad

411 3503 741 3574 agnitionem
773 3502 884 3557 veri
913 3502 1029 3564 Dei,
1062 3515 1092 3555 a
1121 3501 1289 3556 veteri
1317 3499 1408 3554 illa
1471 3508 1528 3552 et
1557 3487 1744 3553 odiosa
1777 3491 1997 3550 levitate

411 3595 674 3673 discedet,
699 3601 799 3650 nec
819 3584 1050 3664 amplius
1078 3594 1328 3673 alicunde
1351 3592 1417 3646 ad
1437 3589 1764 3662 apostasiam
1795 3603 1824 3642 a
1849 3596 1997 3642 recto

415 3671 690 3737 curriculo
731 3673 890 3736 facile
917 3671 1371 3752 deturquebitur;
1413 3681 1506 3734 sed
1542 3679 1782 3733 animum
1819 3677 1996 3746 potius

415 3785 564 3830 recte
604 3785 657 3829 et
699 3775 992 3830 salubriter
1034 3773 1342 3830 constantia
1386 3772 1607 3844 pietatis
1651 3772 1993 3826 incedentem

413 3867 660 3932 habebit,
686 3876 742 3921 ut
769 3882 946 3938 neque
971 3874 1233 3937 punctum
1265 3865 1523 3933 temporis
1560 3855 1778 3919 nomina
1827 3862 1998 3917 idolo-

412 3977 536 4016 rum
562 3962 614 4016 in
643 3975 896 4016 sermone
937 3969 1180 4028 usurpet.
1229 3958 1455 4014 Vocabit
1481 3960 1622 4013 enim
1652 3973 1760 4024 me,
1797 3949 1994 4028 inquit,

413 4053 512 4108 Vir
533 4068 706 4118 mens.
741 4062 795 4107 et
823 4063 926 4107 non
959 4039 1174 4107 vocabit
1206 4065 1291 4104 me
1319 4050 1458 4104 ultra
1489 4049 1719 4115 Baalim,
1763 4049 1865 4104 hoc
1917 4057 2000 4103 est

413 4143 740 4214 temperabit
784 4159 814 4197 a
868 4142 1136 4209 libidine,
1188 4152 1244 4197 et
1296 4132 1553 4197 fornicari
1617 4142 1672 4195 in
1719 4151 1996 4208 posterum

412 4237 712 4293 recusabit.
747 4225 924 4306 Magni
953 4245 1136 4290 autem
1182 4227 1499 4298 aestimabit,
1551 4247 1672 4288 esse
1713 4245 1777 4287 se
1822 4223 2000 4300 legiti-

411 4344 579 4396 mam,
613 4337 669 4384 et
693 4327 1070 4396 cognationem
1102 4325 1471 4390 conﬁtebitur,
1503 4321 1855 4392 ’spiritualem
1893 4321 2000 4376 uti-

411 4437 542 4490 que.
594 4419 918 4489 Neutiquam
961 4426 1141 4472 autem
1180 4405 1318 4471 idola
1357 4414 1562 4468 Baalim
1592 4407 1888 4476 invocabit,
1931 4427 1998 4468 ex

412 4515 596 4586 lapide
628 4511 898 4579 confeCta,
945 4522 998 4568 et
1028 4510 1392 4582 quorumdam
1440 4507 1673 4562 artiﬁcio
1718 4506 1904 4562 solerti
1945 4507 1998 4560 in

2099 585 2127 636 6
2141 583 2275 655 πρὸς
2299 584 2607 636 εὐπείθειαν
2635 581 2874 646 εὔκολος,
2894 585 2989 637 καὶ
3014 585 3134 656 Θεῷ
3155 577 3274 640 λίαν
3293 589 3482 658 ἠγαπη
3493 586 3652 656 μένος
3667 626 3683 643 .

2097 673 2207 726 Καὶ
2258 672 2390 741 γοῦν
2438 673 2542 743 ἔφη
2589 689 2692 726 που
2740 672 2803 725 δι’
2831 673 2950 737 ἑνὸς
2988 675 3096 729 τῶν
3143 677 3313 745 ἁγίων
3346 677 3684 749 προφητῶν

2105 785 2123 816 ι
2148 757 2271 847 Ἐπὶ
2319 766 2441 819 τίνα
2490 765 2789 835 ὲπιῦλέψω,
2819 766 2934 820 ἀλλ’
2966 767 2999 839 ἢ
3025 769 3118 822 ἐπὶ
3161 770 3254 823 τὸν
3284 770 3558 831 ταπεινὸν,
3591 771 3688 824 καὶ

2098 857 2344 928 ἡσύχιον,
2371 859 2466 911 καὶ
2497 858 2902 930 τρέμοντάτιου
2927 861 3056 926 τοὺς
3082 861 3275 930 λόγους
3300 879 3314 928 ;
3352 884 3371 915 ι
3400 863 3568 916 Ὅταν
3595 859 3688 917 οῦν

2098 948 2335 1020 λαλήσω,
2374 949 2559 1021 φησὶν,
2594 952 2684 1004 ἐπὶ
2715 951 2814 1020 τὴν
2848 951 3078 1023 καρδίαν
3110 953 3435 1024 αύτῆς,τότε
3457 953 3539 1024 δὴ,
3565 954 3688 1006 τότε

2097 1043 2194 1096 καὶ
2235 1042 2374 1113 αύτὴ
2409 1044 2904 1116 ταπεινωθήσεται,
2939 1045 3084 1101 καθά
3118 1048 3213 1101 καὶ
3262 1050 3320 1101 ἐν
3352 1049 3569 1119 ἀρχαῖς,
3598 1049 3687 1101 ὅτε

2097 1134 2391 1198 καλοῦντος
2450 1135 2731 1200 Μωσέως,
2779 1139 2875 1191 καὶ
2929 1139 3027 1210 τῆς
3077 1139 3389 1208 Αἰγυπτίων
3433 1141 3690 1209 ἀπαίρειν

2099 1229 2533 1299 προστεταχότος
2549 1228 2642 1282 τοῦ
2663 1229 3099 1302 φιλοικτίρμονας
3115 1219 3272 1297 Θεοῦ,
3286 1219 3456 1303 προθυ
3466 1229 3689 1301 μώτατα

2100 1319 2200 1389 μὲν
2249 1317 2407 1372 τοῦτο
2454 1319 2587 1390 δρᾷν
2645 1320 2999 1384 ἐσπούδαζον,
3062 1321 3160 1375 καί¹
3199 1323 3298 1391 τῆς
3339 1321 3447 1374 τῶν
3496 1310 3684 1372 πλεον-

2098 1409 2405 1464 εκτούντων
2431 1409 2733 1480 ἀπέτρεχον
2755 1411 2878 1481 γῆς.
2923 1407 3229 1483 Ὀρίζοντος
3253 1410 3309 1463 δὲ
3338 1411 3460 1474 τοὺς
3491 1411 3690 1480 νόμους

2098 1504 2155 1555 ὲν
2176 1488 2400 1572 Χωρῆϐ,
2433 1501 2906 1572 συναγηγερμὲνοι
2943 1501 3081 1572 μετά
3109 1501 3353 1564 Μωσέως
3377 1500 3470 1555 ἐπὶ
3489 1499 3550 1552 τὸ
3565 1499 3689 1570 ὅρος

2097 1592 2248 1656 Σινὰ,
2281 1591 2788 1663 κατεπηγγέλλοντο
2817 1591 3069 1660 λέγοντες
3098 1609 3111 1623 ο
3143 1610 3162 1644 ι
3198 1591 3386 1646 Πάντα
3407 1592 3508 1644 ὅσα
3536 1585 3690 1643 εἶπεν

2095 1688 2230 1756 ἡμῖν
2259 1686 2462 1758 Κύριος
2499 1688 2528 1740 ὁ
2578 1685 2732 1753 Θεὸς,
2762 1688 3086 1757 ποιήσομεν,
3124 1686 3221 1740 καὶ
3267 1685 3630 1756 ἀκουσόμεθα.
3664 1705 3683 1738 ι

2100 1778 2309 1832 Οὐκοῦν
2336 1778 2486 1832 ἔσται
2515 1778 2746 1848 ταπεινὴ
2781 1779 2875 1832 καὶ
2905 1779 3138 1850 εὐήνιος,
3163 1777 3308 1831 καθά
3339 1779 3432 1831 καὶ
3477 1781 3535 1831 ὲν
3584 1778 3689 1848 ἀρ-

2101 1873 2243 1941 χαῖς,
2275 1871 2364 1924 ὅτε
2406 1871 2506 1941 τὴν
2551 1869 2640 1924 διὰ
2689 1870 2857 1939 νόμου
2908 1869 3044 1940 πρὸς
3085 1860 3415 1938 θεογνωσίαν
3447 1867 3692 1922 λαϐοῦσα

2101 1963 2376 2034 γέννησιν,
2409 1964 2664 2034 ἀσμένως
2686 1962 2898 2033 ἐδέχετο
2924 1963 2984 2015 τὸ
3010 1951 3090 2033 τῷ
3115 1959 3234 2030 Θεῷ
3261 1961 3452 2014 δοκοῦν
3496 1951 3692 2030 νηπιό-

2100 2070 2282 2122 τητος.
2311 2054 2763 2126 Τοίνυνήμέρας,
2791 2053 2890 2125 τὴν
2919 2053 3008 2106 διά
3053 2048 3218 2123 νόμου
3267 2044 3433 2122 φησὶν
3466 2051 3696 2118 ἀναγέν-

2101 2161 2257 2216 νησιν
2287 2146 2365 2209 εἰς
2395 2143 2758 2215 θεογνωσίαν·
2790 2144 3070 2215 τοιγάρτοι
3107 2143 3202 2196 καὶ
3227 2141 3486 2211 ἔφασκεν,
3517 2161 3535 2193 ι
3563 2142 3694 2206 Υἱὸς

2100 2225 2444 2306 πρωτότοκός
2473 2252 2574 2307 μου
2612 2234 2850 2306 Ἰσραήλ.
2887 2253 2905 2286 ι

2172 2325 2283 2380 Καὶ
2309 2313 2513 2392 ἔσται,
2547 2325 2617 2379 ἐν
2639 2324 2716 2392 τῇ
2755 2323 2945 2394 ἡμέρῃ
2970 2323 3196 2391 ἐκείνῃ,
3232 2323 3394 2391 λέγει
3434 2321 3649 2388 Κύριος
3673 2358 3691 2386 ,

2099 2417 2350 2474 καλέσει
2370 2433 2450 2488 με
2484 2433 2497 2447 ·
2526 2414 2710 2484 Ἀνήρ
2763 2433 2884 2484 μου
2907 2433 2922 2446 ·
2955 2413 3053 2468 καὶ
3082 2415 3154 2469 οὺ
3184 2411 3431 2467 καλέσει
3469 2429 3547 2481 με
3603 2411 3693 2464 ἔτι

2099 2512 2387 2581 Βααλείμ.
2425 2496 2534 2565 Kal
2567 2504 2762 2576 ὲξαρῶ
2793 2504 2865 2560 τὰ
2896 2506 3159 2576 ὀνόματα
3198 2503 3320 2558 τῶν
3339 2501 3694 2568 Βααλείμὲκ

2098 2589 2401 2673 στόματος
2425 2587 2641 2670 αὐτῆς,
2694 2597 2794 2653 καὶ
2831 2592 2904 2653 οὐ
2947 2597 3032 2668 μὴ
3073 2593 3433 2666 μνησθῶσιν
3464 2595 3576 2648 οὐκ
3603 2593 3694 2647 ἔτι

2097 2697 2170 2753 τὰ
2191 2697 2453 2766 ὀνόματα
2480 2679 2701 2749 αὐτῶν.

2167 2788 2313 2854 KG".
2365 2785 2608 2856 Ἡμέραν
2640 2784 2741 2855 μὲν
2765 2783 2823 2837 ὲν
2847 2780 3057 2844 τούτοις
3084 2769 3176 2834 τόν
3196 2778 3296 2850 τῆς
3317 2777 3411 2832 τοῦ
3443 2768 3695 2848 Σωτῆρος

2095 2878 2256 2951 ήμῶν
2308 2877 2604 2949 ἐπιδημίας
2639 2874 2898 2947 ὀνομάζει
2925 2872 3118 2946 καιρόν
3142 2887 3158 2902 ·
3216 2871 3544 2941 κεκλήσεται
3582 2868 3693 2940 γὰρ

2097 2970 2282 3042 ἡμέρα
2337 2968 2542 3042 κυρίως
2602 2968 2697 3022 καὶ
2728 2966 2977 3038 ἀληθῶς,
3038 2965 3139 3036 τῆς
3202 2961 3299 3018 τοῦ
3351 2960 3693 3031 Μονογενοῦς

2097 3061 2255 3115 ὲνανθ
2267 3061 2566 3132 ρωπήσεως
2582 3059 2610 3110 ό
2641 3057 2852 3129 καιρὸς,
2887 3055 3009 3110 καθ’
3035 3056 3093 3110 ὃν
3117 3056 3150 3127 ή
3173 3057 3230 3108 ἐν
3253 3055 3446 3126 κόσμῳ
3472 3053 3692 3108 λέλυται

2101 3149 2202 3220 μὲν
2229 3147 2419 3218 ἀχλύς·
2451 3147 2750 3216 ἠφάνισται
2784 3146 2841 3199 δὲ
2885 3145 2980 3200 xu‘t
3007 3145 3067 3199 τὸ
3121 3145 3327 3208 σκότος·
3353 3144 3606 3216 λαμπραὶ
3635 3144 3692 3197 δὲ

2101 3241 2291 3311 ὥσπερ
2319 3239 2632 3309 ἀνίσχουσιν
2648 3238 2816 3306 αὐγαὶ
2842 3235 2983 3290 κατά
3003 3234 3128 3290 νοῦν
3149 3237 3261 3299 τοῖς
3276 3234 3690 3298 πεπιστευκόσι,

2099 3333 2196 3386 καὶ
2224 3333 2253 3384 ό
2281 3332 2382 3402 τῆς
2407 3329 2758 3400 δικαιοσύνης
2786 3327 3102 3399 ἐπέλαμψεν
3136 3327 3307 3399 ἥλιος,
3335 3328 3435 3399 τῆς
3459 3326 3693 3396 ἀληθοῦς

2101 3419 2432 3490 θεογνωσίας
2472 3418 2534 3472 τὸ
2567 3418 2684 3488 φῶς
2709 3417 2874 3483 ἐνιεὶς
2899 3421 3012 3482 τοῖς
3050 3415 3367 3487 ἀνευρύνειν
3401 3417 3566 3470 εἰδόσι
3593 3417 3692 3488 τῆς

2098 3512 2344 3576 διανοίας¹
2392 3505 2485 3565 τὸν
2531 3503 2832 3581 ὀφθαλμόν.
2879 3507 3019 3562 Κατ’
3051 3510 3227 3563 ἐκεῖνο
3249 3508 3314 3580 δὴ
3335 3502 3428 3562 οῦν
3448 3507 3544 3562 τοῦ
3570 3525 3694 3561 και-

2101 3605 2220 3680 ροῦ,
2265 3605 2421 3676 φησὶ,
2483 3601 2797 3676 κεκλημένη
2859 3594 2995 3674 πρὸς
3046 3601 3338 3670 ἐπίγνωσιν
3394 3591 3488 3654 τοῦ
3551 3599 3692 3653 κατά

2098 3697 2356 3769 ἀλήθειαν
2381 3688 2532 3759 ὄντος
2563 3695 2722 3760 Θεοῦ,
2755 3693 3049 3764 καταλήξει
3087 3693 3185 3763 μὲν
3213 3691 3314 3762 τῆς
3345 3687 3519 3763 ἀρχῆς
3545 3685 3692 3744 ὲκεί-

2099 3807 2219 3861 νης,
2262 3787 2360 3841 καὶ
2409 3786 2680 3855 στυγητῆς
2719 3785 2983 3854 ἐλαφρίας
3007 3801 3020 3814 ·
3055 3783 3438 3855 εύπαρὰφορος
3466 3783 3524 3835 δὲ
3565 3783 3695 3837 οὐκ·

2100 3879 2181 3932 ἐτι
2234 3878 2371 3951 πρὸς
2439 3868 2782 3930 ἀποστασίαν
2847 3874 3000 3928 ἔσται
3063 3873 3248 3928 ποθέν.
3304 3872 3584 3947 Βεόηκότα
3634 3873 3692 3927 δὲ

2103 3970 2303 4041 μᾶλλον
2343 3967 2518 4038 ὀρθῶς
2540 3984 2598 4018 τε
2625 3965 2722 4019 xui.
2761 3955 2949 4034 ὑγιῶς,
2982 3965 3076 4018 καὶ
3125 3964 3461 4037 ἀκράδαντον
3495 3966 3575 4029 είς
3603 3964 3692 4016 εύ-

2102 4060 2317 4114 σέϐειαν
2347 4057 2456 4122 ἕξει
2480 4058 2571 4111 τὸν
2593 4055 2738 4122 νοῦν,
2773 4056 2849 4120 ὼς
2883 4055 3016 4126 μηδὲ
3043 4048 3166 4109 ὅσον
3196 4058 3392 4124 εἰπεῖν,
3424 4056 3505 4120 εἰς
3527 4057 3691 4124 λόγου

2102 4150 2298 4220 χρῆσιν
2324 4146 2499 4200 ἐλθεῖν
2542 4146 2611 4201 τὰ
2659 4144 2769 4199 τῶν
2805 4145 3039 4199 εἰδώλων
3073 4142 3336 4216 ὀνόματα.
3455 4143 3693 4198 Καλέσει

2101 4240 2211 4310 γάρ
2247 4255 2334 4308 με,
2370 4237 2558 4308 φησιν,
2583 4237 2610 4288 6
2634 4235 2775 4306 ἀνήρ
2801 4252 2926 4306 μου,
2961 4235 3054 4288 καὶ
3082 4235 3144 4288 οὐ
3173 4233 3390 4288 καλέσει
3418 4250 3484 4304 με
3507 4232 3690 4286 οὐκέτι

2102 4329 2346 4401 Βααλείμ
2363 4346 2375 4358 ·
2437 4329 2739 4395 τουτέστιν,
2758 4327 3141 4382 ἀποπαύσεται
3167 4326 3262 4380 τοῦ
3288 4322 3426 4380 εἶναι
3459 4324 3688 4396 μαχλάς,

2103 4424 2198 4477 καὶ
2226 4417 2630 4495 παραιτήσεται
2662 4421 2760 4492 μὲν
2783 4419 2843 4474 τὸ
2877 4417 3160 4490 πορνεύειν
3185 4417 3285 4472 ἐτι.
3311 4417 3601 4488 Ποιήσεται
3631 4413 3690 4467 δὲ

2103 4515 2232 4584 περί
2270 4513 2466 4567 πολλοῦ
2505 4510 2565 4567 τὸ
2610 4509 2752 4567 εἶναι
2797 4511 2996 4582 γνησία
3015 4551 3030 4575 ,
3067 4510 3162 4565 καὶ
3208 4509 3534 4580 ὁμολογήσει
3591 4506 3691 4577 τὴν

413 4608 652 4677 speciem
711 4606 1004 4660 humanam
1050 4597 1388 4659 conformata
1451 4601 1504 4654 in
1542 4599 1646 4653 diis
1685 4614 1999 4654 numerans.

2105 4606 2611 4679 οἰκειότητα,δῆλον
2644 4605 2700 4659 δὲ
2729 4605 2809 4659 ὅτι
2842 4605 2942 4674 τὴν
2976 4603 3371 4672 πνευματικήν.
3403 4598 3691 4652 Ἐπικαλέ-

419 4718 441 4750 ι
474 4697 660 4767 Itaque
703 4711 809 4764 me,
859 4696 1056 4764 inquit,
1096 4683 1434 4748 vocabivVir
1467 4705 1640 4747 mens.
1674 4709 1693 4744 ι
1729 4677 1838 4760 50
1863 4689 1997 4744 Nam

413 4800 476 4846 ut
504 4789 693 4860 pudica
727 4800 783 4844 et
808 4786 1132 4859 probissima
1167 4801 1226 4842 se
1274 4784 1342 4841 ad
1383 4801 1469 4839 me
1505 4795 1809 4852 convertet,
1841 4801 1906 4840 ae
1934 4785 2002 4842 de

413 4890 614 4937 caetero
643 4880 834 4947 diliget
855 4878 1087 4933 aliorum
1114 4876 1388 4932 neminem
1419 4881 1435 4944 ς
1472 4892 1572 4931 nec
1599 4876 1737 4931 ultra
1774 4877 1998 4933 invoca-

411 4975 496 5030 bit
519 4973 746 5028 Baalim.
774 4972 949 5027 Etiam
972 4971 1080 5026 alio
1103 4985 1264 5026 sensu
1286 5008 1301 5035 ,
1333 4971 1383 5025 si
1414 4970 1498 5026 cui
1535 4967 1823 5040 placuerit,
1855 4962 1998 5040 quod

415 5068 617 5124 dicitur
651 5064 900 5133 accipiet.
925 5062 1126 5117 Baalim
1171 5064 1338 5127 enim,
1365 5061 1509 5132 quod
1547 5071 1750 5117 norunt
1779 5077 1992 5128 omnes,

417 5158 562 5214 idola
603 5157 901 5226 signiﬁcat.
939 5153 1200 5210 Solebant
1245 5163 1428 5209 autem
1471 5153 1713 5209 llebrzeae
1743 5155 1998 5210 mulieres

417 5251 648 5306 maritos
670 5263 802 5304 suos
825 5246 1086 5302 falsorum
1107 5246 1330 5300 deorum
1363 5245 1676 5301 nominibus
1705 5245 1999 5314 appellare,

419 5344 511 5412 qui
541 5357 658 5399 mos
683 5341 1062 5411 iniquissimus
1093 5339 1200 5396 illis
1217 5339 1409 5395 honori
1434 5348 1574 5395 erat.
1607 5338 1737 5408 Ejus
1766 5339 2002 5411 primum

422 5445 661 5490 actorem
705 5433 905 5489 Ninum
950 5432 1309 5505 Babylonium
1370 5433 1582 5500 ferunt,
1645 5436 1736 5502 qui
1791 5442 2003 5502 patrem

423 5538 584 5579 suum
612 5523 910 5578 nominavit
935 5523 1146 5589 Belum,
1195 5538 1226 5579 a
1268 5522 1361 5578 Bel
1384 5522 1529 5578 idolo
1557 5525 1699 5591 quod
1730 5522 2001 5578 colebant.

424 5613 731 5671 Desituram
766 5615 929 5686 igitur
975 5626 1030 5672 et
1073 5613 1214 5673 banc
1265 5616 1402 5670 adeo
1436 5615 1742 5687 pudendam
1774 5630 2004 5670 consue-

503 5789 547 5830 ’³
594 5791 695 5854 lsa.
729 5814 874 5867 uvt,
907 5799 958 5853 ο.
1038 5799 1082 5832 ⁵⁸
1110 5799 1278 5854 Exod.
1311 5814 1457 5866 xxiv,
1491 5797 1539 5850 τ.

2108 4715 2259 4752 σεται
2281 4698 2337 4751 δὲ
2366 4697 2618 4768 οὐδαμῶς
2650 4695 2720 4749 τά
2741 4694 3007 4764 Βααλεὶμ,
3038 4684 3195 4755 Θεοῦς
3228 4685 3364 4743 εἶναι
3392 4681 3691 4760 νομίζουσα

2102 4792 2172 4845 τὰ
2199 4793 2262 4845 ὲκ
2299 4791 2464 4845 λίθων
2493 4788 2859 4860 πεποιημένα,
2914 4786 3008 4840 καὶ
3040 4789 3160 4850 ταῖς
3189 4803 3353 4839 τινων
3388 4781 3690 4853 εὐτεκνίαις

2106 4880 2676 4953 πεπλαστουργημένα
2711 4881 2848 4950 πρὸς
2874 4875 3013 4943 εἶδος
3037 4878 3100 4931 τὸ
3133 4874 3497 4948 ἀνθρώπινον.
3541 4893 3559 4924 ι
3585 4874 3690 4927 Οὑ-

2107 4968 2237 5033 κοῦν
2258 4978 2358 5047 ἐμὲ
2397 4967 2516 5047 μὲν,
2545 4976 2698 5046 φησὶ,
2730 4975 2950 5029 καλέσει
2993 4976 3022 5028 ὁ
3053 4975 3193 5044 ἀνήρ
3221 4989 3343 5043 μου.
3385 4991 3404 5024 ι
3447 4969 3690 5041 Σώφρων

2105 5070 2214 5142 γάρ
2241 5063 2328 5124 οἷά
2368 5086 2450 5132 τις
2503 5069 2596 5123 καὶ
2646 5066 3030 5138 ἐπιεικεστάτη
3089 5065 3377 5137 ποιήσεται
3437 5062 3577 5133 πρός
3619 5078 3688 5132 με

2103 5161 2204 5231 τὴν
2232 5151 2612 5229 ἀποστροφήνο
2643 5157 2924 5228 ἀγαπήσει
2947 5152 3006 5210 δὲ
3030 5155 3216 5209 λοιπὸν
3244 5151 3353 5207 τῶν
3387 5153 3562 5206 ἄλλων
3592 5153 3685 5205 οὐ-

2105 5254 2252 5317 δένα,
2286 5243 2668 5305 ὲπικαλέσεται
2718 5252 2776 5305 δὲ
2803 5249 2986 5306 οὐκέτι
3022 5249 3091 5302 τὰ
3121 5247 3384 5316 Βααλείμ.
3425 5247 3537 5301 Καὶ
3563 5245 3688 5299 καθ’

2103 5345 2290 5415 ἕτερον
2336 5344 2392 5398 δὲ
2433 5345 2650 5416 τρόπον,
2685 5343 2844 5415 εἴπερ
2880 5360 2958 5413 τῳ
2981 5343 3146 5406 δοκεῖ,
3190 5342 3250 5394 τὸ
3275 5339 3561 5414 εἰρημένον
3590 5340 3685 5391 ὲκ-

2103 5435 2332 5501 δέξεται.
2360 5436 2602 5507 Βααλεὶμ
2621 5435 2723 5507 μὲν
2749 5435 2857 5506 γὰρ
2889 5433 3334 5506 ὁμολογουμένως
3362 5431 3686 5503 σημαίνεται

2103 5528 2173 5580 τὰ
2219 5527 2435 5581 εἴδωλα.
2503 5527 2590 5580 Ἐν
2640 5525 2750 5578 ἔθει
2779 5525 2835 5578 δὲ
2863 5521 2931 5595 ἦν
2967 5527 3088 5589 ταῖς
3148 5522 3416 5595 Ἐϐραίων
3465 5519 3686 5591 γυναιξὶ

2104 5619 2231 5683 τοὺς
2274 5618 2436 5682 ἰδίους
2465 5618 2662 5689 ἄνδρας
2691 5621 2802 5683 τοῖς
2842 5616 2950 5672 τῶν
2980 5615 3347 5689 ψευδωνύμων
3401 5613 3540 5670 θεῶν
3566 5611 3683 5667 6W-

1641 5799 1684 5830 ⁵⁵
1717 5800 1884 5856 Exod.
1916 5815 1990 5868 tv,
2030 5800 2116 5854 22.
2194 5803 2239 5834 ⁵⁸
2270 5802 2493 5858 Μ.ι1ιιιίι.
2540 5817 2608 5869 ιν,
2642 5802 2696 5860 3.
