4094 6454
282 289 351 344 89
1234 300 1790 372 COMMENTARIUS
1830 318 1859 371 li

1962 322 2171 380 )SEAM
2215 328 2667 392 momenti.
3523 348 3591 413 90

278 422 453 476 μασιν
484 408 814 495 ἀποκαλεῖν,
851 416 945 470 καὶ
970 408 1139 491 τιμῆς
1163 408 1231 492 ἦν
1253 416 1409 491 οὗτος
1443 430 1628 496 αὐτοῖς
1657 435 1859 500 ἐξαίσιο

278 514 304 521 -
318 498 446 521 -ι--
468 517 487 521 Α
571 504 595 521 η
612 502 629 521 ι
687 506 712 521 Ρ
794 505 820 521 Α
1008 509 1034 520 ⁶⁹
1216 514 1241 521 ⁸-
1255 516 1272 521 “
1456 520 1461 521 ⁷

1962 445 2242 502 Ltudinem
2302 450 2579 521 iudicavit,
2639 471 2762 512 cum

273 498 509 583 τρόπος.
571 502 886 575 Ἀρξασθαι
940 509 1035 563 τοῦ
1098 514 1305 569 τοιοῦδε
1355 520 1683 591 πράγματος
1733 528 1894 584 Νῖνον

273 588 368 689 τὸν
401 591 781 689 Βαϐυλώνιον,
812 590 873 663 ὃς
903 600 993 656 τὸν
1022 603 1151 657 ῐδιον
1179 608 1391 680 πατέρα
1404 588 1665 682 ῶνόνμασε
1698 618 1892 689 Βῆλον,

273 678 354 779 ἐκ.
367 682 469 734 τοῦ
506 687 661 769 ⁷παρ’
691 689 877 753 αὐτοῖς
909 693 1150 759 εἰδώλου,
1197 678 1343 769 φημί
1370 701 1433 773 δὴ
1485 678 1580 758 τοῦ
1613 705 1743 779 Βήλ.
1766 678 1893 765 λοτί

271 770 459 824 τοίνυν
488 776 953 836 ἁποπεπαύσεται
995 787 1089 839 καὶ
1126 788 1227 859 τῆς
1255 782 1429 857 οὕτως
1478 798 1712 869 αἰσχρᾶς
1761 819 1893 856 συν-

262 861 491 955 ηθείας,
529 866 1027 965 καταμεμήνυκεν,
1057 874 1227 929 εἰπών
1251 893 1265 907 ⁸
1302 861 1665 957 «Καλέσειτμε
1742 892 1882 965 άνήρ

240 952 396 1057 item
454 950 557 1010 καὶ
608 959 669 1057 ην)
703 962 925 1057 καλέσει
959 983 1026 1035 με
1059 966 1241 1023 οὐκέτι
1280 965 1539 1047 Βααλείμ.
1582 950 1611 1032 ι.
1665 982 1729 1035 Εί

265 1043 468 1145 ἕλοιτο,
502 1048 667 1119 φησὶ,
695 1048 859 1123 τυχὸν
888 1054 1056 1127 ἄνδρα
1105 1059 1395 1131 ὀνομάζειν
1441 1043 1564 1139 ἐμὲ,
1623 1043 1884 1145 προσερεί

2819 459 2992 516 dixit:
3029 483 3044 514 ι
3079 462 3308 520 Vocabit
3356 484 3440 522 me
3500 471 3594 524 \‘ir

1997 549 2173 599 meus,
2222 538 2278 591 et
2323 556 2428 595 non
2478 546 2693 600 vocabit
2728 565 2812 604 me
2846 551 2985 605 ultra
3026 552 3251 610 Baalim.
3287 576 3304 608 ›
3337 557 3393 611 Si
3439 561 3587 615 enim

1994 625 2260 693 voluerit,
2337 630 2553 703 inquit,
2614 637 2849 696 fortasse
2906 642 3080 698 virum
3139 648 3413 715 appellare
3471 666 3579 716 me,

1991 717 2213 772 oumino
2240 721 2421 789 addet,
2450 735 2505 780 et
2531 729 2878 799 compellabit
2906 750 3013 801 me,
3048 736 3142 791 Vir
3177 755 3349 803 meus,
3387 753 3442 795 et
3478 758 3585 797 non

1992 807 2131 862 ultra
2185 810 2452 871 idolorum
2504 822 2814 879 nominibus
2861 826 3086 883 honoris
3139 833 3312 901 gratia
3359 849 3445 887 me
3489 851 3583 889 vo-

1990 900 2152 993 cabit.
2186 903 2414 972 Idcirco,
2445 909 2638 980 inquit,
2676 932 2695 966 ι
2722 916 2849 985 quia
2879 919 3043 973 etiam
3078 900 3323 983 auleram
3360 926 3581 980 nomina
3620 990 3623 993 _

1990 989 2193 1047 Baalim
2219 996 2285 1051 de
2316 1015 2412 1055 ore
2444 1001 2587 1070 ejus,
2619 1021 2721 1063 nec
2755 1010 3192 1067 recordabuntur
3218 1016 3450 1082 amplius
3484 1034 3582 1071 no-

1993 1100 2198 1140 Inlnum
2226 1103 2440 1145 eorum.
2472 1113 2491 1145 ι
3557 1106 3573 1123 ’

266 1135 326 1268 ἓξ
353 1140 698 1268 πξντίέςλ
716 1147 859 1219 ἀνήρ
890 1167 1015 1220 μου,
1048 1154 1141 1268 κεί
1169 1156 1355 1268 οῨκέτι
1394 1164 1509 1227 τοῖς
1536 1165 1644 1220 τῶν
1690 1172 1927 1226 εἰδώλων
1968 1176 2196 1249 ὀνόμασι
2232 1184 2450 1254 τιμῶσα
2482 1189 2723 1244 καλέσειι
2770 1182 3044 1267 Ταύτῃτοί
3093 1214 3266 1268 φησι,
3304 1198 3386 1253 ὅτι
3424 1218 3441 1251 ι
3468 1200 3581 1254 Καὶ

328 1247 455 1268 ηηη
489 1250 525 1268 ιι-
635 1255 647 1268 ι
701 1255 841 1268 ιι--.-
902 1243 1012 1268 -..ι-ι
1129 1263 1189 1268 ..μ
1238 1250 1270 1268 Α
1373 1254 1386 1268 1
1550 1257 1562 1268 ι
1825 1265 1835 1268 -

270 1220 455 1301 ἐξαρῶ
489 1233 565 1287 τά
600 1235 845 1308 ὀνόματα
902 1243 1012 1297 τῶν

331 1344 447 1446 8ῖαί
482 1344 856 1446 διαθήσομαι
898 1358 1101 1426 αὐτοῖς
1134 1362 1431 1446 διαθήκην
1472 1368 1541 1423 ἐν
1570 1372 1645 1442 τῇ
1686 1376 1877 1446 ἡμέρᾳ

260 1433 473 1504 ἐκείνη
485 1439 654 1539 μετὰ
666 1441 805 1546 ητῶν
826 1448 1051 1537 θηρίων
1070 1452 1176 1507 τοῦ
1201 1433 1410 1524 ἀγροῦ,
1456 1463 1554 1516 καὶ

259 1542 564 1632 πετεινων
583 1539 696 1589 τοῦ
721 1539 1009 1606 οὐρανοῦ,
1032 1546 1131 1599 καὶ
1162 1564 1195 1599 τ
1197 1548 1283 1602 ὧν
1314 1552 1579 1621 ἑρπετῶν
1600 1557 1709 1628 τῆς
1725 1562 1839 1632 Τῆς
1857 1581 1872 1596 ⁸

256 1619 599 1753 Ξαίἠτόςον,
628 1628 737 1729 ira!
766 1631 1097 1703 ῥομφαίαν,
1127 1638 1227 1693 καὶ
1256 1619 1529 1715 πόλεμον
1553 1619 1873 1724 cymatiis};
1905 1696 1950 1753 Β

298 1727 343 1753 π
416 1732 539 1753 ,m.
574 1736 693 1753 ...ιη

253 1711 379 1767 ἀπὸ
416 1714 539 1783 τῆτ·
574 1717 712 1789 γῆς.

218 1936 229 1956 .
320 1865 569 1960 KZ'.‘EV
609 1873 727 1935 τοῖς
761 1873 866 1945 ήδη
902 1885 1446 1956 προανεγνωσμένοις
1496 1888 1755 1960 ἔφασκεν,
1791 1895 1875 1951 ὅτι

249 1956 967 2057 καὶζιίΑφανιῶλάμπελον
987 1964 1179 2043 αὐτῆς,
1222 1977 1317 2030 καὶ
1343 1979 1443 2042 τὰς
1474 1956 1645 2047 συκᾶς
1675 1956 1870 2057 αὐτῆς,

248 2048 355 2101 ὃσα
390 2044 546 2117 εἷπε,
580 2051 937 2128 Μισθὼματά
957 2080 1059 2132 μου
1090 2066 1265 2121 ταῦτά
1294 2069 1461 2136 ἐστιν,
1480 2060 1515 2125 et
1538 2074 1746 2130 ἔδωκάν
1780 2088 1870 2149 μοι

247 2141 299 2193 οἰ
333 2142 579 2212 ἐρασταί
606 2164 731 2217 μου.
769 2168 788 2201 ›
827 2152 1148 2223 Προσετίθει
1185 2152 1240 2211 δὲ
1268 2160 1499 2228 τούτοις,
1526 2165 1607 2219 ὅτι
1638 2184 1658 2220 ι
1694 2141 1871 2224 Κατα-

247 2235 493 2303 φάγεται
524 2240 672 2294 αὐτὰ
701 2242 773 2297 τὰ
825 2244 991 2316 θηρία
1025 2248 1121 2301 τοῦ
1156 2250 1353 2322 ἀγροῦ,
1408 2258 1502 2310 καὶ
1530 2258 1601 2312 τὰ
1645 2263 1869 2318 πετεινὰ

244 2328 340 2382 τοῦ
368 2332 638 2425 ουρανοῦ,
666 2336 761 2389 καὶ
792 2337 860 2391 τὰ
888 2340 1099 2409 ἑρπετὰ
1126 2342 1229 2413 τῆς
1267 2346 1392 2417 γῆς.
1424 2366 1441 2401 ι
1470 2353 1862 2425 Διερμηνεύον-

241 2437 335 2514 τες
365 2421 427 2476 δὲ
461 2423 529 2477 τὸ
562 2427 755 2514 ῥητὸν,
787 2429 955 2501 θηρία
1000 2434 1095 2486 καὶ
1148 2439 1372 2493 πετεινὰ
1414 2421 1862 2514 παραδηλοῦσθαι

242 2513 509 2603 ϊελαγίως⁹
532 2510 802 2591 ἐλέγομεν
831 2525 961 2589 τοὺς
982 2520 1297 2597 ἐχθροὺς,ὸῖ
1329 2530 1428 2603 τὴν
1448 2510 1559 2587 τῶν
1593 2510 1863 2594 ’ἰουδαίων

239 2606 644 2678 κατεληῖζοντο
676 2613 884 2684 χώραν,
927 2616 1167 2691 Πέρσαι,
1213 2625 1309 2678 καὶ
1338 2627 1534 2698 Μῆδοι,
1558 2632 1654 2685 καὶ
1688 2633 1863 2688 Βαϐυ-

236 2698 467 2797 λῶνιοιέ
490 2704 591 2797 καὶ
619 2706 649 2757 ὁ
678 2707 983 2797 παμμιγὴς
1008 2712 1117 2768 τῶν
1150 2706 1326 2771 ἄλλων
1357 2719 1634 2793 πολεμίων
1662 2724 1819 2797 ὄχλος
1842 2767 1857 2793 ,

234 2791 285 2843 οἳ
314 2791 531 2888 θηρῶν
550 2795 766 2867 ἀγρίων
797 2799 956 2869 ὀλίγα
999 2800 1300 2876 διενεγκεῖν
1333 2791 1526 2865 νοοῖντ’
1559 2813 1647 2880 ἂν,
1792 2791 1856 2888 γε

233 2884 295 2936 τὸ
325 2886 632 2955 μιαιφόνον
670 2888 767 2943 τοῦ
804 2891 1031 2963 τρόπου,
1062 2898 1157 2951 καὶ
1210 2892 1398 2964 μέντοι
1439 2906 1619 2974 πτηνά
1646 2906 1735 2962 διὰ
1756 2884 1856 2982 τήν

232 2977 480 3050 ὀξύτητα
530 2981 630 3035 τοῦ
680 2981 909 3055 δρόμου.
976 2987 1217 3060 Ἐρπετὰ
1276 2990 1354 3054 δὲ,
1409 2993 1490 3047 ὅτι
1541 2995 1724 3061 δεινοὶ,
1760 2977 1856 3053 καὶ

1077 1246 1325 1321 Βααλεὶμ
1369 1254 1435 1307 ὲκ
1470 1257 1740 1329 στόματος
1777 1265 1951 1339 αὐτῆς
1981 1246 2076 1324 καί
2098 1272 2158 1325 οὐ
2196 1270 2271 1345 μή
2292 1246 2618 1348 ’μνησθῶσιν
2646 1282 2829 1336 οὐκέτι
2851 1246 3466 1358 τάὶνᾎμοῖέὲιτξιέτὲξνξ»

2048 1385 2321 1444 Vsas.l8.
2348 1390 2415 1444 Et
2462 1392 2737 1462 disponam
2778 1395 2887 1449 illis
2928 1398 2984 1451 in
3026 1400 3111 1452 die
3157 1399 3250 1452 illa
3299 1410 3569 1455 testamen‘

1974 1484 2082 1529 tum
2128 1494 2248 1532 cum
2295 1480 2475 1537 bestiis
2523 1491 2702 1551 terrm,
2749 1497 2795 1540 et
2834 1504 2951 1541 cum
3002 1491 3304 1545 volatilibus
3347 1493 3484 1556 caeli,
3526 1500 3573 1547 et

1974 1570 2247 1634 reptilibus
2308 1583 2486 1628 terrm.
2535 1573 2603 1629 Et
2653 1593 2858 1645 arcum,
2901 1587 2952 1634 et
2989 1581 3250 1651 gladium,
3288 1592 3337 1636 et
3377 1583 3571 1637 bellant

1974 1671 2248 1717 conteram
2279 1665 2345 1719 de
2375 1675 2541 1722 terra.

2047 1880 2261 1945 XXVII.
2336 1888 2513 1959 Supra
2575 1890 2849 1948 dicebat:
2916 1910 2937 1944 ‹
2971 1893 3295 1963 Disperdam
3347 1896 3564 1951 vineam

1973 1971 2110 2043 ejus,
2140 1984 2193 2031 et
2232 1976 2366 2032 licus
2399 1976 2536 2046 ejus,
2568 1993 2907 2049 quaecunque
2940 1982 3096 2048 dixit,
3126 1982 3400 2038 Mercedes
3434 2001 3568 2039 meae

1973 2068 2055 2123 hae
2077 2080 2223 2136 sunt,
2265 2088 2403 2142 quas
2436 2074 2703 2130 dederunt
2738 2076 2868 2131 mihi
2899 2089 3175 2134 amatores
3206 2080 3311 2134 mei
3357 2081 3471 2145 ⁸⁷;›
3511 2091 3567 2136 et

1972 2157 2245 2217 addebat:
2280 2178 2299 2213 ι
2327 2158 2629 2219 Comedent
2677 2180 2741 2220 ea
2794 2167 2982 2224 bestiae
3018 2170 3158 2237 agri,
3216 2178 3271 2224 et
3314 2171 3562 2226 volucres

1969 2252 2116 2317 caeli,
2152 2262 2205 2308 et
2242 2256 2450 2325 reptilia
2501 2257 2749 2312 terra)“.
2783 2278 2801 2311 ι
2848 2259 2977 2326 Qua:
3015 2261 3439 2330 interpretantes
3479 2262 3563 2315 di-

1968 2336 2246 2412 cebamus,
2289 2362 2387 2415 per
2411 2346 2621 2404 bestias
2655 2359 2710 2405 et
2738 2350 2990 2407 volucres
3016 2351 3235 2422 oblique
3260 2353 3561 2422 signiﬁcari

1966 2435 2173 2501 hostes,
2210 2435 2517 2493 Iudaeorum
2548 2442 2821 2512 regionem
2871 2443 3291 2512 depopulantes,
3339 2443 3558 2507 Persas.

1970 2523 2179 2592 Medos,
2228 2525 2576 2600 Babylonios,
2637 2540 2693 2587 et
2734 2547 2802 2587 ex
2852 2532 2974 2588 aliis
3028 2534 3293 2604 cujusque
3343 2535 3560 2603 generis

1961 2620 2301 2674 commistam
2326 2621 2562 2677 hostium
2599 2625 3019 2691 multitudinem,
3048 2626 3138 2695 qui
3208 2642 3235 2679 a
3282 2624 3557 2681 ferocibus

1958 2709 2149 2765 bestiis
2213 2726 2320 2766 non
2380 2714 2610 2768 multum
2646 2714 2887 2770 abfuisse
2922 2716 3143 2787 intelligi
3171 2724 3392 2785 queant,
3424 2731 3554 2787 pro-

1960 2811 2079 2871 pter
2112 2818 2291 2859 mores
2316 2807 2695 2878 sanguinarios
2723 2809 2977 2865 videlicet
3011 2827 3024 2875 ;
3057 2818 3111 2863 ct
3145 2810 3398 2865 volucres
3433 2810 3557 2879 qui-

1959 2896 2082 2950 dem
2143 2906 2369 2966 propter
2430 2899 2772 2955 celeritatem
2826 2914 3059 2968 cursus;
3127 2902 3343 2971 reptilia
3401 2916 3551 2967 vero,

1956 2988 2081 3056 quia
2127 2997 2362 3057 atroces,
2412 2998 2468 3046 et
2499 2992 2897 3061 malignissimi,
2940 3002 2995 3047 et
3038 2992 3105 3047 ad
3146 2993 3323 3048 scelus
3374 3007 3551 3048 acres.

230 3071 668 3146 παμμόχθηροι,
702 3077 799 3130 καὶ
830 3079 1046 3150 δριμεῖς
1084 3082 1166 3146 είς
1218 3085 1503 3157 πονηρίαν.
1553 3084 1714 3143 Οὗτοι
1758 3092 1853 3147 τοῦ

1962 3078 2052 3145 lli,
2101 3079 2301 3137 lsraele
2340 3081 2395 3137 in
2426 3080 2693 3138 Samaria:
2728 3085 2954 3139 urbibus
2998 3084 3229 3149 incluso,
3270 3084 3454 3139 omnia
3496 3086 3551 3138 in

243 3169 477 3239 Ἰσραὴλ
505 3170 567 3222 ὲν
586 3172 711 3235 ταῖς
740 3175 837 3244 τῆς
855 3174 1173 3247 Σαμαρείας
1190 3179 1408 3234 πόλεσιν
1432 3183 1856 3257 ὰπκεκλεισμέ·

228 3275 321 3312 νου
364 3262 774 3332 κατεδηδόκασι
805 3264 984 3320 πάντα
1013 3270 1080 3323 τὰ
1113 3271 1171 3324 ὲν
1189 3274 1300 3335 τοῖς
1322 3273 1533 3344 ἀγροῖς,
1557 3277 1708 3332 οὐδὲν
1744 3279 1855 3334 τῶν

229 3354 491 3408 ἐκτάττων
538 3355 739 3421 ὲῶντες
778 3359 1225 3431 ἀνεπιτήδευτον.
1277 3363 1421 3417 Ἀλλ’
1468 3366 1616 3433 ὅταν,
1665 3372 1849 3440 φησιν,

228 3448 405 3513 ἐξελῶ
438 3448 515 3503 τὰ
542 3449 793 3521 ὀνόματα
824 3440 936 3505 τῶν
962 3444 1198 3508 εἰδώλων
1235 3455 1417 3510 αὐτῶν
1445 3457 1554 3512 ἀπὸ
1582 3459 1682 3527 τῆς
1707 3464 1810 3533 γῆς
1833 3502 1849 3528 ,

231 3541 359 3593 τότε
386 3542 489 3594 καὶ
517 3540 791 3613 διαθήκην
842 3545 1067 3616 εἰρήνης
1106 3546 1436 3620 διαθήσομαι
1477 3550 1660 3617 αὐτοῖς
1714 3554 1851 3626 πρὸς

230 3635 381 3688 ἅπαν
410 3634 572 3706 ὠμὸν
600 3636 697 3688 καὶ
725 3636 1003 3707 βάρϐαρον
1056 3632 1235 3708 γένος.
1292 3634 1552 3713 Ἀργήσει
1592 3644 1701 3715 γὰρ
1749 3646 1849 3718 ήδη

230 3728 296 3780 τὰ
328 3728 471 3799 παρ’
505 3726 741 3799 ἐχθρῶν,
776 3729 873 3782 κοιλ⁵
910 3729 1149 3801 πολέμου
1208 3731 1303 3786 καὶ
1331 3734 1603 3804 δειμάτων
1658 3738 1850 3806 μενοῦ-

229 3838 316 3873 σιν
345 3819 675 3891 ἀπείρατοι.
709 3839 727 3872 ‹
754 3821 1039 3892 Συντρίψω
1058 3822 1170 3895 γὰρ
1187 3823 1487 3895 ὅπλον,καί
1513 3822 1807 3898 ῥομφαίαν,
1824 3849 1842 3883 ι

221 3914 254 3966 ὃ
284 3913 353 3985 δὴ
377 3914 480 3967 καὶ
508 3913 592 3976 εἰς
617 3912 793 3984 πέρας
820 3914 1108 3986 ἰστορικῶς
1130 3918 1492 3990 ὲνηνεγμένον
1519 3921 1843 3993 εὑρήσομεν.

235 4005 471 4077 Ἐπειδὴ
506 4005 619 4078 γὰρ
649 4006 748 4077 τήν
797 4006 941 4060 κατὰ
994 4008 1212 4063 πάντων
1250 4011 1424 4083 ἀρχὴν
1458 4013 1506 4066 οἰ
1551 4017 1845 4085 περιφανέ-

221 4115 422 4152 στατοι
452 4096 568 4149 τῶν
611 4096 903 4169 Ῥωμαίων
923 4098 1115 4169 ἔλαχον
1162 4103 1482 4172 στρατηγοὶ,
1519 4105 1846 4177 πεποίηνται

214 4190 279 4243 δὲ
312 4189 428 4244 ὑπὸ
458 4191 627 4261 χεῖρα
653 4188 752 4260 τὴν
776 4190 867 4243 ὑπ’
895 4189 1146 4261 οὐρανὸν,
1170 4184 1306 4246 Θεοῦ
1339 4193 1440 4265 τὴν
1477 4194 1635 4260 δόξαν
1662 4196 1845 4263 αὐτοῖς

213 4279 607 4351 οἰκονομικῶς
660 4280 1085 4351 προσνέμοντος,
1145 4274 1352 4354 Πέρσαι
1407 4285 1505 4356 μὲν
1535 4288 1706 4359 μόνης
1746 4284 1846 4361 τῆς

219 4372 369 4436 ἰδίας
395 4370 835 4442 πεφροντίκασιν
862 4373 1061 4445 ἀρχῆς,
1112 4376 1206 4428 καὶ
1248 4374 1443 4446 ἔληξάν
1481 4395 1542 4430 τε
1590 4379 1687 4433 καὶ
1735 4381 1844 4435 τῶν

214 4463 410 4518 ἄλλων
439 4461 743 4533 βαρϐάρων
770 4462 828 4515 αἰ
860 4462 1005 4516 κατὰ
1025 4464 1222 4536 χωρῶν
1258 4482 1317 4518 τε
1350 4465 1443 4520 καὶ
1482 4467 1693 4521 πόλεων
1726 4471 1845 4523 ἐπι-

213 4554 454 4627 δρομαί.
518 4553 630 4606 Καὶ
660 4553 1028 4625 διαμέμνηται
1062 4555 1251 4625 σαφῶς
1299 4557 1394 4610 τοῦ
1424 4558 1630 4612 τοιοῦδε
1668 4560 1845 4631 πράγ-

222 4666 409 4721 ματος
457 4648 489 4700 ὀ
533 4646 806 4718 μακάριος
830 4647 1297 4717 Ἥσαῒας,λέγων·
1324 4667 1343 4700 ‹
1368 4648 1478 4703 Καὶ
1510 4651 1842 4722 συγκόψουσι

216 4742 325 4803 τὰς
350 4738 637 4812 μαχαίρας
657 4738 839 4793 αὐτῶν
877 4739 957 4802 εἰς
986 4740 1213 4813 ἄροτρα,
1246 4740 1340 4795 καὶ
1367 4741 1465 4804 τάς
1491 4740 1717 4815 ζιϐήνας
1745 4745 1842 4799 αὑ-

154 4868 159 4875 ;
216 4832 338 4886 τῶν
369 4832 457 4896 εἰς
486 4831 755 4902 δρέπανα.
788 4833 902 4885 Καὶ
954 4824 1017 4885 οὖ
1056 4832 1130 4904 μὴ
1161 4833 1271 4906 ἄρῃ
1306 4828 1460 4899 ἔθνος
1503 4838 1623 4889 κατ’
1653 4837 1841 4905 ἔθνους

220 4922 544 4994 μάχαιραν·
583 4922 680 4975 καὶ
709 4922 771 4975 οὐ
815 4920 891 4994 μή
936 4922 1184 4993 μάθωσιν
1235 4924 1316 4978 ἔτι
1376 4927 1651 4999 πολεμεῖν.
1693 4948 1711 4981 ι
1750 4931 1841 4994 Ὠς

215 5016 337 5087 γάρ
360 5015 467 5087 ἤδη
497 5014 789 5083 γεγονότες
816 5015 907 5083 ὑφ’
938 5015 1035 5069 ἕνα
1062 5012 1247 5084 ζυγὸν,
1301 5017 1600 5090 ἐτράποντο
1642 5020 1842 5091 μᾶλλον

216 5108 309 5172 εἰς
330 5106 600 5176 ὲπωφελῆ
628 5106 940 5177 φιλεργίαν,
969 5108 1064 5161 καὶ
1111 5112 1180 5180 τῇ
1207 5111 1453 5182 γεωργίᾳ
1490 5114 1735 5184 χρήσιμα
1764 5114 1834 5168 τὰ

215 5199 321 5253 τοῦ
351 5197 604 5269 πολέμου
666 5197 839 5270 σκεύη
880 5198 1272 5268 μετέπλαττον.
1309 5201 1501 5257 Ἔσται
1552 5204 1732 5258 τοίνυν
1763 5207 1842 5260 εἰ·-

224 5295 398 5362 ρήνη,
429 5290 592 5361 φησὶ,
629 5292 723 5344 καὶ
752 5293 802 5345 οἰ
839 5291 1010 5345 πάλαι
1063 5291 1229 5345 δεινοὶ
1270 5293 1637 5352 πεπαύσονται
1665 5299 1840 5368 φόϐοι,

222 5384 371 5439 Θεοῦ
391 5382 849 5449 κατευνάζοντος,
877 5385 974 5438 καὶ
996 5384 1110 5448 τοῖς
1132 5385 1191 5451 ἐξ
1214 5386 1438 5457 εἰρήνης
1456 5389 1683 5457 ἀγαθοῖς
1707 5409 1843 5446 κατ..

225 5478 625 5549 ηυφραίνοντος
655 5478 783 5543 τοὺς
811 5478 1143 5547 ἀγαπῶντας
1175 5476 1359 5534 αὐτόν.

302 5570 638 5644 “pedestria:
663 5571 743 5637 δὲ,
780 5566 955 5643 οἶμαι,
994 5572 1218 5627 κάκεῖνο
1258 5572 1460 5644 δεήσει.
1516 5574 1689 5632 Πάλαι
1741 5577 1839 5649 μὲν

312 5769 360 5807 ⁸¹¹
382 5769 523 5829 Osce
553 5785 613 5837 tt,
646 5769 728 5825 t2.
811 5770 856 5801 "’
890 5769 999 5827 ibid
1098 5772 1142 5803 ”
1180 5770 1281 5828 lsa.
1326 5788 1387 5841 ιι,
1417 5772 1473 5828 4.

1959 3171 2107 3242 agris
2136 3172 2494 3239 devorarunt,
2524 3173 2661 3229 nihil
2699 3174 3003 3230 insolentia:
3036 3176 3362 3230 intentatum
3389 3175 3553 3231 relin-

1957 3272 2211 3332 quentes.
2262 3265 2371 3321 Sed
2418 3282 2541 3321 cum
2586 3265 2856 3333 auferam,
2920 3266 3118 3338 inquit,
3166 3268 3386 3322 nomina
3434 3267 3552 3321 ido-

1956 3355 2132 3411 lorum
2161 3357 2404 3427 ipsorum
2437 3358 2503 3413 de
2531 3367 2676 3413 terra
2696 3400 2710 3425 ,
2746 3369 2875 3415 tunc
2900 3369 2955 3414 et
2982 3368 3369 3416 testamentum
3398 3358 3551 3428 pacis

1954 3447 2235 3517 diSpnnam
2263 3450 2393 3519 ipsis
2438 3466 2557 3505 cum
2587 3452 2731 3506 omni
2763 3467 2904 3507 saeva
2949 3461 3005 3507 ct
3038 3453 3273 3506 barbara
3310 3457 3547 3508 natione.

1952 3538 2260 3597 Cessabunt
2304 3542 2450 3597 enim
2494 3548 2605 3596 tum
2651 3543 2905 3611 hostilia,
2952 3542 3279 3612 tolleturque
3325 3541 3549 3608 bellum,

1951 3643 2006 3688 et
2037 3643 2310 3690 terrorum
2369 3647 2630 3707 expertes
2673 3635 2993 3691 manebunt.
3027 3654 3045 3687 ι
3077 3634 3366 3690 Conteram
3400 3633 3546 3688 enim

1952 3739 2101 3780 arma
2139 3736 2195 3780 et
2234 3725 2492 3795 gladium.
2531 3745 2551 3781 ι
2604 3727 2757 3794 Ουοιι
2802 3728 2967 3783 etiam
3019 3727 3085 3780 ad
3134 3728 3295 3780 linem
3338 3725 3548 3794 perdu-

1948 3825 2117 3881 ctum,
2161 3816 2315 3886 juxta
2365 3818 2651 3876 historiam
2710 3819 3041 3874 invenimus.
3095 3816 3198 3889 51
3246 3817 3544 3888 Postquam

1948 3907 2094 3961 enim
2135 3908 2489 3964 illustrissimi
2532 3905 2903 3966 Romanorum
2950 3912 3115 3966 duces
3165 3910 3451 3979 imperium
3490 3911 3543 3964 in

1949 4011 2138 4053 omnes
2191 3998 2370 4067 adepti
2425 4009 2578 4064 sunt,
2632 4003 2688 4055 ct
2729 4001 2991 4069 quidquid
3040 4000 3123 4056 sol
3170 4002 3393 4071 aspicit,
3441 4002 3545 4055 sub

1948 4088 2212 4147 ditionem
2254 4094 2606 4163 redegerunt,
2643 4094 2753 4148 Deo
2786 4094 2894 4148 illis
2923 4093 3395 4147 administratorie
3426 4093 3543 4162 glo—

1948 4182 2085 4237 riam
2143 4182 2456 4249 tribuente,
2516 4176 2697 4239 Persa:
2761 4184 2979 4238 unicum
3038 4183 3325 4252 imperium
3383 4200 3541 4238 suum

1948 4280 2417 4343 procdraverunt,
2482 4287 2540 4330 et
2600 4275 2834 4331 aliorum
2899 4290 3117 4345 quoque
3181 4276 3541 4331 barbarorum

1949 4366 2289 4422 incursiones
2357 4367 2410 4422 in
2474 4368 2782 4438 provincias
2849 4374 2903 4422 et
2971 4368 3134 4423 urbes
3205 4366 3540 4435 conquieve-

1951 4470 2079 4514 runt
2127 4478 2141 4514 :
2186 4459 2345 4533 cujus
2395 4461 2474 4517 rei
2535 4463 2727 4517 beatus
2772 4460 2941 4517 Isaias
3002 4470 3193 4530 aperte
3248 4460 3537 4514 meminit:

1959 4572 1978 4605 ι
2015 4553 2080 4608 Ει
2114 4555 2450 4610 contundent
2498 4554 2708 4623 gladios
2755 4569 2882 4610 suos
2908 4555 2960 4609 in
3004 4568 3274 4619 vomeres,
3325 4562 3380 4607 et
3432 4550 3543 4606 lan-

1953 4646 2079 4702 ceas
2128 4662 2256 4701 suas
2312 4647 2367 4701 in
2425 4647 2641 4715 falces;
2700 4656 2754 4703 et
2806 4662 2913 4703 non
2976 4648 3123 4702 tollet
3185 4661 3319 4717 gens
3351 4656 3539 4700 contra

1950 4746 2165 4808 gentem
2203 4738 2464 4808 gladium.
2501 4749 2555 4795 et
2593 4756 2699 4795 non
2733 4741 2946 4797 discent
2980 4741 3116 4795 ultra
3150 4734 3481 4812 proeliari".
3516 4755 3537 4793 ι

1948 4830 2067 4885 Jam
2123 4831 2269 4886 enim
2312 4836 2372 4885 ut
2414 4833 2516 4887 sub
2567 4847 2733 4886 unum
2779 4832 2971 4903 jugum
3003 4835 3200 4896 coacti,
3247 4833 3428 4902 potius
3475 4832 3541 4889 ad

1951 4922 2109 4979 utiles
2131 4938 2355 4991 operum
2392 4922 2611 4980 labores
2659 4939 2718 4979 se
2744 4925 3113 4995 applicabant,
3151 4927 3542 4981 instrumenta-

1948 5029 2057 5084 que
2098 5014 2359 5069 militaria
2397 5016 2447 5068 in
2489 5017 2564 5070 rei
2614 5016 2836 5069 rustica:
2880 5016 3069 5070 idonea
3109 5016 3536 5070 commutabant.

1943 5103 2063 5157 Erit
2111 5103 2274 5174 igitur
2317 5119 2446 5174 pax,
2501 5105 2698 5176 inquit,
2747 5116 2803 5160 et
2852 5115 3029 5162 metus
3077 5106 3205 5160 olim
3261 5105 3533 5162 terribiles

1951 5196 2268 5263 cessabunt,
2308 5196 2418 5251 Deo
2456 5199 2830 5269 consopiente,
2858 5206 2914 5253 et
2954 5196 3037 5253 sui
3069 5206 3317 5255 amantes
3349 5195 3539 5250 fructi-

1952 5288 2055 5345 bus
2085 5290 2237 5360 pacis
2268 5291 2635 5347 exbilarante.

2021 5582 2227 5653 Opmor
2266 5592 2448 5640 autem
2502 5594 2557 5640 et
2600 5583 2730 5640 illud
2772 5581 2895 5639 addi
2926 5580 3144 5638 debere.
3190 5578 3331 5637 Olim
3363 5592 3531 5646 mum,
