4094 6508
525 304 586 359 9I
1509 299 1562 356 ς.
1603 298 1875 356 CYRILLI
1917 297 2079 354 ΑΙ.Εὲ

2178 291 2386 350 IDRINI
2422 289 2744 348 ARCIIIEP.
3705 286 3774 340 9‘2

513 417 734 485 quando
771 415 824 472 in
858 428 1046 474 errore
1069 415 1542 486 permanebamus,
1578 425 1632 470 et
1680 415 1775 468 lilii
1822 415 1918 470 irae
1944 428 2074 469 voca

2201 409 2310 480 γὰρ
2344 409 2431 461 ὅτε
2461 404 2803 474 διετελοῦμεν
2847 404 2903 456 ἐν
2952 401 3148 472 πλάνῃ,
3208 401 3301 454 καὶ
3340 399 3509 470 ὀργῆς
3532 399 3774 470 ἐχρημα-

512 508 726 575 bamur,
757 508 932 563 instar
968 507 1325 577 quarumdam
1370 505 1634 560 malarum
1673 508 1996 572 bestiarum,
2039 514 2079 560 el

2191 501 2413 570 τίζομεν
2441 499 2636 565 τέκνα,
2694 497 2943 566 καθάπερ
2990 495 3138 558 τινὲς
3165 493 3330 565 θῆρες
3372 491 3621 562 πονηροὶ,
3680 493 3774 545 καὶ

513 596 694 650 avium
726 596 1157 660 carnivorarum,
1199 605 1361 664 atque
1390 595 1554 650 etiam
1592 595 2091 666 perniciosissimo-

512 700 632 738 rum
662 685 958 740 draconum
991 685 1287 754 perdebant
1313 700 1414 740 nos
1448 700 1630 755 pravae
1659 694 1714 741 et
1759 685 2090 741 adversaria:

512 776 760 831 virtutes.
818 775 918 832 Ubi
965 787 1147 832 autem
1193 777 1248 831 in
1292 777 1510 832 Christo
1545 793 1730 832 verum
1782 777 1949 834 Deum
1998 791 2090 832 co.

511 870 836 939 gnovimus,
884 869 1192 938 delictaque
1242 880 1429 924 nostra
1463 884 1559 937 per
1605 868 1799 932 fidem,
1851 876 1906 922 et
1949 867 2091 922 anti-

511 974 674 1029 quam
715 959 1036 1015 charitatem
1066 960 1360 1024 abluimus,
1393 968 1522 1014 tune
1548 969 1602 1014 et
1641 959 1834 1014 salvati
1875 974 2088 1024 sumus,

515 1066 536 1100 ι
574 1058 630 1104 et
658 1059 981 1120 potestatem
1016 1049 1263 1105 caleandi
1296 1066 1460 1120 supra
1490 1059 1793 1118 serpentes,
1837 1062 1893 1106 et
1930 1065 2086 1105 scor-

509 1140 719 1209 piones,
760 1149 816 1196 et
857 1141 1024 1212 super
1062 1155 1278 1196 omnem
1314 1141 1570 1198 virtutem
1617 1141 1825 1196 inimici
1877 1141 2089 1212 accepi-

511 1246 633 1286 mus
647 1231 712 1286 “.
749 1250 769 1284 ι
808 1231 966 1288 Tunc
995 1231 1124 1288 item
1154 1231 1549 1286 ambulavimus
1579 1247 1742 1302 super
1766 1233 2006 1303 aspidem
2034 1243 2088 1290 et

509 1321 861 1389 basiliscum,
918 1331 975 1377 et
1029 1321 1470 1378 conculcavimus
1520 1321 1730 1377 leonem
1785 1333 1841 1377 et
1893 1324 2088 1379 draco-

508 1428 634 1469 nem
659 1415 725 1480 “,
758 1414 976 1470 Christo
1016 1423 1357 1485 protegente,
1389 1423 1446 1470 et
1493 1415 1693 1470 virtute
1731 1415 1928 1470 invicta
1959 1431 2089 1472 suos

507 1505 928 1571 communiente,
978 1521 1274 1576 pacemque
1316 1521 1468 1560 suam
1522 1507 1574 1562 in
1619 1507 1832 1564 animos
1874 1517 2088 1564 nostros

505 1596 798 1652 inserente.
854 1598 946 1652 Ait
999 1599 1185 1654 enim:
1219 1616 1240 1650 ι
1281 1597 1478 1653 Pacem
1537 1615 1710 1655 meam
1765 1601 1835 1657 do
1895 1599 2083 1666 vobis,

505 1701 694 1759 pacem
722 1704 896 1744 meam
927 1690 1174 1760 relinquo
1205 1689 1360 1745 vobis
1376 1691 1439 1745 ⁸³.
1474 1709 1494 1743 ι

574 1845 738 1900 Vsus.
776 1845 861 1900 I9.
905 1845 973 1899 Et
1011 1846 1253 1900 habitare
1275 1846 1473 1917 faciam
1505 1856 1554 1901 te
1594 1848 1650 1901 in
1694 1863 1817 1917 spe;
1857 1855 1906 1902 et
1933 1863 2084 1917 8pm:-

501 1935 630 1991 σαίνο
658 1945 708 1989 te
743 1935 872 1989 mihi
905 1936 958 1990 in
985 1937 1262 1990 mculum.

575 2025 810 2080 XXVIII.
852 2025 968 2080 Non
1021 2026 1194 2082 solum
1245 2025 1367 2081 belli
1449 2027 1753 2084 terroribus
1817 2027 2081 2096 liberabo,

502 2118 706 2189 inquit,
756 2119 852 2174 sed
902 2118 1152 2188 adjiciam
1207 2120 1308 2174 hoc
1347 2133 1585 2188 quoque,
1617 2129 1676 2174 ut
1725 2121 1983 2192 deinceps
2029 2124 2082 2178 in

501 2209 641 2266 bona
675 2225 770 2280 spe
813 2209 888 2265 sis
920 2219 1142 2280 propter
1188 2211 1349 2276 bona,
1386 2219 1445 2266 ut
1488 2220 1718 2276 certam,
1761 2224 1816 2268 et
1847 2213 2080 2282 firmam,

498 2311 556 2357 et
595 2301 924 2356 immobilem
963 2303 1208 2356 laztitiam
1255 2301 1481 2358 habeas.
1529 2302 1657 2358 Mihi
1693 2307 1838 2360 enim
1888 2313 1939 2360 te
1983 2307 2080 2362 de-

499 2390 791 2461 sponsabo,
819 2391 979 2460 idque
1026 2393 1078 2447 in
1113 2393 1525 2462 sempiternum.
1557 2392 1696 2460 Quid
1726 2410 1892 2463 porro
1941 2395 2083 2452 istuc

499 2483 619 2537 est?
648 2479 1025 2552 Despondebat
1060 2484 1164 2538 sibi
1197 2485 1599 2554 quodammodo
1632 2496 1871 2542 veterem
1905 2487 2079 2543 Israe-

498 2573 626 2638 lem,
655 2574 771 2630 sive
799 2573 1107 2630 Judmorum
1149 2573 1514 2646 Synagogam,
1540 2587 1596 2631 et
1625 2578 1691 2631 ad
1727 2578 2083 2634 necessitudi-

496 2678 620 2718 nem
645 2665 891 2728 vocabat,
914 2679 1011 2733 per
1032 2665 1204 2736 legem
1227 2665 1456 2732 scilicet,
1482 2665 1664 2737 Moyse
1685 2669 2079 2735 suliserviente.

497 2761 553 2807 et
598 2753 805 2821 angelis
833 2754 1169 2810 administris
1213 2755 1278 2809 ⁸³.
1331 2753 1529 2812 Verum
1563 2758 1844 2812 enimvero
1889 2760 2082 2816 modus

496 2844 937 2914 desponsationis
970 2861 1075 2900 non
1106 2847 1208 2902 fuit
1235 2858 1550 2918 perpetuus,
1579 2864 1680 2905 nec
1704 2851 1758 2904 in
1789 2851 2080 2922 sempiter-

496 2950 627 2991 num
675 2938 923 3004 duravit;
977 2939 1133 3009 longe
1190 2940 1371 3009 abest;
1424 2955 1533 2996 non
1583 2942 1892 3012 enimlypi,
1933 2949 1968 2994 ἰ
2026 2952 2082 2998 et

497 3041 669 3096 usque
688 3028 754 3082 ad
793 3039 1005 3098 tempus
1039 3031 1398 3086 correctionis
1438 3032 1688 3102 imposita
1709 3033 1778 3099 “,
1811 3050 1830 3084 ι
1863 3047 2080 3102 semper

495 3117 729 3173 valitura
779 3130 957 3177 erant.
998 3121 1104 3193 52
1132 3121 1400 3193 Tempore
1451 3133 1632 3180 autem
1680 3126 2070 3191 correctionis,
2101 3119 2142 3176 C

497 3208 602 3264 hoc
639 3197 741 3276 est,
787 3210 1054 3267 adventus
1094 3213 1396 3269 Salvatoris
1436 3215 1629 3278 nostri,
1680 3215 1784 3270 alia
1817 3219 1958 3271 ratio
1986 3215 2081 3270 de-

495 3303 864 3372 sponsationis
918 3305 1210 3376 apparuit,
1278 3316 1538 3377 perpetua
1593 3315 1649 3362 et
1717 3309 2078 3376 inconcussa,

496 3391 776 3461 multoque
804 3393 988 3463 priore
1017 3395 1352 3464 splendidior
1388 3407 1442 3451 et
1470 3398 1678 3452 umbris
1709 3398 2076 3467 praestantior.

496 3478 640 3536 Deus
683 3481 884 3552 quippe
934 3484 1306 3540 universitatis
1355 3486 1520 3540 veluti
1569 3486 1862 3556 quamdam
1899 3488 2078 3542 dotem

496 3580 710 3635 sponsae
739 3583 874 3632 sum,
899 3571 1138 3627 carnalis
1165 3573 1444 3628 servitutis
1475 3573 1817 3630 vacationem
1852 3573 2080 3645 largitus

497 3661 577 3708 est
623 3671 637 3708 :
685 3664 740 3709 et
791 3670 886 3726 per
941 3658 1190 3714 umbram
1252 3661 1567 3732 figurasque
1618 3664 1687 3719 ad
1738 3665 2077 3736 spiritualem

494 3748 939 3817 expurgationem
962 3754 1196 3808 vocavit.
1235 3753 1430 3809 Verum
1460 3756 1738 3812 enimvero
1783 3758 2078 3830 desponsa-

495 3835 625 3891 tioni
666 3847 874 3908 tempus
904 3843 1210 3909 praelinivit.
1243 3843 1399 3910 Nam,
1433 3861 1556 3902 cum
1588 3848 1763 3917 prima
1806 3849 1892 3905 illa
1923 3851 2074 3924 culpa

494 3940 600 3980 non
645 3939 867 3986 vacaret
885 3932 952 3998 ⁸⁸,
995 3935 1292 3990 secundum
1327 3934 1477 3990 Pauli
1534 3952 1742 4006 vocem,
1779 3955 1880 3996 nec
1925 3957 2081 3996 sene-

493 4019 660 4076 ctutis
683 4035 876 4091 expers
899 4034 1061 4092 esset,
1097 4042 1196 4082 nec
1222 4027 1448 4082 multum
1477 4029 1543 4083 ab
1572 4029 1795 4086 interitu
1826 4032 2074 4100 distaret,

491 4108 643 4167 locus
681 4115 930 4170 secundae
965 4127 1047 4172 est
1097 4118 1408 4188 inquisitus,
1455 4120 1558 4178 hoc
1615 4131 1699 4178 est
1745 4139 1917 4189 novze,
1951 4139 2074 4192 quin

491 4217 589 4272 per
623 4202 823 4262 Christi
860 4207 1083 4276 donum,
1128 4209 1374 4281 inquam,
1425 4223 1479 4268 et
1517 4214 1748 4284 gratiam
1786 4228 1893 4268 non
1939 4222 2078 4269 tem-

489 4293 730 4361 poralem
764 4297 945 4364 nobis,
978 4314 1155 4368 neque
1180 4300 1458 4356 carnalem
1492 4302 1798 4357 libertatem
1835 4303 2070 4361 afferret.

2191 595 2261 648 τὰ
2294 593 2400 647 τῶν
2424 592 2627 664 ὀρνέων
2659 589 3024 662 σαρκοφάγων
3053 586 3303 652 εἰωθότα,
3339 586 3433 640 καὶ
3463 585 3568 656 μὴν
3588 584 3681 638 καὶ
3724 585 3772 638 οἰ

2193 685 2536 756 παγχάλεποι
2574 683 2887 754 δράκοντες,
2919 680 3202 735 ἀπώλλυον
3247 680 3395 750 ἡμᾶς
3435 679 3492 732 αἱ
3541 675 3775 748 πονηραὶ

2191 779 2285 831 καὶ
2338 776 2714 846 ἀντικείμεναι
2767 773 3045 844 δυνάμεις.
3113 769 3330 842 Ἐπειδὴ
3357 771 3412 823 δὲ
3445 771 3502 822 ἐν
3553 766 3773 839 Χριστῷ

2188 868 2280 922 τὸν
2312 866 2473 937 φύσει
2511 865 2643 920 Θεὸν
2663 864 3005 935 ἐγνώκαμεν,
3027 861 3412 932 ἀπενιψάμεθα
3431 860 3518 914 διά
3539 860 3772 923 πίστεως

2190 959 2412 1030 καὶτῆς
2470 956 2698 1030 ἀρχαίας
2743 956 2963 1027 ἀγάπης
2991 954 3062 1009 τά
3111 953 3454 1025 ἐγκλήματα,
3501 952 3621 1005 τότε
3677 949 3772 1004 καὶ

2190 1046 2534 1119 σεσώσμεθα,
2571 1064 2590 1097 ι
2634 1046 2744 1100 Καὶ
2769 1045 3067 1116 εἰλήφαμεν
3095 1042 3342 1109 ἐξουσίαν
3368 1044 3555 1095 πατεῖν
3584 1040 3772 1094 ἐπάνω

2187 1137 2364 1207 ὄφεων
2425 1138 2521 1191 καὶ
2560 1136 2858 1208 σκορπίων,
2902 1136 2996 1190 καὶ
3051 1136 3144 1190 ἐπὶ
3191 1136 3368 1189 πᾶσαν
3417 1134 3517 1204 τὴν
3542 1132 3770 1202 δύναμιν

2186 1228 2281 1284 τοῦ
2325 1228 2542 1300 ἐχθροῦ.
2591 1247 2610 1280 ι
2665 1227 2802 1282 Τότε
2831 1228 2927 1283 καὶ
2981 1227 3260 1298 ἐπέϐημεν
3289 1225 3382 1280 ἐπὶ
3428 1225 3629 1280 ἀσπίδα
3678 1223 3774 1278 καί

2190 1319 2520 1391 βασιλίσκον,
2549 1319 2950 1392 πεπατήκαμέν
3000 1337 3062 1373 τε
3103 1318 3290 1372 λέοντα
3339 1317 3433 1370 καὶ
3467 1315 3765 1385 δράκοντα,

2189 1412 2433 1484 Χριστοῦ
2465 1411 2918 1484 προασπίζοντος,
2975 1411 3072 1466 καὶ
3109 1411 3351 1482 ἀνικήτῳ
3379 1408 3605 1479 δυνάμει
3641 1408 3771 1471 τοὺς

2191 1503 2352 1568 ἰδίους
2396 1503 2872 1575 περιτειχίζοντος,
2927 1504 3022 1557 καὶ
3065 1503 3291 1574 εἰρήνην
3328 1501 3461 1571 ἡμῖν
3507 1499 3606 1569 τὴν
3633 1498 3774 1552 ἰδίαν

2189 1595 2360 1659 ἰέντος
2422 1597 2504 1658 εἰς
2559 1595 2714 1649 νοῦν·
2779 1613 2799 1647 ι
2833 1595 3071 1666 Εἰρήνην
3111 1613 3130 1646 ι
3184 1593 3323 1663 γάρ,
3384 1590 3550 1660 φησὶ,
3611 1608 3632 1642 ι
3667 1589 3774 1660 τὴν

2187 1683 2328 1756 ἐμὴν
2400 1683 2593 1756 δίδωμι
2647 1685 2816 1757 ὑμῖνο
2899 1685 3127 1758 εἰρήνην
3191 1683 3292 1755 τὴν
3357 1681 3498 1754 ἐμὴν
3561 1679 3772 1752 ἀφίημι

2115 1773 2157 1829 Β
2185 1775 2335 1845 ὑμῖν.
2376 1793 2395 1826 ι

2252 1867 2362 1922 Kal
2384 1866 2659 1923 κατοικιῶ
2688 1882 2762 1922 σε
2802 1867 2895 1922 ἐπ’
2928 1865 3148 1922 ἐλπίδιο
3177 1865 3278 1922 καί
3304 1861 3772 1937 μησί-δύσομαι

2183 1973 2258 2012 σε
2289 1958 2525 2026 ἐμαυτῷ
2564 1960 2653 2025 εἰς
2689 1959 2796 2013 τὸν
2820 1957 3025 2013 αἰῶνα.

2254 2050 2388 2115 KH'.
2417 2050 2553 2120 Οὐχὶ
2581 2051 2756 2121 μόνον,
2783 2051 2935 2120 φησι,
2961 2047 3255 2114 ἀπαλλάξω
3273 2051 3385 2102 τῶν
3406 2045 3500 2100 τοῦ
3527 2043 3768 2116 πολέμου

2182 2139 2476 2212 δειμάτων,
2517 2141 2810 2213 προσθήσω
2840 2142 2900 2196 δὲ
2936 2141 3096 2196 τοῦτο
3128 2141 3224 2195 καὶ
3255 2140 3317 2194 τὸ
3347 2141 3404 2194 ἐν
3432 2137 3584 2210 καλῷ
3612 2137 3770 2208 γενέ-

2185 2232 2306 2287 σθαι
2359 2233 2544 2287 λοιπὸν
2593 2234 2694 2304 τῆς
2725 2236 2811 2288 ἐπ’
2851 2235 3076 2303 ἀγαθοῖς
3107 2233 3343 2297 ἐλπίδος,
3386 2232 3463 2295 ώς
3509 2231 3764 2302 ἀσφαλῆ,

2183 2324 2278 2377 καὶ
2299 2323 2728 2397 ἐρηρεισμένην,
2759 2325 2852 2380 καὶ
2873 2325 3166 2396 ἀκλόνητον
3192 2324 3334 2395 ἔχειν
3357 2322 3456 2393 τὴν
3477 2319 3764 2391 εὐθυμίαν.

2195 2415 2452 2486 Ἐμαυτῷ
2485 2417 2594 2488 γάρ
2634 2433 2693 2470 σε
2752 2415 3182 2488 μνηστεύσομαι,
3232 2414 3327 2467 καὶ
3387 2412 3545 2466 τοῦτο
3569 2413 3648 2476 είς
3676 2412 3767 2466 τὸν

2182 2503 2374 2558 αἰῶνα.
2403 2506 2514 2558 Καὶ
2537 2504 2590 2558 τί
2618 2505 2682 2575 δὴ
2711 2505 2867 2559 τοῦτό
2899 2507 3074 2571 ἐστιν;
3102 2504 3279 2558 Οἰονεί
3304 2503 3413 2575 γάρ
3444 2520 3561 2566 πως
3597 2505 3768 2574 ἐμνη-

2183 2595 2403 2651 στεύετο
2440 2596 2529 2650 τὸν
2555 2598 2780 2668 ἀρχαῖον
2821 2597 3058 2669 Ἰσραὴλ,
3089 2597 3208 2668 ήτοι
3236 2597 3334 2668 τὴν
3359 2595 3466 2650 τῶν
3500 2594 3767 2650 Ἰουδαίων

2181 2687 2536 2758 Συναγωγὴν,
2575 2689 2670 2742 καὶ
2712 2687 2850 2760 πρὸς
2903 2689 3208 2760 οἰκειότητα
3257 2687 3514 2756 κέκληκε,
3557 2689 3654 2757 τὴν
3676 2685 3767 2742 διὰ

2181 2776 2350 2849 νόμου
2390 2763 2556 2850 φημὶ,
2577 2778 2952 2842 διακονοῦντος
2975 2779 3242 2844 Μωσέως,
3271 2778 3363 2832 καὶ
3405 2777 3765 2849 μεσολαῦούν-

2179 2880 2289 2917 των
2316 2864 2588 2934 ἀγγέλων.
2625 2865 2766 2919 Ἀλλ’
2794 2861 2863 2938 ἦν
2905 2867 3006 2937 τῆς
3037 2865 3332 2938 μνηστείας
3382 2868 3410 2920 6
3456 2868 3656 2939 τρόπος
3697 2867 3761 2921 οὐ

2179 2955 2453 3026 διηνεκὴς,
2484 2956 2606 3010 οῦτε
2639 2957 2747 3029 μὴν
2776 2959 2856 3020 εἰς
2880 2957 2972 3012 τὸν
2993 2957 3186 3024 αἰῶνα,
3211 2958 3407 3012 πολλοῦ
3433 2977 3496 3029 γε
3536 2959 3635 3013 δεῖ.
3683 2959 3761 3013 υῦ

2181 3043 2290 3115 γάρ
2318 3044 2541 3116 ἔμελλον
2564 3048 2612 3100 οἱ
2633 3047 2790 3102 τύποι
2813 3048 3108 3119 κρατήσειν
3146 3047 3233 3102 διά
3253 3048 3473 3114 παντὸς,
3505 3068 3524 3100 ι
3561 3048 3674 3103 Καὶ
3693 3046 3766 3102 τά

2179 3132 2340 3205 μέχρι
2364 3135 2556 3206 καιροῦ
2591 3135 2928 3208 διορθώσεως
2967 3135 3307 3206 ἐπικείμενα.
3349 3155 3367 3188 ι
3424 3135 3582 3191 Κατά
3620 3135 3676 3188 δέ
3697 3153 3764 3205 γε

2177 3226 2272 3280 τὸν
2295 3227 2395 3297 τῆς
2425 3227 2766 3300 διορθώσεως
2817 3227 3034 3299 καιρὸν,
3079 3227 3364 3296 τουτέστι,
3410 3227 3501 3281 τὸν
3539 3227 3640 3297 τῆς
3668 3226 3765 3281 τοῦ

2181 3317 2433 3388 Σωτῆρος
2476 3318 2636 3389 ήμῶν
2694 3317 3023 3389 ἐπιδημίας,
3078 3319 3264 3392 ἐτερος
3313 3323 3412 3390 τῆς
3472 3321 3772 3391 μνηστείας

2177 3406 2804 3482 ἀναπέφανταικτρόπος,
2833 3407 3109 3480 διηνεκὴς,
3164 3409 3260 3463 καὶ
3305 3409 3627 3476 ἀσάλευτος,
3668 3411 3771 3465 καὶ

2177 3501 2314 3554 πολὺ
2359 3499 2455 3554 τοῦ
2498 3501 2714 3573 πρώτου
2757 3502 3170 3573 λαμπρότερος,
3209 3503 3304 3556 καὶ
3357 3502 3457 3573 τῆς
3498 3505 3656 3567 σκιᾶς
3703 3505 3770 3558 ἐν

2177 3591 2477 3662 ἀμείνοσιν.
2521 3592 2578 3646 Ὀ
2605 3592 2705 3664 μὲν
2735 3593 2843 3664 γὰρ
2893 3591 3002 3647 τῶν
3031 3594 3168 3647 ὅλων
3225 3595 3359 3660 Θεὸς
3389 3595 3542 3648 έδνον
3567 3595 3766 3668 ὥσπερ

2174 3699 2228 3736 τι
2259 3685 2324 3754 τῇ
2348 3683 2557 3756 νύμφῃ,
2605 3685 2705 3756 τῆς
2738 3685 3010 3756 σαρκικῆς
3060 3686 3304 3751 δουλείας
3359 3687 3460 3758 τὴν
3505 3687 3769 3742 ἀπόθεσιν

2175 3774 2480 3845 ἐχαρίζετο,
2537 3775 2633 3828 καὶ
2676 3776 2766 3830 διὰ
2828 3769 2986 3840 σκιᾶς
3033 3778 3128 3831 καὶ
3177 3777 3368 3832 τύπων
3406 3779 3590 3832 ἐκάλει
3624 3780 3768 3850 πρὸς

2176 3865 2557 3937 ἀποκάθαρσιν
2581 3865 2679 3936 τὴν
2711 3868 3108 3939 πνευματικήν.
3137 3868 3282 3940 Πλὴν
3321 3869 3540 3942 ἐμέτρει
3571 3870 3768 3941 καιρὸν

2174 3959 2242 4027 τῇ
2274 3956 2560 4028 μνηστείᾳ.
2586 3957 2660 4009 Οὐ
2689 3957 2797 4030 γὰρ
2826 3956 3114 4029 ἄμεμπτος
3143 3961 3176 4030 ἡ
3219 3958 3434 4030 πρώτη,
3475 3959 3616 4014 κατά
3661 3959 3765 4032 τὴν

2179 4045 2276 4100 τοῦ
2311 4045 2526 4100 Παύλου
2553 4047 2756 4118 φωνὴν,
2786 4047 2909 4102 οὔτε
2939 4051 3161 4121 ἀγήρως
3188 4045 3277 4121 ἦν,
3329 4053 3424 4104 καὶ
3449 4052 3762 4123 ἀφανισμοῦ

2179 4141 2421 4212 μακράν.
2454 4140 2722 4213 Ταύτῃτοι
2751 4143 2846 4196 καὶ
2874 4146 2973 4215 τῆς
2996 4144 3259 4216 δευτέρας
3298 4145 3541 4216 ἐζητεῖτο
3572 4146 3759 4212 τόπος,

2173 4231 2439 4298 τουτέστι,
2467 4233 2568 4304 τῆς
2609 4234 2753 4299 νέας,
2798 4235 2897 4306 τῆς
2930 4235 3018 4288 διὰ
3045 4235 3309 4307 Χριστοῦ,
3348 4237 3513 4307 φημὶ,
3549 4237 3763 4309 δωρεᾶς

2174 4339 2236 4375 τε
2292 4323 2386 4377 καὶ
2423 4324 2665 4396 χάριτος,
2692 4327 2753 4380 ού
2779 4328 3110 4400 πρόσκαιρον
3131 4330 3286 4398 ἡμῖν,
3320 4329 3440 4382 οὐδὲ
3490 4331 3760 4403 σαρκικὴν

488 4383 722 4454 Cooptat
763 4389 907 4444 enim
961 4405 1059 4446 nos
1109 4391 1164 4445 in
1223 4408 1507 4448 numerum
1562 4392 1798 4449 filiorum
1851 4395 1968 4461 Dei,
2019 4407 2075 4452 et

2178 4383 2597 4487 εἰσκομιζδύσης
2615 4383 2949 4486 ἐλευθερίαν.
2971 4383 3330 4487 καταγράφει
3351 4415 3459 4486 γὰρ
3474 4383 3760 4480 ἐντέκνοίς

487 4475 682 4548 pignus
711 4480 931 4550 spiritus
957 4481 1257 4538 liberaliter
1281 4485 1720 4556 supperaddit“,
1754 4497 2070 4558 perpetuas-

2178 4471 2448 4570 Θεοῦ,’καὶ
2474 4471 2888 4578 τὸν-ἀρραϐώνα
2917 4507 3013 4561 τοῦ
3038 4471 3758 4578 Πνε’ύματος’ἐπιδαψιλεύε;

486 4583 597 4639 que
630 4570 775 4642 leges
805 4575 1127 4642 praescribit.
1156 4575 1338 4643 Quare
1379 4579 1458 4632 sic
1488 4593 1611 4632 eum
1643 4578 1858 4636 divinus
1899 4579 2068 4637 David

489 4663 825 4733 alloquitur:
859 4684 879 4718 ι
907 4666 1125 4724 Iustitia
1173 4681 1264 4724 tua
1307 4667 1520 4738 jusnitia
1572 4671 1626 4725 in
1681 4680 1971 4740 aeternum,
2015 4684 2069 4730 et

488 4768 670 4812 sermo
698 4764 822 4812 tuus
846 4758 1144 4827 veritas";
1183 4777 1201 4810 ι
1241 4759 1552 4827 manifeste,
1585 4769 1645 4816 ut
1675 4763 1892 4832 opinor,
1926 4763 2067 4819 indi-

489 4861 654 4914 cans,
715 4864 892 4920 neque
950 4849 1003 4905 in
1063 4851 1454 4923 sempiternum
1505 4868 1727 4910 manere
1779 4871 1897 4926 qua:
1949 4856 2066 4928 lege

489 4939 794 5006 traduntur,
853 4941 1114 4997 translata
1171 4944 1364 4999 umbra
1417 4945 1469 4998 in
1520 4945 1840 5017 veritatem;
1889 4965 2064 5020 neque

486 5032 733 5088 veritatis
754 5033 918 5089 decus
944 5034 999 5088 in
1029 5033 1225 5090 litteris
1252 5035 1514 5106 legalibus
1546 5052 1707 5108 posse
1730 5055 1759 5093 a
1791 5055 2060 5111 quoquam

487 5129 747 5201 perspici.
798 5128 930 5185 Erat
961 5130 1104 5185 enim
1148 5130 1260 5196 lex,
1300 5139 1360 5186 ut
1392 5131 1526 5201 dixi,
1559 5134 1745 5190 umbra
1782 5145 1837 5190 et
1870 5135 2060 5204 figura.

487 5222 690 5288 Quaerit
729 5222 892 5293 igitur
934 5223 1265 5277 connubium
1307 5222 1459 5293 ejus,
1514 5227 1739 5296 antiquo
1793 5235 1847 5284 et
1886 5229 2064 5298 primo

487 5312 580 5370 illo
607 5313 893 5370 dissoluto.
937 5312 1050 5370 Lex
1079 5314 1224 5370 enim
1261 5316 1327 5371 ad
1375 5331 1471 5373 nos
1499 5331 1621 5372 cum
1661 5316 1772 5374 Deo
1824 5319 2065 5389 perfecte

486 5420 552 5462 ac
585 5420 722 5476 pure
751 5405 1082 5476 c0pulandos
1130 5407 1236 5462 vim
1269 5409 1403 5465 satis
1435 5424 1684 5481 magnam
1730 5425 1836 5467 non
1878 5411 2058 5468 habet.

576 5608 622 5642 “
651 5609 779 5666 Luc.
812 5626 864 5675 ι,
892 5611 976 5668 I9.
1053 5612 1094 5644 “
1118 5613 1260 5668 Psal.
1294 5631 1380 5676 xc,
1410 5615 1495 5670 15.

463 5672 537 5752 ﬁ"
570 5677 610 5733 II
641 5681 764 5737 Cor.
798 5672 858 5750 ν,
875 5682 927 5738 5.
1005 5683 1048 5716 ⁸⁷
1086 5683 1225 5744 Psal.
1262 5672 1450 5751 cui",
1481 5687 1598 5742 142.

1606 5616 1650 5648 ⁶²
1679 5615 1828 5673 Ioan.
1858 5632 1969 5687 11v,
1993 5617 2082 5675 27.

2164 4614 2276 4661 ται,
2307 4599 2400 4650 καὶ
2423 4597 2692 4670 διηνεκεῖς
2716 4597 2890 4672 ὁρίζει
2916 4599 3135 4668 νόμους.
3164 4599 3273 4653 Καὶ
3302 4599 3434 4669 γοῦν
3471 4600 3606 4670 πρὸς
3655 4599 3756 4654 αὖ·

2163 4688 2254 4742 τὸν
2274 4691 2302 4742 6
2328 4689 2467 4754 θεῖος
2491 4690 2595 4762 ἔφη
2635 4691 2799 4743 Δαόίδ
2825 4707 2839 4721 ο
2877 4709 2896 4742 ι
2937 4691 3002 4744 Ἢ
3026 4691 3342 4763 δικαιοσύνη
3388 4709 3506 4754 σου,
3552 4683 3756 4746 δικαιοο

2162 4781 2295 4851 σύνη
2359 4783 2441 4845 εἰς
2491 4781 2581 4836 τὸν
2631 4780 2826 4847 αἰῶνα,
2884 4781 2979 4834 καὶ
3033 4783 3062 4836 ό
3109 4783 3267 4851 λόγος
3320 4800 3416 4835 σου
3445 4781 3688 4852 ἀλήθεια.
3729 4799 3747 4832 ι

2174 4871 2523 4941 Ἀναφανδδν,
2544 4867 2698 4942 οἶμαί
2729 4889 2853 4940 που,
2881 4872 3174 4944 δηλῶν,ὅτι
3203 4871 3326 4927 οὔτε
3355 4875 3433 4936 είς
3464 4873 3554 4925 τὸν
3580 4873 3753 4925 αἰῶνα

2173 4963 2325 5036 μένει
2367 4963 2436 5018 τὰ
2495 4963 2554 5017 ἐν
2610 4964 2779 5036 νόμῳ,
2820 4965 3302 5038 μεταστησομένης
3327 4963 3430 5034 τῆς
3482 4965 3639 5028 σκιᾶς
3672 4966 3753 5026 εἰς

2169 5053 2445 5126 ἀλήθειανο
2474 5053 2598 5108 οὔτε
2635 5055 2741 5128 μὴν
2769 5055 2870 5127 τῆς
2896 5055 3152 5125 ἀληθείας
3199 5055 3260 5109 τδ
3291 5055 3486 5118 κάλλος
3526 5055 3586 5107 ἐν
3639 5055 3753 5117 τοῖς

2161 5151 2409 5220 νομικοῖς
2441 5147 2736 5220 γράμμασι
2762 5149 3083 5221 καταθρήσῃ
3115 5165 3200 5212 τις
3239 5148 3324 5203 ἀν.
3357 5142 3467 5201 Ἦν
3497 5147 3627 5217 γάρ,
3671 5143 3748 5206 ὡς

2162 5238 2320 5309 ἔφην,
2362 5238 2489 5292 σκιά
2509 5241 2604 5293 καὶ
2632 5239 2803 5304 τύπος
2839 5242 2867 5294 ό
2915 5241 3101 5310 νόμος.
3141 5238 3519 5312 Μνηστεύεται
3568 5237 3747 5290 τοίνυν

2161 5329 2350 5402 αὐτὴν,
2379 5333 2470 5386 τὸν
2497 5333 2554 5387 ἐν
2583 5334 2779 5406 ἀρχαῖς
2799 5351 2857 5387 τε
2897 5333 2992 5388 καὶ
3010 5333 3226 5405 πρῶτον
3249 5333 3523 5402 ἀθετήσας
3545 5329 3744 5398 γάμον.

2163 5406 2236 5474 Οῦ
2267 5420 2377 5492 γὰρ
2406 5423 2588 5488 ἱκανὸς
2615 5425 2644 5475 6
2671 5424 2835 5496 νόμος
2889 5423 3124 5502 συνάψαι
3155 5424 3273 5495 Θεῷ
3304 5424 3526 5486 τελείως
3557 5437 3616 5474 τε
3649 5419 3748 5474 καί¹

2162 5622 2205 5656 ⁸³
2237 5622 2410 5680 Galat.
2445 5639 2528 5690 ιιι,
2560 5619 2645 5681 I9.
2724 5623 2770 5656 “
2799 5622 2962 5681 Ilebr.
2998 5640 3068 5689 ix,
3108 5625 3194 5681 f0.
3273 5625 3318 5659 °'
3354 5622 3516 5680 Ilebr.
3539 5639 3657 5690 vm,
3683 5622 3744 5682 7.
