4094 6468
170 290 239 346 93
1130 287 1693 347 COMMENTARIUS
1736 290 1799 346 IN
1839 291 2078 349 OSEAM
2116 290 2565 348 PROPHETAM.
3431 296 3500 354 94

168 410 445 484 καθαρῶς·
486 408 806 481 προσίεμεν
856 409 918 464 δὲ
970 408 1124 481 αὐτῷ
1149 411 1218 464 δι’
1266 411 1422 478 Υἰοῦ,
1455 414 1550 467 καὶ
1579 414 1688 467 τῶν
1720 414 1788 468 δι’

1911 415 2224 471 tecedimus
2262 423 2447 469 autem
2482 413 2549 468 ad
2582 411 2731 467 illum
2762 427 2860 484 per
2887 413 3112 479 Filium,
3148 422 3202 469 et
3229 421 3500 483 praecepta

168 502 326 561 αὑτοῦ
355 502 800 571 θεσπισμάτων,
863 501 1140 566 τουτέστι,
1173 501 1285 556 τῶν
1333 504 1730 573 εὐαγγελικῶν,
1764 505 1801 560 δι

166 596 257 651 καὶ
290 591 705 664 πνευματικὴν
766 590 883 662 ἔχει
917 592 1020 662 τὴν
1052 591 1270 659 ἕνωσιν,
1305 594 1425 665 ἦτοι
1481 595 1799 665 συνάφειαν.

178 684 487 755 Ἑνούμεθα
511 683 632 756 γὰρ
671 683 752 756 τῷ
782 684 907 754 Θεῷ
936 686 994 739 ὲν
1019 684 1317 754 πνεύματι.
1360 688 1457 741 καὶ
1500 689 1600 758 τῆς
1651 688 1802 752 θείας

170 777 328 835 αὑτοῦ
360 776 600 846 φύσεως
628 777 982 848 πλουτοῦμεν
1038 777 1139 848 τὴν
1194 778 1436 848 μέθεξιν.
1478 780 1639 845 Εἰκὸς
1668 782 1725 835 δέ
1748 797 1802 835 τι

170 873 256 925 καὶ
278 871 492 939 ἕτερον
523 868 861 938 ὑποφαίνειν
888 869 1121 933 ἀστείως
1137 870 1220 933 τὸ,
1252 873 1713 945 «Μνηστεύσομαί
1740 891 1802 928 σε

168 962 410 1036 ἐμαυτῷ·
428 983 448 1016 ι
474 962 762 1025 συνείσεις
778 961 887 1033 γάρ
905 956 1011 1017 ὧδε
1026 963 1290 1018 πάλιν.Ἦ
1305 964 1415 1035 γὰρ
1430 964 1492 1018 τὸ
1506 1005 1520 1030 ,
1539 965 1799 1036 ἐμαυτῷ,

169 1058 329 1129 φησιν
363 1057 504 1110 ἀντὶ
540 1055 671 1122 τοῦ,
703 1055 781 1110 δι’
811 1056 1117 1125 ἐμαυτοῦ,
1158 1056 1220 1111 οὐ
1256 1058 1399 1113 καθὰ
1451 1060 1546 1113 καὶ
1599 1060 1798 1127 πάλαιν,

180 1148 641 1222 μεσολαὼύντων
670 1148 949 1218 ἀγγέλωνο
976 1148 1100 1203 οὔτε
1135 1149 1241 1222 μὴν
1265 1151 1519 1206 διακόνου
1553 1152 1698 1217 τινὸς
1720 1155 1802 1217 εἰς

178 1241 318 1295 τοῦτο
344 1240 852 1313 παρειλημμένου,
879 1241 1024 1295 κατὰ
1052 1240 1142 1296 τὸν
1175 1241 1271 1297 τοῦ
1301 1243 1548 1309 Μωσέως
1576 1246 1797 1316 τρόπον.

174 1334 243 1388 Οὐ
273 1333 387 1405 γὰρ
423 1333 710 1405 πρέσϐυς,
734 1334 837 1387 οὐκ
860 1333 1115 1404 ἄγγελος,
1140 1334 1284 1389 κατὰ
1302 1336 1364 1389 τὸ
1389 1337 1797 1409 γεγραμμένον,

174 1425 281 1479 ἀλλ’
310 1424 489 1489 αὐτὸς
525 1427 555 1479 6
582 1424 814 1497 Κύριος,
835 1425 942 1479 όὲκ
964 1425 1057 1479 τοῦ
1087 1424 1226 1481 Θεοῦ
1254 1426 1467 1498 Πατρδς
1486 1428 1682 1497 Λόγος,
1709 1430 1802 1484 άν-

171 1518 389 1587 θρωπος
442 1516 706 1586 γεγονὼς
757 1517 1075 1588 καθ’ἡμᾶς,
1127 1518 1305 1589 ἐαυτῷ
1352 1519 1669 1591 παρέστησε
1699 1521 1801 1592 τὴν

184 1606 564 1676 Ἐκκλησίαν·
617 1625 639 1658 ι
680 1607 796 1661 Καὶ
824 1608 953 1670 τοὺς
995 1606 1089 1660 δύο
1130 1607 1297 1673 λαοὺς
1328 1607 1545 1662 ἔκτισεν
1579 1611 1658 1674 εἰς
1703 1611 1801 1664 ἕνα

170 1702 348 1754 κοινὸν
370 1699 716 1771 ἄνθρωπον,
753 1700 925 1752 ποιῶν
949 1700 1176 1772 εἰρήνην
1196 1741 1210 1765 ,
1252 1702 1347 1756 καὶ
1379 1702 1798 1757 ἀπκαταλλάσ-

1905 508 1974 564 ab
2007 507 2127 577 ipso
2154 507 2375 573 tradita,
2428 504 2767 575 evangelica,
2817 505 3063 576 inquam,
3093 521 3213 575 quae
3253 514 3307 560 et
3338 505 3503 573 spiri-

1907 600 2107 655 Iualem
2136 599 2393 653 unionem
2450 600 2564 654 sive
2591 597 2991 668 copulationem
3030 598 3335 652 continent.
3368 597 3503 653 Uni-

1907 705 2031 744 mur
2074 688 2220 744 enim
2257 686 2369 742 Deo
2421 687 2473 741 in
2522 688 2751 757 Spiritu,
2806 697 2859 743 et
2900 688 3097 741 divinae
3138 688 3255 757 ejus
3294 696 3502 741 natura:

1904 780 2405 836 communicatione
2450 780 2869 850 locupletamur.
2904 780 3001 834 Est
3044 790 3226 834 autem
3265 792 3500 833 consen-

1906 883 2152 939 taneum,
2192 872 2338 928 aliud
2371 887 2589 943 quoque
2624 873 2804 927 verbis
2844 872 2984 937 istis,
3021 889 3041 925 ι
3072 871 3412 941 desponsabo
3448 879 3501 924 te

1904 965 2062 1034 mihi,
2094 984 2113 1019 ›
2156 966 2436 1036 eleganter
2506 964 2927 1022 submonstrari.
2981 964 3075 1019 Sic
3116 964 3263 1018 enim
3312 975 3503 1016 rursus

1902 1073 1964 1114 ea
2011 1059 2305 1129 intelliges.
2354 1059 2465 1114 Aut
2512 1059 2661 1115 enim
2701 1058 2830 1112 mihi
2871 1057 3023 1123 dicit,
3072 1072 3192 1127 pro,
3256 1073 3349 1124 per
3400 1071 3501 1121 me,

1903 1168 2009 1207 non
2055 1152 2198 1208 sicut
2239 1151 2369 1206 olim
2405 1152 2613 1222 angelis
2650 1151 3150 1211 intercedentibus;
3194 1163 3295 1203 nec
3342 1148 3504 1202 mini-

1900 1254 2019 1301 stro
2074 1245 2257 1316 aliquo
2312 1246 2486 1300 instar
2518 1243 2722 1316 Moysis
2765 1246 2833 1300 ad
2881 1245 2985 1299 hoc
3035 1249 3337 1311 assumpto.
3381 1239 3503 1294 Non

1901 1342 2047 1396 enim
2093 1339 2321 1410 legatus,
2363 1354 2469 1394 non
2524 1339 2774 1410 angelus,
2826 1340 2944 1401 sed,
2983 1348 3043 1391 ut
3082 1336 3345 1404 scriptum
3395 1344 3500 1398 est,

1900 1431 2021 1501 ipse
2070 1430 2351 1497 Dominus,
2404 1447 2470 1487 ex
2524 1430 2636 1486 Deo
2680 1430 2845 1485 Patre
2890 1428 3152 1492 Verbum,
3204 1429 3366 1481 homo
3403 1441 3502 1479 no-

1900 1534 2076 1578 strum
2131 1521 2327 1577 similis
2382 1520 2597 1585 factus,
2655 1520 2758 1576 sibi
2822 1520 2938 1589 ipse
2994 1518 3245 1575 exhibuit
3314 1515 3502 1570 Eccle-

1903 1613 2038 1669 siam
2063 1612 2130 1678 ⁸⁸,
2169 1631 2187 1665 ι
2222 1623 2275 1667 et
2302 1613 2531 1682 populos
2558 1613 2691 1667 duos
2715 1612 2767 1666 in
2796 1627 2959 1665 unum
2993 1625 3190 1666 novum
3228 1609 3503 1663 hominem

1903 1705 2166 1768 condiat,
2236 1704 2443 1760 faciens
2494 1719 2705 1773 pacem,
2764 1702 3125 1758 reconcilians
3207 1699 3397 1753 ambos
3448 1696 3502 1751 in

176 1811 275 1847 σων
299 1793 441 1856 τοὺς
467 1791 831 1865 ἀμφοτέρους
876 1793 935 1845 ὲν
971 1792 1051 1845 ἐνὶ
1096 1791 1371 1863 πνεύματι
1402 1794 1539 1865 πρὸς
1562 1795 1653 1848 τὸν
1685 1796 1796 1849 Ha.-

1911 1814 2014 1853 uno
2058 1799 2254 1869 spiritu
2300 1798 2367 1853 ad
2411 1795 2628 1851 Patrem
2647 1796 2715 1863 “,
2752 1814 2771 1847 ›
2805 1795 3105 1850 secundum
3142 1794 3282 1848 beati
3355 1790 3505 1845 Pauli

178 1888 344 1957 τέρα,
415 1905 435 1937 ι
506 1886 659 1939 κατά
710 1885 811 1955 τὴν
863 1884 958 1938 τοῦ
1013 1886 1285 1957 μακαρίου
1318 1886 1533 1940 Παύλου
1591 1889 1797 1959 φωνήν.

177 1979 242 2031 Ἦ
288 1978 391 2031 καὶ
466 1976 601 2030 καθ’
650 1977 843 2047 ἕτερον
873 2018 888 2041 ,
953 1976 1002 2028 εἰ
1065 1976 1288 2047 βούλει,
1341 1978 1545 2048 τρόπον
1609 1980 1800 2053 ὲκδέξῃ

172 2071 230 2122 τὸ
286 2069 631 2141 εἰρημένον.
699 2067 1102 2138 Ἐμνηστεύετο
1153 2068 1303 2140 γὰρ,
1356 2069 1433 2135 ὡς
1494 2071 1633 2142 ἔφην
1662 2111 1677 2135 ,
1743 2074 1802 2126 ὲν

174 2163 445 2233 Αἰγύπτῳ
520 2160 661 2214 ποτὲ
732 2160 830 2231 τὴν
893 2160 1005 2213 τῶν
1084 2159 1359 2215 Ἰουδαίων
1426 2164 1758 2235 Συναγωγήν
1784 2181 1801 2197 ο

173 2254 286 2309 ἀλλ’
331 2254 510 2307 οἱονεί
544 2269 671 2315 πως
703 2252 879 2324 ἑτέρῳ
914 2252 1136 2323 μᾶλλον,
1169 2253 1268 2323 οὐχ
1314 2253 1516 2326 ἐαυτῷ,
1562 2255 1708 2327 φημὶ
1736 2256 1802 2328 δὴ

174 2348 252 2419 τῷ
280 2346 577 2419 θεσπεσίῳ
608 2348 825 2410 Μωσεῖ,
861 2347 1002 2418 πρὸς
1030 2347 1089 2400 ὃν
1119 2346 1225 2420 ἔφη
1255 2347 1504 2414 «Βάδιξε,
1528 2349 1803 2419 κατάϐηθι

172 2441 234 2494 τὸ
258 2440 435 2511 τάχος
488 2437 759 2493 ἐντεῦθεν
784 2456 797 2470 ’
830 2439 1079 2512 ἠνόμησε
1113 2439 1224 2512 γάρ
1256 2442 1284 2494 6
1302 2440 1431 2505 λαός
1454 2459 1572 2507 σου,
1591 2442 1686 2506 οὒς
1719 2441 1807 2509 ἐξ·

174 2535 384 2606 ήγαγες
442 2535 514 2586 ὲκ
570 2532 680 2603 γῆς
729 2531 1038 2600 Αἰγύπτου.
1088 2551 1108 2586 ι
1178 2534 1448 2599 Ἀκούεις,
1484 2535 1570 2588 ὅτι
1614 2535 1808 2589 Μωσεῖ

1910 1905 2120 1946 vocem.
2150 1891 2258 1944 Aut
2296 1889 2460 1945 etiam
2489 1888 2598 1943 alio
2631 1888 2811 1954 modo,
2846 1886 2891 1942 si
2924 1886 3095 1949 lubet,
3123 1885 3268 1955 quod
3299 1883 3503 1938 dictum

1907 1992 1992 2039 est
2036 1983 2293 2053 accipies.
2350 1981 2713 2052 Desponsavit
2771 1980 2917 2035 enim
2970 1978 3096 2042 sibi,
3157 1986 3216 2032 ut
3269 1975 3401 2041 dixi,
3451 1975 3505 2029 in

1909 2073 2148 2146 Egypto
2179 2073 2471 2143 aliquando
2514 2072 2857 2143 Synagogam
2888 2068 3198 2126 Iudaeorum
3233 2086 3246 2124 :
3275 2066 3381 2139 53
3412 2066 3508 2122 sed

1908 2166 2057 2222 velut
2086 2164 2245 2220 alteri
2288 2165 2472 2234 potius
2498 2179 2660 2234 quam
2697 2163 2825 2228 sibi,
2859 2161 3053 2233 Moysi,
3081 2162 3329 2230 inquam,
3375 2173 3508 2213 san-

1909 2272 2021 2324 cto,
2052 2258 2139 2314 cui
2166 2259 2303 2314 dixit
2331 2272 2348 2313 :
2383 2276 2401 2310 ι
2440 2254 2609 2324 Vade,
2637 2257 2907 2313 descende
2936 2256 3046 2311 cito
3078 2254 3230 2319 hinc,
3262 2252 3512 2323 peccavit

1911 2353 2054 2407 enim
2099 2351 2335 2422 populus
2376 2360 2523 2417 tuus,
2556 2363 2722 2420 quem
2768 2346 3008 2403 eduxisti
3042 2347 3109 2402 de
3156 2353 3301 2400 terra
3332 2341 3509 2415 Egy-

1911 2444 1988 2513 pti
2010 2443 2156 2498 ⁷⁰ο⁸⁸.
2190 2462 2209 2495 ι
2244 2442 2414 2498 Audis
2445 2442 2722 2512 quomodo
2754 2439 2921 2512 Moysi
2951 2439 3360 2510 desponsatam,
3394 2435 3511 2491 sive

1911 2535 2195 2607 populum,
2248 2536 2487 2590 nondum
2534 2534 2791 2589 familiari
2840 2532 3235 2588 consuetudine
3284 2544 3382 2586 sua
3423 2529 3511 2584 di-

173 2625 611 2697 προσνενέμηκε
653 2624 757 2695 τὴν
791 2626 1309 2698 μεμνηστευμένην,
1346 2627 1467 2698 ἦτοι
1495 2627 1587 2681 τὸν
1637 2626 1767 2681 λαὸν
1788 2666 1803 2692 ,

1912 2634 2135 2698 gnatum
2191 2624 2479 2679 attribuit?
2527 2623 2643 2679 Non
2698 2623 2843 2678 enim
2888 2620 3190 2677 sutiiciebat
3237 2621 3346 2687 lex,
3397 2619 3515 2674 sive

177 2720 323 2774 οὔπω
351 2720 459 2789 τῆς
483 2717 837 2789 οἰκειότητος
858 2718 1031 2785 ἀξιῶν
1058 2719 1159 2790 τῆς
1185 2719 1325 2792 πρὸς
1349 2719 1562 2774 ἑαυτόν.
1589 2720 1664 2774 Οὐ
1695 2720 1806 2792 γὰρ

1915 2718 2149 2790 Moyses,
2193 2726 2254 2772 ut
2296 2718 2405 2773 Deo
2452 2732 2589 2787 pure
2623 2725 2678 2772 et
2722 2715 3033 2771 arctissime
3079 2728 3172 2769 eos
3208 2712 3510 2784 copularet.

179 2812 402 2875 ἱκανῶς,
434 2811 518 2874 ὡς
547 2810 710 2881 ἔφην,
747 2811 777 2864 6
805 2810 994 2881 νόμος,
1022 2810 1141 2882 ἦτοι
1170 2811 1401 2882 Μωσῆς,
1422 2811 1658 2880 συνάψαι
1688 2809 1806 2881 Θεῷ

1915 2809 2031 2866 Hoc
2073 2811 2219 2866 enim
2270 2818 2331 2864 ut
2378 2817 2531 2865 recte
2571 2807 2839 2863 factorum
2876 2806 3266 2867 rectissimum,
3302 2818 3367 2859 ae
3403 2801 3515 2857 Deo

176 2902 439 2975 καθαρῶς
475 2920 542 2955 τε
582 2902 683 2956 καὶ
714 2902 1049 2974 ὁλοτρόπως.
1081 2904 1364 2975 Τετήρητο
1409 2903 1519 2975 γὰρ
1560 2903 1637 2967 ὡς
1674 2921 1806 2957 κατ-

1918 2918 2109 2959 revera
2125 2903 2372 2971 dignum,
2392 2898 2676 2955 mediatori
2699 2897 2792 2952 Dei
2810 2905 2866 2950 et
2881 2895 3167 2950 hominum
3190 2892 3263 2961 ⁸⁶,
3294 2892 3516 2948 Christo

175 2995 525 3067 ορθωμάτων
585 2992 837 3065 ἄριστον,
867 2994 965 3046 καὶ
1010 2992 1317 3064 θεοπρεπὲς
1344 2992 1564 3065 ἀληθῶς
1593 2992 1672 3065 τῷ
1715 3010 1806 3063 με-

1917 2994 2197 3061 videlicet,
2229 2992 2574 3057 servabatur,
2604 3004 2703 3060 per
2729 3002 2917 3059 quem,
2948 2993 3002 3042 et
3030 2986 3083 3040 in
3120 2999 3229 3055 quo
3254 2998 3375 3039 cum
3407 2984 3518 3038 Deo

182 3089 290 3162 σίτῃ
336 3086 489 3142 θεοῦ
535 3089 639 3141 καὶ
675 3086 984 3158 ἀνθρώπων
1008 3128 1023 3154 ,
1073 3088 1324 3141 τουτέστι
1361 3087 1617 3159 Χριστῷ,
1642 3089 1709 3142 δι’
1741 3079 1804 3142 οὗ

1920 3085 2161 3142 unimur.
2197 3104 2217 3138 ι
2247 3084 2371 3155 Ipse
2419 3082 2565 3139 enim
2620 3090 2705 3137 est
2752 3096 2857 3151 pax
2909 3088 3120 3143 nostra,
3153 3096 3173 3129 ι
3210 3074 3517 3132 secundum

182 3183 264 3237 ui.
296 3184 360 3236 ὲν
517 3181 665 3253 πρὸς
715 3180 850 3234 Θεὸν
891 3180 1182 3252 ἑνούμεθα.
1218 3182 1333 3235 Καὶ
1365 3182 1474 3253 γάρ
1518 3182 1669 3235 ἐστιν
1710 3184 1806 3236 αύ-

1921 3178 2260 3249 Seripturas,
2294 3177 2387 3245 qui
2434 3174 2768 3242 interiacens
2812 3178 3093 3242 peccatum
3144 3164 3406 3230 sustulit,
3462 3174 3520 3219 et

178 3277 311 3348 τὺςη
342 3276 562 3347 εἰρήνη
601 3274 787 3345 ἡμῶν,
835 3274 979 3329 κατὰ
1006 3273 1107 3339 τὰς
1145 3274 1392 3346 Γραφάς,
1420 3276 1448 3328 6
1477 3275 1575 3346 τὴν
1607 3275 1806 3346 μεταξὺ

1921 3285 2089 3341 puros
2128 3284 2245 3335 nos,
2289 3277 2346 3325 et
2389 3282 2485 3337 per
2518 3265 2783 3337 Spiritum
2833 3264 3049 3317 ablutos
3090 3260 3215 3327 sibi,
3249 3269 3305 3317 et
3323 3272 3421 3331 per
3457 3269 3520 3314 se

184 3370 446 3441 κειμένην
488 3365 706 3435 ἐξελὼν
749 3367 1050 3439 ἁμαρτίαν,
1086 3367 1181 3420 καί
1208 3365 1485 3438 καθαροὺς
1530 3368 1679 3437 ἡμᾶς
1720 3365 1815 3420 καὶ

188 3462 638 3534 ὲκνενιμμὲνους
669 3460 749 3532 τῷ
791 3459 1073 3531 Πνεύματι
1109 3457 1355 3529 συνάψας
1395 3458 1594 3531 ἑαυτῷ,
1623 3458 1718 3513 καὶ
1744 3458 1813 3513 δι’

188 3555 373 3609 ἑαυτοῦ
412 3553 499 3626 τῷ
530 3551 658 3623 Θεῷ
689 3552 786 3607 καὶ
832 3552 1031 3623 Πατρί.

246 3647 354 3701 Καὶ
387 3642 881 3715 μνηστεύσομαί
911 3656 987 3697 σε
1041 3640 1280 3713 ἐμαυτῷ
1327 3642 1398 3697 ἐν
1430 3641 1812 3712 δικαιοσύνῃ,

192 3737 359 3791 καὶέν
380 3737 667 3806 κρίματι,
697 3733 799 3788 καὶ
828 3732 1090 3797 ὲνέλέει,
1118 3733 1219 3787 καί
1244 3733 1313 3787 ἐν
1342 3733 1688 3804 οἱκτιρμοῖς.
1706 3734 1817 3789 Καὶ

187 3829 662 3898 μνηστεύσομαι
709 3825 949 3897 ἐμαυτῷ
984 3825 1054 3879 ἐν
1085 3826 1309 3891 πίστει,
1354 3824 1455 3879 καὶ
1505 3824 1815 3896 ἐπιγνώσῃ

186 3922 285 3976 τὸν
322 3922 595 3990 Κύριον.

247 4014 383 4069 KB'.
445 4011 775 4081 Ἐξηγεῖται
808 4008 1018 4079 σαφῶς,
1050 4008 1135 4072 τίς
1189 4008 1256 4063 ἂν
1289 4008 1500 4077 γένοιτο
1548 4007 1646 4081 τῆς
1700 4025 1820 4063 συν-

184 4108 435 4178 σφείαςό
462 4106 703 4175 τρόπος,
734 4103 829 4157 καὶ
873 4102 965 4155 διά
1016 4100 1189 4155 ποίων
1240 4100 1307 4155 ἂν
1355 4099 1425 4155 ἴοι
1470 4102 1818 4174 πραγμάτων

183 4203 273 4271 τῆς
326 4197 676 4269 οἰκονομίας
704 4196 766 4249 τὸ
797 4195 1125 4267 μυστήριον.
1161 4212 1179 4245 ι
1228 4193 1317 4247 Ἐν
1345 4193 1664 4267 δικαιοσύνῃ
1708 4194 1819 4266 γάρ

184 4295 354 4360 ἔσται,
390 4292 569 4364 φησὶ,
593 4290 692 4345 καὶ
722 4291 780 4342 ὲν
808 4289 1063 4361 κρίματι,
1095 4287 1191 4342 καὶ
1219 4287 1407 4358 μέντοι
1452 4287 1548 4341 καὶ
1578 4288 1637 4344 ὲν
1677 4287 1820 4343 ἐλέει

186 4388 269 4441 καὶ
298 4388 363 4440 ὲν
392 4385 744 4455 οἰκτιρμοῖς.
786 4402 804 4434 ι
844 4381 941 4447 Τίς
968 4375 1062 4435 οὖν
1081 4380 1193 4453 ἄρα
1223 4381 1375 4434 ἐστὶν
1408 4382 1442 4452 ἡ
1476 4380 1817 4454 δικαιοσύνη,

184 4481 228 4533 τί
254 4480 315 4533 δὲ
359 4477 432 4532 τὸ
495 4478 717 4547 κρῖμα,
753 4457 852 4528 καὶ
907 4476 1016 4544 μὴν
1070 4472 1166 4527 καὶ
1204 4473 1266 4525 τὸ
1306 4471 1492 4539 ἔλεος,
1524 4475 1721 4539 εἰπεῖν,
1744 4473 1822 4538 ὡς
1853 4504 1898 4561 D

1919 3367 2033 3420 Deo
2062 3369 2117 3417 et
2142 3359 2294 3415 Patri
2326 3355 2614 3428 conjunxit
2643 3363 2807 3426 atque
2842 3351 3141 3424 colligavit.

1998 3650 2164 3706 Vens.
2203 3647 2406 3714 19,20.
2443 3646 2511 3702 Et
2546 3645 2804 3713 sponsabo
2834 3654 2882 3700 te
2927 3642 3056 3699 mihi
3082 3642 3139 3697 in
3160 3639 3411 3713 justitia,
3468 3647 3520 3694 et

1922 3744 1976 3798 in
2025 3743 2259 3814 judicio,
2284 3749 2333 3795 et
2376 3740 2430 3795 in
2457 3739 2843 3806 misericordia,
2896 3748 2945 3792 et
2979 3737 3033 3790 in
3064 3731 3518 3789 miserationibus.

1926 3837 1995 3892 Et
2026 3835 2283 3906 sponsabo
2300 3842 2347 3887 te
2361 3831 2492 3887 mihi
2519 3831 2574 3885 in
2597 3829 2724 3899 ﬁde,
2742 3837 2791 3885 et
2823 3829 2957 3884 scies
2970 3825 3096 3900 quia
3119 3842 3213 3896 ego
3233 3822 3511 3878 Dominus.

1997 4010 2192 4070 XXIX.
2224 4009 2522 4081 Perspicua
2575 4014 2819 4072 enarrat,
2881 4005 3003 4075 quis
3050 4004 3246 4060 modus
3292 3998 3524 4071 conjun-

1926 4107 2127 4165 ctionis
2179 4119 2301 4161 esse
2368 4110 2557 4174 queat,
2615 4109 2672 4156 et
2727 4099 2927 4170 quibus
2988 4096 3150 4151 rebus
3203 4093 3525 4149 oeconomia:

1927 4197 2250 4271 mysterium
2315 4207 2699 4266 processurum
2767 4190 2858 4247 sit.
2930 4206 2949 4240 ι
2994 4186 3052 4242 1η
3106 4184 3319 4256 iustitia
3376 4184 3523 4239 enim

1928 4292 2059 4357 erit,
2109 4287 2309 4359 inquit,
2343 4286 2398 4341 in
2417 4285 2646 4356 judicio,
2679 4283 2735 4337 in
2760 4278 3158 4343 misericordia,
3192 4284 3248 4332 et
3270 4275 3325 4331 in
3356 4274 3525 4329 mise-

1928 4381 2256 4441 rationibus.
2288 4397 2309 4432 ι
2362 4377 2625 4445 Quaanam
2653 4376 2819 4448 igitur
2846 4372 2921 4429 sit
2973 4370 3206 4442 iustitia,
3240 4366 3383 4439 quod
3444 4366 3527 4439 ju-

1929 4474 2151 4540 dicium,
2183 4480 2448 4543 praeterea
2474 4485 2595 4542 qua:
2619 4465 3018 4529 misericordia,
3046 4463 3333 4519 dicendum
3384 4460 3528 4517 vide-

182 4574 361 4626 ἔοικεν
390 4612 407 4637 ,
441 4570 779 4636 ἀναγκαῖον.
823 4564 1036 4620 Οὐκοῦν
1085 4563 1609 4634 πεπλεονεκτήμεθα
1646 4565 1746 4634 μὲν
1770 4569 1806 4619 oi

1928 4576 2035 4622 tur.
2081 4561 2611 4636 ltaquecirumventi
2658 4575 2847 4616 sumus
2875 4558 3087 4621 miseri,
3129 4554 3374 4627 rapiente
3425 4567 3525 4609 nos

182 4666 459 4729 τάλανες,
498 4659 901 4732 διαρπάζοντος
962 4658 1114 4728 ἡμᾶς
1166 4658 1242 4721 ὡς
1285 4656 1452 4729 θηρὸς
1490 4656 1684 4728 ἀγρίου
1723 4655 1806 4710 τοί

1924 4658 1979 4715 in
2032 4671 2240 4713 morem
2271 4655 2473 4712 atrocis
2506 4652 2695 4708 bestiae
2744 4651 2969 4718 Satana,
3029 4657 3084 4705 et
3129 4648 3185 4704 in
3281 4660 3527 4702 errorem

1927 4760 2143 4823 agente,
2177 4758 2234 4806 et
2275 4764 2372 4819 pro
2403 4746 2670 4803 arbitratu
2705 4741 2803 4800 suo
2826 4745 2879 4799 in
2908 4742 3117 4814 peccati
3150 4739 3358 4796 foveam
3385 4754 3529 4809 prte-

1928 4847 2210 4918 cipitante,
2271 4843 2407 4899 nihil
2474 4840 2750 4897 nobismet
2819 4838 2941 4909 opis
2992 4835 3193 4892 afferre
3259 4832 3524 4890 valentes.

183 4760 433 4823 Σατανᾶ,
469 4755 574 4809 καὶ
597 4753 972 4824 ἀποφέροντος
1013 4750 1113 4821 μὲν
1140 4751 1223 4814 εἰς
1255 4748 1548 4819 πλάνησιν,
1583 4749 1821 4815 ἐνιέντος

182 4853 237 4907 δὲ
277 4851 436 4907 κατά
470 4849 538 4902 τὸ
575 4846 725 4917 αὐτῷ
767 4844 963 4899 δοκοῦν
989 4846 1103 4907 τοῖς
1135 4844 1237 4914 τῆς
1271 4841 1550 4912 ἁμαρτίας
1584 4839 1821 4911 βόθροις,

182 4944 340 4997 οὐδὲν
385 4939 620 5002 ἑαυτοῖς
649 4935 957 5006 ἐπαμύνειν
989 4932 1296 5005 ἰσχύοντας.
1323 4930 1687 5002 Παγχάλεπος
1713 4930 1806 5002 γάε

1930 4939 2071 4995 Vere
2105 4935 2251 4994 enim
2294 4933 2693 4997 crudelissima,
2734 4938 2789 4986 et
2835 4928 3253 4992 violentissima,
3312 4934 3368 4980 et
3426 4927 3527 4981 ho-

184 5038 279 5091 καὶ
329 5034 664 5107 βιαιότατος
707 5028 931 5100 ἀληθῶς
988 5028 1083 5081 καὶ
1136 5025 1586 5096 ἀνθρωποκτόνος
1620 5025 1648 5078 6
1693 5023 1806 5096 θήρ⁴

1930 5028 2139 5085 minum
2176 5025 2521 5082 interfectrix
2553 5023 2734 5079 bellua
2752 5029 2855 5077 est.
2878 5020 3060 5077 Rebus
3092 5028 3274 5074 autem
3333 5018 3527 5074 buma-

196 5128 430 5199 Ἐπειδὴ
480 5125 542 5179 δὲ
578 5123 660 5187 εἰς
703 5120 865 5174 τοῦτο
916 5115 1297 5189 ταλαιπωρίας
1344 5113 1722 5186 κατεκομίσθη
1750 5113 1806 5167 τὸ

1930 5120 2017 5176 nis
2046 5120 2151 5175 huc
2181 5118 2528 5174 miseriarum
2565 5114 2824 5183 delapsis,
2854 5112 3081 5168 crebras
3113 5114 3322 5181 ’preccs
3380 5108 3525 5165 beati

185 5220 551 5293 ἀνθρώπινα,
583 5214 788 5286 συχνὰς
813 5212 1102 5266 ἐποιοῦντο
1135 5212 1238 5274 τάς
1262 5207 1418 5272 λιτὰς
1442 5208 1582 5281 πρὸς
1600 5208 1692 5262 τὸν
1721 5209 1806 5261 ὲπ-

1926 5216 2207 5285 ρτοριιειω
2249 5209 2551 5265 fundebant
2609 5206 2678 5262 ad
2762 5206 2955 5269 Deum,
3038 5204 3129 5273 qui
3206 5216 3527 5258 succurrere

188 5314 431 5385 αμύνειν
460 5309 770 5380 δυνάμενον
798 5308 849 5360 oi
876 5303 1145 5377 μακάριοι
1172 5300 1473 5375 προφῆται,
1497 5301 1592 5355 καὶ
1624 5300 1685 5354 τὸ
1712 5317 1806 5354 κοι-

1926 5310 2130 5375 potest,
2164 5312 2623 5369 communemque
2680 5298 2934 5353 humanae
2966 5304 3176 5352 naturae
3236 5306 3542 5364 personam

188 5382 277 5463 νδν
305 5410 415 5480 τῆς
448 5404 891 5478 ἀνθρωπότητος
921 5400 1206 5472 μονονουχὶ
1236 5400 1580 5472 προσωπεῖον
1611 5398 1806 5451 ἑαυτοῖς

1930 5404 2142 5451 tantum
2197 5408 2303 5448 nou
2339 5391 2648 5457 induentes,
2710 5388 3016 5458 adiutorem
3071 5395 3127 5441 et
3178 5382 3524 5439 auxiliarium

191 5473 696 5575 περιπλάττοντες,
728 5473 1101 5567 συλλήπτορα,
1139 5492 1236 5547 καὶ
1275 5491 1530 5564 ἀρῤωγὸν
1573 5488 1634 5555 ἐξ
1659 5488 1806 5561 οὐρα-

1930 5487 2000 5543 de
2029 5486 2183 5543 caelis
2221 5485 2480 5540 advenire
2509 5483 2706 5539 Filium
2736 5479 3071 5551 ﬂagitabant.
3104 5475 3195 5531 Ait
3257 5488 3388 5546 ergo
3438 5473 3525 5530 di-

194 5565 301 5650 νῶν
363 5590 678 5664 ἀφικέσθαι
734 5565 1082 5663 παρεκάλουν
1123 5586 1214 5641 τὸν
1258 5583 1409 5639 Υίόν.
1440 5582 1583 5654 Ἔφη
1638 5578 1806 5651 γοῦν‹

1932 5580 2092 5633 vinus
2132 5576 2300 5631 David
2334 5594 2348 5630 :
2405 5594 2424 5627 ι
2474 5574 2673 5645 Surge,
2709 5573 2872 5636 Deus,
2924 5569 3104 5638 iudica
3155 5577 3353 5624 terram
3381 5565 3428 5601 ⁸⁸
3456 5582 3470 5629 ;
3502 5586 3520 5620 ι

272 5760 317 5792 ⁸⁸
351 5762 607 5825 Act.vn,
639 5757 732 5814 38.
815 5756 859 5792 ‘9
882 5753 1077 5825 Ephcs.
1103 5768 1160 5824 tt,
1191 5750 1274 5808 ιϐ.
1318 5751 1440 5786 ⁷⁸⁸⁵⁸
1465 5750 1482 5771 ⁵
1507 5750 1663 5808 Deut.
1698 5762 1774 5815 ιι,

1942 5732 1988 5781 δέ
2016 5743 2195 5801 lTim.
2234 5758 2297 5809 ιι,
2328 5742 2380 5799 5.
2461 5742 2502 5775 ⁸⁷
2525 5740 2723 5811 Ephes.
2749 5751 2809 5801 ιι,
2844 5736 2930 5792 Η.
3010 5736 3055 5767 ⁸³
3078 5732 3223 5791 Psal.
3253 5746 3440 5791 unt,
3465 5722 3521 5779 8ο
