4094 6512
543 326 620 386 οδ
1148 355 1153 361 ·
1535 326 1592 390 S.
1634 334 1911 391 CYRILLI
1955 337 2425 395 ALEXANDRINI
2467 339 2782 396 AllClllEl’.
3749 345 3814 404 96

539 461 596 508 ct
639 465 886 506 rursum:
926 469 945 503 ι
987 449 1150 518 Deus,
1187 452 1238 507 in
1272 453 1487 507 nomine
1517 464 1610 510 tuo
1633 456 1842 511 salvum
1884 474 1970 513 me
2012 457 2117 523 fac,

2233 461 2513 524 θεσπέσιος
2543 458 2731 527 Δαὸὶδ,
2756 483 2774 515 ι
2817 459 3052 518 Ἀνάστα
3079 464 3106 518 6
3129 465 3284 530 Θεὸς,
3304 466 3486 538 κρῖνον
3527 465 3623 537 τὴν
3657 469 3773 538 γῆν.
3791 492 3810 523 ι

540 543 675 598 etin
723 544 922 598 virtute
958 552 1047 597 tua
1077 543 1258 614 judica
1309 546 1480 602 me”.
1524 565 1544 599 ι
1601 545 1875 604 Judicavit
1937 551 2124 618 itaque

542 638 596 691 in
638 635 842 702 iustitia
875 637 1036 700 Deus,
1079 647 1134 691 et
1189 639 1418 694 aﬂiictos
1477 641 1740 708 salvavit;
1795 642 2121 697 homicidam

539 734 720 782 autem
768 736 822 782 et
872 727 1188 798 pestiferum
1245 730 1502 786 Satanam
1561 735 1766 803 abegit,
1817 744 1871 788 et
1919 749 1949 787 a
1997 748 2112 788 cer-

539 817 748 872 vicibus
805 819 1003 874 nostris
1050 819 1267 888 repulit,
1344 823 1747 892 superbumque
1817 823 2122 878 daemonum

539 910 900 980 principatum
929 913 1143 966 evertit.
1191 912 1253 966 Et
1293 913 1394 968 hoc
1469 916 1788 986 mysterium
1843 915 1955 984 ipse
2029 929 2125 983 per

541 1001 779 1069 scipsum
806 999 1121 1067 declaravit,
1157 1001 1265 1075 54
1282 1021 1402 1059 cum
1422 1006 1579 1070 dixit,
1609 1023 1639 1073 p
1660 1022 1718 1061 ro
1741 1007 1981 1060 omnium
2011 1008 2122 1060 vita

539 1115 756 1156 crucem
801 1117 1171 1172 perpessurus.
1201 1117 1223 1153 ι
1282 1097 1434 1152 Nunc
1479 1096 1745 1168 judicium
1800 1107 1882 1152 est
1939 1097 2122 1152 mundi

538 1192 721 1263 hujus,
765 1202 819 1248 et
857 1194 1104 1262 princeps
1134 1192 1318 1246 mundi
1373 1191 1534 1260 hujus
1584 1189 1834 1256 ejicietur
1892 1183 2064 1243 foras.
2097 1205 2117 1241 ι

540 1283 608 1338 Et
641 1302 659 1336 ι
685 1283 796 1353 Ego
822 1299 943 1338 cum
958 1282 1224 1337 exaltatus
1249 1281 1400 1338 t'uero
1429 1295 1457 1334 a
1480 1289 1647 1344 terra,
1675 1277 1860 1334 omnia
1903 1278 2116 1332 traham

539 1375 607 1429 ad
641 1377 902 1443 meipsum
933 1373 999 1427 ⁸ο.
1031 1392 1049 1426 ι
1091 1371 1199 1428 Nec
1237 1387 1367 1428 sane
1420 1371 1669 1428 volumus
1705 1373 1910 1430 dixisse
1947 1373 2122 1439 illum,

539 1468 658 1534 ipso
695 1476 936 1534 tempore
968 1465 1236 1518 adventus
1261 1462 1500 1517 futurum
1541 1464 1723 1518 mundi
1777 1465 1938 1533 hujus
1978 1465 2123 1532 judio

539 1556 705 1612 cium.
742 1554 876 1608 Nam
908 1564 966 1608 ut
1020 1555 1246 1624 ipsemet
1299 1569 1514 1609 rursum
1581 1553 1683 1608 ait:
1722 1573 1742 1607 ‹
1801 1554 1920 1611 Non
1977 1556 2126 1610 misit

539 1647 682 1704 Deus
714 1646 909 1703 Filium
939 1662 1094 1702 suum
1130 1647 1184 1701 in
1215 1645 1795 1714 mundum,utjudicet
1834 1649 2122 1715 mundum,

537 1738 632 1794 sed
662 1748 719 1793 ut
752 1738 994 1794 salvetur
1029 1737 1260 1792 mundus
1295 1751 1393 1807 per
1418 1737 1592 1806 ipsum
1639 1739 1682 1770 “
1711 1777 1722 1790 .
1764 1757 1783 1789 ι
1848 1735 2122 1794 iudicium

2230 555 2341 606 Kal
2367 554 2530 608 πάλιν
2557 571 2571 586 ο
2608 574 2626 606 ι
2670 556 2728 609 '0
2757 555 2908 620 Θεὸς,
2943 558 3001 611 ἐν
3032 558 3112 628 τῷ
3135 557 3360 630 ὀνόματί
3395 571 3490 612 σου
3520 551 3694 614 σῶσόν
3727 578 3817 632 με,

2231 645 2326 698 καὶ
2347 646 2405 698 ὲν
2429 648 2494 717 τῇ
2521 646 2748 717 δυνάμει
2781 664 2873 700 σου
2906 649 3090 720 κρῖνόν
3121 667 3213 720 με.
3254 669 3274 702 ο
3309 651 3533 721 Ἕκρινε
3555 651 3734 706 τοίνυν
3761 654 3822 709 ὲν

2229 737 2548 812 δικαιοσύνῃ
2570 741 2597 793 6
2617 738 2772 804 Θεὸς,
2799 740 2891 794 καὶ
2913 741 3121 795 σέσωκε
3147 743 3246 813 μὲν
3275 741 3402 806 τοὺς
3421 743 3786 816 ἠδικημένους
3801 760 3817 776 ⁸

2229 829 2321 884 τὸν
2354 830 2411 883 δὲ
2448 831 2730 902 μιαιφόνον
2761 831 2854 887 καὶ
2887 832 3174 903 ἀλιτήριον
3209 834 3524 903 ἀπεσόὸησε
3554 837 3821 901 Σατανᾶν,

2231 921 2325 974 καὶ
2367 922 2469 992 τῆς
2526 922 2645 976 καθ’
2675 922 2832 994 ήμῶν
2885 923 3178 977 ἀπεώσατο
3213 925 3526 992 πλεονεξίας
3552 967 3567 990 ,
3600 928 3693 980 καὶ
3724 929 3825 998 τὴν

2231 1011 2464 1075 ἀλαζόνα
2501 1012 2608 1065 τῶν
2644 1013 2936 1084 δαιμονίων
2985 1014 3234 1068 καθεῖλεν
3279 1016 3475 1087 ἀρχήν.
3523 1017 3635 1070 Kal
3663 1017 3827 1071 τοῦτο

2231 1104 2363 1174 ἡμῖν
2389 1104 2452 1157 τὸ
2489 1106 2788 1177 μυστήριον
2817 1106 2980 1171 αὐτὸς
3000 1107 3067 1162 δι’
3097 1107 3293 1164 ἑαυτοῦ
3325 1109 3597 1180 διεσαφεῖ,
3625 1111 3827 1179 λέγων,

2240 1196 2332 1250 ὅτε
2358 1195 2451 1250 τὸν
2476 1197 2617 1268 ὑπὲρ
2651 1197 2754 1267 τῆς
2795 1198 3053 1254 ἀπάντων
3103 1199 3248 1272 ζωῆς
3280 1200 3504 1271 ἔμελλεν
3531 1203 3830 1272 ἀνατλῆναι

2232 1288 2465 1360 σταυρόν
2487 1306 2498 1318 ·
2537 1288 2682 1342 «Νῦν
2700 1290 2882 1362 κρίσις
2905 1291 3023 1345 ἐστὶ
3039 1284 3136 1346 τοῦ
3157 1291 3363 1364 κόσμου
3387 1287 3600 1360 τούτου,
3617 1295 3712 1348 καὶ
3729 1293 3832 1365 ἅρ-

2230 1397 2342 1450 χων
2365 1379 2461 1434 τοῦ
2495 1381 2700 1452 κόσμου
2715 1377 2907 1435 τούτου
2925 1379 3330 1455 ἐκϐληθήσεται
3361 1380 3484 1452 ἔξω.
3504 1402 3523 1437 ι
3546 1384 3831 1454 -ιΚάγὼ

2233 1472 2328 1526 ἑάν
2361 1472 2560 1543 ὑψωθῶ
2593 1473 2658 1527 ἐκ
2691 1474 2790 1545 τῆς
2824 1469 2947 1546 γῆς,
2982 1473 3166 1530 πάντα
3211 1477 3424 1531 ἑλκύσω
3467 1477 3605 1550 πρὸς
3646 1481 3829 1549 ἐμαυ-

2231 1563 2499 1617 τόν.›Κα“ι
2531 1564 2591 1618 ού
2616 1565 2788 1636 δήπου
2819 1563 3018 1636 φαμὲν,
3039 1567 3122 1619 ὅτι
3153 1561 3334 1637 κρίσιν
3354 1567 3460 1638 ἔφη
3487 1567 3582 1621 τοῦ
3617 1567 3833 1639 κόσμου

2231 1651 2424 1707 τούτου
2442 1655 2770 1724 γενήσεσθαι
2789 1653 2920 1726 παρ’
2943 1655 3107 1709 αὑτοῦ
3127 1655 3271 1710 κατά
3290 1655 3380 1710 τὸν
3400 1656 3502 1726 τῆς
3533 1657 3688 1727 ἑπιδη
3697 1656 3835 1726 μίας

2233 1741 2444 1811 καιρόν.
2487 1741 2576 1804 Ὦς
2604 1741 2712 1813 γάρ
2742 1737 2906 1805 αὐτὸς
2936 1742 3039 1813 ἔφη
3074 1743 3259 1810 πάλιν,
3299 1765 3317 1796 ι
3358 1746 3472 1798 Ούκ
3503 1745 3835 1800 ἀπέστειλεν

538 1838 718 1884 autem
746 1843 868 1884 esse
899 1830 1030 1885 dicit
1057 1839 1259 1885 rectam
1300 1837 1354 1884 et
1389 1829 1714 1899 inculpatum
1742 1830 1884 1886 velut
1927 1829 2122 1898 dijudi-

2233 1829 2257 1881 6
2287 1830 2421 1894 Θεὸς
2449 1831 2541 1884 τὸν
2567 1831 2695 1885 Υίὸν
2719 1832 2799 1896 εἰς
2815 1831 2907 1885 τὸν
2933 1833 3158 1903 κόσμον,
3179 1829 3264 1888 ἵνα
3290 1835 3450 1906 κρίνῃ
3479 1835 3569 1889 τὸν
3596 1837 3831 1905 κόσμον,

538 1924 808 1978 cntionem
838 1923 1083 1990 ;justum
1119 1923 1262 1978 enim
1315 1923 1492 1988 nobis,
1526 1933 1581 1978 et
1615 1921 1687 1976 illi
1731 1923 1820 1991 jus
1856 1923 2012 1978 dixit.
2058 1921 2122 1976 Et

539 2015 772 2070 salvavit
802 2015 1018 2084 quidem
1057 2029 1154 2069 nos
1189 2014 1255 2068 ad
1283 2029 1342 2069 se
1375 2023 1602 2078 tractos,
1637 2023 1692 2069 et
1722 2013 1890 2069 nostri
1949 2015 2123 2070 domi-

540 2118 785 2172 nantem,
821 2123 883 2163 ac
938 2107 1270 2162 multimodis
1316 2121 1413 2161 nos
1469 2107 1780 2177 perdentem
1833 2099 2124 2178 tyrannide

539 2198 720 2268 ejecit.
757 2198 960 2254 Salvati
995 2213 1183 2254 sumus
1235 2198 1398 2268 igitur
1457 2198 1755 2253 miserante
1808 2213 1906 2252 nos
1987 2195 2117 2252 Deo.

544 2309 564 2344 ι
596 2291 884 2348 Jusliiicati
923 2291 1068 2346 enim
1094 2305 1303 2354 sumus,
1355 2305 1461 2344 non
1491 2305 1557 2344 ex
1602 2289 1859 2359 operibus
1897 2288 2123 2358 iustitia:

539 2400 662 2456 quae
709 2383 937 2439 fecimus
967 2398 1085 2447 nos,
1116 2383 1210 2438 sed
1245 2381 1541 2436 secundum
1589 2396 1858 2450 magnam~
1911 2381 2124 2435 miseri-

539 2475 786 2530 cordiam
839 2473 1010 2544 ipsius
1038 2473 1106 2540 “,
1144 2491 1165 2525 ι
1201 2473 1343 2527 sicut
1366 2473 1623 2539 scriptum
1653 2481 1759 2527 est.
1792 2470 1979 2527 Vocati
2022 2487 2120 2526 au-

540 2573 650 2621 tem
678 2580 866 2621 sumus
897 2566 964 2620 ad
987 2563 1440 2620 necessitudinem
1466 2563 1802 2631 spiritualcm
1819 2577 1913 2632 per
1935 2561 2121 2617 ﬁdem.

539 2656 619 2714 Ita
649 2667 830 2713 autem
885 2657 1085 2724 vocati,
1125 2670 1249 2711 eum
1276 2656 1479 2724 quiest
1527 2663 1718 2708 natura
1763 2654 1905 2709 Dens
1958 2668 2126 2724 agno-

539 2751 736 2806 vimus.
763 2747 995 2814 Idcirco,
1017 2747 1209 2818 inquit,
1250 2764 1270 2800 ι
1301 2747 1638 2816 desponsabo
1664 2755 1715 2802 te
1755 2746 1883 2800 mihi
1921 2745 1974 2800 in
1997 2743 2121 2813 (ide,

541 2850 596 2899 et
620 2857 918 2915 cognosces
959 2840 1265 2896 Dominum.
1305 2858 1324 2892 ι
1359 2838 1641 2895 Praecessit
1661 2852 1792 2909 ergo
1824 2838 1980 2894 ﬁdes.
2033 2837 2127 2893 Sic

542 2945 729 2990 autem
793 2935 1013 2990 Christo
1069 2931 1448 3004 cognoscendo
1511 2947 1642 3002 opes
1709 2931 2121 3001 acquisivimus.

2229 1920 2344 1974 ἀλλ’
2371 1923 2456 1976 ἵνα
2486 1921 2632 1994 σωθῇ
2664 1925 2692 1976 6
2731 1924 2935 1994 κόσμος
2967 1925 3036 1978 δι’
3062 1925 3248 1980 αὐτοῦ.
3299 1945 3318 1977 ι
3356 1925 3548 1996 Κρίσιν
3577 1929 3632 1981 δὲ
3676 1922 3832 1980 εἶναί

2230 2029 2385 2080 φησι,
2418 2012 2518 2084 τὴν
2571 2011 2738 2084 ὀρθὴν
2795 2013 2888 2066 καὶ
2933 2012 3236 2085 ἀμώμητον
3267 2014 3431 2067 οἱονεὶ
3462 2013 3833 2071 διαδικασίαν.

2228 2097 2489 2155 Δεδίκακε
2523 2103 2654 2174 γὰρ,
2680 2099 2756 2166 ὡς
2780 2101 2938 2174 ἔφην,
2962 2103 3138 2175 ὀρθῶς
3189 2106 3321 2174 ἡμῖν
3342 2115 3402 2158 τε
3434 2106 3692 2176 κάκείνῳ.
3715 2101 3837 2160 Kal

2231 2191 2438 2246 σέσωκε
2475 2193 2574 2264 μὲν
2601 2192 2768 2264 ἡμᾶς,
2799 2193 3034 2258 ἑλκύσας
3062 2195 3198 2266 πρὸς
3242 2196 3434 2249 ἑαυτόν
3468 2212 3482 2225 ·
3521 2194 3835 2255 ἑκϐέϐληκε

2229 2283 2286 2337 δὲ
2337 2285 2435 2354 τῆς
2477 2284 2600 2338 καθ’
2634 2284 2792 2356 ἡμῶν
2837 2286 3153 2358 τυραννίδος
3184 2285 3274 2339 τὸν
3309 2288 3734 2343 πλεονεκτοῦντα
3767 2307 3838 2343 τε

2230 2376 2326 2431 καὶ
2351 2375 2632 2432 διολλύντά
2674 2375 2956 2442 ποικίλως.
2983 2371 3314 2450 Σεσώσμεθα
3339 2375 3405 2451 δὴ
3428 2375 3520 2434 οῦν
3549 2381 3838 2447 ἐλεοῦντός
3910 2407 3917 2424 ι

2229 2485 2295 2543 τε
2315 2469 2464 2540 ἡμᾶς
2515 2471 2610 2522 καὶ
2653 2469 3122 2544 κατοικτείροντος
3153 2470 3309 2526 Θεοῦ.
3342 2491 3361 2524 ‹
3417 2470 3838 2544 Δεδικαιώμεθα

2231 2559 2360 2631 γὰρ,
2391 2561 2491 2614 οὐκ
2526 2560 2585 2626 ἑξ
2615 2560 2793 2634 ἔργων
2807 2563 2911 2616 τῶν
2933 2564 2989 2616 ἑν
3011 2562 3329 2636 δικαιοσύνῃ
3353 2559 3430 2618 ὧν
3469 2567 3815 2636 ἐποιήσαμεν

2231 2655 2412 2725 ἡμεῖς,
2443 2653 2579 2709 ἀλλά
2623 2654 2764 2708 κατά
2795 2655 2855 2708 τὸ
2904 2655 3038 2709 πολὺ
3069 2655 3234 2710 αὐτοῦ
3275 2655 3444 2721 ἕλεος,
3489 2677 3508 2708 ι
3545 2657 3692 2711 καθά
3735 2657 3837 2726 γέ-

2230 2763 2494 2817 γραπται.
2527 2746 2863 2818 Κεκλήμεθά
2899 2763 2962 2800 τε
2996 2747 3134 2819 πρὸς
3166 2749 3479 2820 οἰκειότητα
3509 2749 3607 2822 τὴν
3660 2768 3827 2803 πνευ-

2236 2837 2472 2910 ματικὴν
2499 2837 2590 2892 διὰ
2618 2839 2854 2902 πίστεως
2873 2855 2886 2869 ⁸
2927 2839 3257 2911 κεκλημένοι
3276 2859 3338 2895 τε
3364 2840 3527 2906 οὕτω,
3548 2843 3640 2896 τὸν
3669 2841 3836 2911 φύσει

2231 2929 2364 2984 Θεὸν
2409 2926 2750 3002 ἐγνώκαμεν.
2786 2932 2973 3005 Ταύτῃ
3008 2950 3090 2985 τοι
3137 2935 3305 3004 φησί·
3343 2953 3361 2985 ι
3404 2934 3512 2988 Kal
3561 2933 3836 3006 μνηστεύ-

545 3026 612 3083 Et
640 3027 762 3094 hoc,
788 3034 845 3081 ut
901 3025 1160 3092 arbitror,
1197 3033 1278 3080 est
1337 3023 1481 3095 quod
1531 3024 1854 3094 quibusdam
1920 3025 2125 3078 dictum

2235 3019 2400 3090 σομαί
2451 3030 2509 3075 σε
2549 3021 2771 3094 ἐμαυτῷ
2818 3024 2874 3078 ἑν
2910 3023 3127 3089 πίστει,
3149 3025 3245 3080 καὶ
3276 3025 3555 3100 ἑπιγνώσῃ
3595 3030 3686 3081 τὸν
3713 3027 3836 3082 Κύ-

543 3128 670 3176 est:
736 3137 757 3172 ι
831 3117 944 3174 Nisi
1013 3116 1377 3183 credideritis,
1438 3131 1543 3173 non
1607 3115 1919 3186 intelligetis
1986 3115 2065 3168 ⁸³.
2101 3132 2121 3166 ι

2237 3130 2370 3185 ριον.
2415 3132 2432 3167 ι
2476 3113 2686 3168 Οὐκοῦν
2737 3113 3153 3187 προεκϐέϐηκεν
3191 3119 3224 3190 ἡ
3272 3116 3489 3186 πίστις,
3524 3121 3838 3193 πεπλουτή-

544 3209 750 3266 Christi
784 3223 914 3264 vero
942 3208 1260 3281 mysterium
1298 3209 1446 3263 clare
1491 3222 1690 3272 nosse;
1750 3217 1970 3262 aeternae
2000 3205 2125 3260 vitaz

2233 3220 2408 3272 καμεν
2433 3199 2488 3257 δὲ
2518 3203 2691 3268 οὕτως
2721 3205 2815 3259 καὶ
2843 3205 2906 3260 τὸ
2953 3207 3152 3262 εἰδέναι
3187 3208 3444 3281 Χριστόν.
3485 3213 3597 3267 Kal
3648 3215 3832 3282 τοῦτο,

543 3301 837 3373 participes
873 3300 1100 3356 reddere
1128 3315 1224 3356 eos
1271 3300 1362 3370 qui
1399 3300 1544 3372 digni
1585 3308 1731 3364 sunt,
1780 3293 1950 3354 Filius
2015 3297 2125 3368 ipse

2233 3291 2407 3364 οἶμαι,
2433 3295 2553 3348 ἐστὶ
2593 3297 2654 3349 τὸ
2700 3297 2837 3368 πρός
2869 3316 3022 3362 τινας
3061 3297 3351 3371 εἰρημένον
3380 3320 3394 3336 ⁸
3431 3322 3450 3356 t
3491 3306 3588 3358 Ἂν
3618 3304 3723 3376 γὰρ
3756 3303 3837 3378 μὴ

544 3394 765 3450 Patrem
831 3393 1115 3450 cmlestem
1216 3389 1500 3463 alloquens
1589 3401 1739 3448 certe
1809 3391 2125 3447 confirmat:

2234 3385 2590 3455 πιστεύσητε,
2630 3386 2752 3440 οὐδὲ
2806 3387 2881 3459 μὴ
2918 3389 3136 3459 συνῆτε.
3180 3410 3200 3443 ι
3243 3392 3362 3446 ’Ὁτι
3398 3393 3456 3446 δὲ
3495 3393 3554 3448 τὸ
3589 3393 3838 3448 συνιέναι

550 3503 571 3538 ι
621 3485 746 3541 Haec
786 3495 872 3541 est
914 3485 1023 3539 vita
1077 3493 1322 3549 aeterna,
1372 3493 1430 3537 ut
1494 3490 1905 3554 cognoscantte
1956 3479 2125 3535 solum

2233 3474 2502 3547 λαμπρῶς
2548 3476 2611 3530 τὸ
2651 3477 2885 3549 Χριστοῦ
2921 3479 3248 3550 μυστήριον,
3277 3483 3378 3553 τῆς
3419 3484 3639 3538 αἰωνίου
3679 3483 3837 3555 ζωῆς

544 3593 734 3634 verum
765 3578 956 3645 Deum,
985 3585 1041 3629 et
1067 3589 1228 3645 quem
1260 3574 1458 3628 misisti
1486 3571 1672 3627 Jesnm
1703 3573 1982 3629 Christum
2010 3571 2077 3626 “.
2106 3588 2125 3624 ι

2235 3571 2603 3637 περιποιεῖται
2624 3570 2723 3642 τὴν
2758 3570 2975 3642 μέθεξιν
2995 3573 3108 3634 τοῖς
3143 3573 3285 3628 ἑλεῖν
3319 3574 3525 3642 ἀξίοις,
3558 3575 3842 3648 πληροφο-

545 3671 706 3742 ρήσει
732 3667 908 3738 λέγων
938 3667 1098 3731 αὐτὸς
1130 3669 1158 3722 6
1189 3667 1320 3732 Υἱὸς
1365 3667 1500 3737 πρὸς
1527 3665 1618 3718 τὸν
1649 3667 1707 3719 ὲν
1739 3667 1852 3727 τοῖς
1885 3664 2136 3736 οὐρανοῖς
2167 3661 2388 3732 Πατέρα
2417 3661 2512 3714 καὶ
2540 3661 2674 3716 Θεόν
2700 3679 2714 3694 ο
2763 3661 2944 3733 (Αὕτη
2969 3661 3028 3716 δέ
3055 3664 3205 3718 ἑστιν
3239 3666 3272 3737 ή
3314 3666 3533 3732 αἰώνιος
3571 3669 3706 3740 ζωὴ,
3748 3669 3842 3722 ἵνα

543 3765 857 3836 γινώσκωσί
888 3782 948 3817 σε
973 3763 1065 3819 τὸν
1093 3763 1254 3834 μόνον
1284 3760 1538 3832 ἀληθινὸν
1568 3758 1722 3824 Θεὸν,
1753 3758 1846 3813 καὶ
1873 3757 1932 3811 ὃν
1962 3756 2290 3819 ἀπέστειλας
2315 3754 2543 3826 Ἰησοῦν.
2569 3776 2590 3809 ι

619 3857 781 3912 Vens.
831 3855 923 3920 21,
951 3855 1042 3909 22.
1098 3853 1166 3909 Et
1197 3856 1293 3910 erit
1333 3855 1386 3908 in
1409 3854 1493 3908 die
1521 3852 1636 3917 illa,
1673 3853 1802 3906 dicit
1847 3852 2124 3917 Dominus,

543 3949 830 4005 exaudiam
855 3947 1060 4013 caelum,
1089 3957 1133 4002 et
1160 3948 1345 4002 caelum
1375 3945 1620 4000 exaudiet
1646 3955 1863 4010 terram,
1909 3954 1956 3997 et
1985 3953 2128 3998 terra

543 4037 788 4094 exaudiet
844 4038 1188 4109 frumentum,
1241 4046 1292 4094 et
1341 4039 1538 4104 riuum,
1591 4047 1638 4092 et
1670 4037 1864 4099 oleum,
1900 4044 1948 4088 et
2009 4035 2128 4088 iura

543 4133 824 4186 exaudiuit
840 4127 1068 4186 Jezraei.

602 4305 774 4364 XXX.
785 4306 1016 4363 Rursum
1031 4307 1120 4372 hic
1132 4306 1272 4362 diem
1291 4305 1562 4363 vocationi
1578 4304 1908 4360 corneniens
1923 4311 2133 4372 tempus

2303 3849 2417 3904 Kal
2463 3849 2636 3904 ἔσται
2684 3847 2756 3902 ἐν
2803 3849 3006 3921 ἐκείνῃ
3033 3848 3125 3922 ¹τῇ
3150 3851 3358 3922 ἡμέρᾳ,
3396 3849 3558 3925 λέγει
3590 3855 3837 3923 Κύριοςν

2233 3943 2643 4011 ὲπακούσομαι
2664 3939 2745 4007 τῷ
2771 3941 3028 4012 οὐρανῷ,
3063 3945 3164 4000 καὶ
3207 3945 3392 4013 αὐτὸς
3423 3946 3840 4004 ἐπακούσεται

2235 4033 2310 4104 τῇ
2348 4033 2446 4105 γῆ,
2476 4033 2574 4088 καὶ
2617 4035 2655 4102 ἡ
2684 4031 2762 4103 ἰνῆ
2794 4035 3198 4092 ἐπακούσεται
3225 4039 3332 4093 τὸν
3375 4039 3570 4105 σῖτον,
3597 4040 3695 4094 καί
3725 4041 3840 4095 τὸν

2235 4121 2405 4180 οἶνον
2433 4125 2534 4178 καὶ
2567 4124 2634 4178 τὸ
2672 4124 2901 4193 ἔλαιον,
2930 4128 3027 4182 καί
3057 4127 3213 4185 αὐτὰ
3253 4130 3700 4212 ἐπακούσοφται
3721 4131 3837 4187 τοῦ

2251 4213 2530 4284 Ἰεζραέλ.

2308 4305 2390 4360 Λ¹.
2440 4303 2688 4378 Ἦμέραν
2725 4305 2790 4380 δὴ
2818 4309 2982 4365 πάλιν
3031 4312 3090 4366 ἑν
3137 4312 3350 4377 τούτοις
3381 4315 3473 4368 τὸν
3520 4317 3586 4386 τῇ
3637 4315 3835 4388 κλήσει

545 4407 845 4468 nuncupat.
895 4398 993 4455 Hic
1035 4399 1235 4469 quippe
1291 4398 1590 4468 Scriptura:
1644 4411 1816 4451 sacra:
1865 4409 1984 4450 mos
2023 4402 2125 4450 est.

2237 4398 2518 4470 πρέποντα
2569 4401 2933 4472 κατονομάζει
2982 4404 3205 4475 καιρόψ
3242 4404 3405 4460 τοῦτο
3454 4407 3562 4478 γὰρ
3611 4407 3731 4473 ἔθος
3760 4411 3831 4480 τῇ

545 4489 606 4545 ln
647 4490 888 4544 omnium
937 4490 1105 4561 igitur
1149 4489 1440 4553 bonorum,
1478 4499 1970 4556 supernorumque,
2017 4494 2128 4540 eta

552 4581 664 4636 Deo
697 4581 1161 4650 suppeditatorum
1197 4580 1463 4636 donorum
1528 4576 1802 4634 ailluentia
1875 4575 2130 4633 Israelem

547 4677 654 4732 (ide
694 4677 747 4731 in
779 4674 1054 4732 Christum
1095 4674 1386 4743 aliquando
1423 4673 1752 4727 illustratum
1789 4670 1877 4734 iri,
1901 4670 2002 4726 sub
2034 4685 2131 4725 ve-

547 4769 750 4825 lamine
799 4768 1034 4840 quodam
1081 4767 1343 4824 ostendit.
1377 4765 1688 4820 Pluviarum
1738 4763 2005 4834 siquidem
2037 4777 2132 4818 co«

547 4861 695 4932 piam
743 4860 861 4917 fore
901 4868 1149 4916 autumat
1188 4860 1304 4930 ipso
1350 4864 1662 4924 annuente;
1702 4857 1805 4911 hoc
1851 4856 1994 4912 enim
2017 4855 2134 4926 opi-

550 4968 674 5021 nor,
723 4961 828 5019 est,
865 4953 1008 5022 quod
1050 4951 1269 5015 asserit,
1306 4968 1326 5002 ι
1354 4949 1640 5005 exaudiam
1666 4949 1885 5004 coelum.
1914 4967 1934 5000 ι
1991 4946 2131 5013 Quin

551 5054 607 5101 et
660 5045 715 5101 in
781 5055 927 5100 terra
1001 5043 1255 5100 deorsum
1323 5041 1642 5097 utilissimos
1698 5051 1755 5098 et
1793 5040 2134 5097 necessarios

551 5135 764 5191 fructus
832 5134 991 5189 nobis
1052 5134 1235 5189 datum
1281 5132 1370 5188 iri.
1423 5129 1558 5186 Nam
1602 5133 1719 5188 sine
1784 5134 1891 5188 Deo
1921 5132 2028 5204 55
2079 5143 2136 5188 et

555 5240 792 5298 superno
827 5225 1126 5290 arbitratu,
1185 5239 1284 5281 nec
1324 5224 1524 5279 coelum
1585 5222 1875 5294 aliquando
1928 5225 2132 5279 imbres

556 5321 610 5373 in
659 5329 861 5375 terram
912 5317 1182 5385 demittet,
1232 5326 1333 5371 nec
1376 5325 1521 5371 terra
1568 5315 1860 5384 aliquando
1927 5315 2135 5370 fructus

560 5425 690 5464 suos
728 5409 1010 5480 producet.
1039 5402 1094 5462 id
1138 5409 1282 5478 quod
1324 5408 1503 5464 sciens
1536 5408 1796 5478 prapheta
1831 5405 2133 5470 Jeremias,

556 5500 748 5555 orabat
783 5517 840 5556 ει
887 5496 1139 5569 Nunquid
1185 5509 1266 5555 est
1309 5500 1360 5554 in
1404 5499 1562 5555 idolis
1589 5503 1829 5570 gentium
1890 5497 2135 5569 plucns?

558 5602 616 5647 ct
660 5592 701 5647 si
747 5591 946 5648 caelum
985 5591 1136 5648 dabit
1175 5593 1477 5649 satietatem
1520 5606 1696 5658 suam,
1726 5605 1911 5647 nonne
1959 5600 2014 5646 tu
2075 5603 2135 5645 es

2233 4486 2578 4564 θεοπνεύστῳ
2638 4490 2856 4566 Γραφῇ.
2906 4495 3031 4549 ’Ότι
3104 4495 3284 4551 τοίνυν
3330 4499 3391 4552 ἑν
3455 4499 3704 4571 μεθέξει,
3735 4503 3836 4556 καὶ

2233 4582 2467 4656 ἀφθονίᾳ
2499 4583 2702 4648 παντὸς
2749 4585 2980 4654 ἀγαθοῦ,
3009 4585 3107 4640 καὶ
3137 4587 3246 4641 τῶν
3293 4583 3523 4656 ἀνωθεν,
3557 4593 3651 4645 καὶ
3677 4593 3834 4664 παρά

2233 4671 2370 4727 Θεόῦ
2404 4675 2759 4747 χαρισμάτων
2810 4675 2908 4730 καὶ
2948 4677 3113 4742 αὐτὸς
3166 4678 3317 4733 ἔσται
3363 4681 3505 4735 κατὰ
3548 4684 3776 4755 καιροὺς
3802 4687 3834 4740 6

2247 4761 2481 4834 Ἰσραὴλ,
2511 4767 2578 4836 τῇ
2609 4766 2688 4829 είς
2719 4765 2955 4838 Χριστὸν
2988 4765 3170 4823 πίστει
3194 4769 3719 4843 λελαμπρυσμένος,
3746 4777 3834 4828 ai-

2235 4853 2596 4924 νιγματωδῶς
2632 4853 2941 4925 ὑποφαίνει.
2960 4855 3165 4913 Ὺετῶν
3185 4859 3295 4932 γὰρ
3319 4861 3582 4931 ἀφθονίαν
3613 4863 3832 4918 ἔσεσθαί

2233 4960 2418 5014 φησιν,
2443 4941 2608 4997 αὐτοῦ
2629 4945 3040 5012 κατανεύοντος,
3059 4946 3232 5002 Τοῦτο
3259 4950 3412 5021 γὰρ,,
3437 4945 3734 5022 οἷμαι.ὲστὶ
3749 4951 3829 5018 τὸ,

2236 5053 2256 5087 r
2279 5035 2776 5109 Ἐπακούσομαιτῷ
2794 5035 3030 5111 οὐρανῷ.
3065 5056 3085 5092 ι
3112 5040 3224 5094 Kal
3244 5041 3351 5113 μὴν
3373 5043 3466 5095 καὶ
3482 5044 3544 5096 ἑν
3567 5045 3634 5114 γῇ
3657 5044 3830 5109 κάτω,

2229 5127 2358 5191 τοὺς
2406 5127 2489 5181 ὅτι
2550 5127 2784 5198 μάλιστα
2833 5129 3297 5201 χρειωδεστάτους
3347 5133 3442 5185 καὶ
3495 5131 3830 5200 ἀναγκαίους

2240 5222 2374 5291 ἡμῖν
2431 5219 2819 5292 ἐκδοθήσεσθαι
2882 5221 3165 5292 καρπούς.
3215 5224 3353 5277 Θεοῦ
3405 5223 3515 5294 γὰρ
3565 5223 3689 5294 δίχα
3732 5217 3830 5277 καὶ

2241 5312 2436 5384 βουλῆς
2467 5314 2566 5384 τῆς
2594 5313 2820 5378 ἄνωθεν,
2850 5313 2961 5368 οῦτ⁹
3001 5315 3069 5370 ἂν
3100 5316 3264 5381 αὐτός
3296 5333 3428 5371 ποτε
3463 5317 3576 5380 τοῖς
3609 5314 3704 5367 ἐπὶ
3727 5315 3829 5385 γῆς

2238 5403 2432 5464 οῦσινὸ
2459 5409 2705 5480 οὐρανὸς,
2741 5407 2934 5462 οὔτ’ἂν
2959 5409 2992 5480 ή
3016 5409 3090 5478 γῆ
3111 5409 3204 5463 τὸν
3227 5411 3426 5464 οἰκεῖον
3446 5408 3586 5471 κατὰ
3606 5409 3830 5477 καιροὺς

2240 5501 2471 5573 ἀναφύοι
2505 5501 2734 5570 καρπόν.
2769 5501 2881 5555 Kal
2910 5500 3070 5555 τοῦτο
3103 5501 3257 5566 εἰδὼς
3283 5504 3312 5557 6
3353 5501 3637 5574 προφήτης
3669 5499 3830 5569 Ἰερε-

2244 5594 2394 5666 μίας,
2439 5592 2711 5664 ἐλιπάρει,
2734 5591 2912 5662 λέγων
2937 5609 2950 5623 ⁸
2981 5612 3000 5646 ι
3033 5593 3124 5666 Μὴ
3155 5593 3301 5648 ἔστιν
3345 5593 3404 5646 ἑν
3437 5591 3679 5654 είδώλοις
3717 5589 3829 5643 τῶν

638 5771 682 5802 ’ν
715 5770 855 5829 l‘sal.
888 5787 1006 5833 Llil.
1039 5773 1094 5829 3.
1172 5770 1387 5830 “Joan.
1425 5766 1652 5841 xut,‘5l,
1685 5772 1773 5829 32.
1852 5771 1892 5805 ⁶¹
1933 5765 2086 5829 Joan.
2119 5788 2125 5830 1

2240 5772 2326 5830 17.
2405 5773 2448 5805 θ’
2481 5771 2587 5829 Tit.
2618 5787 2703 5840 ιιι,
2739 5773 2792 5827 5.
2871 5774 2914 5807 ⁸³
2963 5769 3066 5831 isa.
3100 5788 3190 5840 vn,
3211 5773 3263 5830 9.
3341 5774 3386 5805 “
3414 5772 3568 5829 Jonn.
3601 5785 3736 5838 xvtt,
3763 5773 3816 5827 5.
