4094 6452
265 357 335 411 9⁸1

1221 351 1782 412 COMMENTARIUS
1822 350 1887 406 IN
1929 350 2166 406 OSEAM
2205 348 2659 406 PROPIIETAM.

3524 358 3595 415 93

265 474 445 529 ὲθνῶν
479 473 749 541 ὐετίζων;
781 474 879 528 καὶ
913 473 962 528 εί
992 472 1224 546 οὐρανὸς
1250 472 1411 529 δώσει
1442 471 1761 544 πλησμονὴν
1800 471 1893 524 αὐ-

2000 470 2112 541 ipse
2158 469 2420 525 Dominus
2469 470 2610 525 Deus
2664 476 2850 524 noster
2882 468 2904 521 ?
2933 476 2987 523 et
3028 469 3465 540 exspectabimus
3518 484 3593 541 te,

262 566 388 632 τοῦ,
430 567 560 636 οὐχὶ
616 567 683 620 σὺ
716 562 769 619 εί
804 565 971 635 Θεός;
1007 566 1103 621 καὶ
1159 563 1543 636 ὑπομενοῦμεν
1591 580 1671 628 σε,
1708 564 1791 617 ὅτι
1826 563 1891 616 σὺ

264 660 545 730 ἐποίησας
598 658 778 714 ταῦτα
837 658 1040 712 πάντα.
1095 676 1116 710 ι
1165 657 1579 718 Κατανεύοντος
1630 654 1740 724 γὰρ
1765 695 1778 717 ,
1816 652 1893 717 ὡς

263 750 431 819 ἔφην,
466 749 569 802 τοῦ
590 749 957 821 δημιουργοῦ,
988 751 1084 805 καὶ
1112 749 1414 813 ἁπλοῦντος
1446 750 1546 820 τὴν
1595 750 1755 820 χεῖρα
1779 750 1892 813 τοῖς

262 840 358 892 ἐπὶ
391 840 495 910 τῆς
536 840 665 911 γῆς,
693 840 853 894 ὑετοῦ
888 842 988 912 μὲν
1023 840 1175 897 ἔσται
1204 839 1369 911 δοτὴρ
1407 841 1435 894 ὁ
1465 839 1712 911 οὐρανὸς,
1756 856 1893 909 καρ-

263 932 386 984 πῶν
436 932 498 985 δὲ
532 933 857 1000 ἀναγκαίων
916 934 1102 1006 μήτηρ
1152 932 1289 1005 ἐμοῦ
1347 932 1443 987 καὶ
1490 933 1749 1004 τροφὸςὴ
1793 930 1889 1000 γῆ.

266 1042 287 1075 ι
333 1022 767 1099 Ἐπακούσομαι
811 1042 830 1076 ι
863 1025 1047 1079 τοίνυν
1075 1062 1091 1087 ,
1117 1024 1275 1095 φησὶ,
1322 1024 1429 1093 «τῷ
1462 1022 1731 1095 obeat/Q3,»
1771 1020 1893 1075 ἀντὶ

258 1116 381 1177 τοῦ,
420 1116 757 1175 κατανεύσω
792 1116 1116 1171 καταθεῖναι
1151 1120 1266 1181 τοῖς
1295 1116 1392 1171 ἐπὶ
1416 1116 1518 1187 τῆς
1551 1116 1656 1186 γῆς
1680 1114 1888 1177 ὑετούς.

264 1202 337 1262 Ub
363 1207 435 1278 δὴ
469 1209 1203 1277 γεγονότος,‹ὲπακούσεται
1255 1210 1351 1292 καὶ
1404 1209 1565 1280 αὑτὴ,
1596 1209 1689 1261 τὸν
1722 1210 1888 1273 σῖτον,

260 1299 353 1351 τὸν
397 1294 554 1351 οἶνον
578 1340 593 1365 ,
626 1299 724 1353 καὶ
753 1299 814 1352 τὸ
857 1299 1409 1369 ἐλαιον,›τουτέστιν,
1446 1298 1741 1371 ἀμφιλαφῆ
1777 1300 1892 1361 τοῖς

258 1388 519 1442 οίκοῦσιν
551 1390 728 1460 αὐτὴν
752 1389 984 1444 ἐκδώσει
1004 1391 1235 1462 καρπὸν,
1267 1391 1481 1456 οὐδενὸς
1508 1391 1892 1454 ἐκλελοιπότος

258 1483 371 1536 τῶν
405 1484 516 1536 ὅσα
548 1483 701 1536 ἐστὶν
732 1484 1014 1554 ἀναγκαῖα
1048 1484 1145 1539 καὶ
1190 1483 1440 1557 ζωαρκῆ.
1495 1485 1657 1539 Ἀλλᾶ
1708 1483 1873 1539 ταυτὶ

259 1575 367 1646 μὲν
394 1574 724 1647 ἱπορικῶς.

348 1668 490 1721 Ἀπὸ
513 1668 576 1721 δέ
600 1684 667 1735 γε
697 1668 807 1721 τῶν
834 1669 1188 1740 σωματικῶν,
1222 1670 1299 1735 ὡς
1343 1669 1402 1735 ἐξ
1433 1668 1641 1733 εἰκόνος
1669 1669 1891 1742 ἐναργε-

261 1748 477 1829 enini;
544 1759 854 1831 ἀναφοιτᾷν
898 1762 1199 1830 ἀναγκαῖον
1251 1761 1346 1814 ἐπὶ
1399 1760 1468 1815 τὰ
1520 1761 1887 1832 πνευματικά.

1994 563 2122 632 quia
2156 569 2211 615 tu
2240 559 2417 617 fecisti
2443 561 2558 616 haec
2583 560 2765 615 omnia
2788 560 2931 614 πάι.
2957 578 2975 612 ι
2996 560 3284 616 Annuente
3306 564 3451 617 enim
3475 566 3596 633 epi-

1995 651 2119 719 ﬁce,
2147 661 2208 707 ut
2247 652 2377 717 dixi,
2409 661 2464 708 et
2512 667 2731 707 manum
2775 667 2938 722 super
2988 664 3190 707 terram
3232 654 3595 722 extendente,

1996 744 2197 799 coelum
2233 743 2494 813 pluviam,
2543 751 2596 799 et
2648 742 2861 798 fructus
2913 743 3109 812 quibus
3174 759 3395 815 egemus
3449 756 3595 800 terra

1994 833 2161 889 simul
2197 844 2393 900 mater,
2430 843 2481 890 et
2514 836 2699 890 nutrix
2721 834 3105 905 suppeditabit.
3132 835 3224 890 Ait
3250 852 3409 908 ergo:
3444 857 3462 889 ι
3489 837 3597 892 Ex-

1998 926 2221 981 andiam
2259 925 2485 991 uelum,
2538 947 2557 981 ι
2591 943 2709 999 pro,
2757 943 2993 983 annuam
3028 939 3087 983 ut
3131 929 3313 998 pluvia
3371 930 3592 984 humum

1998 1018 2209 1088 irriget.
2242 1017 2360 1084 Quo
2392 1017 2535 1073 facto
2555 1029 2612 1074 et
2638 1020 2749 1089 ipsa
2783 1038 2801 1071 ‹
2831 1020 3085 1074 exaudiet
3123 1021 3385 1085 triticum,
3411 1023 3593 1075 vinum

1998 1117 2055 1165 el.
2098 1109 2297 1177 oleum,
2339 1130 2358 1163 ι
2404 1111 2507 1166 hoc
2535 1119 2620 1166 est
2664 1111 2966 1167 ubertatem
3009 1112 3281 1168 fructuum
3328 1114 3595 1184 indigenis

1995 1198 2109 1253 suis
2149 1200 2483 1270 procreabit,
2516 1202 2663 1257 nullo
2699 1217 2887 1257 eorum
2926 1203 3233 1269 deficiente,
3258 1219 3378 1275 quae
3418 1206 3485 1261 ad
3514 1206 3596 1260 vi-

1997 1301 2104 1346 tam
2139 1293 2393 1346 tuendam
2442 1295 2742 1350 necessitas
2791 1295 3048 1366 postulat.
3101 1296 3170 1353 Et
3200 1298 3315 1354 haec
3372 1298 3591 1370 quidem

1992 1384 2061 1441 ad
2103 1398 2327 1442 sensum
2377 1385 2719 1446 historicum.

2059 1663 2108 1720 Δ
2147 1663 2430 1734 corporeis
2476 1672 2682 1733 autem,
2711 1671 2772 1721 ut
2798 1665 2866 1720 ab
2904 1666 3141 1739 imgine
3182 1669 3592 1727 evidentissima

1993 1755 2059 1811 ad
2096 1757 2402 1827 Spiritualia
2440 1759 2773 1814 redeundum
2814 1769 2915 1815 est.
2942 1760 3189 1827 Quandiu
3228 1762 3370 1817 enim
3403 1763 3591 1833 Israel,

261 1848 416 1914 Ἕως
454 1850 560 1920 μὲν
599 1850 713 1923 γὰρ
748 1851 965 1922 ὲξήνιος
984 1846 1075 1923 ἦν,
1100 1851 1195 1906 καὶ
1217 1851 1472 1923 ἀπειθὴς,
1507 1852 1601 1905 καὶ
1624 1850 1892 1923 θεομάχος

2000 1849 2153 1903 vinea
2192 1848 2404 1904 Domini
2436 1869 2455 1902 ι
2484 1851 2691 1907 novella
2728 1851 2996 1923 plantatio
3038 1861 3094 1908 et
3138 1853 3338 1910 dilecta
3359 1856 3427 1923 “,
3448 1874 3468 1909 ι
3502 1871 3590 1913 τοο

260 1939 290 1991 6
334 1940 594 2009 Ἰσραὴλ,
622 1942 651 1993 ὁ
675 1939 943 2010 ἀμπελὼν
966 1940 1195 2011 Κυρίου,
1232 1960 1250 1993 ι
1289 1941 1363 1993 Τὸ
1391 1940 1648 2008 νεόφυτον
1674 1940 1735 1994 τὸ
1754 1942 1893 2012 ὴγαο

265 2030 526 2101 πημένον
556 2070 574 2095 ,
611 2049 630 2081 ›
684 2030 995 2085 ἐνετέλλετο
1027 2032 1147 2094 ταῖς
1193 2031 1447 2100 νεφέλαις
1478 2031 1506 2083 6
1527 2030 1659 2094 Θεὸς
1690 2029 1785 2083 τοῦ
1816 2031 1891 2101 μὴ

264 2122 465 2194 βρέξαι
495 2125 582 2185 εἰς
604 2122 769 2175 αὐτὸν
789 2122 965 2178 ὑετόν.
990 2123 1239 2193 Νεφέλας
1259 2122 1315 2175 δὲ
1338 2123 1559 2193 νοητέον
1582 2122 1683 2186 τὰς
1730 2122 1892 2191 ἁγίας

263 2216 364 2270 καὶ
412 2216 627 2287 νοητὰς
673 2218 938 2288 δυνάμεις
988 2217 1087 2282 τὰς
1127 2218 1335 2272 ἄνωθεν
1383 2218 1478 2271 καὶ
1516 2217 1575 2285 ἐξ
1621 2218 1889 2290 οὐρανῶν,

262 2308 333 2361 δι’
362 2301 443 2362 ὧν
481 2310 551 2362 ἂν
575 2310 794 2378 γένοιτο
824 2310 965 2381 πρὸς
993 2311 1143 2384 ἡμᾶς
1174 2312 1203 2364 6
1240 2311 1340 2381 τῆς
1370 2312 1773 2386 παρακλήσεως
1803 2310 1894 2364 λό-

265 2417 387 2469 γος,
420 2400 588 2472 δῆλον
610 2393 669 2453 δὲ
700 2401 784 2455 ὃτι
810 2401 963 2472 παρὰ
986 2400 1145 2456 Θεοῦ.
1183 2402 1481 2472 Πνεύματα
1508 2403 1616 2476 γάρ
1649 2404 1755 2479 είσι
1784 2402 1893 2459 λεια

262 2490 569 2562 τουργικὰ,
597 2491 744 2549 κατὰ
764 2490 865 2565 τὴν
890 2490 985 2544 τοῦ
1013 2491 1287 2563 μακαρίου
1304 2491 1521 2545 Παύλου
1552 2492 1757 2563 φωνὴν,
1781 2493 1894 2551 ἄνω

260 2601 324 2636 τε
361 2588 460 2637 καὶ
488 2583 648 2639 κάτω
677 2582 990 2647 διαθέοντα,
1030 2584 1124 2638 καὶ
1144 2584 1591 2656 ἀποστελλόμενα
1614 2584 1752 2657 πρὸς
1776 2585 1894 2643 δια-

261 2679 483 2741 κονίαν,
533 2676 628 2730 διὰ
684 2677 813 2739 τοὺς
867 2675 1159 2747 μέλλοντας
1192 2676 1553 2747 κληρονομεῖν
1588 2676 1889 2747 σωτηρίαν.

276 2768 509 2841 Ἐπειδὴ
544 2769 607 2821 δὲ
638 2766 978 2839 παρῴχηκεν
1005 2771 1032 2822 6
1053 2768 1154 2838 τῆς
1179 2769 1335 2840 δίκης
1363 2769 1577 2839 καιρὸς,
1617 2768 1892 2825 σέσωσται

260 2862 354 2919 διὰ
414 2862 670 2924 πίστεως
724 2863 752 2914 ό
811 2860 985 2914 πάλαι
1032 2862 1383 2932 κυριοκτόνος
1432 2862 1528 2915 καὶ
1585 2860 1892 2932 παρεδέχθη

263 2956 460 3009 λειπὸν
492 2957 556 3008 ἐν
594 2953 941 3027 δικαιοσύνῃ,
988 2954 1083 3007 καὶ
1118 2956 1177 3008 ὲν
1222 2955 1488 3025 κρίματι,
1521 2954 1616 3008 καὶ
1652 2956 1712 3007 ἐν
1759 2952 1895 3025 ὲλέῳ

263 3048 361 3105 καὶ
393 3050 724 3118 οἰκτιρμοῖς
749 3087 764 3111 ,
798 3048 895 3100 καὶ
922 3046 1164 3117 καθῆκεν
1195 3047 1345 3119 αὐτῷ
1371 3048 1471 3113 τὰς
1501 3046 1710 3102 ἄνωθεν
1739 3046 1894 3101 εὐλο-

262 3144 414 3210 γίας,
457 3162 477 3193 ι
528 3142 592 3193 Ὀ
633 3140 817 3197 πάντα
854 3141 990 3194 πᾶσι
1046 3139 1318 3203 πλουσίως
1358 3140 1629 3210 διανέμων
1680 3138 1833 3202 Θεός.
1867 3157 1886 3189 ι

277 3234 638 3289 Ἐνετείλατο
690 3234 799 3303 γὰρ
829 3236 950 3296 ταῖς
1004 3232 1259 3302 νεφέλαις
1290 3232 1537 3290 καθεῖναι
1570 3232 1661 3286 τὸν
1698 3231 1851 3285 ὑετὸν
1877 3273 1892 3296 ,

264 3328 361 3399 τὴν
406 3329 499 3389 είς
538 3324 673 3378 νοῦν
719 3318 816 3378 κάὶ
850 3325 1080 3396 καρδίαν
1130 3324 1478 3397 παράκλησίν
1532 3342 1694 3394 φημι.
1744 3325 1893 3394 Πλὴν

265 3421 344 3472 ὅτι
382 3418 491 3471 καὶ
534 3415 683 3486 αὑτὴ
716 3414 826 3467 τῶν
855 3414 1104 3482 ἀγγέλων
1144 3415 1177 3483 ἡ
1219 3412 1381 3481 φύσις
1426 3411 1578 3465 οὐδὲν
1634 3411 1735 3481 μὲν
1764 3409 1895 3467 ἴδιον

265 3508 401 3581 flat,
443 3506 683 3558 πλουτεῖ
713 3503 771 3557 δὲ
807 3505 988 3558 πάντα
1020 3502 1172 3573 παρὰ
1201 3500 1360 3563 Θεοῦ,
1390 3500 1662 3571 δεδίδαχεν
1685 3498 1855 3552 εἰπών
1878 3516 1892 3530 ο

274 3622 290 3652 ι
327 3596 769 3663 Ἐπακούσομαι
803 3594 882 3666 τῷ
911 3593 1127 3667 οὐρανῷ
1154 3635 1169 3658 ,
1229 3612 1246 3645 ι
1287 3593 1557 3655 τουτέστι,
1600 3590 1896 3663 πληρωτὴν

270 3693 374 3746 τῶν
406 3690 551 3761 παρ’
578 3686 721 3758 ἐμοῦ
754 3687 969 3757 ποιήσω
998 3686 1090 3745 τὸν
1119 3686 1385 3758 οὐρανὸν.
1433 3686 1552 3756 ἦτοι
1583 3685 1708 3747 τοὺς
1735 3682 1896 3747 ὄντας

276 3788 325 3838 ὲν
362 3781 641 3854 οὐρανῷ,
686 3779 914 3849 λογικὰς
966 3770 1211 3849 δηλονότί
1261 3778 1355 3831 καὶ
1391 3776 1551 3846 ἁγίας
1602 3775 1894 3845 δυνάμεις,

1921 3182 1964 3241 C

272 3877 415 3931 ὥστε
451 3875 733 3930 δύνασθαι
780 3873 875 3927 καὶ
918 3872 1091 3936 αὐτὰς
1125 3871 1464 3941 παρακαλεῖν
1491 3870 1618 3933 τοὺς
1656 3868 1898 3940 ἠλεημέ-

272 3988 425 4035 νους,
456 3970 559 4022 καὶ
590 3968 714 4021 τότε
763 3966 830 4037 δὴ
859 3965 1080 4028 πάντως
1113 3983 1132 4015 ι
1184 3963 1585 4017 Ἐπακούσεται
1612 3963 1645 4032 ή
1693 3960 1767 4031 γῆ
1806 3960 1898 4013 τὸν

274 4068 448 4129 σῖτον,
491 4062 596 4114 καὶ
619 4059 715 4112 τὸν
749 4056 913 4124 οἶνον,
947 4057 1045 4111 καὶ
1065 4056 1127 4109 τὸ
1157 4056 1356 4110 ἔλαιον.
1388 4074 1407 4107 ι
1442 4054 1589 4108 Ἀντὶ
1613 4052 1731 4118 τοῦ,
1759 4069 1899 4121 καρ-

270 4157 704 4227 ποφορήσουσιν
733 4153 781 4204 οί
814 4151 907 4203 ἐπὶ
928 4149 1031 4219 τῆς
1046 4149 1149 4220 γῆς
1177 4148 1371 4202 ἐλπίδα
1398 4147 1496 4217 τὴν
1526 4146 1618 4199 ἐπὶ
1643 4145 1779 4216 ζωῇ.
1804 4144 1900 4198 καὶ

269 4248 643 4321 εὐφροσύνῃ,
690 4243 787 4297 καὶ
840 4243 1142 4313 ἱλαρότητι.
1186 4240 1297 4293 Καὶ
1336 4241 1484 4311 ζωῆς
1530 4238 1631 4309 μὲν
1666 4237 1837 4300 τύπος
1871 4235 1900 4286 ὁ

270 4346 428 4404 σῖτος
457 4381 472 4403 ,
522 4336 670 4407 οἶνός
698 4354 763 4407 γε
795 4336 902 4408 μὴν
947 4333 1309 4407 εὐφροσύνης,
1353 4331 1675 4403 ἱλαρότητος
1709 4329 1767 4382 δὲ
1806 4330 1901 4382 καὶ

270 4439 505 4503 εὐεξίας
534 4435 599 4488 τὸ
628 4435 829 4491 ἔλαιον.
861 4434 1078 4489 Ἔνεστι
1110 4432 1218 4505 γὰρ
1243 4432 1308 4503 δὴ
1330 4432 1445 4493 τοῖς
1474 4429 1902 4484 πεπιστευκόσιν

1994 1940 2152 1997 bellis
2182 1950 2237 1997 et
2282 1942 2617 2009 incredulus,
2656 1954 2709 2001 et
2742 1944 2836 2000 Dei
2875 1946 3222 2001 adversarius
3251 1946 3373 2014 fuit,
3437 1963 3594 2003 man-

1994 2034 2161 2088 dabat
2203 2033 2443 2090 nubibus
2483 2034 2657 2103 Deus,
2700 2051 2770 2091 ne
2818 2036 3067 2107 plnerent
3103 2053 3271 2108 super
3315 2053 3436 2093 eam
3518 2028 3590 2085 ⁵⁷.

1993 2124 2177 2181 Nubes
2213 2135 2391 2182 autem
2451 2138 2671 2194 sanctae,
2699 2138 2754 2184 et
2810 2144 2945 2200 quas
2981 2131 3178 2187 mentis
3221 2130 3398 2188 oculis
3435 2132 3587 2189 vide-

1994 2233 2135 2283 mus,
2160 2219 2392 2275 virtutes
2430 2219 2799 2292 intelligendre
2839 2231 2989 2288 sunt,
3030 2237 3283 2293 supernae
3314 2233 3368 2280 et
3426 2225 3592 2281 cmle-

1994 2319 2106 2367 stes
2142 2311 2395 2367 videlicet
2434 2328 2533 2382 per
2572 2329 2709 2384 quas
2750 2328 2934 2371 sermo
2960 2316 3360 2371 exhortationis
3399 2318 3467 2370 ad
3490 2332 3592 2373 nos

1994 2419 2318 2475 permanare
2349 2406 2545 2475 possit,
2570 2404 2753 2472 a_Deo,
2784 2406 3024 2476 inquam,
3053 2407 3175 2462 sine
3198 2410 3587 2464 controversia.

1996 2498 2139 2553 Sunt
2155 2499 2297 2555 enim
2316 2501 2541 2570 spiritus
2560 2501 3199 2568 administratorii,juxta
3218 2503 3436 2556 beatum
3455 2501 3595 2556 Pan.

1994 2590 2131 2657 lum,
2154 2607 2368 2647 sursum
2387 2602 2442 2647 et
2460 2594 2711 2648 deorsum
2733 2593 3132 2660 discurrentes,
3152 2603 3236 2649 «et
3252 2594 3401 2649 missi
3422 2595 3473 2649 in
3493 2594 3595 2648 mi—

1995 2684 2278 2738 nisterium
2323 2694 2543 2756 propter
2583 2701 2678 2740 eos
2705 2686 2794 2755 qui
2828 2688 3199 2742 hereditatem
3247 2687 3467 2756 capiunt
3502 2701 3592 2743 sa-

1995 2774 2128 2832 lutis
2166 2774 2235 2829 ⁵⁸.
2269 2793 2288 2827 ι
2330 2774 2431 2828 Ast
2463 2776 2552 2830 ubi
2608 2785 2819 2845 tempus
2848 2774 3072 2830 ultionis
3096 2777 3382 2846 praeteriit,
3416 2776 3597 2831 salva-

1997 2874 2087 2921 tus
2123 2872 2206 2919 est
2247 2879 2345 2932 per
2373 2863 2405 2916 fi
2433 2864 2555 2917 dem
2595 2872 2750 2918 vetus
2801 2864 3011 2921 Domini
3048 2864 3383 2932 interfector,
3419 2881 3484 2921 ac
3528 2868 3597 2921 de

1994 2970 2199 3017 czetero
2238 2966 2550 3028 assumptus
2579 2966 2663 3012 est
2694 2958 2745 3012 in
2792 2956 3038 3025 iustitia,
3083 2968 3138 3013 et
3176 2958 3402 3027 judicio,
3433 2968 3491 3015 et
3537 2959 3595 3014 in

1996 3050 2401 3116 misericordia,
2432 3049 2748 3120 dimisitque
2788 3050 2834 3105 ei
2898 3050 3307 3106 benedictiones
3362 3051 3431 3105 ab
3485 3051 3597 3107 alto

1999 3143 2166 3208 Dens,
2186 3160 2206 3194 ‹
2242 3141 2333 3210 qui
2379 3140 2655 3195 distribuit
2700 3140 2951 3195 omnibus
2993 3138 3279 3198 afﬂuenter
3304 3141 3372 3195 ".
3400 3162 3417 3194 ι
3445 3141 3596 3197 Man-

1999 3236 2145 3291 davit
2182 3234 2326 3288 enim
2389 3232 2625 3288 nubibus
2665 3232 2943 3288 dimittere
2994 3231 3224 3303 pluvias,
3258 3235 3596 3291 exhortatio-

2000 3341 2144 3391 nem,
2178 3325 2423 3394 inquam,
2474 3324 2528 3377 in
2584 3333 2820 3381 mentem
2868 3331 3032 3393 atque
3065 3338 3180 3378 cor.
3219 3323 3599 3380 Verumeuim-

1998 3433 2130 3473 vero
2200 3430 2298 3471 nec
2359 3416 2533 3484 ipsam
2596 3413 2911 3485 angelorum
2967 3422 3217 3469 naturam
3297 3416 3594 3487 quidquau.

2001 3510 2206 3567 habere
2276 3506 2556 3578 proprium
2611 3522 2677 3561 ac
2729 3506 2918 3575 suumf,
2966 3522 3157 3562 omnes
3222 3516 3402 3562 autem
3467 3524 3599 3579 opes

1999 3616 2125 3656 suas
2152 3616 2180 3653 a
2211 3599 2321 3653 Deo
2356 3606 2704 3653 consecutam
2737 3597 2952 3664 docuit,
2992 3598 3096 3654 illis
3120 3599 3299 3653 verbis
3331 3617 3344 3653 :
3385 3600 3598 3655 «Exau—

1998 3694 2141 3747 diam
2183 3692 2439 3758 coelum,»
2486 3691 2588 3746 hoc
2633 3699 2737 3755 est,
2771 3705 3057 3744 munerum
3094 3706 3337 3745 meorum
3376 3691 3589 3763 largum

2001 3785 2433 3855 dispensatorem
2489 3782 2684 3837 faciam
2732 3781 2951 3848 ccelum,
2978 3782 3093 3837 sive
3138 3782 3595 3848 ctelicolas,con-

2001 3876 2122 3931 silio
2162 3875 2418 3929 nimirum
2466 3874 2722 3944 praeditas
2793 3881 2848 3929 et
2878 3883 3097 3930 sanctas
3153 3874 3403 3938 virtutes,
3432 3886 3491 3929 ut
3543 3884 3600 3931 et

2002 3968 2133 4037 ipsa:
2166 3965 2598 4020 misericordiam
2645 3974 2969 4023 consecutos
3027 3966 3306 4021 exhortari
3366 3968 3596 4037 possint.

2001 4059 2071 4116 Et
2112 4069 2239 4115 tunc
2277 4058 2435 4128 plane
2461 4075 2480 4111 ι
2521 4067 2663 4112 terra
2713 4057 2966 4111 exaudiet
2999 4056 3367 4122 frumentum,
3403 4060 3591 4114 vinum

2003 4158 2060 4206 et
2100 4149 2303 4215 oleum,
2351 4166 2369 4201 ι
2409 4163 2508 4218 pro
2542 4146 2779 4200 fructum
2815 4145 2988 4200 ferent
3040 4148 3130 4216 qui
3163 4156 3293 4201 sunt
3326 4147 3378 4201 in
3432 4157 3599 4215 terra,

2004 4256 2153 4313 spem
2202 4240 2344 4305 vitae,
2372 4238 2595 4302 lautitia),
2629 4236 3021 4293 hilaritudinis.
3068 4237 3136 4292 Et
3172 4247 3330 4309 typus
3376 4240 3596 4310 quidem

2007 4334 2129 4388 vitae
2163 4332 2492 4387 frumentum
2532 4340 2654 4396 est;
2700 4329 2884 4385 viuum
2925 4341 3103 4386 autem
3156 4330 3372 4399 laetitiae,
3419 4331 3596 4388 oleum

2006 4425 2320 4488 hilaritatis,
2357 4432 2413 4478 et
2451 4422 2608 4478 bona;
2640 4423 2994 4489 habitudinis.
3047 4422 3156 4495 56
3187 4422 3330 4478 Inest
3367 4425 3509 4479 enim
3543 4425 3600 4480 in

271 4532 335 4583 ὲλ
351 4533 441 4593 πὶς
475 4527 691 4599 ἀγαθὴ,
726 4525 918 4598 βεϐαία
945 4541 1005 4578 τε
1036 4524 1132 4583 καὶ
1184 4522 1579 4598 ἐρηρεισμένη.
1616 4521 1729 4575 Καὶ
1765 4522 1894 4573 ἀπο·

2005 4520 2092 4574 his
2135 4518 2227 4588 qui
2264 4516 2615 4573 crediderunt
2660 4516 2824 4583 bona,
2854 4524 2909 4569 et
2941 4527 3223 4582 constans,
3274 4525 3329 4572 et
3378 4517 3593 4572 firmata

273 4624 452 4693 φοιτᾷ
503 4620 607 4690 μέν
641 4636 728 4681 τις
774 4618 877 4689 τῆς
917 4617 1293 4689 φαυλότητος,
1351 4614 1564 4685 ἐφίεται
1604 4613 1661 4665 δὲ
1698 4612 1903 4675 παντὸς

272 4713 524 4785 ἀγαθοῦ,
562 4712 661 4766 καὶ
699 4714 813 4775 τοῖς
858 4710 953 4764 τοῦ
1003 4711 1257 4781 Σωτῆρος
1297 4707 1481 4776 ζυγοῖς
1516 4705 1781 4776 ὑποφέρει
1811 4703 1903 4757 τὸν

273 4808 518 4879 αὐχένα,
551 4804 719 4875 καλῇ,
748 4804 845 4856 καὶ
877 4800 1262 4873 ἀναμφιϐόλῳ,
1307 4800 1403 4854 καὶ
1432 4797 1625 4871 ἀληθεῖ
1663 4796 1727 4867 δὴ
1768 4795 1905 4850 πάν-

274 4919 394 4962 τως
424 4897 617 4952 ἐλπίδι
647 4895 989 4967 τρεφόμενος
1048 4895 1258 4966 τῆςιείς
1286 4894 1348 4947 τὸ
1374 4891 1567 4964 μέλλον
1604 4890 1772 4960 ζωῆς,
1808 4886 1904 4942 καὶ

275 4992 375 5044 ἵνα
404 4993 526 5053 τοῖς
548 4988 735 5050 ἄλλοις
763 4986 943 5055 ἁγίοις
980 4984 1187 5057 ἀναμὶξ
1224 4984 1614 5056 εὐφραίνηται,
1664 4980 1758 5037 καὶ
1791 4978 1904 5034 ίλα-

277 5083 553 5154 ρωτάτην
597 5080 698 5151 ἔχῃ
732 5080 832 5151 τὴν
881 5078 1133 5146 καρδίαν.
1170 5079 1318 5149 Ἔφη
1349 5078 1457 5148 γάρ
1484 5094 1587 5135 που
1637 5073 1768 5145 περὶ
1797 5071 1906 5125 τῶν

278 5173 465 5241 ἁγίων
514 5171 543 5223 ὁ
576 5171 874 5244 προφήτης
921 5170 1175 5235 Ἡσαΐας,
1231 5169 1315 5221 ὃτι
1361 5186 1379 5218 ι
1415 5164 1736 5239 Εὐφροσύνη
1772 5162 1906 5223 αἰώ-

274 5283 399 5328 νιος
428 5264 580 5334 ὑπὲρ
630 5263 882 5335 κεφαλῆς
917 5263 1117 5315 αὐτῶν.
1170 5261 1408 5323 Αίνεσις,
1440 5258 1536 5312 καὶ
1564 5254 1902 5324 ἀγαλλίαμα,

277 5359 385 5411 καὶ
409 5354 739 5429 εὐφροσύνη
780 5354 1162 5425 καταλήψεται
1187 5350 1405 5413 αὐτούς.
1455 5348 1692 5418 Ἀπέδρα
1721 5344 1903 5416 ὀδύνη,

278 5456 386 5507 καὶ
419 5451 601 5519 λύπη,
630 5450 727 5503 καὶ
783 5449 1111 5519 στεναγμός.
1150 5465 1167 5498 ι
1204 5444 1415 5499 Οὐκοῦν
1457 5440 1630 5494 ἐλπίδι
1660 5439 1807 5508 ζωῆς
1844 5454 1905 5491 τε

279 5547 386 5601 καὶ
412 5544 765 5615 ἱλαρότητος,
783 5542 885 5597 καὶ
905 5543 1089 5613 μέντοι
1113 5540 1207 5599 καὶ
1237 5534 1601 5609 εὐφροσύνης,
1630 5535 1749 5597 ταῖς
1768 5531 1907 5585 ἂνω-

282 5640 383 5697 Θεν
418 5636 873 5709 παρακλήσεσιν,
902 5636 1024 5705 ἦτοι
1057 5634 1173 5696 τοῖς
1203 5632 1415 5702 νοητοῖς
1454 5629 1631 5691 ὑετοῖς
1660 5624 1906 5683 ὑπακού-

369 5794 503 5833 "J'
534 5790 747 5846 Jerem.
780 5805 897 5858 xtv,
931 5789 1025 5843 τε.
1105 5787 1150 5819 ⁸⁸
1192 5785 1296 5841 Isa.
1328 5799 1381 5851 v,
1423 5784 1475 5837 l.
1553 5782 1601 5814 "
1636 5778 1767 5837 ibid.
1796 5779 1848 5833 6ο

2007 4622 2152 4679 spes.
2186 4607 2247 4663 Et
2285 4607 2491 4661 recedit
2528 4605 2651 4675 quis
2689 4604 2756 4659 ah
2786 4604 3175 4673 improbitate;
3206 4615 3398 4661 contra
3442 4623 3605 4666 omne

2007 4703 2210 4759 bonum
2264 4698 2489 4768 appetit,
2527 4706 2582 4751 et
2619 4696 2917 4752 Salvatoris
2963 4696 3094 4767 jugo
3145 4698 3416 4759 cervicem
3466 4700 3601 4755 sub~

2011 4791 2198 4857 mittit,
2230 4789 2391 4853 bona,
2424 4799 2481 4845 et
2508 4789 2733 4844 minime
2779 4789 2962 4854 dubia,
3006 4798 3061 4845 et
3088 4804 3215 4849 vera
3259 4790 3482 4846 omnino
3510 4807 3606 4862 spe

2010 4887 2139 4941 vitae
2172 4884 2366 4939 futurte
2446 4891 2784 4939 sustentatus
2806 4923 2822 4946 ,
2852 4891 2912 4938 ut
2947 4899 3053 4943 una
3086 4899 3208 4942 cum
3253 4888 3456 4945 sanctis
3485 4886 3607 4943 aliis

2011 4977 2249 5042 lzetetur,
2328 4984 2384 5030 et
2446 4990 2541 5030 cor
2608 4975 2806 5035 habeat
2849 4990 3011 5045 quam
3070 4977 3603 5036 hilarissimum.Ait

2001 5068 2147 5125 enim
2180 5065 2381 5121 alicubi
2420 5065 2489 5120 de
2510 5064 2716 5120 sanctis
2765 5066 3028 5135 propheta
3059 5064 3225 5121 Isaias
3259 5086 3271 5122 :
3314 5085 3332 5118 ι
3390 5067 3603 5122 Laetitia

1999 5160 2326 5230 sempiterna
2345 5171 2512 5228 super
2543 5157 2719 5226 capita
2755 5170 2966 5212 eorum.
2994 5156 3161 5222 Laus,
3194 5168 3249 5212 et
3290 5159 3601 5224 exsultatio,

2013 5263 2068 5310 et
2110 5252 2364 5323 gaudium
2395 5250 2821 5321 comprehendet
2852 5265 2965 5306 eos.
3005 5250 3163 5322 Fugit
3206 5251 3381 5315 dolor,
3419 5260 3473 5306 et
3508 5252 3606 5305 tri-

2015 5347 2186 5410 stitia,
2231 5354 2288 5400 et
2321 5343 2576 5415 gemitus.
2618 5361 2638 5396 ›
2673 5343 2861 5415 Itaque
2894 5359 2992 5413 spe
3022 5345 3166 5409 vitze,
3206 5353 3261 5398 et
3288 5343 3603 5408 hilaritatis,

2017 5448 2179 5509 atque
2220 5438 2384 5492 etiam
2415 5436 2596 5492 laetitia
2639 5451 2903 5506 supernas
2935 5436 3296 5501 hortationes,
3329 5436 3443 5492 sive
3485 5437 3607 5506 pln-

2016 5530 2156 5597 vias,
2192 5544 2312 5599 quae
2341 5528 2524 5585 animo
2545 5537 2865 5594 cernuntur,
2884 5530 3115 5585 omnino‘
3152 5528 3405 5584 exaudiet
3435 5539 3606 5591 terra,

2018 5623 2072 5679 id
2098 5631 2204 5688 est,
2253 5621 2503 5677 homines
2535 5629 2739 5675 terram
2774 5620 3100 5678 habitantes.
3140 5619 3282 5683 Fore
3316 5628 3496 5681 autem
3552 5620 3607 5673 in

1965 5779 2012 5812 "
2057 5777 2222 5835 Ilebr.
2249 5794 2289 5845 ι,
2324 5776 2414 5847 14,
2490 5775 2536 5808 δ’
2565 5790 2682 5832 θος.
2725 5790 2764 5844 ι,
2801 5777 2855 5831 5.
2934 5777 2979 5809 ⁸ο
3008 5775 3108 5835 lsa.
3141 5792 3303 5842 xxxv,
3337 5776 3423 5830 10.
