4094 6468
667 379 739 439 99

1665 377 1724 433 S.
1767 373 2042 432 CYRILLI
2083 375 2554 436 ALEXANDRINI
2598 381 2918 438 ARCHIEP.

3837 391 3937 447 £00

666 496 893 564 gloriam
951 493 1151 549 Christi
1199 491 1433 548 fructum
1479 495 1602 550 vitze
1659 509 2008 550 sanetorum:
2047 515 2066 550 ι
2107 513 2220 551 unu:

2322 549 2329 572 δ
2362 516 2510 554 σεται
2540 501 2757 565 πάντως
2792 505 2826 573 ἡ
2860 502 2958 572 γῆ,
2989 502 3285 568 τουτέστιν,
3324 505 3373 558 οἱ
3403 504 3502 577 τὴν
3534 506 3638 577 γῆν
3666 507 3936 572 οἰκοῦντες

665 588 807 641 enim
847 601 943 654 pro
972 585 1128 640 nobis
1175 595 1421 641 mortuus
1461 596 1565 653 est,
1595 595 1651 640 nt
1708 588 1953 642 viventes
1987 588 2101 658 jam
2145 604 2251 644 non

663 680 764 735 sibi
811 680 1028 742 vivant,
1061 680 1155 733 sed
1191 678 1262 744 ei,
1297 679 1388 746 qui
1429 693 1528 748 pro
1562 679 1694 748 ipsis
1723 689 1974 733 mortuus
2024 688 2130 744 est,
2197 689 2253 735 et

662 771 965 824 resurrexit
987 770 1087 837 “,s
1117 770 1499 826 ostenditcum
1532 771 1747 826 subdit:
1782 789 1801 823 ι
1832 769 1898 826 Ει
1927 771 2040 840 ipsa
2079 787 2250 827 exau-

660 860 809 913 dient
844 858 1074 914 .Iezrael.
1113 879 1131 912 ι
1163 860 1266 930 Ipsi
1294 860 1465 926 enim,
1522 870 1581 915 ut
1627 862 1762 925 dixi,
1820 863 2056 915 fructum
2104 862 2246 919 fere-

661 966 803 1017 mus,
841 951 942 1021 ipsi
983 951 1149 1006 vitam
1189 959 1428 1007 nostram
1460 951 1744 1007 debentes.
1779 951 1989 1007 Dictum
2015 963 2100 1007 est
2123 969 2249 1024 por-

661 1058 724 1096 ro
772 1045 986 1113 smpius,
1019 1039 1230 1096 Jezrael
1281 1058 1478 1098 sonare
1506 1061 1525 1094 ι
1568 1057 1757 1098 semen
1787 1041 1881 1095 Dei
1914 1061 1960 1107 ,ι
1997 1043 2100 1097 hoc
2135 1053 2243 1112 est,

658 1133 846 1198 Filius,
885 1149 950 1188 ex
1007 1134 1114 1189 Deo
1144 1133 1307 1188 Patre
1344 1132 1642 1188 secundum
1685 1141 1936 1186 naturam
1987 1143 2043 1186 et
2089 1134 2244 1188 inex-

657 1229 890 1300 plicabili
929 1229 1088 1284 modo
1135 1229 1369 1297 genitus,
1419 1227 1667 1297 quamvis
1699 1225 1776 1282 rei
1810 1234 2112 1296 corporatze
2148 1241 2243 1282 vo-

655 1323 848 1380 cabulo
884 1321 1170 1378 aﬂieiatur.

724 1499 889 1554 Vens.
927 1498 1017 1562 25,
1044 1496 1137 1551 ει.
1167 1495 1234 1550 Et
1273 1494 1546 1552 seminabo
1597 1511 1712 1550 eam
1748 1495 1877 1548 mihi
1929 1494 2030 1565 ipsi
2085 1510 2242 1564 super

651 1597 867 1652 terram,
900 1596 947 1642 et
978 1585 1279 1651 miserebor,
1335 1585 1488 1656 cujus
1531 1601 1634 1639 non
1687 1599 1804 1639 sum
1855 1585 2136 1644 misertus.
2188 1593 2236 1639 et

649 1681 824 1734 dicam
885 1697 987 1735 non
1028 1679 1218 1748 papula
1267 1695 1377 1733 meo
1428 1694 1448 1733 :
1484 1677 1717 1746 Papulas
1767 1693 1913 1732 meus
1959 1694 2013 1732 es
2053 1690 2153 1743 tu;
2186 1686 2235 1730 et

648 1776 756 1844 ipse
785 1775 956 1828 dicet:
989 1772 1251 1828 Dominus
1285 1771 1427 1826 Deus
1467 1788 1613 1826 meus
1642 1787 1695 1826 es
1727 1783 1804 1828 tu.

2356 589 2655 662 ἄνθρωποι.
2699 591 2822 646 Ὅτι
2855 593 2912 646 δὲ
2949 593 3028 656 εἰς
3057 593 3214 658 δόξαν
3239 594 3392 649 ἔσται
3438 597 3674 668 Χριστοῦ
3703 599 3804 667 τῆς
3828 599 3935 652 τῶν

2357 683 2529 750 ἁγίων
2559 684 2704 756 ζωῆς
2725 685 2754 736 ό
2783 685 2994 756 καρπὸς
3013 683 3059 755 (ι
3082 680 3178 744 Εἷς
3193 686 3303 757 γάρ
3327 688 3468 760 ὑπὲρ
3489 690 3707 743 πάντων
3732 691 3934 745 ἀπέθα-

2354 791 2461 838 νεν,
2495 775 2583 829 ἴνα
2631 779 2679 829 οἱ
2723 778 2924 842 ζῶντες
2959 779 3157 850 μηκέτι
3202 780 3415 842 ἑαυτοῖς
3449 779 3614 844 ζῶσιν
3639 821 3655 848 ,
3684 780 3818 834 ἀλλά
3857 783 3935 852 τῷ

2352 865 2492 937 ὑπὲρ
2516 867 2696 921 αὐτῶν
2725 869 3050 924 ἀποθανόντι
3075 871 3170 924 καὶ
3198 870 3477 942 ἐγερθέντι
3512 871 3584 942 ι),
3603 872 3936 942 διαμεμήνυ-

2349 973 2444 1010 κεν
2474 956 2643 1012 είπών
2665 975 2679 989 ·
2719 977 2738 1010 ι
2773 960 2884 1013 Καὶ
2921 961 3061 1014 αὐτά
3105 963 3467 1016 ἐπακούσεται
3493 962 3570 1033 τῷ
3615 963 3871 1034 Ἰεζραέλ.
3909 984 3928 1018 ι

2347 1047 2506 1117 Αὐτῷ
2527 1050 2655 1121 γὰρ,
2682 1050 2758 1115 ὡς
2790 1051 2948 1125 ἔφην,
2973 1055 3487 1127 καρποφορήσομεν,
3511 1053 3660 1124 αὐτῷ
3682 1055 3780 1127 τὴν
3801 1054 3934 1108 ίδίαν

2349 1139 2732 1208 ἐποφείλοντες
2780 1141 2943 1214 ζωήν.
2997 1146 3225 1218 Εἴρηται
3270 1145 3326 1200 δὲ
3357 1146 3696 1210 πλειστάκις,
3731 1147 3815 1200 ὅτι
3852 1147 3932 1214 τὸ,

2358 1229 2599 1300 Ἰεζραὲλ
2632 1234 2997 1305 ἑρμηνεύεται
3030 1256 3047 1289 ι
3088 1237 3266 1307 σπορά
3291 1237 3448 1302 Θεοῦ,
3481 1255 3500 1289 ι
3528 1238 3623 1292 καὶ
3637 1236 3793 1290 τοῦτό
3819 1239 3934 1290 ἐστι

2342 1319 2422 1385 τὸ,
2455 1321 2611 1389 Υἱὸς,
2639 1324 2714 1388 ὼς
2749 1328 2813 1379 ἐκ
2846 1327 2982 1380 Θεοῦ
3015 1328 3229 1400 Πατρὺς
3258 1328 3400 1383 κατὰ
3445 1328 3608 1398 φύσιν
3635 1330 3728 1382 καὶ
3761 1330 3934 1400 ἀπορ-

2343 1412 2522 1483 ρήτως
2532 1417 3016 1486 γεγενημένος,κα“ι
3032 1420 3080 1472 εἰ
3097 1420 3313 1473 καλοῖτο
3330 1421 3562 1490 πρᾶγμα
3581 1420 3931 1490 σωματικῶς.

2409 1503 2521 1557 Καὶ
2573 1505 2778 1575 σπερῶ
2815 1509 3014 1578 αὐτὴν
3062 1509 3298 1580 ἐμαυτῷ
3347 1511 3447 1564 ἐπὶ
3478 1511 3591 1579 τῆς
3641 1510 3776 1581 γῆς,
3835 1511 3930 1566 καὶ

2337 1591 2572 1663 ἐλεήσω
2616 1596 2733 1666 τὴν
2765 1601 2878 1654 οὐκ
2908 1602 3280 1672 ὴλεημένηιν,
3312 1603 3411 1657 καὶ
3442 1602 3556 1672 ἐρῶ
3579 1604 3661 1670 τῷ
3700 1605 3772 1658 οὐ
3803 1603 3933 1668 ,λαῷ

2331 1700 2451 1751 μου
2476 1723 2490 1749 ,
2546 1688 2704 1754 Λαός
2724 1707 2849 1757 μου
2877 1687 2938 1746 εἷ
2979 1691 3086 1761 σὺ,
3111 1695 3210 1748 καὶ
3243 1693 3430 1760 αὐτὸς
3477 1694 3618 1764 ἐρεῖ,
3653 1697 3878 1766 Κύριος
3897 1689 3933 1750 ὃ

2338 1777 2482 1843 Θεός
2501 1796 2623 1847 μου
2644 1777 2705 1835 εἷ
2731 1783 2835 1837 σύ.

719 1864 914 1921 XXXI.
951 1865 1184 1920 Rursum
1226 1879 1387 1919 voces
1421 1881 1438 1916 ι
1472 1863 1604 1918 mihi
1643 1865 1744 1932 ipsi
1778 1881 1797 1916 ι
1843 1862 2092 1918 bifariam
2147 1863 2220 1918 in-

2427 1869 2554 1925 AA'.
2587 1871 2662 1924 Τὸ
2695 1891 2713 1924 ι
2754 1874 2978 1947 ἐμαυτῷ
3027 1894 3046 1927 ι
3099 1877 3164 1948 δὴ
3219 1878 3380 1934 πάλιν
3435 1880 3690 1950 συνήσεις
3733 1879 3920 1950 διχῶς.

649 1953 883 2024 lelliges.
923 1952 1163 2008 Reddam
1204 1954 1374 2018 enim,
1408 1952 1602 2022 inquit,
1650 1953 1788 2008 bene
1822 1951 2124 2019 florentem,
2181 1964 2236 2008 et

645 2045 988 2101 fructiferam
1051 2041 1362 2098 Iudaeorum
1423 2041 1762 2114 Synagogam
1823 2042 2090 2114 profecto,
2127 2057 2233 2097 non

651 2139 886 2209 amplius
933 2138 1103 2193 invite
1137 2145 1415 2208 parentem
1443 2136 1646 2208 legibus
1680 2136 1833 2200 meis,
1863 2150 2036 2205 neque
2065 2136 2234 2206 perti-

643 2235 859 2285 naclter
895 2231 1036 2300 typis
1063 2227 1278 2283 affixam
1323 2238 1379 2283 et
1401 2227 1766 2296 .inhaarentem
1788 2243 1802 2294 ;
1827 2227 1920 2284 sed
1953 2227 2095 2297 quod
2122 2242 2236 2282 ma-

641 2323 790 2377 xime
826 2322 1001 2376 visum
1037 2319 1202 2376 fuerit
1237 2320 1346 2375 Deo
1395 2328 1630 2389 gratum,
1657 2327 1713 2374 et
1744 2319 1885 2389 quod
1934 2319 2007 2374 illi
2039 2334 2235 2389 oppor-

645 2423 834 2468 tunum
866 2411 1285 2478 exiStimaverit,
1320 2413 1370 2466 id
1421 2423 1664 2480 paratam
1714 2411 1816 2466 rite
1845 2412 2096 2482 exsequi.
2134 2421 2236 2466 tta-

643 2519 748 2575 que
784 2505 914 2558 mihi
947 2505 1048 2575 ipsi
1093 2503 1404 2559 seminabo:
1433 2518 1612 2558 meum
1645 2503 1844 2572 quippe
1882 2516 2068 2559 semen
2120 2520 2235 2559 sus-

641 2597 825 2666 cipiet,
864 2606 922 2652 ut
957 2597 1266 2665 evangelica
1339 2595 1584 2659 oracula,
1631 2611 1736 2650 non
1772 2595 1883 2665 jam
1926 2597 2096 2667 legem
2136 2612 2235 2668 per

638 2685 860 2757 Moysen
903 2687 1327 2756 promulgatam,
1358 2684 1500 2738 sicut
1538 2685 1592 2738 in
1640 2684 1930 2754 principio,
1969 2685 2234 2755 intelliga-

637 2793 778 2833 mus.
841 2777 984 2834 Olim
1045 2777 1192 2832 enim
1249 2776 1390 2846 typis
1422 2783 1479 2830 et
1549 2775 1738 2845 ﬁguris
1772 2774 2074 2832 colebatur.
2124 2778 2233 2838 Aut

636 2878 786 2926 certe
815 2887 833 2920 ι
871 2867 1001 2922 mihi
1037 2867 1162 2936 ipsi,
1198 2885 1217 2919 ι
1273 2865 1379 2920 alio
1433 2881 1596 2922 sensu
1650 2867 2095 2938 interpretabere.
2130 2869 2233 2924 Per

636 2978 746 3028 me,
777 2961 970 3030 inquit,
1004 2961 1172 3030 ipsam
1231 2958 1454 3026 curabo,
1487 2971 1582 3014 seu
1633 2958 1700 3013 ad
1745 2959 1863 3030 ejus
1908 2975 2095 3016 curam
2149 2961 2232 3017 in-

637 3053 916 3118 cumbam,
949 3061 1005 3107 et
1035 3050 1187 3120 quasi
1215 3057 1419 3106 terram
1451 3051 1739 3119 quamdam
1789 3053 2062 3124 pinguem,
2111 3067 2232 3106 ara-

2350 1959 2638 2029 Ἀποφανῶ
2658 1962 2789 2036 γάρ,
2818 1966 3002 2037 φησὶν,
3032 1962 3142 2021 οἷόν
3166 1985 3282 2034 πως
3301 1969 3505 2042 εὐθαλῆ
3524 1987 3584 2023 τε
3601 1971 3694 2024 καὶ¹
3719 1970 3928 2041 ἔγκαρο

2337 2066 2459 2115 πον,
2477 2051 2634 2120 δῆλον
2653 2053 2710 2106 δέ
2731 2055 2812 2108 ὅτι
2833 2055 2930 2128 τὴν
2951 2057 3060 2111 τῶν
3093 2058 3357 2113 Ἰουδαίων
3375 2059 3722 2129 συναγωγὴν,
3741 2060 3926 2113 οὐκέτι

2336 2147 2426 2194 τὸν
2448 2142 2747 2214 ἀϐούλητον
2786 2147 2910 2218 ἐμοὶ
2945 2147 3400 2220 διαπεραίνουσαν
3421 2152 3605 2222 νόμον,
3644 2149 3770 2204 οὔτε
3824 2151 3926 2222 μὴν

2337 2233 2720 2302 προσερεῖσθαι
2737 2236 2851 2298 τοῖς
2877 2234 3089 2301 τύποις,
3114 2237 3284 2308 ἀπρὶξ
3318 2237 3655 2309 ᾑρημένουςο
3679 2236 3821 2291 ἀλλά
3843 2237 3922 2301 τὸ,

2335 2320 2416 2374 ὅτι
2452 2322 2692 2392 μάλιστα
2745 2324 2822 2396 τῷ
2853 2325 2974 2398 Θεῷ
3011 2328 3164 2398 φίλον
3201 2346 3262 2382 τε
3291 2329 3503 2395 δοκοῦν,
3535 2328 3630 2383 καὶ
3678 2324 3739 2384 εὖ
3782 2329 3924 2400 ἔχειν

2336 2414 2762 2487 ὑπειλημμένον,
2794 2420 3096 2492 κατορθοῦν
3136 2422 3419 2494 ἑλομένην.
3461 2423 3669 2476 Οὐκοῦν
3700 2421 3924 2493 ἐμαυτῷ

2336 2508 2667 2580 κατασπερῶ
2683 2526 2697 2541 ·
2720 2510 2811 2564 τὸν
2831 2511 2940 2581 γάρ
2964 2513 3096 2584 ἐμὸν
3118 2513 3412 2580 είσδέξεται
3438 2514 3658 2586 σπόρον,
3681 2515 3769 2567 ἴνα
3788 2514 3922 2567 νοῶ-

2341 2615 2439 2668 μεν
2466 2599 2533 2653 τά
2581 2601 2912 2670 εὐαγγελικά
2957 2603 3325 2676 θεσπίσματα,
3371 2609 3464 2660 καὶ
3496 2607 3682 2661 οὐκέτι
3709 2607 3807 2660 τὸν
3840 2607 3924 2660 διά

2337 2689 2603 2756 Μωσέως,
2628 2693 2772 2747 καθά
2794 2694 2889 2747 καὶ
2917 2697 2975 2749 ἐν
2998 2696 3215 2768 ἀρχαῖς.
3243 2696 3599 2771 Ἐγεωργεῖτο
3617 2699 3726 2771 γάρ
3753 2700 3921 2754 πάλαι

2332 2784 2446 2844 τοῖς
2473 2782 2685 2848 τύποις.
2735 2787 2944 2855 Ἤγουν
2974 2788 3036 2840 τὸ
3063 2806 3082 2840 ι
3123 2789 3346 2861 ἐμαυτῷ
3383 2810 3402 2843 ι
3431 2793 3537 2850 ,καὶ
3565 2792 3688 2845 καθ’
3735 2792 3922 2862 ἕτερον

2333 2873 2528 2948 ἐκδέξῃ
2567 2877 2784 2947 τρόπον.
2824 2877 3138 2950 Αύτουργὸς
3171 2880 3279 2953 γὰρ
3318 2881 3535 2952 ἔσομαι,
3586 2883 3748 2954 φησι,
3786 2883 3921 2954 πρὸς

2331 2966 2431 3036 τὴν
2454 2967 2542 3020 ἐπ’
2573 2968 2710 3040 αὐτῇ
2775 2970 3052 3041 φροντίδα,
3087 2972 3180 3026 καὶ
3212 2966 3322 3026 οἷόν
3357 2992 3478 3027 τινα
3529 2975 3630 3046 γῆν
3673 2975 3841 3030 πίονά
3862 2991 3918 3028 τι

2335 3056 2427 3109 καὶ
2451 3058 2729 3130 εύήροτον,
2754 3060 2815 3114 οὐ
2849 3061 2916 3115 δι’
2936 3063 3124 3134 ἐτέρου
3151 3064 3316 3130 τινὸς,
3340 3065 3455 3119 ἀλλ’
3483 3065 3718 3136 ἐμαυτοῦ
3749 3085 3919 3121 κατα-

638 3152 802 3212 tuque
827 3141 1059 3207 facilem,
1081 3156 1184 3196 non
1203 3156 1298 3212 per
1328 3141 1492 3196 alium
1514 3143 1846 3212 quempiam,
1865 3146 1960 3199 sed
1990 3159 2086 3215 per
2115 3160 2220 3199 me-

2337 3149 2842 3222 σπερῶ.·Λελάληκε
2862 3152 2972 3225 γὰρ
3007 3156 3138 3226 ἡμῖν
3165 3157 3338 3220 όΘεὸς
3361 3157 3454 3210 καὶ
3480 3158 3669 3229 Πατὴρ
3697 3161 3754 3212 ἐν
3781 3158 3916 3229 Υίῴ·

639 3235 922 3302 metipsum
947 3248 1252 3290 conseram.
1270 3231 1510 3289 Locutus
1535 3243 1811 3290 estautem
1836 3235 1993 3291 nobis
2021 3236 2158 3290 Deus
2173 3246 2220 3292 et

2331 3239 2508 3294 καίτοι
2553 3260 2570 3293 ι
2595 3243 2718 3306 Τοῖς
2762 3244 2930 3298 πάλαι
2968 3245 3211 3316 λαλήσας
3251 3247 3340 3301 διὰ
3393 3225 3688 3321 προφητιῦν
3741 3225 3917 3320 ἁγίων

637 3323 798 3379 Pater
847 3325 900 3378 in
950 3324 1122 3390 Filio,
1181 3325 1432 3394 quamvis
1498 3327 1772 3382 veteribus
1813 3343 1834 3377 ι
1872 3325 2222 3382 multifariam

636 3414 928 3484 multisque
981 3414 1157 3469 modis
1209 3428 1306 3485 per
1367 3415 1663 3486 prophetas
1729 3425 1948 3472 sanctos
2013 3417 2222 3474 loculus

634 3507 707 3561 sit
742 3507 841 3560 δ’.»
879 3507 982 3577 57
1036 3506 1322 3576 Segetibus
1373 3521 1536 3578 porro
1575 3507 1629 3561 in
1673 3521 1803 3576 agro
1831 3517 1888 3562 et
1929 3509 2042 3577 ipse
2100 3509 2220 3564 Sal-

633 3607 787 3653 vator
831 3599 1150 3654 immensam
1211 3599 1549 3653 credentium
1607 3599 2009 3654 multitudinem
2069 3617 2218 3657 com-

634 3691 863 3761 paravit,
911 3705 1033 3746 cum
1100 3689 1362 3760 apostolis
1407 3690 1485 3744 ait
1533 3707 1547 3743 :
1588 3709 1606 3741 ι
1659 3689 1851 3747 Nonne
1902 3708 1996 3748 ves
2041 3694 2218 3749 dicitis

632 3785 775 3853 quod
799 3785 976 3838 adhuc
1010 3790 1242 3853 quatuor
1294 3796 1508 3837 menses
1535 3793 1679 3848 sunl,
1714 3794 1770 3838 et
1813 3786 2000 3842 meSsis
2037 3787 2217 3842 venit?

638 3875 778 3930 Ecce
819 3873 943 3929 dico
981 3873 1170 3929 vobis:
1198 3873 1400 3928 Levate
1447 3875 1632 3929 oculos
1695 3885 1926 3941 vestros,
1953 3886 2006 3932 et
2039 3878 2216 3933 videte

634 3953 902 4033 regiones,
933 3965 1186 4033 quoniam
1244 3963 1378 4017 alba:
1416 3973 1544 4018 sunt
1577 3963 1688 4032 jam
1749 3966 1816 4020 ad
1863 3979 2115 4021 messem.
2149 3967 2216 4022 Et

631 4055 726 4123 qui
763 4053 938 4120 metit,
972 4053 1276 4108 mercedem
1313 4053 1531 4123 accipit,
1563 4064 1618 4110 et
1660 4065 1954 4126 congregat
1977 4054 2211 4110 frnctmn

627 4146 683 4200 in
722 4145 888 4200 vitam
946 4154 1204 4199 aeternam
1247 4144 1348 4198 ⁸⁸.»
1383 4144 1450 4198 Et
1509 4145 1704 4201 iterum
1769 4145 1928 4200 alibi:
1965 4165 1982 4198 ι
2023 4145 2212 4202 Messis

627 4237 843 4304 quidem
879 4235 1076 4300 multa,
1111 4235 1348 4304 operarii
1376 4245 1556 4290 autem
1591 4236 1770 4305 pauci.
1800 4235 2004 4306 Rogate
2047 4237 2211 4308 igitur

625 4326 920 4382 Dominum
955 4328 1172 4394 messis,
1203 4336 1263 4381 ut
1296 4328 1509 4381 emittat
1542 4328 1820 4396 operarios
1869 4329 1922 4382 in
1975 4345 2206 4385 messem

625 4433 783 4471 suam
809 4415 880 4471 ⁵⁵.
906 4435 925 4469 ι
959 4415 1148 4486 itaque
1171 4415 1408 4472 demissa
1456 4417 1610 4472 nobis
1636 4432 1665 4470 a
1692 4417 1972 4474 Salvatore
2003 4419 2202 4488 pluvia,

622 4523 742 4578 quae
794 4508 1145 4579 intelligentia
1213 4509 1547 4580 percipitur,
1606 4508 1730 4564 facti
1785 4525 2012 4567 sumus«
2055 4523 2199 4568 terra

623 4599 946 4667 voluntaria,
985 4617 1003 4652 ι
1040 4609 1098 4654 ut
1128 4600 1388 4670 propheta
1438 4598 1693 4668 loquitur.
1741 4599 1998 4656 Cunsevit
2053 4603 2198 4659 enim

623 4705 726 4744 nos
762 4689 863 4744 sibi
900 4691 1024 4759 ipsi,
1067 4699 1402 4758 vocatusque
1451 4687 1619 4744 Israel
1673 4690 2002 4760 agricultura
2081 4695 2198 4750 Dei.

622 4779 962 4834 Miserebitur
1017 4779 1184 4846 enim,
1244 4780 1330 4834 cui
1397 4793 1502 4833 non
1565 4776 1742 4833 fuerat
1807 4781 2099 4837 misertus:
2144 4794 2200 4838 et

620 4869 712 4937 qui
746 4869 1037 4938 aliquando
1065 4866 1464 4936 Non‘popnlus,
1515 4869 1792 4924 vocabitur
1821 4867 2086 4940 Pupulus;
2139 4886 2194 4930 et

618 4965 736 5033 ipse
765 4974 959 5019 exutus
991 4978 1230 5019 errorem
1255 4963 1563 5033 pristinum,
1599 4965 1765 5019 Deum
1805 4979 1990 5021 verum
2027 4984 2193 5039 agno-

617 5063 754 5120 scet,
799 5062 856 5110 et
892 5055 1036 5108 dicet
1080 5067 1094 5105 :
1168 5071 1186 5105 ¢
1216 5054 1354 5110 Deus
1376 5069 1534 5110 meus
1557 5071 1616 5112 es
1648 5066 1724 5123 tu,
1752 5076 1771 5110 ι
1813 5061 2026 5116 tametsi
2060 5061 2188 5118 olim

615 5160 684 5200 ex
733 5146 1024 5201 immodica
1083 5149 1304 5200 vesania
1346 5145 1644 5204 clamavit:
1701 5167 1720 5202 ι
1778 5150 1889 5208 Nos
1939 5153 2186 5221 scitnus,

613 5237 740 5306 quia
771 5236 939 5307 Moysi
991 5238 1202 5292 locutus
1239 5249 1321 5292 est
1348 5239 1523 5306 Deus;
1561 5241 1706 5296 hunc
1761 5255 1942 5298 autem
2011 5248 2190 5301 nesci-

613 5345 735 5385 mus
764 5330 906 5385 unde
933 5329 1006 5384 sit
1031 5329 1135 5383 ⁸⁵.»
1155 5329 1514 5396 Quamobrem
1571 5341 1694 5389 eum
1737 5335 2048 5404 ignorarent
2095 5338 2188 5394 Fi-
2242 5345 2246 5350 ’

613 5420 764 5485 lium,
807 5432 907 5476 nec
935 5417 1150 5474 Patrem
1184 5432 1471 5477 noverant:
1509 5425 1650 5492 quod
1683 5425 1755 5479 ita
1801 5436 2030 5481 testatur
2059 5427 2181 5483 Sal-

613 5522 799 5564 vator:
839 5529 857 5561 ι
893 5510 950 5565 Si
997 5527 1082 5566 me
1123 5515 1354 5578 sciretis,
1381 5523 1434 5569 et
1461 5513 1678 5570 Patrem
1715 5532 1894 5571 meum
1956 5518 2182 5575 forsitan

610 5600 824 5657 sciretis
852 5602 952 5657 ⁸⁸.»
991 5602 1280 5676 Postquam
1309 5617 1488 5662 autem
1544 5608 1609 5663 ad
1645 5609 1973 5678 agnitionem
2021 5627 2184 5668 voca-

2327 3332 2650 3405 πολυμερῶς
2680 3353 2738 3388 τε
2769 3338 2862 3390 καὶ
2889 3338 3481 3412 πολυτρόπως.ιΛηῒοις
3504 3343 3561 3395 δέ
3583 3343 3916 3414 παρεικάζει

2321 3427 2434 3489 τοῖς
2455 3427 2512 3478 ἐν
2537 3427 2691 3499 ἀγρῷ
2731 3429 2826 3482 καὶ
2846 3431 3008 3496 αὐτὸς
3044 3434 3072 3486 ὀ
3103 3433 3294 3505 Σωτὴρ
3334 3435 3432 3506 τήν
3467 3435 3776 3507 ἀμέτρητον
3810 3437 3915 3491 τῶν

2321 3519 2766 3573 πεπιστευκότων
2819 3521 3049 3593 πληθύν.
3091 3525 3200 3580 Καὶ
3250 3525 3383 3594 γοῦν
3427 3526 3532 3599 ἐφη
3574 3531 3684 3592 τοῖς
3729 3529 3914 3600 ἁγίοις

2319 3607 2672 3675 ἀποστόλοις·
2712 3612 2856 3683 «Οὐχ
2882 3614 3041 3685 ὑμεῖς
3065 3615 3275 3685 λέγετε,
3293 3619 3729 3693 ὃτιτετράμηνός
3761 3625 3910 3692 ἐστι,

2319 3700 2468 3770 καὶό
2492 3699 2751 3772 θερισμὸς
2796 3703 3049 3775 ἔρχεται;
3108 3708 3218 3762 ἰδοὺ
3269 3708 3412 3778 λέγω
3457 3711 3605 3782 ύμῖν,
3658 3715 3910 3788 ἐπάρατε

2315 3790 2442 3853 τοὺς
2461 3791 2774 3862 ὀφθαλμοὺς
2798 3794 2974 3865 ὑμῶν,
3007 3798 3100 3850 καὶ
3125 3799 3395 3854 θεάσασθε
3413 3804 3513 3868 τάς
3540 3806 3746 3876 χώρας.
3786 3809 3906 3864 Ὀτι

2315 3879 2504 3972 λευκαί
2543 3885 2680 3938 εἰσιν
2722 3885 2821 3957 ἤδη
2857 3887 2994 3958 πρὸς
3034 3888 3323 3962 θερισμόν·
3362 3894 3458 3948 καὶ
3483 3898 3510 3950 ὁ
3534 3896 3769 3967 θερίζων
3811 3918 3902 3972 μι-

2316 3970 2440 4024 σθὸν
2462 3972 2728 4043 λαμϐάνει
2758 3993 2769 4003 ·
2791 3993 2809 4026 ι
2839 3975 2953 4040 καὶ,
2975 3997 2991 4028 ι
3011 3977 3281 4051 Θερισμὸς
3311 3983 3497 4049 πολὺς,
3515 3988 3564 4040 oi
3592 3986 3647 4040 δὲ
3670 3970 3902 4061 ἐργάται

2311 4061 2501 4130 ὀλίγοι.
2549 4064 2788 4138 Δεήθητε
2829 4064 2922 4122 οὖν
2971 4070 3067 4123 τοῦ
3113 4074 3317 4145 Κυρίου
3359 4075 3453 4129 τοῦ
3495 4077 3784 4150 θερισμοῦ,
3814 4083 3902 4138 ἴνα

2311 4151 2762 4226 ἐκϐάλῃέργάτας
2783 4159 2863 4221 εὶς
2880 4159 2970 4212 τὸν
2993 4160 3254 4234 θερισμὸν
3272 4165 3493 4220 αὑτοῦ.)
3520 4169 3732 4224 Οὐκοῦν
3761 4172 3899 4226 καθ-

2310 4241 2462 4306 έντος
2487 4246 2619 4315 ἡμῖν
2651 4245 2741 4300 τὸν
2763 4249 2952 4320 νοητὸν
2974 4251 3129 4304 ὑετὸν
3163 4252 3258 4305 τοῦ
3291 4254 3541 4326 Σωτῆρος
3586 4257 3768 4328 ήμῶν,
3804 4277 3898 4329 γε·

2307 4337 2546 4407 γόναμεν
2579 4339 2650 4410 γῆ
2682 4339 2900 4414 θελητὴ,
2933 4343 3072 4397 κατὰ
3103 4346 3202 4414 τὴν
3235 4345 3330 4399 τοῦ
3361 4351 3646 4419 προφήτου
3681 4355 3892 4423 φωνήν.

2311 4427 2571 4499 Ἐσπειρε
2602 4429 2712 4501 γάρ
2737 4432 2882 4502 ἡμᾶς
2913 4433 3112 4503 ἐαυτῷ,
3139 4439 3234 4489 καὶ
3261 4442 3637 4508 κεχρημάτικε
3659 4440 3720 4494 τὸ
3753 4442 3892 4498 Θεοῦ

2231 4556 2277 4612 D
2305 4518 2615 4590 γεώργιονό
2664 4523 2902 4594 Ἰσραήλ.
2941 4525 3184 4598 Ἐλεήσει
3237 4529 3345 4600 γάρ
3378 4530 3475 4602 τὴν
3504 4533 3606 4586 οὐκ
3645 4534 3892 4607 ⁴ἠλεημέ-

2303 4627 2422 4680 νην,
2453 4612 2545 4665 καὶ
2569 4614 2662 4668 τόν
2689 4632 2820 4668 ποτε
2855 4617 2916 4668 ού
2947 4617 3094 4685 λαὸν,
3125 4619 3380 4690 ὀνομάσει
3411 4622 3558 4678 λαόν.
3583 4627 3695 4680 Καὶ
3723 4630 3892 4694 αὐτὸς

2297 4699 2353 4754 δὲ
2387 4701 2486 4772 τῆς
2512 4704 2745 4774 ἀρχαίας
2774 4708 3100 4780 καταλήγων
3142 4711 3373 4785 πλάνης,
3406 4715 3499 4770 τὸν
3544 4718 3720 4791 ἀληθῆ
3754 4723 3890 4776 Θεὸν

2296 4791 2695 4861 ἐπιγνώσεται,
2722 4793 2814 4847 καὶ
2835 4796 2971 4869 ἐρεῖ,
2989 4816 3007 4850 ι
3032 4798 3164 4864 Θεός
3188 4819 3289 4872 μου
3308 4799 3361 4857 εἴ
3375 4805 3494 4868 σὺ.»
3515 4807 3694 4862 καίτοι
3712 4811 3888 4864 πάλαι

2304 4882 2443 4953 βοῶν
2483 4883 2542 4950 ἐξ
2582 4886 2890 4958 ἀμετρήτου
2929 4891 3592 4968 φρενοδλαϐείας,Ἦμεῖς
3635 4884 3883 4973 οἴδαμεν,

2297 4973 2378 5024 ὅτι
2399 4973 2591 5028 Μωσεί
2627 4975 2921 5047 λελάληκεν
2950 4981 2978 5032 ό
3006 4979 3140 5046 Θεός
3161 4997 3179 5014 ο
3213 4985 3404 5037 τοῦτον
3438 4987 3495 5039 δὲ
3528 4990 3628 5043 οὐκ
3654 4989 3886 5061 οἴδαμεν

2298 5065 2461 5118 πόθεν
2488 5064 2657 5120 ἐστίν.
2689 5068 2899 5122 Οὐκοῦν
2927 5072 3296 5144 ἀγνοήσαντες
3325 5077 3418 5130 τὸν
3444 5079 3592 5143 Υίὸν,
3626 5082 3745 5135 οὐδὲ
3780 5084 3877 5136 αύ·

2291 5155 2383 5208 τὸν
2411 5155 2610 5228 ᾔδεσαν
2635 5158 2725 5211 τὸν
2747 5161 2967 5232 Πατέρα
2985 5181 3000 5194 ο
3019 5166 3114 5218 καὶ
3140 5169 3479 5239 μαρτυρήσει
3511 5170 3685 5240 λέγων
3711 5175 3881 5238 αὑτὸς

2293 5249 2321 5299 ὁ
2351 5247 2566 5318 Σωτήρο
2614 5251 2676 5302 Ei
2722 5251 2822 5321 ἐμὲ
2857 5252 3056 5323 ᾔδειτε,
3108 5257 3203 5311 καὶ
3248 5257 3340 5313 τὸν
3382 5261 3605 5333 Πατέρα
3654 5282 3756 5334 μου
3809 5267 3879 5320 ἂν

2292 5338 2491 5410 ᾔδειτε.
2539 5339 2758 5413 Ἐπειδὴ
2783 5343 2840 5396 δὲ
2874 5345 3166 5417 κέκληνται
3213 5351 3350 5422 πρὸς
3395 5355 3725 5423 ἐπίγνωσιν,
3777 5359 3879 5412 καὶ

2290 5429 2676 5502 ὡμολογήκασι
2721 5434 2810 5487 τὸν
2852 5435 3000 5499 Υἱδν,
3051 5439 3338 5496 τεθέανται
3383 5443 3567 5498 λοιπὸν
3597 5446 3664 5499 δι’
3700 5447 3874 5502 αὐτοῦ

2291 5536 2350 5572 τε
2377 5521 2470 5573 καὶ
2499 5523 2557 5574 ἐν
2589 5522 2736 5592 αύτῷ
2774 5523 2866 5575 τὶν
2896 5525 3134 5596 Πατέρα.
3189 5530 3414 5601 Ἀληθές
3441 5533 3570 5602 γὰρ,
3614 5535 3876 5599 ὄτι,καθά

2290 5629 2453 5682 φησιν
2482 5613 2510 5666 ὁ
2555 5615 2826 5684 Ἰωάννης,
2859 5619 2886 5669 ὁ
2934 5619 3264 5691 ἀρνούμενος
3301 5624 3392 5679 τὸν
3433 5627 3586 5694 Υξὺν,
3627 5627 3744 5680 οὐδὲ
3775 5627 3880 5682 τὸν

675 5785 719 5819 ⁸⁸
749 5783 792 5840 ιι
821 5785 944 5844 Cor.
981 5805 1032 5856 v,
1068 5791 1155 5845 l5.
1230 5793 1275 5823 ⁸²
1297 5791 1454 5847 llebr.
1478 5808 1515 5846 ι.
1541 5792 1589 5845 Ι.
1668 5791 1712 5824 ⁸³
1739 5787 1894 5848 Joan.
1924 5793 2104 5861 l\’,55,
2137 5795 2220 5850 56.

2331 5797 2517 5854 Matth.
2558 5815 2627 5864 Ix,
2664 5801 2750 5852 ὅτ.
2833 5803 2873 5833 ⁵⁵
2905 5801 3056 5859 Joan.
3093 5822 3169 5873 ιχ,
3205 5807 3292 5862 50.
3369 5812 3414 5843 ⁸⁸
3443 5811 3596 5867 Joan.
3627 5828 3740 5876 νιιι,
3776 5813 3864 5869 l9.
