  <div class='ocr_page' id='page_1' title='image "/cluster/home/n/w/nwhite01/storage/ocr_20150623/71:no.4/coo.31924054869718/058.png"; bbox 0 0 4094 6458; ppageno 0'>
   <div class='ocr_carea' id='block_1_1' title="bbox 273 370 374 424">
    <p class='ocr_par' dir='ltr' id='par_1_1' title="bbox 273 370 374 424">
     <span class='ocr_line' id='line_1_1' title="bbox 273 370 374 424; baseline 0.03 -3"><span class='ocrx_word' id='word_1_1' title='bbox 273 370 374 424; x_wconf 71' lang='grc'><strong>101</strong></span> 
     </span>
    </p>
   </div>
   <div class='ocr_carea' id='block_1_2' title="bbox 1222 320 2657 430">
    <p class='ocr_par' dir='ltr' id='par_1_2' title="bbox 1222 320 2657 430">
     <span class='ocr_line' id='line_1_2' title="bbox 1222 320 2657 430; baseline 0.001 -3"><span class='ocrx_word' id='word_1_2' title='bbox 1222 320 1773 427; x_wconf 70' lang='grc' dir='ltr'><strong>(ΣόΜΜΕΝΤΑΙίΙΗΞ</strong></span> <span class='ocrx_word' id='word_1_3' title='bbox 1814 367 1879 424; x_wconf 83' lang='grc' dir='ltr'><strong>ΙΝ</strong></span> <span class='ocrx_word' id='word_1_4' title='bbox 1922 368 2157 425; x_wconf 79' lang='lat' dir='ltr'><strong>OSEAM</strong></span> <span class='ocrx_word' id='word_1_5' title='bbox 2201 370 2657 430; x_wconf 81' lang='lat' dir='ltr'><strong>PROPIIETAM.</strong></span> 
     </span>
    </p>
   </div>
   <div class='ocr_carea' id='block_1_3' title="bbox 3491 379 3598 433">
    <p class='ocr_par' dir='ltr' id='par_1_3' title="bbox 3491 379 3598 433">
     <span class='ocr_line' id='line_1_3' title="bbox 3491 379 3598 433; baseline 0 -1"><span class='ocrx_word' id='word_1_6' title='bbox 3491 379 3598 433; x_wconf 66' lang='grc'><strong>102</strong></span> 
     </span>
    </p>
   </div>
   <div class='ocr_carea' id='block_1_4' title="bbox 270 485 1884 561">
    <p class='ocr_par' dir='ltr' id='par_1_4' title="bbox 270 485 1884 558">
     <span class='ocr_line' id='line_1_4' title="bbox 270 485 1884 558; baseline -0.002 -15"><span class='ocrx_word' id='word_1_7' title='bbox 270 488 507 557; x_wconf 77' lang='grc' dir='ltr'><strong>Πατέρα</strong></span> <span class='ocrx_word' id='word_1_8' title='bbox 537 485 651 558; x_wconf 77' lang='grc' dir='ltr'>ἔχει</span> <span class='ocrx_word' id='word_1_9' title='bbox 674 505 687 520; x_wconf 79' lang='grc' dir='ltr'><strong><em>ο</em></strong></span> <span class='ocrx_word' id='word_1_10' title='bbox 723 488 752 540; x_wconf 85' lang='grc' dir='ltr'><strong>ό</strong></span> <span class='ocrx_word' id='word_1_11' title='bbox 783 486 840 539; x_wconf 84' lang='grc' dir='ltr'><strong>δέ</strong></span> <span class='ocrx_word' id='word_1_12' title='bbox 885 485 1168 558; x_wconf 79' lang='grc' dir='ltr'>ὁμολογῶν</span> <span class='ocrx_word' id='word_1_13' title='bbox 1199 486 1291 541; x_wconf 77' lang='grc' dir='ltr'><strong>τὸν</strong></span> <span class='ocrx_word' id='word_1_14' title='bbox 1318 486 1449 540; x_wconf 80' lang='grc' dir='ltr'>Υίὸν</span> <span class='ocrx_word' id='word_1_15' title='bbox 1475 527 1490 552; x_wconf 91' lang='grc'><strong>,</strong></span> <span class='ocrx_word' id='word_1_16' title='bbox 1524 486 1783 558; x_wconf 83' lang='grc' dir='ltr'>όμολογεῖ</span> <span class='ocrx_word' id='word_1_17' title='bbox 1810 488 1884 540; x_wconf 69' lang='grc' dir='ltr'><strong>κα¹</strong></span> 
     </span>
    </p>
   </div>
   <div class='ocr_carea' id='block_1_5' title="bbox 1992 485 3590 561">
    <p class='ocr_par' dir='ltr' id='par_1_5' title="bbox 2011 487 3590 561">
     <span class='ocr_line' id='line_1_5' title="bbox 2011 487 3590 561; baseline 0.006 -20"><span class='ocrx_word' id='word_1_18' title='bbox 2011 487 2071 551; x_wconf 83' lang='grc' dir='ltr'>ιί,</span> <span class='ocrx_word' id='word_1_19' title='bbox 2105 496 2155 543; x_wconf 87' lang='lat' dir='ltr'><strong>et</strong></span> <span class='ocrx_word' id='word_1_20' title='bbox 2191 488 2387 543; x_wconf 86' lang='lat' dir='ltr'><strong>Filium</strong></span> <span class='ocrx_word' id='word_1_21' title='bbox 2426 489 2660 545; x_wconf 84' lang='lat' dir='ltr'><strong>confessi</strong></span> <span class='ocrx_word' id='word_1_22' title='bbox 2695 499 2840 557; x_wconf 88' lang='lat' dir='ltr'><strong>sunt,</strong></span> <span class='ocrx_word' id='word_1_23' title='bbox 2871 489 3128 560; x_wconf 85' lang='lat' dir='ltr'><strong>deinceps</strong></span> <span class='ocrx_word' id='word_1_24' title='bbox 3183 505 3277 560; x_wconf 85' lang='lat' dir='ltr'><strong>per</strong></span> <span class='ocrx_word' id='word_1_25' title='bbox 3306 491 3505 561; x_wconf 86' lang='lat' dir='ltr'><strong>ipsum,</strong></span> <span class='ocrx_word' id='word_1_26' title='bbox 3534 507 3590 549; x_wconf 86' lang='lat' dir='ltr'><strong>et</strong></span> 
     </span>
    </p>
   </div>
   <div class='ocr_carea' id='block_1_6' title="bbox 262 578 646 650">
    <p class='ocr_par' dir='ltr' id='par_1_6' title="bbox 262 578 646 650">
     <span class='ocr_line' id='line_1_6' title="bbox 262 578 646 650; baseline 0.003 -18"><span class='ocrx_word' id='word_1_27' title='bbox 262 578 363 632; x_wconf 75' lang='grc' dir='ltr'><strong>τὸν</strong></span> <span class='ocrx_word' id='word_1_28' title='bbox 397 578 646 650; x_wconf 83' lang='grc' dir='ltr'>Πατέρα.</span> 
     </span>
    </p>
   </div>
   <div class='ocr_carea' id='block_1_7' title="bbox 2002 579 3601 652">
    <p class='ocr_par' dir='ltr' id='par_1_7' title="bbox 2002 579 3601 652">
     <span class='ocr_line' id='line_1_7' title="bbox 2002 579 3601 652; baseline 0.003 -19"><span class='ocrx_word' id='word_1_29' title='bbox 2002 579 2056 634; x_wconf 92' lang='lat' dir='ltr'><strong>in</strong></span> <span class='ocrx_word' id='word_1_30' title='bbox 2090 580 2209 648; x_wconf 90' lang='lat' dir='ltr'><strong>ipso</strong></span> <span class='ocrx_word' id='word_1_31' title='bbox 2275 581 2493 636; x_wconf 86' lang='lat' dir='ltr'><strong>Patrem</strong></span> <span class='ocrx_word' id='word_1_32' title='bbox 2556 582 2831 637; x_wconf 90' lang='lat' dir='ltr'><strong>viderunt.</strong></span> <span class='ocrx_word' id='word_1_33' title='bbox 2874 582 3071 637; x_wconf 82' lang='lat' dir='ltr'><strong>Verum</strong></span> <span class='ocrx_word' id='word_1_34' title='bbox 3116 592 3199 637; x_wconf 88' lang='lat' dir='ltr'><strong>est</strong></span> <span class='ocrx_word' id='word_1_35' title='bbox 3243 584 3411 646; x_wconf 90' lang='lat' dir='ltr'><strong>enim,</strong></span> <span class='ocrx_word' id='word_1_36' title='bbox 3443 585 3601 652; x_wconf 73' lang='lat' dir='ltr'><strong>juxta</strong></span> 
     </span>
    </p>
   </div>
   <div class='ocr_carea' id='block_1_8' title="bbox 261 668 3606 743">
    <p class='ocr_par' dir='ltr' id='par_1_8' title="bbox 261 668 3606 743">
     <span class='ocr_line' id='line_1_8' title="bbox 261 668 3606 743; baseline 0.003 -21"><span class='ocrx_word' id='word_1_37' title='bbox 261 669 585 737; x_wconf 81' lang='lat' dir='ltr'><strong>sapientem</strong></span> <span class='ocrx_word' id='word_1_38' title='bbox 625 668 1120 741; x_wconf 66' lang='lat' dir='ltr'><strong>loannemuQui</strong></span> <span class='ocrx_word' id='word_1_39' title='bbox 1155 681 1319 741; x_wconf 87' lang='lat' dir='ltr'><strong>negat</strong></span> <span class='ocrx_word' id='word_1_40' title='bbox 1348 668 1569 738; x_wconf 82' lang='lat' dir='ltr'><strong>Filium,</strong></span> <span class='ocrx_word' id='word_1_41' title='bbox 1622 684 1724 726; x_wconf 88' lang='lat' dir='ltr'><strong>nec</strong></span> <span class='ocrx_word' id='word_1_42' title='bbox 1783 668 2005 726; x_wconf 85' lang='lat' dir='ltr'><strong>Patrem</strong></span> <span class='ocrx_word' id='word_1_43' title='bbox 2075 672 2263 729; x_wconf 89' lang='lat' dir='ltr'><strong>habet.</strong></span> <span class='ocrx_word' id='word_1_44' title='bbox 2317 674 2418 741; x_wconf 88' lang='lat' dir='ltr'><strong>Qui</strong></span> <span class='ocrx_word' id='word_1_45' title='bbox 2482 684 2665 730; x_wconf 83' lang='lat' dir='ltr'><strong>autem</strong></span> <span class='ocrx_word' id='word_1_46' title='bbox 2730 676 3022 731; x_wconf 81' lang='lat' dir='ltr'><strong>conﬁtetur</strong></span> <span class='ocrx_word' id='word_1_47' title='bbox 3056 675 3273 743; x_wconf 85' lang='lat' dir='ltr'><strong>Filium,</strong></span> <span class='ocrx_word' id='word_1_48' title='bbox 3315 676 3606 733; x_wconf 82' lang='lat' dir='ltr'><strong>conﬁtetur</strong></span> 
     </span>
    </p>
   </div>
   <div class='ocr_carea' id='block_1_9' title="bbox 260 761 730 819">
    <p class='ocr_par' dir='ltr' id='par_1_9' title="bbox 260 761 730 819">
     <span class='ocr_line' id='line_1_9' title="bbox 260 761 730 819; baseline -0.013 0"><span class='ocrx_word' id='word_1_49' title='bbox 260 772 320 819; x_wconf 78' lang='lat' dir='ltr'><strong>et</strong></span> <span class='ocrx_word' id='word_1_50' title='bbox 352 762 586 817; x_wconf 88' lang='lat' dir='ltr'><strong>Patrem</strong></span> <span class='ocrx_word' id='word_1_51' title='bbox 624 761 694 814; x_wconf 84' lang='grc'>⁸⁷.</span> <span class='ocrx_word' id='word_1_52' title='bbox 710 779 730 813; x_wconf 68' lang='grc' dir='ltr'><strong><em>υ</em></strong></span> 
     </span>
    </p>
   </div>
   <div class='ocr_carea' id='block_1_10' title="bbox 892 874 1282 933">
    <p class='ocr_par' dir='ltr' id='par_1_10' title="bbox 892 874 1282 933">
     <span class='ocr_line' id='line_1_10' title="bbox 892 874 1282 933; baseline 0 -5"><span class='ocrx_word' id='word_1_53' title='bbox 892 874 1154 933; x_wconf 75' lang='grc' dir='ltr'><strong>ΚΕΦΔΛ.</strong></span> <span class='ocrx_word' id='word_1_54' title='bbox 1206 876 1282 929; x_wconf 85' lang='grc' dir='ltr'>Γ¹.</span> 
     </span>
    </p>
   </div>
   <div class='ocr_carea' id='block_1_11' title="bbox 331 1004 1893 1078">
    <p class='ocr_par' dir='ltr' id='par_1_11' title="bbox 331 1004 1893 1078">
     <span class='ocr_line' id='line_1_11' title="bbox 331 1004 1893 1078; baseline 0 -14"><span class='ocrx_word' id='word_1_55' title='bbox 331 1009 451 1064; x_wconf 84' lang='lat' dir='ltr'><strong>Kal</strong></span> <span class='ocrx_word' id='word_1_56' title='bbox 487 1004 628 1063; x_wconf 78' lang='grc' dir='ltr'>εἶπε</span> <span class='ocrx_word' id='word_1_57' title='bbox 662 1008 887 1076; x_wconf 81' lang='grc' dir='ltr'>Κύριος</span> <span class='ocrx_word' id='word_1_58' title='bbox 926 1009 1078 1077; x_wconf 80' lang='grc' dir='ltr'>πρός</span> <span class='ocrx_word' id='word_1_59' title='bbox 1112 1024 1222 1078; x_wconf 79' lang='grc' dir='ltr'>με’</span> <span class='ocrx_word' id='word_1_60' title='bbox 1261 1008 1395 1063; x_wconf 83' lang='grc' dir='ltr'><strong>Ἔτι</strong></span> <span class='ocrx_word' id='word_1_61' title='bbox 1416 1009 1760 1077; x_wconf 79' lang='grc' dir='ltr'>πορεύθήτι,</span> <span class='ocrx_word' id='word_1_62' title='bbox 1792 1008 1893 1064; x_wconf 76' lang='grc' dir='ltr'>καὶ</span> 
     </span>
    </p>
   </div>
   <div class='ocr_carea' id='block_1_12' title="bbox 256 1099 1894 1172">
    <p class='ocr_par' dir='ltr' id='par_1_12' title="bbox 256 1099 1894 1172">
     <span class='ocr_line' id='line_1_12' title="bbox 256 1099 1894 1172; baseline -0.001 -16"><span class='ocrx_word' id='word_1_63' title='bbox 256 1102 610 1171; x_wconf 71' lang='grc' dir='ltr'>ἀγάπησον</span> <span class='ocrx_word' id='word_1_64' title='bbox 646 1100 913 1171; x_wconf 73' lang='grc' dir='ltr'>γυναῖκα</span> <span class='ocrx_word' id='word_1_65' title='bbox 959 1099 1298 1170; x_wconf 80' lang='grc' dir='ltr'><strong>ἀγαπῶσαν</strong></span> <span class='ocrx_word' id='word_1_66' title='bbox 1341 1099 1599 1169; x_wconf 72' lang='grc' dir='ltr'>πονηρὰ,</span> <span class='ocrx_word' id='word_1_67' title='bbox 1633 1102 1733 1155; x_wconf 83' lang='grc' dir='ltr'>καὶ</span> <span class='ocrx_word' id='word_1_68' title='bbox 1762 1119 1894 1172; x_wconf 84' lang='grc' dir='ltr'>μοι·</span> 
     </span>
    </p>
   </div>
   <div class='ocr_carea' id='block_1_13' title="bbox 255 1192 1892 1265">
    <p class='ocr_par' dir='ltr' id='par_1_13' title="bbox 255 1192 1892 1265">
     <span class='ocr_line' id='line_1_13' title="bbox 255 1192 1892 1265; baseline 0 -16"><span class='ocrx_word' id='word_1_69' title='bbox 255 1197 475 1265; x_wconf 67' lang='grc' dir='ltr'>χαὶίν,</span> <span class='ocrx_word' id='word_1_70' title='bbox 506 1194 707 1262; x_wconf 81' lang='grc' dir='ltr'>καθὼς</span> <span class='ocrx_word' id='word_1_71' title='bbox 733 1192 942 1264; x_wconf 80' lang='grc' dir='ltr'><strong>ἀγαπᾷ</strong></span> <span class='ocrx_word' id='word_1_72' title='bbox 980 1197 1014 1249; x_wconf 86' lang='grc' dir='ltr'><em>ὁ</em></span> <span class='ocrx_word' id='word_1_73' title='bbox 1051 1195 1197 1260; x_wconf 86' lang='grc' dir='ltr'><strong>Θεὸς</strong></span> <span class='ocrx_word' id='word_1_74' title='bbox 1224 1194 1369 1261; x_wconf 84' lang='grc' dir='ltr'>τοὺς</span> <span class='ocrx_word' id='word_1_75' title='bbox 1402 1194 1576 1261; x_wconf 77' lang='grc' dir='ltr'>υἱοὺς</span> <span class='ocrx_word' id='word_1_76' title='bbox 1619 1194 1892 1263; x_wconf 75' lang='grc' dir='ltr'>Ἰσραὴλ,</span> 
     </span>
    </p>
   </div>
   <div class='ocr_carea' id='block_1_14' title="bbox 253 1286 1884 1357">
    <p class='ocr_par' dir='ltr' id='par_1_14' title="bbox 253 1286 1884 1357">
     <span class='ocr_line' id='line_1_14' title="bbox 253 1286 1884 1357; baseline 0 -16"><span class='ocrx_word' id='word_1_77' title='bbox 253 1290 358 1342; x_wconf 81' lang='grc' dir='ltr'>καὶ</span> <span class='ocrx_word' id='word_1_78' title='bbox 398 1289 578 1342; x_wconf 83' lang='grc' dir='ltr'>αὐτοί</span> <span class='ocrx_word' id='word_1_79' title='bbox 613 1287 1077 1342; x_wconf 77' lang='grc' dir='ltr'>ἀποϐλέπουσιν</span> <span class='ocrx_word' id='word_1_80' title='bbox 1120 1287 1219 1341; x_wconf 81' lang='grc' dir='ltr'><strong>ἐπὶ</strong></span> <span class='ocrx_word' id='word_1_81' title='bbox 1274 1286 1462 1352; x_wconf 84' lang='grc' dir='ltr'>Θεοὺς</span> <span class='ocrx_word' id='word_1_82' title='bbox 1499 1286 1884 1357; x_wconf 76' lang='grc' dir='ltr'>ἀλλοτρίους,</span> 
     </span>
    </p>
   </div>
   <div class='ocr_carea' id='block_1_15' title="bbox 254 1380 1490 1451">
    <p class='ocr_par' dir='ltr' id='par_1_15' title="bbox 254 1380 1490 1451">
     <span class='ocr_line' id='line_1_15' title="bbox 254 1380 1490 1451; baseline 0.001 -17"><span class='ocrx_word' id='word_1_83' title='bbox 254 1382 357 1435; x_wconf 72' lang='grc' dir='ltr'>καὶ</span> <span class='ocrx_word' id='word_1_84' title='bbox 384 1380 654 1449; x_wconf 63' lang='grc' dir='ltr'>φιλοῦσι</span> <span class='ocrx_word' id='word_1_85' title='bbox 678 1380 959 1450; x_wconf 83' lang='grc' dir='ltr'><strong>πέμματα</strong></span> <span class='ocrx_word' id='word_1_86' title='bbox 982 1380 1133 1451; x_wconf 85' lang='grc' dir='ltr'>μετὰ</span> <span class='ocrx_word' id='word_1_87' title='bbox 1157 1380 1490 1451; x_wconf 77' lang='grc' dir='ltr'>σταφίδων.</span> 
     </span>
    </p>
   </div>
   <div class='ocr_carea' id='block_1_16' title="bbox 327 1493 1884 1567">
    <p class='ocr_par' dir='ltr' id='par_1_16' title="bbox 327 1493 1884 1567">
     <span class='ocr_line' id='line_1_16' title="bbox 327 1493 1884 1567; baseline 0.001 -20"><span class='ocrx_word' id='word_1_88' title='bbox 327 1495 464 1548; x_wconf 80' lang='lat' dir='ltr'><strong>AB‘.</strong></span> <span class='ocrx_word' id='word_1_89' title='bbox 509 1495 580 1547; x_wconf 86' lang='grc' dir='ltr'>Τί</span> <span class='ocrx_word' id='word_1_90' title='bbox 610 1495 674 1548; x_wconf 82' lang='grc' dir='ltr'><strong>τὸ</strong></span> <span class='ocrx_word' id='word_1_91' title='bbox 698 1496 890 1567; x_wconf 81' lang='grc' dir='ltr'>χρῆμα</span> <span class='ocrx_word' id='word_1_92' title='bbox 919 1495 1104 1561; x_wconf 89' lang='grc' dir='ltr'>πάλιν,</span> <span class='ocrx_word' id='word_1_93' title='bbox 1134 1495 1169 1567; x_wconf 79' lang='grc' dir='ltr'>ἢ</span> <span class='ocrx_word' id='word_1_94' title='bbox 1208 1494 1263 1548; x_wconf 88' lang='grc' dir='ltr'><strong>τί</strong></span> <span class='ocrx_word' id='word_1_95' title='bbox 1289 1493 1352 1549; x_wconf 77' lang='grc' dir='ltr'>τὸ</span> <span class='ocrx_word' id='word_1_96' title='bbox 1385 1496 1719 1567; x_wconf 85' lang='grc' dir='ltr'>μυστήριον,</span> <span class='ocrx_word' id='word_1_97' title='bbox 1750 1494 1884 1549; x_wconf 86' lang='grc' dir='ltr'>ἀνα-</span> 
     </span>
    </p>
   </div>
   <div class='ocr_carea' id='block_1_17' title="bbox 258 1585 1881 1660">
    <p class='ocr_par' dir='ltr' id='par_1_17' title="bbox 258 1585 1881 1660">
     <span class='ocr_line' id='line_1_17' title="bbox 258 1585 1881 1660; baseline 0 -19"><span class='ocrx_word' id='word_1_98' title='bbox 258 1588 467 1658; x_wconf 84' lang='grc' dir='ltr'>μαθεῖν</span> <span class='ocrx_word' id='word_1_99' title='bbox 502 1589 827 1658; x_wconf 86' lang='grc' dir='ltr'>ἀναγκαῖον.</span> <span class='ocrx_word' id='word_1_100' title='bbox 864 1591 987 1642; x_wconf 83' lang='grc' dir='ltr'>Δεῖν</span> <span class='ocrx_word' id='word_1_101' title='bbox 1031 1589 1141 1660; x_wconf 84' lang='grc' dir='ltr'>γὰρ</span> <span class='ocrx_word' id='word_1_102' title='bbox 1191 1585 1349 1660; x_wconf 82' lang='grc' dir='ltr'>οἶμαι</span> <span class='ocrx_word' id='word_1_103' title='bbox 1396 1588 1467 1643; x_wconf 85' lang='grc' dir='ltr'><strong>τά</strong></span> <span class='ocrx_word' id='word_1_104' title='bbox 1493 1588 1675 1642; x_wconf 84' lang='grc' dir='ltr'><strong>τοιάδε</strong></span> <span class='ocrx_word' id='word_1_105' title='bbox 1711 1587 1881 1641; x_wconf 89' lang='grc' dir='ltr'>πολυ-</span> 
     </span>
    </p>
   </div>
   <div class='ocr_carea' id='block_1_18' title="bbox 258 1678 1889 1753">
    <p class='ocr_par' dir='ltr' id='par_1_18' title="bbox 258 1678 1889 1753">
     <span class='ocr_line' id='line_1_18' title="bbox 258 1678 1889 1753; baseline -0.002 -18"><span class='ocrx_word' id='word_1_106' title='bbox 258 1684 643 1753; x_wconf 84' lang='grc' dir='ltr'>πραγμονεῖν,</span> <span class='ocrx_word' id='word_1_107' title='bbox 673 1682 768 1735; x_wconf 63' lang='grc' dir='ltr'><strong>καὶ¹</strong></span> <span class='ocrx_word' id='word_1_108' title='bbox 803 1679 1150 1753; x_wconf 84' lang='grc' dir='ltr'>καταθρῆσαι</span> <span class='ocrx_word' id='word_1_109' title='bbox 1183 1678 1563 1751; x_wconf 85' lang='grc' dir='ltr'>λεπτομερῶς.</span> <span class='ocrx_word' id='word_1_110' title='bbox 1594 1678 1749 1733; x_wconf 85' lang='grc' dir='ltr'><strong>Μετὰ</strong></span> <span class='ocrx_word' id='word_1_111' title='bbox 1778 1678 1889 1749; x_wconf 85' lang='grc' dir='ltr'><strong>γάρ</strong></span> 
     </span>
    </p>
   </div>
   <div class='ocr_carea' id='block_1_19' title="bbox 252 1770 1883 1846">
    <p class='ocr_par' dir='ltr' id='par_1_19' title="bbox 252 1770 1883 1846">
     <span class='ocr_line' id='line_1_19' title="bbox 252 1770 1883 1846; baseline -0.004 -16"><span class='ocrx_word' id='word_1_112' title='bbox 252 1794 342 1830; x_wconf 83' lang='grc' dir='ltr'><strong>τοι</strong></span> <span class='ocrx_word' id='word_1_113' title='bbox 376 1776 483 1846; x_wconf 82' lang='grc' dir='ltr'>τὴν</span> <span class='ocrx_word' id='word_1_114' title='bbox 520 1773 774 1845; x_wconf 79' lang='grc' dir='ltr'>πρώτην,</span> <span class='ocrx_word' id='word_1_115' title='bbox 803 1773 903 1845; x_wconf 82' lang='grc' dir='ltr'><strong>τὴν</strong></span> <span class='ocrx_word' id='word_1_116' title='bbox 937 1772 1186 1845; x_wconf 83' lang='grc' dir='ltr'>μαχλάδα</span> <span class='ocrx_word' id='word_1_117' title='bbox 1212 1771 1306 1826; x_wconf 67' lang='grc' dir='ltr'><strong>καὶ</strong></span> <span class='ocrx_word' id='word_1_118' title='bbox 1333 1770 1733 1843; x_wconf 88' lang='grc' dir='ltr'>σεσοϐημένην,</span> <span class='ocrx_word' id='word_1_119' title='bbox 1765 1770 1883 1824; x_wconf 84' lang='grc' dir='ltr'>ἐτε-</span> 
     </span>
    </p>
   </div>
   <div class='ocr_carea' id='block_1_20' title="bbox 257 1862 1881 1939">
    <p class='ocr_par' dir='ltr' id='par_1_20' title="bbox 257 1862 1881 1939">
     <span class='ocr_line' id='line_1_20' title="bbox 257 1862 1881 1939; baseline -0.002 -20"><span class='ocrx_word' id='word_1_120' title='bbox 257 1884 357 1939; x_wconf 92' lang='grc' dir='ltr'><strong>ρον</strong></span> <span class='ocrx_word' id='word_1_121' title='bbox 394 1866 477 1937; x_wconf 80' lang='grc' dir='ltr'>τῷ</span> <span class='ocrx_word' id='word_1_122' title='bbox 511 1867 774 1938; x_wconf 77' lang='grc' dir='ltr'><strong>προφήτῃ</strong></span> <span class='ocrx_word' id='word_1_123' title='bbox 813 1865 1038 1934; x_wconf 80' lang='grc' dir='ltr'>γύναιον</span> <span class='ocrx_word' id='word_1_124' title='bbox 1075 1864 1433 1936; x_wconf 88' lang='grc' dir='ltr'>εἰσκρίνεται,</span> <span class='ocrx_word' id='word_1_125' title='bbox 1467 1866 1583 1928; x_wconf 87' lang='grc' dir='ltr'>τοῖς</span> <span class='ocrx_word' id='word_1_126' title='bbox 1623 1862 1726 1935; x_wconf 78' lang='grc' dir='ltr'>τῆς</span> <span class='ocrx_word' id='word_1_127' title='bbox 1760 1879 1881 1934; x_wconf 90' lang='grc' dir='ltr'>μοι-</span> 
     </span>
    </p>
   </div>
   <div class='ocr_carea' id='block_1_21' title="bbox 252 1957 1890 2033">
    <p class='ocr_par' dir='ltr' id='par_1_21' title="bbox 252 1957 1890 2033">
     <span class='ocr_line' id='line_1_21' title="bbox 252 1957 1890 2033; baseline -0.002 -19"><span class='ocrx_word' id='word_1_128' title='bbox 252 1961 419 2033; x_wconf 85' lang='grc' dir='ltr'>χείας</span> <span class='ocrx_word' id='word_1_129' title='bbox 449 1960 804 2031; x_wconf 76' lang='grc' dir='ltr'><strong>ἐγκλήμασιν</strong></span> <span class='ocrx_word' id='word_1_130' title='bbox 836 1958 1118 2029; x_wconf 84' lang='grc' dir='ltr'>ἐχόμενον.</span> <span class='ocrx_word' id='word_1_131' title='bbox 1153 1959 1267 2011; x_wconf 61' lang='lat' dir='ltr'><strong>Kal</strong></span> <span class='ocrx_word' id='word_1_132' title='bbox 1294 1958 1378 2021; x_wconf 83' lang='grc' dir='ltr'><strong>τίς</strong></span> <span class='ocrx_word' id='word_1_133' title='bbox 1400 1959 1428 2011; x_wconf 84' lang='grc' dir='ltr'>ὁ</span> <span class='ocrx_word' id='word_1_134' title='bbox 1458 1957 1650 2027; x_wconf 83' lang='grc' dir='ltr'>λόγος;</span> <span class='ocrx_word' id='word_1_135' title='bbox 1701 1958 1734 2028; x_wconf 82' lang='grc' dir='ltr'>ἡ</span> <span class='ocrx_word' id='word_1_136' title='bbox 1788 1957 1890 2028; x_wconf 77' lang='grc' dir='ltr'>μὲν</span> 
     </span>
    </p>
   </div>
   <div class='ocr_carea' id='block_1_22' title="bbox 254 2046 1890 2122">
    <p class='ocr_par' dir='ltr' id='par_1_22' title="bbox 254 2046 1890 2122">
     <span class='ocr_line' id='line_1_22' title="bbox 254 2046 1890 2122; baseline -0.004 -17"><span class='ocrx_word' id='word_1_137' title='bbox 254 2052 370 2122; x_wconf 72' lang='grc' dir='ltr'><strong>γὰρ</strong></span> <span class='ocrx_word' id='word_1_138' title='bbox 414 2050 533 2104; x_wconf 86' lang='grc' dir='ltr'><strong>τῶν</strong></span> <span class='ocrx_word' id='word_1_139' title='bbox 568 2049 844 2103; x_wconf 77' lang='grc' dir='ltr'>Ἰουδαίων</span> <span class='ocrx_word' id='word_1_140' title='bbox 882 2049 1115 2119; x_wconf 84' lang='grc' dir='ltr'>πληθὺς,</span> <span class='ocrx_word' id='word_1_141' title='bbox 1150 2050 1184 2119; x_wconf 84' lang='grc' dir='ltr'>ἡ</span> <span class='ocrx_word' id='word_1_142' title='bbox 1222 2047 1331 2120; x_wconf 81' lang='grc' dir='ltr'><strong>πρὸ</strong></span> <span class='ocrx_word' id='word_1_143' title='bbox 1363 2051 1464 2120; x_wconf 82' lang='grc' dir='ltr'>τῆς</span> <span class='ocrx_word' id='word_1_144' title='bbox 1490 2047 1585 2101; x_wconf 89' lang='grc' dir='ltr'><strong>τοῦ</strong></span> <span class='ocrx_word' id='word_1_145' title='bbox 1631 2046 1890 2119; x_wconf 83' lang='grc' dir='ltr'><strong>Σωτῆρος</strong></span> 
     </span>
    </p>
   </div>
   <div class='ocr_carea' id='block_1_23' title="bbox 256 2137 1890 2213">
    <p class='ocr_par' dir='ltr' id='par_1_23' title="bbox 256 2137 1890 2213">
     <span class='ocr_line' id='line_1_23' title="bbox 256 2137 1890 2213; baseline -0.001 -20"><span class='ocrx_word' id='word_1_146' title='bbox 256 2142 429 2213; x_wconf 78' lang='grc' dir='ltr'>ἡμῶν</span> <span class='ocrx_word' id='word_1_147' title='bbox 497 2140 840 2213; x_wconf 72' lang='grc' dir='ltr'><strong>ἐπιδημίας,</strong></span> <span class='ocrx_word' id='word_1_148' title='bbox 887 2140 984 2194; x_wconf 77' lang='grc' dir='ltr'><strong>ἅτε</strong></span> <span class='ocrx_word' id='word_1_149' title='bbox 1032 2140 1098 2213; x_wconf 85' lang='grc' dir='ltr'>δὴ</span> <span class='ocrx_word' id='word_1_150' title='bbox 1145 2140 1243 2193; x_wconf 78' lang='grc' dir='ltr'>καὶ</span> <span class='ocrx_word' id='word_1_151' title='bbox 1292 2138 1737 2211; x_wconf 74' lang='grc' dir='ltr'>ἀφυλακτότερον</span> <span class='ocrx_word' id='word_1_152' title='bbox 1793 2137 1890 2192; x_wconf 76' lang='grc' dir='ltr'>καὶ</span> 
     </span>
    </p>
   </div>
   <div class='ocr_carea' id='block_1_24' title="bbox 262 2230 1889 2306">
    <p class='ocr_par' dir='ltr' id='par_1_24' title="bbox 262 2230 1889 2306">
     <span class='ocr_line' id='line_1_24' title="bbox 262 2230 1889 2306; baseline -0.002 -17"><span class='ocrx_word' id='word_1_153' title='bbox 262 2235 421 2306; x_wconf 86' lang='grc' dir='ltr'>μάλα</span> <span class='ocrx_word' id='word_1_154' title='bbox 442 2235 683 2305; x_wconf 78' lang='grc' dir='ltr'>ἑτοίμως</span> <span class='ocrx_word' id='word_1_155' title='bbox 717 2234 876 2288; x_wconf 90' lang='grc' dir='ltr'>ἰοῦσα</span> <span class='ocrx_word' id='word_1_156' title='bbox 901 2232 1038 2305; x_wconf 80' lang='grc' dir='ltr'>πρὸς</span> <span class='ocrx_word' id='word_1_157' title='bbox 1059 2232 1352 2303; x_wconf 83' lang='grc' dir='ltr'>πλάνησιν,</span> <span class='ocrx_word' id='word_1_158' title='bbox 1376 2233 1471 2287; x_wconf 71' lang='grc' dir='ltr'><strong>καὶ</strong></span> <span class='ocrx_word' id='word_1_159' title='bbox 1490 2231 1757 2304; x_wconf 76' lang='grc' dir='ltr'>δαμάλεσι</span> <span class='ocrx_word' id='word_1_160' title='bbox 1788 2230 1889 2302; x_wconf 83' lang='grc' dir='ltr'><strong>μὲν</strong></span> 
     </span>
    </p>
   </div>
   <div class='ocr_carea' id='block_1_25' title="bbox 259 2323 1889 2401">
    <p class='ocr_par' dir='ltr' id='par_1_25' title="bbox 259 2323 1889 2401">
     <span class='ocr_line' id='line_1_25' title="bbox 259 2323 1889 2401; baseline -0.002 -20"><span class='ocrx_word' id='word_1_161' title='bbox 259 2328 618 2401; x_wconf 78' lang='grc' dir='ltr'>λατρεύουσα</span> <span class='ocrx_word' id='word_1_162' title='bbox 652 2328 775 2390; x_wconf 80' lang='grc' dir='ltr'>ταῖς</span> <span class='ocrx_word' id='word_1_163' title='bbox 824 2328 1077 2398; x_wconf 83' lang='grc' dir='ltr'>χρυσαῖς,</span> <span class='ocrx_word' id='word_1_164' title='bbox 1111 2324 1499 2397; x_wconf 75' lang='grc' dir='ltr'>προσκυνοῦσα</span> <span class='ocrx_word' id='word_1_165' title='bbox 1546 2341 1605 2379; x_wconf 89' lang='grc' dir='ltr'><strong>τε</strong></span> <span class='ocrx_word' id='word_1_166' title='bbox 1662 2324 1759 2378; x_wconf 75' lang='grc' dir='ltr'><strong>καὶ</strong></span> <span class='ocrx_word' id='word_1_167' title='bbox 1792 2323 1889 2377; x_wconf 84' lang='grc' dir='ltr'><strong>θύ-</strong></span> 
     </span>
    </p>
   </div>
   <div class='ocr_carea' id='block_1_26' title="bbox 258 2415 1888 2491">
    <p class='ocr_par' dir='ltr' id='par_1_26' title="bbox 258 2415 1888 2491">
     <span class='ocr_line' id='line_1_26' title="bbox 258 2415 1888 2491; baseline -0.001 -17"><span class='ocrx_word' id='word_1_168' title='bbox 258 2438 409 2474; x_wconf 86' lang='grc' dir='ltr'>ουσα</span> <span class='ocrx_word' id='word_1_169' title='bbox 434 2419 517 2490; x_wconf 84' lang='grc' dir='ltr'><strong>τῷ</strong></span> <span class='ocrx_word' id='word_1_170' title='bbox 546 2418 717 2485; x_wconf 84' lang='grc' dir='ltr'>Βάαλ,</span> <span class='ocrx_word' id='word_1_171' title='bbox 749 2419 870 2490; x_wconf 74' lang='grc' dir='ltr'>ἦτοι</span> <span class='ocrx_word' id='word_1_172' title='bbox 898 2416 977 2490; x_wconf 82' lang='grc' dir='ltr'>τῷ</span> <span class='ocrx_word' id='word_1_173' title='bbox 1014 2415 1361 2489; x_wconf 87' lang='grc' dir='ltr'>Βεελφεγὼρ,</span> <span class='ocrx_word' id='word_1_174' title='bbox 1395 2418 1571 2491; x_wconf 85' lang='grc' dir='ltr'>πόρνῃ</span> <span class='ocrx_word' id='word_1_175' title='bbox 1614 2418 1888 2473; x_wconf 85' lang='grc' dir='ltr'>παοεικά-</span> 
     </span>
    </p>
   </div>
   <div class='ocr_carea' id='block_1_27' title="bbox 260 2507 1888 2580">
    <p class='ocr_par' dir='ltr' id='par_1_27' title="bbox 260 2507 1888 2580">
     <span class='ocr_line' id='line_1_27' title="bbox 260 2507 1888 2580; baseline -0.001 -17"><span class='ocrx_word' id='word_1_176' title='bbox 260 2512 416 2576; x_wconf 77' lang='grc' dir='ltr'>ζετο,</span> <span class='ocrx_word' id='word_1_177' title='bbox 455 2510 555 2563; x_wconf 77' lang='grc' dir='ltr'>καὶ</span> <span class='ocrx_word' id='word_1_178' title='bbox 591 2509 714 2562; x_wconf 85' lang='grc' dir='ltr'>λίαν</span> <span class='ocrx_word' id='word_1_179' title='bbox 764 2508 1013 2574; x_wconf 80' lang='grc' dir='ltr'><strong>εἰκότως,</strong></span> <span class='ocrx_word' id='word_1_180' title='bbox 1047 2507 1212 2562; x_wconf 77' lang='grc' dir='ltr'>οἱονεί</span> <span class='ocrx_word' id='word_1_181' title='bbox 1239 2526 1360 2572; x_wconf 85' lang='grc' dir='ltr'><strong>πως</strong></span> <span class='ocrx_word' id='word_1_182' title='bbox 1393 2509 1692 2580; x_wconf 79' lang='grc' dir='ltr'>ἐκκειμένῃ</span> <span class='ocrx_word' id='word_1_183' title='bbox 1722 2510 1888 2562; x_wconf 80' lang='grc' dir='ltr'>παντὶ</span> 
     </span>
    </p>
   </div>
   <div class='ocr_carea' id='block_1_28' title="bbox 258 2598 1892 2673">
    <p class='ocr_par' dir='ltr' id='par_1_28' title="bbox 258 2598 1892 2673">
     <span class='ocr_line' id='line_1_28' title="bbox 258 2598 1892 2673; baseline -0.002 -17"><span class='ocrx_word' id='word_1_184' title='bbox 258 2601 498 2673; x_wconf 78' lang='grc' dir='ltr'>πονηρῷ</span> <span class='ocrx_word' id='word_1_185' title='bbox 553 2601 649 2656; x_wconf 74' lang='grc' dir='ltr'><strong>καὶ</strong></span> <span class='ocrx_word' id='word_1_186' title='bbox 692 2601 992 2673; x_wconf 83' lang='grc' dir='ltr'>ἀκαθάρτῳ</span> <span class='ocrx_word' id='word_1_187' title='bbox 1047 2598 1347 2671; x_wconf 84' lang='grc' dir='ltr'>πνεύματι,</span> <span class='ocrx_word' id='word_1_188' title='bbox 1392 2601 1493 2664; x_wconf 85' lang='grc' dir='ltr'><strong>τὰς</strong></span> <span class='ocrx_word' id='word_1_189' title='bbox 1530 2600 1668 2664; x_wconf 84' lang='grc' dir='ltr'>ἰδίας</span> <span class='ocrx_word' id='word_1_190' title='bbox 1695 2600 1892 2672; x_wconf 82' lang='grc' dir='ltr'>ἡδονὰς</span> 
     </span>
    </p>
   </div>
   <div class='ocr_carea' id='block_1_29' title="bbox 256 2692 1890 2767">
    <p class='ocr_par' dir='ltr' id='par_1_29' title="bbox 256 2692 1890 2767">
     <span class='ocr_line' id='line_1_29' title="bbox 256 2692 1890 2767; baseline -0.001 -18"><span class='ocrx_word' id='word_1_191' title='bbox 256 2694 635 2766; x_wconf 78' lang='grc' dir='ltr'>ἀποπληροῦν</span> <span class='ocrx_word' id='word_1_192' title='bbox 696 2693 959 2748; x_wconf 83' lang='grc' dir='ltr'>ἐθέλοντι.</span> <span class='ocrx_word' id='word_1_193' title='bbox 1015 2693 1415 2767; x_wconf 83' lang='grc' dir='ltr'>Προσεδέχοντο</span> <span class='ocrx_word' id='word_1_194' title='bbox 1472 2693 1583 2765; x_wconf 84' lang='grc' dir='ltr'><strong>γάρ</strong></span> <span class='ocrx_word' id='word_1_195' title='bbox 1631 2693 1726 2747; x_wconf 73' lang='grc' dir='ltr'><strong>καὶ</strong></span> <span class='ocrx_word' id='word_1_196' title='bbox 1779 2692 1890 2747; x_wconf 90' lang='grc' dir='ltr'><strong>τῶν</strong></span> 
     </span>
    </p>
   </div>
   <div class='ocr_carea' id='block_1_30' title="bbox 255 2784 1888 2860">
    <p class='ocr_par' dir='ltr' id='par_1_30' title="bbox 255 2784 1888 2860">
     <span class='ocr_line' id='line_1_30' title="bbox 255 2784 1888 2860; baseline -0.004 -16"><span class='ocrx_word' id='word_1_197' title='bbox 255 2790 491 2860; x_wconf 74' lang='grc' dir='ltr'>ὁμόρων</span> <span class='ocrx_word' id='word_1_198' title='bbox 516 2787 694 2841; x_wconf 82' lang='grc' dir='ltr'>ἐθνῶν</span> <span class='ocrx_word' id='word_1_199' title='bbox 714 2787 783 2840; x_wconf 86' lang='grc' dir='ltr'><strong>τά</strong></span> <span class='ocrx_word' id='word_1_200' title='bbox 802 2786 1149 2857; x_wconf 87' lang='grc' dir='ltr'>σεϐάσματα,</span> <span class='ocrx_word' id='word_1_201' title='bbox 1179 2785 1321 2840; x_wconf 83' lang='grc' dir='ltr'>κατὰ</span> <span class='ocrx_word' id='word_1_202' title='bbox 1344 2787 1404 2840; x_wconf 79' lang='grc' dir='ltr'>τὸ</span> <span class='ocrx_word' id='word_1_203' title='bbox 1436 2787 1654 2858; x_wconf 80' lang='grc' dir='ltr'>ἑκάστῳ</span> <span class='ocrx_word' id='word_1_204' title='bbox 1675 2784 1888 2850; x_wconf 87' lang='grc' dir='ltr'>δοκοῦν,</span> 
     </span>
    </p>
   </div>
   <div class='ocr_carea' id='block_1_31' title="bbox 255 2877 1891 2950">
    <p class='ocr_par' dir='ltr' id='par_1_31' title="bbox 255 2877 1891 2950">
     <span class='ocr_line' id='line_1_31' title="bbox 255 2877 1891 2950; baseline -0.004 -14"><span class='ocrx_word' id='word_1_205' title='bbox 255 2882 505 2945; x_wconf 78' lang='grc' dir='ltr'>ἀνοσίως</span> <span class='ocrx_word' id='word_1_206' title='bbox 556 2881 653 2935; x_wconf 83' lang='grc' dir='ltr'><strong>καὶ</strong></span> <span class='ocrx_word' id='word_1_207' title='bbox 696 2879 1095 2944; x_wconf 87' lang='grc' dir='ltr'>ἀϐασανίστως.</span> <span class='ocrx_word' id='word_1_208' title='bbox 1122 2878 1264 2932; x_wconf 82' lang='grc' dir='ltr'>Ἀλλ’</span> <span class='ocrx_word' id='word_1_209' title='bbox 1292 2880 1477 2949; x_wconf 84' lang='grc' dir='ltr'>ἐκείνη</span> <span class='ocrx_word' id='word_1_210' title='bbox 1518 2878 1619 2950; x_wconf 84' lang='grc' dir='ltr'><strong>μὲν</strong></span> <span class='ocrx_word' id='word_1_211' title='bbox 1647 2878 1724 2942; x_wconf 86' lang='grc' dir='ltr'>ὡς</span> <span class='ocrx_word' id='word_1_212' title='bbox 1748 2877 1891 2931; x_wconf 82' lang='grc' dir='ltr'>ἑτοί-</span> 
     </span>
    </p>
   </div>
   <div class='ocr_carea' id='block_1_32' title="bbox 2663 879 2951 946">
    <p class='ocr_par' dir='ltr' id='par_1_32' title="bbox 2663 879 2951 946">
     <span class='ocr_line' id='line_1_32' title="bbox 2663 879 2951 946; baseline -0.003 -8"><span class='ocrx_word' id='word_1_213' title='bbox 2663 880 2817 938; x_wconf 81' lang='lat' dir='ltr'><strong>CAP.</strong></span> <span class='ocrx_word' id='word_1_214' title='bbox 2862 879 2951 946; x_wconf 78' lang='lat' dir='ltr'><strong>IIl,</strong></span> 
     </span>
    </p>
   </div>
   <div class='ocr_carea' id='block_1_33' title="bbox 2064 1014 3599 1081">
    <p class='ocr_par' dir='ltr' id='par_1_33' title="bbox 2064 1014 3599 1081">
     <span class='ocr_line' id='line_1_33' title="bbox 2064 1014 3599 1081; baseline 0.007 -12"><span class='ocrx_word' id='word_1_215' title='bbox 2064 1014 2233 1072; x_wconf 70' lang='lat' dir='ltr'><strong>Vens.</strong></span> <span class='ocrx_word' id='word_1_216' title='bbox 2266 1017 2317 1072; x_wconf 80' lang='grc'>1.</span> <span class='ocrx_word' id='word_1_217' title='bbox 2348 1016 2418 1072; x_wconf 84' lang='lat' dir='ltr'><strong>Et</strong></span> <span class='ocrx_word' id='word_1_218' title='bbox 2464 1019 2603 1074; x_wconf 76' lang='lat' dir='ltr'><strong>dixit</strong></span> <span class='ocrx_word' id='word_1_219' title='bbox 2655 1021 2915 1079; x_wconf 79' lang='lat' dir='ltr'><strong>Dominus</strong></span> <span class='ocrx_word' id='word_1_220' title='bbox 2952 1026 3022 1079; x_wconf 85' lang='lat' dir='ltr'><strong>ad</strong></span> <span class='ocrx_word' id='word_1_221' title='bbox 3052 1042 3137 1080; x_wconf 87' lang='lat' dir='ltr'><strong>me</strong></span> <span class='ocrx_word' id='word_1_222' title='bbox 3187 1026 3420 1081; x_wconf 79' lang='lat' dir='ltr'><strong>:Adfmc</strong></span> <span class='ocrx_word' id='word_1_223' title='bbox 3469 1028 3599 1080; x_wconf 81' lang='lat' dir='ltr'><strong>unde</strong></span> 
     </span>
    </p>
   </div>
   <div class='ocr_carea' id='block_1_34' title="bbox 1992 1109 3600 1181">
    <p class='ocr_par' dir='ltr' id='par_1_34' title="bbox 1992 1109 3600 1181">
     <span class='ocr_line' id='line_1_34' title="bbox 1992 1109 3600 1181; baseline 0.004 -19"><span class='ocrx_word' id='word_1_224' title='bbox 1992 1116 2040 1162; x_wconf 84' lang='lat' dir='ltr'><strong>et</strong></span> <span class='ocrx_word' id='word_1_225' title='bbox 2064 1109 2227 1178; x_wconf 84' lang='lat' dir='ltr'><strong>dilige</strong></span> <span class='ocrx_word' id='word_1_226' title='bbox 2248 1109 2520 1164; x_wconf 76' lang='lat' dir='ltr'><strong>mulierem</strong></span> <span class='ocrx_word' id='word_1_227' title='bbox 2551 1111 2855 1181; x_wconf 77' lang='lat' dir='ltr'><strong>diligentem</strong></span> <span class='ocrx_word' id='word_1_228' title='bbox 2877 1116 3039 1180; x_wconf 86' lang='lat' dir='ltr'><strong>mala,</strong></span> <span class='ocrx_word' id='word_1_229' title='bbox 3054 1125 3104 1169; x_wconf 81' lang='lat' dir='ltr'><strong>et</strong></span> <span class='ocrx_word' id='word_1_230' title='bbox 3126 1117 3450 1181; x_wconf 72' lang='lat' dir='ltr'><strong>adulteram,</strong></span> <span class='ocrx_word' id='word_1_231' title='bbox 3466 1118 3600 1170; x_wconf 77' lang='lat' dir='ltr'><strong>sicut</strong></span> 
     </span>
    </p>
   </div>
   <div class='ocr_carea' id='block_1_35' title="bbox 1993 1199 3600 1275">
    <p class='ocr_par' dir='ltr' id='par_1_35' title="bbox 1993 1199 3600 1275">
     <span class='ocr_line' id='line_1_35' title="bbox 1993 1199 3600 1275; baseline 0.007 -24"><span class='ocrx_word' id='word_1_232' title='bbox 1993 1199 2182 1253; x_wconf 79' lang='lat' dir='ltr'><strong>dilexit</strong></span> <span class='ocrx_word' id='word_1_233' title='bbox 2211 1200 2474 1257; x_wconf 77' lang='lat' dir='ltr'><strong>Dominus</strong></span> <span class='ocrx_word' id='word_1_234' title='bbox 2488 1202 2631 1271; x_wconf 80' lang='lat' dir='ltr'><strong>ﬁlios</strong></span> <span class='ocrx_word' id='word_1_235' title='bbox 2651 1202 2849 1270; x_wconf 78' lang='lat' dir='ltr'><strong>Israel,</strong></span> <span class='ocrx_word' id='word_1_236' title='bbox 2869 1216 2918 1260; x_wconf 83' lang='lat' dir='ltr'><strong>et</strong></span> <span class='ocrx_word' id='word_1_237' title='bbox 2947 1208 3048 1275; x_wconf 79' lang='lat' dir='ltr'><strong>ipsi</strong></span> <span class='ocrx_word' id='word_1_238' title='bbox 3073 1209 3359 1274; x_wconf 79' lang='lat' dir='ltr'><strong>respiciunt</strong></span> <span class='ocrx_word' id='word_1_239' title='bbox 3384 1209 3452 1262; x_wconf 87' lang='lat' dir='ltr'><strong>ad</strong></span> <span class='ocrx_word' id='word_1_240' title='bbox 3474 1210 3600 1264; x_wconf 81' lang='lat' dir='ltr'><strong>deus</strong></span> 
     </span>
    </p>
   </div>
   <div class='ocr_carea' id='block_1_36' title="bbox 1990 1291 3211 1361">
    <p class='ocr_par' dir='ltr' id='par_1_36' title="bbox 1990 1291 3211 1361">
     <span class='ocr_line' id='line_1_36' title="bbox 1990 1291 3211 1361; baseline 0.009 -16"><span class='ocrx_word' id='word_1_241' title='bbox 1990 1291 2214 1361; x_wconf 80' lang='lat' dir='ltr'><strong>alienos,</strong></span> <span class='ocrx_word' id='word_1_242' title='bbox 2233 1301 2283 1347; x_wconf 85' lang='lat' dir='ltr'><strong>et</strong></span> <span class='ocrx_word' id='word_1_243' title='bbox 2300 1302 2482 1348; x_wconf 77' lang='lat' dir='ltr'><strong>amant</strong></span> <span class='ocrx_word' id='word_1_244' title='bbox 2500 1296 2763 1352; x_wconf 77' lang='lat' dir='ltr'><strong>rectiones</strong></span> <span class='ocrx_word' id='word_1_245' title='bbox 2799 1313 2919 1351; x_wconf 89' lang='lat' dir='ltr'><strong>cum</strong></span> <span class='ocrx_word' id='word_1_246' title='bbox 2960 1299 3211 1356; x_wconf 77' lang='lat' dir='ltr'><strong>vinaceis.</strong></span> 
     </span>
    </p>
   </div>
   <div class='ocr_carea' id='block_1_37' title="bbox 2061 1488 3603 1571">
    <p class='ocr_par' dir='ltr' id='par_1_37' title="bbox 2061 1488 3603 1571">
     <span class='ocr_line' id='line_1_37' title="bbox 2061 1488 3603 1571; baseline 0.007 -25"><span class='ocrx_word' id='word_1_247' title='bbox 2061 1488 2278 1547; x_wconf 77' lang='lat' dir='ltr'><strong>XXXII.</strong></span> <span class='ocrx_word' id='word_1_248' title='bbox 2310 1491 2449 1560; x_wconf 84' lang='lat' dir='ltr'><strong>Quid</strong></span> <span class='ocrx_word' id='word_1_249' title='bbox 2474 1494 2572 1560; x_wconf 88' lang='lat' dir='ltr'><strong>rei,</strong></span> <span class='ocrx_word' id='word_1_250' title='bbox 2596 1504 2689 1550; x_wconf 88' lang='lat' dir='ltr'><strong>aut</strong></span> <span class='ocrx_word' id='word_1_251' title='bbox 2721 1497 2962 1568; x_wconf 88' lang='lat' dir='ltr'><strong>mysterii</strong></span> <span class='ocrx_word' id='word_1_252' title='bbox 2991 1497 3134 1555; x_wconf 84' lang='lat' dir='ltr'><strong>istud</strong></span> <span class='ocrx_word' id='word_1_253' title='bbox 3176 1499 3267 1567; x_wconf 89' lang='lat' dir='ltr'><strong>sit,</strong></span> <span class='ocrx_word' id='word_1_254' title='bbox 3301 1514 3603 1571; x_wconf 84' lang='lat' dir='ltr'><strong>cognosca-</strong></span> 
     </span>
    </p>
   </div>
   <div class='ocr_carea' id='block_1_38' title="bbox 1989 1586 3593 1665">
    <p class='ocr_par' dir='ltr' id='par_1_38' title="bbox 1989 1586 3593 1665">
     <span class='ocr_line' id='line_1_38' title="bbox 1989 1586 3593 1665; baseline 0.007 -26"><span class='ocrx_word' id='word_1_255' title='bbox 1989 1599 2113 1640; x_wconf 88' lang='lat' dir='ltr'><strong>mus</strong></span> <span class='ocrx_word' id='word_1_256' title='bbox 2138 1594 2374 1657; x_wconf 91' lang='lat' dir='ltr'><strong>oportet.</strong></span> <span class='ocrx_word' id='word_1_257' title='bbox 2405 1586 2545 1643; x_wconf 88' lang='lat' dir='ltr'><strong>Puto</strong></span> <span class='ocrx_word' id='word_1_258' title='bbox 2575 1589 2829 1659; x_wconf 86' lang='lat' dir='ltr'><strong>equidem</strong></span> <span class='ocrx_word' id='word_1_259' title='bbox 2870 1590 2995 1646; x_wconf 89' lang='lat' dir='ltr'><strong>talia</strong></span> <span class='ocrx_word' id='word_1_260' title='bbox 3031 1594 3327 1648; x_wconf 89' lang='lat' dir='ltr'><strong>scrutanda</strong></span> <span class='ocrx_word' id='word_1_261' title='bbox 3359 1594 3593 1665; x_wconf 79' lang='lat' dir='ltr'><strong>diligen-</strong></span> 
     </span>
    </p>
   </div>
   <div class='ocr_carea' id='block_1_39' title="bbox 1996 1677 3651 1755">
    <p class='ocr_par' dir='ltr' id='par_1_39' title="bbox 1996 1677 3651 1755">
     <span class='ocr_line' id='line_1_39' title="bbox 1996 1677 3651 1755; baseline 0.007 -25"><span class='ocrx_word' id='word_1_262' title='bbox 1996 1677 2103 1732; x_wconf 81' lang='lat' dir='ltr'><strong>tius</strong></span> <span class='ocrx_word' id='word_1_263' title='bbox 2150 1687 2206 1734; x_wconf 90' lang='lat' dir='ltr'><strong>et</strong></span> <span class='ocrx_word' id='word_1_264' title='bbox 2249 1680 2631 1750; x_wconf 86' lang='lat' dir='ltr'><strong>perpendenda</strong></span> <span class='ocrx_word' id='word_1_265' title='bbox 2672 1679 2946 1737; x_wconf 85' lang='lat' dir='ltr'><strong>subtilius.</strong></span> <span class='ocrx_word' id='word_1_266' title='bbox 2984 1682 3116 1739; x_wconf 88' lang='lat' dir='ltr'><strong>Post</strong></span> <span class='ocrx_word' id='word_1_267' title='bbox 3159 1685 3389 1755; x_wconf 82' lang='lat' dir='ltr'><strong>primam</strong></span> <span class='ocrx_word' id='word_1_268' title='bbox 3427 1687 3598 1751; x_wconf 91' lang='lat' dir='ltr'><strong>enim,</strong></span> <span class='ocrx_word' id='word_1_269' title='bbox 3643 1681 3651 1687; x_wconf 85' lang='grc'><em>’</em></span> 
     </span>
    </p>
   </div>
   <div class='ocr_carea' id='block_1_40' title="bbox 1994 1769 3599 1843">
    <p class='ocr_par' dir='ltr' id='par_1_40' title="bbox 1994 1769 3599 1843">
     <span class='ocr_line' id='line_1_40' title="bbox 1994 1769 3599 1843; baseline 0.006 -20"><span class='ocrx_word' id='word_1_270' title='bbox 1994 1782 2225 1837; x_wconf 79' lang='lat' dir='ltr'><strong>eamque</strong></span> <span class='ocrx_word' id='word_1_271' title='bbox 2266 1769 2633 1838; x_wconf 87' lang='lat' dir='ltr'><strong>meretricem,</strong></span> <span class='ocrx_word' id='word_1_272' title='bbox 2689 1781 2747 1827; x_wconf 90' lang='lat' dir='ltr'><strong>et</strong></span> <span class='ocrx_word' id='word_1_273' title='bbox 2788 1775 3094 1843; x_wconf 85' lang='lat' dir='ltr'><strong>repulsam,</strong></span> <span class='ocrx_word' id='word_1_274' title='bbox 3128 1775 3235 1830; x_wconf 88' lang='lat' dir='ltr'><strong>alia</strong></span> <span class='ocrx_word' id='word_1_275' title='bbox 3279 1776 3599 1832; x_wconf 81' lang='lat' dir='ltr'><strong>muliercula</strong></span> 
     </span>
    </p>
   </div>
   <div class='ocr_carea' id='block_1_41' title="bbox 1993 1856 3599 1937">
    <p class='ocr_par' dir='ltr' id='par_1_41' title="bbox 1993 1856 3599 1937">
     <span class='ocr_line' id='line_1_41' title="bbox 1993 1856 3599 1937; baseline 0.007 -26"><span class='ocrx_word' id='word_1_276' title='bbox 1993 1859 2272 1927; x_wconf 58' lang='lat' dir='ltr'><strong>prophetas</strong></span> <span class='ocrx_word' id='word_1_277' title='bbox 2301 1856 2546 1928; x_wconf 77' lang='lat' dir='ltr'><strong>oll‘ertur,</strong></span> <span class='ocrx_word' id='word_1_278' title='bbox 2584 1861 2835 1919; x_wconf 85' lang='lat' dir='ltr'><strong>adulterii</strong></span> <span class='ocrx_word' id='word_1_279' title='bbox 2876 1862 3097 1937; x_wconf 88' lang='lat' dir='ltr'><strong>ﬂagitiis</strong></span> <span class='ocrx_word' id='word_1_280' title='bbox 3150 1865 3415 1922; x_wconf 88' lang='lat' dir='ltr'><strong>involuta.</strong></span> <span class='ocrx_word' id='word_1_281' title='bbox 3455 1866 3599 1935; x_wconf 87' lang='lat' dir='ltr'><strong>Quid</strong></span> 
     </span>
    </p>
   </div>
   <div class='ocr_carea' id='block_1_42' title="bbox 1993 1948 3594 2028">
    <p class='ocr_par' dir='ltr' id='par_1_42' title="bbox 1993 1948 3594 2028">
     <span class='ocr_line' id='line_1_42' title="bbox 1993 1948 3594 2028; baseline 0.008 -25"><span class='ocrx_word' id='word_1_282' title='bbox 1993 1949 2107 2004; x_wconf 88' lang='lat' dir='ltr'><strong>ita?</strong></span> <span class='ocrx_word' id='word_1_283' title='bbox 2138 1948 2449 2007; x_wconf 55' lang='lat' dir='ltr'><strong>Iudaeorum</strong></span> <span class='ocrx_word' id='word_1_284' title='bbox 2495 1968 2731 2024; x_wconf 84' lang='lat' dir='ltr'><strong>namque</strong></span> <span class='ocrx_word' id='word_1_285' title='bbox 2774 1955 3089 2024; x_wconf 84' lang='lat' dir='ltr'><strong>multitudo,</strong></span> <span class='ocrx_word' id='word_1_286' title='bbox 3126 1973 3251 2028; x_wconf 61' lang='lat' dir='ltr'><strong>quae</strong></span> <span class='ocrx_word' id='word_1_287' title='bbox 3297 1958 3594 2016; x_wconf 85' lang='lat' dir='ltr'><strong>adventum</strong></span> 
     </span>
    </p>
   </div>
   <div class='ocr_carea' id='block_1_43' title="bbox 1995 2040 3596 2120">
    <p class='ocr_par' dir='ltr' id='par_1_43' title="bbox 1995 2040 3596 2120">
     <span class='ocr_line' id='line_1_43' title="bbox 1995 2040 3596 2120; baseline 0.007 -23"><span class='ocrx_word' id='word_1_288' title='bbox 1995 2040 2299 2098; x_wconf 87' lang='lat' dir='ltr'><strong>Salvatoris</strong></span> <span class='ocrx_word' id='word_1_289' title='bbox 2338 2045 2510 2099; x_wconf 89' lang='lat' dir='ltr'><strong>nostri</strong></span> <span class='ocrx_word' id='word_1_290' title='bbox 2565 2048 2879 2115; x_wconf 88' lang='lat' dir='ltr'><strong>antecessit,</strong></span> <span class='ocrx_word' id='word_1_291' title='bbox 2912 2058 3102 2120; x_wconf 91' lang='lat' dir='ltr'><strong>utpote</strong></span> <span class='ocrx_word' id='word_1_292' title='bbox 3150 2051 3494 2120; x_wconf 87' lang='lat' dir='ltr'><strong>insolentius,</strong></span> <span class='ocrx_word' id='word_1_293' title='bbox 3530 2068 3596 2109; x_wconf 89' lang='lat' dir='ltr'><strong>ac</strong></span> 
     </span>
    </p>
   </div>
   <div class='ocr_carea' id='block_1_44' title="bbox 1992 2135 3594 2210">
    <p class='ocr_par' dir='ltr' id='par_1_44' title="bbox 1992 2135 3594 2210">
     <span class='ocr_line' id='line_1_44' title="bbox 1992 2135 3594 2210; baseline 0.009 -23"><span class='ocrx_word' id='word_1_294' title='bbox 1992 2142 2243 2205; x_wconf 89' lang='lat' dir='ltr'><strong>prompte</strong></span> <span class='ocrx_word' id='word_1_295' title='bbox 2280 2135 2444 2190; x_wconf 88' lang='lat' dir='ltr'><strong>nimis</strong></span> <span class='ocrx_word' id='word_1_296' title='bbox 2484 2149 2729 2194; x_wconf 88' lang='lat' dir='ltr'><strong>errorem</strong></span> <span class='ocrx_word' id='word_1_297' title='bbox 2780 2154 3038 2210; x_wconf 87' lang='lat' dir='ltr'><strong>sequens,</strong></span> <span class='ocrx_word' id='word_1_298' title='bbox 3066 2150 3123 2197; x_wconf 89' lang='lat' dir='ltr'><strong>et</strong></span> <span class='ocrx_word' id='word_1_299' title='bbox 3158 2142 3356 2198; x_wconf 90' lang='lat' dir='ltr'><strong>vitulos</strong></span> <span class='ocrx_word' id='word_1_300' title='bbox 3396 2159 3594 2201; x_wconf 88' lang='lat' dir='ltr'><strong>aureos</strong></span> 
     </span>
    </p>
   </div>
   <div class='ocr_carea' id='block_1_45' title="bbox 1994 2227 3593 2307">
    <p class='ocr_par' dir='ltr' id='par_1_45' title="bbox 1994 2227 3593 2307">
     <span class='ocr_line' id='line_1_45' title="bbox 1994 2227 3593 2307; baseline 0.006 -24"><span class='ocrx_word' id='word_1_301' title='bbox 1994 2227 2201 2295; x_wconf 82' lang='lat' dir='ltr'><strong>colens,</strong></span> <span class='ocrx_word' id='word_1_302' title='bbox 2226 2228 2590 2298; x_wconf 88' lang='lat' dir='ltr'><strong>adoransque,</strong></span> <span class='ocrx_word' id='word_1_303' title='bbox 2606 2240 2662 2285; x_wconf 94' lang='lat' dir='ltr'><strong>et</strong></span> <span class='ocrx_word' id='word_1_304' title='bbox 2681 2232 2999 2289; x_wconf 84' lang='lat' dir='ltr'><strong>sacriﬁcans</strong></span> <span class='ocrx_word' id='word_1_305' title='bbox 3020 2234 3172 2302; x_wconf 86' lang='lat' dir='ltr'><strong>Baal,</strong></span> <span class='ocrx_word' id='word_1_306' title='bbox 3187 2234 3303 2291; x_wconf 85' lang='lat' dir='ltr'><strong>sive</strong></span> <span class='ocrx_word' id='word_1_307' title='bbox 3324 2235 3593 2307; x_wconf 88' lang='lat' dir='ltr'><strong>Beelphe-</strong></span> 
     </span>
    </p>
   </div>
   <div class='ocr_carea' id='block_1_46' title="bbox 1993 2319 3590 2396">
    <p class='ocr_par' dir='ltr' id='par_1_46' title="bbox 1993 2319 3590 2396">
     <span class='ocr_line' id='line_1_46' title="bbox 1993 2319 3590 2396; baseline 0.007 -25"><span class='ocrx_word' id='word_1_308' title='bbox 1993 2333 2111 2389; x_wconf 92' lang='lat' dir='ltr'><strong>gor,</strong></span> <span class='ocrx_word' id='word_1_309' title='bbox 2145 2333 2266 2373; x_wconf 93' lang='lat' dir='ltr'><strong>cum</strong></span> <span class='ocrx_word' id='word_1_310' title='bbox 2292 2328 2475 2379; x_wconf 80' lang='lat' dir='ltr'><strong>scorto</strong></span> <span class='ocrx_word' id='word_1_311' title='bbox 2497 2319 2900 2389; x_wconf 82' lang='lat' dir='ltr'><strong>conferebatur,</strong></span> <span class='ocrx_word' id='word_1_312' title='bbox 2931 2322 3042 2395; x_wconf 77' lang='lat'><strong>58</strong></span> <span class='ocrx_word' id='word_1_313' title='bbox 3069 2336 3122 2380; x_wconf 89' lang='lat' dir='ltr'><strong>et</strong></span> <span class='ocrx_word' id='word_1_314' title='bbox 3151 2326 3449 2396; x_wconf 87' lang='lat' dir='ltr'><strong>aptissime,</strong></span> <span class='ocrx_word' id='word_1_315' title='bbox 3515 2343 3590 2383; x_wconf 77' lang='lat' dir='ltr'><strong>ve</strong></span> 
     </span>
    </p>
   </div>
   <div class='ocr_carea' id='block_1_47' title="bbox 1992 2411 3598 2490">
    <p class='ocr_par' dir='ltr' id='par_1_47' title="bbox 1992 2411 3598 2490">
     <span class='ocr_line' id='line_1_47' title="bbox 1992 2411 3598 2490; baseline 0.005 -23"><span class='ocrx_word' id='word_1_316' title='bbox 1992 2411 2091 2468; x_wconf 90' lang='lat' dir='ltr'><strong>luti</strong></span> <span class='ocrx_word' id='word_1_317' title='bbox 2126 2413 2377 2483; x_wconf 79' lang='lat' dir='ltr'><strong>exposita</strong></span> <span class='ocrx_word' id='word_1_318' title='bbox 2403 2415 2553 2469; x_wconf 90' lang='lat' dir='ltr'><strong>omni</strong></span> <span class='ocrx_word' id='word_1_319' title='bbox 2582 2414 2820 2487; x_wconf 88' lang='lat' dir='ltr'><strong>maligno</strong></span> <span class='ocrx_word' id='word_1_320' title='bbox 2837 2417 3192 2473; x_wconf 89' lang='lat' dir='ltr'><strong>etimmundo</strong></span> <span class='ocrx_word' id='word_1_321' title='bbox 3213 2419 3598 2490; x_wconf 84' lang='lat' dir='ltr'><strong>spiritui,suas</strong></span> 
     </span>
    </p>
   </div>
   <div class='ocr_carea' id='block_1_48' title="bbox 1992 2504 3595 2578">
    <p class='ocr_par' dir='ltr' id='par_1_48' title="bbox 1992 2504 3595 2578">
     <span class='ocr_line' id='line_1_48' title="bbox 1992 2504 3595 2578; baseline 0.003 -17"><span class='ocrx_word' id='word_1_322' title='bbox 1992 2504 2047 2561; x_wconf 86' lang='lat' dir='ltr'><strong>in</strong></span> <span class='ocrx_word' id='word_1_323' title='bbox 2079 2520 2142 2560; x_wconf 88' lang='lat' dir='ltr'><strong>ea</strong></span> <span class='ocrx_word' id='word_1_324' title='bbox 2191 2504 2497 2575; x_wconf 86' lang='lat' dir='ltr'><strong>voluptates</strong></span> <span class='ocrx_word' id='word_1_325' title='bbox 2537 2508 2759 2578; x_wconf 77' lang='lat' dir='ltr'><strong>explere</strong></span> <span class='ocrx_word' id='word_1_326' title='bbox 2786 2509 3049 2578; x_wconf 84' lang='lat' dir='ltr'><strong>cupienti.</strong></span> <span class='ocrx_word' id='word_1_327' title='bbox 3083 2508 3217 2564; x_wconf 88' lang='lat' dir='ltr'><strong>Nam</strong></span> <span class='ocrx_word' id='word_1_328' title='bbox 3252 2520 3305 2565; x_wconf 91' lang='lat' dir='ltr'><strong>et</strong></span> <span class='ocrx_word' id='word_1_329' title='bbox 3338 2511 3595 2566; x_wconf 79' lang='lat' dir='ltr'><strong>ﬁnitima-</strong></span> 
     </span>
    </p>
   </div>
   <div class='ocr_carea' id='block_1_49' title="bbox 1992 2598 3596 2672">
    <p class='ocr_par' dir='ltr' id='par_1_49' title="bbox 1992 2598 3596 2672">
     <span class='ocr_line' id='line_1_49' title="bbox 1992 2598 3596 2672; baseline 0.004 -21"><span class='ocrx_word' id='word_1_330' title='bbox 1992 2610 2112 2651; x_wconf 86' lang='lat' dir='ltr'><strong>rum</strong></span> <span class='ocrx_word' id='word_1_331' title='bbox 2139 2598 2378 2667; x_wconf 81' lang='lat' dir='ltr'><strong>gentium</strong></span> <span class='ocrx_word' id='word_1_332' title='bbox 2401 2614 2580 2665; x_wconf 89' lang='lat' dir='ltr'><strong>sacra,</strong></span> <span class='ocrx_word' id='word_1_333' title='bbox 2606 2609 2767 2670; x_wconf 81' lang='lat' dir='ltr'><strong>prout</strong></span> <span class='ocrx_word' id='word_1_334' title='bbox 2797 2599 2997 2669; x_wconf 89' lang='lat' dir='ltr'><strong>cuique</strong></span> <span class='ocrx_word' id='word_1_335' title='bbox 3023 2601 3239 2667; x_wconf 88' lang='lat' dir='ltr'><strong>liberet,</strong></span> <span class='ocrx_word' id='word_1_336' title='bbox 3262 2603 3469 2672; x_wconf 86' lang='lat' dir='ltr'><strong>absque</strong></span> <span class='ocrx_word' id='word_1_337' title='bbox 3489 2602 3596 2658; x_wconf 89' lang='lat' dir='ltr'><strong>ulla</strong></span> 
     </span>
    </p>
   </div>
   <div class='ocr_carea' id='block_1_50' title="bbox 1990 2687 3593 2763">
    <p class='ocr_par' dir='ltr' id='par_1_50' title="bbox 1990 2687 3593 2763">
     <span class='ocr_line' id='line_1_50' title="bbox 1990 2687 3593 2763; baseline 0.004 -20"><span class='ocrx_word' id='word_1_338' title='bbox 1990 2687 2363 2757; x_wconf 81' lang='lat' dir='ltr'><strong>exploratione</strong></span> <span class='ocrx_word' id='word_1_339' title='bbox 2392 2690 2784 2761; x_wconf 88' lang='lat' dir='ltr'><strong>suscipiebant.</strong></span> <span class='ocrx_word' id='word_1_340' title='bbox 2821 2690 3023 2746; x_wconf 85' lang='lat' dir='ltr'><strong>Verum</strong></span> <span class='ocrx_word' id='word_1_341' title='bbox 3049 2692 3138 2747; x_wconf 87' lang='lat' dir='ltr'><strong>illa</strong></span> <span class='ocrx_word' id='word_1_342' title='bbox 3166 2694 3593 2763; x_wconf 83' lang='lat' dir='ltr'><strong>quidem,utde-</strong></span> 
     </span>
    </p>
   </div>
   <div class='ocr_carea' id='block_1_51' title="bbox 1993 2779 3594 2855">
    <p class='ocr_par' dir='ltr' id='par_1_51' title="bbox 1993 2779 3594 2855">
     <span class='ocr_line' id='line_1_51' title="bbox 1993 2779 3594 2855; baseline 0.004 -22"><span class='ocrx_word' id='word_1_343' title='bbox 1993 2779 2280 2835; x_wconf 80' lang='lat' dir='ltr'><strong>lectionem</strong></span> <span class='ocrx_word' id='word_1_344' title='bbox 2334 2782 2477 2837; x_wconf 88' lang='lat' dir='ltr'><strong>haud</strong></span> <span class='ocrx_word' id='word_1_345' title='bbox 2520 2782 2688 2837; x_wconf 89' lang='lat' dir='ltr'><strong>invita</strong></span> <span class='ocrx_word' id='word_1_346' title='bbox 2741 2782 2940 2849; x_wconf 88' lang='lat' dir='ltr'><strong>ini‘ens,</strong></span> <span class='ocrx_word' id='word_1_347' title='bbox 2992 2798 3210 2852; x_wconf 80' lang='lat' dir='ltr'><strong>pcenam</strong></span> <span class='ocrx_word' id='word_1_348' title='bbox 3267 2786 3594 2855; x_wconf 82' lang='lat' dir='ltr'><strong>condignam</strong></span> 
     </span>
    </p>
   </div>
   <div class='ocr_carea' id='block_1_52' title="bbox 1991 2873 3593 2944">
    <p class='ocr_par' dir='ltr' id='par_1_52' title="bbox 1991 2873 3593 2944">
     <span class='ocr_line' id='line_1_52' title="bbox 1991 2873 3593 2944; baseline 0.001 -16"><span class='ocrx_word' id='word_1_349' title='bbox 1991 2874 2226 2944; x_wconf 79' lang='lat' dir='ltr'><strong>excepit,</strong></span> <span class='ocrx_word' id='word_1_350' title='bbox 2253 2874 2471 2929; x_wconf 88' lang='lat' dir='ltr'><strong>redacta</strong></span> <span class='ocrx_word' id='word_1_351' title='bbox 2498 2874 2551 2927; x_wconf 91' lang='lat' dir='ltr'><strong>in</strong></span> <span class='ocrx_word' id='word_1_352' title='bbox 2581 2873 3055 2944; x_wconf 88' lang='lat' dir='ltr'><strong>captivitatem,et</strong></span> <span class='ocrx_word' id='word_1_353' title='bbox 3100 2875 3334 2929; x_wconf 89' lang='lat' dir='ltr'><strong>hostium</strong></span> <span class='ocrx_word' id='word_1_354' title='bbox 3367 2876 3593 2944; x_wconf 87' lang='lat' dir='ltr'><strong>pedibus</strong></span> 
     </span>
    </p>
   </div>
   <div class='ocr_carea' id='block_1_53' title="bbox 260 2965 1884 3047">
    <p class='ocr_par' dir='ltr' id='par_1_53' title="bbox 260 2968 1884 3044">
     <span class='ocr_line' id='line_1_53' title="bbox 260 2968 1884 3044; baseline -0.003 -18"><span class='ocrx_word' id='word_1_355' title='bbox 260 2990 384 3044; x_wconf 82' lang='grc' dir='ltr'><strong>μως</strong></span> <span class='ocrx_word' id='word_1_356' title='bbox 423 2972 588 3025; x_wconf 85' lang='grc' dir='ltr'>ἰοῦσα</span> <span class='ocrx_word' id='word_1_357' title='bbox 630 2969 769 3041; x_wconf 78' lang='grc' dir='ltr'>πρὸς</span> <span class='ocrx_word' id='word_1_358' title='bbox 800 2970 1103 3024; x_wconf 87' lang='grc' dir='ltr'>ἀπόστασιν</span> <span class='ocrx_word' id='word_1_359' title='bbox 1135 2969 1427 3034; x_wconf 78' lang='grc' dir='ltr'>ἐκολάζετο</span> <span class='ocrx_word' id='word_1_360' title='bbox 1457 2968 1706 3033; x_wconf 81' lang='grc' dir='ltr'>δικαίως,</span> <span class='ocrx_word' id='word_1_361' title='bbox 1743 2984 1884 3039; x_wconf 89' lang='grc' dir='ltr'>πεμ-</span> 
     </span>
    </p>
   </div>
   <div class='ocr_carea' id='block_1_54' title="bbox 1992 2965 3597 3047">
    <p class='ocr_par' dir='ltr' id='par_1_54' title="bbox 1993 2965 3597 3037">
     <span class='ocr_line' id='line_1_54' title="bbox 1993 2965 3597 3037; baseline -0.001 -15"><span class='ocrx_word' id='word_1_362' title='bbox 1993 2965 2261 3036; x_wconf 84' lang='lat' dir='ltr'><strong>subjecta.</strong></span> <span class='ocrx_word' id='word_1_363' title='bbox 2309 2966 2501 3036; x_wconf 77' lang='lat' dir='ltr'><strong>Aperit</strong></span> <span class='ocrx_word' id='word_1_364' title='bbox 2553 2966 2908 3020; x_wconf 87' lang='lat' dir='ltr'><strong>nihilominus</strong></span> <span class='ocrx_word' id='word_1_365' title='bbox 2943 2965 3421 3037; x_wconf 65' lang='lat' dir='ltr'><strong>prophette&#39;Deus,</strong></span> <span class='ocrx_word' id='word_1_366' title='bbox 3462 2976 3597 3022; x_wconf 85' lang='lat' dir='ltr'><strong>tem-</strong></span> 
     </span>
    </p>
   </div>
   <div class='ocr_carea' id='block_1_55' title="bbox 256 3062 1889 3137">
    <p class='ocr_par' dir='ltr' id='par_1_55' title="bbox 256 3062 1889 3137">
     <span class='ocr_line' id='line_1_55' title="bbox 256 3062 1889 3137; baseline -0.001 -18"><span class='ocrx_word' id='word_1_367' title='bbox 256 3065 486 3137; x_wconf 79' lang='grc' dir='ltr'>πομένη</span> <span class='ocrx_word' id='word_1_368' title='bbox 520 3063 664 3135; x_wconf 76' lang='grc' dir='ltr'>πρὸς</span> <span class='ocrx_word' id='word_1_369' title='bbox 694 3063 1102 3133; x_wconf 76' lang='grc' dir='ltr'>αἰχμαλωσίαν,</span> <span class='ocrx_word' id='word_1_370' title='bbox 1132 3063 1229 3117; x_wconf 74' lang='grc' dir='ltr'>καὶ</span> <span class='ocrx_word' id='word_1_371' title='bbox 1262 3062 1367 3116; x_wconf 82' lang='grc' dir='ltr'><strong>ὑπὸ</strong></span> <span class='ocrx_word' id='word_1_372' title='bbox 1410 3062 1579 3126; x_wconf 82' lang='grc' dir='ltr'>πόδας</span> <span class='ocrx_word' id='word_1_373' title='bbox 1610 3062 1889 3117; x_wconf 74' lang='grc' dir='ltr'>πίπτουσα</span> 
     </span>
    </p>
   </div>
   <div class='ocr_carea' id='block_1_56' title="bbox 253 3153 1887 3229">
    <p class='ocr_par' dir='ltr' id='par_1_56' title="bbox 253 3153 1887 3229">
     <span class='ocr_line' id='line_1_56' title="bbox 253 3153 1887 3229; baseline -0.003 -16"><span class='ocrx_word' id='word_1_374' title='bbox 253 3159 370 3213; x_wconf 82' lang='grc' dir='ltr'><strong>τῶν</strong></span> <span class='ocrx_word' id='word_1_375' title='bbox 408 3156 656 3229; x_wconf 79' lang='grc' dir='ltr'>ἐχθρῶν.</span> <span class='ocrx_word' id='word_1_376' title='bbox 686 3155 937 3227; x_wconf 81' lang='grc' dir='ltr'>Καθίστη</span> <span class='ocrx_word' id='word_1_377' title='bbox 988 3173 1054 3225; x_wconf 89' lang='grc' dir='ltr'><strong>γε</strong></span> <span class='ocrx_word' id='word_1_378' title='bbox 1108 3156 1217 3228; x_wconf 85' lang='grc' dir='ltr'>μὴν</span> <span class='ocrx_word' id='word_1_379' title='bbox 1258 3155 1489 3227; x_wconf 82' lang='grc' dir='ltr'>ἐναργὲς</span> <span class='ocrx_word' id='word_1_380' title='bbox 1516 3153 1595 3225; x_wconf 85' lang='grc' dir='ltr'>τῷ</span> <span class='ocrx_word' id='word_1_381' title='bbox 1628 3156 1887 3227; x_wconf 75' lang='grc' dir='ltr'>προφήτῃ</span> 
     </span>
    </p>
   </div>
   <div class='ocr_carea' id='block_1_57' title="bbox 254 3248 1885 3321">
    <p class='ocr_par' dir='ltr' id='par_1_57' title="bbox 254 3248 1885 3321">
     <span class='ocr_line' id='line_1_57' title="bbox 254 3248 1885 3321; baseline -0.003 -15"><span class='ocrx_word' id='word_1_382' title='bbox 254 3252 423 3316; x_wconf 83' lang='grc' dir='ltr'>Θεὸς,</span> <span class='ocrx_word' id='word_1_383' title='bbox 460 3251 550 3305; x_wconf 79' lang='grc' dir='ltr'>ὅτι</span> <span class='ocrx_word' id='word_1_384' title='bbox 584 3248 728 3302; x_wconf 89' lang='grc' dir='ltr'><strong>κατά</strong></span> <span class='ocrx_word' id='word_1_385' title='bbox 757 3249 850 3303; x_wconf 87' lang='grc' dir='ltr'><strong>τὸν</strong></span> <span class='ocrx_word' id='word_1_386' title='bbox 888 3248 1080 3319; x_wconf 80' lang='grc' dir='ltr'>καιρὸν</span> <span class='ocrx_word' id='word_1_387' title='bbox 1110 3248 1213 3319; x_wconf 84' lang='grc' dir='ltr'>τῆς</span> <span class='ocrx_word' id='word_1_388' title='bbox 1240 3248 1334 3303; x_wconf 83' lang='grc' dir='ltr'><strong>τοῦ</strong></span> <span class='ocrx_word' id='word_1_389' title='bbox 1371 3248 1609 3319; x_wconf 79' lang='grc' dir='ltr'>Ἰεζραέλ</span> <span class='ocrx_word' id='word_1_390' title='bbox 1634 3248 1847 3321; x_wconf 79' lang='grc' dir='ltr'>ἡμέρας</span> <span class='ocrx_word' id='word_1_391' title='bbox 1870 3286 1885 3312; x_wconf 90' lang='grc'><strong>,</strong></span> 
     </span>
    </p>
   </div>
   <div class='ocr_carea' id='block_1_58' title="bbox 253 3340 1887 3416">
    <p class='ocr_par' dir='ltr' id='par_1_58' title="bbox 253 3340 1887 3416">
     <span class='ocr_line' id='line_1_58' title="bbox 253 3340 1887 3416; baseline -0.003 -17"><span class='ocrx_word' id='word_1_392' title='bbox 253 3346 358 3416; x_wconf 82' lang='grc' dir='ltr'>τῆς</span> <span class='ocrx_word' id='word_1_393' title='bbox 392 3344 481 3407; x_wconf 83' lang='grc' dir='ltr'>ὡς</span> <span class='ocrx_word' id='word_1_394' title='bbox 532 3341 757 3413; x_wconf 85' lang='grc' dir='ltr'>ἀληθῶς</span> <span class='ocrx_word' id='word_1_395' title='bbox 793 3341 1058 3413; x_wconf 85' lang='grc' dir='ltr'>μεγάλης,</span> <span class='ocrx_word' id='word_1_396' title='bbox 1090 3340 1455 3412; x_wconf 84' lang='grc' dir='ltr'>ἀναϐήσονται</span> <span class='ocrx_word' id='word_1_397' title='bbox 1504 3342 1569 3394; x_wconf 90' lang='grc' dir='ltr'><strong>ἐκ</strong></span> <span class='ocrx_word' id='word_1_398' title='bbox 1617 3342 1714 3412; x_wconf 80' lang='grc' dir='ltr'>τῆς</span> <span class='ocrx_word' id='word_1_399' title='bbox 1761 3341 1887 3411; x_wconf 85' lang='grc' dir='ltr'>γῆς,</span> 
     </span>
    </p>
   </div>
   <div class='ocr_carea' id='block_1_59' title="bbox 252 3428 1884 3503">
    <p class='ocr_par' dir='ltr' id='par_1_59' title="bbox 252 3428 1884 3503">
     <span class='ocr_line' id='line_1_59' title="bbox 252 3428 1884 3503; baseline -0.003 -13"><span class='ocrx_word' id='word_1_400' title='bbox 252 3436 544 3497; x_wconf 79' lang='grc' dir='ltr'>τουτέστι,</span> <span class='ocrx_word' id='word_1_401' title='bbox 586 3433 689 3503; x_wconf 80' lang='grc' dir='ltr'>τῆς</span> <span class='ocrx_word' id='word_1_402' title='bbox 710 3431 821 3486; x_wconf 89' lang='grc' dir='ltr'><strong>τῶν</strong></span> <span class='ocrx_word' id='word_1_403' title='bbox 855 3430 1173 3501; x_wconf 79' lang='grc' dir='ltr'>ἀλλοφύλων</span> <span class='ocrx_word' id='word_1_404' title='bbox 1202 3428 1651 3502; x_wconf 83' lang='grc' dir='ltr'>ἀποδραμοῦνται</span> <span class='ocrx_word' id='word_1_405' title='bbox 1679 3429 1884 3502; x_wconf 87' lang='grc' dir='ltr'>χώρας.</span> 
     </span>
    </p>
   </div>
   <div class='ocr_carea' id='block_1_60' title="bbox 252 3520 1885 3597">
    <p class='ocr_par' dir='ltr' id='par_1_60' title="bbox 252 3520 1885 3597">
     <span class='ocr_line' id='line_1_60' title="bbox 252 3520 1885 3597; baseline -0.006 -14"><span class='ocrx_word' id='word_1_406' title='bbox 252 3529 440 3583; x_wconf 87' lang='grc' dir='ltr'>Τοῦτο</span> <span class='ocrx_word' id='word_1_407' title='bbox 469 3527 530 3580; x_wconf 83' lang='grc' dir='ltr'>δὲ</span> <span class='ocrx_word' id='word_1_408' title='bbox 561 3520 632 3597; x_wconf 75' lang='grc' dir='ltr'>ἦν</span> <span class='ocrx_word' id='word_1_409' title='bbox 659 3522 1079 3595; x_wconf 74' lang='grc' dir='ltr'>αἰνιγματωδῶς</span> <span class='ocrx_word' id='word_1_410' title='bbox 1118 3523 1395 3594; x_wconf 82' lang='grc' dir='ltr'>ὑποφῆναι</span> <span class='ocrx_word' id='word_1_411' title='bbox 1441 3522 1625 3589; x_wconf 84' lang='grc' dir='ltr'>πάλιν,</span> <span class='ocrx_word' id='word_1_412' title='bbox 1656 3523 1738 3575; x_wconf 84' lang='grc' dir='ltr'>ὅτι</span> <span class='ocrx_word' id='word_1_413' title='bbox 1784 3538 1885 3575; x_wconf 85' lang='grc' dir='ltr'>πε-</span> 
     </span>
    </p>
   </div>
   <div class='ocr_carea' id='block_1_61' title="bbox 252 3609 1884 3683">
    <p class='ocr_par' dir='ltr' id='par_1_61' title="bbox 252 3609 1884 3683">
     <span class='ocr_line' id='line_1_61' title="bbox 252 3609 1884 3683; baseline -0.007 -8"><span class='ocrx_word' id='word_1_414' title='bbox 252 3620 582 3676; x_wconf 83' lang='grc' dir='ltr'>παύσονται</span> <span class='ocrx_word' id='word_1_415' title='bbox 625 3615 721 3669; x_wconf 87' lang='grc' dir='ltr'><strong>τοῦ</strong></span> <span class='ocrx_word' id='word_1_416' title='bbox 775 3609 916 3668; x_wconf 81' lang='grc' dir='ltr'>εἶναι</span> <span class='ocrx_word' id='word_1_417' title='bbox 947 3612 1088 3678; x_wconf 83' lang='grc' dir='ltr'>ξένοι</span> <span class='ocrx_word' id='word_1_418' title='bbox 1122 3612 1218 3667; x_wconf 79' lang='grc' dir='ltr'>καὶ</span> <span class='ocrx_word' id='word_1_419' title='bbox 1260 3612 1555 3683; x_wconf 87' lang='grc' dir='ltr'>ἐπήλυτοι,</span> <span class='ocrx_word' id='word_1_420' title='bbox 1587 3610 1787 3681; x_wconf 78' lang='grc' dir='ltr'>μᾶλλον</span> <span class='ocrx_word' id='word_1_421' title='bbox 1826 3610 1884 3663; x_wconf 90' lang='grc' dir='ltr'><strong>δέ</strong></span> 
     </span>
    </p>
   </div>
   <div class='ocr_carea' id='block_1_62' title="bbox 254 3705 1883 3788">
    <p class='ocr_par' dir='ltr' id='par_1_62' title="bbox 254 3705 1883 3788">
     <span class='ocr_line' id='line_1_62' title="bbox 254 3705 1883 3788; baseline -0.007 -18"><span class='ocrx_word' id='word_1_422' title='bbox 254 3715 630 3788; x_wconf 77' lang='grc' dir='ltr'>δορύληπτοι,</span> <span class='ocrx_word' id='word_1_423' title='bbox 664 3710 762 3766; x_wconf 74' lang='grc' dir='ltr'>καὶ</span> <span class='ocrx_word' id='word_1_424' title='bbox 798 3711 898 3781; x_wconf 85' lang='grc' dir='ltr'><strong>τὴν</strong></span> <span class='ocrx_word' id='word_1_425' title='bbox 946 3709 1237 3780; x_wconf 81' lang='grc' dir='ltr'>ἀλλοτρίαν</span> <span class='ocrx_word' id='word_1_426' title='bbox 1283 3706 1564 3771; x_wconf 78' lang='grc' dir='ltr'>οἰκοῦντες</span> <span class='ocrx_word' id='word_1_427' title='bbox 1596 3707 1697 3760; x_wconf 80' lang='grc' dir='ltr'><strong>οὐκ</strong></span> <span class='ocrx_word' id='word_1_428' title='bbox 1731 3705 1883 3759; x_wconf 86' lang='grc' dir='ltr'>ἐλευ-</span> 
     </span>
    </p>
   </div>
   <div class='ocr_carea' id='block_1_63' title="bbox 256 3794 1880 3879">
    <p class='ocr_par' dir='ltr' id='par_1_63' title="bbox 256 3794 1880 3879">
     <span class='ocr_line' id='line_1_63' title="bbox 256 3794 1880 3879; baseline -0.006 -17"><span class='ocrx_word' id='word_1_429' title='bbox 256 3808 465 3879; x_wconf 81' lang='grc' dir='ltr'>θέρως.</span> <span class='ocrx_word' id='word_1_430' title='bbox 486 3805 803 3877; x_wconf 80' lang='grc' dir='ltr'>Ἐκήρυσσε</span> <span class='ocrx_word' id='word_1_431' title='bbox 841 3802 951 3875; x_wconf 83' lang='grc' dir='ltr'><strong>γάρ</strong></span> <span class='ocrx_word' id='word_1_432' title='bbox 981 3803 1009 3856; x_wconf 88' lang='grc' dir='ltr'><strong>ό</strong></span> <span class='ocrx_word' id='word_1_433' title='bbox 1042 3801 1236 3873; x_wconf 69' lang='grc' dir='ltr'>Σωτὴρ</span> <span class='ocrx_word' id='word_1_434' title='bbox 1266 3794 1880 3871; x_wconf 68' lang='grc' dir='ltr'>αἰχμαλώτοιξᾶφεσιν,</span> 
     </span>
    </p>
   </div>
   <div class='ocr_carea' id='block_1_64' title="bbox 254 3891 1881 3968">
    <p class='ocr_par' dir='ltr' id='par_1_64' title="bbox 254 3891 1881 3968">
     <span class='ocr_line' id='line_1_64' title="bbox 254 3891 1881 3968; baseline -0.007 -12"><span class='ocrx_word' id='word_1_435' title='bbox 254 3904 350 3956; x_wconf 73' lang='grc' dir='ltr'><strong>καὶ</strong></span> <span class='ocrx_word' id='word_1_436' title='bbox 384 3900 627 3968; x_wconf 77' lang='grc' dir='ltr'>τυφλοῖς</span> <span class='ocrx_word' id='word_1_437' title='bbox 656 3896 975 3965; x_wconf 78' lang='grc' dir='ltr'>ἀνάϐλεψιν,</span> <span class='ocrx_word' id='word_1_438' title='bbox 1007 3894 1152 3949; x_wconf 73' lang='grc' dir='ltr'>κατὰ</span> <span class='ocrx_word' id='word_1_439' title='bbox 1182 3894 1282 3964; x_wconf 82' lang='grc' dir='ltr'><strong>τὴν</strong></span> <span class='ocrx_word' id='word_1_440' title='bbox 1314 3891 1409 3946; x_wconf 86' lang='grc' dir='ltr'><strong>τοῦ</strong></span> <span class='ocrx_word' id='word_1_441' title='bbox 1452 3892 1734 3963; x_wconf 81' lang='grc' dir='ltr'>προφήτου</span> <span class='ocrx_word' id='word_1_442' title='bbox 1764 3909 1881 3961; x_wconf 87' lang='grc' dir='ltr'>φω-</span> 
     </span>
    </p>
   </div>
   <div class='ocr_carea' id='block_1_65' title="bbox 252 3984 1885 4066">
    <p class='ocr_par' dir='ltr' id='par_1_65' title="bbox 252 3984 1885 4066">
     <span class='ocr_line' id='line_1_65' title="bbox 252 3984 1885 4066; baseline -0.005 -21"><span class='ocrx_word' id='word_1_443' title='bbox 252 3996 378 4066; x_wconf 80' lang='grc' dir='ltr'>νήν.</span> <span class='ocrx_word' id='word_1_444' title='bbox 408 3993 545 4046; x_wconf 82' lang='grc' dir='ltr'>’Ὁτι</span> <span class='ocrx_word' id='word_1_445' title='bbox 572 3990 629 4043; x_wconf 83' lang='grc' dir='ltr'>δὲ</span> <span class='ocrx_word' id='word_1_446' title='bbox 652 3991 747 4043; x_wconf 75' lang='grc' dir='ltr'><strong>καὶ</strong></span> <span class='ocrx_word' id='word_1_447' title='bbox 770 3987 1211 4059; x_wconf 85' lang='grc' dir='ltr'>εἰσδεχθήσονται</span> <span class='ocrx_word' id='word_1_448' title='bbox 1236 3986 1326 4040; x_wconf 86' lang='grc' dir='ltr'>διὰ</span> <span class='ocrx_word' id='word_1_449' title='bbox 1376 3984 1613 4048; x_wconf 89' lang='grc' dir='ltr'>πίστεως</span> <span class='ocrx_word' id='word_1_450' title='bbox 1634 3985 1691 4038; x_wconf 85' lang='grc' dir='ltr'><strong>ἐν</strong></span> <span class='ocrx_word' id='word_1_451' title='bbox 1715 3984 1885 4047; x_wconf 83' lang='grc' dir='ltr'>ἐλέοις</span> 
     </span>
    </p>
   </div>
   <div class='ocr_carea' id='block_1_66' title="bbox 252 4075 1883 4152">
    <p class='ocr_par' dir='ltr' id='par_1_66' title="bbox 252 4075 1883 4152">
     <span class='ocr_line' id='line_1_66' title="bbox 252 4075 1883 4152; baseline -0.005 -13"><span class='ocrx_word' id='word_1_452' title='bbox 252 4088 352 4140; x_wconf 69' lang='grc' dir='ltr'>καὶ</span> <span class='ocrx_word' id='word_1_453' title='bbox 383 4084 734 4152; x_wconf 80' lang='grc' dir='ltr'>οἰκτιρμοῖς,</span> <span class='ocrx_word' id='word_1_454' title='bbox 767 4081 863 4136; x_wconf 76' lang='grc' dir='ltr'><strong>καὶ</strong></span> <span class='ocrx_word' id='word_1_455' title='bbox 896 4079 1259 4151; x_wconf 87' lang='grc' dir='ltr'>κεκλήσονται</span> <span class='ocrx_word' id='word_1_456' title='bbox 1298 4077 1427 4141; x_wconf 82' lang='grc' dir='ltr'>λαὸς</span> <span class='ocrx_word' id='word_1_457' title='bbox 1458 4075 1617 4142; x_wconf 86' lang='grc' dir='ltr'>Θεοῦ,</span> <span class='ocrx_word' id='word_1_458' title='bbox 1644 4076 1738 4130; x_wconf 77' lang='grc' dir='ltr'><strong>καὶ</strong></span> <span class='ocrx_word' id='word_1_459' title='bbox 1775 4076 1883 4148; x_wconf 87' lang='grc' dir='ltr'><strong>μὴν</strong></span> 
     </span>
    </p>
   </div>
   <div class='ocr_carea' id='block_1_67' title="bbox 252 4169 1882 4246">
    <p class='ocr_par' dir='ltr' id='par_1_67' title="bbox 252 4169 1882 4246">
     <span class='ocr_line' id='line_1_67' title="bbox 252 4169 1882 4246; baseline -0.006 -14"><span class='ocrx_word' id='word_1_460' title='bbox 252 4180 354 4232; x_wconf 74' lang='grc' dir='ltr'><strong>καὶ</strong></span> <span class='ocrx_word' id='word_1_461' title='bbox 384 4174 717 4246; x_wconf 70' lang='grc' dir='ltr'>ἠλεημένοι,</span> <span class='ocrx_word' id='word_1_462' title='bbox 743 4172 1155 4244; x_wconf 84' lang='grc' dir='ltr'>διαμεμήνυκεν</span> <span class='ocrx_word' id='word_1_463' title='bbox 1182 4170 1450 4242; x_wconf 76' lang='grc' dir='ltr'>ἐναργῶς.</span> <span class='ocrx_word' id='word_1_464' title='bbox 1482 4169 1639 4223; x_wconf 86' lang='grc' dir='ltr'>Μετὰ</span> <span class='ocrx_word' id='word_1_465' title='bbox 1667 4170 1776 4239; x_wconf 84' lang='grc' dir='ltr'><strong>γάρ</strong></span> <span class='ocrx_word' id='word_1_466' title='bbox 1800 4186 1882 4222; x_wconf 87' lang='grc' dir='ltr'><strong>τοι</strong></span> 
     </span>
    </p>
   </div>
   <div class='ocr_carea' id='block_1_68' title="bbox 251 4260 1883 4342">
    <p class='ocr_par' dir='ltr' id='par_1_68' title="bbox 251 4260 1883 4342">
     <span class='ocr_line' id='line_1_68' title="bbox 251 4260 1883 4342; baseline -0.007 -18"><span class='ocrx_word' id='word_1_467' title='bbox 251 4271 356 4342; x_wconf 73' lang='grc' dir='ltr'><strong>τὴν</strong></span> <span class='ocrx_word' id='word_1_468' title='bbox 390 4271 496 4323; x_wconf 85' lang='grc' dir='ltr'><strong>τοῦ</strong></span> <span class='ocrx_word' id='word_1_469' title='bbox 530 4266 790 4337; x_wconf 82' lang='grc' dir='ltr'>Σωτῆρος</span> <span class='ocrx_word' id='word_1_470' title='bbox 830 4264 1153 4335; x_wconf 89' lang='grc' dir='ltr'>ἐπιδημίαν,</span> <span class='ocrx_word' id='word_1_471' title='bbox 1188 4263 1283 4316; x_wconf 65' lang='grc' dir='ltr'><strong>καὶ</strong></span> <span class='ocrx_word' id='word_1_472' title='bbox 1307 4264 1368 4316; x_wconf 73' lang='grc' dir='ltr'>τὸ</span> <span class='ocrx_word' id='word_1_473' title='bbox 1397 4261 1493 4315; x_wconf 72' lang='grc' dir='ltr'><strong>ἐπὶ</strong></span> <span class='ocrx_word' id='word_1_474' title='bbox 1539 4260 1619 4333; x_wconf 83' lang='grc' dir='ltr'>τῷ</span> <span class='ocrx_word' id='word_1_475' title='bbox 1657 4260 1883 4333; x_wconf 87' lang='grc' dir='ltr'>σταυρῷ</span> 
     </span>
    </p>
   </div>
   <div class='ocr_carea' id='block_1_69' title="bbox 1995 3057 3593 3129">
    <p class='ocr_par' dir='ltr' id='par_1_69' title="bbox 1995 3057 3593 3129">
     <span class='ocr_line' id='line_1_69' title="bbox 1995 3057 3593 3129; baseline 0 -16"><span class='ocrx_word' id='word_1_476' title='bbox 1995 3074 2128 3128; x_wconf 87' lang='lat' dir='ltr'><strong>pore</strong></span> <span class='ocrx_word' id='word_1_477' title='bbox 2155 3058 2259 3114; x_wconf 87' lang='lat' dir='ltr'><strong>diei</strong></span> <span class='ocrx_word' id='word_1_478' title='bbox 2298 3057 2537 3123; x_wconf 84' lang='lat' dir='ltr'><strong>Jezrael,</strong></span> <span class='ocrx_word' id='word_1_479' title='bbox 2570 3072 2698 3113; x_wconf 82' lang='lat' dir='ltr'><strong>vere</strong></span> <span class='ocrx_word' id='word_1_480' title='bbox 2734 3058 2938 3129; x_wconf 88' lang='lat' dir='ltr'><strong>magni,</strong></span> <span class='ocrx_word' id='word_1_481' title='bbox 2973 3073 3300 3114; x_wconf 87' lang='lat' dir='ltr'><strong>ascensuros</strong></span> <span class='ocrx_word' id='word_1_482' title='bbox 3325 3058 3394 3114; x_wconf 91' lang='lat' dir='ltr'><strong>de</strong></span> <span class='ocrx_word' id='word_1_483' title='bbox 3426 3068 3593 3125; x_wconf 90' lang='lat' dir='ltr'><strong>terra,</strong></span> 
     </span>
    </p>
   </div>
   <div class='ocr_carea' id='block_1_70' title="bbox 1997 3150 3596 3222">
    <p class='ocr_par' dir='ltr' id='par_1_70' title="bbox 1997 3150 3596 3222">
     <span class='ocr_line' id='line_1_70' title="bbox 1997 3150 3596 3222; baseline 0.002 -17"><span class='ocrx_word' id='word_1_484' title='bbox 1997 3150 2098 3205; x_wconf 91' lang='lat' dir='ltr'><strong>hoc</strong></span> <span class='ocrx_word' id='word_1_485' title='bbox 2117 3161 2224 3215; x_wconf 81' lang='lat' dir='ltr'><strong>est,</strong></span> <span class='ocrx_word' id='word_1_486' title='bbox 2260 3164 2291 3204; x_wconf 91' lang='lat' dir='ltr'><strong>e</strong></span> <span class='ocrx_word' id='word_1_487' title='bbox 2327 3151 2548 3221; x_wconf 76' lang='lat' dir='ltr'><strong>regione</strong></span> <span class='ocrx_word' id='word_1_488' title='bbox 2578 3150 3009 3222; x_wconf 74' lang='lat' dir='ltr'><strong>alienigenarum</strong></span> <span class='ocrx_word' id='word_1_489' title='bbox 3051 3150 3383 3207; x_wconf 86' lang='lat' dir='ltr'><strong>avolaturos.</strong></span> <span class='ocrx_word' id='word_1_490' title='bbox 3432 3152 3596 3219; x_wconf 87' lang='lat' dir='ltr'><strong>Quod</strong></span> 
     </span>
    </p>
   </div>
   <div class='ocr_carea' id='block_1_71' title="bbox 1994 3242 3597 3312">
    <p class='ocr_par' dir='ltr' id='par_1_71' title="bbox 1994 3242 3597 3312">
     <span class='ocr_line' id='line_1_71' title="bbox 1994 3242 3597 3312; baseline 0.001 -14"><span class='ocrx_word' id='word_1_491' title='bbox 1994 3252 2349 3298; x_wconf 78' lang='lat' dir='ltr'><strong>rursuinerat</strong></span> <span class='ocrx_word' id='word_1_492' title='bbox 2383 3242 2483 3297; x_wconf 90' lang='lat' dir='ltr'><strong>sub</strong></span> <span class='ocrx_word' id='word_1_493' title='bbox 2539 3251 2851 3312; x_wconf 80' lang='lat' dir='ltr'><strong>legumento</strong></span> <span class='ocrx_word' id='word_1_494' title='bbox 2900 3242 3452 3307; x_wconf 86' lang='lat' dir='ltr'><strong>indicare,desituros</strong></span> <span class='ocrx_word' id='word_1_495' title='bbox 3473 3258 3597 3301; x_wconf 87' lang='lat' dir='ltr'><strong>esse</strong></span> 
     </span>
    </p>
   </div>
   <div class='ocr_carea' id='block_1_72' title="bbox 1994 3335 3588 3407">
    <p class='ocr_par' dir='ltr' id='par_1_72' title="bbox 1994 3335 3588 3407">
     <span class='ocr_line' id='line_1_72' title="bbox 1994 3335 3588 3407; baseline 0 -15"><span class='ocrx_word' id='word_1_496' title='bbox 1994 3336 2314 3407; x_wconf 84' lang='lat' dir='ltr'><strong>peregrinos</strong></span> <span class='ocrx_word' id='word_1_497' title='bbox 2348 3345 2402 3391; x_wconf 90' lang='lat' dir='ltr'><strong>et</strong></span> <span class='ocrx_word' id='word_1_498' title='bbox 2425 3336 2682 3402; x_wconf 87' lang='lat' dir='ltr'><strong>advenas,</strong></span> <span class='ocrx_word' id='word_1_499' title='bbox 2707 3336 2815 3390; x_wconf 89' lang='lat' dir='ltr'><strong>imo</strong></span> <span class='ocrx_word' id='word_1_500' title='bbox 2846 3335 2987 3391; x_wconf 90' lang='lat' dir='ltr'><strong>bello</strong></span> <span class='ocrx_word' id='word_1_501' title='bbox 3024 3345 3235 3405; x_wconf 91' lang='lat' dir='ltr'><strong>captos,</strong></span> <span class='ocrx_word' id='word_1_502' title='bbox 3274 3343 3329 3391; x_wconf 91' lang='lat' dir='ltr'><strong>et</strong></span> <span class='ocrx_word' id='word_1_503' title='bbox 3353 3336 3588 3392; x_wconf 88' lang='lat' dir='ltr'><strong>alienam</strong></span> 
     </span>
    </p>
   </div>
   <div class='ocr_carea' id='block_1_73' title="bbox 1995 3427 3595 3496">
    <p class='ocr_par' dir='ltr' id='par_1_73' title="bbox 1995 3427 3595 3496">
     <span class='ocr_line' id='line_1_73' title="bbox 1995 3427 3595 3496; baseline 0.001 -13"><span class='ocrx_word' id='word_1_504' title='bbox 1995 3429 2296 3496; x_wconf 81' lang='lat' dir='ltr'><strong>regionem,</strong></span> <span class='ocrx_word' id='word_1_505' title='bbox 2323 3444 2428 3483; x_wconf 90' lang='lat' dir='ltr'><strong>non</strong></span> <span class='ocrx_word' id='word_1_506' title='bbox 2460 3438 2518 3481; x_wconf 90' lang='lat' dir='ltr'><strong>ut</strong></span> <span class='ocrx_word' id='word_1_507' title='bbox 2546 3427 2747 3485; x_wconf 89' lang='lat' dir='ltr'><strong>liberos</strong></span> <span class='ocrx_word' id='word_1_508' title='bbox 2774 3427 3024 3494; x_wconf 84' lang='lat' dir='ltr'><strong>decebat,</strong></span> <span class='ocrx_word' id='word_1_509' title='bbox 3046 3427 3595 3484; x_wconf 76' lang='lat' dir='ltr'><strong>incolentes.Pr:edi-</strong></span> 
     </span>
    </p>
   </div>
   <div class='ocr_carea' id='block_1_74' title="bbox 1993 3519 3593 3590">
    <p class='ocr_par' dir='ltr' id='par_1_74' title="bbox 1993 3519 3593 3590">
     <span class='ocr_line' id='line_1_74' title="bbox 1993 3519 3593 3590; baseline 0.001 -15"><span class='ocrx_word' id='word_1_510' title='bbox 1993 3520 2140 3575; x_wconf 84' lang='lat' dir='ltr'><strong>cavit</strong></span> <span class='ocrx_word' id='word_1_511' title='bbox 2166 3520 2312 3576; x_wconf 89' lang='lat' dir='ltr'><strong>enim</strong></span> <span class='ocrx_word' id='word_1_512' title='bbox 2351 3519 2604 3575; x_wconf 88' lang='lat' dir='ltr'><strong>Salvator</strong></span> <span class='ocrx_word' id='word_1_513' title='bbox 2628 3539 2646 3571; x_wconf 80' lang='grc' dir='ltr'><strong>ι</strong></span> <span class='ocrx_word' id='word_1_514' title='bbox 2674 3520 2903 3590; x_wconf 87' lang='lat' dir='ltr'><strong>captivis</strong></span> <span class='ocrx_word' id='word_1_515' title='bbox 2934 3520 3413 3590; x_wconf 85' lang='lat' dir='ltr'><strong>indulgentiam,et</strong></span> <span class='ocrx_word' id='word_1_516' title='bbox 3432 3522 3593 3577; x_wconf 67' lang='lat' dir='ltr'><strong>caecis</strong></span> 
     </span>
    </p>
   </div>
   <div class='ocr_carea' id='block_1_75' title="bbox 1992 3610 3584 3682">
    <p class='ocr_par' dir='ltr' id='par_1_75' title="bbox 1992 3610 3584 3682">
     <span class='ocr_line' id='line_1_75' title="bbox 1992 3610 3584 3682; baseline 0 -17"><span class='ocrx_word' id='word_1_517' title='bbox 1992 3620 2247 3681; x_wconf 88' lang='lat' dir='ltr'><strong>aspectus</strong></span> <span class='ocrx_word' id='word_1_518' title='bbox 2277 3613 2677 3668; x_wconf 88' lang='lat' dir='ltr'><strong>restitutionem</strong></span> <span class='ocrx_word' id='word_1_519' title='bbox 2711 3610 2782 3677; x_wconf 80' lang='grc'>⁸⁸,</span> <span class='ocrx_word' id='word_1_520' title='bbox 2802 3611 2999 3682; x_wconf 65' lang='lat' dir='ltr'><strong>ijuxta</strong></span> <span class='ocrx_word' id='word_1_521' title='bbox 3023 3611 3248 3667; x_wconf 82' lang='lat' dir='ltr'><strong>verbum</strong></span> <span class='ocrx_word' id='word_1_522' title='bbox 3283 3613 3584 3681; x_wconf 61' lang='lat' dir='ltr'><strong>prophetae.</strong></span> 
     </span>
    </p>
   </div>
   <div class='ocr_carea' id='block_1_76' title="bbox 1992 3701 3591 3774">
    <p class='ocr_par' dir='ltr' id='par_1_76' title="bbox 1992 3701 3591 3774">
     <span class='ocr_line' id='line_1_76' title="bbox 1992 3701 3591 3774; baseline 0.002 -17"><span class='ocrx_word' id='word_1_523' title='bbox 1992 3701 2165 3759; x_wconf 89' lang='lat' dir='ltr'><strong>Porro</strong></span> <span class='ocrx_word' id='word_1_524' title='bbox 2190 3719 2289 3774; x_wconf 90' lang='lat' dir='ltr'><strong>per</strong></span> <span class='ocrx_word' id='word_1_525' title='bbox 2320 3704 2481 3759; x_wconf 81' lang='lat' dir='ltr'><strong>ﬁdem</strong></span> <span class='ocrx_word' id='word_1_526' title='bbox 2515 3705 2568 3759; x_wconf 92' lang='lat' dir='ltr'><strong>in</strong></span> <span class='ocrx_word' id='word_1_527' title='bbox 2615 3704 3015 3772; x_wconf 90' lang='lat' dir='ltr'><strong>misericordia,</strong></span> <span class='ocrx_word' id='word_1_528' title='bbox 3057 3712 3114 3760; x_wconf 89' lang='lat' dir='ltr'><strong>ct</strong></span> <span class='ocrx_word' id='word_1_529' title='bbox 3145 3704 3591 3760; x_wconf 87' lang='lat' dir='ltr'><strong>miserationibus</strong></span> 
     </span>
    </p>
   </div>
   <div class='ocr_carea' id='block_1_77' title="bbox 1991 3797 3592 3869">
    <p class='ocr_par' dir='ltr' id='par_1_77' title="bbox 1991 3797 3592 3869">
     <span class='ocr_line' id='line_1_77' title="bbox 1991 3797 3592 3869; baseline 0.001 -18"><span class='ocrx_word' id='word_1_530' title='bbox 1991 3808 2329 3864; x_wconf 88' lang='lat' dir='ltr'><strong>susceptum,</strong></span> <span class='ocrx_word' id='word_1_531' title='bbox 2363 3805 2416 3852; x_wconf 89' lang='lat' dir='ltr'><strong>et</strong></span> <span class='ocrx_word' id='word_1_532' title='bbox 2443 3806 2695 3853; x_wconf 88' lang='lat' dir='ltr'><strong>vocatum</strong></span> <span class='ocrx_word' id='word_1_533' title='bbox 2729 3798 2795 3852; x_wconf 91' lang='lat' dir='ltr'><strong>iri</strong></span> <span class='ocrx_word' id='word_1_534' title='bbox 2844 3797 3073 3869; x_wconf 89' lang='lat' dir='ltr'><strong>populus</strong></span> <span class='ocrx_word' id='word_1_535' title='bbox 3109 3797 3226 3864; x_wconf 89' lang='lat' dir='ltr'><strong>Dei,</strong></span> <span class='ocrx_word' id='word_1_536' title='bbox 3249 3797 3378 3869; x_wconf 90' lang='lat' dir='ltr'><strong>quin</strong></span> <span class='ocrx_word' id='word_1_537' title='bbox 3406 3807 3461 3853; x_wconf 89' lang='lat' dir='ltr'><strong>et</strong></span> <span class='ocrx_word' id='word_1_538' title='bbox 3485 3798 3592 3853; x_wconf 90' lang='lat' dir='ltr'><strong>mi-</strong></span> 
     </span>
    </p>
   </div>
   <div class='ocr_carea' id='block_1_78' title="bbox 1991 3887 3580 3946">
    <p class='ocr_par' dir='ltr' id='par_1_78' title="bbox 1991 3887 3580 3946">
     <span class='ocr_line' id='line_1_78' title="bbox 1991 3887 3580 3946; baseline -0.001 -1"><span class='ocrx_word' id='word_1_539' title='bbox 1991 3887 2344 3945; x_wconf 85' lang='lat' dir='ltr'><strong>sericordiam</strong></span> <span class='ocrx_word' id='word_1_540' title='bbox 2384 3899 2741 3944; x_wconf 82' lang='lat' dir='ltr'><strong>consecutum</strong></span> <span class='ocrx_word' id='word_1_541' title='bbox 2780 3889 3017 3945; x_wconf 89' lang='lat' dir='ltr'><strong>dilucide</strong></span> <span class='ocrx_word' id='word_1_542' title='bbox 3048 3890 3407 3946; x_wconf 86' lang='lat' dir='ltr'><strong>demonstrat.</strong></span> <span class='ocrx_word' id='word_1_543' title='bbox 3440 3888 3580 3944; x_wconf 85' lang='lat' dir='ltr'><strong>Nam</strong></span> 
     </span>
    </p>
   </div>
   <div class='ocr_carea' id='block_1_79' title="bbox 1990 3978 3588 4052">
    <p class='ocr_par' dir='ltr' id='par_1_79' title="bbox 1990 3978 3588 4052">
     <span class='ocr_line' id='line_1_79' title="bbox 1990 3978 3588 4052; baseline 0.002 -17"><span class='ocrx_word' id='word_1_544' title='bbox 1990 3990 2114 4052; x_wconf 91' lang='lat' dir='ltr'><strong>post</strong></span> <span class='ocrx_word' id='word_1_545' title='bbox 2150 3978 2449 4035; x_wconf 79' lang='lat' dir='ltr'><strong>Salvatoris</strong></span> <span class='ocrx_word' id='word_1_546' title='bbox 2496 3981 2811 4045; x_wconf 89' lang='lat' dir='ltr'><strong>adventum,</strong></span> <span class='ocrx_word' id='word_1_547' title='bbox 2850 3991 2906 4035; x_wconf 89' lang='lat' dir='ltr'><strong>et</strong></span> <span class='ocrx_word' id='word_1_548' title='bbox 2940 3982 3351 4051; x_wconf 84' lang='lat' dir='ltr'><strong>perpessionem</strong></span> <span class='ocrx_word' id='word_1_549' title='bbox 3385 3984 3588 4048; x_wconf 89' lang='lat' dir='ltr'><strong>crucis,</strong></span> 
     </span>
    </p>
   </div>
   <div class='ocr_carea' id='block_1_80' title="bbox 1990 4069 3590 4143">
    <p class='ocr_par' dir='ltr' id='par_1_80' title="bbox 1990 4069 3590 4143">
     <span class='ocr_line' id='line_1_80' title="bbox 1990 4069 3590 4143; baseline 0 -15"><span class='ocrx_word' id='word_1_550' title='bbox 1990 4081 2045 4128; x_wconf 88' lang='lat' dir='ltr'><strong>et</strong></span> <span class='ocrx_word' id='word_1_551' title='bbox 2080 4072 2131 4127; x_wconf 92' lang='lat' dir='ltr'><strong>in</strong></span> <span class='ocrx_word' id='word_1_552' title='bbox 2157 4072 2323 4126; x_wconf 83' lang='lat' dir='ltr'><strong>vitam</strong></span> <span class='ocrx_word' id='word_1_553' title='bbox 2368 4069 2624 4137; x_wconf 88' lang='lat' dir='ltr'><strong>reditum,</strong></span> <span class='ocrx_word' id='word_1_554' title='bbox 2654 4070 2875 4126; x_wconf 71' lang='lat' dir='ltr'><strong>salvatze</strong></span> <span class='ocrx_word' id='word_1_555' title='bbox 2912 4082 3040 4126; x_wconf 90' lang='lat' dir='ltr'><strong>sunt</strong></span> <span class='ocrx_word' id='word_1_556' title='bbox 3086 4073 3304 4142; x_wconf 88' lang='lat' dir='ltr'><strong>quidem</strong></span> <span class='ocrx_word' id='word_1_557' title='bbox 3344 4073 3590 4143; x_wconf 68' lang='lat' dir='ltr'><strong>reliquiae</strong></span> 
     </span>
    </p>
   </div>
   <div class='ocr_carea' id='block_1_81' title="bbox 1993 4162 3586 4235">
    <p class='ocr_par' dir='ltr' id='par_1_81' title="bbox 1993 4162 3586 4235">
     <span class='ocr_line' id='line_1_81' title="bbox 1993 4162 3586 4235; baseline 0.001 -17"><span class='ocrx_word' id='word_1_558' title='bbox 1993 4163 2367 4235; x_wconf 89' lang='lat' dir='ltr'><strong>(crediderunt</strong></span> <span class='ocrx_word' id='word_1_559' title='bbox 2389 4162 2533 4217; x_wconf 89' lang='lat' dir='ltr'><strong>enim</strong></span> <span class='ocrx_word' id='word_1_560' title='bbox 2566 4178 2671 4218; x_wconf 93' lang='lat' dir='ltr'><strong>nou</strong></span> <span class='ocrx_word' id='word_1_561' title='bbox 2712 4163 2869 4233; x_wconf 89' lang='lat' dir='ltr'><strong>pauci</strong></span> <span class='ocrx_word' id='word_1_562' title='bbox 2900 4176 3129 4217; x_wconf 89' lang='lat' dir='ltr'><strong>numero</strong></span> <span class='ocrx_word' id='word_1_563' title='bbox 3161 4178 3227 4217; x_wconf 79' lang='lat' dir='ltr'><strong>ex</strong></span> <span class='ocrx_word' id='word_1_564' title='bbox 3254 4162 3464 4234; x_wconf 89' lang='lat' dir='ltr'><strong>Israel);</strong></span> <span class='ocrx_word' id='word_1_565' title='bbox 3494 4179 3586 4219; x_wconf 89' lang='lat' dir='ltr'><strong>re-</strong></span> 
     </span>
    </p>
   </div>
   <div class='ocr_carea' id='block_1_82' title="bbox 1991 4254 3589 4327">
    <p class='ocr_par' dir='ltr' id='par_1_82' title="bbox 1991 4254 3589 4327">
     <span class='ocr_line' id='line_1_82' title="bbox 1991 4254 3589 4327; baseline 0 -16"><span class='ocrx_word' id='word_1_566' title='bbox 1991 4257 2195 4312; x_wconf 90' lang='lat' dir='ltr'><strong>mansit</strong></span> <span class='ocrx_word' id='word_1_567' title='bbox 2230 4267 2412 4312; x_wconf 85' lang='lat' dir='ltr'><strong>tamen</strong></span> <span class='ocrx_word' id='word_1_568' title='bbox 2457 4256 2636 4312; x_wconf 89' lang='lat' dir='ltr'><strong>adhuc</strong></span> <span class='ocrx_word' id='word_1_569' title='bbox 2669 4254 2948 4311; x_wconf 87' lang='lat' dir='ltr'><strong>incredula</strong></span> <span class='ocrx_word' id='word_1_570' title='bbox 2973 4255 3283 4323; x_wconf 89' lang='lat' dir='ltr'><strong>multitudo,</strong></span> <span class='ocrx_word' id='word_1_571' title='bbox 3316 4271 3438 4327; x_wconf 83' lang='lat' dir='ltr'><strong>quae</strong></span> <span class='ocrx_word' id='word_1_572' title='bbox 3469 4272 3589 4311; x_wconf 91' lang='lat' dir='ltr'><strong>mu-</strong></span> 
     </span>
    </p>
   </div>
   <div class='ocr_carea' id='block_1_83' title="bbox 253 4349 1884 4428">
    <p class='ocr_par' dir='ltr' id='par_1_83' title="bbox 253 4351 1883 4428">
     <span class='ocr_line' id='line_1_83' title="bbox 253 4351 1883 4428; baseline -0.006 -14"><span class='ocrx_word' id='word_1_573' title='bbox 253 4364 460 4423; x_wconf 76' lang='grc' dir='ltr'>πάθος,</span> <span class='ocrx_word' id='word_1_574' title='bbox 495 4357 597 4411; x_wconf 75' lang='grc' dir='ltr'>καὶ</span> <span class='ocrx_word' id='word_1_575' title='bbox 628 4357 729 4428; x_wconf 79' lang='grc' dir='ltr'>τὴν</span> <span class='ocrx_word' id='word_1_576' title='bbox 776 4358 843 4410; x_wconf 91' lang='grc' dir='ltr'><strong>ἐκ</strong></span> <span class='ocrx_word' id='word_1_577' title='bbox 867 4354 1080 4426; x_wconf 83' lang='grc' dir='ltr'>νεκρῶν</span> <span class='ocrx_word' id='word_1_578' title='bbox 1110 4354 1433 4419; x_wconf 86' lang='grc' dir='ltr'>ἀναϐίωσιν,</span> <span class='ocrx_word' id='word_1_579' title='bbox 1466 4352 1739 4406; x_wconf 79' lang='grc' dir='ltr'>σέσωσται</span> <span class='ocrx_word' id='word_1_580' title='bbox 1782 4351 1883 4423; x_wconf 86' lang='grc' dir='ltr'><strong>μέν</strong></span> 
     </span>
    </p>
   </div>
   <div class='ocr_carea' id='block_1_84' title="bbox 1992 4349 3586 4428">
    <p class='ocr_par' dir='ltr' id='par_1_84' title="bbox 1992 4349 3586 4420">
     <span class='ocr_line' id='line_1_84' title="bbox 1992 4349 3586 4420; baseline 0.002 -17"><span class='ocrx_word' id='word_1_581' title='bbox 1992 4349 2109 4405; x_wconf 92' lang='lat' dir='ltr'><strong>Iieri</strong></span> <span class='ocrx_word' id='word_1_582' title='bbox 2153 4349 2375 4405; x_wconf 62' lang='lat' dir='ltr'><strong>lascivae</strong></span> <span class='ocrx_word' id='word_1_583' title='bbox 2434 4350 2681 4420; x_wconf 88' lang='lat' dir='ltr'><strong>apposite</strong></span> <span class='ocrx_word' id='word_1_584' title='bbox 2718 4358 3098 4419; x_wconf 89' lang='lat' dir='ltr'><strong>comparatur,</strong></span> <span class='ocrx_word' id='word_1_585' title='bbox 3141 4350 3267 4420; x_wconf 91' lang='lat' dir='ltr'><strong>quia</strong></span> <span class='ocrx_word' id='word_1_586' title='bbox 3309 4349 3586 4407; x_wconf 67' lang='lat' dir='ltr'><strong>caelestem</strong></span> 
     </span>
    </p>
   </div>
   <div class='ocr_carea' id='block_1_85' title="bbox 250 4441 1884 4516">
    <p class='ocr_par' dir='ltr' id='par_1_85' title="bbox 250 4441 1880 4516">
     <span class='ocr_line' id='line_1_85' title="bbox 250 4441 1880 4516; baseline -0.004 -13"><span class='ocrx_word' id='word_1_587' title='bbox 250 4452 315 4503; x_wconf 67' lang='grc' dir='ltr'>τὴ</span> <span class='ocrx_word' id='word_1_588' title='bbox 354 4447 721 4515; x_wconf 83' lang='grc' dir='ltr'>κατάλειμμα</span> <span class='ocrx_word' id='word_1_589' title='bbox 772 4443 1219 4516; x_wconf 80' lang='grc' dir='ltr'>(πεπιστεύκασι</span> <span class='ocrx_word' id='word_1_590' title='bbox 1247 4442 1357 4514; x_wconf 85' lang='grc' dir='ltr'><strong>γάρ</strong></span> <span class='ocrx_word' id='word_1_591' title='bbox 1384 4443 1485 4496; x_wconf 79' lang='grc' dir='ltr'><strong>οὐκ</strong></span> <span class='ocrx_word' id='word_1_592' title='bbox 1516 4441 1880 4514; x_wconf 84' lang='grc' dir='ltr'>εὐαρίθμητοι</span> 
     </span>
    </p>
   </div>
   <div class='ocr_carea' id='block_1_86' title="bbox 1992 4441 3581 4516">
    <p class='ocr_par' dir='ltr' id='par_1_86' title="bbox 1992 4442 3581 4514">
     <span class='ocr_line' id='line_1_86' title="bbox 1992 4442 3581 4514; baseline 0.001 -17"><span class='ocrx_word' id='word_1_593' title='bbox 1992 4442 2260 4513; x_wconf 85' lang='lat' dir='ltr'><strong>Sponsum</strong></span> <span class='ocrx_word' id='word_1_594' title='bbox 2292 4458 2398 4497; x_wconf 90' lang='lat' dir='ltr'><strong>non</strong></span> <span class='ocrx_word' id='word_1_595' title='bbox 2430 4443 2674 4513; x_wconf 77' lang='lat' dir='ltr'><strong>elegerit,</strong></span> <span class='ocrx_word' id='word_1_596' title='bbox 2704 4452 2760 4498; x_wconf 90' lang='lat' dir='ltr'><strong>et</strong></span> <span class='ocrx_word' id='word_1_597' title='bbox 2786 4452 3078 4511; x_wconf 86' lang='lat' dir='ltr'><strong>aspernata</strong></span> <span class='ocrx_word' id='word_1_598' title='bbox 3113 4443 3300 4514; x_wconf 88' lang='lat' dir='ltr'><strong>sitqui</strong></span> <span class='ocrx_word' id='word_1_599' title='bbox 3328 4443 3500 4514; x_wconf 89' lang='lat' dir='ltr'><strong>ipsam</strong></span> <span class='ocrx_word' id='word_1_600' title='bbox 3527 4445 3581 4498; x_wconf 92' lang='lat' dir='ltr'><strong>in</strong></span> 
     </span>
    </p>
   </div>
   <div class='ocr_carea' id='block_1_87' title="bbox 247 4532 1884 4608">
    <p class='ocr_par' dir='ltr' id='par_1_87' title="bbox 247 4532 1880 4608">
     <span class='ocr_line' id='line_1_87' title="bbox 247 4532 1880 4608; baseline -0.004 -15"><span class='ocrx_word' id='word_1_601' title='bbox 247 4538 365 4593; x_wconf 79' lang='grc' dir='ltr'><strong>τῶν</strong></span> <span class='ocrx_word' id='word_1_602' title='bbox 400 4536 747 4608; x_wconf 75' lang='grc' dir='ltr'>ἐξἸσραήλ)</span> <span class='ocrx_word' id='word_1_603' title='bbox 765 4554 779 4568; x_wconf 90' lang='grc'><strong>·</strong></span> <span class='ocrx_word' id='word_1_604' title='bbox 822 4536 1216 4608; x_wconf 85' lang='grc' dir='ltr'>άπομεμένηκε</span> <span class='ocrx_word' id='word_1_605' title='bbox 1243 4533 1301 4587; x_wconf 88' lang='grc' dir='ltr'>δὲ</span> <span class='ocrx_word' id='word_1_606' title='bbox 1326 4535 1488 4593; x_wconf 87' lang='grc' dir='ltr'>πάλιν</span> <span class='ocrx_word' id='word_1_607' title='bbox 1515 4534 1548 4605; x_wconf 77' lang='grc' dir='ltr'><strong>ἡ</strong></span> <span class='ocrx_word' id='word_1_608' title='bbox 1576 4532 1880 4588; x_wconf 82' lang='grc' dir='ltr'>ἀπειθοῦσα</span> 
     </span>
    </p>
   </div>
   <div class='ocr_carea' id='block_1_88' title="bbox 1992 4532 3589 4608">
    <p class='ocr_par' dir='ltr' id='par_1_88' title="bbox 1992 4534 3589 4603">
     <span class='ocr_line' id='line_1_88' title="bbox 1992 4534 3589 4603; baseline 0.004 -14"><span class='ocrx_word' id='word_1_609' title='bbox 1992 4534 2093 4590; x_wconf 89' lang='lat' dir='ltr'><strong>[ide</strong></span> <span class='ocrx_word' id='word_1_610' title='bbox 2123 4536 2390 4603; x_wconf 88' lang='lat' dir='ltr'><strong>ambibat,</strong></span> <span class='ocrx_word' id='word_1_611' title='bbox 2426 4545 2481 4592; x_wconf 89' lang='lat' dir='ltr'><strong>et</strong></span> <span class='ocrx_word' id='word_1_612' title='bbox 2503 4536 2712 4594; x_wconf 88' lang='lat' dir='ltr'><strong>Scribis</strong></span> <span class='ocrx_word' id='word_1_613' title='bbox 2743 4553 2808 4593; x_wconf 89' lang='lat' dir='ltr'><strong>ac</strong></span> <span class='ocrx_word' id='word_1_614' title='bbox 2834 4537 3126 4595; x_wconf 65' lang='lat' dir='ltr'><strong>Pharisatis</strong></span> <span class='ocrx_word' id='word_1_615' title='bbox 3156 4539 3324 4593; x_wconf 88' lang='lat' dir='ltr'><strong>veluti</strong></span> <span class='ocrx_word' id='word_1_616' title='bbox 3356 4538 3589 4596; x_wconf 60' lang='lat' dir='ltr'><strong>moechis</strong></span> 
     </span>
    </p>
   </div>
   <div class='ocr_carea' id='block_1_89' title="bbox 251 4624 1884 4701">
    <p class='ocr_par' dir='ltr' id='par_1_89' title="bbox 251 4624 1877 4701">
     <span class='ocr_line' id='line_1_89' title="bbox 251 4624 1877 4701; baseline -0.003 -19"><span class='ocrx_word' id='word_1_617' title='bbox 251 4630 504 4700; x_wconf 76' lang='grc' dir='ltr'>πληθὺς,</span> <span class='ocrx_word' id='word_1_618' title='bbox 535 4629 608 4700; x_wconf 82' lang='grc' dir='ltr'>ἢν</span> <span class='ocrx_word' id='word_1_619' title='bbox 656 4629 929 4701; x_wconf 84' lang='grc' dir='ltr'>μοιχαλίδι</span> <span class='ocrx_word' id='word_1_620' title='bbox 978 4626 1403 4699; x_wconf 85' lang='grc' dir='ltr'>παρεικαστέον,</span> <span class='ocrx_word' id='word_1_621' title='bbox 1431 4625 1524 4679; x_wconf 87' lang='grc' dir='ltr'><strong>διά</strong></span> <span class='ocrx_word' id='word_1_622' title='bbox 1566 4642 1650 4679; x_wconf 89' lang='grc' dir='ltr'><strong>τοι</strong></span> <span class='ocrx_word' id='word_1_623' title='bbox 1696 4624 1759 4678; x_wconf 81' lang='grc' dir='ltr'><strong>τὸ</strong></span> <span class='ocrx_word' id='word_1_624' title='bbox 1800 4624 1877 4696; x_wconf 84' lang='grc' dir='ltr'>μὴ</span> 
     </span>
    </p>
   </div>
   <div class='ocr_carea' id='block_1_90' title="bbox 1992 4624 3585 4701">
    <p class='ocr_par' dir='ltr' id='par_1_90' title="bbox 1992 4628 3585 4701">
     <span class='ocr_line' id='line_1_90' title="bbox 1992 4628 3585 4701; baseline 0.004 -19"><span class='ocrx_word' id='word_1_625' title='bbox 1992 4628 2315 4699; x_wconf 87' lang='lat' dir='ltr'><strong>quibusdam</strong></span> <span class='ocrx_word' id='word_1_626' title='bbox 2416 4629 2659 4685; x_wconf 88' lang='lat' dir='ltr'><strong>aninmm</strong></span> <span class='ocrx_word' id='word_1_627' title='bbox 2720 4631 3051 4701; x_wconf 88' lang='lat' dir='ltr'><strong>permiserit.</strong></span> <span class='ocrx_word' id='word_1_628' title='bbox 3106 4632 3379 4688; x_wconf 90' lang='lat' dir='ltr'><strong>Docebant</strong></span> <span class='ocrx_word' id='word_1_629' title='bbox 3438 4632 3585 4688; x_wconf 89' lang='lat' dir='ltr'><strong>enim</strong></span> 
     </span>
    </p>
   </div>
   <div class='ocr_carea' id='block_1_91' title="bbox 252 4717 1884 4794">
    <p class='ocr_par' dir='ltr' id='par_1_91' title="bbox 252 4717 1876 4792">
     <span class='ocr_line' id='line_1_91' title="bbox 252 4717 1876 4792; baseline -0.001 -17"><span class='ocrx_word' id='word_1_630' title='bbox 252 4722 489 4776; x_wconf 73' lang='grc' dir='ltr'>ἑλέσθαι</span> <span class='ocrx_word' id='word_1_631' title='bbox 524 4721 620 4774; x_wconf 79' lang='grc' dir='ltr'><strong>τὸν</strong></span> <span class='ocrx_word' id='word_1_632' title='bbox 665 4721 726 4788; x_wconf 78' lang='grc' dir='ltr'>ἐξ</span> <span class='ocrx_word' id='word_1_633' title='bbox 760 4720 995 4792; x_wconf 80' lang='grc' dir='ltr'>οὐρανοῦ</span> <span class='ocrx_word' id='word_1_634' title='bbox 1042 4719 1299 4791; x_wconf 81' lang='grc' dir='ltr'>νυμφίον,</span> <span class='ocrx_word' id='word_1_635' title='bbox 1332 4719 1428 4771; x_wconf 74' lang='grc' dir='ltr'><strong>καί</strong></span> <span class='ocrx_word' id='word_1_636' title='bbox 1461 4717 1724 4789; x_wconf 79' lang='grc' dir='ltr'>ἀθετῆσαι</span> <span class='ocrx_word' id='word_1_637' title='bbox 1775 4720 1876 4790; x_wconf 85' lang='grc' dir='ltr'><strong>μὲν</strong></span> 
     </span>
    </p>
   </div>
   <div class='ocr_carea' id='block_1_92' title="bbox 1992 4717 3584 4794">
    <p class='ocr_par' dir='ltr' id='par_1_92' title="bbox 1992 4721 3584 4794">
     <span class='ocr_line' id='line_1_92' title="bbox 1992 4721 3584 4794; baseline 0.004 -20"><span class='ocrx_word' id='word_1_638' title='bbox 1992 4722 2295 4778; x_wconf 66' lang='lat' dir='ltr'><strong>«doctrinas</strong></span> <span class='ocrx_word' id='word_1_639' title='bbox 2314 4732 2367 4777; x_wconf 88' lang='lat' dir='ltr'><strong>et</strong></span> <span class='ocrx_word' id='word_1_640' title='bbox 2386 4725 2640 4778; x_wconf 86' lang='lat' dir='ltr'><strong>mandata</strong></span> <span class='ocrx_word' id='word_1_641' title='bbox 2666 4723 2946 4780; x_wconf 89' lang='lat' dir='ltr'><strong>hominum</strong></span> <span class='ocrx_word' id='word_1_642' title='bbox 2962 4721 3259 4793; x_wconf 59' lang='lat' dir='ltr'><strong>&quot;ultaque</strong></span> <span class='ocrx_word' id='word_1_643' title='bbox 3283 4724 3438 4794; x_wconf 88' lang='lat' dir='ltr'><strong>quasi</strong></span> <span class='ocrx_word' id='word_1_644' title='bbox 3461 4739 3584 4780; x_wconf 90' lang='lat' dir='ltr'><strong>cum</strong></span> 
     </span>
    </p>
   </div>
   <div class='ocr_carea' id='block_1_93' title="bbox 249 4810 1877 4884">
    <p class='ocr_par' dir='ltr' id='par_1_93' title="bbox 249 4810 1877 4884">
     <span class='ocr_line' id='line_1_93' title="bbox 249 4810 1877 4884; baseline -0.001 -17"><span class='ocrx_word' id='word_1_645' title='bbox 249 4815 350 4867; x_wconf 74' lang='grc' dir='ltr'><strong>τὸν</strong></span> <span class='ocrx_word' id='word_1_646' title='bbox 384 4816 449 4868; x_wconf 87' lang='grc' dir='ltr'><strong>ἐν</strong></span> <span class='ocrx_word' id='word_1_647' title='bbox 484 4814 670 4866; x_wconf 86' lang='grc' dir='ltr'>πίστει</span> <span class='ocrx_word' id='word_1_648' title='bbox 702 4812 1011 4884; x_wconf 86' lang='grc' dir='ltr'>μνώμενον,</span> <span class='ocrx_word' id='word_1_649' title='bbox 1045 4815 1253 4884; x_wconf 86' lang='grc' dir='ltr'>μοιχοῖς</span> <span class='ocrx_word' id='word_1_650' title='bbox 1294 4811 1353 4866; x_wconf 83' lang='grc' dir='ltr'>δὲ</span> <span class='ocrx_word' id='word_1_651' title='bbox 1394 4810 1585 4880; x_wconf 83' lang='grc' dir='ltr'>ὥσπερ</span> <span class='ocrx_word' id='word_1_652' title='bbox 1612 4811 1753 4864; x_wconf 74' lang='grc' dir='ltr'>τισὶν</span> <span class='ocrx_word' id='word_1_653' title='bbox 1780 4813 1877 4865; x_wconf 87' lang='grc' dir='ltr'>ἀν-</span> 
     </span>
    </p>
   </div>
   <div class='ocr_carea' id='block_1_94' title="bbox 252 4905 1871 4977">
    <p class='ocr_par' dir='ltr' id='par_1_94' title="bbox 252 4905 1871 4977">
     <span class='ocr_line' id='line_1_94' title="bbox 252 4905 1871 4977; baseline 0 -16"><span class='ocrx_word' id='word_1_654' title='bbox 252 4912 404 4962; x_wconf 83' lang='grc' dir='ltr'>εῖναι</span> <span class='ocrx_word' id='word_1_655' title='bbox 457 4906 557 4959; x_wconf 80' lang='grc' dir='ltr'><strong>τὸν</strong></span> <span class='ocrx_word' id='word_1_656' title='bbox 607 4905 735 4960; x_wconf 89' lang='grc' dir='ltr'>νοῦν</span> <span class='ocrx_word' id='word_1_657' title='bbox 784 4908 898 4970; x_wconf 87' lang='grc' dir='ltr'>τοῖς</span> <span class='ocrx_word' id='word_1_658' title='bbox 947 4905 1343 4977; x_wconf 77' lang='grc' dir='ltr'>Γραμματεῦσι</span> <span class='ocrx_word' id='word_1_659' title='bbox 1398 4905 1493 4958; x_wconf 74' lang='grc' dir='ltr'>καὶ</span> <span class='ocrx_word' id='word_1_660' title='bbox 1532 4905 1871 4975; x_wconf 82' lang='grc' dir='ltr'>Φαρισαίοις.</span> 
     </span>
    </p>
   </div>
   <div class='ocr_carea' id='block_1_95' title="bbox 263 4994 1881 5070">
    <p class='ocr_par' dir='ltr' id='par_1_95' title="bbox 263 4994 1881 5070">
     <span class='ocr_line' id='line_1_95' title="bbox 263 4994 1881 5070; baseline -0.004 -15"><span class='ocrx_word' id='word_1_661' title='bbox 263 5000 595 5055; x_wconf 80' lang='grc' dir='ltr'>Ἐδίδασκον</span> <span class='ocrx_word' id='word_1_662' title='bbox 628 5000 737 5070; x_wconf 75' lang='grc' dir='ltr'>γὰρ</span> <span class='ocrx_word' id='word_1_663' title='bbox 771 4998 1124 5062; x_wconf 83' lang='grc' dir='ltr'>διδασκαλίας</span> <span class='ocrx_word' id='word_1_664' title='bbox 1177 4999 1273 5053; x_wconf 75' lang='grc' dir='ltr'>καὶ</span> <span class='ocrx_word' id='word_1_665' title='bbox 1318 4998 1632 5068; x_wconf 79' lang='grc' dir='ltr'>ἐντάλματα</span> <span class='ocrx_word' id='word_1_666' title='bbox 1669 4994 1881 5067; x_wconf 86' lang='grc' dir='ltr'>ἀνθρώ-</span> 
     </span>
    </p>
   </div>
   <div class='ocr_carea' id='block_1_96' title="bbox 251 5087 1882 5163">
    <p class='ocr_par' dir='ltr' id='par_1_96' title="bbox 251 5087 1882 5163">
     <span class='ocr_line' id='line_1_96' title="bbox 251 5087 1882 5163; baseline -0.002 -19"><span class='ocrx_word' id='word_1_667' title='bbox 251 5092 637 5161; x_wconf 75' lang='grc' dir='ltr'>πων.”Ωσπερ</span> <span class='ocrx_word' id='word_1_668' title='bbox 663 5087 757 5145; x_wconf 82' lang='grc' dir='ltr'><strong>οῦν</strong></span> <span class='ocrx_word' id='word_1_669' title='bbox 789 5094 857 5162; x_wconf 85' lang='grc' dir='ltr'>τῇ</span> <span class='ocrx_word' id='word_1_670' title='bbox 892 5091 1068 5163; x_wconf 87' lang='grc' dir='ltr'>πόρνῃ</span> <span class='ocrx_word' id='word_1_671' title='bbox 1094 5090 1262 5162; x_wconf 79' lang='grc' dir='ltr'>συνῆν</span> <span class='ocrx_word' id='word_1_672' title='bbox 1291 5091 1320 5143; x_wconf 86' lang='grc' dir='ltr'>ὁ</span> <span class='ocrx_word' id='word_1_673' title='bbox 1343 5090 1651 5161; x_wconf 73' lang='grc' dir='ltr'>προφήτης,</span> <span class='ocrx_word' id='word_1_674' title='bbox 1685 5089 1765 5153; x_wconf 88' lang='grc' dir='ltr'><strong>εἰς</strong></span> <span class='ocrx_word' id='word_1_675' title='bbox 1788 5087 1882 5141; x_wconf 84' lang='grc' dir='ltr'><strong>τύ-</strong></span> 
     </span>
    </p>
   </div>
   <div class='ocr_carea' id='block_1_97' title="bbox 251 5180 1879 5256">
    <p class='ocr_par' dir='ltr' id='par_1_97' title="bbox 251 5180 1879 5256">
     <span class='ocr_line' id='line_1_97' title="bbox 251 5180 1879 5256; baseline -0.001 -21"><span class='ocrx_word' id='word_1_676' title='bbox 251 5202 363 5236; x_wconf 79' lang='grc' dir='ltr'><strong>πον</strong></span> <span class='ocrx_word' id='word_1_677' title='bbox 399 5182 545 5237; x_wconf 86' lang='grc' dir='ltr'>Θεοῦ</span> <span class='ocrx_word' id='word_1_678' title='bbox 578 5184 678 5255; x_wconf 82' lang='grc' dir='ltr'>τῆς</span> <span class='ocrx_word' id='word_1_679' title='bbox 704 5183 797 5237; x_wconf 89' lang='grc' dir='ltr'><strong>τοῦ</strong></span> <span class='ocrx_word' id='word_1_680' title='bbox 836 5184 1055 5256; x_wconf 81' lang='grc' dir='ltr'>Ἰσραὴλ</span> <span class='ocrx_word' id='word_1_681' title='bbox 1076 5181 1409 5254; x_wconf 82' lang='grc' dir='ltr'>ἀνεχομένου</span> <span class='ocrx_word' id='word_1_682' title='bbox 1440 5182 1701 5252; x_wconf 88' lang='grc' dir='ltr'>πορνείας</span> <span class='ocrx_word' id='word_1_683' title='bbox 1721 5220 1736 5244; x_wconf 89' lang='grc'><strong>,</strong></span> <span class='ocrx_word' id='word_1_684' title='bbox 1782 5180 1879 5235; x_wconf 72' lang='grc' dir='ltr'><strong>καὶ</strong></span> 
     </span>
    </p>
   </div>
   <div class='ocr_carea' id='block_1_98' title="bbox 248 5272 1878 5347">
    <p class='ocr_par' dir='ltr' id='par_1_98' title="bbox 248 5272 1878 5347">
     <span class='ocr_line' id='line_1_98' title="bbox 248 5272 1878 5347; baseline -0.002 -19"><span class='ocrx_word' id='word_1_685' title='bbox 248 5273 598 5337; x_wconf 77' lang='grc' dir='ltr'>κολάζοντος</span> <span class='ocrx_word' id='word_1_686' title='bbox 630 5274 732 5342; x_wconf 82' lang='grc' dir='ltr'><strong>μὲν</strong></span> <span class='ocrx_word' id='word_1_687' title='bbox 757 5274 1091 5347; x_wconf 86' lang='grc' dir='ltr'>συμμέτρως</span> <span class='ocrx_word' id='word_1_688' title='bbox 1121 5276 1200 5338; x_wconf 88' lang='grc' dir='ltr'><strong>εἰς</strong></span> <span class='ocrx_word' id='word_1_689' title='bbox 1226 5272 1585 5345; x_wconf 81' lang='grc' dir='ltr'>ἐπιστροφὴν,</span> <span class='ocrx_word' id='word_1_690' title='bbox 1612 5272 1878 5343; x_wconf 88' lang='grc' dir='ltr'>ἀνακομί-</span> 
     </span>
    </p>
   </div>
   <div class='ocr_carea' id='block_1_99' title="bbox 251 5360 1878 5436">
    <p class='ocr_par' dir='ltr' id='par_1_99' title="bbox 251 5360 1878 5436">
     <span class='ocr_line' id='line_1_99' title="bbox 251 5360 1878 5436; baseline 0.001 -21"><span class='ocrx_word' id='word_1_691' title='bbox 251 5362 453 5427; x_wconf 84' lang='grc' dir='ltr'>ζοντος</span> <span class='ocrx_word' id='word_1_692' title='bbox 486 5363 544 5416; x_wconf 83' lang='grc' dir='ltr'>δὲ</span> <span class='ocrx_word' id='word_1_693' title='bbox 585 5364 725 5434; x_wconf 84' lang='grc' dir='ltr'>πρὸς</span> <span class='ocrx_word' id='word_1_694' title='bbox 758 5365 1055 5434; x_wconf 74' lang='grc' dir='ltr'>ἐπίγνωσιν</span> <span class='ocrx_word' id='word_1_695' title='bbox 1076 5381 1088 5395; x_wconf 96' lang='grc'><strong>·</strong></span> <span class='ocrx_word' id='word_1_696' title='bbox 1120 5368 1213 5418; x_wconf 78' lang='grc' dir='ltr'><strong>τὸν</strong></span> <span class='ocrx_word' id='word_1_697' title='bbox 1245 5364 1430 5430; x_wconf 78' lang='grc' dir='ltr'>αὑτὸν,</span> <span class='ocrx_word' id='word_1_698' title='bbox 1459 5360 1635 5436; x_wconf 82' lang='grc' dir='ltr'>οἶμαι,</span> <span class='ocrx_word' id='word_1_699' title='bbox 1675 5365 1878 5436; x_wconf 89' lang='grc' dir='ltr'>τρόπον</span> 
     </span>
    </p>
   </div>
   <div class='ocr_carea' id='block_1_100' title="bbox 252 5454 1877 5527">
    <p class='ocr_par' dir='ltr' id='par_1_100' title="bbox 252 5454 1877 5527">
     <span class='ocr_line' id='line_1_100' title="bbox 252 5454 1877 5527; baseline -0.001 -18"><span class='ocrx_word' id='word_1_700' title='bbox 252 5455 359 5509; x_wconf 70' lang='grc' dir='ltr'><strong>καὶ</strong></span> <span class='ocrx_word' id='word_1_701' title='bbox 419 5455 514 5508; x_wconf 79' lang='grc' dir='ltr'>διὰ</span> <span class='ocrx_word' id='word_1_702' title='bbox 567 5455 681 5508; x_wconf 88' lang='grc' dir='ltr'><strong>τῶν</strong></span> <span class='ocrx_word' id='word_1_703' title='bbox 734 5456 1118 5526; x_wconf 81' lang='grc' dir='ltr'>προκειμένων</span> <span class='ocrx_word' id='word_1_704' title='bbox 1174 5454 1481 5527; x_wconf 72' lang='grc' dir='ltr'>μορφοῦται</span> <span class='ocrx_word' id='word_1_705' title='bbox 1529 5454 1695 5509; x_wconf 84' lang='grc' dir='ltr'>πάλιν</span> <span class='ocrx_word' id='word_1_706' title='bbox 1744 5457 1877 5524; x_wconf 84' lang='grc' dir='ltr'>ἡμῖν</span> 
     </span>
    </p>
   </div>
   <div class='ocr_carea' id='block_1_101' title="bbox 253 5544 1879 5617">
    <p class='ocr_par' dir='ltr' id='par_1_101' title="bbox 253 5544 1879 5617">
     <span class='ocr_line' id='line_1_101' title="bbox 253 5544 1879 5617; baseline -0.002 -18"><span class='ocrx_word' id='word_1_707' title='bbox 253 5545 501 5609; x_wconf 82' lang='grc' dir='ltr'>ἀστείως</span> <span class='ocrx_word' id='word_1_708' title='bbox 545 5544 609 5598; x_wconf 82' lang='grc' dir='ltr'>τὺ</span> <span class='ocrx_word' id='word_1_709' title='bbox 663 5547 983 5617; x_wconf 84' lang='grc' dir='ltr'>μυστήριον.</span> <span class='ocrx_word' id='word_1_710' title='bbox 1026 5547 1120 5608; x_wconf 81' lang='grc' dir='ltr'><strong>Εἰς</strong></span> <span class='ocrx_word' id='word_1_711' title='bbox 1150 5545 1319 5598; x_wconf 84' lang='grc' dir='ltr'>τύπον</span> <span class='ocrx_word' id='word_1_712' title='bbox 1366 5546 1475 5615; x_wconf 75' lang='grc' dir='ltr'><strong>γάρ</strong></span> <span class='ocrx_word' id='word_1_713' title='bbox 1516 5545 1545 5597; x_wconf 84' lang='grc' dir='ltr'><strong>ό</strong></span> <span class='ocrx_word' id='word_1_714' title='bbox 1590 5547 1879 5615; x_wconf 77' lang='grc' dir='ltr'>προφήτης</span> 
     </span>
    </p>
   </div>
   <div class='ocr_carea' id='block_1_102' title="bbox 252 5634 1878 5707">
    <p class='ocr_par' dir='ltr' id='par_1_102' title="bbox 252 5634 1878 5707">
     <span class='ocr_line' id='line_1_102' title="bbox 252 5634 1878 5707; baseline 0.001 -19"><span class='ocrx_word' id='word_1_715' title='bbox 252 5635 395 5688; x_wconf 82' lang='grc' dir='ltr'>θεοῦ</span> <span class='ocrx_word' id='word_1_716' title='bbox 439 5635 817 5707; x_wconf 85' lang='grc' dir='ltr'>παραδέχεται</span> <span class='ocrx_word' id='word_1_717' title='bbox 849 5636 950 5707; x_wconf 80' lang='grc' dir='ltr'>μὲν</span> <span class='ocrx_word' id='word_1_718' title='bbox 977 5637 1075 5707; x_wconf 83' lang='grc' dir='ltr'>τὴν</span> <span class='ocrx_word' id='word_1_719' title='bbox 1104 5635 1389 5707; x_wconf 88' lang='grc' dir='ltr'>μοιχαλίδα</span> <span class='ocrx_word' id='word_1_720' title='bbox 1440 5635 1533 5688; x_wconf 73' lang='grc' dir='ltr'><strong>καὶ</strong></span> <span class='ocrx_word' id='word_1_721' title='bbox 1573 5634 1878 5704; x_wconf 85' lang='grc' dir='ltr'>ἀγαπῶσαν</span> 
     </span>
    </p>
   </div>
   <div class='ocr_carea' id='block_1_103' title="bbox 1982 4813 3587 4885">
    <p class='ocr_par' dir='ltr' id='par_1_103' title="bbox 1982 4813 3587 4885">
     <span class='ocr_line' id='line_1_103' title="bbox 1982 4813 3587 4885; baseline 0.003 -20"><span class='ocrx_word' id='word_1_722' title='bbox 1982 4814 2273 4868; x_wconf 86' lang='lat' dir='ltr'><strong>meretrice</strong></span> <span class='ocrx_word' id='word_1_723' title='bbox 2309 4822 2425 4867; x_wconf 87' lang='lat' dir='ltr'><strong>erat</strong></span> <span class='ocrx_word' id='word_1_724' title='bbox 2451 4814 2716 4883; x_wconf 86' lang='lat' dir='ltr'><strong>propheta</strong></span> <span class='ocrx_word' id='word_1_725' title='bbox 2758 4813 2811 4869; x_wconf 92' lang='lat' dir='ltr'><strong>in</strong></span> <span class='ocrx_word' id='word_1_726' title='bbox 2845 4823 3027 4885; x_wconf 87' lang='lat' dir='ltr'><strong>typqu</strong></span> <span class='ocrx_word' id='word_1_727' title='bbox 3054 4814 3172 4881; x_wconf 90' lang='lat' dir='ltr'><strong>Dei,</strong></span> <span class='ocrx_word' id='word_1_728' title='bbox 3196 4814 3587 4871; x_wconf 82' lang='lat' dir='ltr'><strong>fornicationes</strong></span> 
     </span>
    </p>
   </div>
   <div class='ocr_carea' id='block_1_104' title="bbox 1980 4903 3583 4976">
    <p class='ocr_par' dir='ltr' id='par_1_104' title="bbox 1980 4903 3583 4976">
     <span class='ocr_line' id='line_1_104' title="bbox 1980 4903 3583 4976; baseline 0.001 -16"><span class='ocrx_word' id='word_1_729' title='bbox 1980 4903 2149 4960; x_wconf 85' lang='lat' dir='ltr'><strong>Israel</strong></span> <span class='ocrx_word' id='word_1_730' title='bbox 2202 4904 2544 4971; x_wconf 85' lang='lat' dir='ltr'><strong>sustinentis,</strong></span> <span class='ocrx_word' id='word_1_731' title='bbox 2594 4908 2990 4976; x_wconf 88' lang='lat' dir='ltr'><strong>moderateque</strong></span> <span class='ocrx_word' id='word_1_732' title='bbox 3047 4906 3116 4961; x_wconf 90' lang='lat' dir='ltr'><strong>ad</strong></span> <span class='ocrx_word' id='word_1_733' title='bbox 3165 4907 3583 4963; x_wconf 88' lang='lat' dir='ltr'><strong>conversionem</strong></span> 
     </span>
    </p>
   </div>
   <div class='ocr_carea' id='block_1_105' title="bbox 1984 4995 3579 5068">
    <p class='ocr_par' dir='ltr' id='par_1_105' title="bbox 1984 4995 3579 5068">
     <span class='ocr_line' id='line_1_105' title="bbox 1984 4995 3579 5068; baseline 0.002 -18"><span class='ocrx_word' id='word_1_734' title='bbox 1984 4996 2339 5068; x_wconf 89' lang='lat' dir='ltr'><strong>punientis,et</strong></span> <span class='ocrx_word' id='word_1_735' title='bbox 2357 4995 2424 5051; x_wconf 91' lang='lat' dir='ltr'><strong>ad</strong></span> <span class='ocrx_word' id='word_1_736' title='bbox 2452 4997 2785 5067; x_wconf 82' lang='lat' dir='ltr'><strong>agnitionem</strong></span> <span class='ocrx_word' id='word_1_737' title='bbox 2805 4998 3131 5066; x_wconf 74' lang='lat' dir='ltr'><strong>revocantis;</strong></span> <span class='ocrx_word' id='word_1_738' title='bbox 3148 4999 3579 5068; x_wconf 87' lang='lat' dir='ltr'><strong>eodem,opinor,</strong></span> 
     </span>
    </p>
   </div>
   <div class='ocr_carea' id='block_1_106' title="bbox 1984 5085 3583 5157">
    <p class='ocr_par' dir='ltr' id='par_1_106' title="bbox 1984 5085 3583 5157">
     <span class='ocr_line' id='line_1_106' title="bbox 1984 5085 3583 5157; baseline 0 -16"><span class='ocrx_word' id='word_1_739' title='bbox 1984 5085 2147 5141; x_wconf 85' lang='lat' dir='ltr'><strong>modo</strong></span> <span class='ocrx_word' id='word_1_740' title='bbox 2185 5095 2239 5141; x_wconf 91' lang='lat' dir='ltr'><strong>et</strong></span> <span class='ocrx_word' id='word_1_741' title='bbox 2276 5101 2374 5156; x_wconf 89' lang='lat' dir='ltr'><strong>per</strong></span> <span class='ocrx_word' id='word_1_742' title='bbox 2396 5086 2564 5141; x_wconf 87' lang='lat' dir='ltr'><strong>verba</strong></span> <span class='ocrx_word' id='word_1_743' title='bbox 2603 5087 2880 5157; x_wconf 86' lang='lat' dir='ltr'><strong>proposita</strong></span> <span class='ocrx_word' id='word_1_744' title='bbox 2931 5102 3153 5142; x_wconf 87' lang='lat' dir='ltr'><strong>rursum</strong></span> <span class='ocrx_word' id='word_1_745' title='bbox 3188 5087 3347 5142; x_wconf 91' lang='lat' dir='ltr'><strong>nobis</strong></span> <span class='ocrx_word' id='word_1_746' title='bbox 3382 5094 3583 5156; x_wconf 79' lang='lat' dir='ltr'><strong>myste-</strong></span> 
     </span>
    </p>
   </div>
   <div class='ocr_carea' id='block_1_107' title="bbox 1983 5176 3577 5250">
    <p class='ocr_par' dir='ltr' id='par_1_107' title="bbox 1983 5176 3577 5250">
     <span class='ocr_line' id='line_1_107' title="bbox 1983 5176 3577 5250; baseline -0.001 -18"><span class='ocrx_word' id='word_1_747' title='bbox 1983 5178 2127 5233; x_wconf 87' lang='lat' dir='ltr'><strong>rium</strong></span> <span class='ocrx_word' id='word_1_748' title='bbox 2159 5177 2295 5233; x_wconf 91' lang='lat' dir='ltr'><strong>scite</strong></span> <span class='ocrx_word' id='word_1_749' title='bbox 2328 5178 2676 5233; x_wconf 79' lang='lat' dir='ltr'><strong>informatur.</strong></span> <span class='ocrx_word' id='word_1_750' title='bbox 2694 5177 2827 5233; x_wconf 82' lang='lat' dir='ltr'><strong>Nam</strong></span> <span class='ocrx_word' id='word_1_751' title='bbox 2851 5194 3141 5250; x_wconf 88' lang='lat' dir='ltr'><strong>personam</strong></span> <span class='ocrx_word' id='word_1_752' title='bbox 3176 5192 3239 5233; x_wconf 91' lang='lat' dir='ltr'><strong>ac</strong></span> <span class='ocrx_word' id='word_1_753' title='bbox 3268 5189 3449 5247; x_wconf 85' lang='lat' dir='ltr'><strong>typum</strong></span> <span class='ocrx_word' id='word_1_754' title='bbox 3481 5176 3577 5231; x_wconf 89' lang='lat' dir='ltr'><strong>Dei</strong></span> 
     </span>
    </p>
   </div>
   <div class='ocr_carea' id='block_1_108' title="bbox 1985 5268 3579 5342">
    <p class='ocr_par' dir='ltr' id='par_1_108' title="bbox 1985 5268 3579 5342">
     <span class='ocr_line' id='line_1_108' title="bbox 1985 5268 3579 5342; baseline -0.001 -17"><span class='ocrx_word' id='word_1_755' title='bbox 1985 5284 2181 5339; x_wconf 83' lang='lat' dir='ltr'><strong>gerens</strong></span> <span class='ocrx_word' id='word_1_756' title='bbox 2228 5272 2491 5340; x_wconf 89' lang='lat' dir='ltr'><strong>propheta</strong></span> <span class='ocrx_word' id='word_1_757' title='bbox 2531 5270 2833 5325; x_wconf 88' lang='lat' dir='ltr'><strong>adulteram</strong></span> <span class='ocrx_word' id='word_1_758' title='bbox 2862 5281 2917 5326; x_wconf 90' lang='lat' dir='ltr'><strong>et</strong></span> <span class='ocrx_word' id='word_1_759' title='bbox 2942 5271 3267 5342; x_wconf 86' lang='lat' dir='ltr'><strong>diligentem</strong></span> <span class='ocrx_word' id='word_1_760' title='bbox 3301 5268 3441 5322; x_wconf 86' lang='lat' dir='ltr'><strong>mala</strong></span> <span class='ocrx_word' id='word_1_761' title='bbox 3486 5268 3579 5323; x_wconf 82' lang='lat' dir='ltr'><strong>ad-</strong></span> 
     </span>
    </p>
   </div>
   <div class='ocr_carea' id='block_1_109' title="bbox 1986 5357 3576 5433">
    <p class='ocr_par' dir='ltr' id='par_1_109' title="bbox 1986 5357 3576 5433">
     <span class='ocr_line' id='line_1_109' title="bbox 1986 5357 3576 5433; baseline -0.001 -18"><span class='ocrx_word' id='word_1_762' title='bbox 1986 5363 2181 5427; x_wconf 88' lang='lat' dir='ltr'><strong>mittit;</strong></span> <span class='ocrx_word' id='word_1_763' title='bbox 2218 5362 2312 5416; x_wconf 80' lang='lat' dir='ltr'><strong>sed</strong></span> <span class='ocrx_word' id='word_1_764' title='bbox 2344 5363 2491 5417; x_wconf 82' lang='lat' dir='ltr'><strong>fovet</strong></span> <span class='ocrx_word' id='word_1_765' title='bbox 2520 5377 2665 5431; x_wconf 89' lang='lat' dir='ltr'><strong>eam,</strong></span> <span class='ocrx_word' id='word_1_766' title='bbox 2693 5362 3096 5433; x_wconf 90' lang='lat' dir='ltr'><strong>quodammodo</strong></span> <span class='ocrx_word' id='word_1_767' title='bbox 3124 5357 3576 5430; x_wconf 88' lang='lat' dir='ltr'><strong>promissionibus</strong></span> 
     </span>
    </p>
   </div>
   <div class='ocr_carea' id='block_1_110' title="bbox 1984 5451 3579 5523">
    <p class='ocr_par' dir='ltr' id='par_1_110' title="bbox 1984 5451 3579 5523">
     <span class='ocr_line' id='line_1_110' title="bbox 1984 5451 3579 5523; baseline -0.001 -16"><span class='ocrx_word' id='word_1_768' title='bbox 1984 5463 2040 5508; x_wconf 89' lang='lat' dir='ltr'><strong>et</strong></span> <span class='ocrx_word' id='word_1_769' title='bbox 2073 5456 2214 5508; x_wconf 89' lang='lat' dir='ltr'><strong>bona</strong></span> <span class='ocrx_word' id='word_1_770' title='bbox 2237 5469 2334 5523; x_wconf 89' lang='lat' dir='ltr'><strong>spe</strong></span> <span class='ocrx_word' id='word_1_771' title='bbox 2350 5454 2607 5522; x_wconf 80' lang='lat' dir='ltr'><strong>saginans</strong></span> <span class='ocrx_word' id='word_1_772' title='bbox 2635 5455 2858 5523; x_wconf 88' lang='lat' dir='ltr'><strong>optime,</strong></span> <span class='ocrx_word' id='word_1_773' title='bbox 2878 5453 2943 5508; x_wconf 90' lang='lat' dir='ltr'><strong>ad</strong></span> <span class='ocrx_word' id='word_1_774' title='bbox 2965 5451 3397 5517; x_wconf 87' lang='lat' dir='ltr'><strong>desperationem</strong></span> <span class='ocrx_word' id='word_1_775' title='bbox 3419 5464 3579 5505; x_wconf 89' lang='lat' dir='ltr'><strong>ruere</strong></span> 
     </span>
    </p>
   </div>
   <div class='ocr_carea' id='block_1_111' title="bbox 1988 5540 3575 5611">
    <p class='ocr_par' dir='ltr' id='par_1_111' title="bbox 1988 5540 3575 5611">
     <span class='ocr_line' id='line_1_111' title="bbox 1988 5540 3575 5611; baseline -0.003 -13"><span class='ocrx_word' id='word_1_776' title='bbox 1988 5559 2094 5598; x_wconf 91' lang='lat' dir='ltr'><strong>non</strong></span> <span class='ocrx_word' id='word_1_777' title='bbox 2136 5544 2286 5597; x_wconf 90' lang='lat' dir='ltr'><strong>sinit.</strong></span> <span class='ocrx_word' id='word_1_778' title='bbox 2322 5544 2375 5597; x_wconf 91' lang='lat' dir='ltr'><strong>lu</strong></span> <span class='ocrx_word' id='word_1_779' title='bbox 2415 5544 2498 5598; x_wconf 90' lang='lat' dir='ltr'><strong>his</strong></span> <span class='ocrx_word' id='word_1_780' title='bbox 2521 5544 2666 5597; x_wconf 90' lang='lat' dir='ltr'><strong>enim</strong></span> <span class='ocrx_word' id='word_1_781' title='bbox 2694 5542 2996 5597; x_wconf 90' lang='lat' dir='ltr'><strong>consistere</strong></span> <span class='ocrx_word' id='word_1_782' title='bbox 3038 5549 3210 5597; x_wconf 93' lang='lat' dir='ltr'><strong>totum</strong></span> <span class='ocrx_word' id='word_1_783' title='bbox 3259 5540 3575 5611; x_wconf 84' lang='lat' dir='ltr'><strong>mysterium</strong></span> 
     </span>
    </p>
   </div>
   <div class='ocr_carea' id='block_1_112' title="bbox 1987 5631 3576 5707">
    <p class='ocr_par' dir='ltr' id='par_1_112' title="bbox 1987 5631 3576 5707">
     <span class='ocr_line' id='line_1_112' title="bbox 1987 5631 3576 5707; baseline 0 -20"><span class='ocrx_word' id='word_1_784' title='bbox 1987 5635 2230 5689; x_wconf 84' lang='lat' dir='ltr'><strong>ostendit</strong></span> <span class='ocrx_word' id='word_1_785' title='bbox 2261 5635 2423 5703; x_wconf 88' lang='lat' dir='ltr'><strong>Deus,</strong></span> <span class='ocrx_word' id='word_1_786' title='bbox 2447 5650 2572 5690; x_wconf 91' lang='lat' dir='ltr'><strong>cum</strong></span> <span class='ocrx_word' id='word_1_787' title='bbox 2596 5635 2670 5691; x_wconf 88' lang='lat' dir='ltr'><strong>ita</strong></span> <span class='ocrx_word' id='word_1_788' title='bbox 2703 5634 3023 5706; x_wconf 87' lang='lat' dir='ltr'><strong>prophetam</strong></span> <span class='ocrx_word' id='word_1_789' title='bbox 3049 5633 3429 5707; x_wconf 86' lang='lat' dir='ltr'><strong>compellavit:</strong></span> <span class='ocrx_word' id='word_1_790' title='bbox 3459 5631 3576 5687; x_wconf 69' lang='lat' dir='ltr'><strong>«Di-</strong></span> 
     </span>
    </p>
   </div>
   <div class='ocr_carea' id='block_1_113' title="bbox 280 5810 1884 5884">
    <p class='ocr_par' dir='ltr' id='par_1_113' title="bbox 280 5810 1858 5884">
     <span class='ocr_line' id='line_1_113' title="bbox 280 5810 1858 5884; baseline 0.01 -23"><span class='ocrx_word' id='word_1_791' title='bbox 280 5810 331 5844; x_wconf 77' lang='grc' dir='ltr'><strong>³τ⁹</strong></span> <span class='ocrx_word' id='word_1_792' title='bbox 371 5810 577 5870; x_wconf 76' lang='lat' dir='ltr'><strong>Iloan.</strong></span> <span class='ocrx_word' id='word_1_793' title='bbox 610 5830 675 5882; x_wconf 87' lang='lat' dir='ltr'><strong>ll,</strong></span> <span class='ocrx_word' id='word_1_794' title='bbox 705 5814 800 5884; x_wconf 71' lang='lat'><strong>25,</strong></span> <span class='ocrx_word' id='word_1_795' title='bbox 879 5816 925 5847; x_wconf 79' lang='grc'><strong>⁸⁸</strong></span> <span class='ocrx_word' id='word_1_796' title='bbox 949 5814 1052 5872; x_wconf 88' lang='lat' dir='ltr'><strong>Isa.</strong></span> <span class='ocrx_word' id='word_1_797' title='bbox 1087 5831 1197 5882; x_wconf 72' lang='grc' dir='ltr'>ικι,</span> <span class='ocrx_word' id='word_1_798' title='bbox 1230 5814 1281 5869; x_wconf 73' lang='grc'>1.</span> <span class='ocrx_word' id='word_1_799' title='bbox 1360 5817 1404 5849; x_wconf 64' lang='grc'><strong>⁸9</strong></span> <span class='ocrx_word' id='word_1_800' title='bbox 1445 5816 1631 5871; x_wconf 86' lang='lat' dir='ltr'><strong>Matth.</strong></span> <span class='ocrx_word' id='word_1_801' title='bbox 1710 5833 1797 5881; x_wconf 73' lang='lat' dir='ltr'><strong>xv,</strong></span> <span class='ocrx_word' id='word_1_802' title='bbox 1826 5816 1858 5871; x_wconf 88' lang='lat'>9</span> 
     </span>
    </p>
   </div>
   <div class='ocr_carea' id='block_1_114' title="bbox 1992 5810 2353 5884">
    <p class='ocr_par' dir='ltr' id='par_1_114' title="bbox 1992 5815 2353 5882">
     <span class='ocr_line' id='line_1_114' title="bbox 1992 5815 2353 5882; baseline 0 -13"><span class='ocrx_word' id='word_1_803' title='bbox 1992 5816 2119 5871; x_wconf 86' lang='lat' dir='ltr'><strong>Iarc.</strong></span> <span class='ocrx_word' id='word_1_804' title='bbox 2164 5830 2258 5882; x_wconf 83' lang='lat' dir='ltr'><strong>vn,</strong></span> <span class='ocrx_word' id='word_1_805' title='bbox 2302 5815 2353 5869; x_wconf 88' lang='grc'>7.</span> 
     </span>
    </p>
   </div>
  </div>
