4094 6468
558 345 664 398 105

1547 335 1605 390 8.
1651 333 1928 392 CYRILLI
1967 330 2442 387 ALEXANDRINI
2481 329 2801 387 ARCIIIEP.

3722 340 3831 395 108

558 453 664 524 lige
699 449 995 506 adulteram
1019 457 1073 504 et
1100 445 1411 518 diligentem
1447 447 1608 511 mala,
1629 449 1772 502 sicut
1800 448 1942 502 Deus
1979 447 2145 516 diligit

2254 445 2322 499 τὰ
2357 445 2572 516 πονηρά
2593 461 2606 474 ·
2640 444 2968 516 περιθάλπει
3001 445 3078 509 δὲ,
3114 445 3304 518 ὥσπερ
3330 449 3449 511 ταῖς
3475 447 3831 516 ἐπαγγελίαις

563 547 705 600 ﬁlios
752 542 940 608 Israel,
971 552 1025 597 et
1055 541 1157 612 ipsi
1203 540 1499 610 respiciunt
1538 543 1604 595 ad
1651 542 1783 594 deos
1830 541 2057 603 alienos,
2088 548 2142 594 et

557 635 1036 694 amautcoctiones
1069 648 1192 690 cum
1225 631 1515 686 vinaceis.»
1541 630 1864 702 Quanquam
1889 631 2032 683 enim
2067 629 2142 683 iu-

559 727 828 792 credulos,
861 727 1057 795 inquit,
1090 734 1145 779 et
1177 724 1282 778 diis
1331 721 1718 777 commentitiis
1757 734 1997 774 amorem
2055 719 2144 772 tri-

562 823 878 885 buentes,et
901 818 1139 888 ipsorum
1172 816 1383 870 libidini
1414 814 1638 882 obsequi
1667 827 1771 864 non
1805 821 2138 876 recusantes,

558 911 668 981 59
717 925 780 964 ex
811 911 970 964 insita
1007 907 1338 978 benignitate
1377 905 1555 974 diligit
1583 903 1742 967 Deus,
1785 921 1802 953 ‹
1830 901 1919 970 qui
1952 915 2142 956 omnes

557 1003 808 1058 homines
840 1001 953 1054 vult
977 1000 1156 1056 salvos
1187 998 1322 1062 fieri,
1359 1007 1412 1052 et
1441 997 1510 1050 ad
1539 994 1871 1065 agnitionem
1902 991 2142 1046 veritatis

557 1093 744 1148 venire
765 1094 866 1145 θ’.»
895 1090 1106 1144 llabent
1136 1098 1316 1142 autem
1345 1083 1738 1156 propemodum
1777 1084 1915 1140 hanc
1936 1082 2140 1138 intelli-

553 1186 789 1256 gentiam
809 1184 972 1239 verba
1000 1183 1120 1247 Dei,
1147 1191 1382 1249 tempore
1412 1177 1675 1231 adventus
1699 1173 1901 1230 Christi
1938 1173 2142 1230 vixisse

559 1273 698 1328 forte
723 1275 858 1343 apud
877 1271 1091 1328 Iudaeos
1126 1271 1300 1329 adhuc
1339 1268 1554 1332 multos,
1575 1266 1665 1335 qui
1696 1263 1944 1320 neutrius
1967 1263 2141 1334 partis

560 1366 656 1420 toti
681 1375 854 1420 essent
876 1381 890 1430 ;
909 1366 998 1434 qui
1023 1379 1120 1418 nec
1150 1361 1418 1416 mandatis
1442 1358 1694 1414 Mosaicis
1720 1357 1931 1412 sincere
1961 1357 2143 1411 adhae-

561 1465 856 1520 rescerent,
873 1471 972 1510 nec
993 1471 1022 1508 a
1052 1454 1301 1509 sordibus
1333 1451 1671 1507 seductionis
1698 1448 1938 1520 perfecte
1959 1458 2141 1504 essent

556 1548 732 1613 liberi,
753 1549 1086 1619 respicerent
1115 1554 1292 1600 autem
1325 1542 1498 1614 magis
1519 1543 1586 1595 ad
1619 1540 1748 1595 deos
1775 1538 2142 1608 alienos,qui-

556 1641 660 1694 bus
689 1648 742 1694 et
785 1647 936 1694 cocta
975 1653 1094 1692 cum
1130 1635 1397 1700 vinaceis,
1437 1649 1531 1688 seu
1575 1633 1694 1685 uvis
1731 1631 1902 1700 passis
1946 1629 2141 1691 υσενε-

552 1729 706 1794 baut,
742 1745 949 1800 popana
985 1731 1218 1784 fortasse
1253 1729 1434 1800 (genus
1473 1722 1841 1793 crustuli)aut
1867 1721 2144 1792 placentas

2243 537 2338 590 καὶ
2371 537 2606 606 ἀγαθαῖς
2652 536 2833 590 ἐλπίσι
2884 538 3262 593 καταπιαίνων
3303 534 3362 592 εὖ
3408 538 3575 608 μάλα,
3606 538 3831 594 πίπτειν

2241 629 2340 681 οὐκ
2363 629 2429 700 ἐᾷ
2453 628 2588 702 πρὸς
2614 627 3075 698 ἀπόγνωσιν.”οτι
3107 629 3215 701 γὰρ
3241 631 3298 682 ἐν
3329 629 3540 693 τούτοις
3567 629 3686 683 ὅλον
3712 626 3832 681 ἐστὶ

2242 720 2302 773 τὸ
2336 721 2654 792 μυστήριον,
2682 719 3020 792 παρέδειξεν,
3050 719 3220 774 εἰπὼν
3271 720 3348 792 τῷ
3393 721 3648 791 προφήτῃ
3695 717 3832 780 Θεδς

2242 810 2416 873 οὕτως
2442 827 2456 843 ο
2502 811 2816 881 ’Δγάπησον
2859 811 2960 882 τὴν
2993 811 3275 884 μοιχαλίδα
3300 811 3395 864 καὶ
3431 810 3732 878 ἀγαπῶσαν
3759 807 3832 861 τά

2243 903 2478 976 πονηρὰ,
2509 905 2694 967 καθὼς
2748 905 2937 973 ἀγαπᾷ
2977 906 3006 956 6
3047 903 3180 968 Θεὸς
3219 905 3348 966 τοὺς
3395 902 3545 965 υἱοὺς
3590 901 3826 973 Ἰσραήλ.

2243 997 2358 1051 Καὶ
2387 996 2557 1051 ἀὐτοὶ
2606 996 2976 1050 ἀποϐλέπουσι
3018 998 3154 1068 πρὸς
3188 995 3344 1059 θεοὺς
3373 994 3708 1060 ἀλλοτρίους,
3727 993 3834 1070 ,καὶ

2242 1086 2460 1156 φιλοῦσι
2507 1086 2775 1156 πέμματα
2827 1085 2966 1155 μετά
3015 1084 3309 1154 σταφίδων.
3337 1077 3843 1150 Καίτοιγάρ,φησὶ,

2242 1179 2338 1233 καὶ
2371 1176 2619 1232 ἀπειθεῖν
2655 1175 2966 1246 ἑλομένους,
2997 1175 3092 1229 καὶ
3127 1175 3242 1237 τοῖς
3281 1171 3652 1242 ψευδωνύμοις
3686 1167 3832 1228 θεοῖς

2243 1267 2615 1337 ἀπονέμοντας
2661 1266 2762 1336 τὴν
2812 1265 3108 1335 ἀγάπησιν,
3142 1264 3237 1317 καὶ
3263 1263 3449 1324 αὐτοῖς
3493 1259 3563 1312 τὰ
3605 1256 3828 1327 θυμήρη

2242 1358 2486 1430 πληροῦν
2515 1357 2819 1422 ἐθέλοντας,
2856 1355 2915 1420 ἐξ
2949 1355 3194 1426 ἐμφύτου
3223 1352 3591 1424 χρηστότητος
3636 1347 3832 1416 ἀγαπᾷ

2242 1451 2271 1513 6
2299 1448 2540 1517 Θεὸς,ιδς
2567 1449 2772 1511 πάντας
2801 1447 3120 1519 ἀνθρώπους
3149 1445 3290 1499 θέλει
3321 1443 3579 1514 σωθῆναι,
3609 1441 3702 1494 καὶ
3746 1439 3832 1500 είς

2243 1541 2537 1608 ἐπίγνωσιν
2570 1538 2827 1609 ἀληθείας
2857 1538 3051 1592 ἐλθεῖν.
3083 1556 3103 1588 ›
3137 1536 3330 1588 Δίδωσι
3377 1532 3435 1586 δέ
3482 1546 3601 1593 πως
3639 1529 3772 1598 ἡμῖν
3802 1526 3833 1578 6

2242 1630 2335 1684 τοῦ
2379 1627 2514 1682 Θεοῦ
2557 1628 2714 1697 λόγος
2758 1629 2980 1690 ἐννοεῖν,
3007 1627 3088 1680 ὃτι
3116 1624 3258 1678 κατά
3286 1622 3377 1676 τὸν
3405 1621 3504 1690 τῆς
3535 1615 3834 1686 ἐπιδημίας

2243 1720 2437 1792 καιρὸν
2460 1715 2601 1790 ἦσάν
2626 1737 2729 1772 που
2759 1718 2902 1789 τάχα
2930 1717 3082 1787 παρά
3119 1715 3232 1777 τοῖς
3268 1711 3544 1772 Ἰουδαίοις
3575 1710 3832 1774 ἐπαμφο-

554 1795 972 1874 ιιιειιίιείείτδιὶει
998 1795 1565 1886 siquidemwpetumata
1591 1812 1926 1868 dmmonibus
1956 1811 2010 1865 in
2044 1826 2132 1866 sa-

2248 1813 2537 1886 περίζοντες
2566 1812 2648 1865 ἔτι
2679 1810 2882 1874 πολλοὶ,
2918 1808 3013 1862 καὶ
3049 1805 3174 1864 οὔτε
3209 1805 3321 1867 τοῖς
3353 1801 3442 1855 διὰ
3468 1798 3711 1886 Μωσέως
3744 1795 3834 1856 ev—

555 1911 820 1964 criiicium
857 1909 1052 1965 oll‘erre
1081 1917 1497 1964 consueverant,

2242 1881 2482 1972 τάλμασι
2507 1899 2888 1969 προσκείμενοι
2939 1893 3228 1966 καθαρῶς⁶
3265 1889 3389 1952 οὗτε
3441 1886 3548 1959 μὴν
3596 1881 3828 1972 εἰσάπαι

551 2001 961 2072 ἀπηλλαγμένοι
998 1999 1105 2055 τῶν
1149 2001 1248 2068 τῆς
1291 1999 1611 2068 πλανήσεως
1662 1996 1877 2068 ῥύπων,
1904 1995 2308 2060 ἀποϐλέποντες
2343 1971 2402 2049 δέ
2446 1993 2645 2063 μᾶλλον
2705 1991 2801 2047 καὶ
2867 1991 2948 2053 είς
2978 1989 3133 2050 θεοὺς
3193 1983 3526 2055 ἀλλοτρίους,
3600 1973 3685 2072 οἷς
3730 1971 3838 2072 κέξῖ

555 2070 824 2162 πέμματα
839 2091 1111 2163 προσῆγον
1131 2088 1272 2158 μετά
1290 2086 1584 2154 σταφίδων,
1611 2085 1832 2140 πόπανά
1852 2103 1956 2139 που
1981 2085 2145 2157 τάχα,
2185 2085 2282 2140 καὶ
2329 2084 2704 2156 μελιττούτας.
2771 2078 3179 2154 Προσεκόμιζον
3211 2076 3322 2147 γὰρ
3367 2075 3449 2138 εἰς
3488 2070 3680 2126 θυσίαν
3717 2070 3840 2130 τοῖς

551 2185 771 2254 δαίμοσι
803 2182 872 2234 τὰ
904 2181 1081 2234 τοιάδε
1108 2179 1399 2249 πέμματα.

626 2277 788 2330 \‘Ens.
815 2273 938 2327 2-6.
974 2271 1040 2326 Et
1068 2272 1298 2326 conduxi
1320 2287 1433 2326 eam
1465 2271 1593 2324 mihi
1614 2272 1914 2342 quindecim
1944 2287 2134 2342 argen-

551 2366 740 2431 1eis,ct
777 2379 960 2433 gomor
991 2361 1193 2424 hordei,
1225 2371 1273 2416 et
1315 2361 1460 2414 ucbel
1496 2362 1623 2424 rim’,
1658 2370 1706 2415 et
1735 2362 1849 2415 dixi
1872 2361 1940 2414 ad
1975 2376 2135 2417 eam:

561 2457 680 2510 Dies
711 2456 900 2508 multos
925 2455 1123 2507 sedebis
1168 2453 1305 2520 apud
1339 2467 1454 2515 me;
1486 2470 1585 2506 non
1640 2453 2006 2522 [ornicaberis,
2040 2466 2136 2507 lte-

550 2562 654 2616 que
679 2548 781 2600 eris
814 2547 922 2599 viro
945 2544 1126 2611 alteri,
1153 2553 1201 2597 et
1227 2559 1321 2613 ego
1356 2544 1496 2600 avud
1530 2552 1600 2603 te,

630 2720 868 2776 XXXIII.
928 2719 1174 2776 Mercede
1239 2719 1408 2790 igitur
1469 2719 1840 2778 mulierculam
1884 2723 2142 2780 conducit

2312 2266 2424 2322 Kal
2469 2265 2924 2336 ἐμισθευσάμην
2971 2261 3206 2335 ἐμαυτῷ
3262 2257 3690 2315 πεντεκαίδεκα
3729 2257 3839 2330 ἀρ·

2241 2358 2512 2430 γυρίους,
2573 2356 2670 2409 καὶ
2728 2356 2911 2430 γομόρ
2965 2352 3203 2422 κριθῶν,
3241 2351 3343 2404 καὶ
3398 2347 3575 2403 νέϐελ
3630 2349 3838 2407 οἴνου.

2242 2447 2347 2503 καὶ
2369 2443 2509 2502 εἶπα
2550 2449 2700 2514 πρὸς
2733 2445 2948 2512 αὑτήν·
3007 2442 3252 2512 Ἡμέρας
3315 2438 3548 2504 πολλὰς
3595 2437 3841 2505 καθήσῃ

2240 2536 2338 2590 ἐπ’
2392 2535 2556 2606 ἐμοί’
2594 2535 2693 2588 καὶ
2725 2539 2798 2590 οὐ
2825 2533 2912 2604 μὴ
2965 2533 3330 2602 πορνεύσῃς,
3390 2527 3535 2585 οὐδὲ
3561 2528 3643 2597 μὴ
3686 2526 3840 2600 γένῃ

2241 2626 2418 2696 ἀνδρὶ
2443 2626 2642 2695 ἑτέρῳ,
2682 2625 2778 2680 καὶ
2807 2624 2922 2695 ἐγὼ
2956 2621 3052 2678 ἐπὶ
3082 2624 3202 2678 σοι.

2314 2720 2437 2774 AI".
2487 2716 2941 2788 Καταμισθοῦται
3002 2713 3100 2786 μὲν
3148 2707 3242 2768 οὖν
3277 2712 3338 2766 τὸ
3382 2711 3604 2780 γύναιον
3631 2711 3659 2763 6
3696 2725 3842 2780 προ-

553 2815 837 2888 propheta.
861 2812 1099 2868 Collocat
1128 2821 1311 2866 autem
1337 2811 1576 2878 domi,et
1593 2828 1711 2868 eam
1739 2829 1768 2867 a
1809 2815 2053 2884 nequitia
2082 2829 2142 2870 se

2248 2811 2448 2882 φήτης,
2480 2807 2696 2870 καθίζει
2723 2806 2780 2867 δὲ
2799 2803 2960 2866 οἴκοι,
2985 2803 3079 2865 καὶ
3127 2802 3230 2872 τῆς
3261 2802 3318 2855 ὲν
3348 2801 3462 2854 ἔδει
3502 2797 3845 2868 φαυλότητος

558 2905 835 2970 cohibere,
867 2903 1227 2972 adulter-iique
1281 2905 1617 2960 fueditatibus
1657 2904 1820 2960 ﬁnem
1865 2905 2144 2977 imponere

2249 2901 2587 2972 ἀποσχέσθαι
2644 2898 2880 2962 κελεύει,
2909 2897 3003 2950 καὶ
3029 2895 3134 2956 τῶν
3168 2895 3266 2965 τῆς
3322 2891 3570 2964 μοιχείας
3597 2889 3844 2971 καταλῆ-

555 2994 728 3068 jubet.
761 2992 1055 3048 Pollicetur
1087 3007 1236 3056 vero,
1271 2993 1314 3046 si
1343 2996 1409 3047 ad
1457 2992 1631 3062 ipsum
1669 2993 1842 3048 solum
1880 3010 2145 3053 conversa

2248 2995 2335 3064 ξαι
2356 2991 2668 3066 μολυσμῶν.
2704 2987 3132 3057 Ἐπαγγέλλεταί
3155 3003 3216 3055 γε
3248 2987 3353 3057 μὴν
3386 2986 3683 3054 σωφρονεῖν
3699 2983 3845 3054 ᾑρη-

563 3085 632 3140 ab
660 3084 764 3137 alio
801 3085 1058 3138 intactam
1096 3097 1215 3138 sese
1237 3086 1660 3149 conservaverit,
1696 3085 1838 3154 apud
1889 3086 2061 3156 ipsam
2093 3096 2145 3141 et

2251 3087 2411 3160 μένῃ,
2463 3083 2559 3142 καὶ
2582 3083 2662 3145 εἰς
2691 3081 2851 3134 αὐτὸν
2879 3078 3064 3150 ὁρώσῃ
3091 3079 3250 3149 μόνον
3283 3079 3370 3130 ἐπ’
3394 3076 3531 3146 αὐτῇ
3566 3075 3658 3128 καὶ
3677 3073 3846 3137 αὐτὸς

561 3183 622 3224 se
646 3170 907 3233 futurum,
953 3169 1060 3222 hoc
1090 3176 1198 3236 est,
1220 3169 1286 3221 ad
1316 3168 1530 3222 thcrum
1577 3167 1911 3238 coniugalem
1937 3169 2145 3228 adhibi-

2248 3175 2486 3238 ἐσεσθαι.
2534 3173 2844 3236 Τουτέστιν,
2899 3168 3284 3224 οἰκειώσασθαι
3325 3165 3596 3239 γαμικῶς,
3633 3163 3726 3218 καὶ
3779 3163 3846 3224 ἓν

565 3269 766 3325 turum,
798 3270 852 3315 et
900 3273 1069 3314 unum
1131 3274 1252 3313 cum
1311 3258 1427 3327 ipsa
1478 3257 1740 3314 futurum.
1785 3258 1963 3328 lnquit
2001 3261 2144 3314 enim

2250 3265 2469 3320 ἐσεσθαι
2498 3265 2634 3335 πρὸς
2659 3263 2848 3333 αὐτήν
2882 3281 2899 3313 ι
2917 3261 3173 3314 Ἔσονται
3197 3261 3326 3331 γὰρ,
3368 3257 3554 3328 φησὶν,
3573 3257 3620 3310 οἱ
3645 3255 3738 3309 δύο
3760 3257 3848 3320 είς

564 3352 879 3420 Scriptura:
915 3367 934 3402 ι
967 3349 1127 3404 Erunt
1153 3350 1205 3409 hi
1232 3351 1342 3404 duo
1367 3349 1420 3404 in
1437 3364 1600 3404 carne
1626 3366 1730 3404 uua
1757 3351 1822 3404 “.
1857 3369 1875 3401 ι
1905 3350 2041 3417 Quid
2059 3367 2150 3404 au-

567 3451 672 3496 tem
699 3442 812 3496 vult
836 3441 1100 3510 aenigma?
1126 3440 1431 3495 Judmorum
1459 3442 1671 3500 turbam
1711 3441 2065 3509 incredulam,
2095 3451 2150 3497 et

565 3533 779 3590 Domini
829 3533 1222 3596 mactatricem,
1265 3532 1564 3588 adulteram
1617 3545 1670 3585 et
1712 3533 1977 3602 impuram
2028 3543 2143 3604 post

564 3623 766 3679 Christi
819 3623 873 3676 in
935 3621 1101 3676 rmlos
1148 3621 1378 3676 reditum
1423 3625 1612 3676 sedere
1658 3623 1832 3693 jubet,
1879 3623 1995 3679 siue
2033 3627 2148 3679 viro

563 3717 820 3786 quidem;
859 3722 1236 3766 verumtamen
1289 3713 1390 3767 nisi
1441 3715 1617 3767 adhuc
1651 3715 1915 3769 fornicata
1964 3714 2146 3781 fuerit,

567 3807 671 3861 hoc
706 3814 810 3869 est,
834 3805 878 3858 si
915 3805 1044 3859 deos
1071 3804 1276 3858 alienos
1303 3820 1512 3860 rursum
1537 3807 1714 3860 colere
1747 3808 2146 3872 detrectaverit,

565 3898 669 3951 sibi
689 3911 804 3950 eam
833 3911 929 3950 suo
955 3907 1194 3965 tempore
1216 3895 1589 3965 copulaturqu
1613 3900 2147 3971 promittit,gentium

566 3989 818 4044 videlicet
850 3987 1188 4043 multitudine
1219 3989 1368 4058 prius
1394 3988 1891 4059 iugressa.Positus
1908 3992 2149 4046 estenim

567 4095 599 4135 a
634 4089 782 4148 tergo
806 4077 991 4143 Israel,
1024 4079 1077 4133 id
1113 4089 1216 4144 est,
1250 4079 1464 4150 sequela
1497 4083 1761 4150 quardam,
1783 4093 1837 4135 et
1861 4083 2147 4151 appendix,

2251 3357 2430 3426 σάρκα
2476 3355 2660 3426 μίαν.»
2681 3354 2803 3407 Καὶ
2831 3351 2885 3405 τί
2909 3351 2970 3406 τὸ
2997 3353 3262 3421 αἵνιγμα;
3288 3349 3397 3420 Τὴν
3419 3349 3527 3402 τῶν
3567 3349 3846 3412 Ἰουδαίων

2251 3448 2482 3522 πληθὺν,
2514 3447 2613 3518 τὴν
2641 3444 2844 3515 ἀπειθῆ
2873 3443 2968 3497 καὶ
3007 3442 3395 3512 Κυριοκτόνον,
3419 3441 3517 3512 τὴν
3557 3439 3846 3511 μοιχαλίδα

2251 3541 2343 3596 καὶ
2375 3537 2598 3608 βέϐηλον
2652 3535 2791 3607 μετά
2836 3536 2898 3590 τὸ
2928 3534 3288 3608 ἀναφοιτῆσαι
3336 3533 3568 3604 Χριστὸν
3600 3535 3679 3594 εἰς
3713 3533 3848 3596 τοὺς

2250 3630 2570 3703 ἀνθρώπους
2599 3629 2813 3692 καθίζει
2846 3628 3001 3691 Θεὸς,
3045 3627 3302 3697 ἄνανδρον
3333 3627 3462 3696 μέν·
3505 3624 3642 3696 πλὴν
3673 3626 3721 3677 εί
3763 3625 3846 3696 μὴ

2253 3722 2602 3796 πορνεύσειεν
2624 3719 2727 3782 ἔτι,
2760 3718 3059 3780 τουτέστιν,
3090 3718 3138 3770 εί
3166 3717 3242 3788 μὴ
3269 3716 3474 3786 βαδίζοι
3500 3715 3662 3769 πάλιν
3698 3715 3846 3785 πρὸς

2250 3816 2310 3868 τὸ
2329 3815 2440 3867 δεῖν
2473 3812 2688 3866 ἑλέσθαι
2719 3812 2884 3881 τιμᾷν
2913 3809 3067 3872 θεοὺς
3101 3809 3414 3880 ἀλλοτρίους
3435 3848 3449 3869 ,
3487 3805 3666 3877 ἐαυτῷ
3715 3823 3847 3870 συν-

2252 3907 2410 3976 άψειν
2434 3905 2578 3959 κατά
2607 3903 2832 3974 καιροὺς
2853 3903 3270 3970 ἐπαγγέλλεται,
3303 3902 3400 3972 τῆς
3421 3899 3526 3953 τῶν
3555 3897 3722 3952 ἐθνῶν
3743 3897 3848 3968 δη-

2252 3995 2428 4048 λονότι
2467 3993 2708 4066 πληθύος
2747 3993 3294 4065 προεισκεκριμένης.
3336 3991 3587 4044 Τέθειντο
3617 3988 3727 4060 γὰρ
3759 3991 3847 4053 είς

2253 4087 2422 4140 νῶτον
2470 4086 2520 4138 οἱ
2548 4084 2608 4149 ἐξ
2643 4084 2888 4155 Ἰσραὴλ,
2940 4085 3207 4148 τουτέστι,
3239 4081 3706 4156 παρακολούθημα
3744 4081 3850 4145 καὶ

563 4181 622 4228 et
649 4172 702 4227 in
739 4173 1047 4242 postremis.
1079 4172 1317 4228 Observa
1366 4173 1515 4239 item,
1541 4190 1648 4242 quo
1693 4184 1851 4244 pacto
1898 4174 2145 4243 nuptialis

2254 4177 2428 4230 ὀπίσω
2458 4176 2549 4230 καὶ
2575 4178 2631 4232 ἐν
2650 4179 2761 4240 τοῖς
2778 4176 3047 4246 ἐσχάτοις.
3067 4176 3258 4246 Ἐπιτή
3269 4174 3437 4245 ρειδὲ,
3457 4174 3603 4236 ὅπως
3622 4171 3846 4235 σύνοδος

566 4278 854 4332 corporum
883 4264 1192 4332 coniunctio
1225 4266 1498 4334 prophetae
1529 4281 1650 4319 cum
1701 4265 1942 4320 adultera
1968 4277 2021 4319 et
2052 4269 2145 4319 im-

2261 4269 2358 4339 μὲν
2373 4285 2443 4337 γα
2451 4269 2586 4338 μικὴ
2608 4266 2685 4337 τῷ
2707 4268 2959 4344 προφήτῃ
2983 4266 3119 4337 πρὸς
3131 4266 3230 4336 τὴν
3247 4263 3530 4336 μοιχαλίδα
3563 4262 3657 4316 καὶ
3674 4278 3846 4332 πονη-

565 4355 734 4426 proba
767 4354 907 4407 nulla
950 4357 1108 4424 plane
1157 4354 1361 4424 fuerit;
1394 4357 1657 4424 promissa
1691 4372 1820 4411 vero
1863 4364 1982 4427 post
2033 4358 2145 4414 dies

2259 4359 2360 4431 ρὰν
2398 4358 2458 4412 ού
2509 4359 2732 4427 γέγονεν
2765 4358 2922 4424 ὅλως,
2960 4359 3254 4429 ὑπόσχεσις
3285 4358 3341 4410 δὲ
3386 4355 3481 4410 τοῦ
3514 4357 3845 4427 πράγματος

567 4445 788 4510 multos,
824 4447 922 4500 nisi
957 4447 1160 4500 interea
1206 4447 1397 4501 fuisset
1426 4463 1545 4502 cum
1587 4449 1704 4502 viro
1733 4464 1918 4503 rursus
1952 4449 2144 4514 altero,

2256 4452 2395 4526 μετά
2429 4449 2629 4513 πολλὰς
2655 4450 2891 4521 ἡμέρας,
2928 4451 2975 4503 εί
3009 4449 3086 4520 μὴ
3119 4450 3274 4520 ἀνδρὶ
3301 4448 3510 4518 γένοιτο
3541 4448 3701 4501 πάλιν
3731 4445 3848 4509 ἐτέρ

567 4537 671 4591 hoc
700 4545 803 4602 est,
834 4553 892 4591 se
918 4538 968 4590 in
999 4538 1300 4593 sceleribus
1329 4547 1383 4592 et
1413 4538 1810 4607 impuritatibus
1839 4539 2137 4594 fornicatio-

2253 4559 2352 4618 ρῳ,
2377 4543 2674 4607 τουτέστιν,
2698 4543 2745 4594 εἰ
2768 4541 3059 4614 ἀπόσχοιτο
3087 4539 3194 4596 τῶν
3227 4541 3325 4610 τῆς
3353 4540 3551 4610 νοητῆς
3581 4537 3848 4608 πορνείας

569 4627 654 4680 uis
691 4629 884 4682 auinue
915 4638 1238 4698 perpetratae
1269 4644 1374 4682 non
1403 4629 1848 4685 contaminasset.
1882 4629 2145 4699 Suscipiel

2248 4631 2610 4703 ἐγκλημάτων
2675 4633 2769 4694 καὶ
2831 4631 3142 4701 μολυσμῶν.
3185 4629 3501 4695 Εἰσδέξεται
3562 4625 3703 4697 γὰρ,
3764 4624 3845 4688 ὡς

569 4721 736 4783 enim,
773 4730 832 4771 ut
871 4721 1020 4787 dixi,
1063 4720 1352 4788 aliquando
1397 4720 1698 4782 adulteram
1750 4721 2162 4776 multitudinem‘

572 4825 801 4879 sponsus
833 4813 900 4864 de
939 4811 1096 4876 coelo,
1125 4811 1166 4864 si
1204 4811 1343 4864 idola
1382 4812 1565 4865 colere
1596 4813 1836 4866 desierit.
1866 4813 1988 4868 Post
2022 4831 2148 4872 cru-

573 4918 690 4957 cem
741 4904 882 4956 enim
938 4903 1238 4958 Salvatoris
1280 4905 1411 4959 solis
1459 4903 1626 4974 Moysi
1679 4905 1889 4975 legibus
1941 4907 2151 4964 deditus

574 5002 694 5045 erat
719 4991 921 5060 lsrael;
957 4992 1178 5048 ﬂaccide
1205 4991 1416 5063 quidem
1449 5005 1503 5049 et
1531 4997 1900 5065 negligenter;
1931 5013 2149 5051 verum-

577 5092 756 5137 tamen
785 5085 847 5137 ad
881 5085 1271 5152 pseudolatrias
1311 5086 1612 5143 datmonum
1647 5085 1929 5142 deﬂectere
1956 5104 2060 5143 non
2087 5089 2149 5142 li-

575 5175 754 5229 bebat.
789 5175 1054 5229 Caeterum
1100 5191 1220 5245 qua:
1273 5179 1411 5231 ratio
1459 5178 1581 5231 vitae
1623 5178 1885 5232 adulterio
1912 5178 2145 5247 pollutae,

571 5265 683 5335 60
713 5276 764 5319 et
802 5266 1074 5333 propheta:
1100 5269 1544 5321 consuetudinem
1583 5278 1823 5338 tempore
1863 5283 1961 5322 suo
2001 5270 2148 5322 lutu-

578 5372 691 5408 ram
722 5357 1094 5422 exspectanti?
1123 5366 1214 5410 aut
1255 5374 1372 5428 qua:
1399 5357 1636 5420 fuerunt,
1664 5360 1858 5429 quibus
1886 5361 2148 5414 conducta

576 5456 680 5508 εει,
710 5446 1024 5500 mercedes?
1060 5446 1426 5513 «Quindecim,
1467 5449 1664 5518 inquit,
1688 5450 1949 5520 argentei,
1980 5459 2031 5504 et
2054 5465 2152 5517 go-

563 5549 697 5609 Atnor
731 5537 936 5603 hordei,
962 5547 1013 5591 et
1057 5539 1208 5593 ucbel
1240 5540 1365 5594 viui.
1409 5559 1427 5592 ι
1465 5540 1854 5598 Perseverabat
1885 5541 2029 5600 enim
2075 5542 2150 5596 ls-

648 5709 697 5746 °°
727 5709 744 5763 Ι
771 5709 908 5766 Tim.
944 5728 1001 5778 ll,
1041 5713 1092 5769 4.
1171 5715 1210 5745 θ’
1251 5715 1385 5770 Gen.
1421 5731 1480 5778 ll,
1507 5715 1596 5770 ‘25.

2250 4722 2408 4793 ἔφην,
2446 4724 2588 4778 κατὰ
2617 4725 2844 4795 καιροὺς
2868 4723 2965 4794 τὴν
2995 4723 3278 4794 μοιχαλίδα
3323 4722 3532 4792 πληθὺν
3585 4718 3644 4795 ἐξ
3673 4720 3846 4786 οὐρα-

2251 4814 2343 4868 νοῦ
2373 4814 2625 4884 νυμφίος,
2653 4815 2714 4867 ού
2733 4814 3112 4884 λατρεύσασαν
3143 4813 3401 4876 εἰδώλοις.
3435 4811 3588 4874 Μετά
3611 4811 3720 4880 γάρ
3755 4826 3844 4861 τοι

2247 4907 2339 4960 τὸν
2375 4905 2469 4958 τοῦ
2504 4906 2757 4978 Σωτῆρος
2789 4907 3055 4978 σταυρὸν,
3107 4907 3288 4978 μόνοις
3324 4908 3438 4968 τοῖς
3462 4903 3549 4958 διὰ
3597 4901 3846 4963 Μωσέως

2251 4998 2649 5070 προσκείμενος
2685 4999 2870 5069 νόμοις
2934 5002 2963 5053 6
3031 4998 3269 5071 Ἰσραὴλ,
3313 4996 3529 5067 σαθρῶς
3575 4994 3672 5064 μὲν
3731 4990 3846 5060 γὰρ

2251 5087 2371 5140 λίαν
2406 5088 2500 5140 καὶ
2557 5089 3043 5159 κατημελημένως,
3075 5089 3212 5160 πλὴν
3243 5089 3344 5148 οὐκ
3375 5085 3736 5147 ἀπονένευκεν
3761 5081 3846 5144 εἰς

2255 5179 2317 5232 τὸ
2342 5178 2555 5232 ἑλέσθαι
2584 5182 2749 5252 τιμᾷν
2775 5181 2873 5244 τάς
2905 5182 3014 5234 τῶν
3057 5180 3348 5252 δαιμονίων
3397 5173 3843 5253 ψευδολατρείαςο

2270 5271 2432 5324 Ἀλλά
2463 5272 2546 5335 τίς
2576 5274 2604 5325 6
2649 5273 2847 5344 τρόπος
2881 5272 2980 5343 τῆς
3004 5272 3150 5340 ζωῆς
3177 5275 3243 5344 τῇ
3291 5267 3703 5347 μεμοιχευμένῃ
3750 5263 3849 5316 καὶ

2261 5363 2628 5436 περιμενούσῃ
2670 5364 2811 5419 κατά
2850 5365 3076 5436 καιροὺς
3113 5364 3207 5418 τοῦ
3261 5364 3544 5435 προφήτου
3585 5361 3686 5431 τὴν
3730 5375 3849 5411 κοι-

2261 5455 2496 5522 νωνίαν;
2526 5455 2559 5526 ἢ
2589 5439 2718 5510 ποῖα
2761 5456 2984 5524 γέγονεν
3012 5457 3150 5529 αὐτῇ
3189 5459 3257 5510 τά
3300 5453 3629 5526 μισθώματα
3651 5449 3849 5519 ςιῐῐεν-

2261 5545 2574 5611 τεκαίδεκα,
2619 5547 2806 5616 φησὶν.
2847 5545 3231 5619 ἀργύρια,’καὶ
3268 5546 3444 5617 γόμορ
3473 5542 3702 5614 κριθῶν,
3749 5537 3848 5594 val.
