4094 6456
329 421 442 477 ’ΒΕ

1277 418 1828 476 COMMENTARIUS
1870 423 1934 477 IN
1977 425 2212 481 OSEAM
2256 427 2712 485 PROPIIETAM.

3538 442 3559 494 i
3572 441 3640 495 06

329 538 496 588 νέὅελ
524 533 692 586 οἴνου.
732 553 750 582 ι
781 533 1131 587 Διατετέλεκε
1163 533 1270 604 γὰρ
1304 539 1330 587 ὁ
1367 536 1584 607 Ἰσραὴλ
1615 539 1705 589 τὸν
1741 540 1928 607 μεταξί

2051 542 2161 596 rael
2187 559 2355 611 usque
2381 547 2444 598 ad
2472 555 2775 601 extremum
2806 539 3016 615 tempus
3047 551 3345 607 vocationis
3364 570 3473 610 suae
3496 565 3640 625 pasci

332 628 429 695 τῇς
472 625 718 694 ἐσχάτης
749 622 921 675 αὑτοῦ
953 623 1199 693 κλήσεως
1227 624 1437 694 χρόνον,
1474 627 1719 696 ἀδοκίμῳ
1749 629 1941 696 τρειρό⁸

327 733 501 788 μενος
547 715 716 785 λόγῳ,
764 715 861 767 καὶ
910 715 1283 780 διδασκαλίαις
1319 717 1603 786 προσέχων
1633 721 1753 781 ταῖς
1781 719 1940 789 μυθι-

324 811 457 870 καῖς
512 811 612 861 καὶ
646 806 1059 878 γραοπρεπέσιν
1096 808 1176 877 (1)
1217 807 1434 878 ἀληθῶς
1483 811 1604 872 ταῖς
1643 809 1750 862 τῶν
1797 811 1941 874 ἰδίως

323 900 693 972 καθηγητῶν.
725 899 924 968 Γέγονε
948 899 1002 952 δὲ
1028 900 1177 970 αύτῴ
1209 902 1591 972 κτηνοπρεπὴς
1616 903 1644 954 ὁ
1675 903 1811 972 βίος,
1848 905 1942 956 καὶ

321 995 351 1046 ὁ
394 994 527 1056 νοῦς
567 995 628 1045 ὲν
665 991 805 1063 μέθῃ
864 991 958 1044 καὶ
1015 992 1210 1063 σκότῳ.
1252 992 1433 1057 Τύπος
1479 992 1524 1045 δ’
1579 993 1646 1046 ἂν
1698 994 1783 1063 εἴη
1846 994 1941 1047 καὶ

321 1087 482 1155 μάλα
525 1085 740 1154 σαφὴς,
781 1083 942 1151 λόγου
996 1084 1095 1153 μὲν
1120 1083 1508 1138 διδασκαλικοῦ
1543 1084 1604 1137 τὸ
1641 1085 1936 1156 ἀργύριον,

319 1181 476 1234 κατὰ
509 1199 573 1249 γε
609 1180 670 1234 τὸ
690 1178 780 1232 διὰ
812 1179 914 1249 τῆς
941 1179 1168 1232 Ἡσαΐου
1201 1180 1386 1249 φωνῆς
1408 1179 1546 1250 πρὸς
1567 1181 1765 1242 αὐτοὺς
1792 1182 1940 1250 είρηο

322 1273 522 1342 μένον·
547 1291 566 1323 ι
580 1272 655 1325 Τὸ
674 1269 940 1341 ἀργύριον
959 1269 1111 1338 ὑμῶν
1131 1269 1414 1340 ἀδόκιμον,
1433 1270 1712 1323 »καὶκατὰ
1729 1269 1826 1340 τὴν
1843 1269 1936 1322 τοῦ

317 1364 594 1433 Σωτῆρος
636 1359 841 1432 φωνὴν,
888 1359 968 1430 τῷ
1009 1359 1231 1432 πονηρῷ
1255 1362 1347 1415 καὶ
1393 1360 1612 1433 ὀκνηρῷ
1642 1361 1815 1432 δούλῳ
1857 1361 1938 1414 δι-

318 1457 504 1519 καίως
529 1453 901 1524 ἐπιτιμῶντος
946 1454 1037 1506 καὶ
1069 1453 1375 1521 λέγοντος·ι
1406 1453 1553 1506 Ἔδει
1582 1472 1641 1506 σε
1671 1453 1854 1524 βαλεῖν
1878 1454 1939 1506 τὸ

316 1548 601 1619 ἀργύριόν
637 1565 739 1616 μου
773 1549 889 1608 τοῖς
925 1546 1305 1616 τραπεζίταις.
1343 1566 1360 1598 ι
1396 1547 1607 1601 Οὐκοῦν
1659 1547 1723 1600 τὸ
1763 1547 1938 1619 ἀργύ-

317 1660 466 1712 ριον,
489 1641 554 1694 τὸ
581 1641 693 1693 τῶν
719 1639 1081 1692 διδασκόντων
1112 1638 1306 1710 ὲκδέξη
1331 1638 1508 1707 λόγον.

396 1735 464 1786 Εἰ
495 1735 553 1786 δὲ
585 1733 649 1801 δή
676 1749 762 1794 τις
789 1730 966 1784 ἕλοιτο
996 1730 1092 1782 καὶ
1131 1730 1211 1793 εἰς
1250 1731 1416 1783 αὐτὸν
1442 1729 1533 1784 τὸν
1564 1729 1653 1784 διὰ
1686 1731 1936 1794 Μωσέως

315 1827 571 1880 ἀνοίσειν
597 1825 784 1895 νόμον,
819 1821 1217 1876 πεντεκαίδεκα
1261 1817 1401 1876 εἶναι
1442 1823 1628 1894 φήσει,
1661 1822 1694 1894 ἢ
1731 1824 1812 1876 ὅτι
1848 1823 1937 1876 τέ-

2043 648 2107 687 ac
2131 636 2322 688 nutriri
2359 637 2680 693 adulterinis
2713 641 3075 705 sermonibus,
3115 651 3170 695 et
3207 647 3488 701 attendere
3547 649 3641 701 do-

2042 726 2235 780 cuinis
2266 725 2524 783 fabulosis
2569 739 2624 784 et
2669 745 2796 785 vere
2839 732 3073 788 anilibus
3097 736 3483 803 magistroru-rn
3516 755 3644 796 suo-

2041 834 2184 872 rum.
2210 815 2330 872 Vita
2373 829 2552 874 autem
2588 821 2692 875 fuit
2727 823 2775 876 ei
2821 823 3115 879 bestiarum
3165 828 3285 882 vitae
3329 831 3545 899 similis,
3588 845 3644 890 et

2042 925 2195 964 mens
2224 912 2374 966 ebria
2424 929 2488 968 ac
2539 917 2780 970 tenebris
2815 916 3008 975 olfusa.
3045 919 3276 977 Evidens
3313 933 3470 996 typus
3516 943 3640 982 esse

2042 1009 2520 1070 potest,sermonis
2550 1007 2765 1073 quidem
2803 1009 3138 1065 instituentis
3170 1018 3639 1084 argentum,jnxut

2042 1091 2191 1157 illud,
2218 1095 2361 1161 quod
2401 1097 2469 1147 ab
2505 1095 2640 1150 Isaia
2672 1098 2737 1152 ad
2765 1115 2858 1154 eos
2888 1099 3090 1154 dictum
3122 1114 3240 1160 est:
3284 1124 3301 1157 ι
3333 1106 3634 1177 Argentum

2041 1195 2282 1240 vestrum
2313 1192 2604 1257 reprobum
2632 1191 2674 1220 ⁸⁸
2704 1207 2751 1258 ς»
2790 1203 2842 1247 et
2873 1194 3026 1263 juxta
3061 1198 3282 1252 verbum
3317 1197 3635 1266 Salvatoris,

2050 1292 2267 1332 servum
2303 1295 2533 1348 nequam
2577 1293 2629 1335 et
2667 1285 2873 1352 pigrum
2908 1287 3054 1356 juste
3103 1288 3427 1358 increpantis
3461 1309 3524 1348 ac
3559 1296 3637 1347 di-

2042 1367 2247 1420 centis:
2285 1387 2302 1418 ι
2330 1368 2581 1438 Oportuit
2631 1383 2682 1426 te
2732 1377 3074 1431 committere
3114 1389 3394 1447 argentum
3451 1399 3628 1438 meum

2043 1460 2422 1516 nummulariis
2450 1462 2516 1517 ⁸³.
2550 1482 2568 1515 ›
2614 1463 2798 1535 Itaque
2824 1470 3034 1537 argenti
3075 1477 3292 1528 nomine
3323 1488 3630 1530 sermonem

2044 1552 2354 1608 docentium
2379 1556 2630 1625 _accipies
2657 1608 2670 1620 ,

2117 1730 2266 1796 Quod
2287 1731 2328 1786 si
2355 1733 2438 1785 cui
2466 1732 2928 1802 placueritetiam,
2947 1737 3012 1792 ad
3034 1738 3202 1807 ipsam
3231 1741 3427 1813 Moysis
3455 1743 3625 1814 legem

2045 1819 2271 1884 referre,
2307 1823 2613 1888 quindecim
2669 1833 2954 1895 argenteos
2996 1841 3115 1882 esse
3167 1830 3332 1895 dicet,
3367 1843 3458 1886 aut
3501 1837 3625 1903 quia

315 1919 471 1981 λειὸς
502 1935 562 1970 τε
601 1917 738 1988 ὁμοῦ
787 1915 882 1969 καὶ
919 1913 1116 1984 ἀτελὴς
1147 1915 1174 1966 ὁ
1208 1913 1390 1984 νόμος.
1429 1915 1542 1968 Καὶ
1576 1915 1780 1978 τέλειος
1812 1914 1928 1986 μὲν,

2038 1908 2276 1978 perfecta
2327 1913 2486 1966 simul
2533 1923 2586 1968 et
2638 1913 2952 1984 imperfecta
3002 1930 3086 1974 est
3135 1919 3258 1976 lex:
3293 1933 3346 1976 et
3390 1899 3624 1993 perfecta

315 2014 369 2063 εἰ
399 2012 582 2062 νοοῖτο
620 2005 1010 2076 πνευματικῶς
1055 2004 1232 2071 (λαλεῖ
1266 2004 1374 2076 γὰρ
1403 2007 1538 2076 ἡμῖν
1567 2005 1660 2059 τοῦ
1694 2003 1935 2077 Χριστοῦ

320 2101 690 2173 μυστήριον)·
727 2098 927 2170 ἀτελὴς
947 2100 1003 2151 δὲ
1029 2095 1118 2164 αὖ,
1148 2100 1196 2150 εἰ
1220 2099 1413 2168 μέχρις
1441 2098 1509 2150 τοι
1541 2097 1636 2150 τοῦ
1671 2099 1936 2169 γράμμα-

313 2212 416 2257 τος
441 2194 558 2246 τῶν
591 2189 1132 2260 παιδαγωγουμένων
1157 2190 1185 2242 ὁ
1215 2189 1360 2253 νοῦς.
1392 2189 1568 2242 Οἰονεὶ
1592 2189 1701 2262 γάρ
1736 2207 1852 2252 πως
1878 2191 1934 2243 ἐν

315 2286 521 2357 ἡμίσει
559 2285 820 2352 γνώσεως
853 2283 952 2352 τῆς
983 2281 1226 2353 ἱστορίας
1255 2281 1318 2334 τὸ
1350 2283 1544 2352 πάχος.
1580 2282 1854 2352 Σύμὸολον
1877 2282 1934 2334 δὲ

313 2379 671 2448 τελειότητος
715 2379 744 2430 ὁ
793 2376 927 2430 δέκα
974 2375 1123 2428 ἐστὶν
1159 2375 1425 2446 ἀριθμὸς,
1464 2375 1776 2439 παντέλειος
1815 2375 1889 2427 ὢν
1913 2414 1928 2439 ,

315 2470 469 2525 κατὰ
487 2471 572 2533 τὸ,
591 2487 611 2520 ι
637 2470 770 2521 Ἐσο
788 2468 974 2521 ἐπάνω
993 2467 1124 2521 δέκα
1156 2466 1362 2520 πόλεων
1382 2481 1396 2495 ⁸
1410 2485 1430 2519 ι
1455 2466 1653 2532 καὶτὸ,
1678 2485 1695 2518 ι
1718 2467 1807 2537 Τῷ
1833 2467 1930 2538 μὲν

313 2563 498 2617 ἔδωκε
553 2561 719 2616 πέντε
751 2560 1012 2616 τάλαντα..
1046 2579 1064 2610 ›
1103 2560 1210 2612 Τοῦ
1244 2559 1300 2612 δὲ
1332 2559 1406 2628 μὴ
1454 2558 1629 2622 οὕτως
1678 2559 1927 2629 ἔχοντος,

311 2657 483 2707 νοοῖτ’
521 2653 590 2706 ἂν
623 2655 653 2706 ὁ
679 2652 865 2706 πέντε.
908 2651 1018 2706 Καὶ
1048 2650 1178 2722 γὰρ,
1213 2650 1289 2714 ὡς
1321 2651 1480 2721 ἔφην,
1508 2652 1566 2703 ὲν
1597 2650 1789 2721 ἡμίσει
1822 2651 1930 2705 τῶν

311 2746 479 2799 δέκα.
523 2744 597 2796 Ἢ
651 2743 747 2797 καὶ
795 2741 919 2796 καθ’
967 2741 1151 2812 ἕτερον
1201 2739 1403 2810 τρόπον
1449 2740 1564 2801 τοῖς
1617 2739 1930 2810 εἰρημένοις

311 2836 684 2909 προσϐαλεῖς.
729 2835 788 2888 Ὀ
820 2835 955 2888 δέκα
984 2833 1076 2887 καὶ
1111 2833 1274 2886 πέντε
1315 2830 1548 2902 ἀριθμὸς
1580 2830 1930 2900 περιεκτικός

351 2949 442 2984 στι
474 2930 584 2982 τῶν
616 2929 779 2992 ἑπτὰ,
835 2929 929 2981 καὶ
969 2928 1152 2997 μέντοι
1195 2926 1292 2980 καὶ
1345 2923 1456 2976 τῶν
1505 2923 1670 2978 ὀκτώ.
1718 2922 1928 2993 Σημαί-

265 3085 270 3087 _
311 3040 475 3076 νετ-οιι
511 3021 570 3074 δέ
602 3037 723 3083 πως
767 3019 855 3072 ἀεὶ
903 3018 1056 3088 παρὰ
1101 3020 1168 3089 τῇ
1212 3015 1556 3086 θεοπνεύστῳ
1591 3016 1804 3086 Γραφῇ,
1838 3013 1928 3067 διὰ

311 3115 423 3186 μὲν
455 3113 557 3166 τοῦ
585 3113 728 3166 ἑπτὰ
763 3111 987 3182 σύμπας
1022 3112 1050 3163 ὁ
1080 3110 1174 3163 τοῦ
1206 3109 1372 3177 νόμου
1401 3108 1592 3179 καιρὸς
1628 3106 1789 3177 μέχρι
1818 3106 1927 3159 τῶν

312 3207 499 3276 ἁγίων
535 3203 860 3275 προφητῶν,
888 3202 976 3255 διὰ
1023 3203 1114 3256 τὸν
1163 3203 1220 3255 ὲν
1250 3200 1454 3272 ἐϐδόμῃ
1501 3198 1920 3268 Σαϐϐατισμόν·

309 3263 414 3351 ἐπὶ
446 3297 505 3350 δὲ
543 3263 640 3348 τοῦ
664 3263 827 3347 ’ὀκτὼ
864 3291 1026 3345 πάλιν
1054 3294 1081 3344 ὁ
1103 3293 1202 3361 τῆς
1231 3289 1354 3352 νέας
1383 3287 1670 3358 διαθήκης,
1707 3286 1828 3338 καθ’
1857 3286 1924 3354 ἣν
1953 3263 2001 3325 C

306 3395 344 3462 ἡ
373 3392 687 3451 ἀνάστασις
717 3386 810 3441 τοῦ
838 3385 1046 3457 Κυρίου
1077 3384 1232 3456 ήμῶν
1272 3380 1450 3452 Ἰησοῦ
1476 3379 1740 3452 Χριστοῦ,
1769 3395 1921 3447 γενο-

311 3483 460 3554 μένη
498 3480 649 3534 κατὰ
702 3480 802 3549 τὴν
857 3477 1073 3547 ὀγδόην.
1105 3476 1215 3528 Καὶ
1257 3473 1416 3527 τοῦτο
1457 3468 1610 3543 οἶμαι
1639 3471 1832 3542 δηλοῦν
1863 3471 1924 3523 τὸ

306 3572 752 3643 αἰνιγματωδῶς
775 3571 1089 3642 εἰρημένον·
1115 3589 1132 3619 ι
1157 3569 1256 3631 Δὸς
1289 3567 1484 3637 μερίδα
1509 3569 1620 3630 τοῖς
1649 3565 1808 3628 ἑπτὰ,
1829 3565 1922 3616 καί

307 3686 374 3737 γε
416 3668 540 3730 τοῖς
571 3664 735 3726 ὀκτὼ,
761 3684 779 3715 ι
819 3665 1065 3718 τουτέστι
1111 3662 1274 3714 τόπον
1315 3660 1590 3730 ἐχέτωσαν
1639 3657 1788 3726 παρὰ
1840 3657 1922 3708 σοὶ

310 3763 481 3831 νόμος
515 3776 581 3810 τε
640 3758 732 3810 καὶ
760 3758 808 3809 οἱ
840 3756 958 3826 μετ’
990 3753 1153 3807 αὑτὸν
1190 3753 1489 3822 προφῆται,
1517 3749 1606 3802 τὸν
1631 3753 1688 3802 ὲν
1718 3749 1920 3819 ἑϐδόμῃ

308 3850 595 3922 τιμῶντες
635 3845 1043 3916 Σαϐϐατισμόν.
1089 3845 1395 3913 Ἐχέτωσαν
1427 3842 1484 3895 δὲ
1529 3844 1620 3894 καί
1659 3844 1706 3894 οἱ
1752 3840 1916 3902 ὀκτὼ,

303 3947 639 4008 τουτέστιν,
689 3943 740 3994 οί
793 3939 933 4009 μετὰ
981 3939 1078 4008 τὴν
1119 3937 1491 4007 ἀναστάσιμον
1532 3934 1628 3988 τοῦ
1665 3935 1916 4003 Σωτῆρος

307 4040 542 4108 ἡμέραν
598 4031 893 4087 ἀπόστολοί
937 4048 996 4083 τε
1043 4031 1136 4083 καὶ
1183 4027 1586 4097 εύαγγελισταί.
1625 4026 1918 4096 Συμϐαένει

298 4130 362 4182 δὲ
409 4127 581 4180 τοῦτο
623 4125 720 4178 καὶ
748 4125 811 4177 τὸ
855 4124 944 4177 διὰ
997 4125 1181 4192 φωνῆς
1209 4121 1303 4174 τοῦ
1339 4121 1620 4191 προφήτου
1674 4118 1918 4184 πλαγίως

303 4218 786 4292 ὑποδηλούμενον·
829 4237 849 4268 ι
888 4216 1000 4270 Καὶ
1036 4214 1425 4286 ἐγερθήσονται
1455 4213 1541 4266 ἐπ’
1580 4212 1743 4265 αὐτὸν
1778 4211 1917 4264 ἑπτὰ

302 4312 602 4383 ποιμένες,
642 4311 738 4363 καὶ
776 4309 922 4362 ὀκτὼ
944 4308 1198 4379 δήγματα
1224 4305 1550 4377 ἀνθρώπων.
1582 4325 1599 4356 ι
1646 4305 1914 4376 Ἑπιλάμ-

299 4403 518 4474 ψαντος
550 4400 663 4470 γὰρ
698 4401 832 4470 ἡμῖν
864 4397 958 4451 τοῦ
997 4398 1248 4469 Σωτῆρος
1275 4395 1432 4467 ήμῶν
1462 4396 1636 4466 Ἰησοῦ
1656 4396 1914 4465 Χριστοῦ,

301 4493 799 4560 κατεξανέστησαν
831 4489 1032 4560 τρόπον
1058 4488 1182 4540 τινὰ
1202 4487 1293 4540 τοῦ
1325 4485 1737 4557 παραλύσαντος
1768 4489 1917 4556 ἡμᾶς

301 4583 536 4638 Σατανᾶ
570 4582 774 4652 νομικά
803 4597 862 4632 τε
899 4580 994 4632 καὶ
1051 4578 1367 4649 προφητικὰ
1402 4576 1765 4676 κηρύγματαἶ
1784 4579 1916 4676 απο-
1948 4620 1991 4676 D

305 4676 542 4745 στολική
585 4691 644 4727 τε
687 4673 994 4736 παίδευσις.
1025 4672 1124 4723 Διὰ
1146 4670 1352 4740 γάρτοι
1377 4669 1584 4721 τούτων
1605 4670 1909 4740 κατεδήχϐη

300 4772 518 4840 τρόπον
562 4768 688 4819 τινὰ
723 4766 819 4818 καὶ
858 4764 1174 4832 σεσύληται.
1213 4763 1321 4817 Καὶ
1356 4761 1497 4816 κατὰ
1526 4761 1623 4831 τὴν
1662 4760 1757 4813 τοῦ
1802 4763 1915 4813 Σω-

300 4864 474 4934 τῆρος
512 4859 702 4930 φωνὴν
753 4857 1066 4928 διηρπάσθη
1107 4856 1177 4910 τὰ
1226 4855 1396 4926 σκεύη
1433 4854 1624 4918 αὑτοῦ,
1672 4855 1772 4925 τῆς
1822 4855 1912 4907 ὑπ’

297 4955 460 5026 αὐτῷ
511 4952 759 5012 δουλείας
798 4948 1280 5019 ὲκπεφοιτηκότων
1330 4948 1438 5000 τῶν
1477 4947 1913 5018 πεπλανημένων

299 5047 462 5108 ποτὲ,
481 5045 578 5097 καὶ
603 5044 694 5095 τὸν
709 5042 873 5111 φύσει
893 5042 986 5096 καὶ
1013 5040 1230 5110 ἀληθῶς
1254 5039 1408 5104 Θεὸν,
1435 5040 1651 5092 καὶτῶν
1673 5040 1808 5092 ὅλων
1823 5041 1910 5094 δε-

299 5138 522 5206 σπότην
544 5134 961 5202 ὲπεγνωκότων.
983 5132 1194 5186 Οὐκοῦν
1211 5149 1230 5180 ι
1256 5131 1631 5200 ἐπανέστησαν
1652 5132 1747 5201 μὲν
1762 5131 1910 5202 αύτῷ

299 5230 576 5300 ποιμένες
608 5226 884 5290 ὲπτὰ,καὶ
916 5224 1061 5278 ὀκτὼ
1090 5225 1343 5294 δήγματα
1362 5223 1684 5294 ἀνθρώπων,
1713 5245 1730 5275 ι
1757 5242 1911 5276 τουτ-

298 5322 482 5384 έστιν,
502 5321 554 5372 οἱ
585 5318 692 5389 πρὸ
728 5319 827 5389 τῆς
865 5317 1175 5388 ἐπιδημίας,
1206 5315 1301 5368 καὶ
1337 5316 1389 5366 οἱ
1409 5314 1549 5385 μετὰ
1569 5315 1667 5384 τὴν
1692 5315 1908 5386 ὀγδόην,

295 5417 391 5468 διὰ
421 5410 676 5482 νομικῶν
711 5426 770 5462 τε
816 5409 912 5463 καὶ
942 5409 1076 5463 νέων
1111 5406 1460 5477 γραμμάτων
1505 5405 1800 5471 καλοῦντες
1829 5409 1909 5471 εἰς

856 5605 900 5635 ⁸⁸
930 5604 1118 5656 Matth.
1153 5617 1277 5663 xxv,
1309 5603 1398 5655 ‘27.

1063 5675 1105 5705 ⁸³
1145 5672 1332 5726 Matth.
1372 5688 1467 5735 xu,
1500 5673 1584 5726 ἓξ).

375 5609 423 5642 ⁸⁸
469 5609 573 5662 lsa.
611 5623 650 5668 ι,
683 5606 774 5661 22.

298 5696 382 5742 XI,
418 5679 478 5734 2.
560 5678 606 5708 ⁸³
643 5677 806 5730 Mieh.
846 5692 897 5738 ν,

1479 5601 1523 5632 ⁸⁵
1557 5601 1685 5655 Luc.
1733 5620 1842 5668 xm,
1889 5607 1973 5663 l7.

2039 2002 2282 2070 quidem,
2319 2005 2362 2058 si
2408 2006 2761 2074 spiritualiter
2808 2009 3143 2080 intelligatur
3172 2012 3431 2083 (loquitur
3480 2019 3624 2072 enim

2041 2094 2194 2147 nobis
2213 2095 2410 2150 Christi
2443 2099 2802 2170 mysterium);
2829 2101 3164 2171 imperfecta,
3182 2106 3226 2160 si
3263 2123 3416 2163 mens
3438 2124 3624 2163 eoum

2038 2186 2128 2255 qui
2165 2203 2226 2239 ea
2275 2187 2657 2255 instituuntur,
2684 2191 2823 2246 ultra
2907 2195 3145 2249 litteram
3183 2212 3287 2250 non
3326 2201 3621 2267 procedat;

2040 2279 2349 2334 velutenint
2389 2282 2670 2338 dimidium
2705 2286 3034 2354 cognitionis
3068 2289 3311 2346 historia:
3343 2295 3624 2348 crassitics

2035 2371 2265 2427 obtinet.
2311 2371 2622 2445 Symbolum
2656 2393 2820 2447 porro
2851 2379 3198 2448 perfectionis
3229 2383 3487 2439 denarius
3540 2398 3624 2441 est

2036 2476 2318 2528 numerus,
2353 2464 2510 2535 longe
2550 2467 3000 2536 perfectissimus,
3041 2470 3193 2535 juxta
3233 2474 3402 2527 illud:
3446 2495 3466 2526 ι
3499 2477 3623 2536 Esto

2034 2567 2202 2624 super
2231 2556 2417 2611 decem
2446 2559 2695 2614 civitates
2713 2559 2814 2626 δὴ»
2847 2569 2900 2614 et
2936 2562 3062 2617 illud
3092 2583 3103 2618 :
3146 2565 3243 2620 «Et
3279 2567 3368 2621 alii
3403 2571 3619 2639 quidem

2033 2646 2180 2700 dedit
2210 2649 2446 2718 quinque
2475 2649 2672 2704 talenta
2706 2652 2785 2718 ⁶⁸;
2817 2671 2836 2703 ι
2882 2652 2967 2706 ubi
3009 2669 3104 2724 per
3130 2658 3437 2724 quinarinm
3479 2665 3619 2731 quod

2033 2751 2208 2806 secus,
2245 2753 2337 2792 seu
2392 2739 2769 2810 imperfectmn
2811 2755 2892 2798 est
2929 2745 3231 2816 intelligere
3277 2749 3424 2805 licet.
3461 2752 3615 2817 Nam,

2031 2837 2089 2882 ut
2119 2830 2388 2897 dicebam,
2421 2832 2698 2887 dimidium
2734 2834 2917 2889 decem
2938 2848 3064 2890 sunt
3090 2839 3358 2907 quinque;
3397 2853 3486 2896 aut
3515 2845 3620 2897 alio

2031 2922 2192 2975 modo
2224 2921 2370 2977 dicta
2404 2923 2739 2993 explanabis.
2785 2925 3104 2993 Quindecim
3136 2946 3395 2989 numerus
3419 2945 3502 2989 est
3534 2953 3619 2989 se-

2031 3024 2176 3080 ptem
2201 3025 2255 3069 et
2272 3026 2394 3071 octo
2419 3019 2724 3074 continens.
2748 3019 3095 3088 Significatur
3117 3035 3295 3078 autem
3321 3041 3458 3095 pene
3480 3045 3623 3083 sex-.2-

2031 3122 2126 3176 per
2163 3107 2213 3160 in
2246 3109 2424 3163 divina
2449 3111 2728 3181 Scriptura
2759 3127 2855 3182 per
2877 3122 3081 3182 septem
3117 3124 3288 3170 totum
3323 3117 3458 3190 legis
3483 3130 3619 3174 tem-

2031 3214 2149 3266 pus,
2189 3215 2361 3268 usque
2386 3203 2450 3254 ad
2478 3214 2697 3258 sanctos
2740 3206 3059 3275 prophetas,
3091 3218 3317 3276 propter
3355 3209 3614 3266 Sabbati-

2030 3306 2325 3355 smum,scu
2356 3294 2592 3363 quietem
2630 3297 2714 3350 die
2737 3297 2964 3366 septima
2992 3299 3057 3354 θ’.
3113 3300 3338 3366 Contra,
3370 3317 3466 3371 per
3493 3315 3617 3358 octo

2028 3381 2110 3435 lex
2148 3386 2268 3437 novi
2308 3388 2640 3450 testamenti,
2665 3389 2716 3441 in
2754 3405 2861 3458 quo
2889 3391 3218 3445 resurrectio
3271 3392 3482 3448 Domini
3521 3413 3616 3448 nn-

2026 3475 2121 3528 stri
2146 3474 2273 3529 .lesn
2305 3477 2508 3532 Christi
2535 3479 2619 3534 die
2646 3490 2836 3534 octavo
2864 3483 3105 3551 contigit.
3134 3484 3310 3554 Atque
3343 3485 3444 3541 hoc
3484 3490 3613 3542 mihi

2028 3567 2241 3621 videtur
2268 3568 2425 3634 velle,
2454 3570 2592 3638 quod
2624 3570 2914 3625 involutius
2949 3573 3151 3627 dictum
3183 3586 3302 3632 est:
3335 3596 3353 3628 ι
3389 3578 3460 3632 Da
3497 3596 3616 3648 pa:-

2030 3667 2133 3712 tem
2167 3668 2372 3728 septem
2402 3671 2455 3714 ct
2485 3673 2606 3717 octo
2637 3664 2703 3729 ⁸⁷,
2734 3684 2750 3714 υ
2787 3664 2885 3719 hoc
2913 3679 3015 3730 est,
3050 3665 3224 3722 locum
3253 3671 3395 3739 apud
3435 3681 3485 3724 te
3521 3673 3614 3726 ha-

2025 3751 2189 3806 beant
2223 3762 2277 3806 et
2329 3753 2436 3816 lex,
2465 3764 2521 3808 et
2543 3756 2634 3824 qui
2682 3768 2802 3825 post
2849 3771 2966 3811 eam
3014 3770 3279 3814 venerunt
3314 3763 3610 3832 prophctm,

2024 3843 2235 3911 septimi
2267 3845 2369 3899 diei
2409 3844 2808 3902 Sabbatismum
2841 3849 3190 3906 limiorautes.
3246 3851 3492 3907 Habeant
3521 3873 3616 3909 aii-

2026 3943 2131 3989 tem
2159 3944 2370 4004 partem
2395 3946 2448 3990 ct
2472 3947 2617 4004 octo,
2645 3940 2734 4008 qui
2762 3953 2883 4010 post
2911 3946 3360 3997 resurrectionmn
3389 3951 3613 4000 exstite-

2025 4034 2148 4078 runt
2175 4026 2403 4094 apostoli
2431 4037 2483 4081 et
2513 4028 2877 4098 evangelistam
2916 4030 3029 4084 [lue
3063 4035 3225 4085 etiam
3275 4035 3402 4089 illud
3445 4043 3610 4104 perti-

2025 4127 2136 4181 net,
2190 4118 2330 4185 quod
2366 4134 2461 4187 per
2506 4134 2568 4173 os
2612 4121 2886 4189 propheta-
2932 4123 3199 4177 occultius
3240 4126 3609 4196 significatum

2021 4218 2132 4265 est:
2171 4229 2190 4261 ι
2213 4210 2277 4263 Ει
2311 4223 2641 4282 consurgent
2665 4227 2825 4280 super
2855 4230 2976 4266 eum
3021 4224 3225 4283 septem
3256 4229 3522 4286 pastores,
3556 4231 3612 4275 et

2021 4313 2145 4359 octo
2171 4320 2382 4360 morsus
2410 4307 2685 4360 hominum
2721 4307 2790 4362 ⁵⁸.
2821 4326 2838 4358 ›
2872 4307 3159 4376 Postquam
3188 4312 3330 4364 enim
3364 4314 3518 4367 nobis
3542 4315 3608 4366 il-

2022 4397 2157 4451 luxit
2211 4395 2459 4456 Salvator
2501 4409 2684 4454 noster
2727 4399 2886 4454 Jesus
2930 4401 3199 4465 Christus,
3235 4415 3422 4458 contra
3453 4405 3610 4460 Sata-

2021 4507 2170 4554 nam,
2193 4493 2283 4560 qui
2323 4509 2420 4546 nos
2447 4503 2829 4557 enervaverat,
2857 4497 3128 4561 prmeonia
3172 4512 3266 4549 seu
3300 4499 3437 4551 dicta
3473 4500 3610 4569 lega-

2023 4583 2242 4655 lia,61
2273 4594 2326 4637 et
2349 4585 2686 4652 prophetica,
2724 4586 3112 4655 institutioqne
3161 4591 3458 4657 apostolica
3510 4594 3612 4645 ειιμ

2020 4688 2128 4743 quo
2149 4673 2308 4726 modo
2334 4676 2769 4728 insurrexerunt.
2793 4675 2897 4730 Per
2925 4678 3038 4731 haec
3062 4678 3206 4731 enim
3237 4694 3452 4736 morsus
3479 4698 3611 4750 qua-

2021 4767 2142 4819 dam
2186 4766 2397 4820 ratione
2431 4777 2483 4820 et
2514 4766 2777 4835 spoliatus
2806 4777 2910 4832 est,
2942 4767 3166 4837 etjuxta
3195 4786 3380 4824 vorem
3418 4771 3609 4827 Salvas

2023 4858 2155 4912 toris
2181 4858 2391 4925 direpta
2429 4874 2556 4911 vasa
2599 4858 2719 4927 ejus
2746 4859 2812 4926 θ’,
2838 4874 2961 4913 cum
2987 4861 3193 4916 seducti
3227 4863 3352 4915 olim
3379 4879 3407 4917 e
3437 4867 3609 4918 scrvi-
3654 4929 3660 4942 ε

2023 4957 2135 5002 tute
2184 4947 2299 5014 eius
2360 4949 2528 5017 elapsi
2559 4962 2709 5013 sunt,
2745 4960 3049 5020 naturaque
3077 4961 3132 5005 et
3174 4968 3299 5008 vere
3327 4955 3516 5017 Deum,
3553 4972 3606 5005 ιιι
3657 4949 3662 4954 ’

2021 5039 2396 5094 universorum
2443 5040 2728 5096 Dominum
2767 5051 3126 5107 agnoverunt.
3155 5044 3334 5109 Quare
3377 5065 3395 5095 ι
3426 5046 3604 5098 insur-

2018 5139 2274 5184 rexerunt
2320 5131 2370 5184 in
2413 5131 2562 5185 illum
2592 5143 2836 5202 pastores
2875 5143 3100 5204 septem,
3133 5146 3185 5189 et
3213 5145 3335 5190 octo
3387 5152 3604 5192 morsus

2016 5223 2320 5289 hon‘tinum,
2347 5225 2486 5279 )hoc
2510 5235 2613 5293 est,
2647 5227 2738 5296 qui
2778 5236 2905 5281 ante
2937 5231 3249 5295 adventum,
3278 5236 3330 5281 et
3363 5231 3452 5298 qui
3482 5242 3605 5298 post

2016 5327 2261 5372 octavam
2291 5317 2526 5385 fuerunt,
2569 5335 2663 5389 per
2695 5320 2894 5390 legales
2919 5331 2972 5374 et
3006 5336 3176 5376 novas
3205 5322 3508 5389 scripturas
3532 5330 3599 5376 ad

2016 5409 2246 5464 salutem
2275 5421 2538 5467 vocantes
2566 5412 2655 5482 qui
2688 5421 3030 5467 erraverunt.
3079 5412 3284 5465 Atiixus
3314 5428 3444 5482 ergo
3486 5429 3603 5468 ma-

2055 5609 2099 5641 "
2141 5609 2329 5663 Matth.
2375 5627 2500 5674 xxv,
2547 5613 2626 5664 l5.
2703 5613 2747 5639 ⁸⁵
2789 5612 2901 5665 Exn
2951 5653 2963 5666 .
3002 5628 3110 5677 xvt,
3155 5614 3245 5666 2:5.
3325 5611 3368 5643 ⁸⁷
3407 5611 3615 5686 ΕροιιτιἸ

375 5860 457 5933 (ί)
489 5857 586 5913 Sic
618 5870 718 5925 pro
757 5854 903 5910 edito
941 5851 1356 5922 πραοπρεπέσιν
1384 5851 1766 5921 corrigendum
1797 5868 1928 5908 monl

2031 5850 2308 5907 lolelerius
2338 5850 2574 5906 Monum.
2615 5848 2760 5907 Eccl.
2792 5852 2886 5907 Gr.
2922 5851 2986 5918 ll,
3018 5853 3140 5908 654.
3174 5855 3311 5911 Ειιιτ·

640 5948 916 6018 Ριιτιιοιτ.
967 5944 1085 6005 Gn.
1137 5943 1354 6009 LX'XI.

3237 5941 3275 6005 4
