4094 6544
440 485 543 544 107
1439 477 1495 533 S.
1536 474 1815 532 CYRILLi
1860 475 2328 531 ALEXANDRINI
2368 476 2691 533 AliClllEP.
3603 483 3702 538 1C5

442 605 604 658 nebat
630 594 879 661 lsrael,ut
902 581 1083 661 docui,
1100 611 1321 652 suorum
1354 590 1735 668 magistrorum
1764 595 2009 650 adulteri-

2128 597 2402 667 σωτηρίαν
2432 598 2558 660 τοὺς
2623 597 3094 669 πεπλανημένους.
3129 598 3479 653 Διατετέλεκε
3526 595 3704 652 τοίνυν

440 693 528 747 nis
569 689 945 753 vocibus;scn
977 687 1117 743 nuda
1162 688 1337 741 littera
1386 687 1734 767 pascebatur,
1768 687 2009 754 quamvis

2122 691 2163 779 ὁ,
2192 689 2429 761 Ἰσραὴλ,
2475 690 2550 753 ὡς
2587 688 2745 760 ἔφην,
2777 692 2895 753 ταῖς
2930 689 3210 760 ἀδοκίμοις
3241 689 3352 743 τῶν
3384 689 3533 743 ἰδίων
3561 689 3701 743 διδα-

432 792 488 838 et
522 780 610 836 illa
658 795 779 851 qua:
825 789 1032 836 octavae
1075 790 1220 844 sunt,
1256 780 1356 832 hoc
1383 775 1487 841 est,
1514 775 1714 832 Christi
1763 775 2009 845 mysteria

2124 778 2337 837 σόιάλων
2382 785 2607 852 φωναῖς,
2649 783 2767 853 ἤτοι
2798 781 2940 853 ψιλῷ
2987 782 3064 853 τῷ
3113 780 3326 853 νομικῷ
3369 782 3705 853 τρεφόμενος

433 874 909 945 complecteretur.
935 871 1087 939 Quod
1123 881 1304 925 autem
1333 869 1503 937 egerit
1537 869 1699 921 vitam
1728 865 2017 937 pecudum,

431 977 480 1021 ut
534 964 599 1019 ad
627 964 867 1018 carnalia
923 964 1100 1016 solum
1147 962 1538 1031 propenderit,
1586 956 2021 1014 commodissime

434 1056 819 1119 subiudicavit,
868 1055 1009 1124 quod
1039 1054 1220 1107 datum
1251 1060 1335 1106 est
1367 1052 1628 1106 hordeum
1669 1046 1922 1102 adulterae
1953 1046 2016 1099 ad

436 1148 774 1202 alimoniam.
815 1146 912 1200 Est
940 1146 1085 1200 enim
1131 1144 1283 1199 cibus
1312 1140 1608 1211 pecudibus
1648 1138 2012 1202 conveniens;

434 1239 718 1297 ebrietatis
748 1232 942 1295 deinde
988 1247 1114 1292 nota
1161 1236 1342 1289 vinum
1378 1222 1499 1288 esse
1543 1229 1765 1300 poterit.
1803 1228 2014 1283 Dictum

435 1340 518 1388 est
551 1341 732 1386 autem
764 1333 829 1386 ad
857 1345 987 1386 eos;
1020 1347 1039 1381 ι
1063 1328 1262 1382 Auditu
1293 1324 1545 1385 audietis,
1587 1331 1640 1378 et
1672 1336 1778 1376 non
1820 1321 2018 1375 intelli-

435 1425 596 1495 getis,
626 1433 681 1479 et
703 1423 947 1477 videntes
982 1419 1257 1483 videbitis,
1282 1426 1466 1473 etnon
1494 1415 1748 1470 videbitis
1776 1414 1846 1479 7°,
1876 1431 1894 1465 ι
1924 1414 2015 1484 qui

434 1525 562 1571 sunt
592 1513 763 1570 morbi
783 1514 1122 1569 ebriosorum
1156 1520 1213 1566 et
1243 1507 1640 1579 crapulantium
1669 1506 1895 1572 vitia,ut
1924 1520 2017 1559 ne-

432 1622 539 1677 que
586 1606 804 1661 videant
855 1604 1122 1668 videntes,
1157 1614 1335 1670 neque
1383 1598 1671 1654 audientes
1721 1595 2014 1667 quidquam

432 1697 640 1769 possint
666 1694 1007 1766 intelligere;
1047 1692 1143 1748 sed
1180 1700 1413 1747 mentem
1463 1688 1612 1745 velut
1657 1688 2013 1744 incrassatam

430 1799 487 1845 et
509 1789 770 1845 caecitatis
802 1787 1017 1857 plenam
1049 1782 1306 1840 habeant.

2121 875 2441 945 γράμματι,
2507 874 2683 927 καίτοι
2761 874 3067 945 περιέχοντι
3142 872 3238 927 καὶ
3296 873 3366 926 τὰ
3436 875 3537 943 τῆς
3606 873 3694 940 ὀγ-

2120 964 2269 1034 δόης,
2308 964 2575 1027 τουτέστι,
2628 962 2695 1016 τὰ
2740 958 2979 1035 Χριστοῦ
3028 963 3326 1034 μυστήρια.
3371 963 3493 1017 Ὅτι
3522 962 3578 1016 δὲ
3611 965 3697 1015 καὶ

2121 1053 2507 1125 κτηνοπρεπὴς
2533 1056 2561 1107 ὁ
2582 1052 2694 1124 βίος
2722 1054 2891 1125 αύτῷ,
2920 1054 3015 1108 καὶ
3039 1053 3175 1123 πρὸς
3204 1055 3340 1124 μόνα
3364 1053 3433 1107 τὰ
3459 1051 3703 1124 σαρκικὰ

2119 1147 2460 1200 διαειένευκεν
2489 1185 2504 1212 ,
2561 1146 2886 1217 ύποφήνειεν
2938 1145 3005 1199 ἂν
3049 1142 3109 1199 εὖ
3166 1145 3353 1215 μάλα,
3402 1145 3466 1198 τὸ
3508 1144 3703 1215 κριθὴν

2117 1237 2448 1308 δεδόσθαιτῇ
2505 1237 2774 1309 μοιχαλίδι
2829 1237 2966 1306 πρὸς
3014 1237 3252 1307 τροφήν.
3302 1226 3702 1306 ⁴Κτηνοπρεπὲς

2118 1331 2227 1403 γὰρ
2261 1329 2321 1384 τὸ
2350 1330 2574 1401 ἔδεσμα,
2614 1329 2784 1401 μέθης
2813 1329 2857 1383 δ’
2877 1327 2943 1382 ἂν
2968 1328 3181 1398 γένοιτ)
3210 1330 3452 1399 σημεῖον.
3475 1328 3702 1397 Εἴρηται

2116 1413 2172 1475 δὲ
2208 1421 2343 1493 πρὸς
2375 1420 2597 1485 αὐτούς’
2635 1440 2653 1475 ι
2693 1422 2854 1493 Ἀκοῇ
2889 1422 3185 1484 ἀκούσετε,
3221 1421 3317 1475 καὶ
3367 1422 3427 1473 οὑ
3463 1420 3537 1489 μὴ
3584 1436 3703 1472 συν.

2116 1514 2214 1584 ἦτε
2237 1528 2248 1542 ·
2285 1513 2380 1566 καὶ
2396 1512 2687 1584 βλέποντες
2706 1512 2956 1583 βλέψετε,
2977 1514 3072 1567 καὶ
3092 1514 3153 1566 ού
3186 1514 3261 1583 μὴ
3294 1513 3461 1582 ἴδητε.
3478 1532 3495 1562 ι
3513 1511 3701 1564 Ταῦτα

2115 1598 2172 1657 δέ
2196 1607 2312 1657 ἐστι
2346 1603 2654 1674 μεθυόντων
2684 1602 2856 1672 πάθη,
2886 1604 2982 1657 καὶ
3024 1590 3475 1673 κραιπαλούντων
3507 1602 3702 1672 ἐγκλή-

2118 1713 2286 1765 ματα,
2320 1695 2382 1749 τὸ
2418 1696 2556 1767 μήτε
2590 1696 2723 1767 δρᾷν
2758 1694 3024 1766 ὁρῶντας,
3072 1696 3211 1766 μήτε
3247 1693 3541 1754 ἀκούοντας
3570 1709 3697 1745 συν-

2118 1786 2251 1839 ιέναι
2281 1786 2542 1841 δύνασθαί
2573 1800 2625 1841 τί
2644 1803 2659 1817 ·
2701 1788 3100 1858 πεπαχυμένην
3131 1786 3188 1839 δὲ
3230 1785 3442 1856 ὥσπερ,
3470 1785 3564 1840 καὶ
3596 1802 3704 1839 πω·

2116 1872 2337 1950 ρώσεως
2367 1878 2803 1950 μεμεστωμένην
2827 1877 2923 1950 τὴν
2955 1878 3193 1933 διάνοιαν
3215 1877 3378 1947 ἔχειν.

505 1968 669 2023 Vens.
707 1966 818 2031 4,5.
857 1966 995 2031 Quia
1043 1950 1224 2017 diebus
1274 1962 1452 2015 multis
1491 1959 1738 2014 sedebant
1784 1956 1883 2024 ﬁlii
1919 1954 2007 2010 Is-

2184 1969 2339 2047 Διότι
2370 1960 2591 2039 ἡμέρας
2631 1968 2870 2036 πολλὰς
2915 1968 3286 2036 καθήσονται
3335 1971 3390 2023 οἱ
3420 1967 3535 2022 υἱοὶ
3583 1968 3700 2022 Ἰσ-

434 2063 547 2117 ruel
574 2104 590 2129 ,
641 2077 743 2114 non
783 2062 1068 2112 exsistcttle
1131 2073 1269 2125 rege,
1316 2070 1477 2124 neque
1534 2053 1769 2121 principe
1844 2066 2007 2119 neque

2108 2056 2289 2127 ραὴλ,
2321 2059 2434 2113 οὐκ
2457 2052 2631 2126 ὄντος
2646 2057 2977 2125 βασιλέως,
3013 2059 3156 2114 οὐδὲ
3186 2059 3362 2125 ὄντος
3384 2058 3695 2129 ἄρχοντος,

434 2157 717 2211 cxsistente
751 2150 1035 2219 sacriﬁcio,
1080 2164 1243 2216 neque
1273 2146 1547 2199 exsislente
1587 2143 1745 2196 ataui
1779 2181 1793 2207 ,
1846 2157 2007 2210 neque

432 2244 753 2308 sacerdotio,
791 2256 952 2312 neque
979 2238 1297 2308 manifestis.
1324 2232 1390 2288 Et
1419 2244 1533 2304 post
1560 2233 1670 2286 Ita’c
1690 2240 2010 2285 ict'ertentur

432 2338 535 2408 ﬁlii
567 2334 761 2399 Israel,
795 2342 841 2386 et
876 2340 1109 2402 quazreut
1170 2328 1456 2381 Dominum
1510 2324 1676 2379 Deum
1732 2338 1910 2386 suum,
1956 2335 2006 2374 cz

434 2427 605 2482 David
643 2440 812 2495 regem
866 2437 1041 2486 suum,
1078 2428 1122 2473 et
1156 2419 1435 2485 stupebant
1462 2416 1517 2468 in
1576 2413 1825 2477 Daumto,
1862 2423 1908 2464 et
1951 2412 2005 2463 in

429 2519 579 2572 bonis
613 2516 727 2587 ejus
761 2515 813 2567 in
840 2511 1117 2567 novissimo
1148 2507 1374 2562 dierum.

502 2690 742 2749 XXXIV.
770 2691 972 2762 Aperta
1017 2686 1348 2754 minimeque
1380 2680 1540 2738 dubia
1567 2680 1835 2751 sequitur,
1861 2688 1916 2731 ut
1954 2676 2007 2731 in

432 2787 543 2852 liis,
577 2781 877 2841 declaratio
893 2777 1284 2849 assumptionis
1309 2774 1572 2830 adulterae
1600 2771 2008 2838 mansionisque

427 2878 575 2934 domi
625 2875 817 2930 diebus
879 2868 1101 2936 multis,
1151 2868 1326 2924 donec
1358 2864 1638 2937 'proplieta
1698 2862 1838 2932 apud
1883 2875 2006 2914 eam

428 2978 597 3035 esset.
628 2966 907 3038 Scriptum
927 2972 1011 3018 est
1038 2961 1255 3033 quidem
1289 2959 1361 3015 ita
1390 2973 1405 3024 ;
1436 2960 1530 3013 sed
1553 2956 1695 3026 quod
1721 2954 2005 3025 agebatur,

429 3058 728 3118 delineatio
783 3072 878 3111 seu
914 3050 1260 3109 adumbratio
1289 3048 1678 3120 quietiam'erat
1699 3045 1837 3115 ejus,
1863 3042 2006 3113 quod

428 3151 703 3209 adulterio
735 3147 1052 3204 deformata:
1081 3141 1390 3217 Iudaeorum
1416 3139 1715 3213 Synagogae
1761 3138 2007 3207 aliquan-

428 3248 499 3299 do
572 3249 898 3297 eventurum
956 3246 1097 3292 erat.
1162 3234 1528 3304 Posteaquam
1595 3232 1739 3288 enim
1792 3228 2005 3285 Domini

429 3331 603 3389 nostri
642 3329 770 3386 Iesu
802 3325 1004 3383 Christi
1027 3330 1220 3394 sponte
1254 3338 1352 3380 sua
1378 3336 1599 3378 crucem
1634 3334 1734 3391 pro
1759 3317 2001 3376 omnium
2030 3358 2074 3417 ο

427 3424 604 3481 salute
635 3419 884 3495 pertulit.
923 3416 1276 3473 debaceliatis
1306 3415 1361 3471 in
1383 3414 1534 3495 illum
1556 3412 1846 3479 lsraelitis,
1873 3417 2004 3465 tunc

424 3532 615 3572 eorum
636 3492 866 3585 regiune
888 3506 957 3565 ad
981 3508 1289 3565 vastitatem
1321 3492 1567 3571 redacta,
1603 3503 1759 3575 quasi
1787 3502 1853 3558 ad
1886 3508 2007 3557 om-

427 3623 551 3664 nem
578 3598 836 3679 ventum,
892 3615 988 3658 seu
1043 3599 1229 3656 mundi
1289 3594 1550 3679 anguium
1590 3593 2000 3667 profugerunt.

429 3686 614 3771 usque
632 3696 794 3753 hodie
821 3702 1007 3750 autem
1033 3680 1196 3747 otiosi
1220 3677 1347 3746 sunt
1375 3687 1521 3758 quod
1550 3689 1619 3744 ad
1668 3687 1843 3757 legem
1879 3685 2006 3740 atti-

424 3770 568 3857 neti,
613 3770 947 3843 inﬂammato
993 3778 1212 3853 quidem
1255 3777 1457 3855 templo
1501 3775 1956 3849 Jerosolymitano
1986 3814 2003 3842 ,

423 3893 617 3938 everso
655 3877 837 3945 altari,
890 3872 1103 3931 sublato
1133 3868 1430 3934 sacriﬁcio,
1478 3875 1534 3924 et
1562 3875 1794 3924 vacante
1818 3878 2004 3923 sacer-

425 3971 596 4037 dotio,
630 3983 731 4025 nec
752 3963 1147 4038 apparentibus
1167 3957 1400 4032 amplius
1426 3957 1735 4015 manifestis
1755 3957 1827 4012 “.
1858 3956 1995 4012 Nam

423 4078 550 4121 cum
578 4077 686 4120 non
724 4070 870 4117 esset
894 4070 1140 4115 summus
1182 4053 1438 4110 sacerdos
1460 4049 1576 4125 ΒΩ
1613 4066 1714 4124 pro
1743 4048 2004 4122 dignitate

420 4152 743 4213 sacerdotali
775 4151 1072 4209 secundum
1116 4148 1290 4219 legem
1317 4146 1562 4204 vestibus
1591 4152 1839 4209 ornatus,
1868 4156 2004 4211 quo-

425 4245 584 4302 modo
608 4244 724 4312 jam
759 4238 1079 4296 manifestos
1131 4238 1318 4294 videre
1353 4233 1614 4292 licebat?
1663 4233 1767 4301 Qui
1821 4239 2000 4286 autem

420 4337 570 4408 δῆλοι
602 4332 823 4405 putandi
849 4333 980 4396 sint,
1006 4332 1177 4395 novit,
1194 4320 1396 4394 'credo,
1428 4325 1675 4382 discendi
1701 4320 1997 4388 studidsus;

422 4429 661 4482 breviter
693 4438 984 4495 suggerere
1018 4437 1125 4477 non
1158 4421 1268 4477 erit
1314 4420 1415 4475 abs
1452 4434 1530 4473 re.
1558 4417 1788 4484 Quando
1819 4416 1887 4471 ad
1920 4429 2001 4468 sa-

419 4520 658 4575 cerdotis
685 4529 936 4572 ornatum
973 4515 1302 4587 pertinentia
1357 4511 1474 4567 tieri
1528 4512 1677 4568 Deus
1719 4511 2000 4567 universo—

420 4627 539 4666 rum
561 4610 752 4681 jussit,
777 4619 969 4664 saneto
995 4606 1166 4679 Moysi
1194 4598 1326 4661 dicit
1356 4619 1370 4658 :
1411 4622 1429 4657 ι
1461 4603 1528 4658 Ει
1551 4601 1715 4658 facies
1739 4602 2002 4659 rationale

2107 2149 2253 2204 οὐδὲ
2305 2148 2501 2218 οὔσης
2546 2152 2789 2218 θυσίας,
2838 2150 2982 2206 οὐδὲ
3018 2150 3195 2217 ὄντος
3241 2152 3698 2218 θυσιαστηρίου,

2108 2241 2254 2296 οὐδὲ
2276 2242 2594 2323 ηἱερατείας,
2621 2242 2764 2298 οὐδὲ
2801 2243 3023 2312 δήλων,
3049 2242 3147 2298 καὶ
3187 2243 3335 2314 μετὰ
3360 2242 3546 2297 ταῦτα
3574 2244 3698 2295 ἑπι-

2107 2335 2485 2403 στρέψιουσιν
2516 2338 2569 2389 οἱ
2610 2335 2728 2389 υιοὶ
2775 2333 3044 2403 Ἰσραὴλ,
3095 2335 3191 2389 καὶ
3226 2332 3699 2403 ἐπιζητήσουσιν

2107 2426 2326 2495 Κύριον
2348 2425 2457 2481 τὸν
2495 2426 2643 2481 Θεὸν
2683 2424 2903 2494 αὐτῶν,
2942 2427 3041 2482 καὶ
3077 2428 3257 2482 Δαϐίδ
3289 2429 3395 2482 τὸν
3429 2428 3698 2493 ,βασιλέα

2107 2515 2326 2580 αὐτῶν,
2362 2508 2469 2571 Γφιιιιὶ
2498 2516 2905 2586 ἐκστήσονται
2943 2518 3043 2572 ἐπὶ
3086 2517 3168 2585 τῷ
3210 2519 3406 2587 Κυρίῳ
3431 2559 3446 2586 ,
3470 2519 3569 2573 καί
3596 2520 3695 2573 ἐπὶ

2106 2605 2232 2674 τοῖς
2279 2607 2524 2677 ἀγαθοῖς
2564 2611 2753 2665 αὐτοῦ
2794 2611 2889 2664 ἐπ’
2939 2610 3219 2680 ἐσχάτων
3271 2609 3392 2665 τῶν
3436 2610 3694 2680 ἡμερῶν.

2177 2698 2299 2753 AA’.
2343 2698 2529 2772 Σαφῆς
2588 2701 2681 2755 καὶ
2712 2700 3100 2771 ἀναμφιλόγως
3138 2701 3339 2771 ἔχουσα
3383 2700 3589 2767 λοιπὸν,
3620 2701 3698 2764 ὡς

2108 2789 2165 2843 ἐν
2184 2807 2250 2860 γε
2276 2790 2341 2863 δὴ
2370 2793 2603 2857 τούτοις,
2628 2794 2661 2864 ή
2696 2793 2929 2863 δήλωσις
2945 2784 3038 2846 τοῦ
3061 2794 3160 2862 τὴν
3196 2792 3477 2864 μοιχαλίδα
3501 2809 3696 2862 παρει-

2107 2879 2330 2951 λῆφθαι,
2365 2883 2459 2934 καὶ
2491 2883 2627 2936 οῐκοι
2662 2881 2847 2953 μένειν
2884 2884 3096 2954 ἡμέρας
3126 2884 3347 2947 πολλὰς,
3378 2882 3539 2954 ἄχρις
3570 2882 3636 2936 ἂν
3668 2886 3699 2937 ὁ

2109 2970 2396 3041 προφήτης
2441 2970 2527 3023 ἐπ’
2566 2971 2703 3041 αὐτῇ
2756 2970 2984 3040 γένοιτο.
3022 2972 3336 3043 Γέγραπται
3397 2972 3506 3043 γὰρ
3555 2972 3650 3025 ὡδί
3677 2989 3694 3005 ο

2109 3058 2458 3124 ὑποτύπωσις
2507 3060 2566 3114 δὲ
2616 3060 2677 3114 τὸ
2730 3059 3006 3133 δρώμενον
3043 3056 3112 3132 ἦν
3152 3060 3249 3115 τοῦ
3284 3062 3427 3116 κατὰ
3471 3063 3698 3134 καιροὺς

2110 3149 2375 3223 ὑπάρξειν
2413 3151 2699 3222 μέλλοντος
2731 3156 2797 3224 τῇ
2841 3152 3251 3229 μεμοιχευμένῃ
3278 3155 3388 3208 τῶν
3427 3155 3697 3210 Ἰουδαίων

2109 3241 2429 3319 Συναγωγῇ.
2493 3242 2713 3315 Ἐπειδὴ
2764 3244 2874 3318 γὰρ
2926 3244 3207 3316 ἐθελοντὴς
3260 3246 3352 3300 τὸν
3407 3246 3546 3317 ὑπὲρ
3594 3249 3695 3312 τῆς

2110 3333 2367 3388 ἁπάντων
2403 3335 2675 3407 σωτηρίας
2711 3336 3101 3408 ὑπομεμένηκε
3138 3338 3371 3409 σταυρὸν
3413 3340 3442 3392 ὁ
3492 3338 3698 3409 Κύριος

2108 3424 2266 3497 ἡμῶν
2308 3426 2513 3498 Ἰησοῦς
2544 3427 2801 3499 Χριστὸς,
2836 3426 3362 3500 ὲμπαροινησάντων
3402 3429 3556 3501 αύτῷ
3587 3430 3701 3483 τῶν

2107 3515 2168 3582 ἐξ
2213 3515 2449 3589 Ἰσραὴλ,
2481 3516 2602 3571 τότε
2647 3516 2735 3589 δὴ,
2758 3518 2882 3572 τότε
2913 3519 3355 3593 καταδῃωθείσης
3386 3522 3567 3585 αὐτοῖς
3596 3522 3698 3595 τῆς

2106 3605 2310 3680 χώρας,
2333 3606 2540 3679 ᾤχοντο
2575 3608 2674 3679 μὲν
2701 3606 2892 3680 ὥσπερ
2916 3608 2997 3672 εἰς
3030 3611 3210 3664 πάντα
3232 3611 3453 3681 ἄνεμον.
3479 3613 3699 3684 Ἀπραο

2105 3716 2223 3754 κτοι
2268 3699 2325 3753 δὲ
2373 3700 2468 3754 καὶ¹
2514 3702 2595 3765 είς
2632 3699 2794 3772 δεῦρο
2832 3701 2961 3773 περὶ
3002 3701 3095 3757 τδν
3132 3703 3296 3775 νόμον
3335 3705 3494 3772 εἰσὶν,
3529 3706 3699 3777 ἐμπε-

2105 3790 2420 3862 πρησμένου
2453 3789 2552 3861 μὲν
2571 3789 2666 3843 τοῦ
2697 3792 2753 3843 ὲν
2780 3792 2894 3855 τοῖς
2935 3790 3333 3866 Ἱεροσολύμοις
3358 3796 3511 3861 δντος
3538 3798 3695 3864 ναοῦ,

2104 3882 2513 3956 περιῃρημένου
2546 3898 2607 3934 τε
2633 3880 2728 3935 τοῦ
2773 3883 3181 3957 θυσιαστηρίου,
3215 3887 3310 3940 καὶ
3341 3887 3697 3961 ἀνῃρημένης

2104 3973 2314 4038 θυσίας,
2336 3975 2430 4026 καὶ
2457 3972 2735 4046 ἀργούσης
2758 3968 3077 4048 ἱερωσύνης,
3105 3980 3200 4033 καὶ
3229 3979 3405 4051 δήλων
3426 3983 3524 4053 οὐχ
3560 3986 3697 4055 6pm-

2106 4064 2307 4138 μένων.
2340 4064 2416 4118 Οὐ
2450 4064 2559 4137 γὰρ
2587 4064 2737 4129 ὄντος
2782 4064 3084 4138 ἀρχιερέως
3117 4070 3460 4141 ἱεροπρεπῶς
3504 4073 3699 4128 ὲσταλυ

2106 4154 2275 4225 μένου
2309 4155 2452 4209 κατὰ
2484 4155 2576 4210 τὸν
2609 4154 2792 4227 νόμον,
2826 4158 2945 4223 πῶς
2985 4155 3054 4231 ἦν
3086 4160 3167 4214 ἔτι
3191 4161 3382 4233 δήλους
3415 4163 3574 4232 ίδείν;
3624 4165 3696 4219 Τί

2101 4245 2158 4299 δὲ
2180 4246 2274 4299 καὶ
2287 4248 2335 4299 οἱ
2354 4246 2816 4321 δῆλοινομισθεῖεν
2833 4250 2921 4316 ἂν,
2934 4247 3041 4305 οἶδε
3062 4252 3161 4323 μὲν
3171 4254 3343 4319 ἴσωςδ
3362 4256 3692 4329 φιλομαθής,

2106 4335 2418 4408 ὑπομνῆσαι
2434 4339 2491 4391 δὲ
2510 4339 2597 4393 διὰ
2616 4339 2864 4412 βραχέων
2875 4344 2975 4395 οὐκ
2994 4344 3243 4417 ἀκερδέςο
3270 4346 3399 4399 Ὅτε
3421 4347 3489 4401 τὰ
3506 4349 3583 4411 είς
3599 4351 3693 4403 κό-

2105 4443 2245 4497 σμον
2264 4426 2358 4481 τοῦ
2381 4429 2682 4501 ἀρχιερέως
2703 4431 2956 4499 γενέσθαι
2975 4434 3341 4507 προστέταχεν
3363 4438 3392 4490 ὁ
3423 4437 3530 4491 τῶν
3549 4439 3691 4491 ὅλων

2100 4517 2252 4586 Θεὸς,
2271 4520 2390 4574 τότε
2418 4522 2553 4593 πρὸς
2580 4523 2673 4576 τὸν
2707 4523 2848 4595 ἱερὸν
2873 4522 2975 4595 ἐφη
2998 4526 3200 4579 Μωσέα
3221 4543 3233 4556 ·
3259 4545 3279 4578 ι
3302 4530 3412 4582 Καὶ
3446 4532 3690 4600 ποιήσεις

2101 4609 2279 4681 λόγιον
2298 4614 2529 4685 κρίσεως
2550 4614 2710 4686 ἔργον
2730 4614 2987 4684 ύφαντοῦ,
3008 4617 3287 4690 σπιθαμῆς
3303 4619 3363 4673 τὸ
3379 4620 3573 4691 μῆκος,
3592 4624 3691 4675 καὶ

426 4703 625 4769 indicii,
654 4717 789 4772 opus
821 4698 1029 4756 textile.
1062 4697 1236 4752 Palmi
1273 4694 1585 4767 longitudo,
1619 4703 1674 4751 et
1721 4697 1884 4764 palmi
1915 4694 1997 4747 la-

2108 4702 2387 4776 σπιθαμῆς
2402 4705 2464 4758 τὸ
2487 4703 2664 4778 εὖρος.
2686 4706 3041 4778 Τετράγωνος
3056 4708 3229 4764 ἔσται.
3263 4730 3281 4764 t
3305 4707 3438 4766 Εἶτα
3455 4714 3691 4785 προστέφ

422 4795 612 4848 titudo.
654 4791 1106 4863 Quadrangulutu
1135 4789 1242 4845 erit
1271 4788 1340 4843 7‘.
1380 4805 1402 4839 ι
1434 4787 1642 4843 Deinde
1672 4786 1879 4858 lapides
1919 4801 2000 4840 ar-

422 4886 654 4943 tiﬁciose
687 4884 857 4941 inseri
891 4883 1017 4938 nuic
1056 4879 1224 4936 textili
1269 4894 1392 4935 cum
1436 4874 1749 4935 nominibus
1794 4879 1998 4934 duode-

418 4984 524 5036 cim
549 4979 786 5036 tribuum
817 4972 1129 5040 mandavit;
1162 4971 1302 5026 inter
1328 4970 1465 5027 alios
1487 4977 1667 5027 autem
1693 4964 1853 5035 duos,
1885 4971 1994 5040 qui-

421 5076 521 5130 bus
569 5071 790 5128 nomina
844 5054 1215 5124 Manifestaria
1256 5073 1312 5118 et
1360 5059 1600 5118 Veritas.
1639 5060 1844 5116 Deinde
1896 5062 1998 5117 lioc

421 5163 688 5220 rationale
707 5160 898 5230 iudicii
932 5173 1000 5215 ex
1041 5155 1312 5211 bumerali
1334 5154 1516 5210 aureis
1537 5153 1744 5210 catenis
1763 5168 1994 5230 suspen-

420 5270 539 5311 sum
566 5257 619 5310 in
652 5228 841 5323 pectus
867 5249 1063 5306 summi
1098 5244 1400 5306 sacerdotis
1425 5246 1785 5318 dependebat,
1810 5228 1987 5301 erant-

415 5363 525 5418 que
550 5348 603 5402 in
643 5358 827 5416 typum
854 5342 1222 5400 Emmanuelis
1256 5339 1625 5397 Manilestatio
1664 5349 1719 5394 et
1755 5334 1992 5396 Veritas.

427 5458 446 5490 ι
483 5438 677 5495 Omnia
706 5434 850 5491 enim
898 5447 1020 5505 quae
1057 5433 1266 5490 audivit
1317 5449 1349 5488 a
1381 5430 1547 5488 Patre
1569 5472 1587 5499 ,
1649 5431 1992 5486 annuntiavit

2103 4812 2267 4866 ταχεν
2297 4797 2356 4862 ἐξ
2386 4799 2648 4870 ὀνόματος
2676 4799 2786 4853 τῶν
2821 4801 3004 4870 φυλῶν
3034 4803 3355 4858 δυοκαίδεκα
3383 4805 3460 4876 τῷ
3502 4824 3691 4879 τεχνη-

2105 4887 2337 4958 τεύματι
2374 4889 2554 4957 σοφῶς
2586 4889 2849 4961 ἐντέχνως
2886 4890 2961 4963 (ι)
2998 4892 3317 4963 ὑφαίνεσθαι
3351 4893 3551 4958 λίθους.
3580 4897 3689 4950 Δύο

2094 4972 2168 5048 ’γε
2201 4980 2309 5050 μὴν
2340 4980 2560 5052 ἑτέρους
2587 4980 2788 5051 μεταξὺ
2823 4982 2931 5037 τῶν
2954 4983 3150 5049 ἀλλων,
3177 4980 3260 5049 οἷς
3289 4980 3358 5057 ἦν
3385 4987 3623 5057 ὀνόματα
3649 4992 3684 5059 ή

2103 5069 2337 5141 δήλωσις
2374 5071 2469 5123 καὶ
2507 5071 2541 5141 ή
2588 5070 2834 5142 ἀλήθεια.
2875 5068 3008 5127 Εἶτα
3051 5073 3212 5128 τοῦτο
3253 5075 3315 5128 τὸ
3362 5074 3541 5141 λόγιον
3584 5078 3687 5148 τῆς

2105 5161 2336 5232 κρίσεως
2368 5164 2431 5216 ὲκ
2462 5163 2560 5234 τῆς
2587 5165 2856 5236 ἐπωμίδος
2883 5169 3112 5238 χρυσαῖς
3141 5166 3436 5240 ἁπῃὼρητο
3453 5173 3684 5241 σειραῖς.

2118 5252 2443 5321 Ἐπενήχετό
2470 5270 2528 5305 τε
2561 5253 2638 5324 τῷ
2679 5254 2885 5326 στέρνῳ
2915 5254 3009 5310 τοῦ
3056 5258 3376 5328 ἀρχιερέως,
3408 5261 3502 5313 καὶ
3541 5256 3685 5331 ἦσαν

2094 5342 2182 5403 ἐἰς
2210 5340 2378 5394 τύπον
2412 5342 2506 5395 τοῦ
2547 5343 2892 5415 Ἐμμανουήλ
2920 5345 2954 5415 ἠ
2979 5344 3209 5416 δήλωσις
3251 5347 3343 5400 καὶ
3375 5348 3408 5417 ἡ
3434 5347 3681 5419 ἀλήθεια,

2107 5452 2130 5484 ι
2165 5433 2346 5488 Πάντα
2366 5434 2471 5507 γὰρ
2501 5435 2538 5490 ἃ
2570 5437 2767 5506 ἤκουσε
2791 5436 2942 5508 παρὰ
2969 5436 3063 5491 τοῦ
3092 5436 3325 5511 Πατρδς,
3349 5438 3684 5509 ἀπήγγειλεν

491 5637 538 5670 ⁷ο
562 5634 667 5695 lsa.
702 5651 777 5703 ιιι,
811 5635 863 5690 9.
938 5636 983 5668 '“
1022 5633 1160 5692 Osee
1192 5651 1275 5700 tu,
1310 5635 1366 5689 4.
1442 5634 1487 5667 τ’
1519 5633 1690 5689 Exod.
1719 5649 1910 5699 xxvnt,
1946 5635 2146 5701 l5,16.

495 5822 575 5893 (t)
596 5817 1383 5895 Δ(ζοιιειεειῄυεῖ’ριοηιειτμ..ζ’ἶιςςί.
1417 5816 1510 5871 Gr.
1540 5816 1607 5880 ll,
1644 5816 1811 5895 619,“
1838 5830 2009 5895 vrocen‘

2108 5818 2329 5888 ντέχνως
2375 5829 2530 5890 putat
2576 5836 2698 5879 esse
2753 5823 3020 5894 glossema
3081 5832 3136 5879 et
3178 5823 3677 5895 interpretationem

425 5885 664 5954 adverbii
690 5889 887 5962 σοφῶς.
919 5887 1048 5943 Vide
1070 5887 1254 5957 Cyrilli
1285 5885 1632 5953 Tltcsnurnm,
1666 5904 1720 5956 p.
1748 5886 1834 5942 48.
1861 5887 2018 5941 Eutr.
