4094 6510
260 487 371 545 Ιῢ9
1204 480 1766 539 COMMENTARIUS
1809 481 1869 535 ΙΝ
1914 482 2146 537 OSEAM
2190 481 2629 536 I’ROPliET.\M.
3460 486 3561 541 Ili)

268 611 421 680 ἡμῖν.
469 626 488 658 ι
544 602 658 660 Καὶ
703 605 976 673 δεδήλωκε
1026 605 1085 656 τὸ
1119 603 1332 675 θέλημα
1374 604 1467 657 τοῦ
1510 606 1870 674 γεννήσαντος

1941 655 1948 667 _
1978 605 2133 659 nobis
2162 604 2228 671 ⁷⁵,
2272 622 2289 655 δ
2336 614 2389 658 et
2422 604 2790 660 manifestavit
2823 606 3151 660 voluntatem
3188 606 3305 676 ejus
3336 610 3427 676 qui
3468 627 3558 678 3::-

258 703 467 754 αὐτόν·
503 700 600 754 καὶ
651 699 990 766 κατέστησεν
1040 698 1245 769 ἐναργῆ
1299 700 1397 767 τῆς
1454 698 1728 767 σωτηρίας
1777 699 1874 768 τὴν

1979 693 2314 762 nuitipsmn,
2350 704 2404 747 et
2436 693 2576 747 viam
2619 695 2811 749 salutis
2840 696 3253 751 demonstravit.
3296 694 3431 753 Esse
3461 716 3559 751 an-

260 793 406 848 ὁδόν.
452 793 581 845 ’Ὁτι
628 791 686 844 δέ
740 790 986 843 ἐστικαὶ
1028 789 1277 858 ἀλήθεια,
1306 788 1424 851 πῶς
1470 788 1537 841 ἂν
1582 790 1875 842 ἐνδοιάσειέ

1979 791 2087 839 tem
2132 785 2444 851 veritatem,
2491 787 2582 855 qui
2625 787 2843 841 tandem
2890 788 3219 843 dubitaverit
3266 790 3560 860 quispiam,

268 904 371 949 τις,
428 882 600 937 αὑτοῦ
639 882 894 950 λέγοντος
931 881 1197 952 ἐναργῶς·
1256 900 1274 931 ι
1326 879 1468 947 Ἐγώ
1513 880 1693 951 είμιή
1737 881 1869 950 ἁλή-

1977 893 2099 933 cum
2129 879 2246 947 ipse
2278 888 2467 949 aperte
2501 880 2647 934 dicat
2676 897 2690 936 :
2739 898 2758 932 ‹
2827 878 2938 950 Ego
2966 895 3083 935 sum
3108 881 3311 937 veritas
3350 876 3562 936 τδΐιιιι.

266 981 426 1041 ista;
468 995 487 1028 ι
529 975 629 1028 Διὰ
660 973 823 1026 τοῦτο
866 974 960 1026 καὶ
1001 972 1137 1043 αὐτῇ
1187 974 1250 1043 τῇ
1283 970 1376 1024 τοῦ
1426 971 1727 1042 ἀρχιερέως
1768 971 1875 1023 ἁπ-

1979 971 2126 1027 circo
2153 979 2207 1025 et
2238 971 2337 1042 ipsi
2368 972 2567 1027 summi
2598 972 2896 1027 sacerdotis
2924 974 3133 1043 pectori
3178 974 3562 1043 appendeban-

266 1066 550 1139 εκρέματο
583 1064 804 1135 καρδίᾳ,
844 1064 1128 1134 μονονουχὶ
1173 1062 1407 1132 βοῶντος
1430 1061 1524 1115 τοῦ
1549 1061 1743 1125 τύπου,
1779 1062 1873 1115 καὶ

1980 1072 2087 1128 tur,
2119 1072 2326 1118 tantmn
2358 1079 2465 1120 non
2498 1065 2770 1120 clamante
2801 1074 2949 1135 typo,
2983 1075 3038 1121 et
3063 1066 3353 1122 manifeste
3378 1068 3564 1121 excla-

264 1157 578 1225 ἰιναερανδὸν
620 1154 1083 1225 ἀνακεκραγότος,
1108 1155 1189 1207 ὅτι
1213 1154 1304 1206 τὸν
1341 1153 1448 1206 τῶν
1478 1153 1614 1207 ὅλων
1644 1154 1875 1224 Σωτῆρα

1979 1166 2197 1222 mante,
2246 1157 2627 1237 universorum
2686 1156 3030 1212 Salvatorem
3083 1167 3137 1213 et
3188 1159 3562 1227 liberatorem,

262 1252 359 1304 καὶ
416 1247 750 1319 Λυτρωτὴν,
805 1247 903 1333 τὴν
935 1246 1213 1317 ἀλήθειαν,
1252 1245 1346 1299 καὶ
1384 1246 1483 1316 τὴν
1524 1245 1755 1317 δήλωσιν
1794 1246 1875 1308 είς

1976 1249 2264 1304 veritatem
2313 1256 2369 1304 et
2423 1249 2921 1305 manlfestationem
2968 1260 3221 1307 sanctum
3268 1267 3439 1321 genus
3511 1253 3562 1306 in

264 1341 411 1405 νοῦν,
451 1343 549 1394 καὶ¹
594 1338 826 1411 καρδίαν
870 1339 933 1392 τὸ
982 1338 1125 1408 ἱερὸν
1166 1338 1277 1403 ἔξει
1325 1338 1502 1407 γένος.
1543 1340 1749 1406 Ἥγουν
1782 1338 1874 1391 ὄτι

1978 1353 2158 1398 mente
2188 1352 2240 1398 et
2266 1345 2429 1397 corde
2452 1342 2772 1397 habiturum
2803 1358 2820 1408 ;
2867 1351 2961 1396 aut
2984 1352 3137 1399 certe
3192 1346 3562 1400 necessarium

262 1434 423 1489 πᾶσὰ
460 1450 582 1491 πως
616 1433 855 1501 ἀνάγκη,
912 1432 1039 1495 τοὺς
1074 1431 1395 1504 ἱερουργοὺς
1432 1432 1519 1485 ἀεὶ
1564 1430 1873 1501 μεμνῆσθαι

1975 1448 2099 1491 esse
2127 1435 2371 1499 omnino,
2404 1435 2719 1490 sacerdotes
2743 1434 2949 1490 Christi
2976 1450 3193 1505 semper
3223 1437 3562 1501 meminisse,

262 1526 536 1599 Χριστοῦ,
575 1526 668 1578 καὶ
702 1523 1021 1579 ἐνοικοῦντα
1054 1524 1240 1594 φέρειν
1285 1524 1375 1577 διὰ
1406 1523 1501 1577 τοῦ
1534 1524 1869 1595 Πνεύματος.

1977 1536 2033 1582 et
2062 1542 2160 1595 per
2186 1526 2447 1598 Spiritum
2481 1528 2534 1581 in
2565 1542 2625 1582 se
2670 1527 3008 1583 habitantem
3032 1528 3410 1584 circumferre.
3458 1531 3563 1583 Do-

260 1615 431 1680 Οἷκος
475 1617 532 1670 δὲ
573 1614 743 1670 αὑτοῦ
773 1614 901 1678 νοῦς
946 1614 1209 1686 καθαρὸς,
1258 1616 1357 1667 καὶ
1410 1613 1608 1685 καρδία
1643 1614 1871 1684 διεσμη-

1980 1634 2099 1673 mus
2116 1620 2234 1688 ejus
2262 1630 2345 1678 est
2370 1636 2520 1677 mens
2546 1637 2679 1692 pura
2714 1632 2771 1678 et
2799 1637 2897 1679 cor
2947 1634 3357 1695 perpurgatum.
3403 1624 3564 1681 Sede.

261 1711 472 1781 γμένη.
521 1708 899 1765 Καθεδοῦνται
927 1709 990 1779 δὴ
1034 1704 1128 1762 οὖν
1172 1709 1391 1779 ἡμέρας
1430 1706 1631 1771 πολλὰς
1670 1707 1719 1759 οἱ
1766 1705 1873 1758 υἱοὶ

1978 1709 2111 1765 bunt
2139 1711 2302 1781 igitur
2325 1712 2443 1769 dies
2473 1713 2670 1769 multos
2706 1715 2799 1769 filii
2831 1714 3020 1783 Israel,
3067 1717 3267 1788 inquit,
3300 1733 3422 1773 cum
3459 1734 3562 1772 non

266 1803 524 1874 Ἰσραὴλ,
562 1803 716 1872 φησὶ,
757 1800 1024 1871 βασιλέως
1066 1800 1167 1853 οὐκ
1212 1800 1386 1863 ὄντος,
1436 1796 1558 1852 οὐδὲ
1589 1796 1870 1868 ἄρχοντος,

1976 1802 2084 1857 erit
2121 1817 2240 1872 rex,
2294 1821 2399 1860 non
2459 1807 2732 1877 princeps,
2790 1807 2893 1864 hoc
2943 1817 3046 1874 est,
3080 1809 3199 1866 sine
3254 1826 3400 1881 rege,
3449 1812 3566 1867 sine

256 1894 575 1958 τουτέστιν,
606 1890 975 1951 ἀϐασίλευτοι,
1009 1888 1103 1943 καὶ
1135 1893 1147 1911 ⁸
1170 1888 1567 1941 ἁνεπίστευτοι.
1598 1886 1735 1939 Οὔτε
1766 1886 1873 1955 γὰρ

1983 1895 2236 1963 praeside.
2270 1895 2379 1951 Nec
2400 1898 2544 1952 enim
2568 1900 2873 1970 regnabant
2901 1901 2993 1972 qui
3016 1911 3143 1957 sunt
3171 1916 3200 1958 e
3235 1903 3376 1959 tribu
3404 1902 3562 1967 Juda,

259 1983 695 2056 βασιλεύσουσιν
721 1985 770 2035 οἱ
800 1983 867 2035 ὲκ
901 1979 1075 2052 φυλῆς
1114 1979 1305 2043 Ἰούδα,
1338 1978 1463 2032 οὔτε
1496 1978 1602 2049 μὴν
1640 1978 1690 2031 οἱ
1736 1976 1876 2030 κατὰ

1980 2002 2079 2043 nec
2106 1988 2473 2058 praesidebant
2498 1991 2796 2062 principes,
2826 1993 2929 2048 hoc
2956 2002 3062 2060 est,
3088 1996 3419 2051 sacerdotes.
3455 1995 3566 2052 Nec

256 2079 435 2147 νόμον
468 2074 928 2147 προεδρεύσουσιν
959 2073 1240 2143 ἄρχοντες,
1271 2071 1573 2135 τουτέστιν,
1607 2072 1655 2123 οἱ
1687 2071 1871 2142 ἱερεῖς.

1980 2080 2105 2142 erit,
2154 2080 2350 2149 inquit,
2389 2081 2587 2147 altare,
2643 2091 2735 2138 aut
2784 2084 3121 2141 sacriﬁcium
3178 2089 3567 2143 sacerdotium-

271 2172 420 2224 Ἀλλ’
472 2169 599 2223 οὐδὲ
628 2168 806 2232 ἔσται,
846 2167 1003 2239 φησὶ,
1050 2166 1460 2237 θυσιαστήριον,
1511 2164 1544 2235 ἢ
1584 2162 1766 2230 θυσία,
1804 2165 1878 2215 ἱε-

1977 2180 2183 2239 que,et
2206 2173 2505 2229 manifesti.
2545 2176 2928 2231 Verumtamen
2956 2194 3061 2233 non
3090 2180 3143 2235 in
3177 2180 3297 2235 istis
3328 2196 3561 2252 semper.

262 2264 495 2336 ρωσύνη
516 2279 578 2316 τε
611 2262 706 2316 καὶ
726 2261 903 2331 δῆλοι.
932 2259 1079 2330 Πλὴν
1110 2260 1211 2313 οὐκ
1240 2262 1297 2312 ὲν
1326 2258 1538 2321 τούτοις
1562 2256 1874 2320 διαπαντὸς,

1980 2277 2081 2318 nec
2111 2266 2441 2321 omnimodis
2474 2268 2711 2338 reiectus
2749 2268 2918 2325 Israel
2960 2272 3235 2340 manebit;
3286 2274 3568 2328 vocabitur

256 2357 390 2410 οὐδὲ
415 2356 791 2425 ἁπόπεμπτος
820 2351 1132 2423 ὀλότρόπως
1158 2354 1187 2404 ό
1225 2350 1442 2422 Ἰσραὴλ
1470 2348 1645 2413 ἔσται,
1686 2348 1873 2419 κεκλή-

1981 2358 2126 2412 enim
2158 2360 2468 2429 aliquando,
2501 2371 2556 2417 et
2579 2377 2674 2433 per
2707 2363 2865 2418 fidem
2899 2378 3221 2430 conversus,
3248 2366 3417 2421 Deum
3449 2368 3569 2421 uni-

263 2459 428 2503 σεται
454 2450 567 2519 γὰρ
595 2447 738 2501 κατὰ
769 2446 1017 2517 καιροὺς,
1040 2445 1135 2499 καὶ
1164 2442 1483 2514 ἐπιστρέψει
1502 2442 1591 2495 διὰ
1618 2441 1876 2504 πίστεως,

1980 2464 2262 2503 vcrsormn
2318 2462 2596 2523 agnoscet,
2644 2463 2852 2510 etcum
2907 2458 3026 2527 ipso
3070 2456 3261 2521 David,
3313 2460 3415 2515 hoc
3463 2473 3568 2526 ρει,

261 2546 363 2599 καὶ
410 2542 786 2612 ἐπιγνώσεται
831 2541 925 2594 τὸν
957 2540 1064 2593 τῶν
1104 2539 1241 2593 ὅλων
1276 2539 1430 2600 Θεὸν,
1468 2539 1562 2591 καὶ
1602 2538 1698 2590 σὺν
1729 2536 1878 2606 αὐτῷ

1981 2542 2070 2611 qui
2106 2544 2305 2611 prodiit
2330 2559 2396 2599 ex
2449 2547 2658 2603 semine
2699 2548 2903 2617 David,
2953 2552 3233 2609 Christum
3269 2555 3567 2608 secundum

259 2639 356 2693 τὸν
410 2637 606 2699 Δαϐὶδ,
653 2633 922 2696 τουτέστι,
973 2632 1064 2685 τὸν
1115 2634 1179 2683 ὲκ
1231 2630 1543 2699 σπέρματος
1573 2630 1754 2692 Δαϐὶό,
1788 2629 1876 2681 τὸν

1980 2653 2223 2702 carnem,
2274 2641 2655 2697 universorum
2687 2659 2869 2713 regem
2925 2661 2989 2701 ac
3054 2646 3365 2701 Dominum.
3393 2648 3566 2711 Tunc,

262 2731 413 2786 κατὰ
452 2730 639 2800 σάρκα
669 2724 928 2797 Χριστὸν,
963 2724 1053 2777 τὸν
1084 2724 1193 2776 τῶν
1213 2723 1351 2776 ὅλων
1378 2720 1606 2791 βασιλέα
1647 2720 1741 2773 καὶ
1768 2719 1879 2773 Κύ-

1985 2740 2113 2785 tunc
2151 2730 2523 2786 beneﬁcentirc
2554 2733 3008 2803 magnitudinem,
3042 2745 3095 2789 et
3136 2738 3570 2791 mansuetudinis

262 2842 404 2897 ριον.
442 2825 583 2875 Τότε
617 2820 705 2893 δή,
733 2820 855 2874 τότε
883 2816 1398 2887 καταπλαγήσονται
1439 2814 1537 2885 τῆς
1570 2813 1879 2884 φιλοτιμίας

1984 2823 2302 2877 immensam
2337 2825 2566 2889 gratiam
2612 2825 3022 2895 obstupeseent.
3078 2827 3376 2896 Participes
3424 2828 3570 2882 enim

259 2919 323 2971 τὸ
367 2915 636 2987 μέγεθος,
664 2912 761 2967 καὶ
795 2911 896 2982 τὴν
929 2910 1028 2981 τῆς
1063 2908 1402 2980 ἡμερότητος
1432 2907 1742 2978 ἀμέτρητον
1780 2906 1876 2977 χά-

1984 2918 2143 2965 erunt
2194 2912 2310 2979 spei
2354 2913 2559 2967 sanctis
2590 2922 2943 2984 praeparatae,
3000 2926 3425 2988 sanctorumque
3482 2934 3572 2989 ag-

264 3028 373 3082 ριν.
431 3006 860 3079 Συμμεθέξουσι
892 3002 1004 3075 γὰρ
1034 3003 1131 3073 τῆς
1164 3004 1278 3064 τοῖς
1305 3001 1483 3069 ἁγίοις
1510 2999 1881 3071 ηὐτρεπισμέ-

1984 3003 2222 3057 minibus
2255 3004 2470 3059 admisti
2507 3005 2558 3059 in
2589 3005 2803 3073 pascuis
2837 3006 3013 3073 bonis,
3062 3015 3125 3061 et
3162 3007 3211 3061 in
3243 3007 3364 3063 loco
3389 3009 3570 3079 pingui

258 3118 366 3171 νης
418 3098 667 3160 ἐλπίδος,
704 3095 818 3161 καὶ¹
842 3096 965 3155 ταῖς
1015 3091 1123 3145 τῶν
1168 3090 1616 3144 πεπιστευκότων
1657 3090 1875 3157 ἀγέλαις

1983 3105 2298 3165 pascentur.
2330 3095 2570 3165 Tempus
2605 3097 2749 3151 enim
2784 3098 2922 3153 adeo
2957 3098 3257 3168 Splendida:
3306 3108 3359 3153 et
3388 3100 3566 3154 admi-

258 3192 501 3262 ἀναμὶξ,
538 3192 597 3243 ὲν
631 3191 767 3259 νομῇ
800 3185 1005 3255 ἀγαθῇ,
1042 3186 1135 3237 καὶ
1176 3186 1235 3239 ἐν
1280 3182 1431 3253 τόπῳ
1458 3182 1604 3235 πίονι
1634 3180 1875 3252 νεμηθή-

1984 3184 2170 3239 Γθηιίιο
2195 3186 2381 3256 gratiae
2415 3186 2545 3252 ipsis
2568 3187 2673 3242 erit
2698 3195 3003 3243 extremum
3033 3188 3184 3255 illud,
3214 3198 3270 3243 et
3299 3190 3569 3251 ultimum,

262 3303 481 3341 σονται.
528 3280 737 3353 Καιρδς
769 3278 880 3350 γὰρ
927 3278 1111 3341 αὺτοῖς
1151 3276 1250 3347 τῆς
1284 3275 1426 3329 οὕτω
1473 3275 1756 3346 λαμπρᾶς,
1788 3274 1879 3327 καὶ

1985 3284 2040 3330 et
2075 3275 2128 3331 in
2152 3276 2392 3341 Christo,
2418 3276 2537 3348 63
2594 3292 2691 3347 per
2730 3292 2892 3347 quem
2943 3286 2996 3333 et
3020 3291 3147 3332 eum
3202 3291 3312 3348 quo
3363 3278 3474 3333 Deo
3523 3289 3575 3332 et

262 3376 625 3446 ἀξιαγόιστου
681 3374 907 3444 χάριτος
950 3371 979 3424 ό
1030 3370 1339 3432 τελευταῖος
1389 3369 1484 3422 καὶ
1514 3368 1573 3421 ὲν
1611 3366 1879 3437 ἐσχάτοις,

1986 3366 2134 3423 Patri
2167 3368 2358 3437 gloria,
2392 3385 2519 3424 cum
2553 3377 2748 3425 sancto
2776 3368 2987 3441 Spiritu
3013 3370 3066 3425 in
3100 3370 3297 3425 saecula
3345 3371 3575 3426 saeculo-

263 3472 363 3526 καὶ
386 3472 451 3524 ὲν
485 3467 739 3540 Χριστῷ,
759 3466 827 3519 δι’
857 3460 938 3530 οὗ,
972 3466 1067 3519 καὶ
1101 3463 1221 3536 μεθ’
1248 3454 1309 3518 οῦ
1332 3462 1410 3534 τῷ
1438 3460 1560 3527 Θεῷ
1585 3462 1681 3515 καὶ
1702 3462 1886 3532 ﬂatth
1990 3477 2131 3520 rum.
2163 3462 2357 3518 Amen.

262 3564 299 3633 ἡ
330 3560 493 3625 δόξα,
532 3558 632 3612 σὺν
660 3556 741 3629 τῷ
766 3556 911 3628 ἁγίῳ
943 3555 1247 3626 Πνεύματι,
1286 3555 1367 3619 εις
1388 3553 1515 3619 τοὺς
1543 3553 1745 3618 αἰῶνας
1775 3552 1886 3606 τῶν

265 3655 514 3709 αἰώνων.
569 3651 768 3721 Ἀμήν.

644 3774 1033 3863 ΤΟΜΟΣ
1108 3770 1529 3857 ΤΡΙΤΟΣ.

2263 3768 2655 3863 ΓΟΜΗΞ
2755 3773 2980 3861 TER
3018 3772 3316 3863 I‘IUS.

895 3930 1150 3983 ΚΕΦΑΛ.
1200 3931 1274 3981 A'.

2632 3921 2787 3977 CAP.
2835 3922 2921 3977 IV.

344 4050 691 4106 Ἀκούσατε
703 4044 891 4114 λόγον
906 4043 1149 4110 Κυρίου,
1167 4041 1283 4095 υἱοὶ
1300 4039 1566 4107 Ἰσραὴλ,
1587 4038 1619 4091 ὅ
1626 4055 1674 4091 τι
1692 4038 1888 4107 κρίσις

2067 4032 2232 4088 VERS.
2259 4034 2311 4096 ‘I,
2342 4032 2398 4086 2.
2431 4032 2623 4087 Audite
2654 4034 2865 4087 verbum
2944 4033 3178 4102 Domini,
3218 4036 3321 4105 lilii
3389 4039 3579 4103 Israel,

271 4143 357 4209 τῷ
413 4140 620 4210 Κυρίῳ
673 4138 823 4206 πρὸς
873 4136 1017 4201 τοὺς
1080 4132 1513 4197 κατοικοῦντας
1566 4130 1684 4199 τὴν
1735 4128 1885 4201 γῆνο

1992 4127 2116 4198 quia
2138 4127 2406 4197 judicium
2463 4126 2686 4180 Domino
2721 4127 2791 4179 ad
2823 4126 3122 4181 habitantes
3172 4139 3411 4194 terram;
3458 4132 3583 4198 quia

268 4237 434 4291 διότι
470 4234 591 4287 οὐκ
618 4231 792 4284 ἔστιν
825 4228 1101 4294 ἀλήθεια,
1165 4226 1291 4279 οὐδ’
1322 4225 1515 4291 ἔλεος,
1566 4222 1711 4278 οὐδὲ
1762 4222 1885 4276 ἐπί-

1992 4236 2098 4274 ηοη
2121 4228 2196 4274 esl
2218 4220 2432 4285 veritas,
2452 4234 2613 4288 neque
2635 4220 3020 4284 misericordia,
3040 4238 3200 4290 neque
3225 4223 3446 4275 scientia
3489 4223 3582 4277 Del

272 4340 513 4397 τνωσις
569 4319 719 4375 Θεοῦ
771 4319 869 4372 ἐπὶ
906 4317 1041 4388 γῆς.
1111 4316 1269 4385 Ἀρὰ,
1333 4316 1430 4370 καὶ
1488 4315 1736 4383 ψεῦδος,
1790 4314 1889 4368 καὶ

1993 4326 2152 4376 super
2185 4321 2402 4364 terram.
2433 4309 3206 4377 Maledictio,etmendacium,
3258 4323 3303 4366 et
3360 4314 3584 4368 homici-

270 4420 499 4488 φόνος,
533 4413 635 4466 καὶ
671 4411 895 4479 κλοπὴ,
932 4412 1030 4464 καὶ
1068 4410 1304 4480 μοιχεία
1355 4410 1597 4478 κέχυται
1631 4408 1730 4462 ἐπὶ
1780 4408 1887 4478 τῆς

1993 4405 2161 4468 dium,
2197 4414 2241 4457 et
2286 4402 2510 4470 furtum,
2564 4413 2611 4457 et
2642 4402 2960 4458 adulterium
3019 4404 3244 4474 effusum
3296 4414 3373 4459 est
3430 4422 3587 4475 super

266 4510 415 4582 γῆς,
452 4511 555 4563 καὶ
581 4506 801 4575 αἵματα
834 4505 926 4574 ἐφ’
965 4504 1176 4572 αἵμασι
1211 4504 1565 4573 μίσγὸυσιν,

1993 4507 2211 4562 terram,
2235 4506 2283 4550 et
2308 4512 2588 4565 sangumes
2622 4512 2677 4550 tn
2707 4498 3051 4567 sangumt'bus
3093 4511 3329 4554 miscent.

344 4617 481 4674 AE'.
536 4618 866 4685 Ἀναγκαῖον
898 4616 1047 4686 ἡμᾶς
1091 4613 1412 4685 διατρανοῦν
1456 4612 1738 4675 ἐθέλοντας
1782 4612 1889 4664 τῶν
1923 4674 1959 4686 _

2066 4609 2289 4665 XXXV.
2322 4610 2553 4665 Necesse
2581 4619 2663 4665 est
2717 4626 2816 4666 nos
2859 4613 3191 4667 sententiam
3226 4613 3422 4667 hormn
3467 4629 3588 4667 ver-

270 4711 672 4783 ττροκειμένων
704 4710 796 4762 τὸν
836 4707 985 4773 νοῦν,
1034 4706 1316 4778 μονονουχὶ
1359 4705 1729 4775 παλινάγρετα
1769 4720 1887 4755 ποι-

1995 4704 2188 4758 bormn
2224 4702 2520 4771 explanare
2547 4704 2819 4770 volentes,
2853 4721 2990 4773 pene
3035 4707 3219 4760 omnia
3248 4722 3275 4759 a
3312 4707 3586 4777 principio

266 4802 462 4857 εἰσθαι
489 4801 564 4854 τὰ
596 4803 653 4853 έν
685 4801 905 4872 ἀρχαῖς,
938 4801 1032 4852 καὶ
1062 4799 1181 4852 ὅλον
1206 4798 1393 4869 ὥσπερ
1426 4793 1883 4866 ἀναμηρύσασθαι

1996 4796 2140 4851 dicta
2198 4811 2496 4861 resumere,
2550 4807 2604 4851 et
2660 4797 2818 4866 quasi
2869 4806 3039 4854 totum
3090 4800 3389 4869 prophetia:
3432 4800 3590 4868 hujus

268 4897 374 4967 τῆς
413 4893 765 4966 προφητείας
801 4894 891 4946 τὸν
926 4893 1145 4945 σκοπόν.
1190 4891 1419 4956 Οὐκοῦν,
1452 4889 1527 4952 ὡς
1568 4888 1668 4953 ἔνι,
1708 4887 1801 4941 καὶ
1830 4888 1885 4939 ἐν

1996 4903 2221 4959 scopum
2264 4890 2602 4959 recolligere.
2634 4891 2845 4962 Itaque,
2891 4901 2952 4947 ut
2998 4893 3148 4960 licet,
3206 4902 3262 4948 et
3299 4895 3351 4947 in
3415 4908 3590 4963 pauca

262 4990 515 5063 βραχέσι
550 4985 912 5055 συνενεγκὼν,
950 4984 1124 5038 ἐκεῖνό
1166 5001 1327 5054 φημι.
1370 5003 1387 5034 ι
1428 4984 1619 5052 Γέγονε
1656 4982 1752 5051 μὲν
1782 4980 1879 5051 γὰρ

1997 4982 2286 5037 conferens
2321 4982 2451 5037 illud
2476 4984 2582 5041 aio.
2617 5003 2636 5037 ι
2677 4985 2903 5041 Factum
2952 4999 3036 5041 est
3076 4987 3405 5058 principium
3437 4986 3590 5041 verbi

267 5082 424 5153 ἀρχὴ
458 5080 625 5148 λόγου
669 5077 876 5148 Κυρίου
928 5078 985 5129 ἐν
1046 5077 1228 5148 Ὠσηέ.
1272 5096 1288 5128 ι
1327 5075 1784 5148 Διερμηνεύοντες
1834 5074 1884 5126 δὲ

1998 5074 2213 5129 Domini
2266 5073 2319 5129 in
2352 5076 2491 5131 Osca
2524 5076 2593 5130 ⁷⁸.
2629 5096 2647 5128 ι
2709 5077 2840 5145 Qum
2895 5093 3018 5133 cum
3048 5126 3051 5133 .
3081 5082 3588 5150 interpretaremur,

267 5175 344 5227 τὰ
376 5173 593 5234 τοιάδε,
637 5170 773 5238 πρὸς
800 5171 892 5223 τὸν
937 5171 1207 5241 μακάριον
1240 5172 1524 5241 προφήτην
1576 5169 1735 5239 Ὠσηὲ
1766 5166 1884 5229 τοὺς

1998 5168 2312 5225 dicebamus
2333 5169 2557 5225 verbum
2588 5170 2679 5225 Dei
2709 5173 2775 5225 ad
2806 5172 3019 5227 beatum
3047 5174 3367 5241 prophetam
3394 5168 3590 5227 Oscam

269 5267 434 5339 παρὰ
464 5263 607 5318 Θεοῦ
639 5263 899 5332 γενέσθαι
932 5262 1123 5331 λόγους
1156 5262 1381 5324 εἰκότως
1413 5262 1696 5329 ἐλέγομεν,
1730 5260 1886 5310 οἱονεὶ

2002 5278 2030 5316 a
2059 5262 2169 5319 Deo
2194 5263 2391 5319 merito
2422 5264 2648 5331 factum,
2680 5265 2844 5320 veluti
2870 5267 3128 5337 mysteria
3158 5265 3333 5335 ipsum
3362 5266 3593 5321 docente

271 5356 783 5433 μυσταγωγοῦντος
826 5356 1011 5422 αὑτὸν,
1057 5356 1149 5409 καὶ
1194 5356 1262 5409 τὰ
1293 5356 1525 5425 ἐσόμενα
1564 5371 1888 5424 προαναᾳω·

2002 5364 2058 5409 et
2089 5365 2317 5410 ventura
2351 5371 2446 5426 per
2474 5358 2677 5427 liguras
2712 5368 2767 5412 et
2804 5359 2965 5414 verba
3024 5360 3449 5427 prtenuntiante.
3498 5354 3592 5410 Id—

270 5454 505 5514 νοῦντος
554 5450 645 5503 διὰ
678 5466 741 5503 τε
771 5448 959 5502 τύπων
1018 5448 1111 5503 καὶ
1163 5447 1358 5516 λόγων.
1395 5446 1582 5518 Ταύτῃ
1628 5465 1710 5500 τοι
1749 5465 1887 5519 παρ-

2002 5449 2149 5503 circo
2188 5449 2341 5503 initio
2384 5452 2555 5505 ascita
2605 5461 2689 5505 est
2720 5450 2944 5516 Gomer,
2979 5451 3299 5521 peperitque
3349 5448 3463 5503 Non
3500 5463 3594 5517 po-

269 5545 632 5615 ελαμϐἁνετο
670 5544 772 5613 μὲν
806 5543 862 5594 ὲν
895 5542 1089 5612 ἀρχαῖς
1121 5541 1351 5611 ήΓόμερ
1376 5556 1385 5568 ·
1423 5540 1601 5592 ἔτικτε
1631 5540 1687 5592 δὲ
1717 5539 1806 5592 τόν
1832 5557 1886 5591 τε

1999 5542 2157 5610 pulus
2218 5560 2391 5607 meus,
2450 5554 2506 5598 et
2561 5543 2993 5600 Misericordiam
3050 5559 3156 5597 non
3212 5550 3587 5599 consecutam.

266 5641 331 5693 οὐ
385 5638 525 5691 λαόν
585 5653 711 5708 μου,
760 5634 856 5687 καὶ
907 5635 1004 5704 τὴν
1062 5636 1162 5688 ούκ
1215 5633 1545 5704 ἠλεημένην.
1597 5631 1731 5687 Εἶτα
1772 5633 1883 5703 pter“

2001 5633 2193 5689 Postea
2227 5645 2507 5705 assumpta
2543 5647 2627 5691 est
2659 5637 2828 5691 altera
2879 5646 2932 5693 et
2963 5638 3177 5694 moecha
3211 5648 3266 5693 et
3299 5637 3543 5708 improba
3571 5654 3588 5705 ;

273 5734 502 5803 ἐκείνην
551 5728 914 5799 προσελήφθη
966 5727 1194 5799 δευτέρα
1253 5726 1498 5800 μοιχαλίς
1549 5745 1608 5779 τε
1658 5727 1749 5780 καὶ
1796 5743 1890 5778 πο-

1998 5736 2050 5781 et
2076 5728 2414 5797 singulorum
2468 5730 2697 5787 istorum
2735 5747 2934 5787 arcana
2978 5732 3251 5790 subtiliter
3301 5741 3588 5788 accurate—

270 5822 455 5894 νηρὰ,
510 5821 610 5874 καὶ
658 5820 728 5874 τὰ
763 5820 851 5891 ἐφ’
904 5820 1124 5889 ἑκάστῳ
1175 5818 1377 5871 τούτων
1420 5819 1633 5882 λεπτῶς
1677 5836 1733 5871 τε
1796 5820 1887 5872 καὶ

1998 5834 2103 5887 que
2136 5821 2420 5890 pr0phcta,
2453 5831 2512 5875 ut
2542 5824 2651 5877 dixi
2687 5868 2699 5890 ,
2729 5823 2953 5879 edoctus
2979 5835 3082 5881 est.
3110 5824 3392 5893 Tanquam
3421 5820 3585 5894 igitur

366 5987 412 6017 ⁷³
452 5984 614 6043 Joan.
651 6000 747 6052 xv,
785 5983 869 6040 15.
949 5983 995 6014 7"
1032 5980 1191 6037 Joan.
1224 5996 1334 6046 xw,
1372 5980 1422 6032 6.
1502 5980 1545 6007 τδ
1584 5976 1723 6031 Osce
1761 5992 1797 6042 ι,
1836 5977 1881 6029 l.
