4094 6502
505 453 620 511 Ἠἰ

1553 455 1610 512 S.
1654 456 1924 512 CYRILLI
1968 455 2436 512 ALEXANDRINI
2475 457 2796 514 ARCHIEP.

3684 462 3788 517 Hi

527 571 767 642 mystcrii
802 570 1001 625 virtute
1068 570 1208 641 apud
1265 585 1323 626 se
1354 572 1711 643 undequaque
1764 588 2015 645 percepta
2044 585 2092 627 et

2207 575 2442 645 ἀκριϐῶς
2484 577 2511 627 ὁ
2548 577 2852 646 προφήτης,
2906 576 2981 639 ὡς
3035 577 3190 648 ἔφην,
3243 574 3638 644 ἐξεπαιδεύετο.
3700 579 3788 642 Ὠς

525 662 761 731 cognita,
806 662 1057 731 deinceps
1084 663 1347 720 Israelitis
1400 665 1582 720 futura
1618 668 1983 736 promulgare,
2042 681 2093 723 et

524 754 850 809 calamitatis
880 754 1026 809 brevi
1059 772 1153 811 eos
1188 757 1458 812 invasurae
1489 758 1738 813 nuntium
1776 758 1972 813 elierre
2001 800 2014 821 ,
2046 770 2099 812 et

522 845 722 915 quibus
785 848 1143 904 exacerbatus
1192 848 1265 903 sit
1337 850 1480 904 Deus
1510 886 1525 913 ,
1581 848 1883 903 clarissime
1927 860 2097 918 espo-

524 952 654 989 nere
681 937 924 1005 orditur;
954 948 1010 992 ut
1040 940 1127 1008 qui
1164 938 1457 1009 puniuntur
1481 940 1658 995 sciant
1703 954 1763 993 se
1795 940 1905 1008 pati
1928 941 2051 1007 jure
2079 979 2094 1004 ,

525 1043 862 1099 quaecunque
878 1044 972 1083 eos
987 1031 1094 1098 pati
1116 1031 1425 1101 contigerit.
1443 1030 1577 1085 Cum
1597 1031 1741 1086 enim
1763 1031 1830 1084 ab
1850 1030 2099 1085 hostibus

524 1119 775 1188 (‘npit‘ltdi
816 1129 1016 1185 essent,
1048 1133 1099 1176 et
1122 1121 1356 1177 lttdibrio
1382 1122 1549 1175 futuri
1577 1123 1722 1193 ipsos
1750 1128 1905 1176 antea
1931 1122 2101 1177 admi-

526 1213 861 1275 rantibtts,et
887 1214 1138 1269 lsraclent
1157 1230 1319 1284 supra
1345 1229 1534 1269 onmes
1554 1223 1741 1283 gentes
1767 1214 1903 1268 alias
1931 1230 2100 1285 expu-

524 1310 690 1367 gnatu
713 1300 1080 1356 ditlicillimum
1116 1303 1534 1369 arbitrantibus,
1560 1318 1627 1357 ne
1655 1313 1910 1373 putarent
1939 1305 2099 1358 auxi-

525 1390 794 1445 liatricem
818 1402 867 1446 et
887 1394 1237 1448 servatrieem
1268 1410 1486 1448 manum
1512 1395 1563 1449 in
1593 1395 1724 1463 ipsis
1753 1395 2057 1465 elanguisse
2082 1413 2098 1462 ;

523 1483 617 1536 sed
655 1484 1033 1552 resipiscerent
1062 1487 1261 1553 potius,
1290 1494 1344 1539 et
1385 1485 1451 1541 ad
1512 1486 1772 1541 salutaria
1810 1501 2100 1541 recurrere

532 1573 902 1638 instituerent,
956 1577 1261 1645 cogitantes
1316 1578 1440 1647 quia
1492 1592 1587 1647 per
1627 1578 1988 1647 ignorantiam
2021 1577 2102 1630 ol-

526 1663 791 1717 femtcrint
838 1680 984 1730 eum,
1039 1668 1130 1735 qui
1195 1680 1416 1721 servare
1466 1667 1638 1731 novit,
1692 1668 1811 1723 ideo
1861 1666 2101 1721 divinam

523 1755 656 1808 irntn
685 1757 736 1809 in
779 1771 838 1810 se
859 1758 1163 1825 exacuisse,
1223 1759 1532 1813 necessario
1566 1759 1730 1813 etiam
1770 1768 1903 1812 ante
1950 1757 2101 1813 futu-

524 1860 707 1898 rnrmn
759 1849 1217 1917 exstiectationem
1247 1850 1456 1906 scelera
1490 1866 1680 1906 eorum
1724 1850 1858 1922 ipsis
1889 1866 2101 1904 annun-

2201 663 2293 720 οὖν
2326 669 2653 739 ἀποχρῶσαν
2687 667 2779 722 τοῦ
2822 670 3119 740 μυστηρίου
3145 670 3243 738 τὴν
3283 670 3515 741 δύναμιν
3552 688 3787 740 συναγη-

2202 758 2413 830 γερκὼς
2461 760 2518 812 ἐν
2561 758 2762 829 ἐαυτῷ,
2816 759 3041 830 ἄρχεται
3089 759 3273 813 λοιπὸν
3303 762 3414 823 τοῖς
3448 760 3507 824 ἐξ
3556 761 3789 830 αἵματος

2214 849 2427 920 Ἰσραὴλ
2457 850 2759 919 ἀναφωνεῖν
2781 851 2849 902 τά
2874 849 3154 920 μέλλοντα,
3184 850 3280 904 καὶ
3305 849 3405 920 τῆς
3425 850 3548 903 ὅσον
3576 850 3787 904 οὐδέπω

2202 942 2583 1014 παρεσομένης
2615 943 2800 1006 αὐτοῖς
2836 944 3120 1014 συμφορᾶς
3144 942 3351 1013 ἐναργῆ
3378 940 3649 996 ποιεῖσθαι
3684 942 3785 1011 τὴν

2202 1032 2497 1102 πρόφασιν,
2543 1033 2637 1085 καὶ
2665 1031 2734 1085 τά
2783 1033 2867 1100 ἐφ’
2909 1028 2990 1095 οἷς
3025 1030 3322 1102 λελύπηται
3351 1033 3504 1098 Θεὸς,
3539 1028 3597 1085 εὖ
3639 1031 3785 1101 μάλα

2204 1123 2522 1195 διατρανοῦν
2550 1139 2562 1152 ·
2602 1125 2666 1177 ἵν’
2699 1124 2888 1178 εἰδεῖεν
2932 1126 2981 1177 οἰ
3017 1122 3370 1195 κολαζόμενοι
3416 1124 3677 1187 παθόντες
3727 1125 3786 1176 ἐν

2201 1216 2346 1287 δίκῃ,
2374 1216 2441 1270 τὰ
2471 1217 2683 1289 ὅσαπερ
2718 1216 2784 1270 ἂν
2809 1216 3049 1288 συμϐαίη
3086 1216 3278 1270 παθεῖν
3304 1216 3519 1281 αὐτούς.
3568 1215 3785 1286 Ἐπειδὴ

2202 1307 2310 1379 γὰρ
2344 1306 2566 1377 ἔμελλον
2598 1306 2906 1361 ἁλώσεσθαι
2939 1308 3037 1378 μὲν
3077 1307 3168 1361 ὑπ’
3200 1308 3429 1379 ἐχθρῶν,
3463 1309 3542 1372 εἰς
3572 1308 3787 1376 γέλωτα

2202 1399 2260 1452 δὲ
2290 1400 2613 1472 προκεῖσθαι
2639 1399 2827 1454 λοιπὸν
2851 1403 2965 1465 τοῖς
2993 1401 3221 1470 ἀρίστην
3247 1400 3461 1471 ἔχουσιν
3483 1399 3662 1454 αὐτῶν
3687 1399 3789 1470 τὴν

2202 1490 2380 1555 δόξαν,
2421 1491 2515 1546 καί
2546 1490 2655 1545 τῶν
2705 1492 2879 1547 ἄλλων
2915 1491 3172 1547 ἁπάντων
3205 1491 3377 1545 ἐθνῶν
3407 1490 3785 1545 δυσαλώτατον

2204 1581 2470 1651 ὑπάρχειν
2515 1582 2783 1654 οἰομένοις
2830 1581 2921 1635 τὸν
2982 1580 3217 1651 Ἰσραὴλ,
3260 1580 3348 1634 ἵνα
3391 1579 3467 1651 μὴ
3504 1580 3785 1651 νομίσειαν

2203 1672 2344 1726 κατὰ
2390 1674 2531 1740 σφᾶς
2566 1674 2764 1736 αὐτοὺς
2795 1671 2892 1743 τὴν
2928 1673 3314 1742 ἐπαμύνουσάν
3342 1690 3402 1726 τε
3460 1673 3553 1727 καὶ
3583 1673 3787 1738 σώζου⁴

2205 1780 2305 1817 σαν
2328 1764 2592 1834 ἀτονῆσαι
2613 1766 2787 1835 χεῖρα⁷
2816 1763 3245 1832 μεταγινώσκειν
3265 1763 3322 1816 δέ
3349 1762 3550 1832 μᾶλλον
3580 1762 3786 1817 ἐλοιντό

2202 1869 2263 1905 τε
2302 1853 2397 1905 καὶ
2447 1852 2586 1923 πρὸς
2611 1852 2681 1905 τὰ
2700 1852 2909 1922 ἀμείνω
2932 1851 3339 1923 παλινδρομεῖν,
3368 1852 3672 1915 ἐννοοῦντες
3702 1854 3786 1906 ὅτι

525 1938 652 2000 liat,
706 1937 817 2009 64
860 1913 923 1992 et
958 1940 1033 1993 ait
1071 1958 1084 1992 :
1120 1961 1141 1993 ι
1183 1936 1383 1997 Audite
1438 1945 1663 1997 verbum
1714 1913 1956 2006 Domini,
2004 1940 2098 1995 lilii

2207 1913 2716 2015 προσκεκρούκασιν
2741 1913 2753 1922 ’
2776 1913 3169 2013 ἀμαθαίνοντες
3197 1913 3300 2013 ’τῷ
3326 1913 3549 2007 ’σώζειν
3598 1913 3782 2007 εἰδότι,

524 2026 708 2094 Israel,
756 2030 882 2099 quia
918 2030 1179 2099 judicium
1226 2034 1450 2089 Domino
1506 2034 1573 2088 ad
1617 2033 1925 2088 habitantes
1992 2042 2101 2086 ter-

525 2137 662 2175 ram.
702 2140 719 2173 »
777 2121 986 2179 Judicio
1034 2133 1214 2179 autem
1259 2126 1537 2181 contendit
1588 2124 1715 2181 cum
1764 2125 2097 2187 hominibus,

524 2227 848 2283 coarguens,
877 2229 982 2269 non
1016 2216 1345 2271 sententiam
1403 2218 1701 2288 excipiens,
1752 2225 1808 2272 et
1840 2216 2099 2286 impietati

531 2304 584 2356 in
613 2306 789 2374 ipsum
825 2307 1077 2361 obnoxiis
1131 2318 1316 2377 aperta
1350 2324 1415 2364 ac
1468 2309 1611 2364 nuda
1665 2323 1851 2365 eorum
1895 2308 2100 2363 scelera

525 2399 796 2466 proponit,
831 2398 984 2469 juxta
1018 2400 1169 2468 illud,
1207 2401 1443 2472 opinor:
1487 2419 1506 2452 ι
1543 2402 1777 2471 Arguam
1807 2409 1877 2467 te,
1909 2410 1963 2455 et
1987 2409 2098 2454 sta-

527 2501 676 2543 tuam
716 2502 906 2546 contra
947 2491 1141 2548 faciem
1177 2500 1324 2547 tuam
1354 2492 1672 2562 iniquitates
1710 2501 1833 2547 tuas
1864 2492 1938 2556 7‘;
1973 2511 1991 2545 ι
2034 2508 2101 2545 ne

526 2592 730 2635 tcmcre
760 2583 894 2637 iram
923 2585 974 2637 in
1002 2600 1062 2639 se
1095 2584 1348 2639 collatam
1372 2585 1556 2640 dicant
1588 2601 1603 2651 ;
1648 2585 1742 2639 sed
1776 2592 1834 2638 ut
1862 2582 2101 2638 debitum

525 2674 820 2742 quoddam,
852 2683 907 2728 et
952 2675 1208 2730 maximis
1249 2673 1646 2745 peccatoribus,
1690 2682 1746 2728 et
1793 2673 2103 2729 necessario

524 2768 880 2835 persolutum.
933 2767 1072 2834 Quid
1120 2780 1283 2838 porro
1328 2764 1463 2821 dicit
1517 2767 1609 2835 qui
1649 2763 1939 2832 disceptat,
1990 2764 2104 2817 sive

524 2861 615 2929 qui
652 2858 867 2928 arguit?
919 2877 937 2910 ι
979 2854 1100 2915 Non
1157 2866 1243 2913 est
1284 2857 1507 2921 veritas,
1563 2871 1663 2912 nec
1703 2854 2101 2917 misericordia,

527 2967 628 3004 nec.
657 2950 883 3005 scientia
916 2950 1006 3005 Dei
1048 2964 1211 3021 super
1252 2958 1478 3004 terram.
1513 2967 1532 3001 ι
1569 2949 1723 3015 Quod
1746 2946 1965 3012 dicitur,
1996 2962 2101 3002 non

526 3057 653 3098 esse
704 3043 1014 3106 veritatem,
1050 3043 1102 3096 id
1147 3043 1409 3106 insinuat,
1458 3050 1515 3096 et
1565 3042 1952 3097 convenienter
2002 3040 2100 3094 ad-

526 3136 769 3201 modum,
802 3132 940 3203 apud
967 3148 1159 3188 omnes
1190 3148 1286 3204 per
1332 3134 1384 3188 id
1415 3144 1626 3202 tempus
1670 3133 1899 3187 multum
1935 3131 2102 3187 fuisse

526 3226 945 3290 calumniarum,
989 3225 1251 3296 perjurii,
1298 3224 1525 3280 fallacia:
1570 3241 1635 3280 ac
1669 3224 1801 3291 doli,
1852 3232 2098 3279 extrema
2126 3260 2168 3317 ϐ

529 3318 799 3372 malorum
852 3318 1118 3371 onmium.
1177 3317 1367 3372 Fuisse
1416 3333 1548 3373 vero
1576 3332 1676 3371 nec
1718 3317 2098 3383 redamantes,

528 3424 628 3463 nec
678 3409 1109 3463 misericordiam
1163 3408 1418 3464 habuisse
1452 3410 1619 3465 corde
1657 3409 1892 3477 rigidos,
1929 3410 2105 3464 inuni-

530 3511 634 3568 tes,
669 3501 850 3556 animo
880 3501 1219 3563 obﬁrmatos.
1258 3502 1392 3558 satis
1417 3502 1706 3559 ostendere
1727 3512 1930 3573 potest,
1962 3504 2101 3572 quod

529 3596 764 3660 dicitur,
813 3610 917 3648 non
967 3608 1087 3649 esse
1141 3597 1283 3663 apud
1329 3609 1424 3650 eos
1465 3594 1920 3650 misericordiam.
1977 3595 2104 3647 lisse

533 3700 710 3742 autem
741 3686 1037 3754 voluptatis
1064 3686 1264 3756 potius,
1298 3702 1459 3756 quam
1488 3686 1584 3742 Dei
1626 3695 1896 3750 amantes,
1922 3696 1976 3740 et
2000 3686 2107 3740 diis

532 3779 926 3835 commentitiis
980 3780 1194 3848 penitus
1236 3779 1504 3845 addictos,
1563 3779 1790 3848 insuper
1839 3778 2105 3844 declarat,

531 3888 658 3925 cum
705 3871 797 3925 Dei
848 3870 1132 3925 scientiam
1189 3885 1294 3924 non
1344 3885 1467 3925 esse
1525 3871 1580 3925 in
1642 3873 1800 3927 terris
1852 3870 2104 3926 allirmat.

530 3963 802 4017 Prteterea
855 3979 957 4015 non
1015 3962 1272 4016 indecens
1323 3960 1508 4028 fuerit,
1563 3972 1669 4018 tam
1729 3964 1886 4019 tetris
1918 4003 1932 4027 ,
1987 3974 2043 4019 et
2076 3984 2108 4016 a

533 4053 742 4107 ratione
770 4053 959 4109 alienis
1000 4052 1143 4108 vitiis
1168 4053 1486 4119 obstrictos,
1539 4056 1798 4109 arbitrari
1833 4069 1901 4109 ne
1944 4069 2108 4109 nosse

530 4144 747 4216 quidem
777 4143 1007 4214 amplius
1043 4144 1208 4198 Deum
1254 4161 1268 4197 :
1308 4146 1577 4215 siquidem
1610 4162 1773 4202 nosse
1819 4147 1973 4201 illum
2027 4147 2110 4200 di-

529 4241 701 4289 rimus
724 4253 845 4291 cum
881 4237 1017 4291 bene
1052 4236 1117 4290 de
1151 4251 1215 4291 eo
1262 4238 1560 4292 sentientes
1607 4236 1803 4292 divinae
1852 4236 1967 4303 ejus
2015 4252 2112 4291 vo-

530 4330 720 4383 luttlati
756 4331 1213 4384 obsecundamus.
1238 4330 1497 4400 Adjungit
1525 4330 1633 4393 bis,
1678 4346 1697 4381 ι
1734 4329 2109 4395 maledictum,

533 4424 901 4490 memlacium,
936 4423 1317 4489 homicidium,
1345 4423 1576 4489 furtum,
1622 4423 1950 4478 adulterium
1981 4422 2113 4479 eﬂ‘u-

530 4533 647 4570 sum
684 4531 804 4570 esse
830 4529 992 4584 super
1026 4525 1249 4578 terram,
1294 4524 1349 4569 et
1380 4514 1597 4569 misceri
1650 4514 1939 4584 sanguines
1980 4529 2111 4570 san-

2199 2036 2479 2104 ταύτῃτοι,
2515 2035 2609 2088 καὶ
2656 2034 3010 2088 πεπτώκασιν
3058 2036 3162 2089 ὐπὸ
3198 2035 3348 2089 θείαν
3379 2035 3568 2107 ὀργὴν,
3617 2036 3786 2103 ἀναγ-

2201 2126 2372 2189 καίως
2404 2126 2586 2188 αὐτοῖς
2618 2126 2712 2178 καὶ
2729 2125 2836 2197 πρό
2851 2142 2915 2193 γε
2944 2125 3051 2179 τῶν
3082 2125 3301 2180 ἔσεσθαι
3319 2126 3788 2197 προσδοκωμένων

2202 2217 2684 2291 προσαπαγγέλλει
2714 2218 2782 2271 τὰ
2819 2219 3160 2286 ἐγκλήματα,
3194 2218 3288 2272 καί
3311 2234 3508 2288 φησιν’
3545 2237 3566 2270 ι
3608 2217 3790 2271 Ἀκού-

2203 2325 2331 2360 σατε
2362 2307 2517 2376 λόγον
2552 2308 2778 2379 Κυρίου,
2829 2310 2880 2360 οί
2914 2310 3020 2361 υίοὶ
3078 2308 3325 2379 Ἰσραήλ’
3379 2308 3462 2365 ὅτι
3505 2307 3684 2379 κρίσις
3710 2307 3790 2377 τῷ

2201 2398 2392 2470 Κυρίῳ
2427 2400 2560 2470 πρὸς
2583 2400 2710 2462 τοὺς
2744 2397 3136 2463 κατοικοῦντας
3162 2398 3263 2470 τὴν
3291 2400 3415 2471 γῆν.
3460 2418 3478 2451 ι
3522 2400 3785 2470 Κρίνεται

2202 2490 2259 2545 δὲ
2299 2491 2437 2562 πρὸς
2469 2490 2790 2561 ἀνθρώπους
2822 2491 2976 2556 Θεὸς,
3020 2491 3278 2562 ἐλέγχων,
3310 2491 3371 2545 ού
3412 2490 3785 2561 δικαζόμενος,

2202 2581 2295 2634 καί
2325 2581 2644 2653 παρατιθεὶς
2674 2585 2785 2645 τοῖς
2829 2584 2909 2646 εἰς
2942 2583 3104 2636 αὑτὸν
3144 2581 3565 2653 δεδυσσεϐηκόσι
3604 2581 3790 2651 γυμνά

2201 2671 2270 2725 τὰ
2304 2672 2644 2743 ἐγκλήματα,
2676 2671 2795 2725 κατ’
2826 2672 3002 2725 ἐκεῖνό
3034 2688 3136 2725 που
3166 2671 3308 2742 τάχα
3349 2671 3409 2725 τὸ
3442 2672 3499 2724 ἐν
3528 2672 3781 2741 Ψαλμοῖς

2202 2764 2540 2835 ὑμνούμενον
2575 2781 2587 2794 ’
2620 2783 2639 2815 ι
2688 2762 2923 2832 Ἐλέγξω
2967 2777 3048 2828 σε,
3101 2763 3194 2816 καὶ
3255 2764 3597 2834 παραστήσω
3649 2765 3792 2817 κατὰ

2202 2855 2493 2927 πρόσωπόν
2538 2870 2633 2908 σου
2679 2854 2777 2918 τὰς
2824 2856 3054 2924 ἀνομίας
3104 2872 3197 2908 σου
3226 2871 3241 2887 ο
3285 2873 3303 2906 ι
3347 2854 3434 2907 ἴνα
3483 2852 3583 2924 μὴ’
3611 2854 3791 2927 μάτην

2201 2949 2383 3011 αὐτοῖς
2425 2947 2779 3018 ἐπενηνέχθαι
2812 2947 3064 3017 φάσκωσι
3114 2947 3211 3019 τὴν
3242 2946 3437 3019 ὀργὴν,
3465 2946 3578 3002 ἀλλ’
3625 2946 3700 3008 ὡς
3732 2950 3793 2999 ἐν

2200 3039 2516 3110 ὀφλήματος
2544 3038 2695 3106 τάξει
2726 3039 2932 3105 λοιπὸν,
2965 3040 3194 3103 καὶτοῖς
3231 3039 3300 3093 τὰ
3346 3041 3581 3111 μέγιστα
3608 3038 3796 3111 πλημ-

2205 3130 2390 3202 μελεῖν
2444 3131 2682 3199 εἰωθόσι,
2729 3131 2820 3185 καὶ
2855 3129 2917 3196 ἐξ
2948 3131 3193 3201 ἀνάγκης
3244 3130 3669 3201 συμϐαίνουσαν.
3722 3129 3797 3184 Τί

2200 3224 2258 3277 δέ
2290 3241 2454 3295 φησιν
2483 3226 2511 3277 ὁ
2540 3224 2880 3296 κρινόμενος,
2915 3225 3032 3294 ἦτοι
3064 3223 3394 3294 διελέγχων;
3434 3241 3455 3274 r
3497 3225 3612 3275 Οὐκ
3643 3221 3798 3276 ἔστιν

2204 3316 2450 3387 ἀλήθεια,
2495 3316 2615 3369 οὐδὲ
2664 3315 2832 3379 ἔλεος,
2872 3315 2994 3368 οὑδέ
3040 3315 3335 3383 ἐπίγνωσις
3378 3315 3514 3370 Θεοῦ
3554 3315 3646 3369 ἐπὶ
3690 3316 3800 3385 τῆς

2205 3408 2329 3476 γῆς.
2375 3428 2393 3461 ι
2431 3409 2502 3462 Τὸ
2536 3408 2635 3478 μὲν
2666 3403 2760 3461 οὖν
2792 3407 3050 3477 ἀλήθειαν
3097 3409 3172 3478 μὴ
3216 3403 3352 3461 εἶναι
3381 3408 3579 3477 λέγειν,
3618 3408 3803 3478 ὑπεμ-

2208 3502 2428 3571 φήνειεν
2462 3499 2528 3554 ἂν
2556 3499 2650 3553 καὶ
2683 3499 2828 3570 μάλα
2858 3499 3099 3563 εἰκότως,
3130 3500 3213 3552 ὅτι
3249 3498 3449 3569 πολλὴν
3480 3498 3628 3569 παρά
3654 3499 3801 3552 πᾶσι.

2207 3593 2326 3646 κατ’
2362 3594 2534 3645 ἐκεῖνο
2562 3590 2757 3661 καιροῦ
2785 3590 3007 3659 γέγονεν
3033 3592 3065 3660 ἡ
3100 3590 3450 3659 συκοφαντία,
3496 3589 3802 3660 ψευδορκξα

2206 3702 2265 3737 τε
2296 3685 2388 3738 καὶ
2428 3684 2633 3754 ἀπάτη,
2669 3683 2764 3737 καὶ
2792 3682 2961 3748 δόλος,
3007 3683 3077 3735 τὰ
3126 3683 3343 3736 πάντων
3383 3683 3637 3753 αἴσχιστα
3685 3683 3802 3737 τῶν

2208 3774 2414 3830 κακῶν.
2444 3776 2566 3828 Ὅτι
2594 3774 2649 3826 δὲ
2679 3769 2820 3845 ἦσαν
2865 3773 3213 3845 ἀφιλάλληλοί
3246 3792 3305 3827 τε
3337 3775 3431 3829 καὶ
3464 3775 3805 3847 ἀφιλοικτίρο

2213 3885 2391 3939 μονες,
2441 3865 2694 3934 ἀτεγκτοί
2749 3882 2810 3918 τε
2859 3866 2954 3919 καὶ
3000 3866 3352 3938 ἀτεράμονες,
3401 3866 3494 3919 καὶ
3540 3867 3634 3920 τὸν
3669 3866 3805 3921 νοῦν

2210 3959 2636 4030 ἀπεσκληκότες,
2664 3957 3066 4029 ὑποσημήνειεν
3109 3959 3176 4012 ἂν
3220 3960 3282 4013 τὸ
3327 3959 3401 4031 μὴ
3449 3960 3589 4013 εἶναι
3619 3960 3803 4023 ἔλεος.

2215 4052 2336 4105 ’Ότι
2366 4051 2423 4103 δὲ
2455 4050 2725 4119 φιλήδονοι
2757 4050 2957 4119 μᾶλλον
3014 4052 3046 4121 ἢ
3075 4050 3330 4119 φιλόθεοι,
3364 4052 3456 4105 καὶ
3495 4053 3605 4115 τοῖς
3634 4052 3806 4120 aps-.26.-

2211 4144 2448 4215 ωνύμοις
2498 4145 2640 4207 θεοῖς
2686 4145 2992 4216 ὁλοτρόπως
3049 4146 3437 4218 προσκείμενοι
3462 4185 3477 4209 ,
3543 4151 3809 4216 σαφηνιεῖ

2212 4238 2395 4304 πάλιν,
2425 4238 2720 4307 ἐπίγνωσιν
2753 4236 2887 4290 Θεοῦ
2919 4238 2994 4309 μὴ
3024 4234 3163 4290 εἶναι
3200 4238 3376 4306 λέγων
3420 4239 3511 4291 ἐπὶ
3540 4241 3638 4309 τῆς
3665 4239 3800 4309 γῆς.

2218 4329 2426 4393 Ἄλλως
2452 4347 2511 4383 τε
2538 4331 2735 4401 πρέποι
2763 4331 2829 4383 ἂν
2856 4330 3083 4393 εἰκότως
3116 4331 3229 4393 τοῖς
3267 4332 3387 4392 ταῖς
3422 4328 3564 4382 οὕτω
3597 4329 3807 4395 δειναῖς

2212 4421 2465 4485 ἀτοπίαις
2512 4420 2884 4492 ἐνισχημένοις
2915 4420 3011 4473 καὶ
3047 4419 3109 4474 τὸ
3148 4420 3325 4473 δοκεῖν
3367 4421 3467 4491 ἥδη
3500 4438 3615 4484 πως
3662 4421 3809 4490 μηδὲ

2215 4512 2412 4566 εἰδέναι
2439 4512 2589 4567 Θεόν.
2631 4512 2801 4584 Εἴπερ
2832 4511 3030 4565 εἰδέναι
3069 4512 3251 4582 φαμὲν
3278 4511 3441 4566 αὑτὸν
3475 4512 3809 4584 φρονοῦντος

529 4608 806 4678 gninibus.
845 4626 863 4658 ›
892 4608 1062 4663 Audis
1087 4606 1360 4677 quomodo
1383 4608 1434 4660 in
1463 4621 1631 4675 genus
1652 4621 1815 4661 omne
1842 4607 2104 4663 scelerum

2211 4605 2406 4677 ὀρθῶς,
2436 4606 2530 4659 καὶ
2557 4607 2684 4670 τοὺς
2710 4608 2821 4669 τοῖς
2869 4605 3034 4670 θείοις
3065 4604 3232 4660 αὑτοῦ
3266 4605 3565 4675 θελήμασιν
3593 4607 3810 4677 ἑπομέ-

536 4700 842 4770 prmcipites
878 4700 1148 4766 abierint,
1186 4707 1240 4753 et
1268 4684 1410 4752 ultra
1467 4698 1602 4754 lines
1640 4699 1934 4769 impietatis
1983 4717 2113 4771 pro-

530 4792 726 4861 gressi,
757 4793 821 4845 de
848 4793 1045 4861 quibus
1073 4805 1255 4847 sermo
1284 4802 1388 4856 est,
1420 4790 1552 4845 nihil
1577 4791 1928 4861 quantumvis
1958 4792 2114 4860 longe

532 4882 1017 4937 insipientissimum
1066 4883 1407 4951 inexpertum
1460 4881 1822 4951 reliquerint?
1875 4883 1939 4937 Et
1970 4884 2111 4953 quod

533 4976 618 5029 liis
665 4976 840 5030 adhuc
873 4991 899 5027 a
934 4974 1144 5029 ratione
1190 4972 1355 5026 distat
1389 4972 1627 5044 longius,
1698 4991 1717 5025 ι
1774 4973 2065 5042 sanguines
2095 5013 2110 5038 ,

531 5066 727 5134 inquit,
779 5064 1134 5135 sanguinihus
1176 5063 1429 5121 miscent.
1470 5084 1489 5118 ι
1531 5063 1645 5120 ΙΙοο
1699 5065 1861 5119 etiam
1896 5066 2106 5134 signum

531 5146 695 5211 luerit
748 5156 1095 5211 manifestum
1131 5196 1146 5220 ,
1197 5172 1372 5224 neque
1422 5157 1667 5212 inducias
1725 5159 1985 5212 malorum
2043 5160 2111 5214 ab

534 5251 600 5304 iis
651 5250 898 5315 admitti,
957 5263 1134 5317 neque
1186 5246 1492 5315 huiusmodi
1566 5248 1867 5305 facinorum
1920 5265 2110 5320 perpe-

535 5350 770 5397 tratores
818 5340 923 5393 ulla
977 5340 1313 5409 ptenitudine
1374 5349 1545 5396 tactos
1601 5358 1837 5412 unquam
1884 5341 2103 5410 fuisse,

532 5433 626 5486 sed
657 5432 876 5485 asaidno
908 5440 1186 5500 peccatum
1225 5441 1446 5501 peccato
1501 5434 1806 5490 cumulare.
1860 5434 1965 5490 Sed
2003 5436 2102 5487 ista

534 5524 749 5591 quidem
809 5538 904 5591 pro
958 5523 1296 5592 expositione
1360 5524 1604 5581 faciliore
1657 5540 1721 5582 ac
1781 5527 2111 5595 promptiore

536 5615 677 5667 dicta
709 5623 888 5669 sunto.

2217 4714 2363 4760 νους.
2382 4698 2729 4769 Προσεπάγει
2745 4697 2801 4750 δέ
2819 4696 3046 4763 τούτοις,
3061 4698 3171 4751 ὅτι(
3196 4697 3349 4768 Ἀρὰ,
3365 4698 3458 4752 καὶ
3473 4696 3683 4766 ψεῦδος,
3705 4699 3811 4752 καὶ

2219 4789 2397 4861 φόνος,
2427 4791 2523 4845 καί
2554 4788 2750 4861 κλοπὴ,
2781 4790 2875 4843 καί
2918 4791 3133 4861 μοιχεία
3160 4792 3387 4862 κέχυται
3418 4790 3510 4843 ἐπὶ
3538 4789 3633 4859 τῆς
3673 4791 3809 4862 γῆς,

2216 4882 2312 4937 καὶ
2357 4882 2564 4953 αἵματα
2619 4882 2704 4950 ἐφ’
2730 4880 2921 4951 αἵμασι
2972 4883 3277 4954 μίσγουσιν.
3319 4901 3337 4934 ι
3387 4884 3630 4945 Ἀκούεις
3653 4882 3813 4945 ὅπως

2214 4975 2294 5038 εἰς
2324 4974 2475 5046 λῆξιν
2502 4974 2670 5044 ἦκασι
2706 4973 2907 5039 παντὸς
2947 4974 3139 5040 κακοῦ,
3170 4976 3264 5029 καί.
3302 4974 3532 5028 ἀνοσίων
3555 4975 3804 5045 ἐγχειρηο
3884 4972 3893 5017 ἲ

2219 5066 2405 5138 μάτων
2432 5064 2686 5117 ἐπέκεινα
2717 5064 2925 5130 λοιπὸν,
2944 5068 2993 5119 οἰ
3020 5068 3148 5138 περὶ
3166 5058 3241 5121 ὧν
3259 5068 3288 5120 ὁ
3310 5066 3488 5135 λόγος,
3519 5065 3626 5119 τῶν
3660 5066 3813 5133 ἄγαν

2214 5156 2605 5216 ἐκτοπωτάτων
2624 5155 2773 5210 οὐδὲν
2801 5156 2995 5221 ἐῶντες
3014 5157 3426 5230 ἀνεπιτήδευτον
3448 5176 3461 5224 ;
3492 5158 3603 5210 Καὶ
3638 5156 3698 5209 τὸ
3721 5154 3814 5210 ἔτι

2212 5244 2404 5299 τούτου
2430 5245 2901 5317 παραλογώτερον,
2925 5247 3133 5318 αἵματα
3156 5248 3240 5316 ἐφ’
3271 5249 3468 5319 αἵμασι
3510 5248 3708 5318 μίσγου
3719 5264 3801 5312 σι,

2215 5339 2368 5410 φησί.
2411 5340 2644 5408 Σημεῖον
2697 5339 2741 5393 δ’
2782 5339 2848 5394 ἂν
2884 5339 3093 5408 γένοιτο
3138 5341 3234 5395 καὶ
3271 5341 3430 5394 τοῦτο
3469 5340 3660 5408 σαφὲς,
3707 5337 3811 5390 τοῦ

2218 5434 2354 5503 μήτε
2400 5432 2692 5502 ἀνακωχὴν
2738 5431 3221 5504 παρεισκρίνεσθαι
3258 5434 3370 5496 τοῖς
3402 5434 3619 5492 κακοῖς’
3659 5431 3810 5499 μήτε

2222 5523 2329 5595 μὴν
2351 5525 2409 5577 ἐν
2440 5523 2778 5595 μεταγνώσει
2806 5523 2916 5576 τῶν
2944 5523 3360 5595 τετολμημένων
3389 5521 3641 5592 γενέσθαι
3674 5520 3811 5584 τοὺς

2221 5615 2568 5686 δεδρακότας,
2599 5614 2800 5685 συνεχῆ
2837 5615 2893 5669 δέ
2925 5614 3115 5688 ὥσπερ
3153 5615 3250 5668 καὶ
3289 5611 3589 5684 ἐπάλληλον
3624 5628 3812 5683 παρα-

533 5704 790 5758 τετάσθαι
832 5708 930 5776 τὴν
978 5706 1268 5778 ἁμαρτίαν.
1315 5706 1473 5764 Ἀλλὰ
1521 5709 1680 5761 ταυτὶ
1744 5708 1843 5778 μὲν
1872 5709 2108 5780 εἰρήσθω
2181 5709 2315 5779 πρὸς
2355 5708 2683 5780 διασάφησιν
2716 5708 2814 5778 τὴν
2844 5707 3285 5779 προχειροτέραν.

574 5884 619 5914 ⁷³
650 5883 791 5939 l’sal.
831 5899 978 5952 thx,
1018 5883 1112 5937 ‘2l.
