4094 6496
279 384 386 441 HS

357 510 556 561 Ἔοικε
587 508 643 562 δὲ
681 509 845 561 πάλιν
874 508 901 559 6
935 508 1202 578 μακάριος
1238 508 1520 576 προφήτης
1558 504 1890 573 μυστικωτέ-
1930 513 1968 562 Λ

280 617 388 663 ραν
429 598 708 651 ποιεῖσθαι
740 601 874 668 ἡμῖν
907 599 1006 669 τὴν
1036 599 1335 668 ἀψήγησιν,
1375 598 1468 650 καὶ
1512 598 1895 649 καταιτιᾶσθαι

275 691 376 742 τὸν
425 690 656 761 Ἰσραὴλ
703 691 798 742 έπὶ
842 692 964 753 ταῖς
1012 693 1091 752 εἰς
1143 690 1374 760 Χριστὸν
1423 689 1753 759 παροινίαις,
1805 688 1898 739 καὶ

281 783 639 851 μιαιςμονίαις
685 784 809 844 ταῖς
839 784 918 846 είς
948 781 1106 834 αὐτὸν
1139 783 1233 835 καὶ
1260 781 1468 848 ἁγίους.
1511 802 1526 832 ι
1571 782 1762 852 Κρίσις
1791 779 1899 849 γὰρ

276 871 362 940 τῷ
402 872 604 944 Κυρίῳ
635 873 776 942 πρὸς
801 874 930 935 τοὺς
959 872 1345 934 κατοικοῦντας
1391 871 1491 942 τὴν
1516 873 1638 940 γῆν.
1684 892 1700 923 ι
1757 871 1897 924 ’Λνθ’

277 965 439 1024 ὅτου,
481 965 577 1017 καὶ
612 965 707 1016 ἐπὶ
739 965 919 1030 τίσιν;
982 963 1260 1034 Ἐπεφάνη
1312 965 1421 1035 γὰρ
1447 967 1581 1033 ἡμῖν
1619 966 1646 1017 6
1699 963 1901 1035 Κύριος

278 1055 454 1126 ἡμῶν
496 1056 709 1120 Ἰησοῦς
738 1058 767 1109 6
800 1057 1058 1128 Χριστος,
1093 1058 1185 1110 καὶ
1213 1057 1518 1128 ἀπεστάλη,
1551 1058 1694 1110 καθά
1739 1075 1902 1127 φησιν

279 1147 483 1210 αὐτὸς,
516 1167 534 1198 t
573 1149 669 1211 Εἰς
697 1147 766 1201 τὰ
791 1148 1123 1211 ἀπολωλότα,
1141 1149 1392 1220 πρόϐατα
1424 1149 1573 1202 οἴκου
1611 1149 1848 1220 Ἰσραὴλ.
1880 1169 1896 1200 ›

280 1241 380 1292 ἵνα
413 1240 633 1312 φωτίση
682 1244 751 1312 τῇ
803 1241 894 1295 διὰ
928 1241 1242 1312 Πνεύματος
1293 1241 1550 1312 δᾳδουχίᾳ
1591 1241 1718 1304 τοὺς
1749 1241 1906 1293 ἐσκο-

282 1333 616 1402 τισμένους,
667 1333 754 1386 ἵνα
798 1335 900 1404 τῆς
930 1335 1161 1404 νομικῆς
1207 1334 1522 1398 ἀπαλλάξας
1571 1335 1749 1396 σκιᾶς,
1794 1335 1905 1397 τοῖς

286 1426 390 1494 τῆς
425 1424 672 1495 ἀληθοῦς
701 1426 963 1496 λατρείας
994 1426 1270 1497 ὲμῦιόάσῃ
1294 1425 1540 1496 τρόποις,
1574 1424 1660 1478 ἵνα
1686 1425 1905 1478 δικαιώ-

288 1533 394 1577 σας
429 1518 503 1585 τῇ
557 1517 741 1567 πίστει
792 1516 918 1578 τοὺς
959 1518 1078 1577 ταῖς
1127 1516 1422 1585 ἁμαρτίαις
1457 1515 1904 1584 ἐνειλημμένους,

286 1607 520 1679 συνάψῃ
549 1607 616 1660 δι’
648 1606 844 1660 ἑαυτοῦ
881 1607 959 1677 τῷ
991 1607 1109 1677 Θεῷ
1145 1609 1236 1660 καὶ
1267 1607 1462 1678 Πατρί.
1497 1606 1634 1658 Ἀλλ’
1659 1606 1760 1658 οὐκ
1790 1606 1906 1657 E56-

286 1713 380 1748 κει
435 1699 663 1768 φρονεῖν
710 1696 887 1767 ὀρθῶς
939 1700 1051 1760 τοῖς
1099 1697 1159 1762 ἐξ
1219 1699 1455 1768 Ἰσραήλ.
1503 1697 1606 1750 Τὸν
1655 1695 1763 1768 γὰρ
1815 1696 1906 1750 ἐπὶ

283 1788 513 1850 τούτοις
543 1788 605 1853 ἐξ
638 1789 887 1860 οὐρανῶν
915 1790 1217 1861 ἀφιγμένον
1244 1789 1664 1860 ἐκϐεϐλήκασιν,
1711 1790 1902 1843 ἀπεδο-

1245 376 1802 436 (ἰΟΜΜῖεζλΤᾹίὶιὶὸ
1845 374 1905 427 ΙΝ

2024 373 2176 425 ιι
2225 372 2495 426 ιἰιιοίπιιιξ
2517 372 2662 425 ιλιι.
3047 363 3114 422 ες

3491 377 3506 428 ’1
3531 375 3591 429 Μ

2081 498 2299 550 κιιὲιξιιιι·
2335 508 2512 552 autem
2544 500 2730 550 beatus
2763 497 3019 565 propheta
3062 511 3274 551 rurSnut
3316 515 3575 552 arcanam

2003 590 2290 658 quamdam
2323 603 2374 644 et
2404 591 2686 662 mysticam
2715 591 2868 645 nobis
2895 590 3264 645 narrationem
3296 592 3588 651 adducere.

2003 696 2058 735 et
2107 683 2360 738 Israelem
2410 691 2633 753 prepter
2671 683 3135 738 debacchationes
3178 685 3228 737 in
3280 685 3588 742 Christum,

2003 784 2056 827 et
2087 775 2260 830 caedes
2299 774 2350 826 in
2398 775 2570 842 ipsum
2612 784 2667 827 et
2709 785 2930 828 sanctos
2968 773 3087 842 ejus
3131 773 3454 826 cou‘nnissas
3501 789 3594 824 ac-

2005 883 2219 920 cusare.
2283 885 2300 916 ι
2367 864 2638 921 .ludicium
2684 868 2831 921 enim
2885 867 3115 920 Domino
3171 867 3238 918 ad
3283 867 3595 919 habitantes

2009 971 2231 1013 terram.
2271 980 2286 1010 ι
2313 957 2607 1026 Quorsum,
2659 970 2712 1014 et
2745 959 2943 1028 quibus
2989 959 3055 1014 de
3087 958 3305 1014 causis?
3331 960 3596 1026 Apparuit

2004 1052 2148 1104 enim
2179 1050 2333 1104 nobis
2368 1051 2628 1106 Dominus
2657 1061 2844 1106 noster
2871 1050 3032 1106 Jesus
3066 1051 3341 1114 Christus,
3377 1062 3430 1103 et
3467 1050 3598 1102 tuis-

2006 1159 2120 1207 sus,
2155 1143 2294 1196 sicut
2344 1143 2420 1197 ait
2460 1143 2575 1212 ipse
2597 1143 2695 1197 «ad
2737 1159 2866 1199 oves
2909 1160 3030 1214 qua:
3079 1144 3361 1215 perierunt
3405 1146 3599 1196 domus

2009 1235 2172 1288 Israel
2203 1236 2271 1299 ⁷⁷,
2312 1254 2330 1286 ι
2368 1234 2477 1306 65
2511 1245 2568 1290 ut
2601 1236 2844 1290 tenebris
2868 1244 3088 1304 opertos
3117 1234 3356 1304 Spiritus
3389 1234 3598 1287 facilms

2010 1325 2382 1392 illmniuaret;
2425 1337 2483 1380 ut
2519 1327 2783 1396 legalibus
2829 1328 3036 1380 umbris
3080 1326 3370 1395 expeditos
3401 1327 3465 1376 ad
3510 1340 3598 1376 re-

2011 1434 2124 1470 ram
2162 1420 2330 1472 divini
2355 1420 2535 1474 cultus
2561 1421 3252 1487 normam_,,itttrotlttt:eret,
3289 1435 3398 1489 quo
3432 1419 3598 1488 justi-

2013 1511 2199 1564 licatos
2226 1528 2320 1581 per
2345 1513 2528 1579 tidem,
2555 1514 2833 1582 quierant
2855 1514 3095 1584 peccatis
3114 1514 3384 1583 impliciti,
3425 1528 3522 1582 per
3539 1528 3600 1565 se

2010 1617 2130 1656 cum
2159 1605 2268 1658 Deo
2295 1615 2350 1659 et
2371 1605 2531 1660 Patre
2552 1607 2931 1677 conjungeret.
2963 1606 3162 1660 Verum
3190 1606 3496 1660 lsraeliuou
3518 1613 3603 1660 est

2011 1694 2184 1746 visum
2213 1710 2428 1764 sapere.
2463 1696 2614 1750 lllum
2644 1713 2878 1766 namque
2910 1698 2998 1766 qui
3032 1697 3188 1764 hujus
3211 1715 3342 1768 ergo
3367 1700 3431 1752 de
3459 1697 3602 1753 cmlo

2012 1798 2255 1852 venerat,
2286 1787 2588 1859 ejecerunt,
2627 1791 2994 1857 reprobat-unt
3026 1791 3314 1844 veritatem
3352 1801 3406 1844 et
3439 1791 3603 1844 mise-

285 1882 568 1950 κίμασαν,
590 1883 692 1935 οὐκ
718 1882 991 1952 ἠθέλησαν
1013 1882 1155 1953 ἔχειν
1181 1884 1238 1934 ὲν
1266 1884 1478 1944 ἑαυτοῖς
1500 1881 1596 1953 τὴν
1626 1882 1904 1952 ἀλήθειαν,

2024 1878 2324 1943 ricordiam,
2357 1879 2642 1934 scientiam
2665 1878 2755 1934 Dei
2787 1890 2837 1933 et
2863 1879 3042 1935 Patris
3067 1897 3250 1936 secum
3281 1881 3484 1934 habere
3505 1893 3604 1933 no-

284 1972 351 2024 τὸ
414 1971 604 2036 ἕλεος,
665 1972 763 2042 τὴν
833 1973 1130 2040 ἐπίγνωσιν
1189 1973 1280 2025 τοῦ
1329 1973 1467 2026 Θεοῦ
1532 1975 1623 2026 καὶ
1667 1973 1902 2043 Πατρός.

289 2064 424 2117 "Ott
463 2065 578 2136 γὰρ
610 2065 842 2136 ἀλήθειά
871 2068 932 2118 τέ.
969 2069 1084 2119 ἐστι
1131 2067 1226 2121 καὶ
1272 2067 1420 2129 ἔλεος
1471 2070 1497 2122 6
1552 2067 1812 2136 Χριστὸς,
1845 2066 1905 2118 οὐ

211 2176 215 2179 ·
295 2156 562 2226 μακρῶν,
594 2153 772 2229 οἶμαι,
821 2158 1007 2228 δεήσει
1057 2158 1194 2229 πρὸς
1240 2159 1513 2224 ἀπόδειξιν
1547 2159 1742 2226 λόγων,
1777 2161 1912 2213 ἀποο

290 2247 527 2318 χρώσης
557 2250 639 2313 είς
668 2249 830 2302 τοῦτο
860 2251 960 2321 τῆς
1006 2249 1367 2303 θεοπνεύστου
1416 2252 1659 2321 Γραφῆς,
1706 2251 1819 2305 ἄνω
1852 2269 1911 2304 τε

291 2340 397 2390 καὶ
430 2340 590 2390 κάτω
624 2337 862 2408 Χριστὸν
900 2338 1276 2410 ὀνομαζούσης
1311 2341 1440 2410 ἡμῖν
1467 2339 1636 2401 ἔλεος,
1669 2339 1763 2392 καὶ
1791 2338 1914 2408 ἀλή-

297 2430 533 2504 θεια[ν].
558 2433 682 2484 Ὅτι
711 2431 769 2484 δέ
798 2435 915 2485 ἐστι
945 2433 1040 2486 καὶ
1066 2434 1360 2501 ἐπίγνωσις
1383 2431 1810 2502 Θεοῦ,διαμάθοι
1831 2448 1915 2494 τις

293 2524 362 2576 ἂν
423 2526 523 2576 καὶ
570 2524 689 2578 λίαν
737 2525 987 2590 ἀκονιτὶ,
1044 2525 1360 2594 σαφέστατά
1411 2540 1468 2577 τε
1523 2525 1617 2576 κού⁹
1667 2522 1915 2594 ἐναργῶς

295 2615 471 2668 αὐτοῦ
504 2615 963 2687 διακεκραγότος·
999 2635 1017 2667 t
1063 2618 1121 2670 '0
1142 2614 1407 2687 ἑωρακὼς
1437 2614 1561 2684 ἐμὲ,
1592 2614 1807 2685 ἑώρακε
1827 2613 1915 2665 τὸν

293 2707 548 2777 Πατέρα.
564 2727 687 2758 ›-‹
703 2707 901 2777 Κρίσις
913 2708 1094 2761 τοίνυν
1112 2706 1186 2778 τῷ
1206 2707 1414 2777 Κυρίῳ,
1431 2706 1617 2775 φησιν,
1636 2705 1770 2775 πρὸς
1790 2707 1917 2768 τοὺς

294 2799 705 2863 κατοικοῦντας
743 2801 855 2872 τὴν
877 2800 982 2870 γῆν
1005 2817 1016 2828 ·
1047 2821 1065 2852 ι
1100 2801 1258 2870 δῆλον
1287 2800 1345 2852 δὲ
1384 2800 1466 2852 ὅτι
1503 2797 1602 2869 τὴν
1633 2797 1742 2850 τῶν
1782 2799 1916 2850 Ἰου-

293 2893 470 2945 δαίων
497 2909 514 2924 θ
552 2893 639 2948 ὅτι
685 2893 759 2964 μὴ
787 2893 877 2946 ὅτε
911 2895 1040 2964 παρ’
1072 2893 1255 2956 αὐτοῖς
1283 2895 1316 2962 ἠ
1358 2891 1587 2962 ἀλήθειά
1618 2908 1678 2943 τε
1712 2891 1806 2943 καὶ
1859 2891 1918 2943 τὸ

296 2985 477 3047 ἕλεος.
543 2991 642 3038 καὶ
671 2987 704 3055 ἡ
753 2986 1056 3054 ἐπίγνωσις
1100 2985 1194 3038 τοῦ
1242 2984 1460 3054 Πατρός
1485 3000 1499 3015 ο
1531 2981 1778 3054 κρίνεται
1817 2983 1914 3052 μὲν

296 3075 394 3132 οῦν
437 3079 579 3149 πρὸς
601 3080 730 3142 τοὺς
759 3077 828 3130 τὰ
856 3077 1033 3131 τοιάδε
1065 3078 1137 3150 μὴ
1162 3077 1403 3147 ἔχοντας.
1428 3075 1836 3144 Διαπεφεύγασι
1861 3075 1918 3127 δὲ

296 3170 360 3222 τὴ
389 3168 686 3239 κρίνεσθαι
727 3167 864 3238 πρὸς
898 3168 1081 3232 αὐτὸν,
1117 3168 1236 3239 ἦτοι
1283 3167 1421 3237 πρὸς
1461 3165 1645 3228 αὑτοῦ,
1677 3166 1778 3236 τὴν
1827 3165 1918 3217 πί-

2015 1969 2248 2026 luerunt.
2275 1970 2550 2026 Christum
2570 1972 2714 2026 enim
2737 1988 2858 2027 esse
2884 1973 3172 2026 veritatem
3199 1983 3254 2026 et
3288 1973 3600 2028 miscricor-

2014 2060 2158 2114 diam
2190 2079 2294 2115 non
2320 2064 2422 2117 erit
2447 2079 2688 2130 necesse,
2712 2075 2768 2119 ut
2794 2066 3071 2128 existimo,
3096 2067 3279 2120 multis
3303 2067 3483 2119 verbis
3515 2066 3610 2118 de-

2018 2165 2343 2222 monstrare,
2368 2170 2490 2212 cum
2521 2158 2717 2214 adhoc
2747 2159 3006 2214 divinitus
3036 2159 3296 2229 inspirata
3326 2159 3606 2228 Scriptura

2016 2247 2246 2303 sulIiciat
2276 2264 2288 2300 :
2321 2264 2441 2318 quae
2471 2251 2670 2320 passim
2692 2252 2976 2306 Christum
2998 2253 3284 2306 veritatem
3317 2261 3369 2305 et
3397 2251 3609 2305 miseri-

2015 2339 2257 2394 cordiam
2281 2341 2437 2395 nobis
2463 2340 2719 2396 inculcat.
2749 2341 2880 2398 Esse
2897 2351 3076 2397 autem
3095 2341 3470 2402 etscientiam,
3496 2339 3610 2394 sive

2018 2433 2351 2502 agnitionem
2380 2434 2498 2500 Dei,
2533 2435 2742 2490 discere
2764 2443 2940 2505 potest
2965 2435 3231 2505 quiSpiam
3252 2435 3334 2488 Vel
3356 2434 3493 2488 citra
3527 2434 3610 2485 ul-

2018 2525 2126 2576 lum
2153 2524 2424 2594 negotium
2452 2525 2739 2582 manifeste
2751 2537 2805 2581 et
2828 2526 3150 2582 clarissimis
3165 2527 3346 2580 verbis
3376 2526 3494 2595 ipso
3509 2525 3612 2597 cla-

2021 2625 2233 2669 mante:
2265 2635 2283 2668 ι
2308 2615 2409 2683 Qui
2431 2618 2566 2671 vidit
2593 2633 2701 2684 me,
2727 2618 2860 2672 vidit
2886 2629 2941 2673 et
2961 2618 3178 2672 Patrem
3205 2618 3496 2672 meurn".i
3529 2616 3611 2669 ln-

2018 2708 2134 2776 quit
2149 2707 2366 2778 igitum
2388 2709 2654 2780 judicium
2677 2711 2904 2768 Domino
2921 2713 2987 2766 ad
3004 2712 3313 2766 habitantes
3335 2721 3556 2772 terram,
3585 2727 3608 2761 ι

2019 2801 2138 2856 sine
2178 2804 2550 2858 contr0versia
2575 2802 2885 2860 Judaeorum
2920 2814 3148 2872 terram,
3183 2802 3436 2872 quoniam
3472 2803 3612 2871 apud

2019 2907 2114 2946 eos
2137 2894 2368 2964 amplius
2383 2911 2488 2951 non
2510 2897 2803 2952 exstabant
2819 2897 3040 2962 veritas,
3058 2905 3113 2950 et
3145 2894 3539 2956 misericordia,
3561 2902 3615 2947 et

2020 2988 2245 3043 scientia
2277 2987 2473 3044 Patris.
2508 2988 2792 3058 Discrepat
2813 2988 2978 3058 igitur
2999 3004 3118 3041 cmn
3143 2988 3242 3041 ista
3273 3003 3376 3040 non
3413 2986 3618 3038 haben-

2023 3082 2192 3136 tibus.
2255 3079 2576 3152 Eﬂirgerunt
2612 3090 2792 3135 autem
2829 3090 2922 3133 aut
2954 3080 3215 3149 judicium
3273 3080 3614 3132 subeundum

2023 3175 2284 3228 adversus
2307 3174 2913 3245 ipsum;antjudicium
2941 3172 3329 3242 perferendum
3364 3173 3433 3226 ab
3472 3175 3614 3240 ipso,

299 3278 425 3312 στιν
481 3260 532 3311 οἱ
590 3259 1033 3330 προσηκάμενοι.
1086 3259 1199 3312 Καὶ
1245 3260 1404 3310 τοῦτο
1452 3256 1586 3310 αὐτὸ
1636 3258 1806 3326 σαφὲς
1851 3257 1918 3311 ἂν

2030 3265 2186 3318 tidem
2241 3267 2532 3336 complexi.
2576 3267 2730 3335 Quod
2780 3269 3125 3337 perspicuum
3176 3266 3266 3319 [iet
3325 3281 3389 3318 ex
3435 3265 3616 3327 verbis

297 3353 549 3421 γένοιτο,
600 3350 842 3424 Χριστοῦ
899 3350 1152 3419 λέγοντος
1195 3350 1389 3403 πάλιν·
1452 3369 1469 3400 ι
1525 3350 1719 3420 Ἀμὴν,
1774 3351 1922 3421 ἀμὴν

297 3448 456 3515 λέγω
491 3447 651 3516 ὑμῖν,
700 3447 728 3497 6
769 3445 1046 3498 πιστεύων
1091 3446 1171 3508 εἰς
1205 3443 1326 3514 ἐμὲ,
1362 3443 1476 3513 ἔχει
1508 3442 1653 3514 ζωὴν
1684 3444 1923 3508 αἰώνιον,

301 3540 402 3594 καὶ
453 3541 538 3601 είς
572 3538 757 3609 κρίσιν
784 3538 886 3590 οῦκ
925 3535 1168 3608 ἔρχεται.
1213 3556 1230 3587 ι
1269 3537 1332 3609 Τί
1364 3535 1542 3588 τοίνυν
1574 3536 1654 3600 τὸ,
1694 3555 1712 3587 t
1753 3537 1927 3606 Κεχυ⁴

306 3632 480 3702 μένον
522 3608 623 3682 ὲπῖ
668 3629 768 3699 τῆς
817 3631 962 3699 γῆς;
1004 3627 1157 3698 Ἀρὰ,
1190 3608 1544 3695 midst—260;,
1593 3627 1686 3680 καὶ
1746 3626 1926 3694 φόνος,

306 3726 407 3776 καὶ
446 3722 656 3791 κλοπὴ,
689 3721 784 3774 καὶ
819 3719 1035 3790 μοιχεία
1058 3736 1069 3748 ·
1101 3722 1194 3772 καὶ
1238 3721 1446 3788 αἵματα
1496 3719 1583 3788 ἐφ’
1615 3718 1811 3789 αἵμασι
1843 3719 1930 3789 μί-

316 3833 536 3886 σγουσι.
585 3834 602 3866 ι
637 3814 748 3867 Καὶ
804 3813 888 3876 τίς
932 3814 966 3883 ἡ
1015 3812 1161 3883 ἀρά;
1201 3811 1518 3866 Καταλαλιὰ
1557 3813 1651 3866 καὶ
1714 3811 1870 3882 ὕϐρις
1898 3825 1912 3838 ⁸

308 3907 701 3961 διαλελοίπασι
755 3905 866 3976 γὰρ
912 3903 1164 3974 οὐδαμῶς
1204 3904 1313 3956 τῶν
1373 3904 1642 3976 Ἑϐραίων
1677 3905 1724 3956 oi
1765 3904 1930 3974 δῆμοι

305 3998 778 4071 περιυϐρίζοντες
820 3997 914 4050 τὸν
951 3995 1160 4067 Ἰησοῦν
1207 3995 1395 4068 ἀθύρῳ
1438 4013 1496 4049 τε
1558 3996 1652 4050 καὶ
1692 3995 1931 4066 ἀχαλίνῳ

307 4093 544 4163 γλώσσῃ
579 4089 1138 4160 κατεπμϐαίνοντες,
1167 4089 1242 4153 ὡς
1276 4090 1405 4142 ποτὲ
1435 4090 1532 4160 μὲν
1559 4089 1929 4161 Σαμαρείτην,

309 4187 450 4239 ποτὲ
480 4185 540 4237 δὲ
575 4183 812 4254 μέθυσον
847 4181 1166 4247 ἀποκαλεῖν,
1198 4183 1292 4235 καὶ
1321 4183 1385 4235 ὲκ
1419 4182 1680 4254 πορνείας
1709 4198 1933 4252 γεγενη-

315 4281 506 4350 μένον.
551 4279 746 4348 ’ῼοντο
789 4276 902 4348 γὰρ
931 4275 1072 4328 κατά
1105 4277 1266 4343 σφᾶς,
1304 4275 1402 4346 τὴν
1432 4276 1595 4342 ἁγίαν
1635 4273 1932 4346 μεμοιχεῦ-

315 4375 447 4427 σθαι
489 4372 798 4444 Παρθένον.
827 4371 1040 4424 Οὐκοῦν
1073 4372 1104 4438 ἡ
1136 4370 1245 4441 ἀρὰ
1287 4371 1385 4440 μὲν
1416 4371 1474 4422 ὲν
1515 4368 1744 4432 τούτοις.
1782 4370 1931 4422 Κατ-

314 4463 623 4532 εᾲεύὸοντο
669 4462 724 4515 δὲ
778 4462 1005 4532 καὶτῆς
1033 4460 1192 4531 δόξης
1241 4457 1428 4522 αὑτοῦ,
1458 4460 1737 4530 δαιμόνιον
1788 4458 1934 4529 ἔχειν

2025 3356 2226 3410 Christi
2266 3357 2460 3411 iterum
2490 3359 2718 3412 dicentis
2747 3377 2758 3414 :
2800 3377 2819 3409 ‹
2863 3358 3059 3424 Amen,
3090 3374 3246 3411 amen
3277 3358 3397 3411 dico
3439 3357 3615 3421 vobis,

2028 3449 2118 3517 qui
2157 3450 2326 3504 credit
2359 3451 2412 3504 in
2438 3467 2543 3516 me,
2602 3451 2764 3505 habet
2809 3452 2976 3504 vitam
3013 3462 3301 3514 aeternam,
3328 3458 3382 3502 et
3429 3449 3483 3502 in
3525 3447 3616 3518 ju-

2029 3540 2228 3594 dicium
2259 3557 2364 3596 non
2394 3543 2543 3596 venit
2575 3543 2644 3597 τθ.
2689 3562 2706 3594 ι
2744 3544 2882 3610 Quid
2917 3558 3045 3612 ergo
3073 3553 3157 3596 est
3189 3560 3208 3593 ‹
3253 3539 3480 3595 θΠιιειιιιι
3530 3555 3622 3592 su-

2031 3648 2126 3703 per
2159 3642 2360 3688 terram
2379 3634 2767 3700 ?'Maledictio,
2795 3649 2850 3692 et
2881 3635 3248 3700 mendacium,
3281 3643 3337 3687 ct
3386 3631 3619 3686 homici-

2032 3726 2203 3790 dium,
2230 3736 2283 3781 et
2314 3727 2543 3794 lurtuut,
2575 3740 2628 3782 et
2661 3729 3011 3790 adulterium,
3035 3736 3087 3781 et
3113 3727 3338 3796 sanguis
3363 3724 3615 3794 sanguini

2035 3819 2247 3874 mistus.
2297 3837 2318 3872 ι
2372 3820 2632 3888 Quaenam
2677 3821 3029 3875 maledictio?
3124 3819 3466 3875 Obtrectatio
3505 3859 3518 3882 ,
3571 3826 3622 3870 et

2034 3911 2396 3980 contumelia;
2444 3929 2720 3982 nunquam
2752 3915 2896 3969 enim
2929 3914 3155 3984 populus
3189 3912 3497 3967 .lud:eornm
3527 3909 3617 3966 Je-

2035 4017 2152 4057 sum
2199 4003 2759 4059 contumeliosissime
2793 4021 2994 4058 vexare
3043 4004 3275 4066 destitit,
3322 4001 3623 4071 impudenti

2035 4104 2088 4147 et
2118 4093 2378 4148 elTrenala
2413 4094 2590 4163 lingua
2625 4095 2678 4148 iu
2707 4110 2829 4148 eum
2864 4095 3156 4156 insultans,
3209 4107 3266 4146 ut
3301 4094 3460 4148 modo
3511 4091 3626 4146 Sa-

2038 4185 2386 4248 maritanum,
2420 4185 2580 4239 modo
2612 4187 2884 4239 ebriosum
2922 4185 3219 4253 appellaret
3245 4185 3315 4248 ⁸ο,
3343 4193 3398 4236 et
3421 4198 3490 4236 ex
3511 4181 3627 4238 for-

2039 4279 2309 4332 nicatione
2361 4279 2704 4348 progenitum
2730 4279 2936 4333 diceret
2987 4295 2999 4328 :
3055 4277 3424 4347 opinabantur
3478 4275 3624 4328 cnim

2037 4369 2176 4436 apud
2206 4368 2418 4422 animos
2455 4383 2621 4432 suos,
2676 4379 2920 4423 sanetam
2970 4366 3250 4438 Virginem
3301 4373 3626 4433 constupra-

2041 4471 2168 4513 tam.
2210 4459 2514 4516 Maledictio
2576 4461 2760 4530 itaque
2805 4461 2856 4514 in
2913 4461 2996 4514 his
3049 4461 3225 4529 posita
3274 4458 3623 4528 intelligitur.

314 4557 583 4624 λέγοντες
615 4555 799 4619 αὐτὸν,
840 4554 937 4607 καὶ
978 4552 1098 4616 ταῖς
1145 4552 1240 4604 τοῦ
1291 4550 1590 4616 Βελξεὸοὺλ
1633 4551 1919 4620 δυνάμεσικ¹

2041 4551 2440 4606 Meutiebantur
2477 4553 2607 4606 item
2637 4553 2902 4608 adversus
2972 4553 3200 4621 gloriam
3259 4551 3378 4619 ejus
3407 4593 3421 4617 ,
3478 4549 3625 4604 allir-

316 4647 702 4716 ἀπονέμοντες
747 4645 845 4709 τὰς
877 4643 1226 4714 θεοσημείας.
1261 4643 1382 4695 Ὅτι
1425 4643 1480 4694 δὲ
1520 4643 1614 4694 καὶ
1649 4643 1934 4710 μιαιφόνον

318 4741 408 4793 ἐπ’
453 4737 626 4806 αὐτῷ·
657 4737 756 4809 τὴν
787 4736 1031 4790 διάνοιαν
1073 4735 1375 4806 ἐσχηκότες
1423 4733 1602 4787 ἁλοῖεν
1632 4735 1718 4800 ἂν,
1767 4735 1932 4808 εἰδείη

320 4849 402 4894 τις
439 4829 510 4894 Et"
538 4827 651 4892 ἀπό
671 4845 733 4895 γε
759 4825 854 4879 τοῦ
877 4826 1045 4887 λίθοις
1067 4825 1361 4896 βεϐλῆσθαι
1390 4823 1652 4888 πολλάκις
1675 4825 1803 4895 παρ’
1837 4826 1932 4877 αὑ-

318 4927 431 4976 τῶν
461 4923 557 4975 τον
599 4920 980 4991 Ἐμμανουήλ·
1019 4917 1461 4988 ἁποκομισθῆναι
1495 4915 1552 4968 δὲ
1598 4917 1692 4969 καὶ
1741 4916 1933 4986 μέχρις

319 5019 502 5088 αὐτῆς
537 5015 744 5086 ὀφρύος
777 5013 871 5066 τοῦ
915 5014 1094 5084 ὅρους,
1127 5013 1215 5064 ἵνα
1249 5009 1769 5082 κατακρημνίζοιτο.
1825 5010 1934 5062 Καὶ

319 5113 381 5165 οῦ
440 5109 614 5179 μέχρι
660 5105 867 5159 τούτων
913 5106 981 5158 τὰ
1038 5104 1400 5174 ἐγκλήματα’
1449 5100 1812 5172 ὲκτετίμηντο
1877 5102 1934 5154 δὲ

320 5204 448 5256 λίαν
483 5202 581 5253 καὶ
614 5199 675 5252 τὸ
703 5199 893 5268 χρῆμα
922 5197 1021 5265 τῆς
1066 5196 1278 5264 κλοπῆς
1299 5212 1312 5225 ⁸
1352 5195 1784 5262 κατεμισθοῦντο
1825 5195 1934 5266 γὰρ

319 5297 410 5346 ἐπ’
467 5289 645 5361 αὐτῷ,
701 5289 794 5341 τὸν
827 5287 1096 5358 προδότην
1147 5286 1370 5352 Ἰούδαν,
1413 5285 1507 5339 τὸν
1547 5286 1936 5358 αἰσχροκερδῆ,

319 5387 420 5440 καὶ
453 5381 882 5436 κλεπτίστατον.
923 5381 1120 5451 Μοιχοὶ
1166 5380 1223 5432 δὲ
1264 5378 1454 5449 ὥσπερ
1482 5378 1630 5442 τινὲς
1665 5380 1936 5450 ἀλιτήριοι

319 5478 624 5547 γεγονότες
669 5478 717 5528 οἱ
760 5475 1046 5546 Φαρισαῖοι
1095 5473 1197 5542 τῆς
1273 5471 1540 5525 Ἰουδαίων
1591 5473 1937 5542 συναγωγῆς,

320 5570 643 5625 ἀπεσόϐουν
674 5567 773 5639 μὲν
804 5565 979 5636 αὐτῆς
1009 5565 1101 5618 τὸν
1130 5563 1190 5628 ἐξ
1217 5561 1448 5633 ούρανοῦ
1488 5563 1742 5633 νυμφίον,
1780 5580 1937 5615 τουτ-

403 5749 450 5779 ⁷⁷
496 5745 692 5800 Matth.
725 5758 816 5808 ιν,
851 5741 959 5808 24;
990 5740 1147 5796 Joan.
1183 5757 1294 5805 xiv,
1323 5740 1377 5794 9.

322 5821 439 5885 2/5;
477 5817 643 5872 Joau.
688 5829 807 5880 vm,
851 5813 942 5866 48.
1022 5813 1068 5844 ⁸³
1099 5812 1233 5867 Luc.
1267 5828 1342 5873 ιν,
1375 5812 1466 5865 ίιὶῖ.

1480 5741 1524 5770 ⁷⁸
1552 5739 1706 5792 Joan.
1739 5755 1790 5805 ν,
1825 5740 1915 5793 24.

2021 5741 2065 5772 ⁸ο
2106 5739 2261 5793 Idan.
2295 5753 2414 5801 wn,
2448 5737 2550 5802 48;
2602 5737 2788 5792 Matth.
2827 5752 2901 5804 ιιι,
2932 5739 3020 5793 19.

1543 5813 1586 5842 ⁸⁵
1619 5811 1751 5865 Luc.
1788 5829 1860 5874 νι,
1888 5811 1976 5867 16.

2045 4655 2255 4699 manles
2291 4646 2489 4699 habere
2520 4647 2866 4709 daemonium,
2907 4657 2959 4698 et
2997 4647 3176 4698 divina
3222 4644 3482 4699 miracula
3522 4646 3628 4697 vir-

2044 4740 2141 4791 tuti
2161 4737 2460 4794 Beelzebnb
2480 4739 2817 4794 ascribeulcs
2833 4739 2984 4794 "-3’.
3003 4739 3263 4794 Cotivinci
3297 4738 3460 4792 etiam
3499 4754 3627 4807 pos-

2043 4843 2168 4885 sunt
2211 4841 2445 4885 mentem
2470 4832 2586 4900 ejus
2629 4830 2991 4886 interﬁciendi
3040 4833 3294 4901 cupidam
3341 4840 3617 4902 gestasse.

2046 4923 2286 4978 Probare
2316 4925 2367 4977 id
2403 4925 2528 4978 licet
2564 4939 2634 4978 ex
2664 4940 2749 4989 eo,
2793 4927 2934 4993 quod
2968 4925 3239 4994 lapidibus
3294 4925 3627 4978 Etnmanue-

2044 5015 2144 5068 lcm
2167 5031 2267 5069 non
2283 5016 2446 5070 semel
2472 5017 2868 5085 appetiverunt,
2891 5026 2952 5072 et
2969 5021 3033 5072 ad
3056 5019 3401 5088 superciliqu
3427 5017 3628 5072 montis

2043 5107 2434 5174 perduxerunt,
2496 5117 2553 5160 ut
2609 5108 2732 5161 inde
2787 5110 3118 5177 prtecipitem
3155 5108 3510 5164 deturbarent
3554 5107 3625 5161 ⁸³.

2044 5198 2150 5253 Nec
2183 5214 2314 5254 vero
2355 5199 2633 5268 hucusque
2689 5208 2901 5253 tantum
2952 5201 3157 5255 scelera
3213 5209 3621 5269 processerunt.

2043 5289 2608 5361 Magnoperequoque
2634 5291 2836 5345 furtum
2868 5293 3243 5356 honorarunt;
3274 5292 3451 5358 pretio
3478 5291 3629 5346 enim

2043 5385 2374 5450 proditorem
2399 5381 2515 5450 ejus
2545 5381 2737 5437 ludam
2775 5386 3159 5438 conduxerunt
3189 5383 3255 5447 ⁸⁵,
3301 5382 3412 5454 66
3453 5385 3631 5452 turpis

2043 5476 2174 5529 lucri
2228 5475 2444 5529 avidum
2497 5485 2551 5529 et
2595 5475 3021 5530 furacissimum.
3087 5477 3146 5528 Et
3180 5475 3324 5527 velut
3371 5475 3627 5546 ﬂagitiosi

2040 5567 2258 5636 quidam
2292 5566 2486 5620 mtechi
2525 5563 2837 5619 Judaeorum
2885 5565 3207 5635 Synagngte,
3261 5565 3521 5621 Pharisaei
3561 5565 3631 5621 ab

3147 5741 3272 5782 32-90
3309 5741 3492 5797 Matth.
3527 5755 3626 5810 κη.
