4094 6542
460 379 562 439 113

1481 379 1538 436 S.
1578 379 1850 436 CYRILLl
1895 379 2361 436 ALEXANDBINI
2401 373 2717 434 ARCIHEP.

3621 361 3723 420 “6

459 497 573 568 ipsa
599 497 884 553 cmlestcm-
902 496 1200 568 Sponsum,
1227 496 1505 553 Christum
1535 509 1685 568 puta,
1716 503 2033 574 abegerunt;

2160 502 2275 566 ἐστι,
2309 498 2562 571 Χριστόν.
2607 491 3005 560 Συνεπόρνευον
3039 489 3093 541 δὲ
3167 487 3288 551 ταῖς
3324 485 3480 548 ἰδίαις
3505 484 3726 574 ,ἡδοναῖς

461 588 732 658 simulque
780 589 1032 649 fornicati
1065 599 1211 654 sunt,
1243 591 1476 660 propriis
1506 594 1874 662 voluptatibus
1908 610 2038 649 sua-

463 679 656 733 dentes
691 694 909 749 operam
935 681 1083 736 dare.
1120 681 1186 734 Et
1225 683 1562 740 miscuerunt
1589 686 1884 756 sanguines
1915 701 2042 740 san-

463 771 734 840 guinibus.
768 771 1048 837 Quomodo
1075 774 1335 828 tandem?
1373 776 1571 831 occisis
1621 777 1770 832 enim
1825 777 2039 832 sanctis

466 863 766 930 prophetis,
821 863 1002 933 ipsum
1038 880 1254 934 quoque
1309 868 1697 936 prophetarum
1753 867 2040 922 Dominum

465 950 808 1007 addiderunt.
864 952 1226 1020 Quamobrem
1259 956 1455 1011 beatus
1499 955 1807 1026 Stephanus
1848 957 1901 1010 in
1933 957 2038 1012 Ac-

467 1043 610 1098 tihus
644 1037 1018 1113 apostolorum
1041 1061 1146 1100 non
1180 1046 1455 1105 immerito
1478 1048 1584 1104 illis
1636 1048 1932 1118 exprobrat
1956 1047 2041 1104 his

468 1133 651 1188 verbis
685 1153 698 1189 :
737 1152 756 1184 ι
817 1134 986 1200 Quem
1025 1137 1412 1206 prophetarum
1451 1155 1554 1194 non
1605 1150 1731 1194 sunt
1773 1140 2042 1209 persecuti

468 1232 652 1294 patres
681 1226 884 1280 vestri?
909 1237 962 1280 et
995 1229 1312 1284 occiderunt
1333 1246 1448 1295 eos,
1485 1232 1577 1301 qui
1607 1233 2046 1300 praenuntianmt

467 1314 534 1369 de
558 1315 790 1370 adventu
822 1315 984 1384 Justi,
1018 1319 1172 1388 cujus
1199 1335 1295 1374 vos
1331 1337 1473 1376 nunc
1523 1325 1832 1390 proditores
1861 1334 1915 1378 et
1950 1325 2046 1379 ho-

472 1407 684 1462 micidae
711 1407 887 1463 fuistis
913 1409 959 1441 ⁸⁸
993 1448 1006 1462 .
1053 1429 1070 1462 ι
1111 1411 1251 1476 Quin
1289 1422 1344 1465 et
1385 1411 1632 1468 Salvator
1663 1413 1962 1470 Pharisasis
1994 1423 2048 1470 et

467 1495 680 1551 Scribis
707 1498 983 1568 improbos
1035 1511 1266 1556 conatus
1296 1501 1586 1570 objicicns,
1617 1504 1794 1560 aiebat
1830 1523 1843 1561 :
1879 1525 1898 1558 ι
1937 1506 2047 1559 lm-

468 1586 610 1654 plete
645 1602 954 1642 mensuram
985 1602 1199 1660 patrum
1233 1600 1536 1647 vestrorum
1571 1594 1639 1648 ⁸⁸.
1677 1614 1695 1646 ι

542 1675 704 1730 Vrsas.
738 1679 792 1732 5.
831 1679 955 1733 Ideo
989 1681 1183 1750 lugebit
1234 1697 1396 1746 terra,
1442 1693 1491 1734 et
1529 1683 1872 1737 imminuatur
1930 1702 2046 1738 cura

469 1770 711 1821 omnibus
735 1773 825 1839 qui
858 1771 1096 1824 habitant
1131 1788 1268 1835 eam,
1304 1789 1420 1824 cum
1467 1773 1645 1825 bestiis
1685 1775 1822 1841 agri,
1850 1783 1899 1827 et
1931 1790 2048 1826 cum

2143 591 2435 662 ὑπηρετεῖν
2463 583 2870 644 ἀναπείθοντες.
2911 579 3174 648 Ἕμισγον
3207 576 3264 630 δὲ
3305 575 3402 628 καὶ
3433 572 3517 642 ἐφ’
3558 573 3724 642 αἵμα-

2144 699 2229 736 σιν
2255 681 2483 752 αἵματα.
2517 675 2680 740 Πῶς,
2714 673 2748 745 ἢ
2790 672 2912 725 τίνα
2945 669 3185 739 τρόπον;
3237 666 3592 727 ἀπεκτονότες
3620 665 3728 733 γὰρ

2142 776 2269 838 τοὺς
2294 763 2812 842 ἁγίουςπροφήτας,
2834 764 2928 817 καὶ
2953 762 3116 816 αὑτὸν
3139 759 3366 822 ἐκείνοις
3387 757 3730 828 προσέθεσαν

2143 867 2233 921 τὸν
2263 866 2370 918 τῶν
2404 859 2702 934 προφητῶν
2731 856 3018 923 δεσπότην.
3064 853 3178 906 Καὶ
3223 849 3354 919 γοῦν
3400 851 3427 902 ὁ
3461 847 3730 919 μακάριος

2145 958 2418 1026 Στέφανος
2446 954 2503 1005 ὲν
2548 953 2667 1013 ταῖς
2706 949 2814 1000 τῶν
2859 943 3173 999 ἀποστόλων
3222 941 3459 1012 Πράξεσι
3507 938 3732 1000 δικαίως

2146 1047 2328 1110 αὐτοῖς
2359 1043 2627 1108 ὀνειδίζει,
2666 1040 2841 1107 λέγων
2865 1053 2878 1066 ·
2924 1054 2942 1088 ι
2994 1035 3128 1088 Τίνα
3161 1033 3269 1086 τῶν
3307 1029 3600 1103 προφητῶν
3631 1029 3734 1081 οὐκ

2147 1137 2366 1202 ἐδίωξαν
2398 1136 2447 1188 οἱ
2476 1133 2710 1202 πατέρες
2737 1128 2925 1200 ὑμῶν;
2959 1127 3054 1180 καὶ
3086 1125 3416 1179 ἀπέκτειναν
3443 1123 3570 1184 τοὺς
3607 1137 3737 1191 προ·
3763 1137 3770 1151 ·

2148 1228 2615 1297 καταγγείλαντας
2664 1221 2918 1292 περὶτῆς
2963 1217 3232 1280 ἐλεύσεως
3252 1213 3346 1268 τοῦ
3379 1215 3625 1276 Δικαίου,
3671 1203 3732 1264 οὗ

2149 1321 2242 1376 νῦν
2283 1321 2441 1390 ὑμεῖς
2486 1316 2741 1388 προδόται
2791 1312 2885 1366 καὶ
2945 1312 3125 1380 φονεῖς
3167 1307 3441 1376 ἐγένεσθε.
3490 1326 3507 1358 s
3572 1302 3736 1356 Ἀλλὰ

2149 1415 2244 1466 καὶ
2274 1415 2302 1465 ὁ
2326 1411 2519 1482 Σωτὴρ
2543 1411 2656 1471 τοῖς
2690 1406 3002 1476 Φαρισαίοις
3032 1402 3128 1455 καὶ
3153 1397 3580 1471 Γραμματεῦσιν
3603 1396 3740 1448 ὀνει-

2149 1503 2310 1567 δίζων
2340 1501 2413 1554 τὰ
2455 1497 2855 1569 τετολμημένα,
2896 1495 3076 1561 ἔλεγεα
3112 1510 3129 1542 ι
3178 1491 3289 1544 Καὶ
3320 1491 3476 1560 ὑμεῖς
3518 1484 3739 1557 πληρῶν

2154 1611 2284 1649 σατε
2315 1593 2376 1646 τὸ
2409 1593 2606 1664 μέτρον
2639 1589 2744 1642 τῶν
2780 1588 3036 1657 πατέρων
3071 1583 3243 1655 ὑμῶν.
3284 1600 3303 1634 ›

2221 1685 2326 1738 Διὰ
2364 1682 2540 1736 τοῦτο
2566 1678 2856 1746 πενθήσει
2899 1677 2937 1742 ἡ
2962 1673 3058 1744 γῆ,
3084 1673 3183 1728 καὶ
3218 1667 3740 1742 σμικρυνθήσεται

2152 1775 2276 1829 σὺν
2315 1772 2466 1828 πᾶσι
2504 1773 2632 1836 τοῖς
2656 1766 3048 1823 κατοικοῦσιν
3084 1762 3300 1832 αὐτὴν,
3323 1762 3445 1814 σὺν
3483 1758 3607 1825 τοῖς
3636 1760 3743 1825 θη-

471 1861 744 1925 reptilibus
788 1871 968 1927 terrm,
1015 1877 1062 1916 et
1107 1881 1224 1916 cum
1258 1864 1564 1917 volatilibus
1608 1865 1744 1917 caeli.
1792 1865 1858 1919 Et
1885 1867 2051 1934 pisces

2160 1869 2304 1937 ρίοις
2326 1865 2434 1920 τοῦ
2467 1863 2677 1934 ἀγροῦ,
2709 1861 2807 1916 καὶ
2846 1859 2971 1914 σὺν
2998 1857 3123 1924 τοῖς
3151 1854 3422 1926 ἑρπετοῖς
3449 1851 3560 1921 τῆς
3603 1848 3740 1921 γῆς,

472 1952 635 2005 maris
663 1953 925 2023 deﬁcient,
957 1962 1015 2008 ut
1041 1955 1215 2008 nullus
1234 1971 1395 2024 neque
1409 1955 1634 2023 judicet,
1670 1973 1832 2025 neque
1865 1967 2053 2026 arguat

469 2058 762 2112 quisquam.

544 2213 786 2271 XXXVI.
808 2215 1098 2288 Postquam
1118 2221 1288 2292 enim,
1312 2221 1507 2292 inquit,
1525 2224 1660 2279 adeo
1687 2224 1793 2281 Deo
1810 2239 2056 2288 exesam,

472 2315 526 2360 et
561 2321 823 2376 perquam
884 2309 1266 2380 inhumanam,
1301 2313 1557 2383 impiam,
1585 2324 1846 2386 metuque
1878 2316 2053 2386 legum

473 2399 713 2454 solutam
741 2401 908 2456 vitam
940 2413 1260 2474 exegerunt,
1287 2406 1704 2476 cogitaruntque
1730 2417 1784 2463 et
1809 2407 2058 2463 Eccerunt

473 2507 594 2561 qua:
634 2492 714 2548 fas
751 2508 856 2549 non
897 2505 1004 2561 est,
1035 2495 1204 2553 Deum
1249 2497 1486 2554 ludibrio
1532 2499 1814 2557 habentes.
1847 2499 2055 2557 Idcirco

473 2590 530 2635 et
571 2581 870 2651 iustissime
900 2585 958 2639 in
988 2585 1217 2643 exitium
1255 2587 1505 2654 abibunt,
1551 2588 1770 2660 lugente
1793 2592 2058 2660 quodam-

474 2672 634 2728 modo
665 2683 831 2740 terra,
864 2689 984 2746 quae
1019 2677 1266 2734 vastitati
1298 2679 1534 2746 dabitur,
1563 2691 1618 2736 et
1662 2682 1907 2738 habitum
1946 2698 2060 2738 mu-

478 2763 639 2829 tabit,
662 2774 718 2820 et
744 2765 942 2822 faciem
978 2768 1234 2838 praeferet
1278 2770 1633 2840 inammnam,
1669 2773 1895 2830 urbibus
1920 2787 2057 2829 exu-

475 2857 602 2923 stis,
629 2859 879 2915 domibus
929 2861 1160 2927 eversis,
1196 2863 1473 2934 segetibus
1518 2878 1583 2918 ac
1631 2864 1896 2934 stirpibus
1934 2879 2058 2918 suc-

474 2947 632 3004 cisia.
658 2948 864 3005 Similis
916 2965 1108 3007 sensus
1152 2955 1258 3010 erit
1293 2955 1654 3010 habitantium
1689 2964 1912 3021 terram,
1951 2968 2056 3011 una

477 3039 892 3094 lamentantium
919 3049 975 3096 et
997 3041 1314 3112 ejulantium
1343 3061 1507 3100 :nam
1549 3055 1603 3102 et
1637 3046 1739 3116 ipsi
1776 3047 2054 3116 lugebunt,

432 3204 434 3207 ι
481 3136 582 3187 hoc
603 3143 704 3200 est,
728 3135 796 3188 ab
818 3135 965 3190 omni
997 3135 1179 3190 laetitia
1209 3145 1265 3191 et
1295 3136 1552 3192 felicitate
1579 3138 1768 3208 procul
1800 3140 2053 3193 aberunt.

478 3226 578 3291 Qui
620 3241 783 3296 porro
833 3236 961 3281 sunt
1005 3228 1344 3282 habitatores
1379 3229 1507 3284 isti?
1541 3229 1690 3296 ferae,
1726 3240 1780 3285 et
1823 3229 2057 3298 reptilia,

478 3324 537 3369 et—
563 3317 781 3386 insuper
802 3317 1067 3372 volatilia.
1099 3318 1205 3374 Sed
1232 3335 1573 3390 nequaquam
1603 3320 2059 3384 existimabimus,

479 3407 527 3461 si
567 3417 715 3462 recte
743 3407 1114 3477 intelligimus,
1157 3410 1222 3464 de
1269 3411 1574 3480 agrestibus
1604 3411 1815 3477 bestiis,
1850 3418 1944 3463 aut
1974 3424 2064 3463 re-

482 3499 728 3566 ptilibns,
761 3512 855 3554 aut
905 3500 1213 3556 volucribus
1269 3504 1592 3571 prophetam
1636 3501 1792 3556 nobis
1838 3499 2060 3556 concio-

480 3593 598 3647 nari
634 3611 649 3648 :
687 3601 833 3648 esset
857 3594 1000 3648 enim
1039 3593 1142 3649 hoc
1169 3595 1397 3650 stultum
1432 3593 1591 3662 plane
1642 3604 1697 3648 et
1737 3593 2062 3663 insipientiat

481 3683 720 3752 plenum.
769 3684 1116 3738 Arbitrantur
1161 3684 1306 3739 enim
1355 3686 1559 3754 potius,
1599 3695 1806 3740 rectum
1842 3694 1895 3739 et
1941 3699 2064 3754 ger-

482 3785 700 3823 manum
729 3784 944 3824 sensum
993 3771 1249 3842 amplexi,
1279 3770 1586 3828 Judzeorum
1616 3788 1793 3829 mores
1839 3773 1924 3828 his
1951 3773 2059 3843 jam

481 3864 644 3919 dictis
684 3863 940 3934 exprimi.
978 3863 1058 3920 Ac
1111 3879 1208 3934 per
1251 3864 1449 3920 bestias
1498 3867 1714 3935 quidem
1752 3867 2066 3936 potentissi-

483 3967 621 4017 mos,
659 3962 716 4009 et
743 3955 835 4024 qui
875 3955 1011 4010 alios
1041 3964 1250 4012 terrere
1298 3965 1548 4028 possunt,
1581 3967 1826 4027 agrestes
1873 3965 1928 4013 et
1961 3972 2062 4027 op-

481 4058 780 4112 pressores,
815 4055 873 4100 et
920 4048 1195 4103 trucidare
1228 4049 1437 4116 solitos,
1468 4061 1520 4104 et
1555 4050 1800 4105 moribus
1835 4063 2064 4118 magno-

482 4152 608 4206 pere
640 4139 805 4205 feros,
835 4149 888 4196 et
939 4142 1178 4198 immites
1209 4142 1500 4212 signiﬁcat.
1544 4141 1649 4196 Per
1685 4141 1899 4209 reptilia
1934 4155 2064 4194 vero

478 4229 586 4299 67
615 4231 667 4283 in
702 4245 910 4286 morum
941 4231 1236 4285 acerbitate
1264 4231 1749 4286 erercitatissimos
1777 4239 1833 4283 et
1861 4230 2066 4297 impro-

480 4323 649 4376 bitatc
695 4322 804 4389 jam
837 4332 1268 4378 consummatos.
1318 4322 1409 4376 Sic
1450 4324 1594 4376 enim
1645 4329 1700 4374 et
1729 4320 1926 4375 alicubi
1976 4334 2063 4374 sa-

480 4415 634 4481 piens
685 4414 921 4469 Joannes
969 4415 1432 4484 improbissimam
1464 4412 1862 4467 Pharisaeorum
1907 4410 2062 4467 Scri-

2155 1960 2254 2013 καὶ
2307 1957 2430 2011 σὺν
2483 1955 2611 2021 τοῖς
2657 1952 2949 2017 πετεινοῖς
3003 1950 3110 2006 τοῦ
3167 1945 3450 2018 οὐρανοῦ.
3506 1943 3614 1998 Καὶ
3681 1945 3742 1996 οι

2159 2048 2361 2119 ἰχθύες
2383 2045 2494 2113 τῆς
2531 2043 2852 2118 θμλάσσης
2884 2041 3303 2109 ἐκλείψουσιν,
3330 2038 3491 2102 ὅπως
3525 2033 3740 2103 μηδείς

2151 2140 2304 2208 μήτε
2331 2135 2651 2204 δικάζηται,
2673 2132 2826 2203 μήτε
2856 2133 3076 2202 ἐλέγχῃ
3095 2130 3329 2202 μηδείς.

2228 2232 2369 2298 AG".
2427 2227 2648 2298 Ἐπειδὴ
2681 2226 2790 2296 γὰρ
2821 2226 2912 2278 τὸν
2937 2225 3100 2290 οὓτω,
3135 2223 3288 2295 φησὶ,
3342 2221 3605 2291 θεοστυγῆ
3646 2221 3746 2274 καὶ

2157 2322 2512 2393 παγχάλεπον
2532 2320 2814 2390 διεξήκασι
2838 2318 2974 2389 βίον,
2992 2317 3083 2370 τὸν
3108 2313 3343 2384 δυσσεϐῆ
3388 2314 3484 2368 καὶ
3504 2311 3741 2384 ὲξήνιον,

2158 2412 2535 2484 πεφρονήκασί
2561 2429 2620 2464 τε
2653 2410 2747 2464 καὶ
2792 2409 3117 2481 δεδράκασιν
3160 2405 3198 2461 ἃ.
3241 2405 3317 2476 μὴ
3345 2405 3534 2475 θέμις,
3561 2404 3746 2473 ἐμπα-

2162 2504 2465 2576 ροινοῦντες
2494 2502 2613 2572 Θεῷ
2634 2517 2648 2532 °
2670 2502 2846 2574 ταύτῃ
2859 2518 2963 2565 τοι,
2990 2501 3083 2553 καὶ
3118 2497 3264 2570 μάλα
3297 2495 3545 2560 δικαίως,
3586 2495 3750 2564 οίχή-

2160 2610 2342 2647 σονται
2366 2591 2503 2663 πρὸς
2530 2590 2828 2656 ἀπώλειαν,
2849 2587 3150 2659 πενθούσης
3181 2587 3278 2657 μὲν
3309 2584 3474 2639 οἱονεὶ
3495 2585 3594 2653 τῆς
3613 2583 3742 2652 γῆς’

2161 2683 2641 2756 καταδῃωθήσεται
2669 2682 2780 2753 γὰρ
2798 2680 2959 2751 αὕτη,
2980 2677 3076 2733 καὶ
3108 2695 3244 2749 μετα
3253 2677 3434 2748 μείψει
3452 2675 3512 2729 τὸ
3531 2674 3744 2745 σχῆμα,

2162 2777 2259 2831 καὶ
2285 2775 2501 2847 ἀτερπῆ
2529 2773 2751 2845 φορέσει
2779 2772 2879 2843 τὴν
2903 2771 3048 2840 ὄψιν,
3083 2769 3291 2822 πόλεων
3331 2767 3428 2838 μὲν
3451 2767 3751 2837 ἐμπεπρη-

2165 2868 2402 2940 σμένων,
2427 2868 2590 2920 οῖκων
2623 2865 2682 2918 δὲ
2719 2860 3259 2931 κατασεσεισμένων,
3292 2858 3388 2911 καὶ
3421 2855 3609 2927 ἀγρῶν
3647 2854 3749 2907 ὲκ-

2161 2954 3034 3030 κεκομμένων.Συνδιακείσονται
3064 2955 3128 3023 τῇ
3162 2953 3230 3022 γῇ
3262 2949 3357 3003 καὶ
3392 2950 3440 3002 oi
3476 2948 3746 3009 κάτοικοι,

2165 3048 2652 3121 συνολοφυρόμενοί
2696 3064 2757 3100 τε
2790 3047 2884 3099 καί¹
2915 3042 3358 3114 συνοιμώζοντες.
3404 3040 3747 3109 Πενθήσουσι

2165 3141 2274 3212 γὰρ
2327 3141 2423 3194 καὶ
2472 3139 2665 3202 αὐτοὶ,
2712 3136 3026 3199 τουτέστιν,
3083 3133 3301 3200 ἁπάσης
3336 3131 3600 3201 εὐθυμίας
3648 3129 3749 3181 καὶ

2165 3232 2465 3304 εὐημερίας
2493 3229 2748 3285 ἀποτάτω
2773 3227 3112 3298 γενήσονται.
3132 3225 3289 3287 Τίνες
3317 3223 3376 3277 δὲ
3398 3224 3448 3275 oi
3478 3223 3744 3294 κὰτοικοι;

2166 3324 2329 3396 θῆρές
2359 3341 2418 3376 τε
2460 3324 2555 3377 καὶ
2581 3320 2808 3393 ἑρπετὰ,
2830 3320 2924 3373 καὶ
2952 3318 3088 3391 πρός
3117 3335 3181 3385 γε
3210 3316 3421 3379 τούτοις
3449 3314 3518 3368 τὰ
3541 3313 3744 3367 διιπτὰο

2169 3431 2327 3486 μενα.
2361 3414 2473 3467 Καὶ
2499 3413 2558 3466 οὑ
2587 3413 2756 3484 δήπου
2779 3409 3096 3482 νομιοῦμεν,
3115 3409 3232 3478 εἴγε
3264 3408 3517 3478 συνίεμεν
3544 3407 3743 3478 ὀρθῶς,

2164 3508 2246 3562 ὅτι
2279 3505 2462 3576 θηρῶν
2488 3504 2720 3574 ἀγρίων,
2745 3504 2912 3572 ῆγουν
2942 3500 3209 3574 ἑρπετῶν,
3239 3501 3271 3572 ἢ
3302 3498 3519 3569 πτηνῶν
3547 3499 3575 3551 ό
3609 3514 3742 3568 προ-

2165 3597 2393 3667 φητικὸς
2424 3598 2554 3667 ἡμῖν
2588 3595 2976 3666 κατακέκραγε
3008 3593 3186 3662 λόγος.
3217 3591 3427 3661 Εὑηθες
3463 3588 3573 3660 γὰρ
3608 3607 3747 3644 πανο

2164 3689 2355 3752 τελῶς,
2382 3689 2475 3740 καὶ
2501 3688 2791 3750 ἀσυνεσίας
2813 3685 3048 3757 ἔμπλεον
3073 3685 3134 3737 τὸ
3165 3683 3288 3754 τῇδε
3311 3683 3469 3737 νοεῖν.
3504 3679 3760 3751 Οίόμεθα,

2163 3782 2274 3852 γὰρ
2310 3780 2546 3850 μᾶλλον,
2581 3778 2714 3849 ὀρθὰ
2764 3779 2982 3848 φρονεῖν
3027 3774 3353 3844 ἐγνωκότες,
3394 3775 3507 3835 τοῖς
3541 3771 3750 3842 ἀρτίως

2166 3875 2299 3943 ἡμῖν
2356 3870 2669 3941 εἰρημένοις
2723 3870 2848 3932 τοὺς
2891 3869 2998 3922 τῶν
3050 3867 3318 3920 Ἰουδαίων
3369 3863 3750 3936 ἐξομοιοῦσθαι

2164 3963 2419 4031 τρόπους.
2465 3961 2572 4014 Καὶ
2627 3958 2714 4012 διὰ
2761 3958 2861 4028 μὲν
2899 3957 3009 4010 τῶν
3042 3957 3247 4028 θηρίων
3281 3956 3406 4020 τοὺς
3433 3953 3751 4008 δυνατωτά-

2165 4070 2309 4115 τους,
2339 4054 2432 4105 xui.
2467 4049 2818 4120 ὲκδειματοῦν
2851 4048 3072 4120 ἑτέρους
3119 4048 3316 4111 ἱκανῶς
3347 4047 3590 4116 ἔχοντας,
3617 4043 3750 4107 τοὺς

2167 4143 2392 4214 ἀγρίους
2416 4141 2510 4196 καὶ
2541 4140 2982 4203 ὲπελευστικοὺς,
3009 4139 3105 4192 καὶ
3133 4139 3438 4208 μιαιφονεῖν
3461 4135 3748 4198 είωθότας,

2166 4236 2261 4289 καὶ
2301 4235 2433 4289 πολὺ
2472 4235 2592 4288 λίαν
2623 4233 2848 4304 ἔχοντας
2884 4231 2944 4284 τὸ
2978 4232 3254 4302 ἀνήμερον
3285 4229 3655 4298 ὑπεμφήνειεν
3680 4226 3752 4280 ἂν

2165 4329 2193 4381 ὁ
2219 4327 2394 4396 λόγος.
2431 4328 2529 4380 Διά
2560 4326 2618 4378 δέ
2647 4342 2710 4393 γε
2735 4325 2843 4378 τῶν
2873 4326 3120 4395 ἑρπετῶν
3144 4324 3270 4386 τοὺς
3303 4321 3489 4391 ἄκρως
3513 4320 3754 4390 ἐξησκηο

2169 4419 2362 4488 μένους
2389 4418 2449 4470 τὸ
2487 4415 2684 4487 πικρὸν
2713 4419 2794 4478 είς
2816 4417 3069 4487 τρόπους,
3099 4416 3195 4468 καὶ
3218 4415 3296 4477 είς
3327 4412 3476 4483 λῆξιν
3495 4410 3595 4480 τῆς
3617 4408 3753 4480 ὅλης

483 4507 783 4574 harumque
821 4507 1222 4560 multitudinem
1256 4503 1626 4573 reprehendit,
1659 4501 1985 4569 acclamans,
2007 4511 2055 4557 et

2165 4511 2265 4583 ἠδη
2298 4512 2532 4581 ἥκοντας
2573 4509 2858 4581 πονηρίας.
2901 4507 3056 4562 Οὕτω
3087 4507 3196 4577 γάρ
3236 4523 3338 4560 που
3369 4505 3460 4558 καὶ
3507 4505 3536 4556 ὁ
3583 4500 3753 4572 σοφὸς

481 4611 765 4668 serpentes
811 4615 875 4653 ac
910 4600 1222 4668 progeniem
1257 4597 1566 4664 viperarum
1603 4595 1890 4649 nominans
1915 4594 2058 4653 37-”.

478 4689 584 4746 Per
640 4691 883 4746 volatilia
929 4688 1238 4745 rectissime
1289 4687 1600 4755 intelliges,
1660 4687 1750 4754 qui
1813 4698 2062 4756 prompte

479 4783 548 4838 ad
601 4783 962 4839 defectionem
1014 4796 1043 4834 a
1087 4780 1196 4835 Deo
1240 4779 1547 4848 eriguntur,
1601 4777 1716 4833 sive
1767 4779 1860 4848 qui
1911 4795 2062 4835 exse-

478 4877 678 4932 cranda
714 4874 974 4944 superbia
1017 4873 1293 4936 laborant,
1321 4878 1378 4925 et
1419 4885 1631 4925 sursum
1677 4869 1831 4937 ferri,
1863 4881 1917 4926 et
1952 4871 2060 4927 alta

476 4984 672 5039 sapere
716 4971 1138 5022 consueverunt.
1173 4962 1399 5018 Videtur
1434 4971 1613 5017 autem
1659 4972 1714 5017 et
1756 4964 1934 5032 pisces
1968 4979 2060 5018 vo-

445 5111 448 5116 .
477 5079 608 5117 care
633 5062 881 5116 sordidos
906 5066 959 5111 et
989 5057 1284 5128 gregarios,
1311 5057 1435 5110 vita:
1467 5056 1928 5112 sollicitudinibus
1954 5057 2058 5111 im-

476 5169 724 5220 mersos,
761 5162 820 5207 et
869 5161 1102 5204 mentem
1152 5148 1218 5203 iis
1263 5148 1420 5216 quasi
1468 5147 1698 5202 oll‘usam
1755 5147 2058 5214 habentes,

479 5258 659 5302 mutos
688 5254 742 5298 et
780 5242 1007 5298 rationis
1043 5241 1282 5296 maxime
1331 5250 1624 5310 expertes:
1668 5249 1754 5295 est
1796 5241 1941 5295 enim
1973 5241 2060 5309 pi-

480 5341 587 5394 scis
622 5351 712 5392 res
761 5350 790 5388 a
836 5347 972 5387 voce
1006 5333 1392 5387 remotissima.
1427 5331 1494 5384 Et
1541 5331 1839 5385 secundum
1891 5329 2056 5383 alium

480 5441 725 5490 sensum,
755 5438 848 5477 eos
871 5423 961 5489 qui
993 5422 1372 5476 imbecilliores
1399 5421 1546 5476 velut
1567 5421 1872 5489 deglutiunt
1903 5435 1916 5472 :
1945 5436 2058 5472 mu-

483 5530 571 5573 tua
611 5519 757 5572 enim
784 5515 1136 5571 devoratione
1170 5516 1346 5582 pisces
1392 5515 1659 5582 imprimis
1685 5516 1938 5583 gaudent.
1973 5511 2058 5566 In-

481 5613 600 5681 quit.
631 5624 797 5680 ergo:
830 5627 848 5660 ι
881 5607 1108 5680 Lugebit
1142 5617 1282 5661 terra
1310 5622 1413 5659 una
1446 5621 1568 5660 cum
1612 5605 2002 5660 habitantibus.
2031 5623 2051 5656 ι

2177 4604 2430 4675 Ἰωάννης
2486 4603 2585 4674 τὴν
2647 4601 3060 4673 μοχθηροτάτην
3115 4599 3225 4652 τῶν
3278 4595 3586 4668 Φαρισαίων
3653 4596 3755 4650 καὶ

2161 4695 2541 4766 Γραμματέων
2572 4695 2769 4765 ἤλεγχε
2805 4692 3036 4762 πληθὺν,
3061 4689 3297 4744 ἐπιϐοῶν
3322 4706 3378 4742 τε
3412 4688 3508 4741 καὶ
3536 4685 3714 4756 λέγων
3734 4704 3770 4720 ·’

2170 4805 2188 4838 ι
2205 4788 2414 4856 Ὄφεις,
2434 4788 2749 4856 γεννήματα
2771 4784 3046 4854 ἐχιδνῶν.)
3069 4783 3170 4836 Διὰ
3190 4781 3247 4835 δέ
3266 4799 3329 4850 γε
3351 4780 3459 4834 τῶν
3482 4779 3754 4835 πετεινῶν

2163 4873 2221 4933 εὗ
2266 4879 2412 4950 μάλα
2462 4879 2714 4946 συνήσεις
2754 4879 2881 4941 τοὺς
2923 4877 3153 4947 ἑτοίμως
3181 4872 3620 4943 ἀνεπτοημένους
3664 4873 3754 4938 είς

2165 4973 2469 5026 ἀπόστασιν
2512 4970 2612 5041 τὴν
2659 4970 2767 5024 ἀπὸ
2811 4969 2968 5034 Θεοῦ,
3023 4969 3122 5022 εἴτ’
3175 4963 3268 5022 οὖν
3321 4966 3418 5037 τὴν
3471 4965 3753 5035 ἐπάρατον

2167 5063 2456 5126 νοσοῦντας
2509 5062 2844 5134 ὑπεροψίαν,
2896 5062 2992 5116 καὶ
3029 5061 3141 5116 ἀνω
3186 5076 3289 5112 που
3333 5056 3594 5128 φέρεσθαι
3652 5057 3753 5108 καὶ

2167 5153 2348 5223 ὑψηλὰ
2371 5155 2584 5224 φρονεῖν
2621 5153 2898 5215 εἰωθότας.
2930 5150 3115 5206 Ἐοικε
3156 5149 3211 5202 δὲ
3261 5150 3355 5202 καὶ
3386 5147 3574 5219 ἰχθύας
3608 5147 3753 5200 ἀποσ-

2168 5245 2354 5299 καλείν
2396 5247 2521 5309 τοὺς
2570 5243 2953 5318 συρφετώδεις,
3000 5243 3094 5296 καὶ
3122 5241 3429 5311 ἀγελαίους,
3460 5241 3586 5301 τοὺς
3623 5238 3749 5299 ταῖς

2167 5333 2263 5387 τοῦ
2305 5333 2418 5404 βίου
2455 5334 2704 5403 φροντίσι
2735 5330 3221 5402 βεϐαπτισμένους,
3267 5331 3360 5382 καὶ
3417 5325 3749 5397 ὑποϐρύχιον

2163 5424 2350 5496 ὥσπερ
2380 5426 2600 5495 ἔχοντας
2619 5424 2765 5489 νοῦν,
2801 5425 2926 5487 τοὺς
2951 5423 3197 5492 ἀφώνους
3223 5422 3316 5475 καὶ
3344 5419 3744 5488 ἀλογωτάτους.

2177 5519 2547 5586 Ἀφωνότατον
2581 5517 2690 5586 γὰρ
2719 5515 2827 5570 τῶν
2865 5515 3062 5587 ίχθύων
3111 5516 3171 5569 τὸ
3213 5515 3419 5586 χρῆμα.
3469 5513 3576 5566 Καὶ
3619 5509 3775 5563 καθ’,

2163 5610 2250 5663 ἓτε
2257 5628 2347 5681 ρον
2364 5611 2419 5663 δὲ
2437 5610 2658 5681 τρόπον,
2676 5610 2802 5673 τοὺς
2818 5604 2928 5664 οἷον
2951 5609 3349 5670 καταπίνοντας
3377 5606 3502 5670 τοὺς
3518 5603 3745 5659 ἀσθενε-

559 5768 984 5854 "Aci.vn,sa.
1064 5784 1110 5817 δε
1144 5782 1333 5837 Matth.
1368 5784 1636 5845 “111.52.
1715 5783 2045 5844 "enim.

2160 5789 2210 5852 i;
2246 5787 2432 5841 Matth.
2469 5803 2622 5852 χχιιι,
2656 5787 2740 5843 53.
