4094 6460
371 314 490 370 H7

1335 321 1885 378 COMMENTARIUS
1925 315 1989 373 IN
2029 313 2261 370 OSEAM
2309 311 2752 369 l’IlOPllETAM.

3573 316 3676 375 “8

368 429 637 500 στέρους·
664 431 1044 504 ἀλληλοφαγία
1062 437 1170 510 γὰρ
1210 439 1448 508 μάλιστα
1475 440 1627 511 παρά
1655 443 1766 504 τοῖς
1808 438 1985 509 ίχθῦσι

2091 432 2154 487 Ει
2184 447 2302 500 qua:
2337 430 2496 499 hujus
2527 432 2602 484 rei
2635 429 2841 485 causa?
2879 447 2896 480 ι
2938 426 3006 484 Ut
3039 429 3220 485 nullus
3249 443 3421 499 neque
3442 432 3671 500 judicel,

367 523 708 594 τετίμηται.
765 545 784 578 ι
830 527 1102 600 Πενθήσει
1155 529 1358 594 τοίνυν,
1411 533 1613 602 φησιν,
1663 532 1698 602 ἡ
1753 531 1825 602 γῆ
1873 532 1984 594 τοῖς

366 613 740 669 κατοικοῦσιν
792 617 952 690 ὁμοῦ.
1007 639 1026 672 ι
1079 620 1190 673 Καὶ
1240 619 1324 683 τίς
1380 621 1412 692 ἡ
1461 619 1617 673 τοῦδε
1673 620 1980 692 πρόφασις;

374 725 394 755 ι
435 705 636 768 ’Ὅπως
671 707 862 778 μηδεὶς
902 709 1042 781 μήτε
1074 710 1387 783 δικάζηται,
1440 713 1580 784 μήτε
1627 711 1826 785 ἐλέγχῃ
1876 728 1984 782 μη-

367 795 514 860 δείς.
560 817 578 849 ι
631 799 853 873 Ἐπειδὴ
882 804 991 875 γὰρ
1023 803 1135 874 ἀρά
1155 842 1169 869 ,
1201 804 1296 858 καὶ
1330 803 1549 875 ψεῦδος,
1579 805 1752 878 κλοπή
1794 822 1852 858 τε
1890 805 1985 858 καὶ

373 888 572 956 φόνος,
605 892 701 945 καὶ
726 893 947 964 μοιχεία
981 895 1212 966 κέχυται
1243 881 1469 968 ἐπῖτῆς
1501 897 1629 970 γῆς,
1652 898 1746 952 καὶ
1774 898 1984 968 αἵματα

371 981 472 1048 ἐφ’
502 981 706 1052 αἵμασι
735 985 1029 1054 μίσγουσιο
1084 986 1344 1059 ταύτῃτοι
1369 988 1648 1061 πενθήσει,
1685 990 1779 1044 καὶ
1812 989 1984 1060 ἀργή-

371 1088 467 1124 σει
528 1072 722 1128 λοιπὸν
767 1074 993 1145 ψεῦδος,
1045 1079 1138 1131 καὶ
1191 1080 1401 1151 ἀπάτη,
1461 1081 1558 1134 καὶ
1622 1081 1978 1151 συκοφαντία.

385 1164 841 1236 Ἐποιμώζοντες
886 1169 992 1241 γὰρ
1050 1173 1165 1235 τοῖς
1199 1173 1331 1244 παρ’
1361 1172 1552 1226 ἐλπίδα
1584 1172 1981 1245 συμϐεϐηκόσι,

370 1256 476 1308 καὶ⁵
508 1257 612 1326 τὴν
640 1259 700 1310 ἐν
733 1259 881 1332 χειρὶ
907 1261 1185 1325 κλαίοντες
1215 1265 1634 1336 συμφορὸιν,κοιί¹
1654 1263 1752 1334 οὐχ
1770 1265 1986 1327 ἐκόντες

370 1349 681 1415 ἀφέξονται
711 1349 820 1404 τῶν
850 1352 1105 1406 τοιούτων
1131 1354 1646 1428 πλημμελημάτων.
1677 1356 1751 1410 Τὸ
1772 1357 1880 1429 γάρ
1902 1375 1984 1411 τοι

368 1439 728 1512 δικάζεσθαι,
761 1445 857 1498 καὶ⁸
885 1446 1152 1516 ἐλέγχειν,
1181 1450 1266 1520 εἴη
1303 1449 1369 1503 ἂν
1392 1449 1579 1522 ἕτερον
1615 1450 1788 1515 οὐδὲν,
1816 1449 1986 1505 καθά-

369 1551 488 1605 περ
515 1529 758 1606 ἐγῷμαι,
789 1536 929 1609 πλὴν
955 1539 1035 1592 ὅτι
1064 1539 1125 1592 τὸ
1154 1544 1506 1612 κατηγορεῖν,
1541 1542 1637 1595 καὶ
1668 1541 1984 1614 καταψηφί-

368 1625 574 1689 ζεσθαῐ
621 1646 806 1697 τινων,
841 1630 961 1702 ἦτοι
1007 1630 1500 1705 ψευδομαρτυρεῖν.
1549 1635 1724 1688 Τοῦτό
1770 1653 1849 1690 τοι
1891 1637 1985 1690 καὶ

365 1718 570 1789 ἕτεροι
621 1721 757 1791 ἡμῖν
799 1721 910 1774 τῶν
953 1723 1124 1791 ἀγίων
1158 1727 1457 1798 προφητῶν
1477 1767 1492 1790 ,
1524 1727 1634 1781 τῶν
1663 1728 1722 1794 ἐξ
1751 1728 1985 1799 αἵματος

380 1809 619 1881 Ἰσραὴλ
658 1813 1089 1884 κατεκεκράγει,
1134 1797 1339 1884 λέγωνέ
1384 1835 1402 1870 ι
1437 1818 1506 1870 Οί
1535 1835 1647 1889 μοι,
1682 1797 1864 1891 ψυχή,
1897 1820 1981 1872 ὅτι
2018 1797 2059 1852 Β

366 1900 668 1955 ἀπόλωλεν
724 1903 966 1975 εὐλαϐὴς
1001 1906 1109 1959 ἀπὸ
1143 1908 1246 1981 γῆς
1286 1909 1381 1963 καὶ
1417 1912 1446 1964 ὁ
1481 1911 1765 1983 κατορθῶν
1792 1914 1850 1965 ἐν
1888 1912 1982 1966 ἀν-

366 1992 626 2066 θρώποις
669 1997 771 2050 οὐκ
824 1997 962 2059 ἐστι,
1017 2000 1222 2065 πάντες
1266 2004 1348 2065 εἰς
1393 2002 1604 2075 αἵματα
1648 2004 1979 2072 δικάζονται,

364 2088 616 2153 ἕκαστος
647 2090 741 2143 τὸν
787 2089 1019 2162 πλησίον
1065 2093 1229 2147 αὑτοῦ
1279 2081 1620 2151 ἐκθλίϐουσιν
1666 2095 1911 2170 ἐκθλιϐῇ.
1957 2113 1976 2149 ι

379 2180 552 2235 Ἀλλὰ
583 2181 760 2235 ταῦτα
799 2185 1112 2256 ἱστορικῶς.

446 2274 601 2344 Πρὸς
628 2275 869 2354 διάνοιαν
901 2275 959 2330 δὲ
986 2277 1087 2350 τὴν
1111 2279 1373 2335 ἐσωτάτω
1396 2281 1488 2334 τὸν
1517 2281 1618 2353 τῆς
1644 2282 1981 2354 προφητείας

367 2367 705 2433 εὐθύνοντες
745 2371 936 2446 λόγον,
967 2372 1143 2426 ἐκεῖνό
1179 2390 1381 2445 φαμεν.
1425 2375 1646 2446 Ἐπειδὴ
1681 2376 1792 2446 γάρ
1822 2378 1881 2429 ἐν
1912 2379 1980 2449 τῇ

367 2461 485 2513 τῶν
525 2461 802 2516 Ἰουδαίων
829 2465 900 2534 γῇ
927 2504 941 2529 ,
979 2464 1148 2536 ἤγουν
1182 2467 1314 2536 παρ’
1342 2466 1528 2531 αὐτοῖς
1570 2468 1843 2531 Ἰουδαίοις
1882 2471 1983 2524 οὐκ

367 2553 529 2606 ἐστιν
582 2551 834 2625 ἀλήθεια,
896 2555 1019 2608 οὐδὲ
1077 2555 1246 2620 ἕλεος,
1294 2558 1417 2612 οὺδέ
1463 2543 1763 2628 ἐπίγνωσις
1807 2561 1978 2616 Θεοῦ·

376 2644 564 2698 ταῦτα
593 2645 652 2699 δὲ
682 2643 824 2723 εἷναί
857 2665 918 2702 τε
963 2648 1060 2701 καὶ
1091 2634 1348 2719 λέγεσθαι
1380 2651 1472 2704 τὸν
1508 2653 1861 2726 Ἐμμανουήλ
1899 2658 1981 2709 εί-

369 2740 637 2810 ρήκαμεν
655 2755 670 2768 ·
701 2739 1020 2813 κεκράτηκε
1049 2741 1108 2817 δέ
1135 2743 1336 2814 μᾶλλον
1359 2745 1487 2815 ἀρὰ,
1521 2747 1617 2798 καὶ
1645 2730 1865 2816 ψεῦδος,
1887 2749 1983 2802 καὶ

365 2829 672 2900 τετίμηται
705 2829 901 2906 κλοπὴ,
928 2831 1024 2884 καὶ
1063 2832 1271 2902 αἵματα
1310 2835 1396 2903 ἐφ’
1425 2835 1621 2906 αἵμασι
1657 2836 1946 2907 μίσγουσιν
1967 2853 1980 2868 ⁸

367 2922 748 2986 ἀπεκτονότες
781 2923 892 2996 γὰρ
917 2924 1046 2988 τοὺς
1078 2911 1389 2997 προφήτας,
1413 2928 1501 2992 ὡς’
1518 2927 1677 3001 ἔφην,
1697 2930 1791 2984 καὶ
1821 2930 1984 2984 αὐτὸν

369 3014 723 3068 ἀπεκτόνασι
751 3015 844 3069 τὸν
884 3016 1114 3086 Ἰησοῦν.
1135 3019 1574 3091 Καταπενθήσει
1608 3013 1794 3075 λοιπὸν
1826 3023 1860 3094 ἡ
1911 3022 1984 3094 γῆ

2090 541 2264 594 neque
2309 535 2499 596 arguat
2536 527 2849 594 quisquam.
2887 543 2905 574 ι
2952 524 3220 590 Quoniam
3268 525 3416 578 enim
3451 525 3674 581 maledi-

2087 628 2255 682 ctum,
2286 626 2340 671 et
2376 618 2743 682 mendacium,
2789 617 3014 683 furtum,
3048 626 3102 670 et
3131 617 3330 684 caades,
3363 627 3417 672 et
3464 619 3676 675 adulte-

2089 710 2228 763 rium
2259 708 2450 765 dill'usa
2483 719 2610 764 sunt
2635 724 2799 779 super
2836 720 3062 777 terram,
3094 720 3148 764 et
3204 711 3500 779 sanguines
3546 728 3674 767 sau-

2086 802 2342 870 guinibus
2408 802 2984 858 miscenturzidcirco
3039 801 3265 874 lugebit,
3330 814 3384 857 et
3439 805 3678 860 cessabit

2089 895 2346 964 deinceps
2375 895 2742 959 mendacium,
2773 905 2826 950 et
2861 893 3107 962 fallacia,
3136 905 3194 950 et
3223 896 3519 952 calumnia.
3553 897 3680 966 Eju-

2088 987 2264 1044 Iautes
2310 989 2456 1044 enim
2511 1004 2674 1060 super
2727 989 2811 1044 his
2855 1003 2977 1058 quae
3025 998 3224 1058 praeter
3269 1005 3418 1060 spem
3458 991 3672 1045 accide—

2089 1088 2234 1146 runt,
2263 1091 2318 1134 et
2363 1080 2732 1136 calamitatem
2773 1089 3100 1149 praesentem
3147 1081 3512 1149 deplorantes,
3554 1082 3679 1136 tali-

2087 1173 2187 1228 bus
2210 1172 2421 1228 delictis
2445 1173 2609 1227 etiam
2637 1173 2794 1229 inviti
2825 1173 3199 1229 abstinehunt.
3223 1173 3676 1238 Judicare'euim,

2086 1275 2141 1320 et
2183 1281 2412 1338 arguere
2439 1265 2574 1321 nihil
2609 1281 2731 1321 mea
2767 1266 3045 1321 sententia
3101 1265 3248 1320 aliud
3301 1265 3466 1320 fuerit
3512 1282 3676 1335 quam

2087 1372 2371 1423 accusare,
2391 1368 2446 1411 et
2466 1358 2794 1413 sententiam
2826 1358 2965 1413 male
2991 1357 3136 1413 ferre
3161 1367 3352 1412 contra
3385 1359 3676 1428 quosdam,

2088 1452 2202 1505 sive
2231 1448 2426 1504 falsum
2470 1450 2771 1504 testificari.
2826 1448 2938 1504 lloc
2973 1449 3130 1505 nobis
3182 1458 3236 1503 et
3284 1449 3426 1502 alius
3461 1457 3682 1502 sancto-

2089 1558 2209 1597 rum
2249 1543 2638 1612 prephetarum
2685 1555 2750 1596 ex
2800 1542 3071 1611 sanguine
3106 1541 3274 1596 Israel
3300 1541 3677 1609 proclamavit,

2088 1649 2211 1688 cum
2243 1634 2424 1688 dixit:
2461 1651 2479 1684 ι
2525 1631 2613 1687 Vae
2655 1632 2817 1698 mihi,
2846 1633 3054 1695 anima,
3087 1635 3214 1702 quia
3256 1632 3418 1701 periit
3464 1631 3678 1702 religio-

2088 1742 2180 1781 sus
2221 1728 2287 1782 de
2322 1736 2486 1794 terra,
2522 1736 2576 1781 et
2607 1724 2701 1795 qui
2743 1736 2891 1781 recte
2927 1725 3098 1780 faciat
3128 1727 3178 1780 in
3215 1726 3543 1789 hominibus,
3570 1739 3677 1780 non

2086 1829 2208 1874 est:
2259 1833 2450 1873 omnes
2507 1818 2558 1872 in
2609 1819 2907 1888 sanguines
2966 1817 3251 1886 judicaut,
3305 1817 3679 1886 unusquisque

2085 1913 2394 1982 proximum
2429 1924 2588 1966 suum
2617 1910 2879 1966 tribulaut
2917 1909 3263 1965 tribulatione
3287 1910 3352 1964 δ’.
3391 1929 3409 1960 ι
3440 1909 3544 1964 Sed
3566 1909 3690 1977 haec,
3745 1955 3758 1966 .

2085 2004 2303 2073 quidem
2339 2004 2620 2060 historice.

2157 2297 2238 2352 Ad
2290 2297 2540 2353 intimum
2577 2307 2743 2365 porro
2786 2308 3008 2350 sensum
3043 2291 3287 2349 vaticinii
3328 2290 3493 2346 verba
3543 2288 3680 2345 diri-

2085 2397 2298 2458 gentes,
2335 2387 2468 2442 illud
2505 2375 2764 2442 dicimus.
2803 2384 2939 2452 Quia
2980 2384 3036 2439 in
3085 2383 3311 2454 regione
3342 2380 3676 2450 Iudaeorum,

2085 2478 2202 2533 sive
2249 2477 2394 2548 apud
2425 2478 2572 2547 ipsos
2597 2475 2814 2534 Juda’os
2860 2491 2969 2531 non
3013 2484 3096 2530 est
3130 2475 3366 2540 veritas,
3386 2488 3485 2528 nec
3517 2473 3684 2529 mise-

2090 2569 2352 2636 ricordia,
2379 2585 2480 2627 nec
2508 2571 2741 2626 scientia
2772 2568 2865 2624 Dei
2909 2568 3050 2640 (haec
3083 2577 3264 2622 autem
3313 2580 3438 2622 esse
3484 2575 3540 2620 et
3571 2564 3679 2619 dici

2086 2661 2499 2717 Emmanuelem
2537 2661 2896 2730 monuimus).
2925 2659 3264 2730 invaluitque
3292 2660 3479 2728 potius.
3505 2656 3679 2711 male-

2085 2753 2287 2810 dictum
2331 2763 2386 2810 et
2423 2752 2793 2818 mendacium,
2820 2759 2877 2807 et
2909 2750 3236 2807 studuerunt
3265 2749 3446 2817 furtis,
3477 2759 3530 2806 et
3552 2765 3680 2803 san-

2087 2843 2276 2911 guines
2304 2841 2358 2896 in
2393 2840 2752 2912 sanguinibus
2797 2840 3138 2895 miscuerunt
3180 2838 3401 2910 (occisis
3443 2852 3680 2908 namque

2087 2925 2390 3002 prophetis,
2420 2943 2480 2986 ut
2509 2930 2642 2996 dixi,
2675 2941 2728 3014 et
2758 2933 2934 3002 ipsum
2973 2922 3157 2987 Jesum
3189 2931 3550 3000 oet-idernnt).
3572 2930 3682 2984 Lu-

2087 3021 2236 3096 gebit
2271 3024 2325 3079 in
2381 3034 2662 3094 posterum
2724 3032 2867 3080 terra
2911 3040 3014 3079 una
3059 3039 3184 3079 cum
3237 3024 3677 3088 habitatoribus,

365 3109 489 3187 τοῖς
537 3106 821 3171 κατοίκοις
867 3108 1005 3191 ὁμοῦ
1047 3097 1198 3196 ταῖς
1232 3098 1522 3184 Ῥωμαίων
1585 3104 1980 3188 ἐμπιπραμένη

2091 3107 2340 3194 manibus
2385 3100 2762 3196 Romanorum
2816 3117 3058 3173 incensa.
3100 3118 3271 3172 Erunt
3311 3127 3492 3172 autem
3541 3119 3680 3180 haec,

366 3200 597 3280 χερσίν.
636 3201 831 3254 Ἔσται
862 3187 1143 3270 δὲταῦτα,
1180 3206 1398 3276 φησὶν,‹
1439 3206 1559 3260 Ἵνα
1591 3211 1728 3279 μήτε
1759 3207 1985 3281 δικάζη-

363 3310 489 3357 ται,
548 3293 689 3364 μήτε
739 3295 944 3368 ἐλέγχῃ
998 3282 1206 3367 μηδείς.
1247 3286 1265 3350 ι
1309 3299 1487 3371 Ὅπερ
1539 3300 1691 3352 ἐστὶν
1735 3301 1984 3372 ἐναργῶς

365 3387 789 3456 ἐπαιτιωμένου
820 3389 945 3453 τοῦς
988 3390 1300 3458 Ἰουδαίους,
1336 3391 1413 3455 ὡς
1457 3393 1861 3464 δικασαμένους
1888 3397 1985 3449 ἀν-

363 3481 567 3544 οσίως,
590 3482 688 3534 καὶ
720 3483 1178 3552 κατελέγξαντας,
1206 3486 1326 3557 ἤτοι
1351 3485 1985 3557 ψευδομαρτυρήσαντας

364 3575 471 3628 τοῦ
524 3575 788 3647 Χριστοῦ.
834 3575 902 3631 Οἱ
951 3578 1049 3648 μὲν
1090 3575 1202 3648 γὰρ
1237 3561 1548 3649 ’ἡγούμενοι
1581 3581 1860 3649 προσῆγον
1890 3581 1987 3632 Πι-

364 3665 571 3736 ὶ-ἀτῳ,
635 3665 985 3738 δικαζόμενοί
1043 3684 1103 3720 τε
1158 3667 1254 3722 καὶ
1310 3654 1747 3741 κατηγοροῦντες
1796 3671 1985 3725 αὐτοῦ.

367 3759 762 3839 Παρελθόντες
788 3755 844 3813 δέ
875 3778 1023 3824 τινες
1047 3743 1526 3832 κατεμαρτύρουν,
1566 3763 1729 3834 μόνον
1770 3763 1826 3817 δέ
1867 3765 1987 3835 οὐχὶ

365 3860 470 3910 καὶ
500 3856 753 3926 ἐλέγχειν
797 3856 1124 3927 ἀπετόλμων
1144 3873 1158 3886 ⁸
1191 3843 1622 3927 ψευδοεποῦντες
1653 3859 1701 3910 οἱ
1735 3859 1982 3922 δείλαιοι,

369 3951 517 4017 ποτέ
569 3951 692 4020 μὲν,
742 3951 826 4002 ὅτι
873 3949 1191 4024 διαστρέφει
1243 3949 1337 4003 τὸν
1383 3951 1548 4003 λαόνο
1593 3951 1723 4005 ποτὲ
1773 3951 1851 4012 δὲ,
1905 3952 1986 4005 ὅτι

369 4044 580 4098 τούτου
637 4041 892 4111 λέγοντος
922 4040 1268 4112 ἀκηκόαμεν,
1316 4041 1390 4105 ὡς
1425 4041 1484 4094 ἐν
1529 4032 1710 4112 τρισὶν
1750 4043 1989 4113 ἡμέραις

372 4121 691 4190 καταλύσει
731 4135 822 4188 τὸν
852 4133 981 4214 ναόν
1013 4133 1106 4186 τοῦ
1139 4132 1300 4197 Θεοῦ,
1330 4134 1423 4186 καὶ
1461 4136 1648 4206 ἐγερεῖ
1688 4134 1852 4187 πάλιν
1888 4135 1986 4188 αὑ·-

367 4230 493 4281 τόν.
541 4225 999 4298 Ἀναιρεθήσεται
1027 4226 1231 4305 τοίνυν,
1261 4225 1417 4296 φησὶ,
1443 4213 1590 4296 δίκη,
1623 4227 1718 4280 καὶ
1742 4227 1984 4297 ἐλεγχος,

368 4325 502 4394 ἦτοι
562 4318 993 4392 καταμαρτυρία
1045 4303 1164 4381 ,καὶ
1208 4303 1388 4389 ψῆξρος
1437 4321 1537 4372 οὐκ
1595 4319 1825 4392 ἀληθὴς,
1889 4322 1990 4374 οὑκ

366 4417 540 4478 tuto;
593 4411 883 4483 βασιλέως,
931 4409 1055 4464 οὐδέ
1111 4409 1372 4482 ἄρχοντος
1402 4409 1497 4464 τοῦ
1529 4410 1774 4475 δικάζειν
1802 4409 1990 4464 εἰωθό-

2090 3210 2286 3279 inquit,
2324 3226 2344 3260 ι
2393 3218 2452 3263 ιιι
2499 3223 2674 3278 neque
2700 3197 2947 3276 ’judicet,
2983 3222 3160 3275 neque
3206 3217 3400 3276 arguat
3437 3207 3578 3268 nllus
3609 3225 3621 3260 :
3658 3227 3675 3257 ι

2089 3303 2233 3373 quod
2276 3310 2362 3358 est
2397 3302 2688 3357 manifeste
2721 3315 2984 3356 accusare
3019 3292 3257 3364 Judceos,
3288 3310 3346 3352 ut
3377 3299 3466 3368 qui
3514 3299 3680 3368 impie

2083 3392 2171 3462 jus
2199 3394 2476 3458 dixerunt,
2513 3403 2567 3447 et
2594 3395 3012 3462 redarguerunt,
3045 3392 3161 3445 sive
3201 3391 3397 3445 falsum
3436 3390 3683 3444 testimo-

2089 3488 2239 3540 nium
2268 3486 2322 3540 in
2354 3481 2632 3562 Christum
2667 3485 3032 3554 protulerunt.
3075 3485 3189 3554 68
3223 3483 3505 3552 Principes
3532 3483 3675 3538 enim

2089 3579 2430 3634 adduxerunt
2485 3593 2609 3634 eum
2682 3578 2747 3632 ad
2813 3576 3067 3640 Pilatum,
3137 3577 3288 3630 illum
3367 3569 3682 3645 iudicantes

2089 3683 2143 3728 et
2172 3682 2513 3728 accusantes.
2549 3671 2831 3740 Progressi
2860 3670 3054 3725 deinde
3082 3669 3303 3737 quidam
3337 3669 3390 3722 in
3416 3667 3678 3732 medium,

2090 3765 2468 3820 testimonium
2507 3775 2700 3820 contra
2734 3763 2912 3834 ipsmn
2950 3763 3364 3833 perhibuerunt,
3388 3771 3441 3815 et
3469 3769 3678 3816 tantum

2089 3873 2198 3912 non
2258 3857 2436 3926 ipsum
2500 3842 2718 3927 quoque
2771 3855 3109 3926 argumentis
3168 3854 3494 3910 convincere
3562 3853 3680 3909 ausi

2089 3956 2236 4011 sunt,
2260 3946 2592 4002 mentientes
2615 3946 2823 4011 miseri,
2859 3962 3028 4010 nunc,
3061 3939 3183 4000 eum
3215 3947 3478 4001 seducere
3505 3959 3677 4016 popu-

2092 4043 2237 4106 lum;
2267 4055 2433 4103 nunc,
2483 4052 2545 4092 se
2584 4038 2687 4092 hoc
2737 4038 2912 4105 ipsum
2943 4039 3213 4091 dicentem
3243 4039 3538 4100 audivisse,
3584 4040 3684 4092 tri-

2093 4137 2192 4189 bus
2222 4134 2413 4187 diebus
2444 4130 2702 4199 templum
2743 4129 2834 4182 Dei
2875 4129 3285 4183 destructurum
3344 4139 3398 4184 et
3441 4130 3675 4184 reaadili-

2093 4239 2341 4282 caturum
2365 4225 2435 4278 9°.
2464 4222 2711 4279 Tolletur
2748 4223 2934 4293 igitur,
2965 4222 3161 4291 inquit,
3187 4223 3479 4290 judicium,
3509 4233 3563 4276 et
3589 4239 3678 4277 re-

2094 4318 2409 4388 prehensio,
2444 4318 2562 4372 sive
2614 4315 2913 4371 testimonii
2958 4313 3146 4381 dictio,
3176 4322 3234 4368 et
3264 4314 3536 4372 sententia
3577 4331 3683 4368 non

2093 4425 2245 4478 vera,
2276 4424 2400 4464 cum
2448 4423 2556 4464 non
2587 4407 2694 4463 erit
2730 4421 2847 4473 rex,
2881 4419 3061 4475 neque
3088 4406 3370 4476 princeps,
3399 4405 3492 4474 qui
3537 4404 3683 4474 indi.

369 4526 495 4572 τος.
524 4504 836 4576 "ﬂuenset,
879 4501 1136 4574 καθάπερ
1177 4497 1417 4574 ἐγῷμαι,
1443 4503 1537 4556 καὶ
1578 4504 1608 4555 ό
1651 4503 1986 4575 προφητικὸς

2096 4517 2222 4557 care
2254 4501 2420 4556 norit.
2446 4499 2562 4554 Hac
2587 4498 2654 4554 de
2678 4512 2866 4565 causa,
2902 4507 2962 4552 ut
2989 4511 3090 4566 ego
3129 4497 3328 4559 sentio,
3355 4496 3523 4552 etiam
3556 4510 3686 4565 pro-

373 4604 523 4673 ήμῖν
572 4599 736 4667 λόγος
777 4600 893 4660 τοῖς
933 4595 1312 4661 ἀϐασιλεύτοις
1361 4597 1470 4651 τῶν
1501 4596 1658 4660 ζώων
1708 4599 1835 4660 τοὺς
1882 4595 1992 4652 τῶν

389 4693 672 4749 Ἰουδαίων
724 4690 1056 4762 παρεικάζει
1099 4688 1284 4755 λαοὺς,
1342 4689 1506 4764 θηρσὶ
1557 4690 1644 4760 δὴ,
1673 4689 1840 4758 λέγω,
1900 4691 1992 4744 καὶ

374 4789 665 4862 ἑρπετοῖς,
715 4774 811 4839 καὶ
855 4787 1148 4850 πετεινοῖς,
1195 4787 1292 4860 καὶ
1343 4784 1576 4856 ἰχθύσιν.
1623 4784 1780 4839 Οὕτω
1831 4786 1924 4838 κα)⁸
1961 4787 1990 4839 ὁ

376 4881 666 4954 μακάριος
690 4878 978 4949 προφήτης
1022 4874 1306 4948 Ἀϐακοὺμ
1326 4875 1434 4948 ἔφη
1455 4894 1559 4930 που
1584 4877 1723 4947 πρὸς
1752 4863 1842 4930 τὸν
1874 4863 1985 4932 τῶν

373 4973 527 5026 ὅλων
561 4969 694 5023 Θεόν
713 4985 725 4997 ·
761 4987 779 5020 ι
802 4963 896 5031 Είς
921 4967 974 5020 τί
999 4966 1317 5031 ἐπιϐλέπεις
1349 4968 1444 5022 ἐπὶ
1469 4969 1948 5039 καταφρονοῦντας
1969 4987 1985 5036 ;

377 5060 813 5131 Παρασιωπήσῃ
842 5059 900 5113 ἐν
945 5054 1024 5128 τῷ
1061 5058 1386 5112 καταπίνειν
1418 5060 1590 5130 ἀσεϐῆ
1623 5059 1714 5112 τὸν
1753 5059 1988 5124 δίκαιον,

375 5158 478 5210 καὶ
532 5145 792 5225 ποιήσεις
832 5155 961 5218 τοὺς
1009 5153 1334 5226 ἀνθρώπους
1367 5151 1443 5216 ῶς
1482 5157 1608 5217 τοὺς
1650 5143 1840 5222 ἰχθύας
1891 5153 1993 5224 τῆς

372 5249 708 5319 θαλάσσης,
751 5249 848 5303 καὶ
903 5249 980 5313 ὡς
1032 5249 1102 5303 τά
1152 5248 1362 5320 ἑρπετὰ
1423 5249 1523 5300 οὐκ
1570 5248 1764 5318 ἔχοντα
1827 5247 1992 5319 ἡγού-

373 5359 575 5412 μενον.
629 5360 648 5393 ι

466 5434 524 5486 Ὀ
556 5432 628 5485 δὲ
674 5432 827 5500 λαός
851 5450 974 5503 μου
1015 5433 1096 5499 ὠς
1134 5433 1602 5504 ἀναλεγόμενος
1631 5431 1843 5501 Ιερεὺς,
1886 5432 1988 5486 καὶ

371 5523 725 5592 ἀσθενήσει
772 5523 1022 5594 ἡμέρας,
1069 5524 1168 5579 καὶ
1212 5521 1542 5590 ἀσθενήσει
1596 5524 1628 5575 d
1676 5523 1994 5597 apo-garith

373 5633 536 5688 μετα
569 5630 715 5670 σου.

453 5796 502 5829 ⁸³
543 5793 705 5849 Mich.
743 5811 840 5859 vn,
876 5795 932 5850 2.
1013 5795 1058 5827 ⁹⁹
1095 5793 1284 5851 Matth.
1320 5809 1467 5860 xxvr,
1502 5792 1724 5863 passim.

2095 4597 2349 4668 pheticus
2373 4611 2556 4652 sermo
2577 4592 2890 4650 Iudaeorum
2922 4592 3180 4663 pepulum
3203 4590 3530 4646 animalibus
3563 4603 3688 4659 rege

2093 4688 2409 4745 carentibus
2431 4694 2732 4756 comparat,
2764 4683 2980 4749 belluis,
3007 4682 3253 4751 inquam,
3291 4690 3347 4738 et
3380 4680 3686 4750 reptilibus,

2093 4791 2148 4835 et
2174 4779 2512 4843 volucribus,
2549 4786 2606 4833 et
2653 4776 2920 4846 piscibus.
2970 4773 3052 4829 lta
3098 4782 3154 4829 et
3205 4775 3396 4831 beatus
3428 4772 3686 4838 Habacuc

2093 4864 2468 4928 universitatis
2501 4869 2668 4926 Deum
2701 4869 3017 4940 alloquitur.
3057 4887 3076 4922 ι
3109 4867 3292 4936 Quare
3336 4866 3564 4936 respicis
3591 4881 3689 4920 sn-

2095 4980 2190 5034 per
2216 4962 2670 5033 contemptores?
2696 4960 2932 5019 Tacebis
2961 4977 3084 5018 cum
3117 4958 3464 5016 devoraverit
3491 4957 3688 5027 impius

2091 5055 2324 5124 justum,
2370 5061 2426 5110 et
2474 5052 2644 5108 facies
2684 5052 2935 5110 homines
2991 5053 3148 5125 quasi
3205 5053 3382 5122 pisces
3420 5048 3590 5106 maris
3634 5056 3689 5102 et

2099 5148 2250 5217 quasi
2293 5146 2530 5216 reptilia,
2564 5161 2669 5202 non
2702 5145 2960 5203 habentia
2993 5147 3185 5203 ducem
3225 5145 3301 5191 "-
3335 5163 3356 5198 ι

2173 5428 2336 5483 Vnus.
2376 5430 2430 5483 4.
2494 5429 2560 5482 At
2613 5431 2837 5498 populus
2885 5445 3031 5483 meus
3097 5427 3253 5497 quasi
3302 5427 3547 5479 sacerdos
3602 5426 3686 5480 (ηιξ

2099 5522 2503 5584 contradicitur,
2529 5529 2577 5572 et
2610 5519 2970 5588 iuﬁrmabitur
2999 5534 3093 5587 per
3117 5519 3253 5585 dies,
3289 5529 3336 5572 et
3382 5516 3684 5586 inﬁrmuth

2097 5627 2184 5667 tur
2204 5617 2457 5684 propheta
2481 5625 2671 5671 tecum.

1833 5794 1876 5824 9"
1914 5792 2116 5848 Hahae.
2155 5807 2189 5858 ι,
2234 5791 2315 5854 15,
2351 5790 2412 5845 Η
