4094 6518
450 400 554 459 H9

1443 409 1500 464 S.
1542 406 1817 464 CYRILLI
1856 410 2325 467 ALEXANDRINI
2364 412 2682 468 ARClllEP.

3602 414 3706 471 1ἳο

524 522 786 579 XXXVII.
827 525 1120 581 Considera
1158 529 1288 582 mihi
1320 532 1532 584 beatum
1567 533 1884 601 prophetam
1916 534 2008 591 alit

2199 535 2318 593 AZ'.
2346 536 2537 607 Ἀθρει
2567 538 2629 609 δή
2665 554 2753 608 μοι
2786 536 2876 589 τὸν
2910 541 3182 607 μακάριον
3217 536 3501 607 προφήτην
3522 535 3706 605 ἑτερο-

446 616 609 671 modo
641 616 1024 686 proferentem,
1060 636 1185 688 qua:
1224 621 1322 689 ipsi
1360 637 1388 675 a
1433 620 1542 677 Deo
1591 625 1732 678 dicta
1784 623 2021 683 fuerant.

448 707 710 761 Audierat
754 708 900 762 enim
951 720 1139 778 aperte
1185 711 1302 766 dies
1352 711 1547 767 multos
1588 729 1838 770 sessuros
1889 714 2025 771 ﬁlios

448 796 632 859 Israel.
667 798 959 855 destitutos
989 815 1134 870 rege,
1188 803 1453 873 principe,
1503 804 1800 870 sacriﬁcio,
1843 805 2023 872 altari,

447 890 778 957 sacerdotio,
804 905 861 947 et
893 893 1195 949 manifestis
1220 895 1286 950 ⁸³.
1315 897 1387 950 At
1416 896 1529 965 ipse
1563 898 1658 951 irae
1690 898 2020 963 vehementi,

450 981 533 1036 his
568 982 747 1037 verbis
772 983 1089 1052 signiﬁcata!
1118 987 1274 1056 quasi
1308 989 1512 1043 cursim
1544 989 1863 1057 succedens,
1890 1004 2023 1045 con-

448 1074 676 1128 tractius
724 1077 1093 1145 reprehendit,
1155 1080 1558 1148 moderatisque
1595 1081 2021 1136 obscuritatibus

445 1178 754 1220 sermonem
790 1169 1102 1224 obumbrat.
1135 1168 1271 1224 Nam
1318 1170 1437 1225 sine
1481 1171 1836 1240 principibus,
1876 1186 2018 1241 rege,

448 1257 792 1315 institutione
819 1260 1133 1330 aliquandiu
1165 1277 1469 1326 mansuros,
1491 1261 1765 1317 iuvolucro
1785 1262 2021 1332 quodam

446 1347 722 1403 subtiliter
751 1350 977 1417 indicat,
1007 1351 1333 1408 animalibus
1357 1367 1536 1422 regem
1563 1367 1668 1407 non
1700 1353 2023 1410 habentibus

444 1456 541 1497 eos
564 1458 911 1513 comparans.
946 1445 1239 1501 Exclusum
1291 1455 1471 1501 autem
1524 1447 1592 1502 iri
1627 1448 1917 1503 saeriﬁciis
1967 1460 2025 1504 et

448 1531 684 1603 liturgiis
728 1536 1074 1592 sacerdotum
1132 1536 1496 1605 subostendit,
1527 1540 1715 1595 eodem
1747 1539 1866 1596 loco
1905 1541 2020 1595 fore

443 1626 651 1687 dicens,
682 1642 789 1694 quo
826 1628 1161 1695 sacerdotes,
1197 1629 1396 1700 quibus
1428 1632 1843 1687 contradicitur.
1884 1631 2022 1700 Qui-

445 1732 566 1770 nam
597 1727 775 1773 autem
805 1719 893 1774 isti
929 1720 1087 1774 sunt?
1112 1722 1347 1791 autquis
1379 1731 1467 1778 est
1494 1724 1748 1780 sacerdos
1775 1725 1861 1781 cui
1889 1740 2019 1779 con-

444 1810 774 1867 tradicitur?
801 1811 903 1880 Qui
948 1812 1214 1867 maculam
1242 1821 1296 1868 et
1326 1815 1574 1869 morbum
1608 1815 1792 1871 carnis
1825 1816 2015 1883 habet,

2126 626 2346 697 τρόπιος
2398 628 2703 698 ἐκφέροντα
2746 627 2815 681 τὰ
2856 627 2992 698 πρὸς
3038 627 3197 681 αὐτὸν
3240 627 3504 697 εἰρημένα
3554 625 3707 696 παρά

2127 718 2287 771 Θεοῦ.
2321 719 2560 772 Ἤκουσε
2592 718 2691 790 μὲν
2729 718 2837 790 γὰρ
2864 718 3127 789 ἐναργῶς,
3158 719 3239 772 ὅτι
3267 717 3478 789 ἡμέρας
3504 718 3704 782 πολλὰς

2126 809 2459 881 καθήσονται
2510 813 2562 865 οί
2613 812 2720 865 υίοὶ
2761 810 2978 883 Ἰσραὴλ
3003 849 3018 873 ,
3057 811 3159 863 οὐκ
3203 809 3355 873 ὄντος
3402 808 3699 878 βασιλέως,

2126 903 2247 956 οὐδὲ
2273 903 2553 975 ἄρχοντος,
2590 904 2691 956 οὐκ
2715 900 2883 973 οὔσης
2914 901 3126 965 θυσίας,
3156 900 3277 953 οὐδὲ
3319 899 3471 963 ὄντος
3511 899 3703 952 θυσια-

2127 992 2374 1064 στηρίου,
2407 992 2531 1048 οὗτε
2564 993 2854 1065 ίερατείας,
2889 990 3014 1046 οὔτε
3045 992 3241 1062 δήλων.
3273 992 3617 1065 Ὑποτρέχων
3642 991 3701 1044 δὲ

2126 1081 2315 1151 ὥσπερ
2334 1084 2497 1147 αὐτὸς
2518 1084 2626 1137 τῶν
2657 1084 3022 1155 ἀκροωμένων
3046 1084 3109 1137 τὸ
3126 1084 3380 1153 ἀχάλινον
3402 1083 3481 1145 εἰς
3504 1081 3697 1152 όργάς,

2127 1174 2546 1244 ὑπεσταλμένως
2600 1174 2850 1244 ἐλέγχει,
2890 1175 2985 1227 καλ⁹
3027 1173 3363 1243 συμμέτροις
3406 1170 3699 1239 ἀσαφείαις

2124 1265 2483 1331 κατασκιὰζει
2522 1267 2613 1319 τὸν
2660 1265 2837 1334 λόγον.
2891 1265 3014 1319 Ὀτι
3067 1265 3165 1335 μὲν
3214 1263 3322 1335 γὰρ
3379 1262 3697 1333 ἡγουμένων

2123 1357 2248 1427 δίχα
2276 1358 2373 1411 καὶ
2408 1357 2502 1410 τοῦ
2528 1356 2901 1428 βασιλεύοντος
2932 1356 3297 1410 διατελέσουσι
3325 1354 3570 1424 καιροὺς,
3602 1354 3706 1405 καὶ.

2121 1449 2566 1520 ἀπαιδαγώγητοι
2619 1447 2890 1521 μενοῦσιν,
2937 1448 3133 1519 ἰσχνῶς
3167 1446 3552 1510 ἐπαινίττεται,
3585 1446 3695 1506 τοῖς

2122 1541 2232 1594 τῶν
2259 1538 2413 1605 ζώων
2442 1540 2824 1604 ἀϐασιλεύτοις
2856 1539 3204 1611 παρεικάζων
3233 1537 3450 1601 αὐτούς.
3484 1536 3605 1589 Ὅτι
3638 1532 3695 1589 δὲ

2123 1634 2218 1686 καὶ
2266 1630 2468 1684 θυσιῶν
2533 1631 2918 1703 ὲξωθήσονται,
2980 1631 3074 1684 καὶ
3121 1628 3463 1701 λειτουργίας
3509 1626 3694 1697 ιερῶν,

2124 1724 2446 1793 ὑποφαίνει,
2479 1724 2673 1794 λέγων,
2710 1725 2767 1778 ὲν
2804 1722 2904 1794 ἴσῳ
2951 1722 3280 1793 γεγενῆσθαι
3323 1721 3435 1783 τοῖς
3464 1719 3573 1772 τῶν
3619 1719 3698 1770 ἱε-

2126 1816 2264 1888 ρέων
2287 1815 2747 1887 ἀντιλεγομένοις.
2774 1815 2885 1870 Kai.
2918 1815 3061 1879 τίνες
3092 1814 3157 1868 ἂν
3185 1810 3295 1867 εἷεν
3320 1806 3466 1867 οῦτοι
3495 1811 3693 1878 πάλιν;

440 1908 496 1952 et
550 1900 759 1957 idcirco
805 1879 1020 1973 liturgia
1067 1903 1400 1960 excluditur.
1450 1906 1559 1959 Aut
1606 1907 1749 1959 enim
1795 1879 2008 1976 propter

2123 1879 2243 1979 ῆτοι
2287 1908 2370 1972 τίς
2411 1910 2440 1961 6
2473 1879 2886 1979 ἀντιλεγόμενος
2931 1904 3140 1979 laps-6;;
3209 1905 3266 1959 Ὀ
3297 1904 3489 1975 μῶμον
3532 1902 3694 1973 έχων,

440 1991 638 2055 cruris,
668 1998 760 2046 aut
796 1993 1074 2049 oculorum
1108 1994 1323 2060 vitium,
1361 2005 1454 2049 aut.
1490 1995 1873 2052 contritionem
1921 2011 2016 2066 pe-

440 2082 544 2149 dis,
570 2094 664 2137 aut
704 2085 865 2139 aliam
916 2086 985 2139 ob
1032 2101 1253 2141 causam
1280 2088 1497 2155 quidam
1537 2086 1712 2143 cilicio
1759 2090 2013 2144 sacerdo-

438 2176 532 2230 tali
587 2178 965 2245 movebantur,
991 2179 1347 2248 quantumvis
1384 2180 1451 2235 de
1486 2180 1627 2235 tribu
1652 2190 1708 2235 et
1748 2180 2013 2250 sanguine

436 2263 566 2319 Levi
620 2275 824 2324 essent.
876 2267 931 2322 Id
958 2268 1100 2338 quod
1143 2268 1327 2324 divina
1362 2267 1450 2324 lex
1487 2285 1584 2338 per
1612 2269 1833 2341 Moysen
1872 2285 2010 2340 pra:-

436 2359 602 2428 cepit.
641 2357 734 2414 Sic
757 2360 921 2431 igitur
951 2361 1074 2425 erit,
1106 2361 1302 2431 inquit,
1333 2361 1562 2431 populus
1588 2377 1761 2416 meus.
1798 2362 2007 2418 Etenim

434 2465 557 2504 cum
590 2453 660 2507 sit
704 2466 861 2507 sacer
893 2460 1114 2521 propter
1153 2462 1336 2522 patres
1385 2452 1500 2524 69
1534 2462 1588 2507 et
1627 2453 1879 2521 dignatus
1917 2468 2006 2508 sa-

362 2575 366 2580 -
434 2541 668 2608 eriticio,
699 2554 854 2597 extra
886 2552 1131 2598 sanctum
1161 2545 1571 2599 tabernaculum
1600 2544 1829 2610 sedebit,
1853 2553 2007 2599 extra

432 2634 731 2704 liturgiam,
763 2644 819 2689 et
843 2636 1180 2691 sacerdotes.
1210 2633 1326 2690 Non
1354 2636 1499 2691 enim
1532 2635 1886 2700 sacriﬁcium,
1913 2649 2007 2691 ne-

439 2740 547 2794 que
576 2728 800 2781 odorem
834 2726 1124 2782 suavitatis
1151 2726 1334 2782 offeret
1369 2726 1513 2791 Deo;
1540 2724 1822 2795 cegrutavit
1853 2724 1999 2779 enim

434 2830 540 2870 non
576 2816 689 2885 jam
722 2816 1095 2873 mediocribus
1124 2814 1464 2870 detrimentis
1490 2814 1681 2879 animi,
1707 2822 1762 2867 et
1787 2814 2006 2867 vitiatus

429 2915 514 2960 est
540 2905 726 2972 corde,
760 2912 817 2959 et
846 2903 1043 2959 merito
1065 2901 1181 2973 jam
1239 2901 1538 2971 rejectitius
1572 2911 1735 2971 atque
1785 2900 2006 2956 odiosus

429 2998 625 3051 evasit.
651 2995 985 3051 Eventurum
1019 3004 1201 3050 autem
1242 2994 1518 3062 lsraelitis,
1554 3003 1612 3049 ut
1648 3005 1705 3048 et
1728 2993 2005 3063 propheta:

433 3098 670 3155 taceant,
716 3088 1015 3144 declaravit
1062 3089 1148 3143 his
1190 3088 1416 3142 verbis:
1456 3103 1476 3137 ι
1528 3085 1598 3140 Ει
1638 3083 2005 3140 inﬁrma'uitur

430 3181 696 3254 propheta
730 3189 907 3236 tecum
932 3218 950 3247 ,
995 3198 1015 3232 ι
1050 3181 1344 3236 secundum
1393 3177 1525 3233 illud
1558 3176 1769 3247 utique,
1792 3176 1935 3246 quod
1970 3190 2003 3230 a

430 3269 539 3324 Deo
568 3268 636 3324 ad
688 3268 904 3323 beatum
949 3266 1287 3323 Ezechielem
1327 3266 1535 3323 dictum
1582 3274 1709 3321 est:
1744 3282 1767 3317 ι
1799 3265 1866 3320 Et
1898 3264 2004 3320 lin-

429 3376 589 3433 guam
626 3368 770 3414 tuam
799 3357 1053 3430 alligabo,
1085 3367 1138 3414 et
1171 3359 1282 3414 eris
1317 3369 1522 3423 mutus,
1556 3367 1611 3411 et
1636 3371 1743 3411 non
1766 3355 1876 3410 eris
1901 3355 2004 3412 illis

431 3451 484 3503 in
534 3449 710 3503 virum
767 3447 1145 3518 obiurgantem
1176 3486 1192 3513 ,
1249 3446 1374 3515 quia
1433 3447 1626 3502 domus
1674 3460 2006 3515 exasperatis

427 3549 514 3596 est
545 3540 612 3595 ".
645 3558 665 3591 ι
698 3537 823 3595 Haec
875 3554 1039 3610 porro
1082 3540 1267 3593 omnia
1326 3550 1547 3608 propter
1580 3538 1913 3607 impietatem
1949 3524 2012 3592 in.

427 3635 729 3698 Christum,
753 3643 809 3688 et
834 3633 1041 3689 scelera
1075 3632 1128 3687 in
1154 3632 1447 3702 prophetas
1478 3631 1762 3702 designata
1789 3631 2004 3686 contin-

428 3734 575 3797 gent.
622 3725 1012 3780 Verumtamen
1065 3737 1171 3777 non
1216 3723 1270 3776 in
1304 3732 1625 3791 perpetuum
1673 3721 2001 3779 inﬁrtnatum

429 3818 496 3873 iri
537 3817 816 3882 lsraelem,
859 3816 954 3873 sed
1005 3830 1100 3887 per
1138 3815 1254 3871 dies
1305 3814 1457 3870 dicit.
1513 3813 1717 3872 Salutis
1757 3818 1899 3873 enim
1949 3826 2003 3873 et

425 3909 798 3968 conversionis
858 3909 929 3966 ad
991 3908 1152 3966 ﬁdem
1231 3915 1445 3978 tempus
1520 3907 1596 3964 illi
1662 3920 2000 3966 reservatum

424 4010 529 4057 est.

497 4295 658 4350 Vsus.
694 4295 747 4358 5,
785 4294 837 4349 6.
878 4294 1039 4349 Nocti
1073 4293 1361 4347 animitavi
1391 4303 1611 4346 matrem
1644 4300 1810 4345 (nam.
1854 4289 2001 4344 Assi-

422 4385 636 4440 milatur
663 4396 737 4440 est
758 4385 982 4455 populus
1014 4400 1159 4438 meus
1185 4382 1340 4454 quasi
1367 4399 1467 4436 non
1488 4381 1681 4436 habens
1701 4380 1995 4436 scientiam.

424 4477 562 4542 Quia
589 4477 859 4532 scientiam
911 4476 1171 4545 repulisti,
1190 4484 1237 4528 et
1264 4489 1356 4543 ego
1381 4472 1627 4541 repellam
1646 4481 1715 4537 te,
1734 4487 1798 4525 ne
1825 4487 2002 4526 sacer-

2124 1998 2216 2052 καὶ
2239 1996 2582 2069 ἀρρώστημα
2616 1997 2897 2070 σαρκικόν’
2923 1997 3179 2070 ταύτῃτοι
3204 1995 3298 2051 xui.
3328 1994 3428 2064 τῆς
3450 1993 3696 2064 λειτουρ-

2120 2088 2245 2158 γίας
2300 2090 2636 2161 εἰργόμενος.
2664 2090 2736 2143 Ἣ
2766 2089 2876 2161 γὰρ
2916 2087 3005 2142 διὰ
3050 2086 3272 2149 σκέλους
3322 2086 3356 2155 ἢ
3400 2084 3696 2155 ὀφθαλμῶν

2120 2182 2408 2253 ἐπήρειαν,
2440 2181 2474 2252 ἢ
2506 2180 2594 2235 διὰ
2620 2181 2934 2253 σύντριμμα
2962 2179 3140 2244 ποδὸς,
3170 2178 3203 2250 ἢ
3236 2177 3357 2232 καθ’
3389 2176 3581 2246 ἑτέραν
3608 2175 3696 2228 al-

2118 2273 2240 2326 τίαν
2289 2273 2661 2343 ὲξεπέμποντό
2707 2289 2852 2337 τινες
2887 2271 2983 2326 τοῦ
3029 2268 3281 2342 ἱερᾶσθαι
3321 2269 3453 2332 δεῖν,
3515 2265 3692 2321 καίτοι

2116 2364 2399 2432 γεγονότες
2420 2364 2486 2417 ἐκ
2519 2363 2694 2432 φυλῆς
2728 2380 2789 2415 τε
2821 2362 2916 2416 καὶ
2940 2363 3168 2433 αἵματος
3208 2360 3359 2414 Λευῖ.
3391 2360 3693 2428 Κεχρησμρ

2118 2456 2301 2526 ᾠδηκε
2340 2455 2450 2526 γὰρ
2502 2452 2674 2519 οὕτως
2699 2457 2727 2508 6
2752 2454 2841 2508 διά
2886 2454 3129 2516 Μωσέως
3153 2453 3337 2523 νόμος.
3369 2447 3556 2513 Οὕτως
3599 2442 3693 2501 οῦν

2118 2548 2293 2610 ἔσται,
2323 2546 2517 2616 φησὶν,
2535 2548 2563 2600 6
2583 2545 2710 2610 λαός
2729 2562 2852 2617 μου.
2888 2545 3001 2599 Καὶ
3024 2544 3134 2615 γάρ
3158 2560 3240 2596 τοι
3265 2541 3525 2612 ὑπάρχων
3549 2539 3697 2609 ίερδς

2115 2640 2204 2694 διά
2233 2640 2361 2703 τοὺς
2398 2639 2664 2710 πατέρας,
2695 2636 2907 2692 καὶτοῦ
2937 2637 3083 2691 θύειν
3108 2634 3430 2706 ἠξιωμένος,
3453 2632 3558 2700 ἔξω
3591 2635 3693 2704 τῆς

2116 2732 2279 2801 ἁγίας
2303 2731 2612 2785 καθεδεῖται
2644 2729 2870 2801 σκηνῆς,
2895 2728 3001 2793 ἔξω
3024 2726 3364 2796 λειτουργίας
3385 2724 3480 2778 καὶ
3506 2723 3689 2793 ἱερῶν.

2115 2826 2190 2878 Οὐ
2238 2823 2345 2897 γάρ
2391 2822 2670 2894 προσοίσει
2702 2820 2892 2884 θυσίας
2912 2818 3084 2887 ,οὔτε
3119 2820 3226 2891 μὴν
3256 2815 3433 2887 ὀσμὴν
3461 2814 3693 2886 εὐωδίας

2113 2919 2318 2973 ἀνοίσει
2346 2917 2423 2989 τῷ
2455 2917 2604 2988 Θεῷ·
2645 2914 3075 2989 κατηῤῥώστησε
3102 2914 3211 2984 γὰρ
3243 2912 3427 2966 οὐκέτι
3453 2910 3692 2982 μετρίως

2112 3010 2212 3080 τὴν
2237 3013 2316 3075 είς
2345 3009 2469 3064 νοῦν
2496 3010 2599 3080 ὲπή
2610 3026 2781 3081 ρειαν,
2821 3007 2917 3063 καὶ
2944 3003 3393 3075 καταλελώϐηται
3421 3002 3523 3075 τὴν
3551 3019 3685 3074 καρ-

2112 3102 2252 3167 δίαν,
2288 3100 2483 3170 γέγονὲ
2523 3118 2580 3153 τε
2618 3099 2844 3163 δικαίως
2874 3098 3238 3169 ἀπόπεμπτος
3270 3097 3407 3168 ήδη,
3453 3096 3549 3150 καὶ
3588 3097 3692 3150 ἀπ-

2033 3234 2076 3293 C
2112 3195 2440 3267 ηχθημένος.
2474 3195 2597 3248 Ὅτι
2624 3194 2683 3248 δὲ
2710 3196 2824 3258 τοῖς
2858 3190 2920 3259 ἐξ
2958 3192 3178 3264 Ἰσραὴλ
3208 3191 3550 3262 συμϐήσεται
3591 3190 3695 3244 καὶ

2108 3288 2170 3340 τὸ
2207 3287 2433 3357 σιγῆσαι
2463 3286 2748 3357 προφήτας
2770 3325 2785 3351 ,
2816 3283 3229 3355 διαμεμήνυκεν
3273 3281 3477 3335 εἰπών’
3516 3299 3536 3334 ι
3572 3281 3697 3337 Καὶ

2106 3378 2393 3449 ἀσθενήσει
2423 3377 2519 3432 καὶ
2552 3377 2837 3448 προφήτης
2869 3373 3008 3446 μετά
3041 3373 3157 3441 σοῦ,
3186 3392 3205 3425 ι
3226 3374 3346 3427 κατ’
3367 3372 3542 3427 ἐκεῖνό
3579 3385 3686 3425 που

2107 3470 2328 3534 πάντως
2357 3468 2417 3522 τὸ
2453 3469 2574 3539 είρη
2584 3467 2745 3538 μένον
2768 3465 2921 3538 παρά
2943 3464 3078 3518 Θεοῦ
3127 3463 3265 3534 πρὸς
3291 3463 3383 3517 τὸν
3412 3462 3686 3537 μακάριον

2120 3558 2403 3631 Ἰεζεχιήλ·
2448 3577 2468 3612 ι
2505 3558 2616 3613 Καὶ
2657 3558 2757 3628 τὴν
2798 3554 3053 3626 γλῶσσάν
3109 3572 3201 3609 σου
3249 3556 3528 3625 συνδήσω,
3587 3553 3691 3608 καὶ

2105 3651 2557 3723 ἀποκωφωθήσῃ,
2601 3649 2696 3703 καὶ
2724 3648 2825 3702 οὐκ
2868 3646 2971 3721 ἔσῃ
3002 3648 3185 3711 αὐτοῖς
3212 3647 3290 3710 εἰς
3319 3646 3486 3718 ἄνδρα
3527 3644 3688 3699 εὐθύ-

2105 3763 2284 3812 νοντα,
2325 3744 2493 3814 ἦγουν
2534 3740 2851 3811 ἐλέγχοντα,
2895 3738 2978 3793 δτι
3024 3733 3173 3803 οἶκος
3224 3735 3685 3809 παραπικραίνων

2104 3836 2242 3890 ὲστί.
2274 3853 2293 3886 ι
2350 3832 2539 3887 Ταῦτα
2589 3833 2645 3886 δὲ
2691 3831 2869 3887 πάντα
2919 3831 3260 3902 συμϐήσεται
3303 3829 3393 3885 διά
3455 3829 3555 3901 τὴν
3602 3831 3685 3894 είς

2103 3924 2338 3998 Χριστὸν
2367 3923 2645 3989 ἀσέϐειαν,
2673 3921 2864 3976 καὶτὰ
2893 3923 2973 3986 είς
3008 3922 3296 3994 προφήτας
3331 3920 3683 3992 ἐγκλήματα.

2104 4018 2252 4087 Πλὴν
2275 4016 2377 4070 οὐκ
2408 4016 2489 4079 είς
2519 4013 2671 4068 ἅπαν
2702 4011 3021 4085 ἀσθενήσειν
3047 4013 3142 4067 τὸν
3182 4012 3418 4084 Ἰσραὴλ,
3454 4011 3569 4066 ἀλλ’
3600 4012 3682 4074 εἰς

2104 4109 2317 4181 ἡμέρας
2363 4106 2515 4180 φησί.
2568 4107 2876 4179 Τετήρηται
2919 4107 3025 4177 γὰρ
3073 4104 3221 4177 αύτῷ
3266 4105 3540 4177 σωτηρίας
3587 4104 3685 4160 καὶ

2104 4201 2442 4273 ἐπιστροφῆς
2469 4200 2566 4271 τῆς
2589 4198 2665 4262 ὡς
2688 4201 2746 4252 ὲν
2771 4199 2953 4252 πίστει
2986 4199 3195 4269 καιρός.

2172 4292 2359 4346 Νυκτὶ
2405 4291 2682 4361 ώμοίωσα
2729 4290 2844 4359 τὴν
2880 4289 3105 4361 μητέρα
3150 4305 3286 4344 σου.
3336 4287 3614 4358 Ὡμοιώθη
3648 4288 3683 4342 ὁ

2100 4387 2251 4450 λαός
2269 4401 2387 4453 μου
2415 4384 2495 4449 ὡς
2520 4384 2631 4436 οὐκ
2652 4382 2812 4452 ἔχων
2837 4381 3085 4451 γνῶσιν.
3110 4381 3232 4433 Ὅτι
3254 4378 3335 4434 σὺ
3354 4379 3684 4448 ἐπίγνωσιν

2102 4475 2343 4540 ἀπώσω,
2385 4476 2546 4546 κάγὼ
2576 4474 2892 4543 ἀπώσομαι
2936 4489 3009 4527 σε
3042 4472 3147 4527 τοῦ
3187 4472 3509 4540 ἱερατεύειν
3556 4487 3678 4539 μοι.

421 4572 561 4623 datio
592 4570 832 4641 fungaris
859 4569 1009 4623 mihi.
1042 4567 1107 4620 Et
1136 4566 1297 4620 oblita
1326 4581 1380 4619 es
1411 4564 1538 4635 legis
1567 4562 1669 4617 Dei
1693 4564 1794 4631 mi,
1831 4572 1881 4618 et
1906 4579 1998 4633 ego

2111 4569 2211 4622 Kal
2237 4568 2532 4623 ἐπελάθου
2557 4569 2746 4638 νόμου
2777 4566 2926 4622 Θεοῦ
2954 4582 3093 4630 σου,
3122 4562 3284 4633 κάγὼ
3313 4558 3681 4630 ἐπιλήσομαι
3712 4645 3724 4668 ν

420 4662 699 4716 obliviscar
716 4662 951 4731 ﬁliorum
986 4671 1218 4714 tuarum.

488 4754 775 4810 XXXVIII.
810 4754 1002 4809 Adhuc
1029 4765 1211 4806 sermo
1240 4746 1387 4802 velut
1413 4748 1480 4801 ad
1510 4745 1817 4803 Judazorum
1846 4761 1997 4802 men-

416 4850 604 4906 dacem
635 4857 691 4903 et
719 4847 936 4916 impiam
988 4839 1387 4896 multitudinem
1441 4837 1711 4909 dirigitur.
1770 4835 1993 4891 Matrem

416 4941 530 5008 ejus
566 4941 796 5012 appellat
832 4937 1197 5007 Synagogam,
1244 4929 1696 5000 quemadmodum
1749 4928 1999 4985 videlicet

417 5037 467 5088 in
498 5035 713 5090 Christo
739 5030 1157 5099 jusriﬁeatorum
1204 5022 1520 5078 Ecclesiam.
1576 5020 1711 5077 Cum
1744 5022 1992 5077 obscuri-

418 5140 524 5183 tale
550 5127 717 5197 igitur
746 5132 802 5179 et
844 5118 1083 5177 tenebris
1133 5130 1256 5186 apte
1290 5115 1593 5171 Judaeorum
1649 5113 1989 5185 Synagogam

415 5219 647 5275 confert.
675 5213 908 5269 Proinde
936 5221 990 5265 ct
1018 5208 1453 5278 sapientissimus
1499 5206 1696 5262 Paulus
1728 5208 1793 5261 de
1825 5222 1903 5273 se,
1939 5214 1995 5261 et

418 5313 470 5366 in
498 5312 599 5365 ﬁde
634 5305 915 5363 illustratis
952 5301 1255 5357 rectissime
1290 5318 1304 5353 :
1344 5319 1363 5351 ι
1415 5299 1529 5354 Non
1568 5314 1753 5354 sumus
1794 5300 1990 5362 noctis,

417 5421 513 5457 nec
541 5401 911 5460 tenebrarum,
952 5395 1046 5451 sed
1075 5408 1261 5449 sumus
1297 5392 1386 5446 lilii
1425 5393 1557 5447 lucis
1606 5401 1660 5448 et
1703 5393 1806 5445 diei
1856 5393 1923 5445 ⁸⁸.
1965 5410 1984 5444 ι

415 5495 620 5550 Similis
656 5501 740 5547 est
768 5505 946 5561 porro,
988 5489 1176 5555 inquit,
1206 5494 1261 5540 et
1310 5484 1533 5554 populus
1573 5498 1725 5539 meus
1757 5499 1861 5539 non
1895 5483 1992 5537 ha-

414 5586 668 5642 bentibus
709 5581 1012 5644 scientiam,
1037 5578 1285 5648 quamvis
1313 5576 1425 5647 lege
1458 5585 1729 5644 pra‘eunte
1745 5592 1808 5631 ac
1837 5591 1990 5630 mon-

415 5692 622 5735 strante
656 5680 792 5732 viam
834 5676 1002 5729 di\CS.
1041 5673 1269 5727 Vocatus
1293 5671 1435 5726 enim
1465 5672 1530 5725 ad
1563 5670 1843 5725 scientiam
1874 5670 1986 5723 veri

498 5848 537 5882 °‘
562 5855 699 5912 Osee
733 5868 811 5920 ιιι,
844 5853 896 5906 4.
976 5852 1020 5885 ⁵³
1058 5848 1255 5908 Ezcclt.
1289 5865 1370 5913 tu,
1402 5849 1488 5903 56.
1567 5846 1612 5880 ³⁸
1644 5846 1663 5900 ι
1703 5846 1894 5903 Thess.
1930 5863 1982 5915 v,
2011 5849 2063 5907 5.

2097 4660 2322 4713 τέκνων
2359 4674 2498 4713 σου.
3712 4660 3725 4715 ζ

2166 4750 2295 4807 ΛΗ’.
2330 4752 2450 4805 Ἔτι
2492 4750 2591 4822 μὲν
2621 4745 2715 4805 οῦν
2739 4751 2769 4802 ὁ
2797 4749 2955 4818 λόγος
2981 4746 3058 4813 ὡς
3100 4746 3238 4819 πρὸς
3269 4745 3366 4818 τὴν
3399 4744 3506 4799 τῶν
3544 4745 3678 4797 Ἰου-
3720 4772 3725 4778 -

2096 4840 2259 4896 δαίων
2297 4840 2619 4912 ἀμαρτοεπῆ
2657 4856 2717 4892 τε
2766 4838 2862 4892 καὶ
2898 4837 3118 4891 ἀνοσίαν
3162 4835 3393 4908 πληθύν.
3446 4835 3676 4906 Μητέρα

2097 4948 2162 4999 γε
2213 4932 2319 5002 μὴν
2353 4931 2525 5001 αὐτῆς
2569 4930 2823 5001 ὀνομάζει
2872 4930 2971 5002 τὴν
3017 4928 3368 4998 Συναγωγὴν,
3421 4926 3675 4997 καθάπερ

2097 5023 2292 5095 ἀμέλει
2325 5023 2552 5076 καὶτῶν
2594 5024 2654 5076 ὲν
2686 5021 2906 5095 Χριστῷ
2933 5020 3368 5089 δεδικαιωμένων
3413 5019 3511 5089 τὴν
3552 5016 3679 5070 Ἐκ-

2100 5117 2347 5188 κλησίαν.
2377 5118 2669 5188 ’Δφεγγείᾳ
2695 5117 2872 5170 τοίνυν
2924 5116 3017 5169 καὶ
3048 5115 3226 5184 σκότῳ
3255 5111 3575 5184 παρεικάζει
3609 5109 3681 5164 δι-

2100 5211 2269 5273 καίως
2311 5208 2407 5280 τὴν
2441 5209 2549 5263 τῶν
2583 5211 2847 5266 Ἰουδαίων
2882 5209 3228 5279 Συναγωγήν.
3264 5206 3553 5276 Τοιγάρτοι
3583 5204 3681 5257 καὶ

2099 5305 2128 5355 6
2163 5300 2471 5371 σοφώτατος
2520 5301 2729 5366 Παῦλος
2778 5300 2968 5355 ἑαυτοῦ
3011 5318 3071 5353 τε
3112 5299 3273 5371 πέρι,
3324 5298 3420 5352 καὶ
3460 5295 3570 5350 τῶν
3617 5296 3679 5349 ἓν

2098 5393 2280 5446 πίστει
2308 5393 2830 5466 λελαμπρυσμένων,
2861 5391 2919 5450 εὖ
2951 5396 3095 5467 μάλα
3120 5394 3303 5467 φησιν’
3335 5393 3481 5447 (Οὐκ
3508 5389 3678 5460 ἐσμὲν

2094 5487 2307 5552 νυκτὸς,
2338 5487 2459 5541 οὐδὲ
2497 5488 2742 5552 σκότους,
2769 5487 2882 5542 ἀλλ’
2910 5488 3017 5541 υἱοὶ
3049 5486 3225 5556 φωτὸς
3252 5486 3348 5540 καὶ
3375 5483 3611 5555 ἡμέρας.
3650 5500 3673 5533 ι

2098 5578 2281 5631 Ἔοικε
2324 5578 2400 5643 δὲ,
2433 5579 2598 5650 φησὶ,
2641 5580 2733 5632 καὶ
2759 5580 2787 5632 6
2824 5578 2950 5643 λαὸς
2987 5580 3016 5632 6
3054 5579 3186 5649 ἐμὸς
3218 5579 3328 5642 τοῖς
3358 5577 3458 5630 οὐκ
3491 5574 3676 5645 έχουσι

2097 5672 2319 5741 γνῶσιν,
2365 5674 2544 5728 καίτοι
2584 5672 2681 5745 τὴν
2730 5672 2818 5727 διὰ
2874 5672 3037 5744 νόμου
3104 5669 3496 5740 πεπλουτηκὼς
3540 5654 3673 5722 ποδξ
