4094 6500
285 374 383 428 121

1236 377 1798 438 (ΣΟΜΜΕΝΤΑΠῘΕΞ
1841 383 1902 437 IN
1944 384 2179 439 OSEAM
2226 384 2678 443 PliOPllETAM.

3503 397 3616 455 {22

281 490 479 560 ηγίαν,
510 490 800 562 Κέκληται
835 491 944 563 γὰρ
983 493 1117 565 πρὸς
1153 493 1447 564 ἐπίγνωσιν
1477 498 1570 550 τοῦ
1603 500 1742 552 κατὰ
1777 501 1910 572 ἀλή-

2020 501 2134 565 Dei,
2175 514 2225 558 et
2255 521 2352 574 per
2381 505 2638 559 miracula
2673 513 2817 559 certa
2853 503 2925 559 illi
2960 505 3092 562 fides
3140 507 3280 564 facta
3329 519 3438 565 :.et
3476 515 3614 570 nihil

285 583 447 637 θειαν
495 584 655 648 ὄντος
699 583 860 648 Θεοῦ,
920 585 1406 657 πεπληροφόρηται
1457 587 1544 642 διὰ
1595 591 1908 660 θαυμάτων,

286 671 578 724 ὲλλέλοιπε
624 672 684 724 δὲ
716 672 1000 736 παντελῶς
1037 673 1190 727 οὐδὲν
1238 675 1347 728 τῶν
1393 677 1497 730 ὅσα
1533 680 1791 747 φωτίζειν
1825 676 1915 734 οἷά

283 781 345 816 τε
387 766 526 827 τοὺς
570 766 1035 836 ἐσκοτισμένους,
1089 767 1182 820 καὶ
1217 768 1548 838 ἀξιάγαστον
1583 776 1695 836 τοῖς
1743 774 1914 844 εὐμα-

286 855 594 926 θεστέροις-
616 858 828 912 ἐνιέναι
864 858 1068 925 γνῶσιν
1096 859 1195 913 οὐκ
1219 861 1491 924 ἀνικάνως
1521 863 1652 932 ἔχει.
1697 864 1914 934 Ἐπειδὴ

283 947 340 999 δὲ
376 947 620 1012 ἀπώσω,
674 951 832 1022 φησι,
877 951 976 1021 τὴν
1023 951 1344 1019 ἐπίγνωσιν,
1376 955 1624 1008 τουτέστι
1655 956 1908 1026 Χριστὸν,

283 1037 350 1089 δι’
385 1032 475 1102 οῦ,
507 1039 606 1092 καὶ
638 1043 696 1093 ὲν
794 1041 1053 1113 προσιτός
1081 1059 1140 1094 τε
1175 1044 1289 1112 ἅμα
1323 1045 1418 1096 καὶ
1471 1045 1714 1112 γνωστὸς
1743 1049 1770 1099 ὁ
1803 1048 1914 1099 Πα-

284 1129 412 1200 τὴρ,
453 1131 714 1203 ὲξωθήσῃ
746 1133 930 1186 λοιπὸν
968 1133 1062 1186 τοῦ
1106 1129 1248 1186 εἶναι
1283 1135 1449 1206 ἱερὸς,
1485 1138 1579 1190 καὶ
1613 1137 1707 1190 τοῦ
1743 1155 1913 1208 προσ-

287 1222 450 1289 άγειν
503 1223 744 1288 θυσίας,
789 1225 866 1288 ὡς
915 1225 1164 1296 βέϐηλος.
1219 1229 1330 1282 Καὶ
1378 1229 1569 1301 ἐπειδὴ
1610 1230 1717 1283 τῶν
1752 1231 1912 1283 θείων

285 1315 366 1376 είς
398 1314 584 1386 λήθην
626 1316 966 1380 κατώλισθες
1003 1318 1206 1389 νόμων,
1246 1322 1382 1390 μήτε
1403 1321 1474 1374 τὰ
1499 1321 1743 1385 Μωσέως
1787 1324 1913 1392 νοή-

287 1422 386 1468 σας
451 1407 887 1477 πνευματικῶς,
930 1409 1068 1480 μήτε
1109 1413 1221 1474 τοῖς
1261 1410 1350 1464 διὰ
1401 1411 1641 1482 Χριστοῦ
1689 1412 1912 1465 παιδεύ-

288 1515 464 1566 μασιν
506 1501 691 1570 ἰσχνόν
721 1519 781 1554 τε
818 1502 910 1554 καὶ
935 1503 1115 1571 εὐφυᾶ
1154 1503 1243 1556 τὸν
1269 1504 1393 1556 νοῦν
1426 1505 1607 1568 ἐνιεὶς,
1639 1506 1718 1568 είς
1741 1505 1912 1576 λήθήν

286 1590 450 1657 κάγὼ
501 1591 615 1645 τῶν
648 1593 759 1645 σῶν
808 1594 972 1647 οἱονεί
1018 1612 1136 1658 πως
1186 1595 1630 1667 ὑπενεχθήσομαι
1676 1595 1907 1661 τέκνων,

282 1687 602 1752 τουτέστ;ν,
646 1689 833 1742 οὐκέτι
871 1693 1252 1762 μεμνήσομαι,
1288 1692 1378 1744 διά
1424 1709 1486 1759 γε
1517 1691 1610 1746 τοῦ
1646 1693 1741 1745 καὶ
1789 1711 1910 1762 φειο

281 1779 410 1843 δοῦς
472 1783 573 1833 καὶ
604 1783 891 1852 φροντίδος
920 1783 1128 1847 ἀξιοῦν.
1156 1780 1256 1838 Ὧν
1286 1786 1393 1856 γὰρ
1419 1785 1562 1851 ἀξιοῖ
1601 1784 1909 1855 μεμνῆσθαι

2017 610 2241 664 prorsus
2278 595 2448 649 deluit
2478 596 2742 660 omnium,
2790 611 3128 668 quzecunque
3162 600 3470 656 illuminare
3522 620 3614 659 ve—

2017 685 2096 739 lut
2136 685 2190 738 in
2225 687 2460 740 tenebris
2490 699 2789 752 versantes,
2824 697 2879 741 et
2915 689 2980 742 ad
3019 691 3394 745 admirabilem
3435 695 3614 746 scien—

2018 777 2147 829 tiam
2194 777 2542 832 inserendam
2576 778 2871 833 sulliciunt.
2905 778 3168 844 Quoniam
3202 797 3332 833 vero
3366 782 3608 850 repulisti

2016 868 2324 935 scientiam,
2370 868 2565 937 inquit,
2602 869 2704 924 hoc
2741 879 2840 932 est,
2879 869 3176 933 Christum,
3215 886 3308 939 per
3342 886 3527 940 quem,
3557 880 3612 925 et

2017 958 2068 1011 in
2105 973 2212 1028 quo
2266 961 2449 1014 accedi
2485 971 2541 1014 et
2578 962 2832 1030 cognosci
2886 971 3063 1030 potest
3111 961 3296 1026 Pater,
3351 963 3604 1030 repellam

2015 1064 2116 1119 ego
2149 1051 2214 1105 de
2245 1064 2443 1106 caetero
2475 1061 2552 1118 te,
2583 1067 2650 1106 ne
2683 1052 2815 1105 mihi
2846 1054 2920 1106 sis
2949 1064 3190 1114 sanctus,
3220 1064 3272 1106 et
3313 1068 3379 1106 ne
3410 1053 3608 1109 utier-as

2016 1144 2144 1196 mihi
2179 1144 2530 1209 sacriﬁcium,
2561 1154 2748 1213 utpote
2796 1145 3076 1214 profanus.
3135 1145 3200 1199 Et
3244 1147 3500 1214 quoniam
3553 1146 3606 1200 in

2015 1235 2338 1288 oblivionem
2364 1235 2670 1290 divinarum
2699 1237 2874 1304 legum
2913 1236 3094 1304 lapsus
3121 1251 3200 1301 es,
3235 1253 3407 1306 neque
3446 1235 3608 1289 intel-

2014 1325 2192 1381 lexisli
2225 1325 2458 1383 Mosaica
2489 1330 2864 1400 spiritualiter,
2913 1347 3088 1400 neque
3117 1332 3416 1386 doetrinam
3449 1332 3608 1385 Chri-

2014 1419 2083 1471 sti
2115 1429 2304 1474 exacte
2337 1431 2546 1476 etcum
2595 1422 2860 1477 industria
2907 1425 3386 1492 comprehendisti,
3442 1425 3605 1478 etiam

2014 1525 2114 1579 ego
2144 1512 2194 1565 in
2217 1511 2543 1568 oblivionem
2575 1522 2788 1568 tuorum
2825 1515 2933 1585 70
2961 1515 3189 1569 ﬁliorum
3239 1517 3386 1571 velut
3430 1517 3606 1586 prola-

2013 1603 2132 1669 bar,
2179 1604 2282 1657 hoc
2323 1614 2424 1670 est,
2467 1606 2755 1659 immemor
2786 1621 2900 1671 ero,
2953 1616 3010 1659 ut
3043 1621 3137 1661 eos
3177 1608 3504 1677 indulgentia
3549 1616 3606 1661 et

2014 1698 2380 1753 sollicitudine
2420 1699 2630 1769 dignari
2664 1699 2932 1755 desinam.
2964 1702 3201 1768 Quorum
3234 1701 3378 1755 enim
3411 1701 3601 1768 digna-

2018 1801 2103 1844 tur
2159 1791 2458 1858 recordari,
2518 1790 2639 1845 illos
2694 1807 2791 1846 sua
2847 1792 3178 1861 benignitate
3239 1793 3600 1862 prosequitur.

283 1876 462 1939 Θεὸς,
514 1878 733 1940 τούτοις
787 1879 888 1948 τήν
948 1879 1088 1932 ἰδίαν
1144 1879 1410 1949 ἀπονέμει
1467 1878 1898 1950 φιλανθρωπίαν.

2017 1881 2219 1937 Dblitus
2243 1892 2325 1939 est
2353 1893 2533 1937 autent
2577 1893 2631 1938 et
2661 1883 2820 1938 aliter
2850 1883 3046 1937 divina:
3096 1883 3250 1951 legis,
3303 1893 3360 1937 et
3409 1883 3604 1950 repulit

295 1969 646 2024 Ἐπελάθετο
706 1971 763 2023 δὲ
819 1972 915 2025 καὶ
968 1971 1174 2044 ἑτέρως
1215 1971 1310 2025 τοῦ
1361 1971 1509 2024 θείου
1559 1971 1760 2042 νόμου,
1809 1971 1902 2024 καὶ

283 2065 564 2119 ἀπώσατο
613 2065 712 2137 τὴν
757 2066 1055 2136 ἐπίγνωσιν
1099 2067 1562 2140 είδωλολατρήσας
1594 2068 1622 2119 ὁ
1662 2069 1900 2139 Ἰσραήλ.

359 2158 533 2212 Κατὰ
576 2158 642 2212 τὸ
682 2157 922 2228 πλῆθος
956 2159 1176 2224 αὐτῶν,
1228 2150 1443 2226 οὕτως’
1470 2161 1741 2230 ἤμαρτόν
1777 2179 1899 2231 μοι.

290 2251 416 2318 Τήν·
449 2251 652 2317 δόξαν
684 2250 888 2306 αὐτῶν
915 2255 1002 2320 εὶς
1031 2253 1275 2323 ἀτιμίαν
1301 2253 1580 2324 θήσομαι.

358 2431 494 2486 ΔΘν.
551 2429 927 2502 Ἢμερὸτήτος
961 2430 1058 2491 μὲν
1102 2429 1319 2501 ἀπάσης
1351 2431 1446 2484 καὶ
1483 2431 1658 2502 πηγή,
1691 2432 1784 2485 καὶ
1814 2431 1905 2501 γέ-

285 2539 460 2586 νεσις,
495 2521 594 2574 καὶ
645 2521 976 2591 αὐτόχρημα
1004 2520 1065 2573 τὸ
1094 2520 1298 2588 ἀγαθὸν
1330 2522 1362 2591 ή
1415 2521 1534 2573 Θεία
1568 2521 1629 2574 τέ
1661 2525 1777 2574 ἐστι
1812 2523 1905 2576 καὶ

283 2616 616 2686 ἀπόρρητος
658 2613 841 2683 φύσις.
893 2613 1040 2685 Πλὴν
1069 2613 1168 2667 οὐκ
1216 2613 1450 2668 εἰσάπαν
1491 2614 1601 2666 τῶν
1646 2613 1904 2685 πλημμε-

283 2709 534 2761 λούντων
561 2707 837 2778 ἀνέχεται,
872 2710 985 2771 τοῖς
1013 2706 1069 2760 δὲ
1109 2706 1379 2778 ἀχαλίνως
1420 2708 1498 2771 είς
1529 2704 1686 2760 τοῦτο
1733 2707 1905 2772 ἰοῦσι,

282 2803 389 2864 τὰς
416 2802 613 2863 αὐτοῖς
644 2799 965 2871 πρεπούσας
993 2800 1241 2872 ἐπιφέρει
1270 2799 1447 2864 δίκας.
1481 2798 1801 2868 Ἀφικέσθαι
1842 2799 1906 2870 δή

283 2891 382 2948 οὖν
423 2896 512 2956 είς
535 2892 697 2946 τοῦτο
736 2891 1072 2962 φαυλότητος
1109 2891 1506 2962 διισχυρίζεται
1542 2892 1632 2945 τὸν
1666 2891 1903 2962 Ἰσραήλ,

291 2989 371 3051 ὡς
407 2987 604 3040 οὐκέτι
649 2985 747 3055 μὲν
779 2985 968 3055 οἰστήν
1015 2982 1270 3052 γενέσθαι
1297 2983 1396 3054 τήν
1427 2984 1705 3047 ἀπόνοιαν,
1739 2984 1909 3054 ἰσάρι-

286 3079 431 3148 θμον
464 3076 526 3128 δὲ
559 3075 750 3146 ὥσπερ
783 3076 969 3138 αὐτοῖς
1021 3076 1249 3145 ὁρᾶσθαι
1281 3075 1379 3146 τὴν
1413 3076 1712 3146 ἁμαρτίαν.
1745 3075 1910 3128 Αὐτοὶ

2007 1976 2316 2042 scientiam,
2349 1974 2506 2029 idolis
2540 1975 2636 2030 abs
2661 1990 2720 2030 se
2747 1975 2908 2030 cultis
2936 1973 3126 2030 Israel.

2081 2155 2245 2210 Vens.
2277 2157 2330 2211 7.
2359 2157 2660 2211 Secundum
2690 2156 3086 2210 multitudinem
3124 2171 3325 2220 eorum,
3362 2155 3437 2207 sic
3482 2170 3602 2223 pec-

2007 2262 2252 2304 carerunt
2314 2252 2464 2304 mihi.
2515 2251 2754 2305 Gloriam
2803 2266 2984 2305 eorum
3027 2250 3083 2303 in
3124 2249 3465 2319 ignominiam
3508 2265 3608 2318 po—

2008 2360 2150 2397 nam.

2077 2432 2316 2488 XXXIX.
2335 2433 2524 2490 Omnis
2539 2431 2967 2488 mansuetudinis
2982 2440 3033 2484 et
3051 2429 3448 2497 fons,etorigo,
3464 2434 3608 2483 etre-

2007 2543 2136 2581 vera
2155 2528 2352 2581 bonum
2380 2528 2551 2595 ipsum
2582 2527 2761 2580 divina
2781 2535 2834 2580 et
2860 2525 3150 2580 inell‘aliilis
3168 2533 3362 2578 natura
3377 2533 3477 2576 est.
3499 2522 3605 2578 Ve-

2010 2630 2310 2674 rumtamen
2349 2629 2633 2689 peccantes
2704 2634 2810 2672 non
2889 2632 3277 2687 usquequaque
3334 2616 3602 2678 sustinet;

2009 2713 2102 2768 scd
2138 2711 2395 2766 effrenate
2446 2725 2512 2765 eo
2561 2727 2620 2765 se
2671 2711 2946 2776 dantibus,
3009 2725 3202 2778 ptenas
3256 2709 3606 2763 commeritas

2012 2802 2223 2871 inﬂigit.
2261 2801 2375 2872 Huc
2405 2802 2569 2870 igitur
2602 2801 2867 2855 scelerum
2897 2800 3152 2856 lsraelem
3204 2799 3417 2853 venisse
3462 2797 3607 2851 affir-

2012 2905 2140 2961 tnat,
2180 2903 2237 2948 ut
2277 2895 2516 2948 amentia
2565 2892 2684 2961 ejus
2732 2891 2954 2947 tolerari
2999 2891 3232 2961 amplius
3262 2907 3364 2944 non
3413 2893 3602 2960 possit.

2010 2987 2238 3043 Peccata
2305 2995 2485 3041 autem
2548 3002 2832 3041 numerum
2901 2986 3137 3054 capitum
3211 2985 3611 3052 quodammodo

2011 3095 2254 3150 aequasse
2290 3081 2481 3134 videri.
2513 3079 2615 3149 Ipsi
2662 3081 2806 3133 enim
2838 3089 2997 3132 erant
3043 3097 3059 3130 ι
3103 3077 3248 3130 velut
3287 3077 3454 3131 stella:
3483 3076 3606 3131 θα)ιί

285 3170 396 3242 μὲν
423 3169 540 3240 γὰρ
570 3163 713 3240 ἦσαν
743 3185 760 3218 ι
795 3167 926 3219 ὡσεὶ
949 3165 1017 3220 τὰ
1042 3166 1220 3235 ἄστρα
1234 3164 1326 3219 τοῦ
1343 3165 1402 3218 οὐ
1411 3165 1572 3237 ρανοῦ
1597 3165 1674 3236 τῷ
1689 3165 1906 3237 πλήθει,

2017 3173 2386 3237 multitudine,
2417 3180 2510 3225 aut
2533 3171 2680 3226 velut
2720 3186 2885 3226 arena
2921 3173 2974 3225 in
3018 3171 3202 3224 littore
3244 3170 3411 3223 maris
3455 3169 3522 3235 ⁸³,
3583 3187 3606 3219 ι.

283 3265 389 3318 καὶ
426 3262 514 3322 ὡς
553 3263 587 3331 ἡ
634 3261 819 3330 ἄμμος
857 3260 890 3330 ὴ
939 3259 1091 3331 παρά
1123 3259 1182 3312 τὸ
1215 3259 1392 3328 χεῖλος
1425 3259 1524 3329 τῆς
1547 3257 1846 3330 Θαλάσσης,
1882 3279 1899 3312 ι

284 3354 438 3408 κατά
468 3351 534 3405 τὺ
564 3350 977 3424 γεγραμμένον.
1005 3349 1170 3403 Οὐδὲν
1201 3349 1258 3401 δὲ
1287 3348 1381 3402 τοῦ
1417 3348 1655 3418 πλήθους
1688 3350 1907 3403 ἀποδεῖν

286 3449 400 3517 ἔφη
428 3446 506 3498 τά
530 3443 1007 3514 πλημμελήματα.
1036 3440 1232 3505 Τοῦτο,
1252 3435 1427 3512 οἶμαι,
1446 3442 1564 3494 ἐστὶ
1593 3442 1652 3495 τὸ
1673 3459 1714 3495 ἰ
1750 3443 1908 3496 Κατὰ

285 3542 351 3594 τὺ
389 3538 612 3609 πλῆθος
662 3535 865 3599 αὐτῶν,
892 3535 1036 3589 οὕτω
1090 3534 1341 3607 ἦμαρτόν
1384 3551 1496 3605 μοι.
1535 3554 1554 3587 ι
1596 3534 1816 3605 Ἐπειδὴ
1851 3535 1908 3587 δὲ

287 3639 374 3700 εἰς
428 3632 602 3688 τοῦτο
651 3631 991 3686 κατώλισθον
1055 3629 1370 3700 ἀθλιότητός
1415 3645 1477 3682 τε
1545 3628 1640 3682 καὶ
1685 3628 1910 3682 δυσϐου-

288 3729 413 3788 λ’;;
437 3769 451 3788 ,
480 3727 580 3779 καὶ
617 3722 739 3794 Θεῷ
773 3722 1209 3800 προσκρούοντες
1247 3722 1308 3775 οὐ
1330 3720 1732 3786 διαλελοίπασι,
1767 3723 1908 3793 σΤήν

294 3823 456 3890 δόξαν
478 3817 668 3873 αὐτῶν
693 3817 775 3881 είς
806 3815 1034 3887 ἀτιμίαν
1063 3812 1302 3886 θήσομαι
1324 3831 1339 3846 ο
1373 3833 1392 3865 ›
1424 3813 1724 3881 τουτέστιν,
1754 3815 1838 3884 ἐφ’
1865 3805 1908 3880 ᾧ

295 3915 526 3988 μεγάλα
566 3912 789 3983 φρονεῖν
835 3905 1163 3977 ἐγνώκασιν,
1190 3907 1276 3959 ἐπ’
1303 3904 1454 3976 αὐτῷ
1485 3905 1549 3977 δὴ
1576 3906 1754 3976 τούτῳ
1783 3922 1910 3958 κατ-

291 4005 787 4078 αισχυνθήσονται.
816 3999 942 4063 Πῶς
966 3999 1000 4072 ἢ
1020 3999 1141 4052 τίνα
1165 3997 1398 4070 τρόπον;
1423 3997 1574 4069 Αὐχη
1584 3998 1770 4068 μάτων
1797 3997 1906 4068 γὰρ

289 4096 718 4157 ἀποπεσοῦνται
759 4092 868 4147 τῶν
900 4093 995 4145 ἐπὶ
1051 4090 1245 4161 πλήθει
1293 4089 1510 4161 πολλῷ,
1558 4090 1907 4155 δαπανῶντος

289 4189 393 4245 τοῦ
431 4187 679 4258 πολέμου
710 4185 822 4246 τοῖς
855 4181 1117 4253 μαχίμοις
1148 4178 1284 4250 ὁμοῦ
1316 4181 1410 4233 καὶ¹
1440 4179 1540 4250 τὴν
1573 4178 1741 4249 ἄλλην
1777 4179 1911 4233 ἄπα.

294 4298 400 4336 σαν
422 4279 670 4352 ἡλικίαν.
698 4273 998 4343 Κένανδροι
1029 4271 1138 4340 γὰρ
1178 4268 1543 4341 ἀπομενοῦσιν
1559 4267 1694 4324 οἶκοί
1721 4288 1780 4324 τε
1816 4271 1911 4324 καὶ

295 4374 519 4436 πόλεις.
547 4369 662 4423 Καὶ
689 4368 777 4420 ἐπ’
800 4365 951 4435 αὐτῷ
985 4365 1042 4418 δὲ
1072 4362 1248 4434 τούτῳ
1279 4363 1376 4435 τὴν
1412 4363 1672 4417 Ἰουδαίαν
1703 4365 1730 4416 ὁ
1773 4381 1908 4434 προ-

294 4469 488 4538 φήτης
525 4460 800 4533 Ἱερεμίας
822 4457 1063 4530 ἐθρήνει,
1088 4456 1292 4524 λέγων·
1325 4475 1344 4507 ι
1377 4456 1501 4518 Πῶς
1525 4455 1746 4510 ἐκάθισε
1775 4456 1910 4527 μόνη

2017 3275 2078 3321 ut
2119 3267 2378 3333 scriptum
2415 3275 2546 3319 est:
2592 3281 2623 3320 a
2665 3280 2767 3335 qua
2814 3264 3161 3319 multitudine
3212 3263 3288 3317 ait
3333 3278 3435 3315 non
3493 3263 3607 3315 dis—

2015 3371 2243 3424 crepare
2300 3357 2618 3411 delictorum
2663 3357 2896 3425 copiam.
2928 3356 3040 3409 lloe
3073 3363 3176 3418 est,
3214 3355 3427 3423 opinor,
3472 3371 3489 3398 ς
3525 3367 3609 3405 se-

2016 3449 2252 3506 cundum
2278 3450 2679 3504 multitudinem
2702 3465 2914 3512 eorum,
2934 3448 3012 3503 sic
3030 3445 3556 3518 peccaveruntmihi.
3584 3463 3603 3496 ι

2017 3540 2119 3596 Ubi
2157 3551 2337 3597 autem
2375 3557 2441 3597 eo
2475 3542 2710 3596 miseriae
2748 3541 3099 3610 stultitiaeque
3137 3540 3493 3604 devenerunt,
3552 3549 3610 3590 ut

2018 3631 2130 3686 Deo
2162 3646 2304 3701 aegre
2337 3630 2516 3686 facere
2547 3647 2650 3686 non
2678 3631 3026 3695 desisterent,
3061 3630 3158 3694 ait,
3193 3648 3212 3682 ι
3250 3629 3491 3686 Gloriam
3516 3643 3611 3683 eo-

2018 3740 2138 3777 rum
2164 3724 2215 3776 in
2247 3725 2599 3795 ignominiam
2626 3739 2846 3795 ponam,
2880 3743 2898 3776 ι
2935 3725 3038 3779 hoc
3071 3732 3172 3791 est,
3203 3732 3423 3793 propter
3465 3723 3608 3790 quod

2017 3813 2210 3868 ell‘erre
2234 3831 2293 3868 se
2327 3816 2632 3880 voluerunt,
2673 3827 2897 3887 propter
2942 3817 3046 3871 hoc
3090 3817 3265 3886 ipsum
3317 3815 3613 3870 dedecora-

2017 3906 2236 3960 buntur.
2268 3906 2506 3972 Qui,aut
2535 3923 2770 3976 quonam
2803 3907 3004 3962 modo?
3036 3907 3300 3960 Amittent
3329 3905 3472 3960 enim
3518 3919 3614 3958 oc-

2018 4000 2292 4053 casionetn
2328 3997 2592 4067 gloriandi
2628 3998 2693 4052 de
2720 3997 3090 4062 multitudine,
3138 3997 3279 4051 bello
3328 4009 3435 4050 una
3488 4009 3608 4047 cum

2017 4089 2370 4146 bellatoribus
2403 4090 2665 4159 reliquam
2704 4102 2920 4156 quoque
2952 4096 3165 4142 aetatem
3203 4103 3416 4142 omnem
3449 4087 3615 4140 absu-

2019 4193 2220 4237 tnentc.
2272 4181 2469 4235 Vacua:
2517 4193 2753 4246 namque
2781 4177 3096 4231 hominibus
3123 4184 3176 4230 et
3213 4177 3404 4229 domus
3434 4186 3488 4228 et
3519 4189 3612 4226 ur-

2019 4277 2116 4329 bes
2144 4273 2456 4329 manebunt.
2483 4272 2562 4326 Ac
2599 4279 2820 4341 propter
2855 4271 2958 4324 hoc
3007 4270 3178 4339 ipsum
3230 4267 3488 4337 propheta
3523 4264 3613 4321 Je-

2019 4368 2218 4422 rcmias
2247 4365 2486 4420 Judaeum
2523 4364 2754 4420 deﬂebat
2785 4364 2868 4417 his
2899 4363 3058 4416 dictis
3094 4381 3106 4415 :
3154 4380 3173 4413 ι
3213 4361 3494 4426 Quomodo
3528 4375 3613 4413 se-

2021 4461 2112 4514 det
2137 4460 2248 4513 sola
2284 4460 2477 4513 civitas
2513 4456 2666 4525 plena
2719 4455 2954 4525 pepulo?
2996 4455 3248 4524 princeps
3301 4451 3606 4522 provincia-

295 4564 333 4633 ἠ
370 4559 534 4620 πόλις
560 4559 597 4627 ή
638 4551 1067 4622 πεπληθυσμένη
1112 4549 1294 4615 λαῶν;
1323 4549 1565 4619 ἄρχουσα
1594 4550 1652 4602 ὲν
1685 4548 1910 4621 χώραις,

2021 4569 2138 4606 rum
2168 4551 2306 4605 facta
2335 4561 2420 4606 est
2454 4550 2553 4604 sub
2588 4549 2790 4603 tributo
2825 4547 2891 4600 ’⁸.
2925 4565 2944 4599 ›

299 4654 551 4728 ἐγενήθη
593 4653 673 4714 εἰς
704 4649 889 4720 φόρον.
908 4666 927 4699 ι

378 4749 502 4804 Καὶ
541 4744 747 4816 ἑτέρως
776 4741 833 4794 δέ
861 4756 874 4771 ·
902 4738 1022 4809 Θεῷ
1051 4734 1507 4808 προσκρούοντες,
1555 4733 1774 4803 ἀπάσης
1821 4734 1914 4784 εὐ-

303 4840 503 4901 κλείας
529 4836 605 4900 ὠς
635 4832 895 4888 ἀποτάτω
927 4826 1225 4900 κεισόμεθα
1251 4823 1517 4896 δρῶντες,
1551 4822 1586 4876 ἃ
1619 4823 1694 4892 μὴ
1725 4821 1914 4892 θέμις’

302 4934 408 4990 καὶ
441 4930 530 5001 ἐφ’
561 4923 643 4991 οἷς
675 4921 1028 4998 αἰσχύνεσθαι
1062 4920 1168 4992 χρὴ
1192 4958 1206 4983 ,
1260 4916 1345 4969 ἐπ’
1378 4915 1564 4977 αὐτοῖς
1597 4912 1659 4984 δὴ
1709 4913 1919 4975 τούτοις

305 5026 427 5081 ἔσθ’
461 5025 554 5078 ὅτε
593 5016 1124 5091 μεγαλαυχούμενοι,
1170 5011 1263 5064 καὶ
1293 5007 1503 5079 ὑψηλὴν
1541 5007 1790 5075 αἴροντες
1819 5003 1918 5075 τὴν

305 5117 496 5190 ὀφρύν
517 5133 530 5146 ·
564 5113 642 5176 ὡς
664 5110 890 5171 δικαίως
921 5104 1178 5174 λέγεσθαι
1209 5103 1304 5156 καὶ
1333 5101 1460 5172 περὶ
1496 5099 1672 5171 ἡμῶν⁹
1712 5093 1916 5168 «Ὧνή

305 5189 444 5275 δόξα
474 5208 534 5258 ὲν
567 5205 634 5275 τῇ
669 5198 904 5271 αἰσχύνῃ
927 5195 1127 5250 αὐτῶν.
1160 5212 1179 5246 ι
1226 5190 1436 5244 Οὐκοῦν
1465 5191 1561 5244 καὶ
1591 5189 1733 5243 κατά
1766 5189 1915 5242 τόνδε

307 5304 408 5355 τὸν
461 5298 591 5352 νοῦν
639 5291 835 5362 ὲκδέξῃ
891 5289 1051 5342 πάλιν
1097 5286 1160 5338 τὸ
1201 5283 1512 5355 εἰρημένον,
1553 5301 1572 5331 ι
1610 5282 1722 5352 Τὴν
1765 5280 1922 5346 δόξαν

311 5391 509 5449 αὐτῶν
545 5391 627 5452 εἰς
656 5385 882 5457 ἀτιμίαν
915 5383 1206 5453 θήσομαι.)
1234 5378 1354 5430 Ὅτι
1390 5376 1500 5446 γὰρ
1539 5371 1924 5446 παραδίδονταί

311 5503 468 5549 τινες
507 5503 526 5534 ι
571 5483 651 5544 είς
680 5478 936 5547 ἀδόκιμον
967 5475 1113 5536 νοῦν,
1145 5473 1319 5524 ποιεῖν
1348 5469 1415 5523 τὰ
1451 5467 1525 5538 μὴ
1555 5467 1919 5537 καθήκοντα,ι

313 5577 444 5639 πῶς
488 5574 638 5627 ἐστιν
669 5567 1022 5642 ἀμφιϐαλεῖν,
1052 5563 1147 5618 τοῦ
1188 5561 1459 5634 μακαρίου
1493 5559 1706 5613 Παύλου
1741 5557 1927 5626 σαφῶς

313 5668 648 5742 εἰρηκότος

392 5847 447 5878 ⁸⁵
485 5843 624 5897 ch.
665 5858 800 5906 uti,
839 5840 922 5893 l7.
1003 5839 1046 5869 εδδ
1091 5838 1292 5891 Thrcn.
1325 5851 1363 5904 ι,
1410 5835 1458 5890 1.

1539 5833 1580 5864 ⁹⁷
1615 5830 1855 5902 Philipp.
1885 5847 1963 5898 ιιι,
1996 5831 2078 5887 l9.

2093 4732 2267 4786 Aliter
2301 4730 2488 4784 etiam.
2520 4730 2688 4784 Deum
2737 4728 3075 4783 oﬂendentes
3129 4728 3198 4782 ab
3241 4728 3388 4783 omni
3445 4726 3612 4796 gloria

2021 4823 2336 4892 longissime
2367 4820 2705 4884 recedemus,
2745 4820 3006 4874 facientes
3047 4834 3168 4888 qum
3211 4818 3292 4872 fas
3328 4833 3433 4870 non
3470 4825 3554 4870 est
3598 4835 3610 4869 :

2022 4925 2079 4972 et
2104 4918 2172 4970 ob
2207 4930 2326 4984 qum
2355 4913 2680 4968 erubescere
2711 4914 2971 4982 oportuit,
3012 4913 3063 4965 in
3105 4913 3172 4966 iis
3208 4910 3338 4979 ipsis
3373 4911 3614 4979 aliquan-

2027 5010 2094 5062 do
2123 5006 2519 5076 uosjactantes
2549 5015 2604 5059 et
2651 5004 3005 5073 supercilium
3066 5003 3336 5069 tollentes,
3389 5013 3446 5055 ut
3511 5020 3614 5056 non

2025 5099 2224 5168 injuria
2260 5099 2423 5152 etiam
2450 5097 2516 5150 de
2552 5097 2708 5150 nobis
2745 5096 2958 5149 dicatur
3002 5109 3018 5148 :
3071 5113 3090 5147 ι
3150 5094 3392 5161 Quorum
3444 5095 3614 5164 gloria

2024 5191 2078 5244 in
2111 5189 2430 5244 confusione
2484 5189 2725 5258 ipsorum
2781 5187 2846 5240 ’⁷.
2915 5205 2934 5238 ι
2991 5186 3171 5254 Quare
3221 5195 3276 5240 et
3319 5186 3615 5240 secundum

2025 5283 2171 5337 hunc
2208 5297 2426 5337 sensum
2459 5281 2603 5348 quod
2641 5281 2843 5335 dictum
2874 5289 2955 5335 est
2998 5279 3253 5348 accipies,
3309 5295 3327 5328 ‹
3389 5276 3615 5345 gloriam

2027 5390 2218 5431 eorum
2251 5374 2305 5427 in
2337 5373 2689 5443 ignominiam
2730 5387 2948 5441 ponam.
2987 5390 3006 5424 ι
3044 5369 3176 5424 Nam
3209 5368 3472 5438 quosdam
3504 5376 3614 5420 tra--

2030 5466 2174 5519 ditos
2208 5483 2226 5514 ι
2265 5464 2314 5517 in
2349 5463 2637 5531 reprobum
2699 5475 2942 5526 sensum,
2969 5469 3028 5513 ut
3063 5457 3304 5512 facerent
3346 5471 3466 5526 qutc
3509 5471 3616 5508 non

2030 5558 2360 5613 conveniunt
2386 5555 2455 5619 π,
2493 5573 2511 5607 ι
2548 5570 2644 5609 cur
2675 5553 2960 5623 quisquam
2989 5551 3218 5615 dubitet,
3243 5564 3365 5604 cum
3394 5549 3444 5603 id
3473 5546 3616 5602 Pau-

2034 5652 2116 5706 lus
2146 5650 2431 5722 perspicue
2457 5647 2782 5703 confirmet?

2157 5831 2199 5863 ’³⁸
2237 5830 2390 5885 Rom.
2421 5845 2453 5894 ι,
2485 5827 2556 5883 28
