4094 6472
518 319 619 374 ιεδ

511 524 876 592 iniquitatibus
898 539 1078 578 eorum
1110 521 1366 591 accipient
1403 520 1609 575 animas
1642 537 1842 576 eorum.
1885 518 1952 574 lat
1997 519 2095 574 erit

513 616 645 668 sicut
670 615 913 684 populus,
940 615 1016 668 ita
1039 622 1089 670 et
1121 614 1388 670 sacerdos.

587 708 687 775 '71
758 705 869 761 XL.
905 706 1231 776 Perscriptis
1261 705 1439 761 causis
1461 703 1553 758 ira:
1579 704 1632 757 in
1664 702 2093 768 multitudinem,

514 813 818 851 sermonem
850 797 917 851 ad
945 813 1161 852 sacrum
1189 796 1433 853 ordinem
1465 794 1743 859 transfert,
1767 793 2097 849 convenien-

519 898 619 952 ter,
639 899 693 942 ut
719 904 819 961 ego
849 890 1045 953 sentio,
1082 889 1131 942 ei
1155 888 1298 958 quod
1334 888 1491 941 modo
1527 902 1556 939 a
1588 886 1741 941 nobis
1765 886 1966 938 dictum
1991 893 2095 951 est,

522 980 777 1050 «gloriam
795 995 978 1035 eorum
999 980 1049 1034 in
1071 979 1421 1051 ignominiam
1446 993 1660 1049 ponam.
1677 976 1885 1032 iGloria
1902 977 2097 1047 quippe

515 1068 821 1125 Judaeorum
860 1071 1161 1141 Synagogae
1182 1078 1265 1125 est
1283 1078 1528 1123 sanctum
1547 1076 1597 1123 et
1623 1067 1880 1121 selectum
1903 1081 2093 1136 genus.

516 1156 806 1228 Operietur
840 1160 1023 1230 itaque
1070 1160 1397 1232 ignominia,-
1425 1159 1617 1228 inquit,
1654 1167 1707 1213 et
1747 1158 1814 1210 ad
1862 1157 2095 1213 dedecus

518 1250 849 1307 devolvetur.
884 1252 998 1318 Qua
1040 1252 1106 1306 de
1136 1249 1338 1306 causa?
1370 1249 1632 1314 Quoniam
1669 1246 1927 1321 neglectis
1974 1262 2095 1318 quae

488 1355 585 1393 -ex
620 1342 856 1411 ipsorum
908 1342 1084 1398 oﬂicio
1131 1350 1307 1407 erant,
1364 1342 1430 1395 ad
1484 1341 1837 1395 defectionem
1891 1339 2095 1395 seducti

519 1444 661 1500 sunt,
713 1449 887 1501 neque.
936 1450 1090 1489 sumn
1140 1434 1502 1503 principatum
1556 1441 1931 1491 servaverunt.
1980 1430 2095 1487 Non

519 1523 757 1576 scierunt
812 1524 1074 1576 rationem
1137 1522 1447 1576 sacerdotii.
1507 1520 1623 1576 Non
1678 1521 2093 1588 cogitaverunt,

520 1629 542 1663 ι
578 1614 718 1681 quod
744 1624 963 1683 peccata
993 1614 1171 1683 populi
1207 1614 1309 1667 mei
1348 1614 1657 1679 comedent,
1692 1614 1818 1667 etin
1844 1612 2098 1680 iniquita-

522 1704 663 1760 tibus
692 1720 876 1759 eormn
919 1707 1190 1773 accipient
1240 1705 1450 1758 animas
1491 1719 1699 1757 eorum.
1759 1723 1778 1756 ι
1832 1703 2093 1770 Quoniam

518 1811 648 1852 vero
675 1798 851 1850 oratio
887 1798 1175 1864 plurimum
1207 1794 1556 1869 obscuritatis
1588 1794 1769 1857 habet,
1810 1809 1907 1861 age
1951 1809 2094 1848 nunc
2124 1765 2170 1826 Β

519 1901 616 1955 pro
642 1887 778 1941 virili
803 1888 1065 1951 dicamus,
1094 1902 1200 1957 quo
1225 1896 1381 1956 pacto
1412 1900 1529 1940 eam
1556 1884 1856 1953 intelligere
1881 1885 2091 1939 deceat.

521 1980 715 2034 llircus
755 1981 821 2035 dc
851 1982 1030 2048 capris
1072 1995 1168 2050 pro
1196 1990 1421 2049 peccato
1450 1977 1815 2044 mactabatur;
1850 1977 1921 2033 ob
1957 1978 2094 2033 hanc

519 2088 737 2131 causam
766 2072 928 2127 etiam
972 2071 1293 2129 sacriﬁcium
1324 2072 1622 2127 vocabatur
1656 2082 1955 2143 peccatum.
1989 2069 2095 2125 Ve-

522 2180 640 2219 rum
673 2164 958 2220 olferentes
985 2179 1146 2235 super
1177 2164 1347 2219 altare
1378 2163 1586 2218 hircum
1613 2163 1681 2227 °’,
1715 2163 1805 2233 qui
1835 2178 1932 2233 pro
1962 2171 2096 2218 tem-

520 2267 650 2323 pore
690 2263 845 2307 erant
883 2251 1215 2316 sacerdotes,
1265 2249 1559 2307 oﬂ‘erebaut
1606 2251 1821 2321 quidem
1871 2260 1995 2306 exta
2040 2260 2096 2306 et

520 2344 733 2415 adipem
760 2344 799 2407 ⁸,
836 2343 1044 2414 reliquo
1086 2358 1154 2416 ex
1194 2343 1389 2399 divinae
1438 2342 1573 2413 legis
1630 2343 1943 2412 praescripto
1992 2342 2095 2415 ipsi

519 2435 893 2489 vescebantur.
926 2434 1113 2504 Itaque
1155 2445 1411 2504 tanquam
1460 2435 1731 2489 mediator
1771 2433 1867 2489 Dei
1903 2444 1959 2488 et
1997 2435 2096 2490 bo-

520 2526 724 2581 minum
758 2526 1012 2582 sacerdos
1044 2526 1357 2591 assumitur,
1386 2525 1686 2595 suscipiens
1716 2524 1929 2594 quidem
1957 2525 2095 2580 dona

519 2632 549 2672 a
579 2618 796 2689 populo,
824 2626 880 2675 et
909 2632 1032 2673 cum
1070 2617 1225 2672 altari
1257 2618 1502 2673 dividens
1547 2618 1593 2683 ⁸,
1644 2618 1786 2674 sicut
1834 2621 2095 2689 scriptum

517 2721 621 2777 est,
652 2712 888 2781 seipsum
920 2719 1100 2766 autem
1145 2710 1305 2781 quasi
1350 2709 1669 2765 sacriﬁcans
1710 2724 1811 2780 pro
1861 2708 2098 2778 peccatis

518 2801 729 2872 populi;
780 2803 921 2857 sicut
973 2802 1229 2857 nimirum
1285 2810 1343 2857 et
1403 2800 1664 2857 Dominus
1710 2812 1894 2856 noster
1940 2798 2099 2855 Iesus

514 2891 787 2948 Christus.
830 2891 969 2948 Vera
1021 2900 1201 2947 autem
1248 2906 1334 2947 me
1374 2891 1575 2957 dicere,
1609 2900 1802 2946 testem
1832 2890 2099 2955 adducam

520 2983 691 3055 legem
717 3000 882 3054 super
912 2984 1084 3049 hirco,
1118 2999 1237 3054 qua:
1267 2983 1346 3039 sic
1372 2983 1532 3037 habet
1567 3000 1582 3039 :
1615 3002 1633 3035 ι
1671 2982 1737 3035 Ει
1760 2983 1968 3037 hircum
2006 2981 2097 3051 qui

520 3090 619 3144 pro
656 3086 877 3146 peccan
899 3090 1144 3144 quaerens
1169 3074 1418 3146 quaesivit
1452 3074 1683 3144 Moyses,
1728 3083 1783 3129 et
1825 3073 1912 3133 hic
1947 3087 2098 3128 com-

519 3166 710 3222 bustus
735 3165 931 3220 fuerat.
971 3165 1036 3221 Et
1064 3166 1233 3220 iratus
1265 3175 1347 3220 est
1393 3164 1602 3236 Moyses
1649 3174 1837 3220 contra
1877 3164 2102 3219 Eleazar

519 3271 573 3311 et
604 3259 839 3313 Ithamar
870 3257 1008 3312 ﬁlios
1039 3260 1217 3312 Aaron
1247 3258 1487 3325 relictos,
1523 3258 1712 3312 dicens
1764 3272 1779 3310 :
1831 3255 1942 3311 Cur
1993 3270 2102 3309 non

520 3351 832 3408 comedislis
852 3350 993 3420 quod
1029 3365 1125 3419 pro
1151 3360 1375 3420 peccato
1426 3351 1479 3405 in
1530 3350 1646 3405 loco
1695 3347 1923 3403 saneto?
1966 3346 2103 3415 Quia

521 3444 664 3497 enim
696 3442 894 3499 Sancta
927 3451 1237 3497 sanctorum
1275 3452 1378 3507 est,
1419 3443 1524 3496 hoc
1566 3443 1711 3496 dedit
1739 3440 1891 3494 vobis
1955 3455 2103 3493 com-

523 3535 702 3598 edere,
720 3532 1053 3589 utaul‘eratis
1081 3542 1362 3603 peccatum
1383 3542 1577 3595 coetus,
1603 3542 1658 3586 et
1684 3530 1985 3603 propitictis
2007 3545 2103 3601 pro

522 3629 603 3683 eis
634 3642 815 3683 coram
846 3626 1072 3681 Domino
1095 3627 1136 3679 ³.
1186 3644 1205 3678 ι
1256 3624 1418 3682 Vides
1453 3624 1721 3694 quomodo
1777 3621 2102 3677 mediatores

524 3724 709 3789 agunt,
735 3718 827 3787 qui
856 3717 1037 3771 divino
1065 3715 1225 3770 altari
1276 3724 1476 3780 astant,
1516 3728 1613 3789 pro
1657 3724 1878 3784 peccato
1922 3713 2097 3768 oblata

524 3810 890 3875 comedentes,
919 3820 972 3864 et
996 3808 1321 3873 castissimis
1353 3806 1758 3875 precibusiram
1794 3806 1846 3859 in
1869 3820 2097 3874 peccan-

526 3914 603 3957 tes
634 3903 951 3958 intentatam
994 3901 1332 3963 amolientes,
1379 3906 1433 3953 et
1492 3906 1696 3953 tantum
1744 3911 1848 3952 non
1888 3896 2101 3973 animas

523 4009 649 4048 suas
683 4008 781 4065 pro
815 3994 1049 4066 peccatis
1075 3991 1254 4061 populi
1295 3991 1348 4045 in
1394 3990 1614 4045 odorem
1665 3988 1950 4043 suavitatis
1992 3985 2101 4041 Deo

520 4087 919 4142 sacriﬁcantes?
945 4085 1098 4143 Sicut
1127 4085 1253 4140 item
1288 4082 1501 4138 divinus
1542 4082 1723 4137 Aaron
1758 4080 1955 4151 populo
2001 4078 2099 4131 ab-

522 4179 657 4232 sumi
694 4178 1001 4249 incipiente.
1037 4175 1127 4231 Sic
1156 4173 1301 4229 enim
1347 4173 1607 4243 scriptum
1658 4180 1741 4227 est
1780 4185 1796 4226 :
1837 4189 1857 4222 ‹
1903 4169 2100 4224 Thuri-

520 4266 647 4321 bulo
679 4275 896 4336 arrepto
938 4274 991 4320 et
1039 4264 1291 4336 imposito
1330 4263 1700 4334 thymiamate,
1751 4261 1901 4315 stetit
1956 4259 2103 4313 inter

523 4369 765 4414 mortuos
790 4369 844 4414 et
877 4357 1047 4424 vivos,
1089 4367 1145 4413 et
1179 4358 1408 4412 cessavit
1449 4356 1605 4426 plaga
1634 4355 1678 4407 δ.
1725 4372 1744 4405 ι
1776 4352 1852 4406 lta
1887 4366 2103 4421 quoque

1512 273 1579 370 ὲ.
1621 310 1894 370 CYRILLI
1934 309 2407 369 ALEXANDRINI
2445 311 2769 372 ARCHIEP.

588 432 747 486 Vens.
778 430 833 495 8,
869 431 922 487 9.
953 428 1175 485 Peccata
1226 428 1406 499 populi
1450 429 1550 482 mei
1598 429 1885 495 comedent,
1933 436 1980 481 et
2036 427 2091 481 in
2118 430 2165 491 Α

2277 427 2581 498 Ἀμαρτίας
2634 428 2787 483 λαοῦ
2831 445 2952 499 μου
3007 430 3329 501 φάγονται,
3383 434 3481 488 καί
3532 431 3605 488 ἐν
3648 435 3778 504 ταῖς

2197 519 2455 584 ἀδικίαις
2481 518 2682 572 αὐτῶν
2718 518 3017 587 λήψονται
3047 520 3155 584 τὰς
3186 520 3390 590 ψυχὰς
3420 521 3640 578 αὐτῶν.
3671 522 3779 579 Καὶ

2197 609 2367 665 ἔσται
2398 610 2595 675 καθὼς
2633 613 2666 665 ό
2709 611 2881 676 λαὸς,
2918 610 3107 677 οὕτως
3136 613 3234 668 καὶ
3265 616 3297 668 ό
3334 617 3545 685 ἱερεύς.

2268 702 2357 757 Μ’.
2392 698 2685 773 Γεγραφὼς
2714 702 2812 764 τὰς
2839 702 3019 765 αίτίας
3045 703 3143 773 τῆς
3166 706 3245 769 είς
3266 704 3327 758 τὸ
3352 704 3555 775 πλῆθος
3583 705 3778 778 ὀργῆς,

2201 790 2552 862 μεταϐιϐάζει
2594 791 2685 845 τὸν
2727 791 2884 859 λόγον
2920 793 3012 846 ἐπὶ
3047 795 3110 848 τὸ
3149 796 3338 866 τάγμα
3364 796 3425 849 τὸ
3461 797 3625 870 ἱερὸν,
3674 798 3780 869 ἀρ·

2200 880 2353 950 μόσει
2388 880 2433 933 δ’
2454 879 2539 947 ἂν,
2586 880 2661 944 ὥς
2694 897 2757 949 γε
2788 876 2973 951 οἶμαι,
3012 882 3088 953 τῷ
3120 883 3293 954 λόγῳ,
3340 887 3434 940 καὶ¹
3475 885 3538 941 τὸ
3576 887 3781 958 ἀρτίως

2197 973 2329 1043 ἡμῖν
2367 973 2673 1044 εἰρημένον,
2708 992 2727 1025 ι
2757 973 2867 1045 Τὴν
2894 974 3051 1039 δόξαν
3081 974 3262 1030 αὐτῶν
3307 978 3387 1040 εἰς
3415 977 3644 1047 ἀτιμίαν
3677 978 3781 1048 θή-

2200 1082 2384 1135 σομαι.
2409 1085 2428 1118 ι
2464 1066 2602 1133 Δόξα
2637 1066 2734 1137 μὲν
2768 1067 2873 1137 γὰρ
2906 1066 3003 1136 τῆς
3038 1067 3304 1121 Ἰουδαίων
3326 1069 3675 1139 Συναγωγῆς,
3717 1067 3783 1122 τὸ

2200 1157 2343 1226 ἱερόν
2397 1157 2455 1211 τέ
2497 1161 2611 1210 ἐστι
2655 1159 2750 1212 καὶ
2780 1158 3075 1213 ἀπόλεκτον
3105 1160 3277 1228 γένος.
3309 1161 3779 1232 Περιὸληθήσεται

2197 1250 2375 1302 τοίνυν
2429 1251 2659 1322 ἀτιμίᾳ,
2714 1252 2883 1321 φησὶ,
2934 1252 3027 1306 καὶ
3088 1254 3470 1324 μεταχωρήσει
3535 1253 3671 1324 πρὸς
3717 1251 3782 1305 τὸ

2197 1341 2446 1405 ἀκαλλὲς.
2486 1344 2596 1399 Καὶ
2620 1343 2707 1398 διὰ
2735 1343 2892 1398 ποίαν
2930 1344 3141 1411 αἰτίαν;
3166 1344 3290 1399 Ὅτι
3320 1344 3428 1399 τῶν
3462 1345 3612 1415 σφίσι
3643 1362 3784 1415 πρε-

2198 1433 2553 1488 πωδεστάτων
2621 1436 3059 1508 ὀλιγωρήσαντες
3139 1436 3574 1510 παρεκομίζοντο
3640 1437 3785 1506 πρὸς

2199 1525 2515 1605 ἀπόστασιν,
2547 1527 2621 1580 Οὐ
2668 1529 3003 1598 τετηρήκασι
3038 1527 3136 1600 τὴν
3187 1529 3397 1582 ἑαυτῶν
3439 1527 3638 1600 ἀρχὴν,
3676 1527 3786 1581 οὐκ

2196 1615 2439 1683 ἔγνωσαν
2474 1616 2571 1688 τῆς
2614 1617 2911 1688 ἱερωσύνης
2947 1618 3037 1674 τὸν
3070 1620 3299 1691 τρόπον,
3320 1620 3420 1673 οὐκ
3462 1618 3780 1688 ὲνενόησαν,

2205 1725 2223 1758 ι
2253 1706 2374 1759 ’Ότι
2407 1708 2679 1779 ἁμαρτίας
2716 1708 2845 1762 λαοῦ
2879 1727 2979 1780 μου
3024 1709 3307 1779 φάγονται,
3339 1711 3431 1764 καὶ
3459 1709 3516 1762 ὲν
3544 1708 3784 1773 ἀδικίαις

2200 1797 2381 1851 αὐτῶν
2440 1799 2699 1869 λήψονται
2754 1800 2852 1864 τὰς
2910 1800 3087 1871 ψυχὰς
3140 1799 3343 1855 αὐτῶν.
3374 1819 3393 1853 ι
3455 1799 3672 1870 Ἐπειδὴ
3719 1798 3784 1851 δὲ

2201 1888 2456 1960 πλείστην
2490 1889 2602 1961 ἔχει
2629 1891 2726 1961 τὴν
2757 1891 3023 1961 ἀσάφειαν
3047 1893 3074 1947 ὁ
3103 1892 3279 1961 λόγος,
3316 1891 3450 1961 φέρε
3480 1891 3667 1955 πάλιν.
3700 1890 3786 1955 ὡς

2199 1974 2309 2039 ἔνι,
2350 1977 2595 2050 λέγωμεν
2644 1979 2724 2046 τὸ,
2767 1980 2915 2045 ὅπως
2961 1979 3026 2035 ἂν
3054 1981 3216 2036 αὐτὸν
3264 1982 3502 2037 νοεῖσθαι
3555 1980 3779 2052 πρέποι.

2199 2067 2445 2140 Χίμαρος
2480 2069 2658 2124 τοίνυν
2690 2069 2749 2135 ἐξ
2788 2071 2959 2143 αἰγῶν
2987 2072 3128 2143 ὑπὲρ
3160 2070 3435 2144 ἁμαρτίας
3479 2068 3780 2140 ἐσφάζετοο

2199 2156 2404 2227 ταύτης
2440 2175 2499 2211 τε
2534 2158 2696 2213 ἓνεκα
2738 2161 2839 2231 τῆς
2876 2162 3057 2227 αἰτίας
3104 2162 3349 2217 ἐκαλεῖτο
3399 2163 3489 2217 καὶ
3534 2160 3787 2234 ἁμαρτία.

2198 2250 2260 2303 τὸ
2308 2249 2478 2322 θῦμα.
2529 2251 2689 2306 Ἀλλά
2748 2254 3115 2324 προσάγοντες
3154 2253 3235 2324 τῷ
3280 2254 3653 2326 θυσιαστηρίῳ
3688 2252 3786 2308 τὸν

2199 2340 2432 2413 χίμαρον
2470 2343 2519 2395 οἱ
2560 2342 2702 2397 κατά
2740 2346 2967 2415 καιροὺς
3021 2346 3211 2416 ἱερεῖς,
3251 2345 3515 2417 ἀνέφερον
3573 2345 3671 2415 μὲν
3710 2346 3783 2401 τά

2202 2434 2449 2505 ὲνδόσθια
2503 2436 2598 2488 καὶ
2632 2436 2733 2507 τὴν
2779 2436 3014 2509 πιμελὴν
3034 2476 3049 2503 ,
3078 2438 3263 2509 ἢσθιον
3289 2438 3346 2493 δὲ
3375 2438 3435 2493 τὸ
3463 2437 3650 2497 λοιπὸν
3678 2439 3780 2493 αὐ-

2201 2524 2315 2588 τοὶ,
2358 2523 2517 2579 τοῦτο
2557 2525 2651 2579 τοῦ
2683 2526 2828 2581 θείου
2876 2512 3302 2601 προστάττοντος
3332 2529 3518 2600 νόμου.
3571 2528 3782 2585 Οὐκοῦν

2206 2613 2432 2685 μεσίτης
2457 2617 2486 2668 ὁ
2521 2616 2698 2689 ἱερεὺς
2725 2616 2914 2690 ὥσπερ
2947 2620 3083 2673 Θεοῦ
3134 2620 3229 2674 κα)⁸
3266 2619 3569 2692 ἀνθρώπων
3604 2638 3783 2693 παρα-

2202 2704 2553 2777 λαμϐάνεται,
2597 2709 2883 2781 δεχόμενος
2916 2711 3015 2783 μὲν
3040 2711 3139 2776 τάς
3173 2713 3324 2784 παρά
3361 2711 3467 2768 τῶν
3503 2712 3647 2767 λαῶν
3676 2713 3782 2766 δω-

2205 2799 2501 2869 ροφορίας,
2566 2802 2659 2854 καὶ
2731 2803 3198 2876 συμμεριζόμενος
3250 2805 3327 2877 τῷ
3386 2804 3784 2877 θυσιαστηρίῳ,

2203 2891 2345 2944 καθά
2376 2892 2713 2964 γέγραπται,
2755 2896 2945 2951 ἑαυτὸν
2981 2897 3039 2951 δὲ
3073 2897 3261 2969 ὥσπερ
3301 2899 3599 2971 ἱερουργῶν
3641 2900 3788 2971 ὑπὲρ

2203 2977 2311 3037 τῶν
2347 2978 2440 3033 τοῦ
2478 2981 2608 3034 λαοῦ
2637 2983 3148 3057 πλημμελημάτων,
3182 2987 3433 3059 καθάπερ
3462 2988 3657 3059 ἀμέλει
3687 2989 3792 3044 καὶ

2204 3071 2233 3123 ὁ
2261 3070 2463 3144 Κύριος
2508 3073 2663 3144 ἡμῶν
2702 3076 2907 3148 Ἰησοῦς
2934 3081 2961 3134 ό
2995 3079 3251 3150 Χριστός.
3281 3080 3403 3136 Ὅτι
3429 3082 3486 3136 δὲ
3531 3081 3728 3151 ἀληθὲς
3755 3084 3793 3139 ὅ

2206 3179 2375 3247 φημι,
2424 3165 2584 3219 αὑτὸν
2618 3169 2919 3239 παραθήσω
2964 3171 3055 3224 τὸν
3084 3172 3177 3225 ἐπὶ
3206 3171 3285 3243 τῷ
3332 3173 3553 3245 χιμάρῳ
3597 3174 3786 3245 νόμον.

2208 3254 2359 3324 Ἔχει
2406 3256 2461 3308 δὲ
2508 3254 2718 3320 οὕτως·
2759 3277 2777 3310 ι
2809 3260 2915 3314 Καὶ
2947 3260 3039 3314 τδν
3088 3263 3322 3334 χίμαρον
3369 3263 3460 3317 τδν
3506 3263 3635 3335 περὶ
3682 3265 3791 3335 τῆς

2204 3342 2475 3414 ἁμαρτίας
2523 3343 2702 3415 ζητῶν
2749 3346 3042 3419 ἐξεζήτησε
3090 3350 3325 3418 Μωσῆς,
3360 3350 3389 3401 ὁ
3431 3349 3487 3404 δὲ
3531 3351 3791 3421 ὲμπεπύ-

2205 3452 2373 3507 ριστο.
2410 3437 2519 3490 Καὶ
2550 3437 2807 3515 ἐθυμώθη
2840 3440 3045 3511 Μωσῆς
3076 3440 3169 3493 ἐπὶ
3200 3440 3482 3514 Ἐλεάζαρ,
3513 3443 3608 3496 καὶ
3645 3442 3794 3497 Ἰθά-

2206 3542 2318 3596 μαρ
2349 3526 2473 3588 τοὺς
2506 3528 2653 3591 υἱοὺς
2692 3525 2901 3599 ’Λαρὼν
2931 3528 3058 3594 τοὺς
3100 3529 3657 3601 καταλελειμμένους,
3691 3529 3791 3583 λέ-

2202 3612 2347 3685 γων·
2376 3617 2526 3669 Διατί
2574 3619 2675 3671 οὐκ
2723 3619 2954 3689 ἐφάγετε
2998 3619 3057 3672 τὸ
3108 3621 3234 3691 περὶ
3276 3619 3378 3689 τῆς
3420 3620 3693 3692 ἁμαρτίας
3726 3622 3793 3675 ὲν

2204 3709 2354 3778 τόπῳ
2405 3708 2576 3780 ἀγίῳς
2603 3709 2726 3763 Ὀτι
2767 3709 2876 3781 γὰρ
2921 3708 3073 3785 ᾇγιον
3106 3711 3277 3780 ἁγίων
3322 3712 3471 3777 ἐστὶ,
3512 3711 3669 3766 τοῦτο
3699 3712 3794 3767 δέ-

2205 3796 2375 3849 δωκεν
2426 3798 2553 3867 ὑμῖν
2592 3799 2809 3866 φαγεῖν,
2855 3796 2943 3849 ἵνα
2981 3797 3217 3868 ἀφέλητε
3253 3798 3351 3869 τὴν
3386 3797 3659 3870 ἁμαρτίαν
3686 3798 3794 3867 τῆς

2207 3887 2558 3957 συναγωγῆς,
2599 3888 2692 3940 καὶ
2720 3885 3041 3960 ἐξιλάσησθε
3078 3889 3208 3958 περὶ
3238 3887 3417 3942 αὐτῶν
3462 3887 3639 3942 ἔναντι
3670 3889 3797 3941 Κυ-

2210 3980 2343 4051 ρίου.
2366 3998 2384 4032 ι
2424 3980 2584 4051 Ὁρᾷς
2620 3980 2769 4042 ὅπως
2799 3979 3139 4050 μεσιτεύουσι
3187 3980 3256 4055 τὰ
3291 3981 3430 4051 ὑπὲρ
3457 3978 3567 4034 τῶν
3611 3980 3795 4051 ἁμαρ·

2205 4070 2335 4123 τιῶν
2354 4070 2624 4133 ἐσθίοντες
2643 4071 2691 4123 οἱ
2718 4069 2794 4141 τῷ
2817 4070 2944 4142 θείῳ
2965 4070 3334 4144 θυσιαστηρίῳ
3358 4071 3791 4143 παρεστηκότες,

2206 4165 2301 4218 καὶ
2335 4163 2752 4237 καθαρωτάταις
2783 4162 2958 4227 λιταῖς
2989 4164 3087 4232 τὴν
3114 4163 3206 4216 ἐπὶ
3233 4166 3346 4226 τοῖς
3379 4164 3792 4235 ἁμαρτάνουσιν

2203 4254 2371 4327 ὀργὴν
2387 4254 2821 4320 κατευνάζοντες,
2857 4255 2951 4310 καὶ
2983 4257 3262 4327 μονονουχὶ
3297 4255 3396 4319 τὰς
3439 4256 3573 4321 ἰδίας
3608 4254 3793 4327 ψυχὰς

2205 4345 2346 4416 ὑπὲρ
2388 4344 2496 4399 τῶν
2538 4345 2630 4401 τοῦ
2676 4344 2805 4399 λαοῦ
2842 4344 3330 4418 πλημμελημάτων
3366 4346 3447 4409 εἰς
3475 4345 3651 4418 ὀσμὴν
3694 4345 3791 4398 εὑ-

523 4470 582 4511 se
614 4454 960 4520 interponens
993 4452 1188 4508 beatus
1214 4449 1426 4521 Moyses
1452 4446 1712 4504 exorabat
1737 4444 1927 4507 Deum,
1978 4460 2100 4499 cum

2206 4438 2370 4501 ωδίας
2422 4436 2803 4509 καθιεροῦντες
2847 4436 3000 4509 eaq);
3060 4436 3325 4509 Καθάπερ
3377 4430 3568 4509 ἀμέλει
3619 4436 3716 4490 καὶ
3759 4437 3792 4490 ὁ

524 4545 779 4599 Israelita:
812 4544 862 4597 in
894 4545 1108 4599 deserto
1140 4542 1368 4597 vitulum
1408 4537 1809 4594 conﬂavisseut.
1843 4537 1949 4606 72
2001 4533 2098 4591 Se-

532 4635 710 4704 ipsum
745 4633 889 4688 enim
923 4633 1320 4703 quodammodo
1346 4628 1611 4700 supplicio
1651 4626 1989 4698 subjiciebat,
2013 4642 2102 4682 ro-

523 4742 656 4797 gans
680 4735 735 4780 et
758 4725 943 4780 dicens
971 4744 985 4781 :
1021 4744 1037 4777 ι
1076 4724 1354 4795 Siquidem
1379 4721 1605 4777 dimittis
1648 4718 1778 4790 ipsis
1799 4727 2101 4790 peccatum,

523 4818 732 4872 rimitte
762 4818 883 4872 :sin
914 4824 1114 4887 autem,
1146 4816 1263 4872 dele
1293 4823 1460 4870 etme
1500 4812 1566 4867 de
1608 4811 1748 4867 libro
1791 4811 1895 4866 hoc
1942 4825 2102 4880 quem

522 4907 785 4977 scripsisti
814 4907 856 4961 ⁸.
900 4927 921 4961 ι
951 4907 1247 4963 Comedent
1277 4904 1441 4973 igitur
1477 4911 1698 4974 peccata
1749 4901 1928 4972 populi
1973 4899 2131 4967 mei,

524 5000 628 5055 hoc
650 5007 754 5065 est,
782 4998 1048 5055 sacrificia
1079 5013 1174 5068 pro
1210 4997 1446 5067 peccatis
1481 4999 1720 5064 ipsorum
1753 4992 1955 5049 oblata.
1982 5010 2001 5043 ι
2035 4992 2101 5047 Et

523 5091 578 5144 in
622 5090 992 5159 iniquitatibus
1036 5102 1221 5157 eorum
1276 5086 1485 5157 (utique
1538 5084 1926 5150 lsraelitarum,
1988 5085 2101 5139 sive

522 5179 725 5250 populi)
757 5181 856 5249 ipsi
889 5195 1014 5233 suas
1046 5178 1254 5231 animas
1286 5178 1571 5246 accipient,
1607 5192 1626 5225 ι
1672 5190 1787 5242 pro,
1822 5174 1930 5229 Deo
1963 5173 2098 5229 oﬂ‘c-

526 5279 666 5324 rent.
699 5269 875 5325 Sumit
899 5269 1041 5322 enim
1071 5267 1250 5322 divina
1284 5268 1564 5336 Scriptura
1595 5281 1781 5321 vocem
1832 5265 1990 5334 hujus
2023 5265 2098 5320 rei

495 5338 939 5429 'siguiﬁcautem.
977 5357 1227 5415 Oblatum
1272 5358 1414 5412 enim
1458 5359 1586 5420 Deo,
1645 5368 1697 5411 et
1752 5368 2010 5427 paratum.
2050 5358 2104 5412 in

530 5450 857 5507 Sacrificium
886 5451 1164 5515 dicebatur
1193 5451 1384 5520 aCt‘ipi,
1417 5462 1470 5525 et
1503 5450 1740 5523 positum
1765 5461 1846 5505 est
1875 5451 2108 5504 Vocabu-

529 5541 638 5594 lum
677 5542 802 5596 huic
850 5541 928 5597 rei
982 5543 1343 5612 exprimendae
1390 5526 1657 5615 imprimis
1706 5543 1998 5610 idoueum,
2049 5552 2108 5596 ut

603 5722 646 5754 ⁹⁹
674 5719 845 5780 Levit.
885 5740 961 5792 Ix,
994 5726 1075 5781 l5.
1152 5726 1167 5758 ⁸
1203 5724 1373 5781 chit.
1412 5740 1491 5791 ιιι,
1525 5724 1573 5777 5.

2205 4530 2492 4593 Θεσπέσιος
2537 4529 2764 4601 Ἀαρὼν,
2804 4529 3107 4601 ἀρχομένου
3153 4528 3450 4601 θραύεσθαι
3498 4527 3591 4582 τοῦ
3632 4526 3785 4582 λαοῦ.

2203 4622 2514 4693 Γέγραπται
2532 4621 2639 4695 γὰρ
2655 4621 2780 4675 ὡδί·
2805 4640 2824 4672 ι
2846 4621 2919 4673 Τὸ
2936 4623 3158 4692 πυρεῖον
3176 4606 3446 4692 ἀρπάσας,
3463 4619 3556 4673 καὶ
3579 4617 3789 4683 ἐπιθεὶς

2202 4714 2265 4785 τὸ
2293 4713 2569 4785 θυμίαμα,
2593 4712 2745 4783 ἔστη,
2773 4713 2958 4784 φησιν,
2981 4713 3083 4766 ἀνά
3121 4712 3283 4785 μέσον
3312 4713 3418 4766 τῶν
3452 4710 3789 4787 τεθνηκότων

2203 4808 2300 4861 καὶ
2344 4806 2453 4861 τῶν
2497 4804 2736 4870 ζώντων,
2784 4805 2879 4858 καὶ
2925 4806 3193 4859 ἐκόπασεν
3235 4806 3268 4875 ἡ
3309 4804 3594 4879 θραῢσις.ρ
3633 4802 3790 4857 οὕτω

2209 4898 2508 4972 μεσιτεύων
2537 4898 2631 4952 καὶ
2660 4897 2687 4951 ὁ
2721 4897 2992 4969 μακάριος
3019 4897 3245 4967 Μωσῆς,
3276 4894 3603 4963 ἐξεδυσώπει
3631 4894 3786 4960 Θεὸν,

2210 4986 2759 5061 μεμοσχοποιηκότων
2788 4987 2928 5041 κατά
2952 4986 3049 5056 τὴν
3079 4986 3285 5057 ἔρημον
3316 4986 3423 5038 τῶν
3458 4984 3517 5051 ἐξ
3548 4982 3785 5055 Ἰσραήλ.

2218 5080 2440 5134 Ἑαυτὸν
2463 5078 2570 5149 γὰρ
2596 5077 2783 5149 ὥσπερ
2808 5076 3031 5146 ὑπετίθη
3056 5080 3121 5147 τῇ
3154 5077 3298 5149 δίκῃ,
3342 5074 3675 5148 παρακαλῶν
3726 5091 3788 5127 τε

2209 5172 2303 5225 καὶ
2343 5171 2550 5239 λέγων·
2594 5188 2611 5221 ι
2657 5171 2720 5223 Εἰ
2776 5170 2876 5240 μὲν
2923 5168 3066 5240 ἀφῇς
3115 5169 3299 5230 αὐτοῖς
3344 5167 3441 5238 τὴν
3494 5166 3789 5238 ἁμαρτίαν,

2208 5264 2342 5332 ἄφες
2360 5278 2372 5291 ·
2397 5264 2445 5317 εί
2470 5262 2525 5314 δὲ
2553 5263 2647 5334 μὴ,
2675 5260 2953 5328 ὲξάλειψον
2984 5258 3126 5329 κάμὲ
3156 5260 3219 5312 ἐκ
3246 5261 3345 5330 τῆς
3376 5258 3555 5327 βίϐλου
3574 5250 3789 5327 Δταύτης

2210 5348 2279 5425 ἦς
2320 5352 2583 5425 ἔγραψας.
2630 5372 2648 5405 ι
2683 5353 2950 5420 Φάγονται
3000 5351 3179 5404 τοίνυν
3222 5350 3319 5413 τάς
3360 5348 3635 5420 ἁμαρτίας
3691 5348 3789 5402 τοῦ

2212 5446 2339 5500 λαοῦ
2379 5463 2502 5518 μου,
2528 5444 2793 5507 τουτέστι,
2833 5443 2900 5496 τὰ
2928 5442 3068 5515 ὑπὲρ
3099 5443 3383 5512 ἁμαρτιῶν
3424 5440 3792 5512 προσκομιζό-

2215 5555 2351 5609 μενα
2380 5537 2613 5608 θύματα.
2641 5555 2658 5587 ι
2698 5535 2807 5611 Καὶ
2843 5536 2903 5588 ἐν
2934 5536 3052 5596 ταῖς
3076 5532 3311 5597 ἀδικίαις
3339 5531 3538 5594 αὐτῶν,
3576 5551 3595 5582 ι
3628 5547 3792 5583 τουτ-

1656 5725 1675 5754 ²
1701 5723 1721 5778 ι
1751 5721 1876 5777 Cor.
1910 5737 1963 5785 χ,
2000 5718 2082 5773 12.

2203 5717 2344 5770 .evit.
2380 5731 2431 5781 ιι,
2474 5713 2555 5777 16,
2592 5711 2678 5767 l7.
2756 5712 2774 5741 ⁸
2801 5710 2953 5765 Nutu.
2990 5711 3169 5778 xv:,7.
3248 5711 3267 5741 ⁸
3298 5708 3465 5764 Exod.
3494 5723 3663 5777 χχχιι,
3695 5706 3789 5765 22.
