4094 6472
328 357 439 414 I25

1270 356 1824 417 COMMENTARIUS
1860 357 1928 413 IN
1967 356 2204 414 OSEAM
2244 355 2693 414 PROPIIETAM.
3532 363 3602 418 12

321 479 506 544 ἐστιν,
551 476 612 531 ἐν
656 475 848 550 καιρῷ
885 477 982 550 τῆς
1021 477 1238 543 ἀδικίας
1278 480 1491 535 αὐτῶν·
1534 482 1694 553 δῆλον
1735 482 1814 545 δὲ,
1852 482 1936 536 ὅτι

2070 481 2204 535 nodo
2235 481 2365 535 dixi.
2407 481 2590 550 Itaque
2626 481 2676 534 In
2714 478 2988 540 Numeris,
3029 481 3246 548 quando
3277 480 3360 536 lex
3395 483 3458 536 de
3506 499 3640 538 vac-

323 574 442 626 τῶν
489 571 553 639 ἐξ
603 571 852 644 Ἰσραὴλ,
877 572 998 642 ἦτοι
1030 572 1141 625 τῶν
1187 572 1360 628 λαῶν·
1403 592 1422 626 ι
1448 575 1613 628 Αὐτοὶ
1659 574 1760 638 τὰς
1802 574 1937 638 ιδίας

322 666 603 737 λήψονται
652 664 902 743 ψυχάςρ
924 665 1046 721 ἀντ)⁸
1079 665 1195 730 τοῦ,
1235 667 1635 736 προσκομιοΰσι
1668 666 1748 737 τῷ
1795 665 1937 736 Θεῷ.

323 757 559 824 Δέχεται
597 754 708 824 γὰρ
761 755 858 825 τὴν
915 753 1060 820 λέξιν
1111 755 1144 825 ἡ
1193 754 1555 819 θεόπνευστος
1601 755 1935 828 Γραφὴ,τοΰ

323 845 544 900 τοιοῦδε
586 847 953 918 σημαντικήν.
981 847 1056 900 Τὸ
1089 847 1198 918 γὰρ
1231 847 1310 919 τῷ
1344 848 1463 919 Θεῷ
1497 847 1942 919 προσκομιζόμε-

325 956 446 1000 νον,
495 939 593 992 καὶ
637 939 1000 1009 εὐτρεπισθέν
1032 941 1114 1003 είς
1162 939 1374 1004 θυσίαν,
1420 941 1637 1010 ἐλέγετο
1669 941 1944 1012 λαμϐάνε-

327 1033 484 1086 σθαι.
535 1033 647 1086 Καὶ
675 1033 709 1103 ἡ
740 1031 889 1098 λέξις
915 1033 1180 1098 τέθειται,
1206 1032 1300 1086 τοῦ
1336 1033 1540 1087 τοιοῦδε
1580 1033 1817 1104 μάλιστα
1841 1051 1938 1105 ση-

331 1125 611 1196 μαντικὴ,
657 1124 914 1196 καθάπερ
959 1125 1094 1196 ἔφην
1127 1127 1354 1197 ἀρτίως.
1403 1126 1513 1179 Kal
1566 1127 1698 1195 γοῦν
1746 1129 1803 1180 ἐν
1832 1127 1945 1190 τοῖς

342 1218 653 1289 ’Λριθμοῖς,
680 1220 770 1271 ὅτε
811 1219 938 1282 τοὺς
978 1220 1108 1288 περὶ
1145 1219 1244 1287 τῆς
1271 1218 1563 1288 δαμάλεως
1591 1219 1691 1288 τῆς
1723 1218 1945 1290 πυρρᾶς

331 1311 574 1380 ὡρίζετο
603 1310 826 1380 νόμους,
856 1311 962 1381 ἔφη
995 1310 1126 1374 Θεὸς
1165 1310 1302 1381 πρὸς
1331 1309 1421 1363 τὸν
1455 1310 1790 1381 ἱεροφάντην
1826 1310 1948 1362 Μω-

334 1403 440 1454 σέα
493 1421 512 1453 ι
552 1400 700 1471 Αὕτη
733 1404 766 1471 ἡ
793 1400 1045 1472 διαστολὴ
1071 1401 1166 1454 τοῦ
1199 1403 1386 1472 νόμου,
1419 1404 1518 1456 ὅσα
1549 1401 1808 1468 συνέταξε
1840 1400 1950 1454 Κύ-

337 1509 490 1562 ριος,
543 1493 750 1561 λέγων·
786 1493 1036 1563 Λάλησον
1087 1496 1202 1557 τοῖς
1246 1495 1382 1556 υίοῖς
1430 1494 1646 1564 Ἰσραὴλ
1669 1535 1683 1558 ,
1717 1494 1813 1547 καὶ
1849 1493 1948 1546 λα-

334 1586 591 1639 ϐέτωσαν
616 1585 754 1657 πρὸς
778 1585 838 1638 σὲ
861 1585 1094 1655 δάμαλιν
1119 1586 1356 1657 πυρρὰν,
1379 1585 1630 1658 ἄμωμον.
1665 1605 1682 1638 ι
1703 1585 1952 1651 Ἀκούεις

335 1678 422 1743 τὸ,
447 1677 799 1740 λαϐέτωσαν;
823 1675 1072 1728 τουτέστι
1093 1675 1770 1747 προσκομιζέτωσαν,ήτοι
1785 1692 1954 1747 προσ-

309 1770 728 1838 μγαγέτωσαν.
774 1768 914 1838 Περὶ
949 1767 1006 1820 δέ
1041 1784 1106 1835 γε
1133 1767 1228 1820 τοῦ
1275 1766 1781 1840 καθαρισθήσεσθαι
1819 1766 1950 1836 μέλ-

2041 588 2103 626 ca
2135 572 2253 627 rufa
2291 571 2590 634 ferebatur,
2627 571 2761 626 dixit
2799 571 2938 626 Deus
2985 571 3054 626 ad
3081 570 3326 642 Moysen,
3358 588 3639 628 sacrorum

2044 663 2442 731 interpretem:
2492 680 2510 713 ι
2572 660 2697 715 Haec
2760 661 3038 715 distinctio
3081 662 3239 732 legis,
3305 678 3646 732 quaecunque

2044 754 2329 808 constituit
2369 755 2648 820 Dominus,
2701 753 2888 807 dicens
2928 771 2940 806 :
2979 752 3226 823 Loquere
3272 755 3395 809 Iiliis
3453 754 3644 820 Israel,

2049 857 2104 902 et
2137 847 2411 916 accipiant
2439 849 2504 902 ad
2533 862 2593 902 se
2629 861 2848 901 vaccam
2875 846 3075 910 rufam,
3106 846 3512 902 immaculatam
3538 847 3580 900 °.
3616 864 3642 900 ι

2048 939 2218 994 Audis
2243 939 2394 1001 illud,
2425 938 2732 1010 accipiant?
2784 939 2888 993 boc
2938 947 3044 1005 est,
3097 937 3350 1002 oﬂ‘erant,
3402 939 3516 994 sive
3551 940 3648 994 ad-

2048 1039 2319 1084 moveant.
2356 1030 2429 1085 De
2463 1031 2778 1086 mundando
2831 1040 3012 1085 autem
3055 1047 3083 1084 a
3132 1031 3282 1101 lepra
3326 1047 3517 1087 rursus
3570 1034 3648 1089 ita

2049 1125 2125 1179 ait
2161 1143 2174 1179 :
2214 1143 2232 1176 ι
2277 1124 2598 1194 Egredietur
2627 1127 2886 1181 sacerdos
2918 1135 3072 1180 extra
3117 1134 3319 1188 castra,
3366 1135 3419 1181 ct
3448 1126 3650 1182 videbit

2051 1219 2324 1282 Sacerdos,
2359 1226 2414 1272 et
2439 1231 2568 1272 ecce
2598 1228 2827 1273 sanatur
2868 1227 3044 1274 tactus
3078 1218 3238 1286 lepra:
3268 1233 3298 1272 a
3327 1219 3559 1287 leproso.
3587 1219 3653 1272 Et

2048 1307 2260 1376 jubebit
2289 1309 2566 1374 sacerdos,
2590 1319 2644 1365 et
2674 1311 2945 1380 accipient
2974 1312 3234 1365 mundato
3261 1311 3398 1365 duos
3431 1326 3655 1380 passer-

2052 1401 2204 1455 culos
2236 1401 2409 1469 vivos,
2443 1418 2608 1471 puros
2635 1403 2680 1456 ".
2721 1421 2738 1454 ι
2782 1403 2918 1457 Cum
2968 1403 3132 1472 igitur
3173 1403 3336 1457 etiam
3372 1403 3440 1458 de
3467 1419 3654 1458 sacer-

2053 1496 2272 1550 dmibus
2305 1513 2323 1548 ι
2363 1497 2627 1566 accipient
2663 1515 2681 1549 ι
2716 1497 2884 1561 dicat,
2923 1498 3117 1551 merito
3169 1496 3504 1564 intelligatur
3547 1510 3651 1550 vox

2054 1604 2172 1657 pro,
2208 1587 2452 1644 olfereut.
2492 1589 2550 1642 In
2610 1600 2852 1657 tempore
2889 1590 3054 1658 igitur
3077 1590 3447 1658 iniquitatum,
3471 1603 3650 1658 popu-

2057 1679 2089 1732 li
2127 1679 2399 1742 videlicet,
2442 1680 2542 1748 ipsi
2571 1679 2858 1745 accipient,
2896 1679 2997 1733 lioc
3026 1689 3130 1745 est,
3186 1677 3418 1732 offerent
3455 1677 3510 1731 in
3561 1692 3652 1734 sa-

2055 1769 2344 1833 oriﬁcium,
2375 1779 2429 1824 et
2463 1769 2518 1824 in
2551 1771 2774 1825 odorem
2826 1771 3110 1824 suavitatis
3153 1768 3490 1838 spiritualem
3544 1767 3654 1823 Deo

333 1863 529 1924 λοντος
584 1859 817 1930 λεπροῦ,
856 1859 1020 1912 πάλιν
1065 1855 1168 1913 ὧδέ
1200 1875 1372 1930 φησι·
1409 1877 1426 1909 ι
1456 1859 1567 1913 Kal
1611 1858 1954 1925 ἐξελεύσεται

2070 1863 2272 1917 animas
2313 1878 2460 1928 suas,
2499 1863 2666 1932 probe
2719 1863 2975 1917 nimirum
3023 1873 3430 1927 conversantes,
3482 1869 3536 1916 et
3571 1862 3654 1915 vi-

335 1957 368 2008 ὁ
403 1955 592 2026 ἱερεὺς
635 1954 741 2021 ἔξω
777 1953 881 2023 τῆς
912 1952 1287 2024 παρεμϐολῆς,
1323 1952 1419 2005 καὶ
1451 1951 1644 2021 ὄψεται
1679 1952 1708 2004 ὁ
1743 1951 1959 2022 ἱερεὺς,

333 2051 438 2104 καὶ
472 2049 584 2102 ίδού
611 2049 810 2118 litati]
841 2046 954 2118 ἀφὴ
977 2045 1075 2116 τῆς
1104 2045 1313 2117 λέπρας
1333 2044 1443 2098 ἀπὸ
1468 2044 1565 2098 τοῦ
1589 2043 1815 2115 λεπροῦ.
1842 2044 1951 2097 Kal

337 2143 546 2212 πράξει
585 2144 614 2195 ὁ
650 2141 863 2213 ἱερεὺς,
907 2141 1004 2194 καὶ
1049 2139 1313 2209 λήψονται
1361 2138 1440 2210 τῷ
1490 2137 1951 2209 κεκαθαρισμένῳ

333 2235 435 2289 δύο
476 2232 692 2303 ὀρνίθια
737 2231 942 2295 ζῶντα,
973 2229 1210 2302 καθαρά.
1238 2249 1258 2281 ›
1291 2230 1464 2283 Ὅταν
1513 2228 1691 2283 τοίνυν
1724 2229 1819 2282 κοιλ⁴
1859 2231 1952 2283 ἐπὶ

333 2326 452 2378 τῶν
488 2323 684 2396 ἱερέων
722 2323 805 2386 τὸ,
859 2322 1129 2394 λήψονται
1153 2363 1168 2388 ,
1195 2321 1367 2391 λέγοι,
1401 2321 1561 2375 νοοῖτ’
1605 2319 1672 2374 ἂν
1727 2320 1954 2384 εἰκότως

337 2417 472 2472 ἀντὶ
502 2417 622 2480 τοῦ,
645 2416 1052 2488 προσοίσουσιν,
1077 2416 1112 2486 ἠ
1146 2415 1322 2486 φωνή.
1352 2414 1442 2469 Ἐν
1468 2413 1648 2486 καιρῷ
1665 2413 1958 2486 τοιγαροῦν

337 2503 457 2556 τῶν
484 2504 734 2570 ἀδικιῶν,
759 2504 872 2559 τῶν
897 2504 994 2559 τοῦ
1019 2504 1150 2558 λαοῦ
1185 2504 1450 2575 δηλονότι,
1480 2503 1636 2557 αὐτοὶ
1666 2503 1956 2573 λήψονται,

338 2597 624 2661 τουτέστι,
652 2597 1040 2667 προσοίσουσιν
1067 2597 1150 2660 είς
1176 2596 1391 2661 θυσίαν,
1425 2597 1519 2650 καὶ
1549 2595 1809 2666 εὐοσμίαν
1839 2594 1960 2666 Θεῷ

338 2690 448 2761 τὴν
479 2689 869 2761 πνευματικὴν
910 2689 1008 2754 τὰς
1035 2687 1246 2748 ἑαυτῶν
1274 2687 1476 2758 ψυχάς,
1509 2685 1687 2757 ὀρθῶς
1716 2687 1959 2758 δηλονότι

344 2783 805 2854 πολιτευόμενοι,
851 2784 947 2836 καὶ
979 2781 1370 2851 εὐνομωτάτην
1414 2779 1628 2850 ἔχοντες
1664 2781 1830 2850 ζωὴν,
1867 2780 1962 2832 καὶ

343 2878 420 2932 τὰ
449 2881 571 2941 τοῖς
607 2875 814 2948 ἱερεῦσι
860 2875 1143 2948 πρέποντα
1181 2877 1402 2946 φρονεῖν
1443 2891 1501 2928 τε
1543 2875 1638 2928 καὶ
1687 2873 1823 2945 δρᾷν
1875 2873 1958 2927 ὃτι

2063 1965 2168 2008 tam
2196 1955 2403 2025 legibus
2446 1954 2676 2009 miriﬁce
2726 1963 3148 2009 consentaneam
3194 1954 3561 2019 traducentes,
3600 1961 3656 2007 et

2057 2062 2178 2117 quae
2207 2045 2583 2101 sacerdotibus
2628 2047 2822 2101 decora
2861 2057 3010 2112 sunt,
3067 2047 3330 2113 cogitare,
3382 2054 3436 2100 et
3472 2045 3652 2100 facere

2059 2154 2271 2194 summo
2301 2139 2481 2195 studio
2511 2139 2799 2194 enitentes.
2833 2137 3020 2193 Potest
3052 2139 3195 2193 enim
3227 2137 3347 2192 talis
3375 2137 3653 2207 populum,

2061 2233 2151 2302 qui
2185 2233 2237 2286 in
2270 2231 2530 2288 oIl‘ensam
2567 2233 2661 2287 Dei
2699 2233 2947 2296 incurrit,
2979 2242 3032 2286 et
3055 2231 3226 2302 legem
3265 2231 3450 2301 inique
3487 2230 3656 2285 viola-

2063 2324 2161 2390 vit,
2193 2323 2246 2377 in
2277 2324 2564 2394 pristinum
2598 2324 2774 2379 locum
2805 2325 3116 2378 restituere.
3149 2322 3658 2386 Verumenimvero,

2064 2416 2130 2468 ad
2175 2416 2275 2470 hoc
2312 2415 2570 2482 instituti,
2620 2415 2818 2484 inquit,
2853 2430 2959 2470 una
2995 2430 3118 2470 cum
3166 2414 3287 2470 aliis
3332 2413 3466 2483 lapsi
3510 2422 3658 2468 sunt.

2064 2505 2413 2578 ldcircojure
2454 2509 2724 2563 vacabunt
2773 2523 2952 2573 sacra,
3010 2507 3250 2564 cessabit
3309 2521 3548 2571 sacrum,
3607 2513 3665 2560 et

2064 2600 2383 2656 Itonorabile
2413 2616 2607 2672 genus,
2661 2619 2680 2653 ι
2734 2602 2839 2656 erit
2881 2601 3112 2670 populus
3152 2608 3212 2655 ut
3255 2599 3514 2656 sacerdos
3566 2614 3582 2652 :
3637 2614 3658 2651 ι

2064 2692 2198 2746 nihil
2227 2692 2495 2762 siquidem
2533 2692 2678 2748 inter
2711 2693 2968 2763 populum
3029 2702 3083 2748 et
3115 2691 3452 2747 sacerdotem
3486 2689 3661 2746 dista-

2063 2782 2163 2837 bit.
2198 2783 2376 2854 Atque
2427 2785 2532 2841 hoc
2569 2795 2655 2840 est
2700 2785 2956 2852 fortasse,
3009 2803 3028 2838 ι
3087 2786 3318 2858 gloriam
3375 2798 3565 2839 eorum
3610 2781 3666 2838 in

2067 2877 2424 2946 ignominiam
2452 2893 2672 2948 ponam.
2707 2895 2726 2930 ι

349 2971 603 3043 μάλιστα
628 2969 1101 3033 διεσπουδακότες.
1141 2968 1348 3030 Ἱκανὸς
1410 2967 1518 3038 γάρ
1545 2970 1574 3020 ὁ
1632 2966 1874 3030 τοιοῦτος
1942 2969 2224 3023 ἀνασῶσαι
2273 2971 2438 3036 λαοὺς
2479 2972 2572 3026 καὶ
2603 2972 2720 3043 Θεῷ
2762 2972 3316 3046 προσκεκρουκότας,
3366 2972 3460 3025 καὶ
3500 2971 3664 3040 νόμον

348 3064 714 3135 ἠδικηκότας.
744 3062 885 3116 Ἀλλ’
909 3063 957 3115 οἱ
983 3061 1120 3133 πρὸς
1139 3060 1298 3114 τοῦτο
1322 3059 1779 3130 παρειλημμένοι,
1802 3061 1956 3131 φησι,
1999 3063 2444 3130 συγκατώλισθον
2502 3068 2615 3129 τοῖς
2673 3065 2876 3130 ἄλλοις.
2899 3063 3172 3138 Ταύτῃτω
3191 3063 3416 3127 δικαίως
3433 3063 3664 3135 ἀργήσει

345 3161 425 3214 τὰ
478 3159 634 3230 ἱερά,
684 3155 1030 3211 πεπαύσεται
1076 3154 1138 3209 τὸ
1181 3155 1324 3225 ἱερὸν
1371 3155 1464 3209 καὶ
1497 3155 1677 3226 τίμιον
1715 3154 1905 3223 γένος’
1954 3174 1974 3209 ι
2014 3157 2206 3212 Ἔσται
2237 3161 2265 3212 ὁ
2317 3160 2444 3226 λαὸς
2483 3160 2560 3224 ὡς
2598 3160 2812 3230 ἱερεύςο
2851 3180 2869 3213 ι
2906 3160 3151 3214 κείσεται
3177 3158 3287 3229 γὰρ
3317 3159 3468 3214 οὐδὲν
3497 3157 3578 3212 ἐτι
3609 3159 3679 3213 τδ

351 3253 573 3330 μεταξύ
601 3251 729 3306 λαού
756 3269 816 3304 τε
861 3252 954 3304 καὶ
990 3249 1200 3322 ἱερέως.
1247 3249 1357 3302 Kal
1389 3248 1548 3301 τοῦτο
1586 3244 1653 3318 ἦν
1685 3247 1792 3320 ἄρα
1829 3250 1909 3315 τὸ,
1956 3269 1974 3302 ι
2005 3252 2118 3324 Τὴν
2150 3252 2306 3320 δόξαν
2334 3254 2514 3309 αὐτῶν
2548 3256 2625 3317 εἰς
2654 3254 2896 3324 ἀτιμίαν.
2923 3271 2943 3304 ι

428 3349 549 3405 Καὶ
589 3346 904 3416 φάγονται,
937 3341 1037 3396 καί
1071 3343 1144 3396 οὐ
1177 3340 1265 3409 μὴ
1301 3339 1762 3409 ἐμπλησθῶσιν·
1796 3342 1970 3409 ἑπόρ-
1997 3355 2040 3414 c

344 3457 625 3502 νευσαν,
662 3438 760 3492 καὶ
792 3438 866 3489 οὐ
894 3433 983 3504 μὴ
1016 3430 1528 3489 κατευϐσυνθῶσιιιι.

434 3535 581 3588 MA'.
623 3529 811 3590 Ὀδούς
846 3525 968 3597 μὲν,
998 3525 1074 3589 ὡς
1111 3524 1278 3591 ἔοικε,
1309 3524 1409 3588 τὰς
1438 3526 1495 3578 ἐν
1528 3523 1712 3595 ἔργοις
1747 3523 1972 3595 πορείας

347 3630 516 3694 λέγει
547 3643 559 3655 ·
617 3620 902 3678 διαϐούλια
949 3619 1007 3672 δὲ
1039 3613 1140 3685 αὖ,
1180 3617 1250 3671 τά
1305 3619 1370 3672 ἐκ
1426 3617 1703 3688 λογισμῶν
1759 3618 1976 3672 ἀτόπων

350 3720 715 3789 πταίσματα.
774 3711 996 3782 Ἐπειδὴ
1027 3712 1228 3774 τοίνυν,
1277 3711 1444 3780 φησὶ,
1491 3710 1825 3783 πεπόρευται
1879 3709 1978 3780 μὲν

352 3817 463 3867 οὐκ
512 3808 726 3880 ὀρθῶς,
779 3807 879 3876 τῆς
926 3803 1140 3867 εὐθείας
1197 3800 1572 3866 ἐκνενευκὼς,
1617 3802 1711 3855 καὶ
1761 3801 1980 3871 ἁπάσης

354 3906 564 3974 ὥσπερ
592 3899 940 3968 ἀνοσιότητος
966 3896 1166 3960 ἐλάσας
1191 3895 1397 3967 τρίϐον,
1433 3894 1795 3948 ἐϐουλεύσατο
1827 3892 1883 3944 δέ
1909 3891 1979 3946 τά

362 4003 601 4054 πάντων
640 3994 899 4066 αἴσχιστά
953 4009 1012 4045 τε
1060 3993 1155 4045 καὶ
1191 3988 1571 4052 ἐκτοπώτατα,
1606 3987 1700 4066 τὸν
1742 3986 1842 4056 μὲν
1872 3983 1980 4038 τῶν

360 4095 509 4147 ὅλων
546 4062 823 4160 ἀτιμάσας
864 4086 1018 4147 Θεὸν,
1050 4083 1347 4146 ἀποκλίνας
1392 4082 1449 4135 δέ
1481 4080 1577 4135 καὶ
1607 4062 1772 4142 αὐτὸς
1805 4079 1888 4140 είς
1920 4075 1982 4129 τὸ

363 4183 667 4256 λατρεύειν
714 4179 978 4243 εἰδώλοις,
1017 4195 1036 4228 ι
1081 4174 1386 4246 Ἐκδικήσω
1427 4170 1513 4224 ἐπ’
1543 4168 1728 4234 αὐτὸν,
1776 4186 1794 4220 ι
1827 4181 1985 4219 τουτ-

368 4280 516 4340 έστι,
552 4275 654 4343 τὴν
683 4273 796 4336 τοῖς
839 4267 1311 4341 πλημμελήμασιν
1360 4261 1703 4333 ίσοστάθμως
1751 4259 1984 4330 ἔχουσαν

370 4369 591 4423 ἐποίσω
617 4365 796 4432 δίκην.
827 4362 950 4415 Ὅτι
987 4360 1045 4413 δὲ
1073 4362 1186 4422 τοῖς
1218 4354 1558 4426 ἀποφοιτῶσι
1591 4353 1692 4422 τῆς
1736 4352 1816 4415 εἰς
1853 4349 1984 4403 Θεὸν

371 4460 608 4529 ἀγάπης
639 4455 701 4509 τὸ
751 4456 808 4509 ἐν
844 4452 1007 4507 παντὶ
1065 4450 1319 4521 γενέσθαι
1366 4447 1525 4518 κακῷ
1555 4444 1733 4515 πάντη
1779 4459 1840 4495 τε
1889 4439 1987 4494 καὶ

372 4551 604 4613 πάντως
627 4547 994 4618 συμϐήσεται,
1023 4542 1141 4607 πῶς
1168 4542 1314 4595 ἔστιν
1340 4537 1701 4610 ἀμφιϐαλεῖν;
1731 4530 1852 4586 οθτε
1877 4530 1986 4602 γάρ

374 4643 557 4715 ὀρθήν
585 4659 647 4694 τε
685 4641 781 4693 καὶ
815 4636 1121 4708 ἀμώμητον
1141 4633 1375 4688 διελάσει
1400 4629 1606 4702 τρίϐον,
1628 4626 1740 4680 οὐτ’
1761 4625 1826 4679 ἂν
1847 4622 1988 4694 σοφά

2147 3347 2308 3400 Vens.
2348 3345 2434 3399 IO.
2463 3343 2528 3397 Et
2566 3345 2853 3408 comedent,
2886 3351 2931 3396 et
2982 3355 3085 3394 non
3120 3335 3514 3407 implebantur;
3555 3335 3667 3406 for-

2076 3441 2241 3494 nicati
2271 3448 2414 3501 sunt,
2440 3447 2489 3491 et
2517 3454 2617 3491 non
2640 3437 2961 3506 dirigentur.

2145 3531 2282 3586 XLI.
2319 3532 2446 3588 Vias
2467 3531 2708 3600 quidem,
2731 3537 2791 3582 ut
2815 3532 3060 3595 apparet,
3079 3523 3322 3577 incessus
3343 3535 3394 3574 in
3413 3518 3674 3590 operibus

2074 3621 2357 3687 nominat;
2401 3620 2626 3675 consilia
2668 3633 2798 3671 vero
2827 3631 2890 3670 ex
2922 3607 3672 3683 cogitationibusindecenti-

2075 3713 2178 3768 bus
2215 3711 2434 3766 delicta.
2461 3711 2728 3778 Quoniam
2758 3708 2939 3777 igitur,
2973 3704 3170 3774 inquit,
3214 3716 3383 3773 prave
3428 3698 3674 3762 incessit,

2076 3811 2130 3858 et
2154 3818 2183 3856 a
2214 3813 2362 3856 recto
2389 3802 2580 3855 itinere
2606 3799 2847 3862 deﬂexit,
2879 3806 2932 3852 et
2966 3795 3355 3866 propemodum
3389 3791 3538 3846 oumi
3589 3804 3678 3844 se-

2079 3896 2211 3950 mita
2241 3894 2537 3961 impietatis
2568 3893 2890 3956 ambulavit,
2927 3891 3170 3944 omnium
3212 3885 3318 3957 73
3364 3883 3678 3952 turpissima

2080 3995 2137 4040 et
2163 4000 2192 4038 a
2225 3986 2432 4038 ratione
2459 3963 2790 4036 alienissima
2817 3982 2956 4049 apud
2987 3995 3046 4035 se
3074 3978 3288 4039 statuit,
3320 3984 3373 4029 et
3392 3974 3678 4028 universo-

2081 4092 2204 4132 rum
2236 4075 2407 4131 Deum
2435 4073 2786 4143 contempsit,
2831 4081 2888 4126 et
2930 4071 3045 4139 ipse
3082 4081 3297 4137 quoque
3327 4067 3394 4120 ad
3429 4062 3678 4119 servien-

2084 4172 2208 4226 dum
2241 4169 2398 4224 idolis
2449 4166 2760 4230 declinavit,
2826 4182 2846 4216 ι
2896 4164 3134 4218 ulciscar
3177 4174 3344 4228 super
3392 4159 3591 4226 ipsum,
3655 4173 3675 4208 ι

2086 4263 2190 4317 hoc
2215 4269 2318 4328 est,
2343 4276 2557 4331 poenam
2581 4258 2880 4314 sceleribus
2914 4255 3335 4327 respondentem
3368 4263 3678 4319 reposcam.

2087 4356 2410 4410 Deserenlcs
2471 4361 2653 4408 autem
2710 4352 2804 4406 Dei
2859 4349 3182 4405 cbaritatem
3230 4343 3484 4400 omnibus
3526 4339 3683 4394 malis

2087 4446 2415 4502 omnimodis
2447 4441 2854 4505 circumveniri,
2906 4439 3038 4494 nulli
3094 4437 3255 4508 plane
3305 4435 3528 4490 dubium
3573 4441 3680 4487 est.

2091 4541 2200 4595 Nec
2229 4540 2373 4595 enim
2413 4547 2560 4592 recta
2583 4547 2639 4590 et
2671 4533 2944 4603 inculpata
2993 4529 3370 4602 progredietur
3417 4531 3526 4594 via,
3585 4539 3684 4580 nec

2091 4634 2365 4702 sapienter
2395 4631 2694 4700 quidquam
2739 4626 3019 4698 cogitabit,
3068 4624 3157 4692 qui
3191 4623 3428 4678 divinam
3466 4621 3684 4691 sapieth

378 4733 748 4809 βουλεύσαιτό
785 4748 944 4797 ποτε,
971 4731 1070 4799 τὴν
1106 4729 1260 4782 θείαν
1287 4727 1388 4780 οὐκ
1417 4724 1557 4794 έχων
1587 4717 1967 4791 ἐπικουροῦσαε

2094 4725 2224 4779 tiam
2253 4726 2616 4790 virtutemque
2647 4717 3046 4789 opitulatricem
3084 4731 3188 4770 non
3224 4715 3498 4769 habuerit.

375 4827 543 4898 αὐτῷ
583 4825 779 4894 σοφίαν
807 4841 868 4878 τε
897 4821 994 4875 καὶ
1031 4819 1284 4890 δύναμιν.

459 4917 572 4974 Kal
601 4915 918 4986 φάγονται,
945 4911 1049 4968 καὶ
1093 4913 1164 4964 οὐ
1197 4908 1282 4978 μὴ
1313 4901 1782 4979 ἐμπλησθῶσιν·
1813 4905 1991 4968 ἐπόρ-

380 5028 630 5072 νευσαν
662 5009 760 5063 καὶ
809 5011 882 5062 οὐ
917 5007 1004 5076 μὴ
1048 5001 1564 5059 κατευθυνθῶσιν.

459 5105 602 5160 MB’.
658 5103 944 5172 Τετήρηκε
986 5098 1150 5164 πάλιν
1208 5097 1320 5158 τοῖς
1368 5094 1427 5162 ἐξ
1473 5093 1704 5164 αἵματος
1772 5088 1990 5161 Ἰσραὴλ

379 5201 450 5254 τὺ
504 5195 882 5264 κατάλειμμα.
941 5192 1068 5245 Ὅτι
1115 5190 1226 5262 γὰρ
1276 5187 1378 5242 οὐκ
1423 5187 1658 5242 εἰσάπαν
1715 5183 1995 5253 οίχήσεται

382 5297 506 5356 τοῖς
555 5289 763 5362 ἱερεῦσι
787 5287 848 5341 τὸ
893 5287 1105 5357 χρῆμα,
1147 5283 1427 5354 διατρανοῖ
1464 5278 1675 5347 λέγων,
1704 5278 1790 5330 ὅτι
1831 5294 1849 5329 ι
1887 5275 1997 5329 Φά-

387 5399 589 5456 γονται
622 5381 743 5452 μὲν,
775 5378 917 5450 πλὴν
938 5377 999 5431 οὐ
1031 5375 1106 5448 μὴ
1133 5370 1544 5446 ἐμπλησθῶσιν.
1581 5389 1600 5421 ι
1624 5368 1749 5425 Εἴτε
1765 5369 1875 5440 γὰρ
1898 5368 1998 5431 τὰς

397 5475 642 5550 ἀρχαίας
696 5472 914 5534 ὲκείνας
967 5468 1063 5523 τοῦ
1128 5466 1347 5538 Ἰσραὴλ
1407 5464 1836 5536 μεταναστάσεις
1901 5463 1996 5515 καὶ

357 5557 362 5568 ἦ
395 5565 788 5637 αἰχμαλωσίας
819 5560 1095 5632 ἐννοήσειέ
1132 5577 1236 5619 τις.
1267 5557 1377 5610 εἴτε
1402 5557 1501 5627 τὴν
1536 5557 1629 5608 ἐπὶ
1657 5553 1880 5627 Χριστῴ
1911 5553 2000 5607 διὰ

397 5660 504 5732 τῆς
537 5659 648 5714 τῶν
705 5657 993 5728 Ῥωμαίων
1025 5653 1206 5726 χειρὸς
1235 5652 1334 5722 τῆς
1383 5651 1643 5713 Ἰουδαίας
1694 5649 1997 5719 ἐρήμωσιν.

491 5837 511 5866 ⁸
546 5839 706 5894 Num.
739 5853 846 5905 xix,
878 5833 934 5890 2.
1014 5838 1032 5864 ⁷
1077 5835 1247 5891 chit.
1283 5849 1391 5898 xiv,
1427 5834 1478 5896 5,
1507 5833 1558 5886 4.

2169 4903 2238 4960 Ει
2271 4902 2562 4964 comedent,
2591 4908 2639 4953 et
2673 4915 2775 4953 non
2809 4895 3203 4967 implebantur;
3247 4892 3497 4962 fornicati
3539 4899 3687 4957 sunt,

2098 5007 2146 5052 et
2179 5013 2281 5049 non
2306 4996 2623 5062 dirigentur.

2171 5087 2329 5143 XLII.
2367 5085 2558 5139 Adhuc
2590 5078 2855 5150 reliquias
2885 5076 3149 5144 lsraelitis
3197 5073 3518 5129 reservavit.
3567 5071 3688 5126 Non

2103 5183 2246 5240 enim
2280 5181 2532 5235 universe
2559 5189 2682 5231 cum
2711 5170 3090 5228 sacerdotibus
3113 5169 3380 5240 perituros
3424 5164 3688 5227 declarat,

2105 5292 2227 5334 cum
2263 5273 2414 5337 dicit,
2453 5290 2472 5323 ι
2513 5269 2804 5326 comedent
2837 5265 3080 5337 quidem,
3112 5263 3206 5318 sed
3241 5275 3346 5315 non
3373 5254 3702 5314 saturabuuo.

2103 5377 2210 5426 tur.
2253 5387 2270 5420 ι
2306 5369 2431 5424 Sive
2453 5367 2596 5422 enim
2628 5372 2842 5419 veteres
2870 5359 2987 5412 illas
3017 5354 3232 5412 Israelis
3261 5347 3696 5418 transmigratio-

2108 5478 2203 5518 nes
2233 5471 2288 5514 ct
2317 5459 2688 5529 captivitates,
2723 5456 2838 5510 sive
2864 5459 3086 5523 propter
3129 5445 3408 5501 Christum
3451 5454 3545 5510 per
3587 5437 3697 5529 lion

2109 5570 2299 5608 manus
2337 5528 2534 5606 Judmze
2576 5549 2781 5603 illatam
2828 5543 3134 5597 vastitatem
3165 5535 3433 5606 quispiam
3489 5528 3698 5598 recogi-

2111 5655 2205 5712 tet,
2247 5647 2298 5699 in
2334 5643 2578 5712 reliquiis
2629 5637 2880 5696 Israelcm
2917 5637 3112 5706 ipsum,
3155 5639 3210 5686 et
3250 5627 3455 5683 cuItttm
3507 5637 3536 5676 a
3583 5621 3702 5690 lege
