4094 6470
453 336 558 396 127

453 542 632 597 ductis
663 543 805 597 enim
841 553 966 599 tunc
998 559 1096 614 per
1127 544 1476 600 Salmanasar
1517 557 1571 602 et
1616 545 2029 615 Theglatpbala-

452 646 543 686 sar
570 634 637 686 ad
678 633 933 703 Assyrios
959 642 1014 688 et
1054 634 1261 699 Medos,
1318 636 1670 690 nihilominus
1700 636 1880 704 exigui
1923 652 2027 690 nu-

453 738 626 785 mero,
662 732 712 777 et
744 725 1081 793 paucissimi,
1111 733 1164 781 et
1196 740 1259 780 ex
1288 724 1542 781 lsraclitis
1571 726 1765 789 relicti,
1791 725 2026 795 legitima

450 815 827 870 sacerdotibus
873 814 1197 882 offerebant,
1243 818 1438 881 obviis,
1474 827 1529 871 et
1563 833 1681 887 quae
1710 820 1775 870 ad
1811 831 2027 870 manum

450 918 604 960 erant
636 922 728 961 eos
760 908 1108 972 honorantes,
1149 919 1203 962 et
1239 926 1267 963 a
1311 911 1588 964 consuetis
1629 910 1769 963 hand
1815 910 2028 977 penitus

452 996 789 1051 recedentes.
834 997 1030 1052 Eodem
1061 1000 1221 1053 modo
1245 1006 1297 1053 ct
1334 1001 1383 1051 in
1420 1012 1690 1069 postremo
1718 999 1879 1064 bello,
1927 1001 2027 1055 sub

452 1087 695 1154 Angusto
721 1086 957 1151 Caesare,
989 1090 1228 1157 inquam,
1261 1092 1697 1159 populationibus
1727 1090 2025 1146 deformata

451 1175 688 1245 ipsorum
720 1180 997 1248 provincia
1030 1182 1094 1233 ad
1141 1197 1355 1237 omnem
1393 1192 1631 1244 ventum,
1694 1197 1786 1235 seu
1839 1182 2024 1237 mundi

452 1266 727 1333 angulum,
760 1283 963 1338 perque
995 1285 1184 1326 omnes
1217 1273 1469 1341 regiones
1512 1282 1566 1324 et
1605 1273 1768 1325 urbes
1797 1272 2025 1341 dispersi

450 1367 574 1409 sunt
597 1356 639 1413 ⁸.
671 1357 1031 1413 Nihilominus
1059 1361 1403 1416 mediocriter
1432 1362 1609 1415 adhuc.
1661 1371 1928 1427 sanctum,
1973 1376 2026 1419 et

452 1447 711 1501 selectum
766 1464 939 1517 genus
984 1461 1324 1515 venerantes,
1381 1467 1501 1521 quae
1540 1462 1789 1521 poterant
1830 1453 2026 1510 offere-

450 1539 601 1602 bant,
630 1548 683 1595 et
716 1543 877 1596 etiam
904 1549 1041 1607 tum,
1067 1558 1377 1614 quanquam
1419 1546 1632 1602 abolitis
1664 1558 1906 1602 veterum
1935 1565 2022 1603 sa-

447 1630 772 1686 crificiorum
809 1634 1166 1699 caeremoniis,
1219 1651 1427 1690 morem
1485 1639 1644 1692 istum
1703 1640 2024 1697 retinebant.

447 1721 658 1777 Amissa
716 1725 914 1794 quippe
967 1724 1329 1797 Jerosolytna,
1365 1730 1679 1786 sacriﬁcare
1721 1732 1788 1787 de
1829 1744 2025 1788 caetero

1475 342 1532 397 S.
1573 340 1845 398 CYRIILI
1882 337 2349 394 ALEXANDRINI
2394 335 2714 393 ARCIIIEP:

450 450 825 521 praescriptum
857 452 1034 508 adhuc
1059 463 1441 510 conservatum
1478 457 1891 510 anitnadvertet.
1921 456 2021 508 Ab-

2131 455 2186 505 ὲν
2217 453 2491 522 λειψάνοις
2514 455 2737 523 εὑρήσει
2768 452 3139 522 τετηρημένον
3176 447 3338 502 αὐτόν

3609 327 3711 383 ιιι

3390 463 3441 500 τε
3489 444 3574 499 τὸν
3612 447 3712 499 ἰσ-

2137 544 2295 615 ραὴλ,
2329 544 2423 597 καὶ
2450 545 2548 614 τὴν
2585 543 2727 597 κατά
2771 542 2935 613 νόμον
2974 540 3253 612 λατρείαν.
3291 538 3716 609 Ἀποκομισθέν-

2133 651 2249 688 των
2273 635 2381 706 γὰρ
2418 635 2479 687 τὸ
2514 634 2766 705 τηνικάδε
2814 633 2904 687 διά
2958 649 3017 685 τε
3057 629 3152 684 τοῦ
3203 629 3570 700 Σαλμανασάρ
3620 628 3732 750 καὶ(

2134 726 2224 750 --ετ
2258 724 2691 750 ra---\_.-_\.._1.-
2731 725 2808 750 -1-
2850 722 3169 750 ’A--..-l-..-
3226 722 3315 750 ...Α
3353 721 3571 750 νάπη...
3619 721 3713 750 ηιμ

2132 726 2226 778 τοῦ
2258 724 2693 795 Θεγλαφαλασάρ
2729 725 2808 788 είς
2850 722 3169 794 Ἀσσυρίους
3226 722 3320 775 καὶ
3352 721 3591 790 Μήδους,
3618 721 3714 771 οὐ·

2132 816 2219 870 δὲν
2251 811 2413 889 ἦττον
2463 818 2512 870 οἱ
2544 816 2765 888 βραχεῖς
2807 816 2901 869 καὶ
2928 815 3196 883 όλιγοστοὶ
3226 815 3320 867 καὶ
3364 813 3715 884 περιλελειμ-

2138 910 2288 981 μένοι
2321 909 2427 963 τῶν
2461 909 2519 975 ἐξ
2555 907 2790 979 Ἰσραὴλ,
2820 907 3098 976 προσῆγον
3136 909 3250 969 τοῖς
3284 904 3488 975 ἱερεῦσι
3525 904 3595 956 τὰ
3623 921 3715 957 νε-

2134 1000 2457 1071 νομισμένα,
2479 1002 2591 1063 τοῖς
2624 998 2764 1052 κατὰ
2801 1000 2961 1068 χεῖρα
2999 995 3270 1065 τιμῶντες
3290 1012 3306 1027 ⁸
3342 996 3438 1049 καὶ
3468 996 3569 1047 οὐκ
3599 995 3706 1059 ἔξω

2131 1091 2242 1144 τῶν
2286 1093 2344 1144 ὲν
2384 1090 2494 1144 ἔθει
2522 1090 2796 1161 γινόμενοι
2828 1088 3127 1152 παντελῶς.
3170 1087 3327 1141 Κατά
3359 1088 3449 1140 τὸν
3490 1086 3602 1140 ἴσον
3654 1086 3711 1140 δὲ

2131 1182 2336 1252 τρόπον
2366 1182 2461 1235 xal.
2496 1184 2553 1236 ὲν
2593 1181 2671 1251 τῷ
2695 1181 2891 1250 λοίσθῳ
2921 1181 3164 1251 πολέμῳ,
3193 1179 3271 1248 τῷ
3302 1180 3394 1232 ἐπὶ
3435 1179 3710 1250 Καίσαρος

2134 1272 2466 1341 Αὐγούστου,
2494 1273 2660 1343 φημὶ,
2696 1272 3141 1343 καταδῃωθείσης
3173 1273 3355 1334 αὐτοῖς
3380 1272 3479 1340 τῆς
3507 1270 3710 1341 χώρας,

2131 1362 2572 1434 ἐσκορπίσθησαν
2605 1362 2706 1431 μὲν
2745 1364 2824 1424 εἰς
2862 1361 3039 1414 πάντα
3075 1361 3294 1431 ἄνεμον,
3336 1362 3430 1413 καὶ
3458 1362 3515 1413 ὲν
3560 1362 3712 1433 πάσῃ

2134 1452 2288 1523 χώρᾳ.
2321 1471 2378 1505 τε
2413 1454 2507 1506 καὶ
2553 1453 2729 1507 πόλει.
2775 1452 2924 1521 Πλὴν
2958 1452 3039 1505 ἔτι
3086 1452 3324 1523 μετρίως
3352 1452 3413 1504 τὸ
3449 1451 3591 1522 ἱερὸν
3618 1454 3714 1505 καὶ

2133 1543 2429 1595 ἀπόλεκτον
2477 1541 2748 1612 τιμῶντες
2775 1542 2952 1611 γένος,
2987 1543 3261 1613 προσῆγον
3294 1541 3362 1594 τὰ
3384 1544 3526 1594 κατὰ
3550 1541 3712 1595 δύνα-

2137 1651 2248 1703 μιν.
2279 1633 2387 1686 Καὶ
2410 1634 2546 1685 εἰσὶν
2572 1636 2628 1686 ὲν
2647 1632 2857 1695 τούτοις
2880 1632 2979 1697 ἔτι,
3008 1633 3185 1686 καίτοι
3206 1633 3314 1686 τῶν
3336 1632 3584 1685 παλαιῶν
3612 1632 3710 1684 θυ-

2135 1725 2264 1777 σιῶν
2309 1724 2823 1794 ἀνατετραμμένων.
2884 1723 3031 1788 Ἔξω
3070 1723 3178 1794 γὰρ
3215 1723 3315 1793 τῆς
3355 1722 3711 1793 Ἰερουσαλὴμ

450 1815 601 1870 nefas
650 1825 788 1870 erat.
832 1835 853 1869 ι
896 1817 1193 1874 Comedent
1230 1820 1410 1891 igitur,
1447 1820 1641 1891 inquit,
1692 1833 1746 1876 et
1782 1840 1888 1877 non
1924 1824 2021 1877 int-

2133 1816 2378 1883 γεγονόσι
2401 1816 2463 1869 τὸ
2491 1815 2636 1868 θύειν
2665 1816 2745 1868 ἔτι
2787 1814 3125 1884 παράνομον.
3161 1832 3180 1863 ι
3216 1814 3483 1881 Φάγονται
3506 1812 3708 1878 τοίνυν,

448 1904 755 1973 plebuntur,
782 1926 801 1960 ι
836 1908 937 1963 hoc
968 1919 1048 1964 est
1074 1925 1268 1980 pauca,
1301 1922 1354 1966 et
1388 1913 1472 1965 vix
1517 1914 1782 1982 accipient
1824 1923 1877 1969 et
1910 1931 2029 1984 quae

449 1997 515 2047 ad
545 1996 851 2051 satietatem
897 1999 1034 2053 haud
1080 2000 1367 2057 sufﬁciant.
1406 2000 1636 2056 Docetur
1680 2004 2030 2061 nihilominus

448 2086 534 2143 his
564 2087 746 2143 verbis
775 2090 982 2160 antiqui
1020 2092 1241 2147 honoris
1286 2093 1498 2148 illorum
1536 2095 1839 2163 subversio,
1884 2113 2027 2166 prae.

450 2180 726 2250 teritaeque
752 2179 1058 2238 securitatis
1084 2184 1326 2239 amissio.
1376 2204 1396 2236 ‹
1450 2185 1717 2253 Quoniam
1773 2189 2028 2244 fornicati

448 2283 596 2338 sunt,
632 2273 826 2342 inquit,
873 2290 977 2329 non
1026 2275 1348 2345 dirigentur.
1415 2295 1434 2329 ι
1493 2276 1829 2348 Impossibile
1882 2281 2024 2335 enim

447 2370 550 2429 est,
579 2370 635 2417 ut
666 2364 797 2428 dixi,
828 2364 995 2419 Deum
1031 2367 1344 2422 deserentes
1373 2367 1501 2438 (hoc
1542 2372 1686 2424 enim
1726 2371 2027 2440 Spiritualis

450 2455 736 2512 fornicatio
770 2468 822 2511 et
856 2458 1072 2513 nomine
1095 2469 1149 2513 et
1191 2475 1249 2513 re
1280 2461 1381 2515 sibi
1417 2461 1548 2528 vult)
1582 2472 1675 2517 ant
1706 2462 1772 2517 ad
1801 2465 2029 2518 satieta-

446 2555 552 2602 tem
578 2548 715 2603 bona
744 2550 1082 2618 suppeditata
1115 2550 1346 2617 habere;
1368 2562 1503 2608 autc
1529 2554 1701 2618 caelis,
1721 2564 1775 2609 et
1792 2555 2027 2626 desuper

444 2638 699 2694 alimenta
735 2652 1107 2710 comportare;
1142 2653 1237 2697 aut
1272 2644 1324 2698 in
1358 2644 1623 2710 consiliis,
1653 2646 1735 2702 vel
1765 2647 1820 2701 in
1856 2650 2028 2703 actio-

443 2732 603 2786 nibus
647 2732 806 2803 dirigi
848 2748 1030 2801 posse.
1082 2734 1225 2789 Deus
1272 2737 1417 2791 enim
1468 2738 1708 2792 omnium
1762 2738 2023 2794 bonorum

446 2833 751 2878 nostrorum
799 2833 1148 2881 conservator
1180 2837 1235 2882 et
1268 2834 1465 2884 mentis
1509 2841 1706 2886 nostrae
1753 2833 2024 2902 guberna-

442 2915 621 2970 culum
655 2926 759 2972 est.

2131 1907 2282 1975 φησὶ,
2325 1904 2415 1959 καί
2453 1906 2513 1957 οὐ
2539 1906 2611 1975 μὴ
2634 1904 3010 1975 ὲμπλησθῶσι,
3051 1921 3071 1953 ι
3099 1903 3395 1965 τουτέστιν,
3425 1902 3584 1969 ὀλίγα
3611 1902 3709 1970 λή-

2129 1994 2314 2064 ψονται
2347 1996 2439 2048 καὶ
2470 1994 2643 2065 μόλις,
2685 1993 2780 2046 καὶ
2820 1994 2919 2046 ὅσα
2952 1994 3088 2061 πρὸς
3121 1993 3282 2063 κόρον
3327 1993 3428 2045 οὐκ
3464 1991 3705 2062 ἐξαρκεῖ.

2130 2085 2523 2140 Καταδεικνύει
2557 2085 2613 2138 δὲ
2644 2086 2794 2138 οὐδὲν
2826 2081 2986 2157 ἦττον
3022 2085 3116 2138 καὶ
3146 2085 3303 2137 τοῦτο
3346 2085 3446 2152 τῆς
3473 2083 3710 2153 ἀρχαίας

2130 2177 2308 2231 αὐτῶν
2353 2177 2516 2247 τιμῆς
2546 2176 2645 2247 τὴν
2684 2175 3025 2246 καθαίρεσιν,
3072 2177 3165 2228 καὶ
3197 2175 3298 2244 τῆς
3330 2174 3708 2245 προλαϐούσης

2129 2270 2395 2341 εὐθυμίας
2444 2269 2544 2339 τὴν
2599 2268 2894 2338 ἀποϐολήν.
2951 2288 2971 2321 ι
3036 2266 3235 2337 Επειδὴ
3278 2266 3708 2340 πεπορνεύκασι,

2129 2361 2315 2427 φησὶν,
2359 2358 2419 2411 οὐ
2459 2359 2535 2429 μὴ
2579 2356 3035 2411 κατευθυνθῶσιν.
3064 2374 3091 2407 ι
3134 2356 3438 2426 Ἀμήχανον
3464 2355 3597 2425 γὰρ,
3632 2354 3711 2419 ὡς

2129 2452 2286 2521 ἔφην,
2340 2451 2467 2515 τοὺς
2505 2450 2915 2520 ἁποφοιτῶντας
2957 2449 3091 2502 Θεοῦ
3145 2449 3324 2519 (τοῦτο
3355 2448 3484 2518 γὰρ,
3530 2445 3708 2519 οἶμαι,

2129 2547 2220 2598 ἐπὶ
2241 2546 2301 2598 τὸ
2328 2544 2431 2614 τῆς
2468 2546 2665 2615 νοητῆς
2693 2543 2949 2614 πορνείας
2981 2541 3155 2612 ὄνομά
3175 2559 3233 2595 τε
3265 2542 3360 2596 καὶ
3391 2541 3604 2612 χρῆμα)
3628 2581 3643 2603 ,
3671 2540 3704 2612 ἢ

2127 2637 2207 2699 εἰς
2253 2634 2414 2705 κόρον
2443 2633 2586 2705 ἔχειν
2606 2633 2705 2705 τὴν
2731 2633 2842 2687 τῶν
2866 2633 3086 2702 ἀγαθῶν
3105 2633 3392 2705 χορηγίαν,
3418 2634 3586 2703 ἤγουν
3617 2631 3711 2684 δύο

2127 2726 2323 2780 »ασθαι
2368 2726 2468 2789 τὰς
2513 2725 2571 2791 ἐξ
2602 2723 2848 2795 οὐρανῶν
2897 2724 2992 2777 καὶ
3030 2722 3237 2776 ἄνωθεν
3276 2720 3709 2791 συγκομίζεσθαι.

2125 2819 2351 2889 τροφὰς,
2376 2818 2409 2887 ἢ
2434 2819 2492 2870 ὲν
2522 2816 2757 2887 βουλαῖς,
2787 2816 2820 2886 ἢ
2845 2818 2903 2868 ὲν
2937 2815 3227 2885 πράγμασι
3260 2811 3706 2867 κατευθύνεσθαι.

2126 2913 2258 2977 Θεὸς
2313 2912 2421 2986 γάρ
2475 2913 2622 2965 ἐστιν
2650 2911 2679 2962 ὁ
2714 2907 2913 2971 παντὸς
2962 2908 3093 2977 ἡμῖν
3127 2905 3332 2974 ἀγαθοῦ
3371 2903 3581 2977 Σωτὴρ,
3615 2903 3710 2958 καὶ

2126 3004 2224 3075 τῆς
2244 3003 2409 3075 οῦσης
2434 3004 2491 3056 ὲν
2529 3003 2658 3073 ἡμῖν
2685 3000 2922 3064 διανοίας
2945 2998 3007 3051 τὸ
3037 2999 3316 3067 πηδάλιον.

516 3091 625 3164 74
662 3093 823 3149 Vens.
868 3094 955 3150 11.
998 3089 1139 3161 Quia
1187 3096 1473 3154 Dominum
1519 3101 1927 3173 dereliquerunt,
1969 3116 2021 3160 ut

2197 3097 2353 3150 Διότι
2404 3094 2511 3148 τόν
2568 3094 2785 3162 Κύριον
2835 3091 3249 3161 ἐγκατέλιπον,
3300 3088 3406 3143 τοῦ
3442 3088 3708 3159 φυλάξαι

445 3184 768 3238 custodirent
798 3186 1223 3255 fornicationem,
1267 3199 1316 3242 et
1365 3191 1561 3259 vinum,
1618 3202 1667 3247 et
1710 3196 1851 3265 quod
1894 3196 2022 3251 'in-

447 3273 654 3329 ebriare
683 3286 869 3345 potest,
898 3279 1121 3346 suscepit
1147 3294 1238 3331 cor
1269 3281 1445 3347 populi
1477 3284 1597 3336 mei.

519 3364 699 3421 XLIII.
735 3366 835 3423 Hic
861 3370 1082 3439 exponit
1117 3385 1330 3434 causas,
1370 3387 1541 3441 quare
1565 3388 1739 3444 neque
1767 3375 2023 3433 alimento

447 3458 758 3526 repleantur
808 3446 1143 3528 sacerdotes,
1204 3477 1378 3532 neque
1428 3464 1657 3533 amplius
1699 3468 2019 3537 dirigantur.

444 3549 708 3617 Quoniam
740 3552 882 3606 enim
932 3561 986 3607 et
1018 3554 1117 3622 ipsi
1158 3569 1187 3607 a
1236 3554 1463 3611 Domino
1498 3556 1883 3625 discesserunt,
1938 3562 2020 3615 in-

443 3645 579 3713 quit,
611 3653 665 3699 et
696 3645 935 3716 magistri
972 3660 1091 3701 cum
1125 3646 1428 3718 discipulis,
1462 3664 1583 3703 cum
1608 3652 1836 3706 subditis
1858 3669 2022 3723 penes

444 3750 578 3804 quos
603 3744 863 3807 potestas,
894 3748 949 3792 et
967 3738 1061 3808 qui
1094 3738 1321 3794 aliorum
1347 3740 1511 3796 duces
1538 3752 1694 3796 erant
1722 3745 2023 3815 praecipites

443 3826 683 3894 fuerunt,
731 3828 937 3885 idcirco
975 3830 1211 3886 divinam
1265 3832 1401 3887 iram
1446 3833 1589 3905 juste
1641 3837 1918 3904 subibunt,
1968 3850 2023 3895 et

441 3932 564 3986 quae
589 3918 707 3973 sine
738 3920 843 3975 fine
889 3931 1271 3991 peccaverunt,
1312 3937 1500 3979 eorum
1555 3917 1742 3997 poenas
1788 3931 2023 3986 sustine-

442 4010 594 4065 bunt.
628 4028 648 4061 ι
686 4010 1069 4067 Custodieruut
1090 4015 1234 4069 enim
1268 4014 1701 4085 fornicationem,
1741 4040 1763 4073 ι
1795 4023 1894 4078 hoc
1911 4033 2017 4088 est,

440 4106 755 4172 eﬂ‘ecerunt,
776 4117 835 4161 ut
858 4108 1054 4177 quibus
1081 4118 1368 4177 praeerant,
1406 4110 1460 4165 in
1496 4128 1682 4168 errore
1706 4127 2017 4183 manerent;

441 4198 657 4254 tametsi
687 4198 865 4267 potius
893 4212 1017 4253 eum
1061 4197 1294 4267 abjicere
1336 4211 1392 4255 et
1438 4205 1803 4260 exterminare
1853 4205 2019 4261 debe—

441 4290 590 4346 bant.
634 4288 1014 4358 Magistrorum
1058 4290 1200 4345 enim
1232 4292 1520 4362 vigilantiae
1545 4304 1644 4358 est,
1701 4297 1942 4352 studiose
1988 4314 2019 4353 e

439 4383 617 4438 medio
652 4397 929 4438 removere
962 4385 1103 4453 quod
1146 4386 1341 4454 populo
1389 4386 1565 4451 obest,
1600 4396 1655 4442 et
1689 4389 1830 4455 quod
1881 4391 2020 4446 Deus

2125 3188 2431 3254 πορνείαν,
2467 3185 2566 3240 καὶ
2601 3182 2786 3252 οἶνον,
2831 3184 2927 3239 καὶ
2960 3183 3243 3253 μέθυσμα
3275 3181 3524 3248 ἐδέξατο
3568 3199 3709 3252 καρ-

2123 3278 2227 3333 δία
2254 3279 2409 3332 λαοῦ
2423 3296 2565 3348 μου.

2194 3370 2441 3433 ΜΓ¹.Τά;
2465 3371 2645 3434 αίτίας
2666 3368 2858 3424 ἐνθάδε
2879 3369 3033 3439 φησὶ,
3047 3368 3139 3422 τοῦ
3161 3369 3299 3439 μήτε
3323 3369 3529 3440 τροφῆς
3544 3367 3714 3440 ὲμπίο

2124 3463 2380 3524 πλασθαι,
2420 3463 2558 3534 μήτε
2602 3462 2707 3534 μὴν
2757 3462 2836 3516 ἔτι
2876 3460 3302 3515 κατευθύνεσθαι
3336 3463 3463 3525 τοὺς
3504 3462 3717 3533 ἱερουρ-

2122 3552 2272 3622 γούς.
2314 3553 2531 3623 Ἐπειδὴ
2579 3552 2687 3623 γὰρ
2722 3551 3023 3623 ἀπῲχοντο,
3080 3552 3233 3623 φησὶ,
3269 3553 3364 3606 καὶ
3412 3554 3567 3606 αὐτοὶ
3614 3553 3714 3608 τοῦ

2123 3646 2351 3716 Κυρίου,
2410 3647 2505 3698 καὶ
2563 3631 3139 3707 συναπώλισθον’τοτς
3197 3644 3607 3717 παιδευομένοις
3658 3647 3714 3700 ei

2123 3736 2427 3800 παιδευταί,
2464 3738 2576 3800 τοῖς
2603 3735 2707 3789 ὑπὸ
2742 3737 2900 3807 χεῖρα
2952 3736 3046 3790 καὶ
3094 3735 3340 3801 ἐξουσίαν
3369 3738 3417 3791 οί
3452 3739 3716 3809 καθηγεῖο

2122 3828 2243 3881 σθαι
2264 3828 2539 3899 λαχόντες,
2579 3826 2836 3898 ταύτῃτοι
2875 3827 3098 3891 δικαίως
3142 3828 3245 3882 ὑπὸ
3302 3828 3453 3883 θείαν
3493 3829 3712 3889 ἔσονται

2125 3924 2375 3994 μήνισιν,
2412 3922 2505 3974 καὶ
2549 3921 2707 3984 δίκας
2749 3919 3004 3990 ὑφέξουσι
3046 3921 3153 3977 τῶν
3196 3922 3589 3993 ἀκαταλήκτως
3626 3924 3711 3977 δι-

2104 4014 2521 4085 ,επταισμένωψ
2556 4033 2574 4063 ι
2601 4014 2954 4083 Ἰέτηρήκασι
3001 4015 3112 4086 γὰρ
3158 4016 3434 4086 πορνείαν,
3499 4036 3516 4067 ι
3555 4033 3710 4069 τουτ-

2122 4106 2262 4169 έστι,
2306 4104 2576 4168 σώζεσθαι
2626 4104 3047 4176 παρεσκεύασαν
3101 4109 3214 4170 τοῖς
3243 4107 3353 4160 ὑπὸ
3395 4110 3556 4177 χεῖρα
3607 4108 3708 4175 τὴν

2122 4197 2409 4259 πλάνησιν,
2441 4196 2618 4250 καίτοι
2647 4196 2846 4267 μᾶλλον
2883 4198 3053 4269 αὐτὴν
3079 4198 3142 4250 ὲκ
3166 4200 3332 4269 μέσου
3356 4198 3706 4272 διαρρίπτειν

2122 4286 2216 4339 καὶ
2255 4285 2542 4353 ἀφανίζειν
2581 4287 2905 4355 ὀφείλοντες.
2952 4290 3299 4345 Διδασκάλων
3359 4291 3469 4363 γὰρ
3519 4290 3701 4361 νῆψις,

2120 4378 2181 4431 τὸ
2234 4378 2397 4441 λαοὺς
2429 4378 2649 4432 ἀδικοῦν
2688 4382 2751 4433 ἐκ
2783 4381 2951 4451 μέσου
2993 4380 3263 4436 ποιεῖσθαι
3312 4381 3400 4435 διὰ
3442 4383 3701 4453 σπουδῆς,

437 4475 571 4540 odit,
600 4474 717 4530 sine
742 4489 893 4530 mora
923 4474 1130 4531 tollere.
1167 4476 1321 4543 Quod
1355 4476 1400 4533 si
1428 4475 1607 4532 facere
1632 4479 2013 4546 abhorrentes,

2125 4471 2213 4523 καὶ
2247 4469 2324 4538 τῷ
2350 4469 2469 4540 Θεῷ
2497 4471 2764 4542 στυγητδν
2801 4471 3068 4542 ἀμελλητὶ
3101 4472 3523 4544 καταστρέφειν.
3554 4474 3616 4526 Εἰ
3646 4474 3705 4527 δὲ

437 4580 660 4623 manere
687 4566 1102 4637 quodammodo,
1136 4575 1192 4620 et
1223 4565 1443 4620 retineri
1472 4580 1635 4633 opera
1663 4568 1866 4622 erroris
1890 4583 2014 4637 per-

437 4660 695 4726 mittunt,
747 4660 857 4715 imo
908 4666 1095 4714 contra
1152 4659 1330 4727 potius
1382 4658 1725 4723 conﬁrmant,
1782 4668 1911 4716 tunc
1959 4670 2016 4716 et

438 4765 593 4807 mens
624 4764 812 4805 eorum
836 4751 926 4820 qui
954 4750 1295 4816 erudiuntur,
1329 4758 1584 4817 tanquam
1620 4751 1800 4804 vinum
1828 4761 1883 4806 et
1935 4754 2016 4807 in-

434 4843 835 4900 ebriamentum
862 4842 1086 4898 omnino
1106 4838 1544 4908 suscipiet.Unde
1570 4842 1736 4909 enim,
1768 4853 1861 4897 aut
1881 4859 2015 4914 quo-

436 4935 597 4991 modo
641 4934 940 5006 vigilabunt
987 4931 1263 5002 discipuli,
1315 4933 1618 5001 mentisque
1676 4934 1893 4989 oculum
1944 4938 2011 4991 ad

435 5041 563 5081 vere
589 5032 643 5079 et
670 5032 860 5079 natura
897 5023 1067 5078 Deum
1112 5022 1379 5091 aperient,
1426 5023 1470 5076 si
1509 5038 1603 5078 eos
1649 5024 1920 5096 paedagogi
1958 5036 2014 5082 et

434 5118 853 5175 conducibilium
888 5116 1140 5171 doctores
1175 5114 1350 5167 adhuc
1380 5114 1448 5167 ad
1480 5128 1719 5169 errorem
1757 5118 2013 5173 corrobo-

436 5212 589 5267 rant?
628 5213 691 5266 Et
716 5212 821 5266 hoc
845 5217 948 5273 est,
988 5208 1042 5262 ni
1080 5206 1257 5269 fallor,
1290 5205 1433 5276 quod
1473 5206 1613 5275 apud
1665 5207 1826 5262 alium
1880 5224 2009 5278 pro-

434 5304 650 5373 phetam
691 5301 917 5372 legimus
948 5311 965 5353 :
1014 5315 1034 5349 ι
1066 5296 1391 5352 Sacerdotes
1426 5313 1530 5352 non
1577 5299 1827 5354 dixerunt
1856 5316 1869 5352 :
1903 5300 2008 5358 Ubi

432 5402 515 5448 est
545 5391 841 5447 Dominus?
873 5399 927 5444 et
950 5390 1042 5460 qui
1070 5390 1422 5444 adhaerebant
1448 5388 1548 5459 legi
1581 5404 1732 5455 mere,
1761 5408 1866 5448 non
1893 5407 2010 5447 cre-

432 5481 688 5539 diderunt
716 5482 772 5535 in
806 5495 913 5548 me,
957 5489 1013 5536 et
1052 5491 1301 5551 pastores
1336 5481 1498 5551 impie
1538 5493 1765 5553 egerunt
1802 5484 1852 5537 in
1902 5499 2007 5550 me,

430 5584 490 5632 et
521 5573 795 5647 propheta:
818 5575 1212 5645 prophetabant
1264 5574 1390 5630 BaaI
1432 5577 1488 5645 ’ς
1544 5595 1563 5631 ι
1620 5586 1675 5633 et
1721 5593 1933 5633 rursum
1992 5596 2006 5634 :

507 5752 531 5783 ⁸
557 5750 721 5809 Zacb.
761 5768 822 5818 ιι,
850 5753 901 5806 6.
978 5748 1131 5807 ’Jer.
1170 5766 1228 5821 Il,
1271 5750 1321 5807 8.

2116 4562 2180 4635 δὴ
2222 4561 2379 4616 τοῦτο
2424 4562 2557 4635 δρᾷν
2591 4564 2692 4618 οὐκ
2749 4565 3088 4636 ἀνεχόμενοι,
3137 4567 3321 4637 μένειν
3364 4566 3555 4638 ῶσπερ
3608 4568 3704 4622 καὶ

2118 4652 2389 4718 σώζεσθαι
2430 4656 2528 4727 τῆς
2560 4655 2879 4728 πλανήσεως
2912 4657 3051 4729 ἔργα
3096 4657 3473 4730 συγχωροῦσιν
3522 4661 3700 4728 αὐτοὶ,

2119 4746 2321 4818 μᾶλλον
2346 4748 2403 4802 δὲ
2430 4750 2526 4804 καὶ
2567 4750 2893 4805 συνιστῶσιν
2921 4754 2986 4806 ἑκ
3009 4752 3117 4806 τῶν
3154 4755 3432 4818 ἐναντίων,
3462 4755 3524 4808 τὸ
3552 4773 3705 4826 τηνι-

2113 4839 2244 4892 κάδε
2269 4839 2333 4911 δὴ
2369 4840 2589 4903 πάντως
2619 4837 2762 4895 οἶνον
2796 4840 2985 4914 ὥσπερ
3028 4861 3078 4897 τι
3126 4844 3219 4898 καὶ
3254 4844 3513 4915 μὲθυσμα
3555 4846 3651 4899 καὶ
3674 4848 3703 4899 ό

2114 4932 2222 4986 τῶν
2245 4933 2778 5003 παιδαγωγουμένων
2816 4912 3119 5000 είσδέτξεται
3155 4912 3317 4998 νοῦς.
3354 4912 3529 4991 Πόθεν
3566 4912 3726 5010 γάρ,ί

2113 5026 2146 5096 ἢ
2189 5025 2308 5089 πῶς
2333 5025 2398 5079 ἂν
2422 5025 2579 5096 ἔσχον
2607 5028 2799 5097 νήφειν
2829 5028 2881 5081 οἱ
2904 5026 3164 5098 μαθηταὶ,
3196 5030 3293 5083 καὶ
3335 5029 3701 5098 διανοιγνύναι

2115 5116 2378 5171 δύνασθαι
2422 5118 2523 5187 τῆς
2555 5118 2796 5182 διανοίας
2826 5119 2917 5172 τὸν
2946 5119 3223 5191 ὀφθαλμὸν
3267 5120 3404 5192 πρὸς
3433 5121 3525 5176 τὸν
3573 5121 3703 5193 ἀλη-

2116 5206 2225 5269 θῶς
2281 5206 2376 5260 καὶ
2428 5207 2586 5276 φύσει
2624 5208 2775 5274 Θεὸν,
2830 5210 2989 5281 είπερ
3021 5211 3219 5274 αὐτοὺς
3256 5213 3308 5265 οί
3340 5213 3696 5281 παιδαγωγοὶ,

2116 5298 2334 5352 καὶτῶν
2353 5300 2741 5371 συμφερόντων
2763 5302 3055 5372 εἰσηγηταὶ
3075 5302 3170 5355 καὶ
3192 5305 3701 5377 προσεμπαιδεύουο

2118 5407 2202 5443 σιν
2230 5389 2311 5443 ἔτι
2360 5390 2496 5463 πρὸς
2530 5391 2592 5445 τὸ
2639 5392 2942 5447 πλανᾶσθαι
2976 5392 3120 5459 δεῖν;
3152 5395 3260 5448 Καὶ
3301 5396 3477 5463 τοῦτο,
3516 5392 3694 5467 οἶμαι,

2116 5484 2233 5537 ἐστὶ
2254 5484 2316 5537 τὸ
2347 5483 2415 5537 δι’
2457 5485 2646 5557 ἑτέρου
2686 5486 2967 5556 προφήτου
3004 5489 3190 5557 σαφῶς
3235 5490 3544 5561 είρημένον·
3579 5509 3597 5542 ι
3631 5493 3693 5545 Ol

2120 5578 2284 5648 ἱερεῖς
2308 5578 2407 5631 οὐκ
2432 5573 2613 5633 εἶπαν·
2647 5576 2758 5631 Ποῦ
2781 5576 2895 5632 ἔστι
2922 5578 3158 5650 Κύριος;
3184 5581 3292 5635 Καὶ
3319 5583 3369 5635 οἱ
3399 5582 3694 5654 ἀντεχόμε-
