4094 6528
429 371 532 426 129
1357 371 1868 429 (ΣΟΜΜΕΝΤΛΒΙΕ
1885 375 1920 427 S
1964 370 2029 426 ΙΝ

2146 370 2306 424 ΞΙΞᾹΜ
2347 371 2796 428 ΡΒΟΙἭΕΤΑΜ.
3639 382 3742 437 150

427 515 506 549 νοι
541 495 640 548 τοῦ
673 496 841 568 νόμου
874 515 976 569 μου
997 498 1108 552 -οὑκ
1143 498 1445 567 ἠπίσταντό
1465 521 1552 574 με.
1577 506 1687 559 Καὶ
1711 507 1759 558 οἱ
1790 505 2039 575 ποιμένες

2157 522 2174 554 ι
2217 504 2338 558 Filii
2382 508 2508 570 mei,
2542 518 2594 562 et
2625 524 2752 563 oves
2802 525 2934 565 mea:
2976 525 3082 566 non
3128 521 3276 579 sunt,
3331 529 3439 570 non
3471 521 3552 570 est
3588 512 3742 566 locus

427 589 713 660 ὴσέϐησαν
741 591 823 654 εἰς
851 591 974 660 ἐμέ·
1013 592 1110 643 καὶ
1157 592 1206 643 οἱ
1242 594 1521 664 προφῆται
1567 598 1941 667 προεφήτευον
1968 600 2036 666 τῇ

2151 602 2368 654 tcttlorii
2405 604 2530 667 mei,
2568 603 2719 659 locus
2743 605 2960 673 pellium
3002 622 3277 674 mearum;
3317 610 3444 678 quia
3491 615 3743 679 pastores

423 681 600 736 Βάαλ.
629 701 648 734 ι
685 683 798 736 Καὶ
832 683 1031 737 πάλιν·
1073 703 1090 736 ι
1129 687 1192 738 Oi.
1237 686 1341 738 υἱοί
1392 703 1495 757 μου
1548 690 1643 742 καὶ
1676 690 1744 741 τὰ
1786 689 2037 759 πρόϐατά

2149 693 2311 747 stulte
2341 707 2588 765 egerunt,
2621 706 2674 749 et
2705 697 2990 753 Dominum
3022 715 3127 755 non
3161 703 3556 771 exquisierunt.
3600 697 3740 751 Pro-

420 789 530 842 μου
559 773 664 826 οὐκ
690 775 852 837 εἰσὶν,
880 774 981 827 οὐκ
1013 774 1130 826 ἐστι
1159 775 1322 838 τόπος
1350 777 1452 847 τῆς
1486 779 1690 852 σκηνῆς
1721 795 1846 849 μου,
1876 780 2038 841 τόπος

2148 796 2267 854 pter
2285 787 2385 840 hoc
2401 804 2504 843 non
2521 789 2971 846 intellexitomnis
2988 809 3140 863 grex,
3160 803 3212 849 et
3229 794 3459 864 dispersi
3477 802 3605 848 sunt
3623 791 3687 844 ¹⁰.
3713 807 3733 840 ι

418 863 532 917 τῶν
563 863 806 937 aegesta».
835 882 958 936 μου.
995 867 1116 919 Ὅτι
1167 869 1425 938 ποιμένες
1466 873 1896 942 ἡφρονεύσαντο,
1944 876 2039 929 καὶ
2077 878 2168 934 τὸν
2206 881 2416 952 Κύριον
2479 884 2579 937 οὐκ
2643 883 2998 957 ἐξεζήτησαν.
3049 887 3150 942 Διά
3183 863 3344 942 τοῦτο
3393 887 3494 942 οὐκ
3547 886 3739 955 ἐνόησε

414 960 582 1012 πᾶσα
608 959 641 1028 ἡ
672 957 835 1030 νομὴ,
873 959 969 1012 καὶ
991 961 1516 1034 διεσκορπίσθησαν.
1551 981 1570 1013 ι

509 1095 611 1145 Ἐν
643 1094 976 1161 συμϐόλοις
1002 1095 1342 1164 ἐπηρώτων,
1395 1097 1497 1153 καὶ
1534 1098 1605 1153 ἐν
1643 1099 1893 1168 ῥάϐδοις
1939 1101 2040 1156 αὐ·
2072 1139 2080 1147 -

412 1183 550 1237 τῶν
579 1185 980 1256 ἀπήγγελλον
995 1189 1173 1254 αὐτῷ.

497 1325 634 1376 ΜΔ’.
675 1325 810 1378 Τίνα
855 1327 1057 1397 τρόπον
1092 1328 1518 1384 καταλελοίπασι
1552 1331 1651 1401 μὲν
1681 1330 1774 1383 τὸν
1800 1330 2032 1404 Κύριον,

407 1417 768 1486 τετηρήκασι
822 1418 877 1470 δὲ
935 1420 1035 1490 τὴν
1079 1422 1364 1492 πορνείαν,
1403 1422 1729 1494 καθίστησιν
1774 1425 2031 1495 ἐναργές.

410 1507 775 1578 Συνθελητὴν
819 1509 928 1581 γὰρ
947 1515 1059 1574 τοῖς
1081 1513 1458 1584 πλανωμένοις
1484 1515 1776 1584 ἀποφαίνει
1794 1515 1885 1569 τὸν
1906 1534 2036 1570 παι-

407 1601 623 1671 δευτὴν
643 1620 654 1630 ·
684 1603 778 1656 καὶ
798 1602 894 1668 οὓς
918 1601 985 1676 ἦν
1009 1606 1177 1670 εἰκὸς,
1201 1608 1402 1678 μᾶλλον
1423 1609 1478 1662 δὲ
1503 1609 1600 1680 ἤδη
1621 1609 1711 1662 καὶ
1734 1609 2032 1678 ἀναγκαῖον

407 1696 535 1756 τοῖς
568 1693 740 1758 θείοις
777 1696 1010 1750 ἕπεσθαι
1032 1699 1239 1769 νόμοις,
1269 1701 1364 1754 καὶ⁸
1385 1701 1744 1771 ἀποκομίζειν
1768 1704 1848 1765 εἰς
1875 1701 2033 1755 τοῦτο

2218 1105 2386 1163 Vsus.
2418 1108 2506 1163 12.
2541 1109 2608 1165 In
2640 1113 2891 1183 symbolis
2930 1115 3345 1185 interrogabant,
3389 1124 3436 1168 et
3473 1117 3526 1168 in
3573 1117 3733 1187 virgis

2141 1204 2253 1254 suis
2281 1204 2670 1259 annuntiabant
2703 1208 2751 1260 ei

2217 1329 2407 1389 XLIV.
2443 1335 2689 1403 Quonam
2724 1348 2884 1393 mouo
2917 1336 3204 1395 Dominum
3249 1339 3583 1410 reliquerint,
3621 1340 3732 1396 for-

2138 1429 2466 1485 nicationem
2517 1442 2697 1486 autem
2743 1434 3119 1499 custodierint,
3154 1433 3439 1489 manifeste
3473 1435 3732 1489 ostendit.

2144 1520 2516 1577 lnstitutorem
2550 1525 2694 1579 enim
2729 1541 2848 1579 eum
2885 1525 3121 1580 seductis
3163 1527 3507 1597 conspirasse
3552 1527 3731 1582 docet.

2141 1612 2207 1667 Et
2233 1630 2368 1682 quos
2397 1627 2847 1682 consentaneum,
2881 1617 2965 1672 vel
3005 1617 3182 1685 potius
3211 1619 3581 1672 necessarium
3615 1628 3734 1672 erat

2141 1705 2352 1762 divinas
2389 1707 2533 1778 leges
2577 1709 2753 1777 sequi,
2799 1717 2853 1762 et
2886 1723 2951 1763 eo
2981 1707 3253 1776 subjectos
3284 1710 3572 1776 adducere,
3609 1710 3730 1775 bos,

406 1787 549 1848 τοὺς
579 1787 1052 1859 ὑπεζευγμένους,
1069 1791 1313 1857 τούτους,
1332 1792 1408 1856 ὡς
1431 1791 1588 1862 ἔφην,
1610 1792 1680 1846 τά
1702 1793 1800 1863 τῆς
1824 1792 2032 1862 πλάνης

2146 1808 2198 1854 ut
2221 1801 2353 1867 dixi,
2385 1801 2719 1857 seductionis
2746 1801 2956 1871 piacula
2997 1802 3341 1856 committere
3379 1803 3595 1872 planum
3649 1798 3732 1854 fa-

404 1879 774 1948 πληροῦντας
828 1882 1154 1954 ἐγκλήματα
1191 1883 1463 1938 δείκνυσιν
1512 1887 1780 1959 ἐναργῶς.
1825 1887 2034 1959 ’ῌεσαν

409 1969 520 2038 μὲν
584 1970 696 2041 γὰρ
729 1971 865 2042 πρὸς
904 1972 1102 2038 αὐτούς
1151 1992 1317 2041 τινες,
1378 1975 1674 2047 μανθάνειν
1729 1976 2027 2045 ἐθέλοντες,

409 2061 745 2133 φησί’),ήτοι
769 2063 838 2117 τὰ
869 2065 1105 2136 ἐσόμενα
1121 2067 1305 2138 τυχὸν,
1333 2068 1500 2138 ἦγουν
1527 2068 1595 2122 τὰ
1629 2068 1749 2122 καθ’
1781 2070 2030 2136 ἑαυτοὺς,

411 2153 515 2205 καὶ
541 2155 605 2206 ὲν
635 2151 720 2216 οἷς
749 2154 816 2209 ἂν
847 2152 959 2210 εἷεν
994 2160 1225 2228 καιροῖς,
1259 2159 1292 2228 ἢ
1326 2159 1670 2230 πράγμασιν.
1715 2161 1777 2213 Οί
1813 2161 1869 2214 δὲ
1909 2161 2034 2224 τοὺς

412 2247 755 2317 προσιόντας
796 2250 989 2314 αὐτοῖς
1033 2252 1219 2305 οὐκέτι
1242 2251 1397 2324 παρά
1423 2252 1559 2306 Θεοῦ
1597 2253 1667 2307 τὰ
1695 2253 1874 2308 τοιάδε
1911 2253 2032 2324 βού-

413 2339 612 2392 λεσθαι
645 2341 831 2413 ζητεῖν
849 2344 1247 2409 δυσσεϐοὖντες
1281 2343 1588 2408 ἀνέπειθον,
1611 2345 1728 2399 ἀλλ’
1753 2347 1810 2399 ἐν
1831 2363 1894 2399 συ
1905 2346 2035 2417 μϐὀ-

419 2432 542 2496 λοις
613 2433 943 2505 ἐπηρώτων,
981 2436 1250 2502 τουτέστι,
1300 2438 1387 2492 διὰ
1434 2439 1680 2509 σημείων
1733 2440 1895 2494 τινῶν
1939 2441 2035 2494 καὶ

414 2525 813 2596 ἐπιτηρήσεων
839 2527 992 2598 παρὰ
1026 2527 1132 2580 τῶν
1160 2528 1491 2600 ἀκαθάρτων
1524 2530 1854 2600 πνευμάτων
1895 2548 2034 2601 μαν-

417 2616 610 2671 θάνειν
645 2618 896 2689 ἐζήτουν.
943 2603 1213 2692 Καθάπερ
1242 2622 1434 2691 ἀμέλει
1470 2623 1562 2676 καὶ
1597 2623 1826 2694 Βαλαὰμ
1867 2641 2034 2678 κατα-

417 2710 791 2776 μαντεύεσθαί
831 2728 962 2766 ποτε
1015 2714 1123 2766 τῶν
1169 2715 1228 2781 ἐξ
1269 2715 1486 2786 Ἰσραὴλ
1533 2717 1842 2786 ἐπεχείρει’
1878 2717 2037 2770 τοῦτο

421 2802 532 2870 γάρ
562 2801 784 2856 ἐκέλευε
813 2803 947 2875 δρᾷν
983 2805 1167 2859 Βαλὰκ
1200 2806 1314 2870 υἱὸς
1340 2805 1514 2877 Βεὼρ.
1546 2807 1605 2858 Ὀ
1632 2807 1708 2872 δέ,
1753 2827 1769 2859 ι
1805 2809 2036 2878 Ποίησον

417 2912 536 2962 μοι,
583 2915 602 2946 ι
648 2896 834 2967 φησὶν,
878 2916 896 2948 ι
933 2890 1035 2951 ὧδε
1078 2898 1222 2951 ἑπτὰ
1271 2897 1514 2970 βωμοὺς,
1563 2899 1659 2951 καὶ
1705 2901 1909 2970 σφάξον
1947 2919 2036 2971 μοι

416 2987 566 3040 ἐπτὰ
632 2989 894 3058 μόσχους,
952 2991 1048 3044 xal.
1093 2992 1236 3046 ἐπτὰ
1281 2993 1491 3063 κριοὺς,
1544 2996 1638 3047 καὶ
1692 2993 2036 3064 πορεύσομαι

415 3077 717 3131 κατέναντι
741 3079 854 3132 τῶν
885 3081 1114 3137 οἰωνῶν.
1153 3103 1171 3135 ι
1207 3084 1276 3136 Ἢ
1301 3085 1411 3156 γὰρ
1444 3086 1572 3148 τοὺς
1619 3085 1868 3156 καρποὺς
1912 3085 2038 3148 τοὺς

2142 1892 2235 1947 cit.
2267 1890 2449 1946 lerant
2478 1894 2622 1947 enim
2652 1895 2793 1964 apud
2825 1909 2918 1949 eos
2949 1893 3192 1963 quidam,
3231 1893 3426 1963 inquit,
3469 1901 3732 1948 eventura

2143 1988 2394 2050 fortasse,
2420 1985 2527 2056 75
2559 1995 2651 2040 aut
2680 1986 2782 2041 sibi
2811 1986 2988 2040 futura
3019 1987 3262 2041 volentes
3286 1999 3638 2056 cognoscere,
3680 1992 3733 2038 et

2142 2077 2196 2132 in
2233 2093 2353 2147 qua:
2386 2087 2654 2146 tempora,
2688 2086 2780 2132 aut
2829 2092 3011 2132 rerum
3054 2085 3252 2132 statum
3302 2075 3556 2130 devenire
3605 2090 3729 2142 pos-

2141 2177 2283 2226 sent.
2317 2169 2396 2224 Illi
2428 2184 2557 2224 vero
2589 2169 2654 2223 ad
2691 2183 2750 2224 se
2780 2168 3103 2224 adeuntibus
3147 2183 3252 2222 non
3294 2165 3426 2234 jam,
3453 2174 3512 2220 ut.
3554 2182 3582 2218 a
3625 2165 3732 2218 Deo

2142 2260 2448 2328 hujus-modi
2501 2261 2875 2329 exquirerent,
2924 2259 3089 2330 impie
3137 2259 3472 2325 suadebant;
3539 2258 3632 2311 sed
3679 2257 3732 2310 in

2143 2352 2408 2424 symbolis
2437 2352 2870 2420 interrogabant,
2907 2351 3009 2405 hoc
3041 2359 3143 2414 est,
3179 2365 3276 2420 per
3304 2349 3455 2418 signa
3488 2347 3734 2416 quantam

2142 2455 2197 2500 et
2221 2444 2634 2499 observationes
2667 2445 2735 2498 ab
2765 2443 2991 2511 impuris
3026 2442 3308 2512 spiritibus
3337 2441 3546 2494 discere
3571 2453 3735 2492 cona-

2145 2539 2374 2600 bantur;
2403 2534 2542 2589 sicut
2568 2543 2622 2588 et
2651 2533 2868 2589 Balaam
2896 2533 3187 2602 aliquando
3237 2534 3522 2587 adversum
3567 2530 3734 2584 lsrael

2146 2627 2461 2682 vaticinium
2519 2627 2799 2688 tentabat;
2856 2627 2904 2679 id
2950 2628 3095 2680 enim
3155 2625 3334 2680 facere
3381 2623 3543 2678 Balac
3594 2622 3734 2676 {ilius

2144 2717 2281 2772 Beor
2311 2718 2599 2788 jubebat.«
2639 2717 2898 2780 Exstrue,
2947 2717 3144 2785 inquit,
3203 2717 3331 2771 mihi
3388 2717 3476 2771 hic
3527 2727 3733 2784 septem

2145 2826 2291 2873 aras,
2323 2821 2375 2864 et
2413 2820 2586 2864 macta
2617 2811 2744 2863 mibi
2772 2819 2975 2878 septem
3012 2808 3231 2873 vitulos,
3257 2819 3310 2864 et
3354 2819 3560 2875 septem
3594 2809 3735 2861 arie-

2146 2909 2246 2965 tes,
2285 2911 2339 2956 et
2369 2901 2597 2970 captaho
2631 2903 2914 2971 augurium
2960 2901 3026 2954 “.
3067 2920 3084 2953 ι
3136 2901 3245 2954 Aut
3291 2901 3433 2954 enim
3477 2898 3661 2967 fruges
3704 2915 3735 2953 c

2146 2995 2318 3050 sueris
2347 2992 2478 3048 focis
2508 2993 2823 3048 exsilientes
2870 2993 3312 3056 considerabant,
3359 3005 3466 3060 quo
3507 2999 3562 3044 et
3598 3004 3737 3059 quo-

2174 3087 2307 3140 nodo
2342 3085 2681 3154 prosilirent;
2731 3095 2821 3138 aut
2867 3084 3254 3154 palpitationes
3305 3083 3567 3154 jecinoris
3613 3098 3736 3151 spe-

417 3173 486 3223 ἐκ
553 3170 666 3223 τῶν
732 3171 935 3224 θυσιῶν
1001 3173 1458 3244 ἀναθρώσκοντας
1538 3175 2036 3238 κατασκέπτονται,

2146 3177 2470 3232 cuiabantur
2498 3177 2718 3242 miseri;
2761 3187 2855 3231 aut
2889 3186 3037 3232 certe
3070 3177 3280 3232 volatus
3308 3178 3486 3232 avium
3522 3177 3738 3231 curiose

556 3281 619 3316 τε
645 3265 740 3316 καὶ
763 3265 936 3329 ὅπως,
969 3266 1105 3336 ὑψοῦ
1138 3285 1198 3320 τε
1227 3269 1321 3322 καὶ
1348 3268 1459 3322 άνω
1483 3268 1822 3322 διάττουσιν·
1853 3268 1884 3336 ἢ
1913 3269 2040 3331 τοὺς

414 3356 478 3408 ὲν
535 3357 715 3426 ἥπατι
805 3358 1160 3429 σφαδασμοὺς
1223 3359 1616 3431 περιαθροῦσιν
1670 3362 1720 3413 οξ
1780 3359 2035 3414 δείλαιοι·

414 3452 596 3522 ἧγουν
631 3451 732 3514 τὰς
770 3451 829 3518 ἐξ
868 3453 1074 3506 οἰωνῶν
1102 3454 1564 3524 περιεργάζονται
1606 3456 1857 3525 πτήσεις.
1903 3455 2043 3506 Οἰω-

413 3544 718 3596 νοσκοπίαι
753 3544 829 3605 δὲ,
870 3546 965 3597 καὶ
1008 3546 1267 3617 μαντικὴ,
1329 3547 1424 3598 καὶ
1477 3546 1656 3600 τοιάδε
1710 3546 1818 3599 τῶν
1852 3545 2040 3599 κακῶν

413 3636 525 3706 τῆς
553 3638 638 3698 είς
669 3635 826 3705 λῆξιν
851 3636 1092 3710 ἡκούσης
1130 3637 1454 3700 δυσσεϐείας
1477 3637 1824 3708 ἐγκλήματα,
1850 3637 1946 3690 καὶ
1977 3639 2035 3692 ἐν

413 3732 536 3793 τοῖς
571 3728 914 3794 κατωτάτοις
941 3730 1039 3801 τῆς
1074 3730 1520 3801 είδωλολατρείας
1543 3729 1794 3800 ἔρχονται
1820 3731 2032 3801 μυχοῖς.

419 3844 439 3874 ε
492 3824 610 3876 Καὶ
644 3825 702 3875 ἐν
732 3824 952 3892 ῥάϐδοις
978 3824 1156 3878 αὐτῶν
1191 3823 1536 3895 ἀπήγγελλον
1563 3823 1733 3894 αὐτῷ.
1763 3843 1782 3875 ι
1831 3824 2044 3892 Ἀφικο-

423 3916 646 3985 μένοις,
672 3916 828 3986 φησι,
857 3915 996 3986 πρὸς
1015 3916 1213 3979 αὐτοὺς
1238 3918 1351 3978 τοῖς
1378 3915 1439 3980 ἐξ
1476 3914 1712 3986 Ἰσραὴλ,
1737 3913 1901 3967 καίτι
1932 3913 2041 3967 τῶν

420 4007 581 4058 ἰδίων
609 4006 865 4059 διειδέναι
906 4006 1325 4070 σπουδάζουσιν,
1361 4006 1482 4077 οὐχὶ
1537 4005 1696 4075 μόνον
1736 4007 1795 4057 ἐν
1835 4003 2042 4074 συμϐό-

418 4107 562 4163 λοις,
598 4098 738 4151 ἀλλά
785 4100 879 4152 καὶ
905 4103 962 4152 ἐν
996 4099 1214 4169 ῥάϐδοις
1249 4098 1429 4152 αὐτῶν
1460 4096 1802 4168 ἀπήγγελλον
1835 4097 2039 4158 αὐτοῖς.

417 4193 651 4257 Τρόπος
698 4191 756 4244 δὲ
802 4185 958 4254 οὗτος
1008 4192 1231 4261 ἀπάτης
1277 4191 1486 4261 ἕτερος,
1547 4187 1946 4260 ραϐδομαντεία
1982 4187 2044 4240 τὸ

420 4287 648 4356 χρῆμα,
681 4285 776 4337 καὶ
806 4284 1018 4356 εὓρεμά
1043 4303 1147 4338 που
1171 4285 1312 4356 τάχα
1357 4285 1454 4354 τῆς
1487 4281 1774 4337 Χαλδαίων
1819 4298 2043 4352 περιερ-

419 4377 575 4445 γίας.
637 4377 1099 4446 Κατεμαντεύετο
1148 4375 1258 4447 γὰρ
1301 4375 1476 4438 οὕτως
1528 4374 1630 4444 τῆς
1688 4371 2046 4445 Ἰερουσαλὴμ

422 4467 933 4537 Ναϐουχοδονόσορ,
999 4468 1147 4520 καθὰ
1196 4468 1291 4520 καί¹
1340 4470 1368 4520 ὁ
1419 4466 1707 4526 θεσπέσιος
1759 4463 2046 4534 προφήτης

2143 3271 2530 3328 observabant.
2562 3271 2815 3340 Auspicia
2848 3286 3030 3341 porro,
3065 3283 3120 3324 et
3153 3270 3502 3335 divinatoria,
3545 3280 3598 3325 et
3631 3271 3734 3324 hu—

2139 3362 2441 3430 juscemodi
2487 3361 2647 3422 mala,
2681 3362 2911 3416 crimina
2947 3362 3246 3429 impietatis
3289 3370 3434 3428 sunt,
3474 3371 3526 3415 et
3560 3377 3622 3414 ex
3655 3361 3736 3414 in-

2143 3453 2292 3506 timis
2344 3451 2664 3507 idololatriae
2718 3450 3018 3506 visceribus
3064 3459 3411 3520 promanant.
3474 3467 3494 3500 ι
3556 3447 3621 3500 Ει
3679 3449 3732 3501 in

2143 3546 2313 3615 virgis
2339 3545 2453 3600 suis
2480 3543 2877 3599 annuntiabant
2926 3542 2997 3596 ei.
3056 3561 3074 3594 ο
3139 3541 3492 3595 Venientibus
3558 3541 3622 3593 ad
3676 3554 3736 3593 se

2145 3637 2426 3701 lsraclitis,
2485 3635 2680 3704 inquit,
2718 3643 2771 3688 et
2818 3633 3021 3702 aliquid
3060 3648 3282 3686 suarum
3341 3646 3527 3686 rerum
3576 3647 3735 3685 nosse

2144 3729 2504 3792 studentibus,
2535 3743 2640 3782 non
2685 3726 2843 3779 modo
2885 3725 2936 3779 in
2972 3724 3256 3796 symbolis,
3314 3723 3408 3778 sed
3465 3724 3626 3776 etiam
3680 3724 3731 3775 in

2143 3818 2312 3887 virgis
2339 3819 2577 3887 ipsorum
2610 3815 3004 3869 annuntiabant
3035 3815 3135 3870 eis.
3165 3813 3262 3866 Est
3295 3813 3383 3867 hic
3411 3812 3550 3867 alter
3580 3811 3736 3866 falla-

2146 3911 2245 3964 ciae
2277 3911 2487 3972 modus,
2521 3909 2786 3964 divinatio
2822 3922 2919 3978 per
2962 3907 3161 3976 virgas,
3212 3915 3266 3961 et
3323 3907 3623 3970 inventum,
3681 3905 3733 3958 ni

2147 4000 2322 4064 fallor,
2354 3998 2663 4052 Chaldaicm
2693 3997 3048 4050 curiositatis.
3085 3996 3176 4050 Sic
3220 3996 3365 4050 enim
3411 4005 3597 4050 contra
3645 3994 3736 4049 Je-

2148 4093 2381 4146 rusalem
2414 4089 2692 4144 divinabat
2721 4088 3222 4143 Nabuchodonosor
3251 4089 3317 4151 ¹²,
3342 4089 3480 4143 sicut
3513 4098 3564 4140 et
3599 4087 3736 4140 divi-

2147 4199 2248 4238 nus
2277 4184 2542 4253 propheta
2572 4178 2822 4234 Ezechiel
2876 4188 3125 4232 testatur.
3175 4177 3316 4230 Duas
3359 4179 3501 4230 enim
3556 4177 3735 4245 virgas

2148 4285 2471 4336 statuentes,
2529 4271 2724 4326 deinde
2769 4270 2986 4324 arcanis
3041 4268 3364 4338 quibusdam
3409 4269 3587 4321 verbis
3640 4283 3734 4322 eas

2150 4366 2517 4426 incantantes,
2546 4373 2604 4416 ut
2632 4371 2824 4432 agente
2862 4359 3076 4414 diabolo
3130 4357 3492 4427 prociderent,
3539 4367 3592 4410 et
3645 4373 3735 4409 ca-

2152 4456 2343 4510 dentes
2375 4469 2588 4509 rursum
2613 4451 2994 4516 obscrvabant,
3035 4457 3214 4502 utrum
3255 4462 3506 4517 prorsum
3535 4462 3599 4500 an
3653 4464 3737 4498 re-

421 4558 602 4627 φησὶν
662 4557 947 4626 Ἰεζεχιήλ.
1005 4556 1110 4608 Δύο
1168 4558 1276 4628 γὰρ
1325 4555 1574 4617 ἱστάντες
1625 4553 1876 4623 ῥάϐδους,
1924 4546 2039 4604 εἶτά

2153 4558 2411 4609 trorsum,
2443 4550 2494 4600 in
2526 4548 2779 4601 dextrum
2834 4560 2900 4597 an
2933 4544 2985 4598 in
3018 4544 3299 4596 sinistrum
3327 4540 3626 4594 ferrentur.
3649 4538 3740 4593 Sic

422 4666 560 4700 τινα
584 4666 591 4672 ·
611 4648 719 4700 τῶν
746 4649 1078 4720 ἀπορρήτων
1099 4648 1284 4710 αὐτοῖς
1320 4647 1742 4716 κατεπᾴδοντες,
1781 4641 2042 4695 κατακλί-

427 4741 630 4794 νεσθαι
663 4738 1086 4811 παρεσκεύαζον
1100 4741 1223 4803 ταῖς
1242 4738 1348 4793 τῶν
1375 4738 1667 4808 δαιμονίων
1711 4735 2036 4806 ἐνεργείαις.

425 4831 546 4885 Καὶ
580 4829 888 4894 πιπτούσας
937 4831 1240 4900 ἐπετήρουν
1268 4831 1392 4882 ὅποι
1436 4828 1686 4897 φέροιντο
1721 4825 1904 4888 πάλιν,
1947 4825 2044 4876 πό-

423 4941 596 4994 τερον
632 4922 761 4974 εὐθὺ
811 4922 844 4992 ἢ
898 4921 1114 4983 ἀνόπιν,
1164 4921 1245 4982 εἰς
1306 4916 1542 4987 δεξιὺνῆ
1602 4917 1682 4978 είς
1737 4913 2040 4981 εὐώνυμον.

424 5014 596 5070 Οὕτω
623 5031 682 5066 τε
706 5013 896 5066 λοιπὸν
917 5013 976 5067 τὸ
994 5013 1186 5066 δοκοῦν
1207 5015 1318 5074 τοῖς
1339 5010 1655 5079 προσιοῦσιν
1674 5004 2040 5076 ἀπήγγελλον.

426 5106 612 5160 Τοῦτό
645 5107 764 5159 ἐστι
814 5106 874 5158 τὸ
902 5147 916 5171 ,
960 5125 978 5157 ι
1004 5106 1093 5158 Ἐν
1127 5104 1345 5176 ῥάϐδοις
1386 5100 1781 5172 ἀπήγγελλον.ι
1818 5097 2045 5151 Πάνὸει-

429 5217 528 5254 νον
566 5195 660 5250 οὖν
691 5197 932 5267 ἀληθῶς,
969 5199 1051 5250 ὅτι
1077 5197 1186 5250 τῶν
1232 5195 1408 5250 ἄλλων
1453 5196 1500 5246 οἱ
1555 5190 1916 5260 παιδαγωγοὶ,
1952 5189 2045 5241 καὶ

430 5293 577 5362 πρὸς
605 5293 667 5345 τὸ
704 5293 781 5363 τῷ
803 5291 922 5362 Θεῷ
947 5293 1097 5361 φίλον
1141 5289 1501 5362 ἀποκομίζειν
1525 5285 1628 5340 οἶοί
1667 5303 1747 5351 τε,
1782 5284 1876 5338 καὶ
1907 5282 2045 5336 πλα-

429 5385 636 5438 νᾶσθαι
691 5383 1130 5456 παρεσκεύαζον,
1201 5382 1296 5434 καὶ
1439 5395 1606 5449 φησιν
1653 5379 1680 5431 ὁ
1739 5377 2048 5446 προφήτης,

437 5477 692 5530 «Μανίαν
735 5480 792 5529 ἐν
825 5477 961 5547 οἴκῳ
992 5475 1199 5546 Κυρίου
1241 5471 1579 5542 κατέπηξαν.
1625 5487 1643 5520 ι
1677 5469 1893 5521 Μανίαν
1940 5465 2050 5534 γάρ

435 5584 578 5637 φησι
605 5568 704 5639 τὴν
731 5568 1183 5638 ψευδομάντείαν.
1227 5563 1646 5635 Ὑποκρίνονται
1671 5558 1780 5631 γὰρ
1812 5561 1860 5611 οἱ
1883 5555 2054 5609 τοιοῦ-

432 5678 524 5712 τοι
544 5661 680 5731 δρᾷν
701 5660 977 5725 εἰωθότες,
1008 5659 1143 5733 μηδὲ
1189 5657 1386 5712 εἰδέναι
1412 5654 1618 5719 λοιπὸν,
1655 5650 1888 5720 ὅποιπερ
1921 5649 2049 5701 είσι.

520 5837 566 5867 ⁸⁸
596 5835 704 5890 Jer.
741 5853 792 5904 ν,
829 5838 918 5902 9.0,
958 5839 1023 5891 2i
1134 5839 1170 5868 “
1202 5836 1360 5891 Num.
1389 5849 1548 5899 χχιιι,
1591 5833 1639 5889 1.

1720 5833 1762 5862 ¹¹
1800 5829 1996 5883 Ezccb.
2034 5840 2146 5885 XXI,
2181 5823 2401 5891 passim.

2153 4640 2407 4708 deinceps
2442 4639 2583 4708 quod
2621 4637 2730 4692 illis
2776 4636 3025 4706 placebat
3073 4633 3460 4689 accedentibus
3517 4633 3739 4686 nuntia-

2150 4732 2300 4785 bant.
2337 4731 2448 4785 lloc
2479 4731 2578 4785 sibi
2613 4729 2745 4794 vult,
2776 4730 2917 4798 quod
2951 4728 3045 4789 ait,
3083 4746 3100 4777 ι
3145 4727 3199 4780 in
3235 4725 3404 4796 virgis
3445 4725 3741 4778 annuntia-

2151 4825 2300 4878 hant.
2345 4842 2363 4874 ι
2411 4821 2552 4876 Vere
2600 4821 2764 4890 igitur
2812 4820 3263 4890 insignissimum,
3311 4817 3454 4887 quod
3505 4817 3738 4871 aliorqu

2153 4914 2416 4983 magistri,
2453 4921 2506 4966 et
2529 4912 2617 4982 qui
2642 4912 2708 4966 ad
2729 4912 2896 4965 Deum
2919 4921 3144 4964 creteros
3171 4910 3440 4963 adducere
3465 4917 3738 4978 poterant,

2153 5008 2314 5058 etiam
2350 5004 2714 5069 abducebant,
2745 5014 2799 5057 et
2830 5012 2887 5055 ut
2917 5002 2992 5054 ait
3021 5001 3281 5070 prepheta
3327 5015 3344 5055 :
3395 5016 3415 5050 ί
3471 4997 3738 5054 Insaniam

2152 5097 2204 5148 in
2235 5097 2391 5150 domo
2428 5095 2517 5148 Dei
2549 5096 2890 5148 contixerunt
2916 5093 2978 5147 ".
3027 5111 3044 5144 ι
3087 5092 3354 5145 Insaniam
3384 5089 3526 5144 enim
3551 5104 3741 5141 emen-

2151 5188 2308 5241 titum
2347 5185 2661 5239 vaticinium
2701 5183 2954 5253 appellat.
3003 5183 3269 5237 Simulant
3319 5181 3464 5234 enim
3495 5179 3584 5248 qui
3624 5180 3742 5232 istis

2153 5283 2282 5335 dant
2314 5294 2556 5349 operam,
2593 5293 2692 5332 nec
2725 5277 2866 5331 scire
2889 5293 2946 5331 se
2971 5276 3202 5344 amplius
3229 5274 3314 5327 ubi
3340 5273 3469 5327 sint.
3498 5271 3742 5326 lnsanire

2153 5377 2296 5432 enim
2330 5389 2424 5428 eos
2455 5380 2509 5426 et
2554 5371 2738 5424 divino
2770 5371 2953 5423 furore
2998 5369 3255 5437 percitos,
3308 5373 3366 5418 ut
3393 5364 3522 5418 deos
3555 5363 3742 5432 plenus

2153 5465 2373 5534 quidam
2423 5461 2762 5516 dictitabant.
2790 5459 3114 5530 Ignorahant
3153 5458 3349 5526 tpiippe
3391 5456 3740 5509 seductorutn

2155 5554 2670 5608 corimmundorum
2709 5553 2994 5621 spirituum
3024 5551 3168 5605 velut
3205 5547 3533 5603 domicilium
3571 5550 3742 5617 quod-

2157 5647 2306 5710 dam,
2335 5651 2389 5698 et
2416 5643 2724 5712 speluncam
2751 5657 2892 5697 esse.
2921 5690 2924 5692 γ

2486 5821 2524 5850 ’³
2559 5819 2694 5872 Osee
2727 5835 2798 5883 Ix,
2833 5819 2864 5871 8
