4094 6468
417 362 515 421 ist
1408 365 1465 421 s.
1503 360 1777 420 CYRILLI
1817 362 2290 420 maxumum
2330 337 2654 419 suetum
3592 358 3694 418 532

415 476 715 536 ιιαίνεσθαι
738 480 846 550 γὰρ
873 481 1088 545 αὐτοὺς,
1118 481 1210 534 καὶ
1245 479 1525 550 ὲνθουσιᾷν
1570 480 1807 548 ἔφασκον
1842 496 2005 543 τινες,
2044 481 2120 544 ὡς
2151 482 2295 533 θείου
2329 481 2815 551 πεπληρωμένους.
2858 480 2930 533 Ob
2968 481 3074 551 γὰρ
3124 478 3322 551 ᾔδεσαν
3370 476 3692 550 ἀκαθάρτων

442 592 495 625 τι
543 571 653 624 τῶν
724 572 1049 641 πνευμάτων
1098 567 1246 636 οἶκος
1303 571 1496 643 ὥσπερ
1543 587 1627 634 τις
1679 571 1774 624 καὶ
1818 571 2083 641 σπήλαιον
2141 575 2175 643 ή
2244 572 2356 624 τῶν
2395 571 2762 641 πλανωμένων
2789 572 2908 625 ἐστὶ
2935 572 3154 643 καρδία.

486 664 649 717 \‘En's.
685 662 772 716 15.
804 660 1390 732 Spiritufornicatronis
1422 665 1626 719 seducti
1651 673 1795 730 sunt,
1815 673 1863 719 et
1887 665 1980 733 for-

2173 666 2471 734 Πνεύματι
2506 666 2789 733 πορνείας
2812 664 3273 731 ἐπλανήθησαν,
3309 663 3406 717 καί
3446 662 3691 730 ἐξεπόρ·

415 755 578 807 nicati
621 764 742 807 sunt
784 772 815 806 a
842 754 948 807 Deo
976 755 1232 822 ipsorum.
1270 756 1443 825 Super
1490 758 1705 811 vertices
1744 758 1980 811 montiua

2104 770 2336 809 νευσαν
2368 755 2485 809 ἀπὸ
2512 753 2620 809 τοῦ
2657 755 2807 808 Θεοῦ
2841 753 3059 809 αὐτῶν.
3093 753 3225 807 Ἐπὶ
3268 752 3375 818 τὰς
3423 755 3690 820 κορυφὰς

414 842 809 909 sacriﬁcabant,
984 856 1028 897 et
1064 860 1225 915 super
1246 846 1404 901 colles
1442 846 1791 901 immolabant
1826 848 1980 901 subte‘

2100 845 2224 900 τῶν
2252 847 2438 916 ὁρέων
2464 846 2798 912 ἐθυσιαζον,
2821 846 2919 899 καὶ
2940 845 3039 899 ἐπὶ
3067 844 3204 909 τοὺς
3228 842 3499 908 ,ϐουνοὺς
3513 842 3685 895 ἔθυον

409 950 683 1004 quercum,
706 944 755 989 et
777 935 1051 1004 populum,
1076 946 1125 991 et
1143 938 1384 993 arborem
1406 917 1729 1007 umbro‘sam,
1762 941 1891 1010 quia
1914 941 1980 996 bo

2103 940 2381 994 ὑποκάτω
2436 938 2639 1008 δρυὸς,
2688 939 2789 993 καὶ
2832 939 3082 1006 λεύκης,
3129 935 3229 990 καὶ
3279 934 3533 1003 δένδρου
3577 947 3683 990 συ-

414 1038 541 1080 !tum
566 1026 958 1081 umbrticulum.

2101 1030 2475 1096 σκιάζοντος,
2504 1030 2596 1085 ὅτι
2638 1031 2835 1085 καλὸν
2861 1031 3083 1100 σκέπη.

485 1115 649 1173 XLV.
685 1117 801 1173 Non
828 1118 946 1174 sine
980 1118 1208 1190 impuris
1230 1127 1285 1175 et
1320 1119 1571 1192 malignis
1605 1121 1891 1193 spiritibus
1914 1131 1974 1178 ta

2173 1125 2307 1178 ME'.
2349 1123 2471 1176 Ὅτι
2494 1124 2569 1194 μὴ
2591 1122 2712 1194 δίχα
2732 1123 3061 1194 πνευμάτων
3090 1123 3200 1177 τῶν
3227 1121 3559 1194 ἀκαθάρτων
3597 1121 3687 1175 καὶ

410 1208 482 1264 lia
517 1208 634 1265 ﬁeri
686 1210 969 1280 perSpicue
989 1212 1165 1268 docet.
1206 1212 1381 1269 Omne
1400 1215 1601 1269 etenim
1633 1229 1808 1284 genus
1832 1216 1980 1271 scele

2103 1216 2359 1289 πονηρῶν
2382 1217 2452 1272 τά
2472 1218 2652 1272 τοιάδε
2669 1216 2994 1288 πράττεται,
3010 1215 3253 1270 διδάσκει
3273 1213 3484 1284 σαφῶς.
3505 1214 3688 1267 Ἀπαν

412 1301 489 1357 ris
522 1310 577 1357 et
624 1303 691 1357 ab
724 1303 857 1373 ipsis
888 1303 1275 1374 proﬁciscitur,
1310 1312 1363 1360 et
1392 1306 1526 1360 nihil
1563 1307 1979 1377 turpissimarun

2100 1307 2211 1380 γὰρ
2239 1308 2379 1373 εἶδος
2420 1309 2773 1381 φαυλότητος,
2824 1308 2957 1381 παρ’
2986 1307 3214 1362 ἐκείνων
3257 1306 3397 1364 ἐστι.
3435 1305 3546 1359 Καὶ
3577 1305 3687 1361 τῶν

406 1409 594 1449 rerum
642 1410 749 1449 non
808 1403 1218 1462 consectantur,
1246 1397 1338 1468 qui
1377 1411 1567 1453 eorum
1605 1399 1870 1455 voluntati
1906 1401 1980 1456 ob

2101 1401 2397 1472 αἰσχίστων
2450 1401 2604 1456 οὐδὲν
2646 1395 3068 1471 ἀνεπιτήδευτον
3108 1400 3221 1462 τοῖς
3267 1396 3338 1451 τὰ
3370 1396 3555 1459 αὐτοῖς
3603 1395 3687 1450 δο-

408 1495 713 1556 temperare
757 1487 1131 1542 decreverunt.
1162 1485 1346 1557 lnquit
1381 1503 1534 1561 ergo,
1574 1508 1594 1542 ι
1620 1489 1843 1546 Seducti
1876 1504 1977 1546 sun

2099 1493 2303 1550 κοῦντα
2330 1493 2573 1565 πληροῦν
2597 1494 2919 1567 ᾑρημένοις.
2961 1511 2980 1545 t
3016 1493 3397 1563 Πεπλάνηνται
3432 1510 3451 1545 ι
3482 1489 3684 1554 τοίνυν,

407 1578 599 1649 spiritu
638 1577 1037 1645 fornicationis,
1065 1599 1084 1632 ι
1121 1590 1176 1636 et
1204 1598 1234 1636 a
1261 1580 1371 1638 Deo
1400 1582 1717 1653 longissime
1757 1595 1977 1655 separat

2101 1584 2269 1655 φησὶ,
2328 1603 2348 1638 ι
2390 1585 2665 1656 πνεύματι
2732 1585 2994 1656 πορνείας
3026 1624 3041 1649 ,
3077 1603 3097 1638 ι
3148 1584 3247 1638 καὶ
3294 1584 3371 1648 ὡς
3427 1582 3686 1640 ἀποτάτω

401 1677 556 1734 sunt,
579 1669 875 1739 voluptatis
898 1680 1167 1737 amantes,
1193 1679 1249 1728 et
1271 1672 1325 1727 in
1370 1674 1629 1743 operibus
1646 1675 1980 1731 idololatrici:

2096 1678 2352 1747 γεγόνασι
2409 1677 2502 1731 τοῦ
2554 1676 2713 1733 Θεοῦ.
2752 1677 3029 1750 Φιλήδονοί
3068 1694 3130 1731 τε
3175 1677 3537 1747 ὑπάρχοντες,
3590 1674 3685 1729 καὶ.

404 1759 591 1815 carnis
618 1760 985 1815 demulcendte
1013 1762 1456 1819 commoditatem
1492 1766 1864 1834 quaeritantes.
1893 1767 1980 1823 Sa-

2099 1769 2459 1841 φιλοσαρκίας
2506 1769 2764 1842 ἀφορμὴν
2808 1769 2878 1823 τὰ
2927 1769 3028 1840 τῆς
3079 1768 3494 1840 εἰδωλολατρίας
3545 1768 3683 1839 ἔργα

400 1850 726 1906 criﬁcabant
754 1851 920 1919 enim,
947 1851 1113 1907 colles
1138 1861 1194 1908 et
1229 1856 1440 1910 mentes
1477 1859 1919 1922 conscendentes,
1943 1858 1980 1914 ei

2098 1860 2433 1932 ποιούμενοι.
2465 1861 2661 1917 Ἕθυον
2677 1863 2806 1935 γάρ,
2823 1861 3045 1933 βουνούς
3068 1879 3126 1915 τε
3152 1862 3248 1915 καὶ
3270 1861 3373 1934 όρη
3399 1861 3683 1932 καταλαμ-

402 1943 641 1998 terrenis
674 1943 1093 1999 celsitudinihus
1130 1945 1405 2001 dtemonas
1445 1948 1545 2002 sub
1577 1958 1777 2003 terram
1810 1951 1980 2005 detru-

2095 1951 2370 2017 ϐάνοντες,
2430 1954 2526 2007 καὶ
2572 1953 2784 2024 γητνοις
2835 1953 3097 2025 ὑψώμασι
3140 1953 3203 2007 τὸ
3235 1952 3345 2006 τῶν
3389 1938 3683 2023 δαιμονίων

398 2047 497 2090 sos
523 2040 866 2090 venerantes.
913 2036 1113 2090 Deinde
1158 2036 1269 2090 aris
1313 2038 1414 2092 sub
1442 2050 1666 2107 quercu,
1704 2051 1760 2096 et
1799 2042 1980 2111 populc

2095 2047 2467 2121 χαμαιρριφὲς
2511 2045 2929 2119 θεραπεύοντες.
2964 2042 3109 2103 Ἑῒτα
3158 2046 3378 2118 βωμοὺς
3421 2044 3683 2099 ὑποκάτω

399 2126 677 2192 excitatis,
691 2128 1076 2197 operahantur,
1102 2127 1377 2199 nymphis,
1406 2127 1632 2186 forsitan
1668 2134 1980 2207 hamadrya-

2094 2137 2255 2210 δρυὸς
2305 2138 2399 2192 καὶ
2444 2138 2647 2210 ’λεύκης
2686 2139 3020 2211 ἐγείροντες,
3081 2139 3359 2211 προσῆγον
3412 2137 3679 2203 σπονδὰς,

402 2216 562 2272 dibus
603 2215 904 2275 secundum
948 2216 1201 2288 ﬁgmenta
1242 2218 1578 2290 Graecorum,
1612 2224 1869 2280 honorem
1912 2228 1980 2282 is-

2093 2230 2353 2301 νύμφαις,
2390 2231 2533 2302 τάχα
2566 2248 2669 2285 που
2699 2235 2819 2295 ταῖς
2849 2231 3182 2303 ἁμαδρυάσι,
3222 2230 3364 2285 κατά
3391 2230 3519 2294 τοὺς
3559 2228 3680 2281 Ἐλ-

399 2314 518 2364 tum
544 2318 844 2365 sacrantes.
876 2308 1135 2365 Scribunt
1159 2313 1303 2367 enim
1340 2315 1552 2370 illorum
1605 2328 1775 2385 poclm
1802 2321 1980 2388 praeci-

2094 2320 2268 2393 λήνων
2301 2322 2523 2394 μύθους,
2554 2323 2716 2394 τιμάς
2744 2324 3184 2395 ἀποπέμποντες.
3212 2323 3351 2377 Φασί
3370 2322 3478 2393 γάρ
3495 2323 3543 2375 oi
3571 2321 3681 2373 τῶν

398 2399 516 2469 pui,
543 2409 597 2454 et
637 2400 858 2469 stirpes,
889 2409 944 2454 et
978 2401 1122 2470 ligna
1150 2406 1323 2459 amari
1354 2406 1421 2461 ab
1466 2405 1690 2475 impuris
1730 2410 1990 2465 dmmoni-

400 2490 523 2557 hus,
557 2505 677 2561 qua:
718 2492 851 2561 ipsis
882 2492 1061 2547 nescio
1085 2509 1192 2563 quo
1224 2497 1383 2552 modo
1412 2499 1677 2569 nymphas
1707 2501 1990 2557 nominare

400 2582 747 2652 complacuit.
797 2581 984 2638 Visum
1021 2584 1187 2655 igitur
1227 2587 1357 2653 illis,
1392 2588 1590 2659 inquit,
1617 2594 1812 2647 sectari
1865 2610 1988 2648 unt-

401 2676 548 2739 hras,
579 2683 632 2730 et
681 2675 736 2729 in
782 2675 1167 2732 virentlssimis
1209 2680 1438 2735 saltibus
1470 2683 1680 2739 deliciis
1716 2689 1987 2752 enervari,

398 2766 793 2836 laudantesque
835 2770 1040 2838 dicere,
1088 2771 1257 2839 «quia
1301 2773 1499 2828 bonum
1541 2776 1936 2832 umbrticulum.
1962 2797 1981 2831 ι

398 2858 587 2930 itaque
612 2875 801 2915 amans
825 2860 1122 2930 voluptatis
1151 2878 1255 2916 non
1282 2865 1617 2933 poteritesse
1652 2882 1840 2923 amans
1870 2867 1984 2923 Dei.

397 2949 792 3007 Testimonium
837 2953 971 3008 l'eret
1020 2954 1239 3024 Paulus,
1289 2957 1476 3012 dicens
1530 2959 1597 3014 de
1636 2960 1983 3029 quibusdam,

446 3060 569 3101 esse
614 3045 949 3115 voluptatum
994 3056 1270 3103 amatores
1310 3049 1483 3119 magis
1523 3066 1684 3120 quam
1734 3051 1827 3105 Dei
1866 3051 1930 3107 “.

397 3138 548 3193 Beati
571 3153 700 3209 ergo
728 3140 818 3208 qui
876 3139 1034 3194 modo
1059 3139 1247 3211 lugent
1278 3139 1345 3207 ",
1375 3144 1431 3196 ut
1460 3141 1593 3197 dicit
1631 3140 1898 3208 Salvator,
1932 3153 1988 3199 et

397 3230 657 3302 patientia
700 3231 752 3285 in
793 3230 1066 3288 laboribus
1121 3233 1344 3289 utilibus
1376 3233 1720 3306 suspicienda
1765 3250 1987 3305 magno-

2104 2410 2370 2482 Ἐλλήνων
2389 2414 2613 2484 ποιηταὶ⁸
2644 2414 2738 2468 καὶ
2757 2414 3001 2482 λογάδες,
3036 2404 3132 2468 καὶ
3150 2413 3353 2483 φυτῶν,
3383 2413 3479 2466 καὶ
3508 2411 3679 2479 ξύλων

2094 2504 2225 2575 ὲρᾷν
2254 2504 2379 2569 τοὺς
2402 2506 2745 2579 ἀκαθάρτους
2761 2507 3039 2578 δαίμονας,
3059 2508 3094 2561 ἂ
3124 2506 3345 2577 νύμφας
3372 2505 3677 2577 ὠνόμαζον,

2093 2593 2233 2646 κατά
2248 2594 2310 2646 τὸ
2320 2595 2500 2659 αὐτοῖς
2521 2597 2621 2649 οὐκ
2647 2593 2744 2650 οἶδ’
2761 2599 2910 2662 ὅπως
2922 2598 3134 2652 δοκοῦν.
3152 2598 3356 2651 Ἐδόκει
3373 2598 3555 2653 τοίνυν
3582 2598 3680 2650 αύ-

2090 2686 2202 2747 τοῖς
2231 2685 2613 2757 ἀποδέχεσθαι,
2633 2705 2705 2760 φη
2715 2688 2786 2753 at,
2807 2689 2904 2754 τὰς
2933 2690 3111 2756 σκιὰς,
3134 2689 3231 2743 καί¹
3265 2687 3371 2743 ὑπὸ
3391 2691 3503 2753 τοῖς
3518 2688 3680 2744 εὐαν-

2092 2775 2369 2843 θεστάτοις
2403 2779 2737 2852 θρύπτεσθαι
2777 2781 3004 2853 δρυμοῖς
3024 2797 3039 2812 ’
3079 2782 3325 2837 ἐπαινεῖν
3350 2798 3414 2835 τε
3468 2782 3565 2837 καὶ⁸
3589 2781 3680 2836 λέ-

2091 2886 2208 2939 γειν
2227 2889 2243 2904 -
2278 2890 2295 2923 ι
2309 2872 2430 2925 ’Ὁτι
2454 2872 2618 2927 καλὸν
2636 2871 2834 2944 σκέπη.
2849 2892 2869 2926 ι
2890 2871 3102 2929 Οὐκοῦν
3118 2873 3145 2924 ὁ
3159 2874 3459 2945 φιλήδονος,
3495 2877 3590 2928 οὐκ
3609 2873 3680 2930 ἂν

2089 2966 2298 3034 γένοιτο
2330 2965 2425 3020 καὶ
2462 2965 2729 3035 φιλόθεος.
2759 2966 2871 3020 Καὶ
2902 2970 3245 3041 μαρτυρήσει
3278 2969 3452 3040 λέγων
3478 2972 3506 3024 ὁ
3532 2970 3677 3026 Παῦ-

2088 3056 2179 3121 λος
2212 3056 2339 3128 περί
2371 3075 2556 3125 τινων,
2589 3059 2673 3112 ὄτι
2702 3058 2977 3130 φιλήδονοι
3029 3059 3231 3132 μᾶλλόν
3270 3064 3431 3129 εἰσιν,
3459 3063 3492 3136 ἢ
3525 3063 3677 3133 φιλό-

2089 3147 2222 3204 θεοι.
2254 3150 2532 3223 Μακάριοι
2560 3150 2627 3224 δὴ
2658 3146 2751 3205 οὖν
2777 3153 2825 3205 οἰ
2854 3151 3180 3218 πενθοῦντες
3205 3152 3321 3220 νῦν,
3349 3153 3491 3211 καθά
3511 3171 3676 3227 φησιν

2084 3245 2116 3297 ό
2154 3244 2366 3316 Σωτήρ,
2395 3244 2567 3298 καὶτὸ
2596 3244 2873 3317 τληπαθὲς
2903 3246 2983 3309 εἰς
3013 3246 3211 3311 πόνους
3230 3247 3357 3313 τοὺς
3375 3248 3674 3319 ὲπωφελεῖς

396 3334 526 3393 pere
556 3336 623 3376 ac
649 3320 924 3401 diligenda
962 3332 1065 3378 est.

2085 3338 2272 3408 τιμᾷν,
2307 3337 2389 3390 ὅτι
2425 3336 2659 3409 μάλιστα
2683 3339 2777 3394 καὶ
2804 3340 3045 3411 ἀγαπᾷν.

419 3496 423 3500 _
472 3411 634 3469 Vsus.
669 3414 758 3468 14.
794 3414 1084 3483 Propterea
1149 3416 1556 3487 fornicabtmtur
1594 3417 1727 3486 ﬁlia:
1772 3428 1974 3487 vestrm,

2157 3429 2261 3485 Διὰ
2290 3428 2468 3484 τοῦτο
2500 3429 3024 3500 ἐκπορνεύσουσιν
3054 3432 3116 3485 αἱ
3144 3429 3464 3500 θυγατέρες
3483 3430 3672 3501 ὑμῶν,

393 3513 446 3560 et
469 3521 677 3574 sponsa:
706 3517 888 3561 vestra:
920 3508 1332 3563 mmeltabuntur.
1354 3510 1420 3562 Et
1452 3526 1554 3564 non
1583 3510 1799 3564 visitabo
1828 3525 1980 3579 super

2082 3524 2185 3577 καί
2216 3525 2276 3578 αι
2309 3522 2537 3594 νῦμφαι
2556 3523 2725 3589 ὑμῶν
2742 3524 3165 3594 μοιχεύσουσι.
3195 3524 3305 3578 Καὶ
3332 3525 3406 3579 οὐ
3428 3521 3516 3595 μὴ
3543 3524 3674 3579 ἐπι·-

394 3595 536 3665 ﬁlias
564 3607 763 3652 vestras
794 3615 913 3652 cum
943 3600 1223 3668 fornicata:
1255 3601 1474 3670 fuerint.
1512 3613 1560 3655 et
1586 3617 1743 3669 super
1766 3619 1980 3669 sponsas

2086 3615 2390 3686 σκέψομαι
2421 3615 2522 3669 ἐπὶ
2552 3616 2659 3683 τὰς
2693 3614 3023 3685 θυγατέρας
3050 3613 3220 3685 ὑμῶν
3247 3613 3397 3671 ὅταν
3418 3616 3673 3685 πορνεύ-

394 3695 614 3749 vestras,
643 3704 761 3741 cum
804 3688 1121 3743 adulterata:
1162 3690 1402 3758 fuerint;
1442 3692 1691 3760 quoniam
1728 3690 1829 3758 ipsi
1865 3708 1983 3746 cum

393 3780 755 3837 meretricibus
782 3781 1275 3847 commisce-bantur,
1307 3790 1356 3836 et
1384 3798 1503 3835 cum
1540 3782 1763 3836 initiatis
1801 3784 1983 3840 immo-

390 3868 598 3923 labant.

464 3958 651 4017 XLVI.
671 3962 808 4027 Quia
830 3963 1003 4031 enim,
1034 3962 1231 4033 inquit,
1260 3964 1519 4019 eximium
1550 3968 1803 4036 quiddam
1827 3967 1980 4023 vide-

395 4062 504 4120 tur,
535 4054 634 4108 sub
664 4054 861 4108 arbore
883 4062 938 4109 et
966 4056 1172 4110 umbris
1198 4058 1428 4112 emolliri
1471 4068 1632 4129 atque
1664 4060 1907 4123 dissolvi,
1928 4068 1981 4114 et

346 4174 347 4177 η
391 4145 651 4215 voluptati
687 4145 923 4202 duxistis
945 4149 1086 4219 quod
1119 4151 1249 4205 mihi
1285 4152 1555 4221 displicet,
1590 4151 1980 4206 exsecrabilem

388 4237 644 4293 videlicet
684 4240 1057 4295 seductionem
1103 4251 1158 4296 et
1201 4242 1593 4297 immunditiam
1636 4258 1651 4295 :
1695 4251 1977 4312 pr0pterea

390 4328 804 4385 fornicahuntur
842 4331 962 4387 illiae
997 4343 1219 4401 vestrm;
1247 4349 1461 4404 sponsae
1495 4341 1697 4396 autem,
1743 4333 1845 4387 hoc
1867 4344 1975 4396 εει,

389 4420 622 4477 ﬁliorum
677 4438 910 4489 uxores,
961 4425 1226 4480 adulteria
1278 4424 1687 4495 perpetrahunt.
1743 4423 1805 4477 Et
1850 4438 1976 4477 cum

390 4514 506 4568 hac
542 4515 893 4585 contigerint,
925 4518 1201 4586 quiescam
1243 4524 1297 4570 et
1324 4531 1443 4585 ego,
1479 4530 1577 4569 nec
1607 4515 1858 4568 visitabo.
1884 4514 1976 4569 Vi-

386 4606 545 4660 detur
565 4620 695 4660 sane
726 4622 820 4676 per
847 4608 961 4662 ham
990 4608 1174 4663 clades
1203 4606 1348 4669 belli,
1368 4617 1414 4659 et
1442 4607 1781 4658 incommoda
1803 4605 1975 4675 Capti-

387 4699 570 4753 vitatis
589 4701 972 4768 peccatoribus
1004 4709 1263 4753 eventura
1289 4698 1673 4765 pra-nuntiare.
1692 4697 1793 4763 Qui
1827 4699 1969 4751 enim
2002 4732 2047 4787 υ

384 4789 552 4845 semel
619 4789 755 4846 alios
800 4797 1179 4860 expugnarunt
1242 4790 1629 4858 viceruntque,
1681 4789 1733 4842 in
1784 4800 1971 4855 Captos

383 4882 691 4946 consulunt,
721 4891 779 4936 ut
806 4881 975 4948 lubet,
1011 4879 1119 4952 77
1162 4890 1429 4948 pctestate
1463 4881 1785 4950 impotenter
1822 4891 1974 4934 uten-

385 4982 486 5041 tes,
509 4982 564 5027 et
595 4973 802 5043 impetu
836 4972 1197 5042 incastigabili
1245 4971 1463 5040 quidvis
1495 4970 1712 5025 tandem
1753 4971 1854 5026 sibi
1886 4971 1973 5042 ju-

380 5066 619 5120 eundum
669 5064 1069 5134 aggredientcs,
1106 5072 1162 5118 et
1192 5077 1369 5132 neque
1414 5063 1546 5134 legis
1577 5066 1836 5119 rationem
1870 5064 1971 5118 du-

380 5164 586 5217 centes,
637 5166 816 5223 neque
868 5152 998 5222 quid
1047 5161 1475 5207 consentaneum
1520 5159 1615 5205 aut
1660 5151 1860 5209 decens
1899 5154 1971 5209 sit

379 5248 620 5317 cogitare
647 5246 1019 5310 sustinentes;
1047 5244 1193 5300 velut
1219 5245 1453 5301 indurati
1487 5253 1751 5311 autem,et
1787 5247 1967 5302 animo

377 5350 642 5406 perquam
693 5347 892 5403 truces,
924 5351 1155 5406 parcere
1193 5338 1407 5392 miseris
1450 5339 1780 5394 omnimodis
1813 5339 1967 5392 dedi-

377 5438 638 5495 gualtltll‘.
685 5425 915 5483 Liberos
964 5428 1130 5497 igitur
1166 5429 1416 5484 hostibus
1463 5430 1529 5484 ad
1576 5430 1961 5486 contumeliam

373 5531 428 5574 et
454 5518 769 5589 spurciticm
795 5516 1166 5578 fornicationis
1202 5522 1508 5592 expositum
1552 5522 1615 5576 iri
1643 5522 1846 5592 liquido
1875 5520 1960 5574 ἰη-

376 5611 540 5666 dicat.

457 5786 494 5819 “
525 5790 565 5845 ll
592 5787 729 5845 Tim.
765 5806 851 5859 ut,
889 5790 942 5846 4.
1021 5792 1066 5872 ξδ
1095 5789 1286 5847 Matth.
1323 5805 1375 5858 ν,
1406 5792 1466 5849 ὃ.

2085 3706 2259 3772 σωσιζ
2278 3709 2378 3764 καί
2403 3709 2504 3763 ἐπὶ
2523 3709 2630 3773 τὰς
2643 3708 2878 3779 νύμφας
2906 3707 3067 3776 ὑμῶν
3097 3707 3244 3763 ὅταν
3261 3709 3667 3779 μοιχεύσωσι·

2082 3799 2174 3856 ὅτι
2206 3801 2375 3856 αὐτοί
2401 3803 2555 3871 μετὰ
2583 3800 2702 3854 τῶν
2729 3798 2970 3868 πορνῶν
3005 3801 3521 3871 συνανεφύροντο,
3570 3800 3671 3855 καὶ

1986 3892 1993 3897 ”
2076 3891 2231 3964 μετὰ
2251 3891 2371 3964 τῶν
2399 3893 2846 3964 τετελεσμένων
2878 3892 3080 3964 savos“.

2153 3960 2307 4031 Μετ’.
2351 3962 2573 4033 Ἐπειδὴ
2609 3960 2737 4032 γάρ,
2772 3963 2956 4031 φησιν,
2990 3962 3321 4032 ἀξιάγαστον
3356 3962 3487 4036 ὑμῖν
3524 3960 3668 4019 εἶναι

2080 4052 2305 4107 δοκεῖτὸ
2327 4052 2432 4105 ὑπὸ
2466 4051 2617 4123 φυτῷ
2651 4050 2990 4122 θρύπτεσθαι
3013 4053 3107 4105 καὶ
3138 4055 3319 4117 σκιαῖς
3349 4055 3442 4109 καὶ
3471 4053 3667 4126 ἡδονὴν

2074 4143 2378 4215 ’πεποίησθε
2399 4145 2459 4196 τὸ
2474 4142 2677 4195 λυποῦν
2692 4142 2817 4213 ἐμὲ,
2834 4143 2931 4214 τὴν
2956 4142 3230 4215 ἐπάρατον
3256 4142 3502 4217 δηλονότι
3532 4148 3666 4202 πλάα

2081 4236 2309 4306 νην,καὶ
2325 4233 2688 4303 ἀκαθαρσίαψ
2720 4233 2978 4305 ταύτῃτοι
3001 4235 3361 4307 πορνεύσουσι
3380 4237 3480 4308 μὲν
3509 4238 3664 4309 ὑμῶν

2080 4330 2135 4383 αἱ
2158 4328 2476 4400 θυγατέρες·
2503 4328 2560 4380 αἱ
2587 4325 2643 4380 δὲ
2657 4325 3255 4397 νύμφαι,τουτέστιν,αί
3269 4327 3379 4381 τῶν
3403 4327 3535 4381 υἱῶν
3557 4346 3662 4399 γα-

2080 4417 2261 4489 μεταὶ,
2292 4416 2764 4489 μοιχευθησονται.
2794 4416 2915 4470 Κᾶν
2942 4418 2989 4470 εί
3017 4415 3193 4471 ταῦτα
3210 4418 3446 4487 γένοιτο,
3470 4420 3659 4491 φησιν,

2076 4508 2340 4580 ὴρεμήσω
2377 4508 2553 4577 κάγὼ,
2596 4507 2689 4562 καί⁵
2715 4508 2815 4561 οὐκ
2844 4507 3235 4579 ἐπισκέψομαι.
3279 4511 3465 4566 Ἐοικε
3490 4511 3547 4564 δὲ
3570 4512 3659 4567 διὰ

2073 4600 2280 4654 τούτων
2304 4600 2373 4655 τά
2391 4604 2453 4654 ὲκ
2480 4600 2575 4654 τοῦ
2600 4600 2835 4672 πολέμου
2862 4603 3358 4672 προκαταγγέλλειν
3386 4607 3528 4659 κατά
3548 4606 3657 4659 τῶν

2077 4694 2479 4767 ἡμαρτηκότων
2505 4695 2741 4765 ἐσόμενα
2776 4693 2969 4765 βλάϐη,
3002 4697 3096 4748 καὶ
3126 4695 3195 4749 τά
3224 4700 3342 4761 ταῖς
3374 4698 3657 4769 αἰχμαλω-

2079 4789 2221 4850 σίαις
2250 4787 2510 4856 ἑπόμενα.
2534 4784 2598 4838 Οἱ
2623 4784 2730 4853 γὰρ
2751 4784 2895 4850 ἅπαξ
2918 4783 3149 4848 ἑλόντες,
3171 4786 3267 4839 καὶ
3287 4788 3652 4858 νενικηκότες,

2072 4881 2402 4949 πράττουσιν
2424 4880 2504 4941 εἰς
2529 4878 2654 4940 τοὺς
2679 4875 2905 4941 ἁλόντας
2939 4877 3000 4929 τὸ
3034 4877 3243 4944 δοκοῦν,
3274 4880 3542 4950 ἀχαλίνως
3566 4883 3654 4948 ἐξ-

2069 4971 2278 5033 ουσίαις
2295 4969 2589 5041 χρώμενοι,
2611 4970 2705 5023 καί
2717 4969 3139 5040 ἀνεπιπλήκτοις
3161 4972 3357 5041 ὁρμαῖς
3377 4973 3514 5042 πρὸς
3548 4978 3655 5028 πᾶν

2068 5060 2245 5115 ὁτιοῦν
2285 5062 2394 5115 τῶν
2423 5061 2609 5124 αὐτοῖς
2657 5060 2781 5116 καθ’
2816 5060 3011 5133 ἡδονὴν
3035 5062 3343 5135 ἐρχόμενοι,
3393 5068 3488 5117 καὶ
3531 5065 3653 5118 οὗτε

2068 5153 2233 5222 νόμον
2264 5150 2725 5221 ὑπολογιζόμενοι,
2745 5148 2871 5203 οὗτε
2890 5149 2952 5203 τὸ
2977 5151 3124 5214 εἰκὸς
3155 5151 3188 5222 ἢ
3222 5153 3432 5221 πρέπον
3452 5153 3651 5205 ἐννοεῖν

2067 5243 2401 5315 ἀνεχόμενοι,
2436 5242 2845 5314 ἀπεσκληκότες
2892 5241 2949 5296 δὲ
2983 5241 3192 5315 ῶσπερ,
3226 5245 3322 5298 καὶ
3363 5246 3498 5298 πολὺ
3540 5245 3652 5314 βλέσ

2071 5350 2239 5390 ποντα
2268 5336 2404 5405 πρὸς
2428 5335 2701 5406 ἀνήμερον
2738 5336 2951 5405 ἔχοντες
2980 5333 3128 5399 νοῦν,
3154 5335 3411 5407 οὐδεμιᾶς
3439 5334 3649 5401 ἀξιοῦσι

2068 5426 2282 5497 φειδοῦς
2300 5429 2426 5491 τοὺς
2455 5426 2656 5491 ἀθλίως
2693 5427 3061 5499 πεπραχότας.
3096 5428 3217 5482 Ὅτι
3237 5429 3416 5482 τοίνυν
3438 5429 3651 5499 προκεί-

2068 5536 2251 5575 σονται
2294 5523 2409 5583 τοῖς
2436 5520 2650 5591 ἐχθροῖς
2682 5519 2762 5582 εἰς
2789 5518 2946 5591 ὓϐριν
2978 5522 3071 5573 καὶ
3097 5520 3487 5593 αἰσχρουργίαν
3540 5522 3647 5574 τῶν

2064 5612 2513 5686 πεπορδευκότων
2541 5613 2608 5665 τά
2638 5611 2827 5666 παιδία
2876 5614 3338 5686 καταμεμήνυκεν
3376 5612 3645 5685 ἐναργῶς.
