4094 6514
324 382 429 438 I53

1276 381 1834 440 COMMENTARIUS
1875 381 1939 434 ΚΝ
1981 380 2212 438 USEAM
2257 378 2704 435 I'ROPUETAM.

3533 383 3632 437 154

391 498 454 552 Ei
482 498 539 551 δὲ
573 498 605 551 δ
667 514 752 563 τις
780 498 980 563 ἕλοιτο,
1018 500 1110 552 καὶ
1132 499 1253 551 καθ’
1286 501 1473 570 ἕτερον
1501 503 1682 571 νοήσει
1709 503 1929 571 τρόπον.

2115 499 2214 564 Qui
2243 497 2402 562 volet,
2430 499 2596 553 etiam
2629 497 2734 552 alio
2766 510 2927 552 sensu
2960 494 3138 550 locum
3174 496 3318 550 hunc
3348 495 3630 566 intelliget.

322 589 772 642 Ἐπισκέπτεται
826 591 928 660 μὲν
982 589 1088 660 γὰρ
1139 592 1165 642 ό
1210 591 1316 643 τῶν
1351 591 1488 644 ὅλων
1521 591 1672 654 Θεὸς,
1721 591 1812 654 οὓς
1869 591 1932 645 ἂν

310 681 575 750 βούλοιτο
605 683 775 752 τιμᾷν
834 697 895 733 τε
931 683 1026 735 καὶ
1056 683 1297 753 ἀγαπᾷν.
1341 681 1458 735 Κᾶν
1490 684 1568 746 εἰς
1601 683 1661 736 τὸ
1693 682 1934 754 ῥᾴθυμον

308 778 400 847 ἴῃ
423 775 980 846 παρενηνεγμένους,
998 777 1092 828 καὶ
1122 776 1248 846 δρᾷπ.
1281 776 1566 839 ἐθέλοντας
1593 776 1628 830 ἂ
1659 776 1733 847 μὴ
1757 776 1930 846 θέμις,

307 868 560 938 ἐπιτιμᾷ
623 867 984 939 συμμέτρως,
1047 868 1440 940 παλινδρομεῖν
1488 869 1801 923 ἀναπείθων
1841 869 1936 921 ἐπὶ

307 961 372 1011 τὸ
433 959 692 1031 ἄμεινον.
758 961 1052 1033 Τοιγάρτοι
1116 962 1280 1033 φησὶν
1333 962 1361 1014 ό
1408 961 1691 1025 Θεσπέσιος
1722 961 1934 1026 Παῦλος

308 1055 436 1115 τοῖς
487 1055 575 1116 είς
607 1053 899 1124 εὐδόκιμον
933 1053 1295 1124 κεκλημένοις
1337 1052 1512 1124 ζωήν·
1552 1072 1568 1105 ι
1597 1056 1661 1108 Εἰ
1690 1054 1935 1108 παιδείαν

308 1143 665 1214 ὑπομένετε,
703 1144 780 1207 ὡς
810 1146 950 1209 υἱοῖς
995 1145 1125 1215 ὑμῖν
1159 1144 1530 1216 προσφέρεται
1572 1148 1600 1199 ό
1640 1147 1795 1208 Θεός.
1840 1144 1936 1208 Τίς

306 1237 429 1308 γάρ
460 1239 618 1290 ἐστιν
652 1236 788 1301 υἱὸς,
824 1237 882 1291 ὃν
917 1237 975 1289 οὐ
1011 1236 1254 1290 παιδεύει
1277 1239 1494 1309 πατὴρς
1524 1257 1540 1288 ι
1592 1239 1651 1290 '0
1677 1238 1733 1290 δέ
1756 1255 1818 1306 γε
1851 1255 1937 1290 σο-

308 1327 587 1396 φώτατος
644 1329 1061 1400 Παροιμιαστὴς
1109 1329 1545 1402 διαμαρτύρεται
1585 1331 1678 1384 καί
1743 1347 1930 1401 φησιν·

315 1441 336 1474 ι
377 1424 484 1474 “Ov
535 1421 650 1494 γὰρ
698 1424 892 1494 ἀγαπᾷ
958 1422 1182 1494 Κύριος,
1227 1423 1508 1477 παιδεύει’
1571 1427 1828 1494 μαστιγοῖ
1877 1423 1936 1475 δὲ

309 1513 510 1567 πάντα
544 1513 685 1575 υἱὸν,
714 1514 773 1566 ὃν
803 1514 1188 1584 παραδέχεται.
1214 1534 1232 1567 ι
1287 1516 1496 1569 Οὐκοῦν
1541 1513 1636 1579 οὓς
1667 1515 1933 1582 παιδεύει,

308 1605 416 1657 καὶ
447 1605 758 1668 ἐποπτείας
787 1605 950 1668 ἀξιοῖ,
982 1604 1058 1668 ὡς
1095 1605 1336 1674 ἀγαθοὺς
1378 1608 1474 1660 καὶ
1517 1606 1930 1678 ἠγαπημένους.

321 1697 552 1767 Ἐφορᾷ
597 1695 656 1748 δὲ
707 1697 965 1766 οὐδαμῶς
1003 1697 1131 1761 τοὺς
1164 1698 1370 1768 σφόδρα
1399 1698 1932 1770 προσκεκρουκότας,

313 1789 626 1859 μονονουχὶ
660 1789 717 1841 δὲ
755 1789 950 1857 λέγων’
988 1806 1005 1840 ι
1037 1791 1151 1844 Ούκ
1177 1787 1292 1844 οῖδα
1327 1791 1491 1860 ὑμᾶς.
1516 1810 1534 1842 ι
1580 1810 1598 1843 ι
1634 1791 1937 1861 Ὀφθαλμοὶ

2038 588 2236 643 Visitat
2289 590 2432 643 enim
2488 591 2864 644 universorum
2918 589 3058 643 Deus
3097 602 3232 658 quos
3277 587 3551 644 honorare
3578 599 3634 642 et

2037 681 2258 748 diligere
2299 682 2547 735 voluerit.
2585 681 2695 736 Etsi
2732 682 2796 735 ad
2843 681 3111 751 ignaviam
3162 681 3404 735 detortos
3437 682 3636 736 viderit

2038 773 2378 843 nefandaque
2430 774 2731 840 molientes,
2759 773 2960 831 leniter
3013 775 3305 843 increpitos
3333 775 3397 827 ad
3428 775 3633 828 saluta-

2040 867 2118 921 ria
2172 867 2351 921 denuo
2396 867 2648 936 impellit.
2683 867 2922 922 Proinde
2970 867 3184 923 divinus
3205 869 3401 923 Paulus
3431 870 3496 923 ad
3538 885 3634 924 eos

2037 959 2127 1029 qui
2155 960 2220 1013 ad
2247 960 2410 1014 vitam
2440 960 2764 1028 laudabilem
2797 963 2975 1017 vocati
3006 971 3132 1016 sunt
3156 962 3630 1029 :cSidisciplinam

2037 1052 2338 1118 sustinetis,
2406 1063 2661 1123 tanquam
2697 1043 2823 1109 ﬁliis
2856 1056 3008 1110 vobis
3031 1055 3192 1111 oii‘crt
3222 1071 3280 1110 se
3303 1055 3463 1110 Deus.
3499 1054 3634 1121 Quis

2037 1129 2180 1197 cnim
2217 1141 2380 1209 ﬁlius,
2406 1160 2566 1214 quem
2623 1161 2728 1200 non
2775 1141 3002 1216 corrigit
3037 1158 3190 1217 pater
3222 1146 3309 1199 ‘3?
3342 1166 3360 1197 ι
3395 1148 3632 1201 Atte‘sta-

2040 1246 2128 1289 tur
2158 1238 2296 1290 idem
2327 1238 2762 1306 sapientissimus
2799 1239 3206 1304 Parcemiastcs,
3247 1243 3448 1305 «Quem
3484 1239 3627 1294 enim

2039 1323 2210 1392 diligit
2246 1323 2527 1389 Dominus,
2551 1329 2820 1398 castigat;
2848 1326 3085 1399 ﬂagellat
3111 1341 3288 1384 autem
3327 1346 3542 1385 omnem
3578 1334 3633 1383 li-

2038 1413 2168 1468 lium
2203 1431 2362 1484 quem
2404 1418 2600 1489 recipit
2626 1419 2690 1473 ‘7.
2720 1439 2738 1472 ι
2776 1420 2957 1487 Quare
3005 1438 3140 1491 quos
3187 1425 3435 1494 castigat,
3464 1425 3628 1478 etiam

2039 1509 2349 1565 visitatione
2395 1513 2651 1569 utbonos
2698 1525 2754 1570 et
2782 1514 3010 1572 dilectos
3057 1517 3397 1588 dignatur.A
3433 1520 3631 1588 quibus

2039 1613 2216 1655 autent
2253 1614 2339 1658 est
2384 1604 2642 1674 majorem
2676 1606 2728 1660 in
2767 1609 2986 1664 modum
3026 1607 3282 1675 oﬂ‘ensus,
3329 1625 3422 1665 eos
3455 1611 3632 1666 neuti-

2039 1711 2210 1762 quam
2238 1697 2452 1766 aspicit,
2473 1707 2680 1752 tantum
2706 1715 2812 1754 non
2841 1701 3047 1764 dicens,
3085 1702 3231 1756 «Non
3260 1703 3386 1757 novi
3415 1703 3622 1757 vos’h

2040 1785 2173 1840 Nam
2205 1799 2261 1841 ut
2289 1791 2552 1860 scriptum
2585 1801 2686 1857 est,
2713 1793 2894 1847 «Oculi
2925 1795 3131 1849 Domini
3155 1810 3316 1864 super
3343 1795 3621 1862 justos‘h

307 1882 435 1952 γὰρ
485 1880 728 1952 Κυρίου,
764 1881 857 1933 ἐπὶ
891 1881 1152 1945 δικαίους,
1184 1901 1201 1933 ι
1234 1881 1378 1936 καθὰ
1427 1883 1756 1954 γέγραπται.
1795 1885 1931 1936 Οὐκ-

2043 1879 2205 1947 Ergo,
2254 1880 2298 1933 si
2336 1884 2704 1951 peccaverint,
2739 1885 2936 1954 inquit,
2975 1903 3079 1941 non
3122 1889 3370 1950 \‘isitabo,
3400 1889 3498 1942 hoc
3524 1899 3627 1953 est,

305 1973 418 2028 οὖν
477 1973 587 2028 κᾶν
639 1975 1050 2046 πλημμελῶσι,
1102 1975 1303 2045 φησὶν,
1371 1976 1472 2029 οὑκ
1522 1975 1933 2046 ἐπισκέψομαι,

313 2065 641 2130 τουτέστιν,
687 2065 748 2119 οὐ
791 2067 1052 2137 φροντιῶ,
1092 2068 1194 2120 οὐκ
1241 2067 1556 2139 ἐπιστρέψω
1597 2066 1734 2140 πρὸς
1765 2069 1932 2141 ἐμαυ-

310 2158 438 2222 τὸν,
472 2159 696 2222 οὐδενὸς
717 2159 903 2224 ἀξίους
925 2161 1228 2231 ἡγήσομαι.
1251 2160 1350 2213 Διὰ
1380 2161 1539 2214 ποίαν
1579 2161 1791 2228 αἰτίαν,
1825 2159 1936 2216 Καὶ

313 2251 438 2322 γὰρ
479 2252 646 2322 ὑμεῖς
671 2253 847 2318 αὐτοὶ,
878 2253 1064 2323 φησὶν,
1098 2256 1144 2307 οί
1172 2253 1230 2306 ἐν
1256 2251 1408 2318 τάξει
1436 2255 1711 2325 πατέρων,
1747 2257 1936 2308 τοσοῦο

313 2361 418 2397 τον
443 2345 804 2415 ἀφεστήκατε
850 2344 947 2398 τοῦ
976 2345 1150 2398 θέλειν
1197 2348 1458 2416 ἐπιτιμᾷν
1504 2348 1714 2411 ἑαυτοῖς
1752 2365 1810 2400 τε
1843 2350 1935 2403 καὶ

309 2441 440 2501 τοῖς
485 2438 548 2506 ἐξ
589 2439 769 2509 ὑμῶν,
831 2439 935 2492 κᾶν
983 2441 1033 2492 εἰ
1079 2442 1193 2503 τοῖς
1249 2442 1500 2512 ἐσχάτοις
1559 2444 1936 2514 μεταποιοῖντο

313 2531 696 2602 φαυλότητος,
741 2531 818 2594 ὡς
851 2533 1327 2604 συναναφύρεσθαι
1369 2535 1615 2605 πόρναις.
1668 2533 1935 2586 Συντεθύ-

313 2643 458 2679 κατε
488 2625 602 2696 γὰρ
630 2629 744 2689 τοῖς
767 2625 1199 2696 τετελεσμένοις.
1239 2629 1450 2698 Πόρνας
1477 2629 1531 2681 δέ
1559 2645 1722 2698 φησιν
1754 2627 1936 2690 ίδικῶς

310 2718 424 2779 τὰς
459 2716 559 2770 τοῦ
595 2717 923 2790 Βεελφεγὼρ
965 2720 1189 2790 ἱερείας.
1231 2720 1553 2791 Βεελφεγὼρ
1591 2721 1647 2774 δέ
1693 2724 1863 2784 ἐστιν,
1908 2723 1935 2773 ό

304 2809 495 2861 ’καλού
505 2827 672 2880 μενος
700 2811 974 2881 Πρίαπος.
1001 2813 1063 2865 Αἱ
1085 2812 1140 2865 δὲ
1161 2813 1221 2865 τὸ
1241 2811 1415 2876 οὕτως
1442 2813 1667 2885 αἰσχρὸν
1692 2812 1934 2882 τιμῶσαι

314 2901 653 2972 βδέλυγμα,
696 2904 894 2974 πόρναι
947 2904 1134 2958 λοιπὸν
1185 2905 1656 2975 ὁμολογουμένως.
1705 2905 1936 2958 Τετελε⁴

312 2995 565 3062 σμένους
631 2995 689 3048 δὲ
741 2997 1000 3067 ὀνομάζει
1057 2997 1222 3050 πάλιν
1268 2999 1394 3062 τοὺς
1449 2997 1781 3069 ἱερομύστας
1836 2997 1932 3052 τοῦ

312 3086 682 3158 Βεελφεγὼρ,
708 3087 902 3159 ἄνδρες
928 3088 985 3140 δὲ
1017 3082 1159 3159 ἦσαν
1185 3105 1200 3122 ο
1234 3083 1376 3142 εἶναι
1409 3087 1509 3160 μὲν
1537 3089 1592 3142 δὲ
1620 3090 1718 3143 οὐκ
1749 3090 1936 3161 ἀνεχό-

318 3202 484 3260 μενοι
527 3181 679 3236 τοῦθ’
709 3184 849 3254 ὅπερ
880 3182 1008 3244 εἰσὶ,
1047 3183 1488 3253 μεταφοιτῶντες
1522 3183 1580 3235 δὲ
1623 3182 1824 3253 μᾶλλον
1853 3187 1934 3249 είς

313 3280 591 3351 φρόνημα
651 3276 712 3329 τὸ
769 3274 1151 3347 θηλυπρεπές,
1203 3275 1384 3344 λόγοις
1435 3291 1495 3328 τε
1566 3275 1661 3329 καὶ
1710 3275 1934 3348 τρόποις

310 3370 563 3433 ἀνοσίως
619 3366 1074 3439 μαλακιζόμενοι.
1115 3365 1420 3439 Θηλυδρίας
1485 3366 1545 3421 δὲ
1588 3369 1681 3421 καὶ
1724 3368 1933 3440 μαλθά-

311 3480 508 3526 κωνας
562 3462 691 3523 τοὺς
735 3459 1012 3523 τοιούτους
1064 3456 1405 3514 ἀποκαλοῦσι
1450 3474 1616 3523 τινες,
1671 3459 1720 3512 οἳ
1759 3477 1937 3526 γυναι.

311 3559 505 3622 κείαις
540 3556 849 3624 ὀλολυγαῖς,
876 3555 971 3607 καὶ
997 3553 1300 3624 κυμϐάλοις
1325 3551 1621 3624 χρώμενοι,
1656 3553 1938 3624 περιθέον-

309 3653 407 3716 τές
437 3668 603 3713 τινας
633 3649 797 3722 δᾷδας
823 3651 867 3672 “
895 3645 1278 3719 μυσταγωγεῖν
1303 3646 1680 3716 ὑπεκρίνοντο,
1713 3646 1810 3716 τῆς
1840 3645 1934 3698 τοῦ

313 3743 658 3816 Βεελφεγὼρ
693 3741 959 3813 αἰσχύνης
983 3739 1319 3812 πληροῦντες
1352 3739 1420 3793 τὰ
1448 3738 1696 3808 παίγνια.
1737 3737 1932 3792 Ἐθυον

2041 1989 2147 2028 ιιοιι
2185 1971 2318 2028 mihi
2356 1990 2502 2029 cura:
2525 1976 2654 2042 erit,
2694 1993 2802 2032 non
2837 1988 3126 2032 convertar
3153 1982 3219 2034 ad
3260 1995 3374 2043 eos,
3405 1979 3631 2048 vilipen-

2039 2068 2162 2122 dam
2193 2067 2336 2122 illos.
2373 2067 2546 2134 Quam
2587 2072 2655 2124 ob
2705 2071 2964 2124 causam?
2993 2071 3203 2128 Etenim
3259 2088 3352 2126 ros
3395 2071 3515 2141 ipsi,
3550 2069 3631 2124 in-

2039 2160 2177 2230 quit,
2214 2160 2304 2229 qui
2338 2161 2390 2214 in
2421 2176 2648 2215 numero
2682 2173 2739 2215 et
2765 2162 2958 2217 ordine
2990 2173 3202 2231 patrum
3227 2165 3380 2226 CStis,
3422 2173 3628 2218 tantum

2039 2259 2191 2313 abest
2220 2269 2278 2312 ut
2308 2257 2618 2327 hujnsmodi
2650 2258 2702 2313 in
2737 2260 2890 2314 vobis
2925 2260 3056 2328 ipsis
3085 2259 3382 2326 liberisque
3411 2261 3627 2324 vestris,

2040 2350 2295 2417 quamvis
2339 2357 2592 2403 extreme
2639 2350 2750 2404 sint
2789 2350 3040 2418 improbi,
3070 2349 3468 2418 reprehendere
3500 2349 3630 2403 veli-

2042 2441 2132 2505 tis,
2175 2450 2232 2493 ttt
2267 2457 2386 2494 cum
2432 2441 2812 2496 meretricibus
2853 2443 3340 2496 omninisceamini.
3387 2441 3632 2494 [inmola-

2038 2543 2136 2591 SllS
2164 2535 2307 2587 enim
2338 2550 2459 2588 cum
2492 2534 2741 2588 initiatis.
2776 2533 3089 2588 Meretrices
3115 2535 3329 2604 proprie
3353 2536 3630 2588 sacriﬁcas

2041 2627 2370 2697 Beelphcgor
2387 2629 2650 2692 nominat.
2674 2627 2772 2683 Est
2797 2638 2973 2682 autem
3005 2627 3336 2698 Beelphegor
3360 2629 3449 2696 qui
3485 2646 3625 2682 nun-

2031 2711 2272 2787 cupatur
2327 2717 2574 2787 Priapus.
2616 2717 2748 2772 Tam
2810 2719 3198 2773 exsecrabilem
3245 2721 3626 2790 turpitudinem

2035 2813 2297 2876 colentes,
2332 2821 2698 2881 congruenter
2735 2813 3055 2867 meretrices
3102 2812 3339 2866 fuerunt.
3382 2811 3627 2866 lnitiatos

2038 2917 2200 2970 porro
2228 2914 2388 2956 vocat
2419 2903 2780 2974 hieromystas
2803 2901 3161 2972 Beelphegor,
3189 2904 3277 2972 qui
3315 2919 3420 2957 non
3458 2904 3626 2957 susti-

2039 3002 2376 3049 nerentcsse
2399 2994 2545 3064 quod
2585 3004 2775 3060 erant;
2809 2997 2904 3050 sed
2935 2995 3113 3064 potius
3155 2995 3206 3050 in
3246 2996 3456 3052 animos
3506 3011 3626 3050 mu-

2036 3087 2236 3142 liebres
2272 3088 2668 3156 immigrareut,
2686 3087 2869 3144 verbis
2893 3097 2946 3142 et
2972 3087 3215 3144 moribus
3234 3087 3438 3144 nefarie
3457 3090 3630 3145 emol—

1963 3221 2004 3280 ε
2041 3178 2141 3248 liti,
2176 3197 2312 3251 quos
2340 3181 2580 3236 nonnulli
2626 3181 2969 3236 effeminatos
3013 3193 3068 3236 et
3099 3182 3289 3237 molles
3317 3183 3623 3251 appellant;

2039 3273 2131 3342 qui
2160 3287 2283 3327 cum
2315 3271 2569 3328 femineis
2598 3271 2888 3330 ululatibus
2912 3282 2967 3330 et
3000 3274 3259 3345 cymbalis
3298 3277 3630 3330 circumcur-

2029 3374 2246 3436 santes,
2272 3365 2415 3420 inter
2435 3365 2582 3421 faces
2615 3381 2770 3421 sacra
2794 3367 2990 3423 docere
3008 3354 3355 3432 simulabant,
3381 3370 3628 3437 pudenda

2035 3454 2369 3526 Bt-elphegor
2389 3458 2596 3512 ludicra
2615 3459 2901 3514 obeuntes.
2923 3459 3313 3516 Sacriﬁcabant
3328 3461 3490 3531 igitur
3507 3479 3628 3517 cum

2035 3551 2286 3618 initiatis,
2321 3550 2516 3621 inquit,
2555 3550 2660 3606 hoc
2689 3560 2794 3616 est,
2831 3552 3029 3606 initiati
3071 3565 3228 3608 erant
3261 3553 3476 3608 illorum
3516 3571 3631 3624 my-

2034 3645 2241 3710 steriis,
2270 3653 2326 3699 et
2352 3660 2472 3699 eum
2505 3645 2642 3700 adeo
2667 3645 2941 3716 corruptis
2958 3645 3269 3702 hominibus
3294 3647 3632 3718 Beelphegor

2034 3736 2300 3792 sacriﬁcia
2330 3735 2675 3792 factitabant.

316 3843 529 3909 τοίνυν,
585 3837 746 3910 φησι,
803 3835 944 3908 μετὰ
1004 3834 1113 3888 τῶν
1171 3832 1594 3904 τετελεσμένων,
1659 3832 1928 3898 τουτέστι,
1979 3831 2260 3904 μεμύηντο
2302 3831 2374 3886 τὰ
2418 3831 2666 3898 ἐκείνων,
2699 3833 2795 3887 καὶ
2839 3831 2976 3903 ὁμοῦ
2999 3835 3112 3899 τοῖς
3150 3832 3293 3888 οὕτω
3319 3836 3629 3908 κατεφθαρ-

313 3938 511 4009 μένοις
543 3932 824 4004 προσῆγον
855 3928 1046 3992 θυσίας
1073 3925 1152 3999 τῷ
1181 3927 1526 3998 Βεελφεγὼρ.
1676 4003 1681 4008 ι

386 4029 503 4085 Kal
570 4029 606 4081 ό
662 4023 814 4090 λαὸς
884 4024 918 4076 ό
984 4019 1218 4076 συνιὼν
1289 4021 1704 4074 συνεπλέκετο
1787 4020 1931 4096 μετὰ

309 4124 579 4192 πόρνης.

390 4215 530 4270 ΜΖ’.
561 4208 942 4281 Μετακομίζει
966 4205 1060 4260 τὸν
1081 4205 1239 4277 λόγον
1269 4206 1364 4260 ἐπὶ
1391 4205 1483 4258 τὸν
1518 4203 1738 4270 Ἰούδαν,
1774 4221 1926 4257 τουτ-

309 4306 464 4368 έστι,
520 4304 635 4364 τοῖς
667 4301 733 4353 ἐκ
783 4297 958 4368 φυλῆς
1017 4295 1194 4350 Ἰούδα
1249 4293 1345 4348 καὶ⁸
1389 4294 1668 4364 Βενιαμὶν,
1706 4292 1756 4345 οἳ
1812 4292 1912 4363 τὴν

321 4393 696 4470 Ἰερουσαλὴμ
743 4391 1024 4453 οἰκοῦντες
1073 4388 1176 4452 ἔτι,
1248 4389 1342 4441 καὶ
1392 4386 1455 4439 τὸ
1512 4387 1654 4440 θεῖον
1713 4386 1932 4456 ἔχοντες

309 4489 718 4557 θυσιαστήριον
765 4484 1140 4556 (συνειστήκει
1177 4481 1287 4552 γὰρ
1318 4482 1346 4534 ό
1372 4479 1555 4549 ναὸς),
1587 4479 1656 4532 τὰ
1683 4478 1934 4541 Μωσέως

2113 4017 2224 4088 78
2261 4014 2330 4070 Et
2372 4016 2597 4087 populus
2648 4016 2739 4071 ille
2787 4015 3081 4087 intelligens
3116 4018 3421 4072 adhaerebat
3463 4036 3629 4073 mere-

2039 4110 2177 4163 trici.
2740 4151 2743 4154 .

2109 4200 2319 4257 XLVII.
2353 4199 2671 4255 Sermonem
2711 4199 2777 4254 ad
2810 4197 3003 4254 Judam
3033 4200 3262 4266 derivat,
3302 4201 3406 4256 hoc
3432 4215 3534 4268 est,
3560 4206 3625 4258 ad

2039 4294 2241 4349 tribum
2274 4291 2410 4347 Juda
2444 4299 2497 4347 et
2529 4290 2834 4359 Beniamin,
2863 4290 2954 4360 qui
2997 4291 3174 4348 adhuc
3195 4290 3494 4348 Jerusalem
3532 4299 3626 4348 ba~

2035 4384 2307 4448 bitantes,
2354 4392 2407 4439 et
2451 4393 2862 4441 sacrosanctum
2906 4384 3078 4440 altare
3114 4386 3379 4442 habentes
3423 4389 3627 4459 (stabat

2034 4478 2178 4532 enim
2216 4478 2497 4548 templum)
2527 4477 2728 4550 Moysis
2761 4487 3030 4548 praecepta
3057 4493 3300 4545 servare,
3341 4490 3395 4534 et
3421 4482 3624 4536 intelli-

310 4584 642 4653 ἐντάλματα
693 4580 881 4651 τηρεῖν
930 4576 1191 4645 ἔφασκον,
1238 4574 1331 4626 καὶ
1376 4571 1477 4642 τὴν
1520 4569 1608 4623 διὰ
1638 4569 1732 4622 τοῦ
1765 4571 1930 4640 νόμου

2034 4572 2268 4639 gentiam
2290 4570 2421 4640 legis
2443 4573 2645 4626 habere
2674 4586 2734 4625 se
2764 4571 3177 4640 prolitebantur.
3213 4570 3412 4627 Verum
3440 4587 3494 4629 et
3527 4578 3622 4645 ipsi

312 4679 544 4732 σύνεσιν
611 4673 780 4744 ἐχειν.
845 4667 1010 4721 Ἀλλὰ
1066 4667 1163 4720 καὶ
1214 4663 1370 4718 αὐτοὶ
1419 4662 1812 4733 λελατρεύκασι
1858 4665 1924 4733 τῇ

323 4767 632 4837 ’Λστάρτῃ,
686 4759 1123 4834 προσοχθίσματι
1171 4755 1461 4810 Σιδωνίων.
1518 4752 1820 4824 Ἀστάρτην
1870 4752 1926 4805 δὲ

310 4855 461 4914 εἶναί
498 4873 636 4926 φασι
660 4855 760 4926 τὴν
797 4853 929 4924 παρ’
959 4850 1240 4920 Ἕλλησιν,
1277 4848 1378 4901 οὐκ
1402 4841 1497 4900 οἷδ’
1525 4847 1691 4910 ὅπως,
1721 4844 1923 4915 ὀνομα-

309 4951 561 5022 Coptiqu
599 4946 941 5018 Ἀφροδίτην.
977 4944 1218 5012 Ἕστηκε
1259 4941 1314 4994 δὲ
1348 4941 1410 4994 τὸ
1437 4939 1663 5009 ἄγαλμα
1693 4935 1919 5006 γυμνὸν,

309 5047 412 5099 καὶ
442 5044 522 5107 ὡς
554 5043 614 5096 ἐν
643 5042 773 5094 εἴδει
800 5038 1026 5109 πόρνης,
1059 5037 1223 5106 αίσχη
1234 5033 1411 5104 μόνως
1432 5029 1785 5102 ἀπογυμνοῦν
1811 5029 1923 5091 τοῖς

311 5137 583 5192 ἁπάντων
645 5130 948 5201 ὀφθαλμοῖς
987 5125 1080 5181 καὶ
1133 5124 1202 5179 τὰ
1249 5123 1471 5178 ἄποπτα
1514 5121 1610 5176 τοῦ
1670 5119 1922 5190 σώματος

314 5230 486 5300 μέρη.
535 5223 750 5280 Οὐκοῦν
799 5222 860 5276 οὐ
905 5221 1088 5292 μόνος,
1139 5216 1326 5289 φησὶν,
1383 5215 1411 5268 ὁ
1457 5211 1696 5286 Ἰσραὴλ,
1745 5211 1925 5265 καίτοι

309 5323 585 5391 πλείστην
638 5320 771 5388 ὅσην
826 5314 1084 5369 ἀϐουλίαν
1136 5307 1464 5379 νενοσηκὼς,
1527 5303 1927 5376 συνανεφύρετο

312 5411 573 5483 πόρναις,
599 5409 697 5461 καὶ
719 5406 860 5477 μετὰ
883 5404 990 5475 τῶν
1008 5399 1410 5472 τετελεσμένων
1435 5397 1612 5450 ἔθυενο
1631 5395 1766 5450 ἀλλὰ
1789 5415 1807 5446 ι
1834 5393 1929 5448 καὶ

310 5501 482 5565 αὐτὸς
521 5503 550 5554 ὁ
588 5499 716 5564 λαὸς
751 5501 779 5552 ὁ
822 5495 1043 5559 συνιὼν,
1085 5513 1106 5549 ›
1142 5493 1444 5557 τουτέστιν,
1475 5492 1503 5542 ὁ
1533 5489 1634 5561 τὴν
1663 5490 1726 5541 ἐκ
1760 5487 1925 5558 νόμου

310 5595 541 5650 σύνεσιν
597 5591 678 5646 ἔτι
734 5589 928 5656 σώζειν
959 5585 1409 5659 ὑποκρινόμενος,
1448 5601 1466 5634 ι
1500 5579 1927 5636 συνανεπλέκετο

309 5687 518 5759 πόρνῃ.
551 5703 570 5736 ι
608 5681 1099 5754 Προσκεκυνήκασι
1127 5677 1258 5750 γὰρ,
1276 5675 1350 5742 ὡς
1373 5673 1529 5745 ἔφην,
1548 5669 1924 5745 τῇἊστάρτῃ.

390 5859 439 5891 ¹⁶
477 5857 644 5915 Hebr.
675 5874 772 5927 xu,
807 5857 859 5912 7.
941 5858 981 5888 ¹⁷
1014 5854 1172 5912 Prov.
1205 5870 1286 5920 ιιι,
1326 5854 1410 5910 12.

1493 5852 1534 5884 ¹⁸
1563 5850 1752 5906 Matth.
1793 5866 1887 5916 vn,
1923 5849 2012 5904 ‘25.

2035 4661 2236 4716 divinis
2267 4663 2565 4718 honoribus
2603 4664 2887 4730 Astarten,
2922 4664 3238 4721 scandalum
3272 4665 3624 4722 Sidoniorum

2033 4755 2339 4808 coluerunt.
2374 4754 2628 4810 Astarten
2660 4764 2838 4811 autem
2864 4771 2987 4814 esse
3019 4759 3172 4814 aiunt
3212 4763 3354 4830 apud
3383 4761 3625 4824 Grmcos,

2033 4844 2216 4899 nescio
2270 4859 2471 4914 quare,
2518 4845 2855 4915 Aphroditen
2893 4847 3205 4915 (Venerem)
3269 4852 3622 4905 nominatam.

2033 4934 2222 4988 Stabat
2254 4933 2453 4988 nudum
2481 4933 3040 5001 simulacrum,forma
3069 4933 3256 5006 seorti,
3283 4950 3469 5008 partes
3507 4941 3626 4996 illus

2032 5027 2274 5096 corporis
2303 5027 2368 5080 ab
2395 5035 2617 5095 aspectu
2649 5028 3011 5084 removendas
3040 5031 3265 5085 minime
3305 5041 3475 5087 tectas
3503 5047 3620 5086 om-

2031 5116 2177 5168 nium
2222 5115 2393 5169 oculis
2453 5117 2682 5187 turpiter
2744 5117 3029 5174 exhibens.
3085 5119 3449 5187 Quamobrem
3518 5139 3622 5174 non

2033 5205 2203 5260 solum
2232 5204 2640 5277 lsrael,inquit,
2683 5210 2933 5277 quamvis
2963 5210 3150 5266 morbo
3192 5214 3444 5268 amentiae
3492 5213 3624 5265 allie-

2037 5309 2157 5354 ctus
2186 5300 2444 5365 maxime,
2475 5315 2596 5355 eum
2630 5301 3008 5357 meretricibus
3034 5303 3386 5366 miscebatur,
3419 5314 3472 5357 et
3499 5317 3623 5357 eum

2032 5391 2260 5447 initiatis
2303 5393 2682 5460 sacrificabat;
2725 5395 2819 5450 sed
2857 5413 2875 5446 ι
2903 5403 2959 5450 et
3004 5396 3117 5465 ipse
3159 5396 3390 5465 populus
3421 5397 3622 5451 intelli-

2029 5495 2180 5551 gens,
2209 5500 2228 5534 ι
2260 5483 2361 5537 hoc
2389 5491 2492 5544 est,
2527 5483 2619 5552 qui
2653 5485 2996 5552 prudentiam
3035 5483 3260 5557 legalem
3293 5487 3474 5542 adhuc
3513 5502 3626 5557 [me

2031 5589 2090 5628 se
2114 5574 2357 5640 ferebat,
2411 5591 2430 5625 ι
2464 5576 2737 5630 meretrici
2803 5578 3178 5634 adhaerebat.)
3245 5577 3623 5634 Adoraveruut

2029 5667 2200 5732 enim,
2220 5676 2277 5720 ut
2298 5665 2429 5732 dixi,
2456 5667 2732 5723 Astarten.
2772 5667 3028 5725 Salomon
3059 5673 3204 5728 enim
3242 5672 3544 5728 libidinosa:
3570 5681 3624 5725 et

2108 5851 2149 5879 ‘9
2187 5847 2327 5902 Psal.
2368 5863 2563 5914 xxxiii,
2602 5849 2688 5904 16.
