4094 6514
468 326 575 385 155

1460 323 1519 377 S.
1559 322 1841 378 LYRILLI
1882 321 2348 376 ALEXANDRINI
2394 322 2714 380 ARCHIEP.

3635 327 3736 384 136

465 450 762 522 peregrina:
794 448 1003 504 mulieri
1022 454 1243 518 gratum
1273 444 1499 514 faciens,
1525 447 1804 501 delubrum
1836 448 1885 500 ei
1911 462 2039 499 con-

2158 445 2403 515 Σολομὼν
2430 446 2538 517 γὰρ
2570 447 2705 518 αὐτῇ
2737 447 2960 518 τέμενος
3003 447 3353 518 ἀνεδείματο,
3380 446 3640 516 μαχλώσῃ
3678 465 3734 499 τε

468 543 668 597 struxit
688 541 756 594 ²⁰.

540 632 702 685 Vsus.
750 630 837 685 15.
866 626 945 682 Tu
971 636 1167 687 autem.
1198 625 1391 691 Israel,
1425 642 1487 679 ne
1526 626 1754 695 ignores,
1783 637 1831 679 et
1876 625 2042 691 Iuda,

466 738 530 777 ne
560 720 931 790 ingrediamini
969 719 1023 773 in
1064 717 1312 789 Galgala,
1347 727 1394 771 et
1424 733 1485 770 ne
1528 717 1823 770 ascendatis
1855 717 1909 768 in
1948 717 2047 770 do-

392 840 401 852 ι
472 830 613 868 mum
646 812 964 882 iniquitatis,
995 818 1044 864 et
1072 824 1133 864 ne
1152 807 1344 879 juretis
1384 810 1632 863 viventem
1668 807 1972 861 Dominum.

538 991 771 1048 XLVIII.
794 992 914 1047 Dixi
945 991 1056 1063 jam
1092 989 1268 1056 toties,
1299 989 1482 1044 decem
1514 986 1686 1042 tribus
1721 986 1773 1040 in
1802 984 2047 1040 Samaria

471 1101 503 1141 a
551 1084 825 1156 prophetis
878 1082 1145 1156 nominari
1186 1078 1384 1145 lsrael;
1412 1077 1605 1133 Judam
1649 1091 1796 1141 vero,
1820 1087 1875 1130 et
1914 1092 2048 1131 nou-

473 1192 746 1247 nunquam
781 1174 1083 1243 Benjamin,
1105 1173 1238 1228 duas
1272 1171 1444 1226 tribus
1475 1171 1526 1224 in
1558 1166 2048 1232 JerusalemJudae

474 1276 600 1336 puta
628 1275 679 1320 et
702 1263 998 1334 Benjamin.
1019 1261 1281 1331 Loquitur
1303 1261 1355 1314 in
1387 1274 1626 1330 praesens
1653 1258 1718 1313 de
1761 1258 2045 1324 ambobus,

474 1369 527 1414 et
565 1357 844 1425 utriusque
883 1353 1240 1408 multitudinis
1290 1353 1536 1406 morbum
1595 1351 1857 1418 increpat.
1911 1348 2049 1404 Vide

474 1450 617 1506 enim
642 1448 911 1518 quomodo
943 1444 1194 1500 lsraelem
1228 1453 1285 1498 ut
1311 1457 1571 1513 perquam
1607 1441 1952 1510 insipientem
1994 1449 2051 1495 et

474 1542 673 1597 mentis
701 1541 934 1608 inopem,
966 1546 1021 1592 et
1065 1546 1352 1606 eapropter
1370 1536 1535 1590 etiam
1578 1533 1908 1588 desertorem
1941 1530 2052 1587 fac—

474 1643 586 1687 tum
635 1630 1237 1702 vituperctzsiquidem
1284 1627 1606 1697 insipientia‘.
1649 1627 1851 1680 crimen
1892 1640 2051 1695 repu-

477 1726 579 1779 tari
620 1739 830 1793 mquum
878 1732 986 1787 est,
1041 1721 1272 1776 cultibus
1323 1718 1587 1774 idolorum
1648 1717 2053 1786 frequentaudis

2148 535 2243 589 καὶ
2264 536 2548 606 ἀλλοφύλῳ
2574 537 2793 605 γυναικὶ
2825 537 2893 591 τὰ
2922 536 3294 608 κεχαρισμένα
3333 536 3579 606 πληρῶν.

2218 627 2301 681 Σὺ
2324 627 2412 693 δὲ,
2431 628 2690 696 Ἰσραὴλ,
2706 629 2792 698 μὴ
2819 629 3043 697 ἀγνόει,
3063 627 3161 681 καὶ
3178 627 3395 690 Ἰούδα,
3416 628 3503 695 μὴ
3530 628 3706 679 εἰσπο
3721 657 3738 666 -

2138 721 2395 788 ρεύεσθε
2452 722 2540 785 είς
2591 721 2899 790 Γάλγαλα,
2956 721 3054 773 καὶ
3120 718 3206 789 μὴ
3249 718 3603 772 ἀναϐαίνετε
3653 721 3743 783 εἰς

2148 810 2260 863 τὸν
2307 807 2477 863 οἷκον
2520 808 2631 876 τῆς
2674 809 2929 876 ἀδικίας,
2979 810 3076 863 καὶ
3125 808 3210 880 μὴ
3256 809 3504 877 ὀμνύετε
3558 806 3742 868 ζῶντα

2149 902 2392 968 Κύριον.

2221 992 2361 1045 MH'.
2389 992 2566 1062 Ἔφην
2594 992 2695 1062 ἤδη
2729 992 3068 1057 πλειστάκις,
3114 993 3196 1046 ὅτι
3225 993 3324 1056 τάς
3360 991 3458 1063 μὲν
3481 993 3609 1046 δέκα
3637 1010 3708 1060 φυ
3729 1021 3744 1030 -

2152 1081 2270 1146 λάς,
2309 1081 2409 1145 τὰς
2441 1084 2498 1135 ὲν
2527 1085 2594 1153 τῇ
2642 1084 2945 1154 Σαμαρείᾳ,
3003 1083 3110 1137 τῶν
3147 1084 3443 1155 προφητῶν
3498 1087 3545 1137 οἱ
3593 1085 3744 1152 λόγοι

2152 1174 2406 1229 καλοῦσιν
2461 1175 2703 1247 Ἰσραήλο
2740 1175 2939 1229 Ἰούδαν
2970 1193 3034 1244 γε
3069 1176 3176 1247 μὴν
3218 1175 3313 1230 καὶ
3344 1178 3598 1248 Βενιαμὶν
3630 1177 3743 1230 ἔσθ’

2150 1266 2238 1319 ὅτε
2281 1266 2380 1330 τὰς
2432 1268 2489 1321 ἐν
2540 1269 2652 1331 τοῖς
2694 1267 3084 1338 Ἰεροσολύμοις
3130 1268 3222 1322 δύο
3254 1268 3445 1337 φυλὰς,
3494 1277 3603 1346 τὴν
3644 1269 3743 1323 τοῦ

2164 1357 2353 1423 Ἰούδα,
2389 1359 2552 1428 φημὶ,
2578 1360 2673 1411 καὶ
2720 1358 2814 1411 τοῦ
2849 1358 3124 1430 Βενιαμίν.
3170 1360 3367 1428 Γέγονε
3402 1350 3579 1413 τοίνυν
3610 1361 3747 1434 περὶ

2153 1448 2355 1518 ἀμφοῖν
2394 1450 2472 1512 είς
2505 1449 2564 1501 τὸ
2597 1449 2769 1521 παρὸν
2791 1452 2818 1503 6
2846 1450 3022 1517 λόγος,
3054 1451 3147 1504 καὶ
3173 1452 3270 1522 τὴν
3307 1453 3574 1521 ἑκατέρας
3605 1454 3748 1524 πλη-

2155 1538 2281 1602 θύος
2304 1539 2595 1610 ἀπελέγχει
2623 1541 2790 1594 νόσον.
2824 1540 2932 1594 Θέα
2959 1542 3067 1613 γὰρ
3089 1544 3235 1606 ὅπως
3262 1546 3616 1609 κατονειδίζει
3646 1546 3745 1599 τὸν

2167 1629 2399 1702 Ἰσραὴλ,
2456 1632 2532 1694 ὡς
2576 1634 2833 1687 ἀσύνετον
2891 1634 3108 1705 κομιδῇ,
3169 1635 3263 1688 καὶ
3315 1635 3745 1708 ὀλιγογνώμονα,

2156 1722 2418 1795 ταύτῃτοι
2453 1726 2715 1793 γεγονότα
2740 1727 2835 1781 καὶ
2875 1727 3207 1797 ἀποστάτην.
3242 1728 3413 1800 Εἴπερ
3452 1731 3745 1794 ἀσυνεσίας

475 1816 755 1877 delectari,
784 1824 837 1868 et
864 1829 892 1866 a
921 1811 1190 1867 cliaritate
1213 1810 1268 1863 in
1296 1808 1468 1863 Deum
1485 1808 1749 1877 separari.
1777 1805 2054 1876 Signiﬁcat

2159 1808 2411 1880 ἔγκλημα
2455 1812 2614 1864 νοοίτ’
2646 1813 2714 1867 ἂν
2767 1813 3015 1881 εἰκότως,
3059 1815 3122 1868 τὸ
3162 1819 3283 1879 ταῖς
3342 1818 3449 1869 τῶν
3503 1818 3750 1873 εἰδώλων

473 1924 604 1979 ergo
643 1909 746 1962 hoc
784 1906 923 1971 loco,
958 1923 978 1955 ι
1007 1918 1071 1957 ne
1122 1903 1360 1972 ignores,
1385 1918 1404 1952 ι
1441 1914 1509 1954 ne
1548 1899 1623 1953 sis
1668 1897 1869 1963 fatuus,
1920 1912 2054 1953 neve

474 2010 717 2055 extrema
753 1994 1061 2066 insipientia
1097 1994 1304 2062 plenus.
1349 1988 1632 2045 Pudel'acit
1671 1989 1867 2045 deinde
1901 1989 2054 2043 habi-

478 2100 653 2145 tantes
679 2086 997 2153 Jerusalem,
1034 2099 1226 2154 nempe
1251 2082 1469 2147 Judam,
1500 2090 1559 2136 ut
1583 2079 1955 2137 simulatorem
2000 2088 2054 2135 et

475 2182 639 2250 impie
666 2179 980 2249 injuriosum
1001 2215 1016 2241 ,
1048 2176 1191 2246 quod
1216 2175 1480 2229 ambobus
1508 2174 1754 2241 incedat;
1788 2175 1895 2229 imo
1911 2175 2055 2245 quod

475 2273 737 2328 ambobus
763 2269 1054 2340 poplitibus
1097 2268 1255 2337 juxta
1293 2268 1517 2321 verbum
1548 2267 1822 2336 prophetae
1852 2265 2054 2321 claudi-

476 2372 563 2419 cet
585 2364 653 2416 ".
689 2360 952 2432 Fingebat
984 2360 1128 2414 enim
1156 2358 1395 2413 studium
1424 2367 1478 2414 et
1502 2372 1743 2413 amorem
1776 2357 2054 2428 religionis

476 2475 604 2531 erga
621 2458 810 2522 Deum,
838 2466 893 2512 et
921 2452 1186 2511 sacrificia
1216 2452 1420 2522 legibus
1449 2450 1691 2505 instituta
1714 2449 2049 2514 celebrabat,

478 2551 571 2609 sed
596 2551 907 2619 neutiquam
953 2547 1129 2601 adhuc
1156 2546 1222 2599 ad
1258 2545 1532 2598 daemones
1573 2543 1718 2612 ipsos
1748 2542 2054 2596 adorandus

477 2656 770 2712 properare
811 2638 1110 2703 desinebat,
1150 2635 1259 2707 79
1303 2636 1402 2690 etsi
1445 2635 1494 2688 id
1538 2648 1643 2687 non
1685 2632 1820 2687 adeo
1853 2631 2049 2701 palam,

475 2748 663 2788 verum
698 2730 907 2787 occulte
944 2737 997 2784 et
1033 2728 1285 2783 latenter.
1329 2725 1511 2793 Quare
1549 2725 1740 2781 beatus
1790 2726 2053 2795 propheta

479 2824 730 2881 Ezechiel
762 2822 1046 2893 perfodere
1091 2819 1350 2890 parietem
1388 2818 1573 2887 jussus
1613 2824 1729 2882 est;
1767 2831 1874 2885 quo
1913 2815 2055 2869 ίειι-ιο

476 2917 615 2971 vidit
640 2915 818 2971 omnia
853 2913 996 2968 idola
1020 2910 1184 2966 Israel
1213 2910 1423 2979 depicta
1455 2908 1506 2961 in
1542 2908 1857 2977 parietibus.
1899 2908 1961 2960 Et
1987 2906 2054 2960 ad

480 3011 654 3080 ipsum
704 3007 1075 3061 universorum
1113 3003 1299 3056 Deus:
1345 3018 1364 3051 ι
1392 2999 1624 3065 Vidisti,
1667 2999 1738 3053 fili
1785 2999 2052 3064 hominis,

480 3102 611 3173 quid
638 3101 881 3156 seniores
900 3097 1091 3152 domus
1116 3094 1281 3149 Israel
1312 3093 1512 3148 faciant
1535 3092 1663 3147 hic?
1685 3093 2055 3161 unusquisque

2155 1900 2434 1971 λατρείαις
2463 1903 2826 1972 προσκεῖσθαι
2855 1904 3050 1972 φιλεῖν,
3079 1906 3175 1958 καὶ
3203 1905 3304 1975 τῆς
3335 1909 3415 1970 είς
3444 1907 3575 1962 Θεὸν
3606 1908 3753 1977 ἀγά-

2157 2009 2265 2062 πης
2291 1993 3055 2064 ἀπονοσφίζεσθαι.Σημαίνει
3080 1994 3143 2067 δὴ
3177 1989 3269 2049 οὖν
3301 1994 3487 2049 ἐνθάδε
3517 1997 3596 2065 τὸ,
3624 2018 3642 2048 ι
3662 1998 3752 2070 μὴ

2154 2084 2390 2153 ἀγνόει,›
2413 2085 2495 2149 τὸ,
2518 2087 2592 2156 μὴ
2614 2087 2705 2139 ἔσο
2729 2087 2932 2158 μωρὸς,
2953 2088 3087 2158 μηδὲ
3102 2087 3200 2159 τῆς
3234 2091 3311 2153 είς
3332 2089 3485 2160 λῆξιν
3504 2090 3752 2162 ἡκούσης

2154 2176 2443 2242 ἀσυνεσίας
2472 2177 2741 2248 ἔμπλεως.
2790 2178 3073 2250 Ἐντρέπει
3117 2178 3175 2233 δὲ
3209 2180 3369 2234 πάλιν
3415 2180 3509 2234 καὶ
3536 2181 3660 2243 τοὺς
3684 2183 3750 2233 ἐν

2153 2269 2267 2331 τοῖς
2298 2269 2711 2340 Ἰεροσολύμοις,
2744 2270 2990 2323 τουτέστι
3023 2271 3114 2323 τὸν
3153 2271 3371 2334 Ἰούδαν,
3407 2271 3482 2334 ὡς
3516 2271 3750 2342 ὑποκρι-

2156 2359 2276 2430 τὴν,
2313 2361 2407 2414 καὶ
2432 2361 2662 2425 ἀνοσίως
2696 2362 3007 2433 ὑϐρίζοντα,
3057 2362 3147 2416 διά
3176 2381 3241 2432 γε
3274 2364 3368 2416 τυῦ
3418 2363 3621 2434 βαίνειν
3651 2364 3749 2417 ἐπ’

2156 2451 2343 2521 ἄμφω,
2404 2452 2605 2521 μᾶλλον
2655 2452 2711 2506 δὲ
2773 2453 3032 2522 χωλεύειν
3086 2455 3174 2507 ἐπ’
3227 2456 3567 2527 ἀμφοτέραις
3624 2457 3747 2519 ταῖς

2159 2544 2386 2613 ἰγνύαις,
2416 2546 2556 2597 κατά
2592 2545 2689 2610 τὴν
2719 2544 2811 2599 τοῦ
2846 2549 3125 2618 προφήτου
3160 2549 3365 2617 φωνήν.
3419 2548 3745 2601 Ἑπλάττετο

2157 2638 2256 2709 μὲν
2298 2639 2406 2709 γὰρ
2449 2639 2784 2710 ἐπιτηδεύειν
2828 2657 2886 2694 τε
2936 2641 3031 2695 καὶ
3077 2641 3296 2711 ἀγαπᾷν
3338 2641 3436 2713 τὴν
3480 2643 3558 2705 εἰς
3609 2642 3740 2696 Θεὸν

2159 2729 2461 2795 εὐσέϐειαν,
2490 2731 2586 2783 καὶ¹
2617 2731 2713 2795 τὰς
2746 2731 2890 2785 κατὰ
2917 2732 3080 2803 νόμον
3110 2732 3299 2796 Θυσίας
3333 2733 3536 2786 ἐτέλει·
3567 2732 3741 2805 ἀπήλ-

2152 2822 2321 2876 λακτο
2372 2823 2429 2876 δὲ
2481 2823 2730 2893 οὐδαμῶς
2770 2823 2865 2877 τοῦ
2910 2824 3004 2877 καὶ
3039 2824 3221 2887 αὐτοῖς
3267 2825 3582 2892 ἐπείγεσθαι
3627 2828 3743 2890 τοῖς

2155 2912 2451 2981 δαιμονίοις
2508 2915 2856 2984 προσκυνεῖν,
2901 2914 2949 2966 εί
2996 2914 3090 2967 καὶ
3138 2913 3212 2985 μὴ
3255 2915 3373 2969 λίαν
3415 2915 3741 2984 ἀναφανδὸν,

2156 3003 2271 3057 ἀλλ’
2313 3000 2406 3058 οὖν
2451 3005 2849 3075 κεκρυμμένως
2889 3006 2983 3058 καὶ
3022 3005 3344 3076 λεληθότως.
3387 3008 3496 3060 Καὶ
3539 3008 3665 3076 γοῦν
3716 3010 3749 3061 6

2162 3095 2429 3166 μακάριος
2455 3096 2738 3165 προφήτης
2795 3096 3051 3168 Ἰεζεχιὴλ
3083 3097 3328 3169 ὀρύττειν
3373 3099 3430 3151 ὲν
3469 3098 3545 3170 τῷ
3578 3099 3751 3170 τοίχῳ

482 3207 668 3248 eorum
694 3192 749 3247 in
777 3189 1025 3246 cubiculo
1040 3187 1358 3243 abscondito
1382 3200 1591 3240 eorum.
1616 3183 1751 3251 Quia
1783 3182 2053 3251 dixerunt,

2158 3186 2571 3259 προσετάττετο.
2612 3183 2742 3240 Εἶτα
2773 3188 3027 3242 τεθέαται
3058 3190 3237 3243 πάντα
3273 3190 3340 3243 τὰ
3368 3190 3558 3243 εἴδωλα
3589 3192 3749 3244 οἴκου

482 3285 781 3353 Dereliquit
812 3281 1088 3349 Dominus,
1113 3294 1216 3332 non
1250 3279 1381 3332 vidit
1418 3277 1674 3331 Dominus
1705 3285 1905 3331 terram
1938 3278 2003 3328 ’³.
2031 3294 2050 3327 ι

482 3379 573 3433 Ait
624 3379 754 3432 item
802 3375 1083 3446 propheta,
1127 3386 1187 3428 se
1229 3371 1504 3440 aspexisse
1554 3367 1805 3422 mulieres
1843 3381 2058 3436 quoque

483 3469 734 3525 sedentes
785 3477 838 3520 et
869 3465 1185 3535 plangentes
1240 3461 1570 3522 Thammuz,
1609 3457 1700 3528 qui
1743 3456 2054 3512 Graecorum

481 3559 660 3630 lingua
695 3567 777 3612 est
798 3553 1293 3623 Adonis.Perspice
1316 3552 1499 3622 igitur,
1526 3566 1633 3619 quo
1656 3560 1834 3619 pacto,
1862 3564 2057 3618 quain-

481 3653 563 3706 vis
602 3650 843 3705 divinum
875 3645 1133 3715 templum
1170 3642 1538 3699 venerabundi
1577 3640 1810 3707 obirent,
1846 3648 1901 3695 et
1942 3640 2057 3694 cul-

483 3752 593 3796 tum
622 3741 860 3808 divinum
887 3738 1186 3794 secundum
1225 3735 1397 3805 legem
1432 3732 1534 3787 sibi
1568 3733 1847 3801 proprium
1886 3741 1942 3787 et
1972 3747 2058 3801 pe-

482 3834 738 3890 culiarem
777 3846 897 3887 esse
937 3829 1278 3891 simularent,
1323 3824 1674 3880 nihilominus
1719 3824 2057 3879 clandestine

482 3925 715 3980 cultibus
748 3920 999 3977 absurdis
1027 3928 1085 3975 et
1109 3916 1408 3980 diabolicis,
1441 3926 1496 3971 et
1527 3915 1635 3972 Deo
1661 3916 1850 3972 invisis
1879 3932 1938 3972 se
1976 3918 2058 3970 di—

483 4015 757 4069 videbant.
816 4011 1078 4079 Quocirca
1124 4026 1143 4059 ι
1173 4008 1251 4061 Tu
1284 4006 1468 4071 Israel,
1502 4025 1520 4059 ι
1555 4007 1645 4076 qui
1702 4006 1923 4072 omnino
1962 4007 2058 4061 de-

482 4106 680 4162 ﬂexisti
710 4122 723 4159 :
750 4103 816 4157 de
846 4105 929 4157 via
959 4120 977 4153 ι
1008 4115 1074 4156 ne
1104 4101 1341 4171 ignores,
1375 4116 1394 4149 ι
1425 4098 1618 4166 inquit.
1652 4096 1707 4151 Id
1726 4096 2059 4160 est,abstine

486 4200 554 4253 ab
602 4194 912 4265 imperitia;
945 4191 1144 4246 desi5te
1175 4190 1243 4244 ab
1285 4190 1388 4243 hac
1417 4197 1525 4241 tam
1567 4201 1709 4240 vana
1750 4195 1804 4239 et
1835 4183 2055 4253 profana

484 4290 806 4353 voluntate;
848 4285 1076 4340 admitte
1119 4282 1460 4352 prudentiam
1508 4280 1612 4349 legi
1654 4289 1710 4332 et
1759 4278 2055 4346 ρτονιιειίε,

485 4383 600 4437 sive
640 4378 857 4434 Christo
897 4387 950 4430 et
978 4374 1270 4443 Evangelia
1313 4382 1754 4428 consentaneam.
1790 4387 1808 4419 ι
1840 4366 2055 4421 EtJuda

485 4487 555 4528 ne
601 4469 940 4540 ingredimini
970 4470 1021 4522 in
1049 4465 1290 4537 Galgala,
1329 4475 1384 4518 et
1418 4464 1470 4517 in
1510 4463 1725 4518 domum
1758 4460 2059 4528 iniquitatis

487 4578 554 4618 ne
597 4562 908 4626 ascendite,
957 4569 1011 4614 et
1052 4574 1117 4613 ne
1150 4535 1333 4628 iurate
1378 4555 1645 4608 viventem
1696 4549 2001 4604 Dominum.
2035 4567 2053 4600 ι
2092 4535 2137 4590 Ι)

486 4652 639 4710 Haud
670 4653 813 4707 enim
857 4652 1110 4705 decorum
1140 4658 1224 4703 est
1248 4661 1344 4716 per
1371 4644 1537 4699 Deum
1579 4642 1781 4711 iurare,
1807 4652 1966 4709 atque
2011 4644 2062 4692 in

487 4747 672 4816 lingua
711 4744 912 4799 habere
954 4740 1226 4795 viventem
1272 4737 1585 4799 Dominum,
1623 4746 1678 4789 et
1715 4733 1932 4788 interim
1973 4732 2063 4785 ad-

487 4837 690 4894 dictum
721 4850 839 4891 esse
860 4833 1019 4889 idolis
1051 4842 1107 4887 et
1130 4830 1330 4886 vitulos
1360 4828 1631 4884 inanimes
1660 4827 1908 4880 adorare.
1924 4824 2065 4880 Con-

486 4930 663 4985 stituit
693 4929 891 4997 quippe
919 4924 1205 4979 Jeroboam
1230 4936 1396 4976 unum
1429 4920 1483 4974 in
1516 4918 1723 4982 Bethel,
1747 4918 1971 4971 alterum
2003 4917 2055 4969 in

487 5022 601 5076 Dan
633 5021 699 5073 ".
734 5019 848 5072 Non
886 5017 1015 5072 sinit
1039 5016 1200 5084 igitur
1222 5014 1476 5083 pietatem
1498 5025 1629 5081 erga
1656 5011 1823 5066 Deum
1858 5008 2058 5079 ﬁngere

485 5130 583 5183 per
616 5109 1106 5182 pronuntiationem
1158 5105 1393 5159 nominis
1424 5102 1658 5166 Domini,
1686 5108 1741 5157 et
1787 5100 2058 5155 nihilomi-

488 5221 589 5261 nus
608 5205 685 5258 ‘ad
711 5198 1041 5255 idololatrias
1060 5212 1182 5250 cum
1207 5194 1413 5249 ratione
1434 5202 1735 5265 pugnantes
1751 5190 1973 5256 auferri,
2002 5193 2053 5244 in

487 5296 728 5367 Galgala,
768 5301 822 5348 et
868 5290 920 5343 in
954 5291 1172 5344 domum
1206 5287 1507 5356 iniquitatis
1543 5284 1919 5340 ascendentes.
1948 5285 2054 5338 Do-

428 5428 431 5431 μ
489 5405 635 5441 mum
671 5382 974 5452 iniquitatis
1008 5389 1161 5435 vocat
1189 5379 1387 5433 Belhel.
1418 5377 1629 5445 Quare?
1649 5378 1888 5431 redditur
1911 5377 2055 5429 enim

491 5476 674 5531 Bethel
711 5474 905 5527 Domus
942 5471 1058 5526 Dei.
1100 5472 1204 5527 Sed
1234 5474 1421 5525 domus
1462 5469 1585 5523 idoli
1627 5468 1773 5523 facta
1813 5476 1915 5531 est,
1938 5481 2057 5519 cum

489 5568 665 5637 aliqua
694 5564 892 5633 injuria
912 5573 966 5619 et
993 5566 1069 5619 rei
1108 5572 1166 5619 et
1196 5561 1531 5633 cognominis
1556 5577 1569 5615 :
1602 5559 1792 5615 domus
1824 5571 2061 5627 namque

2171 3275 2391 3348 Ἰσραὴλ
2422 3277 2877 3349 διαγεγραμμένα
2920 3280 3012 3332 ἐπὶ
3052 3280 3162 3333 τῶν
3203 3281 3416 3352 τοίχων.
3455 3282 3565 3335 Καὶ
3603 3284 3750 3353 πρὸς

2159 3369 2321 3421 αὐτὸν
2342 3370 2371 3422 6
2411 3369 2519 3422 τῶν
2552 3369 2688 3422 ὅλων
2714 3369 2845 3433 Θεός
2868 3386 2883 3401 ο
2922 3388 2941 3420 ι
2983 3371 3282 3443 Ἑώρακας,
3316 3374 3396 3425 υἱὲ
3429 3371 3747 3444 ἀνθρώπου,

2157 3459 2194 3513 ἀ
2214 3459 2263 3512 οἱ
2287 3459 2643 3531 πρεσϐύτεροι
2663 3462 2811 3514 οῐκου
2840 3461 3057 3532 Ἰσραὴλ
3078 3461 3321 3517 ποιούσιν
3349 3457 3449 3516 ῶδε
3473 3481 3488 3530 ;
3515 3464 3753 3528 ἕκαστος

2158 3554 2217 3605 ὲν
2244 3550 2321 3622 τῷ
2355 3552 2569 3607 κοιτῶνι
2589 3552 2665 3622 τῷ
2686 3551 2913 3623 κρυπτῷ
2940 3552 3137 3607 αὐτῶν.
3157 3554 3300 3607 Διό-ει
3323 3550 3507 3607 εἶπαν·
3546 3555 3753 3623 Ἐγκα-

2156 3641 2440 3695 ταλέλοιπε
2499 3642 2723 3713 Κύριος,
2786 3643 2887 3695 οὐκ
2941 3644 3115 3715 ἐφορᾷ
3177 3644 3381 3715 Κύριος
3418 3643 3517 3714 τὴν
3564 3645 3689 3712 γῆν.
3721 3663 3743 3696 ι

2157 3734 2459 3790 Τεθεᾶσθαι
2497 3736 2555 3790 δέ
2598 3752 2762 3805 φησιν
2791 3736 2819 3787 6
2854 3737 3137 3808 προφήτης
3176 3738 3271 3789 καὶ
3306 3741 3567 3805 γυναῖκας
3605 3737 3748 3791 καθ-

2159 3844 2192 3896 η
2202 3826 2387 3897 μένας,
2413 3827 2506 3879 καὶ
2528 3825 2831 3897 θρηνούσας
2858 3827 2948 3881 τὸν
2962 3825 3247 3897 Θαμμοὺζ,
3266 3829 3324 3891 ὃς
3347 3830 3492 3880 ἐστιν
3517 3828 3751 3893 ’Ἄδωνις

2157 3922 2224 3990 τῇ
2275 3919 2543 3991 Ἑλλήνων
2574 3923 2746 3991 φωνῇ.
2780 3919 2970 3991 Ἀθρει
3004 3921 3068 3992 δὴ
3096 3918 3210 3987 οὖν,
3238 3922 3385 3984 ὅπως
3431 3922 3609 3974 καίτοι
3653 3920 3751 3975 τὸν

2160 4011 2302 4063 θεῖον
2325 4012 2683 4082 περιέποντες
2709 4012 2857 4075 ναὸν,
2883 4013 2975 4065 καὶ
3000 4013 3097 4084 τῆς
3125 4014 3267 4068 κατά
3290 4015 3454 4084 νόμον
3484 4013 3748 4084 λατρείας

2162 4103 2576 4172 μεταποιεῖσθαι
2610 4102 3088 4175 προσποιούμενοι,
3119 4104 3419 4177 λεληθότως
3444 4105 3743 4177 κατεμερί-

2160 4191 2314 4257 ζοντο
2350 4194 2485 4264 πρὸς
2517 4194 2770 4266 λατρείας
2819 4198 2917 4261 τὰς
2964 4197 3285 4260 ἀλλοκότους
3326 4196 3418 4250 κα)⁵
3451 4195 3743 4266 δαιμονιώ-

2158 4283 2289 4345 δεις,
2354 4284 2447 4337 καὶ
2502 4284 2620 4355 Θεῷ
2673 4289 3172 4358 κατεστυγημένας.
3223 4286 3608 4342 ΟὐκοῦνοσΣὺ
3644 4287 3746 4357 μὲν

2171 4372 2407 4443 Ἰσραὴλ,
2433 4392 2451 4425 ι
2507 4374 2812 4445 όλοτρόπως
2857 4376 3225 4444 ὲκκεκλικὼς,
3273 4395 3292 4428 ι
3323 4376 3398 4448 μὴ
3428 4376 3674 4446 μάγνόει,
3717 4396 3734 4427 ι

2162 4466 2317 4533 φησι,
2344 4467 2619 4519 τουτέστιν
2645 4467 2884 4539 ἀπόσχου
2921 4470 3018 4538 τῆς
3049 4469 3307 4540 ἀμαθίας,
3336 4468 3613 4538 κατάληγε
3644 4468 3745 4538 τῆς

2163 4555 2336 4617 οὕτως
2386 4558 2591 4621 εἰκαίας
2636 4559 2730 4612 καὶ
2776 4558 3001 4629 βεϐήλου
3041 4557 3286 4630 γνώμης,
3330 4558 3480 4624 δέξαι
3528 4557 3744 4610 σύνεσιν

2164 4648 2262 4718 τὴν
2291 4648 2378 4701 διὰ
2397 4650 2559 4720 νόμου
2597 4652 2690 4705 καὶ
2735 4650 3028 4721 προφητῶν
3047 4691 3061 4714 ,
3100 4652 3218 4722 ἤτοι
3261 4651 3360 4722 τὴν
3386 4650 3473 4704 διὰ
3502 4646 3739 4721 Χριστοῦ

2163 4740 2257 4792 καὶ
2298 4740 2677 4810 εὑαγγελικήν.
2724 4762 2742 4794 ι
2766 4744 2875 4795 Καὶ
2907 4742 3098 4808 Ἰούδα,
3134 4743 3208 4814 μὴ
3248 4741 3633 4813 είσπορεύεσθε
3664 4744 3745 4806 είς

2162 4831 2436 4900 Γάλγαλα,
2459 4832 2551 4885 καὶ
2571 4834 2651 4896 είς
2667 4833 2756 4885 τὸν
2776 4831 2921 4886 οἶκον
2942 4834 3039 4903 τῆς
3066 4834 3277 4896 ἀδικίας
3302 4833 3376 4904 μὴ
3401 4832 3741 4896 ἀναϐαίνετε,

2163 4925 2257 4977 καὶ
2295 4923 2369 4995 μὴ
2407 4923 2631 4993 ὀμνύετε
2664 4923 2841 4987 ζῶντα
2873 4925 3078 4996 Κύριον
3105 4964 3121 4981 ,
3144 4945 3161 4976 ι
3206 4925 3315 4977 Καὶ
3339 4924 3448 4994 γάρ
3487 4924 3603 4976 ἐστι
3635 4924 3745 4976 τῶν

2164 5015 2402 5079 ἀτόπων,
2428 5017 2612 5086 ὅρκιον
2647 5017 2746 5089 μὲν
2774 5017 3042 5071 ποιεῖσθαι
3064 5016 3216 5079 Θεὸν,
3249 5017 3342 5069 καὶ
3375 5017 3466 5068 ἐπὶ
3497 5015 3747 5084 γλώττης

2165 5105 2309 5176 ἔχειν
2353 5105 2444 5157 τὸν
2493 5105 2669 5169 ζῶντα
2712 5106 2953 5177 Κύριον,
3002 5106 3355 5177 προσκεῖσθαι
3417 5104 3474 5158 δὲ
3521 5103 3598 5175 τῷ
3651 5105 3740 5156 κο)

2165 5195 2404 5257 εἰδώλοις
2432 5196 2526 5247 καὶ
2563 5195 2790 5267 ἀψύχοις
2814 5197 3108 5267 δαμάλεσιν
3154 5197 3367 5250 ἑλέσθαι
3398 5198 3710 5269 προσκυνε’ν

2178 5285 2437 5341 Ἀπέθετο
2476 5288 2583 5360 γὰρ
2628 5288 2930 5358 Ἱεροϐοάμ,
2963 5289 3061 5359 τὴν
3092 5288 3219 5358 μίαν
3256 5292 3336 5352 είς
3377 5287 3579 5357 Βαιθὴλ
3601 5329 3615 5351 ,
3650 5306 3713 5344 ιτι

2164 5377 2259 5448 τὴν
2294 5378 2485 5449 ἑτέραν
2519 5381 2598 5441 εἰς
2626 5380 2751 5432 Δάν.
2802 5380 2914 5432 Ούκ
2945 5381 3010 5451 ὲᾷ
3040 5378 3331 5450 τοιγαροῦν
3356 5377 3648 5449 ύποκρίνεσ
3694 5394 3713 5432 :

2169 5471 2267 5540 μὲν
2293 5470 2389 5541 τὴν
2426 5472 2505 5533 είς
2535 5472 2670 5525 Θεὸν
2697 5470 3000 5535 εὐσέϐειαν,
3033 5472 3121 5526 διὰ
3153 5472 3248 5525 τοῦ
3270 5471 3360 5525 τὸν
3391 5469 3597 5540 Κύριον
3624 5468 3713 5519 ὀνο

2169 5560 2383 5630 μάζειν»
2421 5560 2885 5632 κατακομίζεσθαι
2912 5562 2969 5615 δὲ
3011 5562 3147 5634 πρὸς
3180 5562 3442 5625 ὲκτόπους
3484 5557 3742 5630 ψευδολκο

560 5744 609 5778 ⁸⁸
638 5741 704 5800 Ill
736 5742 868 5814 Reg.
904 5759 978 5812 at,
1009 5742 1059 5799 5.
1137 5744 1178 5775 ²¹
1213 5743 1276 5799 lll
1301 5742 1437 5811 Reg.
1467 5754 1622 5805 xvm,
1651 5735 1743 5790 ‘21.
1820 5737 1864 5768 ”
1892 5736 2085 5794 Exerit.
2117 5755 2213 5807 vn,
2250 5742 2331 5797 10..
2410 5742 2454 5774 "
2495 5741 2561 5797 lli
2600 5740 2731 5812 Reg.
2768 5755 2863 5808 xu,
2896 5738 2987 5797 29.
