  <div class='ocr_page' id='page_1' title='image "/cluster/home/n/w/nwhite01/storage/ocr_20150623/71:no.4/coo.31924054869718/076.png"; bbox 0 0 4094 6458; ppageno 0'>
   <div class='ocr_carea' id='block_1_1' title="bbox 318 387 1935 477">
    <p class='ocr_par' dir='ltr' id='par_1_1' title="bbox 318 387 1930 452">
     <span class='ocr_line' id='line_1_1' title="bbox 318 387 1930 452; baseline 0.006 -10"><span class='ocrx_word' id='word_1_1' title='bbox 318 387 428 442; x_wconf 73' lang='grc'><strong>157</strong></span> <span class='ocrx_word' id='word_1_2' title='bbox 1265 389 1821 452; x_wconf 65' lang='grc' dir='ltr'><strong>ΕΟΜΜΕΝΤᾹΒΙΕΞ</strong></span> <span class='ocrx_word' id='word_1_3' title='bbox 1863 396 1930 451; x_wconf 77' lang='grc' dir='ltr'><strong>ΙΝ</strong></span> 
     </span>
    </p>
   </div>
   <div class='ocr_carea' id='block_1_2' title="bbox 2002 387 3619 477">
    <p class='ocr_par' dir='ltr' id='par_1_2' title="bbox 2002 397 3619 477">
     <span class='ocr_line' id='line_1_2' title="bbox 2002 397 3619 477; baseline 0.017 -27"><span class='ocrx_word' id='word_1_4' title='bbox 2002 397 2203 455; x_wconf 70' lang='lat' dir='ltr'><strong>ISEAM</strong></span> <span class='ocrx_word' id='word_1_5' title='bbox 2244 401 2469 458; x_wconf 78' lang='lat' dir='ltr'><strong>PROPII</strong></span> <span class='ocrx_word' id='word_1_6' title='bbox 2480 403 2607 458; x_wconf 73' lang='grc' dir='ltr'><strong>ΕΤΛ</strong></span> <span class='ocrx_word' id='word_1_7' title='bbox 2620 405 2666 459; x_wconf 79' lang='grc' dir='ltr'><strong>Μ</strong></span> <span class='ocrx_word' id='word_1_8' title='bbox 2676 446 2687 459; x_wconf 94' lang='grc'><strong>.</strong></span> <span class='ocrx_word' id='word_1_9' title='bbox 3514 421 3619 477; x_wconf 73' lang='grc'><strong>158</strong></span> 
     </span>
    </p>
   </div>
   <div class='ocr_carea' id='block_1_3' title="bbox 305 499 1922 610">
    <p class='ocr_par' dir='ltr' id='par_1_3' title="bbox 305 499 1922 576">
     <span class='ocr_line' id='line_1_3' title="bbox 305 499 1922 576; baseline 0.011 -23"><span class='ocrx_word' id='word_1_10' title='bbox 305 499 529 572; x_wconf 86' lang='grc' dir='ltr'>τρείας,</span> <span class='ocrx_word' id='word_1_11' title='bbox 555 501 950 568; x_wconf 78' lang='grc' dir='ltr'>ἀναϐαίνοντας</span> <span class='ocrx_word' id='word_1_12' title='bbox 999 506 1079 568; x_wconf 85' lang='grc' dir='ltr'><strong>είς</strong></span> <span class='ocrx_word' id='word_1_13' title='bbox 1106 503 1381 574; x_wconf 75' lang='grc' dir='ltr'><strong>Γάλγαλα,</strong></span> <span class='ocrx_word' id='word_1_14' title='bbox 1417 512 1510 563; x_wconf 65' lang='grc' dir='ltr'><strong>καὶ⁵</strong></span> <span class='ocrx_word' id='word_1_15' title='bbox 1555 514 1633 576; x_wconf 87' lang='grc' dir='ltr'><strong>εἰς</strong></span> <span class='ocrx_word' id='word_1_16' title='bbox 1659 515 1751 568; x_wconf 76' lang='grc' dir='ltr'>τὸν</span> <span class='ocrx_word' id='word_1_17' title='bbox 1783 512 1922 571; x_wconf 71' lang='grc' dir='ltr'>οἷκον</span> 
     </span>
    </p>
   </div>
   <div class='ocr_carea' id='block_1_4' title="bbox 2007 499 3624 610">
    <p class='ocr_par' dir='ltr' id='par_1_4' title="bbox 2007 518 3624 610">
     <span class='ocr_line' id='line_1_4' title="bbox 2007 518 3624 610; baseline 0.014 -37"><span class='ocrx_word' id='word_1_18' title='bbox 2007 518 2132 585; x_wconf 17' lang='lat' dir='ltr'><strong>‘Dei</strong></span> <span class='ocrx_word' id='word_1_19' title='bbox 2165 523 2359 578; x_wconf 87' lang='lat' dir='ltr'><strong>domus</strong></span> <span class='ocrx_word' id='word_1_20' title='bbox 2402 523 2528 580; x_wconf 85' lang='lat' dir='ltr'><strong>idoli</strong></span> <span class='ocrx_word' id='word_1_21' title='bbox 2563 527 2758 593; x_wconf 88' lang='lat' dir='ltr'><strong>evasit,</strong></span> <span class='ocrx_word' id='word_1_22' title='bbox 2807 537 2864 582; x_wconf 90' lang='lat' dir='ltr'><strong>ut</strong></span> <span class='ocrx_word' id='word_1_23' title='bbox 2904 529 3035 584; x_wconf 81' lang='lat' dir='ltr'><strong>dixi.</strong></span> <span class='ocrx_word' id='word_1_24' title='bbox 3071 530 3256 602; x_wconf 89' lang='lat' dir='ltr'><strong>Itaque</strong></span> <span class='ocrx_word' id='word_1_25' title='bbox 3292 535 3488 592; x_wconf 83' lang='lat' dir='ltr'><strong>alicubi</strong></span> <span class='ocrx_word' id='word_1_26' title='bbox 3527 555 3624 610; x_wconf 88' lang='lat' dir='ltr'><strong>per</strong></span> 
     </span>
    </p>
   </div>
   <div class='ocr_carea' id='block_1_5' title="bbox 303 591 1920 692">
    <p class='ocr_par' dir='ltr' id='par_1_5' title="bbox 303 591 1920 680">
     <span class='ocr_line' id='line_1_5' title="bbox 303 591 1920 680; baseline 0.012 -36"><span class='ocrx_word' id='word_1_27' title='bbox 303 593 413 662; x_wconf 83' lang='grc' dir='ltr'>τῆς</span> <span class='ocrx_word' id='word_1_28' title='bbox 447 592 687 658; x_wconf 77' lang='grc' dir='ltr'><strong>ἀδικίας.</strong></span> <span class='ocrx_word' id='word_1_29' title='bbox 723 591 889 650; x_wconf 75' lang='grc' dir='ltr'>Οἷκον</span> <span class='ocrx_word' id='word_1_30' title='bbox 921 596 978 649; x_wconf 85' lang='grc' dir='ltr'>δὲ</span> <span class='ocrx_word' id='word_1_31' title='bbox 1013 597 1228 663; x_wconf 83' lang='grc' dir='ltr'><strong>ἀδικίας</strong></span> <span class='ocrx_word' id='word_1_32' title='bbox 1272 601 1528 671; x_wconf 81' lang='grc' dir='ltr'><strong>ὀνομάζει</strong></span> <span class='ocrx_word' id='word_1_33' title='bbox 1562 607 1661 678; x_wconf 78' lang='grc' dir='ltr'><strong>τὴν</strong></span> <span class='ocrx_word' id='word_1_34' title='bbox 1696 608 1920 680; x_wconf 80' lang='grc' dir='ltr'>Βαιθήλ.</span> 
     </span>
    </p>
   </div>
   <div class='ocr_carea' id='block_1_6' title="bbox 2003 591 3620 692">
    <p class='ocr_par' dir='ltr' id='par_1_6' title="bbox 2030 611 3620 692">
     <span class='ocr_line' id='line_1_6' title="bbox 2030 611 3620 692; baseline 0.013 -26"><span class='ocrx_word' id='word_1_35' title='bbox 2030 626 2091 667; x_wconf 91' lang='lat' dir='ltr'><strong>os</strong></span> <span class='ocrx_word' id='word_1_36' title='bbox 2138 611 2388 670; x_wconf 74' lang='lat' dir='ltr'><strong>Ieremia:</strong></span> <span class='ocrx_word' id='word_1_37' title='bbox 2409 616 2475 672; x_wconf 84' lang='lat' dir='ltr'><strong>de</strong></span> <span class='ocrx_word' id='word_1_38' title='bbox 2505 618 2700 688; x_wconf 92' lang='lat' dir='ltr'><strong>populo</strong></span> <span class='ocrx_word' id='word_1_39' title='bbox 2726 617 2892 676; x_wconf 87' lang='lat' dir='ltr'><strong>Israel</strong></span> <span class='ocrx_word' id='word_1_40' title='bbox 2932 624 3046 679; x_wconf 90' lang='lat' dir='ltr'><strong>ait:</strong></span> <span class='ocrx_word' id='word_1_41' title='bbox 3082 641 3102 676; x_wconf 80' lang='grc' dir='ltr'><strong>ι</strong></span> <span class='ocrx_word' id='word_1_42' title='bbox 3137 625 3275 692; x_wconf 88' lang='lat' dir='ltr'><strong>Quid</strong></span> <span class='ocrx_word' id='word_1_43' title='bbox 3323 627 3520 684; x_wconf 87' lang='lat' dir='ltr'><strong>dilecta</strong></span> <span class='ocrx_word' id='word_1_44' title='bbox 3567 632 3620 686; x_wconf 91' lang='lat' dir='ltr'><strong>in</strong></span> 
     </span>
    </p>
   </div>
   <div class='ocr_carea' id='block_1_7' title="bbox 301 683 1918 794">
    <p class='ocr_par' dir='ltr' id='par_1_7' title="bbox 301 683 1918 772">
     <span class='ocr_line' id='line_1_7' title="bbox 301 683 1918 772; baseline 0.01 -38"><span class='ocrx_word' id='word_1_45' title='bbox 301 683 408 735; x_wconf 80' lang='grc' dir='ltr'><strong>Διὰ</strong></span> <span class='ocrx_word' id='word_1_46' title='bbox 438 683 604 736; x_wconf 82' lang='grc' dir='ltr'>ποίαν</span> <span class='ocrx_word' id='word_1_47' title='bbox 634 684 849 751; x_wconf 71' lang='grc' dir='ltr'>αἱτίανς</span> <span class='ocrx_word' id='word_1_48' title='bbox 889 685 1310 759; x_wconf 87' lang='grc' dir='ltr'>διερμηνεύεται</span> <span class='ocrx_word' id='word_1_49' title='bbox 1340 691 1442 762; x_wconf 82' lang='grc' dir='ltr'><strong>μὲν</strong></span> <span class='ocrx_word' id='word_1_50' title='bbox 1484 694 1593 767; x_wconf 75' lang='grc' dir='ltr'><strong>γὰρ</strong></span> <span class='ocrx_word' id='word_1_51' title='bbox 1643 699 1674 768; x_wconf 82' lang='grc' dir='ltr'>ἡ</span> <span class='ocrx_word' id='word_1_52' title='bbox 1725 698 1918 772; x_wconf 69' lang='grc' dir='ltr'>Ιίαιοὴλ</span> 
     </span>
    </p>
   </div>
   <div class='ocr_carea' id='block_1_8' title="bbox 2004 683 3621 794">
    <p class='ocr_par' dir='ltr' id='par_1_8' title="bbox 2035 703 3621 794">
     <span class='ocr_line' id='line_1_8' title="bbox 2035 703 3621 794; baseline 0.014 -38"><span class='ocrx_word' id='word_1_53' title='bbox 2035 703 2198 758; x_wconf 89' lang='lat' dir='ltr'><strong>domo</strong></span> <span class='ocrx_word' id='word_1_54' title='bbox 2239 720 2356 768; x_wconf 78' lang='lat' dir='ltr'><strong>mea</strong></span> <span class='ocrx_word' id='word_1_55' title='bbox 2404 706 2533 763; x_wconf 75' lang='lat' dir='ltr'><strong>fecit</strong></span> <span class='ocrx_word' id='word_1_56' title='bbox 2577 712 3035 770; x_wconf 87' lang='lat' dir='ltr'><strong>abominationem</strong></span> <span class='ocrx_word' id='word_1_57' title='bbox 3063 717 3190 771; x_wconf 65' lang='lat' dir='ltr'><strong>“?i</strong></span> <span class='ocrx_word' id='word_1_58' title='bbox 3226 720 3430 776; x_wconf 84' lang='lat' dir='ltr'><strong>Dixerit</strong></span> <span class='ocrx_word' id='word_1_59' title='bbox 3460 739 3621 794; x_wconf 86' lang='lat' dir='ltr'><strong>porro</strong></span> 
     </span>
    </p>
   </div>
   <div class='ocr_carea' id='block_1_9' title="bbox 299 769 1916 881">
    <p class='ocr_par' dir='ltr' id='par_1_9' title="bbox 299 769 1916 861">
     <span class='ocr_line' id='line_1_9' title="bbox 299 769 1916 861; baseline 0.013 -35"><span class='ocrx_word' id='word_1_60' title='bbox 299 769 480 841; x_wconf 76' lang='grc' dir='ltr'>οἶκος</span> <span class='ocrx_word' id='word_1_61' title='bbox 513 777 688 836; x_wconf 84' lang='grc' dir='ltr'><strong>Θεοῦ,</strong></span> <span class='ocrx_word' id='word_1_62' title='bbox 718 778 859 830; x_wconf 80' lang='grc' dir='ltr'>Ἀλλ’</span> <span class='ocrx_word' id='word_1_63' title='bbox 880 776 1027 844; x_wconf 79' lang='grc' dir='ltr'>οἶκος</span> <span class='ocrx_word' id='word_1_64' title='bbox 1044 780 1263 835; x_wconf 79' lang='grc' dir='ltr'><strong>εἰδώλου</strong></span> <span class='ocrx_word' id='word_1_65' title='bbox 1291 785 1533 853; x_wconf 84' lang='grc' dir='ltr'>γέγονεν,</span> <span class='ocrx_word' id='word_1_66' title='bbox 1559 791 1916 861; x_wconf 71' lang='grc' dir='ltr'>ἀδικηθέντων</span> 
     </span>
    </p>
   </div>
   <div class='ocr_carea' id='block_1_10' title="bbox 2003 769 3620 881">
    <p class='ocr_par' dir='ltr' id='par_1_10' title="bbox 2025 769 3620 881">
     <span class='ocr_line' id='line_1_10' title="bbox 2963 769 3619 794; baseline 0.015 -25"><span class='ocrx_word' id='word_1_67' title='bbox 2963 769 2972 770; x_wconf 59' lang='lat'><strong><em>,</em></strong></span> <span class='ocrx_word' id='word_1_68' title='bbox 3027 769 3031 770; x_wconf 64' lang='lat'><strong><em>,</em></strong></span> <span class='ocrx_word' id='word_1_69' title='bbox 3131 769 3180 771; x_wconf 41' lang='grc' dir='ltr'>η</span> <span class='ocrx_word' id='word_1_70' title='bbox 3226 769 3429 776; x_wconf 75' lang='grc'><strong>------.-</strong></span> <span class='ocrx_word' id='word_1_71' title='bbox 3461 769 3619 794; x_wconf 69' lang='grc' dir='ltr'><strong>,-ν..υ</strong></span> 
     </span>
     <span class='ocr_line' id='line_1_11' title="bbox 2025 795 3620 881; baseline 0.013 -32"><span class='ocrx_word' id='word_1_72' title='bbox 2025 795 2146 862; x_wconf 85' lang='lat' dir='ltr'><strong>jure</strong></span> <span class='ocrx_word' id='word_1_73' title='bbox 2182 798 2561 855; x_wconf 87' lang='lat' dir='ltr'><strong>universorum</strong></span> <span class='ocrx_word' id='word_1_74' title='bbox 2603 803 2743 858; x_wconf 88' lang='lat' dir='ltr'><strong>Deus</strong></span> <span class='ocrx_word' id='word_1_75' title='bbox 2793 823 2956 876; x_wconf 79' lang='lat' dir='ltr'><strong>super</strong></span> <span class='ocrx_word' id='word_1_76' title='bbox 2989 811 3054 864; x_wconf 90' lang='lat' dir='ltr'><strong>iis</strong></span> <span class='ocrx_word' id='word_1_77' title='bbox 3087 813 3178 881; x_wconf 93' lang='lat' dir='ltr'><strong>qui</strong></span> <span class='ocrx_word' id='word_1_78' title='bbox 3224 825 3348 867; x_wconf 88' lang='lat' dir='ltr'><strong>sunt</strong></span> <span class='ocrx_word' id='word_1_79' title='bbox 3381 815 3445 868; x_wconf 91' lang='lat' dir='ltr'><strong>dc</strong></span> <span class='ocrx_word' id='word_1_80' title='bbox 3480 815 3620 869; x_wconf 87' lang='lat' dir='ltr'><strong>tribu</strong></span> 
     </span>
    </p>
   </div>
   <div class='ocr_carea' id='block_1_11' title="bbox 297 869 1914 975">
    <p class='ocr_par' dir='ltr' id='par_1_11' title="bbox 297 869 1914 957">
     <span class='ocr_line' id='line_1_12' title="bbox 297 869 1914 957; baseline 0.012 -38"><span class='ocrx_word' id='word_1_81' title='bbox 297 869 515 940; x_wconf 76' lang='grc' dir='ltr'>τρόπον</span> <span class='ocrx_word' id='word_1_82' title='bbox 554 872 700 935; x_wconf 68' lang='grc' dir='ltr'>τινὰ,</span> <span class='ocrx_word' id='word_1_83' title='bbox 731 871 825 924; x_wconf 76' lang='grc' dir='ltr'>καὶ</span> <span class='ocrx_word' id='word_1_84' title='bbox 856 870 951 924; x_wconf 79' lang='grc' dir='ltr'>τοῦ</span> <span class='ocrx_word' id='word_1_85' title='bbox 993 873 1340 946; x_wconf 80' lang='grc' dir='ltr'>πράγματος,</span> <span class='ocrx_word' id='word_1_86' title='bbox 1391 879 1485 932; x_wconf 71' lang='grc' dir='ltr'>καὶ</span> <span class='ocrx_word' id='word_1_87' title='bbox 1527 882 1700 950; x_wconf 76' lang='grc' dir='ltr'>αὐτῆς</span> <span class='ocrx_word' id='word_1_88' title='bbox 1737 884 1792 938; x_wconf 84' lang='grc' dir='ltr'>δὲ</span> <span class='ocrx_word' id='word_1_89' title='bbox 1827 889 1914 957; x_wconf 72' lang='grc' dir='ltr'>τῆς</span> 
     </span>
    </p>
   </div>
   <div class='ocr_carea' id='block_1_12' title="bbox 2016 869 3633 975">
    <p class='ocr_par' dir='ltr' id='par_1_12' title="bbox 2031 886 3633 975">
     <span class='ocr_line' id='line_1_13' title="bbox 2031 886 3633 975; baseline 0.013 -34"><span class='ocrx_word' id='word_1_90' title='bbox 2031 886 2166 942; x_wconf 76' lang='lat' dir='ltr'><strong>Iuda</strong></span> <span class='ocrx_word' id='word_1_91' title='bbox 2193 900 2248 944; x_wconf 86' lang='lat' dir='ltr'><strong>et</strong></span> <span class='ocrx_word' id='word_1_92' title='bbox 2280 890 2596 962; x_wconf 84' lang='lat' dir='ltr'><strong>Benjamin:</strong></span> <span class='ocrx_word' id='word_1_93' title='bbox 2628 915 2644 947; x_wconf 84' lang='grc' dir='ltr'><strong>ι</strong></span> <span class='ocrx_word' id='word_1_94' title='bbox 2671 898 3082 971; x_wconf 84' lang='lat' dir='ltr'><strong>Appropinquat</strong></span> <span class='ocrx_word' id='word_1_95' title='bbox 3115 905 3245 958; x_wconf 88' lang='lat' dir='ltr'><strong>mihi</strong></span> <span class='ocrx_word' id='word_1_96' title='bbox 3278 907 3504 975; x_wconf 82' lang='lat' dir='ltr'><strong>populus</strong></span> <span class='ocrx_word' id='word_1_97' title='bbox 3534 908 3633 962; x_wconf 17' lang='lat' dir='ltr'><strong>hic.</strong></span> 
     </span>
    </p>
   </div>
   <div class='ocr_carea' id='block_1_13' title="bbox 297 960 1914 1061">
    <p class='ocr_par' dir='ltr' id='par_1_13' title="bbox 297 960 1914 1044">
     <span class='ocr_line' id='line_1_14' title="bbox 297 960 1914 1044; baseline 0.011 -32"><span class='ocrx_word' id='word_1_98' title='bbox 297 962 670 1034; x_wconf 77' lang='grc' dir='ltr'>ἐπωνυμίας·</span> <span class='ocrx_word' id='word_1_99' title='bbox 706 960 855 1030; x_wconf 67' lang='grc' dir='ltr'>οἶκος</span> <span class='ocrx_word' id='word_1_100' title='bbox 882 965 1014 1036; x_wconf 78' lang='grc' dir='ltr'>γὰρ,</span> <span class='ocrx_word' id='word_1_101' title='bbox 1051 966 1127 1030; x_wconf 83' lang='grc' dir='ltr'><strong>ὡς</strong></span> <span class='ocrx_word' id='word_1_102' title='bbox 1169 967 1326 1040; x_wconf 80' lang='grc' dir='ltr'>ἔφην,</span> <span class='ocrx_word' id='word_1_103' title='bbox 1369 970 1591 1026; x_wconf 79' lang='grc' dir='ltr'><strong>εἰδώλου</strong></span> <span class='ocrx_word' id='word_1_104' title='bbox 1633 977 1857 1044; x_wconf 82' lang='grc' dir='ltr'>γέγονεν</span> <span class='ocrx_word' id='word_1_105' title='bbox 1898 981 1914 1030; x_wconf 73' lang='grc' dir='ltr'><em>ὲ</em></span> 
     </span>
    </p>
   </div>
   <div class='ocr_carea' id='block_1_14' title="bbox 1746 960 3363 1061">
    <p class='ocr_par' dir='ltr' id='par_1_14' title="bbox 1746 979 3363 1061">
     <span class='ocr_line' id='line_1_15' title="bbox 1746 979 3363 1061; baseline 0.012 -31"><span class='ocrx_word' id='word_1_106' title='bbox 1746 995 1857 1031; x_wconf 73' lang='grc' dir='ltr'>υνεν</span> <span class='ocrx_word' id='word_1_107' title='bbox 1898 981 1926 1030; x_wconf 82' lang='grc' dir='ltr'><strong>ό</strong></span> <span class='ocrx_word' id='word_1_108' title='bbox 2031 979 2208 1046; x_wconf 79' lang='lat' dir='ltr'><strong>labiis,</strong></span> <span class='ocrx_word' id='word_1_109' title='bbox 2237 998 2333 1036; x_wconf 88' lang='lat' dir='ltr'><strong>cor</strong></span> <span class='ocrx_word' id='word_1_110' title='bbox 2371 993 2550 1040; x_wconf 87' lang='lat' dir='ltr'><strong>autem</strong></span> <span class='ocrx_word' id='word_1_111' title='bbox 2582 1003 2769 1044; x_wconf 89' lang='lat' dir='ltr'><strong>eorum</strong></span> <span class='ocrx_word' id='word_1_112' title='bbox 2803 992 2960 1061; x_wconf 80' lang='lat' dir='ltr'><strong>longe</strong></span> <span class='ocrx_word' id='word_1_113' title='bbox 2977 1005 3058 1049; x_wconf 88' lang='lat' dir='ltr'><strong>cst</strong></span> <span class='ocrx_word' id='word_1_114' title='bbox 3089 1012 3117 1048; x_wconf 91' lang='lat' dir='ltr'><strong>a</strong></span> <span class='ocrx_word' id='word_1_115' title='bbox 3145 1013 3230 1050; x_wconf 89' lang='lat' dir='ltr'><strong>me</strong></span> <span class='ocrx_word' id='word_1_116' title='bbox 3251 999 3316 1054; x_wconf 79' lang='lat'><strong>“.</strong></span> <span class='ocrx_word' id='word_1_117' title='bbox 3347 1018 3363 1049; x_wconf 77' lang='grc' dir='ltr'><strong>ι</strong></span> 
     </span>
    </p>
   </div>
   <div class='ocr_carea' id='block_1_15' title="bbox 293 1061 3618 1168">
    <p class='ocr_par' dir='ltr' id='par_1_15' title="bbox 293 1061 3618 1168">
     <span class='ocr_line' id='line_1_16' title="bbox 293 1061 3618 1168; baseline 0.011 -52"><span class='ocrx_word' id='word_1_118' title='bbox 293 1061 456 1129; x_wconf 78' lang='grc' dir='ltr'>οἶκος</span> <span class='ocrx_word' id='word_1_119' title='bbox 489 1064 587 1119; x_wconf 81' lang='grc' dir='ltr'>τοῦ</span> <span class='ocrx_word' id='word_1_120' title='bbox 626 1066 784 1120; x_wconf 84' lang='grc' dir='ltr'>Θεοῦ.</span> <span class='ocrx_word' id='word_1_121' title='bbox 810 1070 922 1122; x_wconf 72' lang='grc' dir='ltr'>Καὶ</span> <span class='ocrx_word' id='word_1_122' title='bbox 956 1071 1085 1140; x_wconf 79' lang='grc' dir='ltr'>γοῦν</span> <span class='ocrx_word' id='word_1_123' title='bbox 1114 1072 1218 1145; x_wconf 75' lang='grc' dir='ltr'><strong>ἔφη</strong></span> <span class='ocrx_word' id='word_1_124' title='bbox 1252 1092 1356 1128; x_wconf 89' lang='grc' dir='ltr'><strong>που</strong></span> <span class='ocrx_word' id='word_1_125' title='bbox 1422 1071 1512 1127; x_wconf 87' lang='grc' dir='ltr'>διὰ</span> <span class='ocrx_word' id='word_1_126' title='bbox 1568 1072 1666 1144; x_wconf 80' lang='grc' dir='ltr'><strong>τῆς</strong></span> <span class='ocrx_word' id='word_1_127' title='bbox 1712 1073 1978 1146; x_wconf 86' lang='grc' dir='ltr'>Ἱερεμίου</span> <span class='ocrx_word' id='word_1_128' title='bbox 2021 1077 2208 1148; x_wconf 75' lang='grc' dir='ltr'>φωνῆς</span> <span class='ocrx_word' id='word_1_129' title='bbox 2259 1082 2389 1154; x_wconf 80' lang='grc' dir='ltr'>περὶ</span> <span class='ocrx_word' id='word_1_130' title='bbox 2439 1084 2539 1148; x_wconf 76' lang='grc' dir='ltr'><strong>τῆς</strong></span> <span class='ocrx_word' id='word_1_131' title='bbox 2590 1085 2830 1157; x_wconf 79' lang='grc' dir='ltr'><strong>πληθύος</strong></span> <span class='ocrx_word' id='word_1_132' title='bbox 2875 1088 2987 1143; x_wconf 82' lang='grc' dir='ltr'>τῶν</span> <span class='ocrx_word' id='word_1_133' title='bbox 3025 1092 3087 1158; x_wconf 83' lang='grc' dir='ltr'><strong>ἐξ</strong></span> <span class='ocrx_word' id='word_1_134' title='bbox 3126 1095 3377 1166; x_wconf 74' lang='grc' dir='ltr'>Ἰσραήλο</span> <span class='ocrx_word' id='word_1_135' title='bbox 3439 1097 3541 1149; x_wconf 76' lang='grc' dir='ltr'><strong>(Τί</strong></span> <span class='ocrx_word' id='word_1_136' title='bbox 3585 1099 3618 1168; x_wconf 80' lang='grc' dir='ltr'>ἡ</span> 
     </span>
    </p>
   </div>
   <div class='ocr_carea' id='block_1_16' title="bbox 290 1162 3618 1260">
    <p class='ocr_par' dir='ltr' id='par_1_16' title="bbox 290 1162 3618 1260">
     <span class='ocr_line' id='line_1_17' title="bbox 290 1162 3618 1260; baseline 0.009 -46"><span class='ocrx_word' id='word_1_137' title='bbox 290 1162 651 1234; x_wconf 74' lang='grc' dir='ltr'><strong>ἠγαπημένη</strong></span> <span class='ocrx_word' id='word_1_138' title='bbox 708 1166 768 1218; x_wconf 82' lang='grc' dir='ltr'>ὲν</span> <span class='ocrx_word' id='word_1_139' title='bbox 811 1165 890 1238; x_wconf 83' lang='grc' dir='ltr'><strong>τῷ</strong></span> <span class='ocrx_word' id='word_1_140' title='bbox 925 1168 1059 1239; x_wconf 71' lang='grc' dir='ltr'>οἴκῳ</span> <span class='ocrx_word' id='word_1_141' title='bbox 1111 1187 1215 1240; x_wconf 90' lang='grc' dir='ltr'><strong>μου</strong></span> <span class='ocrx_word' id='word_1_142' title='bbox 1266 1170 1492 1242; x_wconf 80' lang='grc' dir='ltr'>εποίησε</span> <span class='ocrx_word' id='word_1_143' title='bbox 1541 1169 1817 1242; x_wconf 78' lang='grc' dir='ltr'><strong>βδέλυγμα</strong></span> <span class='ocrx_word' id='word_1_144' title='bbox 1842 1187 1857 1236; x_wconf 87' lang='grc'><strong>;</strong></span> <span class='ocrx_word' id='word_1_145' title='bbox 1886 1189 1904 1220; x_wconf 75' lang='grc' dir='ltr'><strong>ι</strong></span> <span class='ocrx_word' id='word_1_146' title='bbox 1949 1170 2086 1243; x_wconf 85' lang='grc' dir='ltr'>Φαίη</span> <span class='ocrx_word' id='word_1_147' title='bbox 2128 1173 2172 1226; x_wconf 85' lang='grc' dir='ltr'>δ’</span> <span class='ocrx_word' id='word_1_148' title='bbox 2215 1173 2282 1228; x_wconf 88' lang='grc' dir='ltr'><strong>ἂν</strong></span> <span class='ocrx_word' id='word_1_149' title='bbox 2353 1176 2584 1240; x_wconf 81' lang='grc' dir='ltr'><strong>εἰκότως</strong></span> <span class='ocrx_word' id='word_1_150' title='bbox 2611 1181 2640 1233; x_wconf 83' lang='grc' dir='ltr'>ὁ</span> <span class='ocrx_word' id='word_1_151' title='bbox 2667 1179 2776 1233; x_wconf 86' lang='grc' dir='ltr'>τῶν</span> <span class='ocrx_word' id='word_1_152' title='bbox 2840 1182 2978 1237; x_wconf 82' lang='grc' dir='ltr'>ὅλων</span> <span class='ocrx_word' id='word_1_153' title='bbox 3007 1185 3160 1252; x_wconf 79' lang='grc' dir='ltr'>Θεὸς,</span> <span class='ocrx_word' id='word_1_154' title='bbox 3205 1162 3307 1240; x_wconf 59' lang='lat' dir='ltr'><strong>sui</strong></span> <span class='ocrx_word' id='word_1_155' title='bbox 3325 1205 3388 1256; x_wconf 90' lang='grc' dir='ltr'><strong>γε</strong></span> <span class='ocrx_word' id='word_1_156' title='bbox 3420 1189 3520 1260; x_wconf 76' lang='grc' dir='ltr'>τῆς</span> <span class='ocrx_word' id='word_1_157' title='bbox 3558 1162 3618 1256; x_wconf 62' lang='grc' dir='ltr'>ἐξ</span> 
     </span>
    </p>
   </div>
   <div class='ocr_carea' id='block_1_17' title="bbox 306 1257 3619 1356">
    <p class='ocr_par' dir='ltr' id='par_1_17' title="bbox 306 1257 3619 1356">
     <span class='ocr_line' id='line_1_18' title="bbox 306 1257 3619 1356; baseline 0.01 -47"><span class='ocrx_word' id='word_1_158' title='bbox 306 1257 495 1311; x_wconf 80' lang='grc' dir='ltr'>Ἰούδα</span> <span class='ocrx_word' id='word_1_159' title='bbox 545 1260 641 1313; x_wconf 82' lang='grc' dir='ltr'>καὶ</span> <span class='ocrx_word' id='word_1_160' title='bbox 687 1261 985 1334; x_wconf 56' lang='grc' dir='ltr'>Βενιαμίν</span> <span class='ocrx_word' id='word_1_161' title='bbox 1045 1282 1064 1316; x_wconf 86' lang='grc' dir='ltr'><strong>ι</strong></span> <span class='ocrx_word' id='word_1_162' title='bbox 1103 1265 1347 1335; x_wconf 85' lang='grc' dir='ltr'>Ἐγγίζει</span> <span class='ocrx_word' id='word_1_163' title='bbox 1407 1284 1497 1338; x_wconf 89' lang='grc' dir='ltr'><strong>μοι</strong></span> <span class='ocrx_word' id='word_1_164' title='bbox 1549 1268 1576 1320; x_wconf 82' lang='grc' dir='ltr'><strong>ὁ</strong></span> <span class='ocrx_word' id='word_1_165' title='bbox 1608 1266 1734 1331; x_wconf 78' lang='grc' dir='ltr'>λαὸς</span> <span class='ocrx_word' id='word_1_166' title='bbox 1803 1259 1960 1330; x_wconf 75' lang='grc' dir='ltr'>οὗτος</span> <span class='ocrx_word' id='word_1_167' title='bbox 2025 1269 2281 1338; x_wconf 87' lang='grc' dir='ltr'>χείλεσιν.</span> <span class='ocrx_word' id='word_1_168' title='bbox 2343 1272 2407 1324; x_wconf 86' lang='grc' dir='ltr'>Ἡ</span> <span class='ocrx_word' id='word_1_169' title='bbox 2447 1272 2504 1326; x_wconf 84' lang='grc' dir='ltr'>δὲ</span> <span class='ocrx_word' id='word_1_170' title='bbox 2563 1276 2758 1346; x_wconf 80' lang='grc' dir='ltr'>καρδία</span> <span class='ocrx_word' id='word_1_171' title='bbox 2801 1278 2980 1334; x_wconf 77' lang='grc' dir='ltr'>αὐτῶν</span> <span class='ocrx_word' id='word_1_172' title='bbox 3024 1283 3214 1354; x_wconf 82' lang='grc' dir='ltr'>πόρρω</span> <span class='ocrx_word' id='word_1_173' title='bbox 3269 1257 3484 1356; x_wconf 69' lang='grc' dir='ltr'>ἀπέχει</span> <span class='ocrx_word' id='word_1_174' title='bbox 3521 1287 3619 1342; x_wconf 78' lang='grc' dir='ltr'>ἀπ’</span> 
     </span>
    </p>
   </div>
   <div class='ocr_carea' id='block_1_18' title="bbox 293 1367 519 1421">
    <p class='ocr_par' dir='ltr' id='par_1_18' title="bbox 293 1367 519 1421">
     <span class='ocr_line' id='line_1_19' title="bbox 293 1367 519 1421; baseline 0.013 -19"><span class='ocrx_word' id='word_1_175' title='bbox 293 1367 464 1421; x_wconf 84' lang='grc' dir='ltr'>εμου.</span> <span class='ocrx_word' id='word_1_176' title='bbox 499 1371 519 1405; x_wconf 73' lang='grc' dir='ltr'><strong>ι</strong></span> 
     </span>
    </p>
   </div>
   <div class='ocr_carea' id='block_1_19' title="bbox 369 1445 1986 1529">
    <p class='ocr_par' dir='ltr' id='par_1_19' title="bbox 369 1445 1921 1527">
     <span class='ocr_line' id='line_1_20' title="bbox 369 1445 1921 1527; baseline 0.008 -28"><span class='ocrx_word' id='word_1_177' title='bbox 369 1447 536 1500; x_wconf 82' lang='grc' dir='ltr'>Διότι</span> <span class='ocrx_word' id='word_1_178' title='bbox 575 1445 658 1512; x_wconf 86' lang='grc' dir='ltr'>ὡς</span> <span class='ocrx_word' id='word_1_179' title='bbox 685 1445 946 1516; x_wconf 80' lang='grc' dir='ltr'>δάμαλις</span> <span class='ocrx_word' id='word_1_180' title='bbox 994 1455 1442 1524; x_wconf 74' lang='grc' dir='ltr'>παροιστρῶσα,</span> <span class='ocrx_word' id='word_1_181' title='bbox 1485 1457 1677 1524; x_wconf 80' lang='grc' dir='ltr'>οὕτως</span> <span class='ocrx_word' id='word_1_182' title='bbox 1709 1457 1921 1527; x_wconf 81' lang='grc' dir='ltr'>παροι-</span> 
     </span>
    </p>
   </div>
   <div class='ocr_carea' id='block_1_20' title="bbox 2000 1445 3617 1529">
    <p class='ocr_par' dir='ltr' id='par_1_20' title="bbox 2102 1453 3617 1529">
     <span class='ocr_line' id='line_1_21' title="bbox 2102 1453 3617 1529; baseline 0.013 -19"><span class='ocrx_word' id='word_1_183' title='bbox 2102 1453 2269 1510; x_wconf 76' lang='lat' dir='ltr'><strong>VEns.</strong></span> <span class='ocrx_word' id='word_1_184' title='bbox 2315 1454 2406 1511; x_wconf 80' lang='grc'><strong>16.</strong></span> <span class='ocrx_word' id='word_1_185' title='bbox 2453 1456 2720 1523; x_wconf 83' lang='lat' dir='ltr'><strong>Quoniam</strong></span> <span class='ocrx_word' id='word_1_186' title='bbox 2751 1462 2890 1516; x_wconf 88' lang='lat' dir='ltr'><strong>sicut</strong></span> <span class='ocrx_word' id='word_1_187' title='bbox 2933 1481 3087 1520; x_wconf 81' lang='lat' dir='ltr'><strong>vacca</strong></span> <span class='ocrx_word' id='word_1_188' title='bbox 3131 1478 3288 1522; x_wconf 77' lang='lat' dir='ltr'><strong>wstro</strong></span> <span class='ocrx_word' id='word_1_189' title='bbox 3325 1473 3617 1529; x_wconf 81' lang='lat' dir='ltr'><strong>concitatus</strong></span> 
     </span>
    </p>
   </div>
   <div class='ocr_carea' id='block_1_21' title="bbox 288 1540 1905 1633">
    <p class='ocr_par' dir='ltr' id='par_1_21' title="bbox 288 1540 1905 1621">
     <span class='ocr_line' id='line_1_22' title="bbox 288 1540 1905 1621; baseline 0.009 -29"><span class='ocrx_word' id='word_1_190' title='bbox 288 1554 581 1609; x_wconf 66' lang='grc' dir='ltr'>στρησεν</span> <span class='ocrx_word' id='word_1_191' title='bbox 612 1540 878 1610; x_wconf 79' lang='grc' dir='ltr'>Ἰσραήλ.</span> <span class='ocrx_word' id='word_1_192' title='bbox 908 1545 1018 1599; x_wconf 78' lang='grc' dir='ltr'><strong>Καὶ</strong></span> <span class='ocrx_word' id='word_1_193' title='bbox 1038 1546 1158 1600; x_wconf 74' lang='grc' dir='ltr'><strong>νῦν</strong></span> <span class='ocrx_word' id='word_1_194' title='bbox 1178 1548 1431 1618; x_wconf 80' lang='grc' dir='ltr'><strong>νεμήσει</strong></span> <span class='ocrx_word' id='word_1_195' title='bbox 1453 1552 1678 1618; x_wconf 85' lang='grc' dir='ltr'>αὐτοὺς</span> <span class='ocrx_word' id='word_1_196' title='bbox 1702 1552 1905 1621; x_wconf 82' lang='grc' dir='ltr'>Κύριος</span> 
     </span>
    </p>
   </div>
   <div class='ocr_carea' id='block_1_22' title="bbox 1998 1540 3615 1633">
    <p class='ocr_par' dir='ltr' id='par_1_22' title="bbox 2023 1546 3615 1633">
     <span class='ocr_line' id='line_1_23' title="bbox 2023 1546 3615 1633; baseline 0.013 -33"><span class='ocrx_word' id='word_1_197' title='bbox 2023 1556 2100 1601; x_wconf 83' lang='lat' dir='ltr'><strong>est</strong></span> <span class='ocrx_word' id='word_1_198' title='bbox 2138 1546 2332 1604; x_wconf 81' lang='lat' dir='ltr'><strong>Israel.</strong></span> <span class='ocrx_word' id='word_1_199' title='bbox 2377 1548 2540 1605; x_wconf 85' lang='lat' dir='ltr'><strong>Nunc</strong></span> <span class='ocrx_word' id='word_1_200' title='bbox 2578 1562 2754 1621; x_wconf 78' lang='lat' dir='ltr'><strong>pascet</strong></span> <span class='ocrx_word' id='word_1_201' title='bbox 2799 1571 2884 1609; x_wconf 85' lang='lat' dir='ltr'><strong>eos</strong></span> <span class='ocrx_word' id='word_1_202' title='bbox 2927 1555 3186 1614; x_wconf 80' lang='lat' dir='ltr'><strong>Dominus</strong></span> <span class='ocrx_word' id='word_1_203' title='bbox 3231 1572 3287 1616; x_wconf 83' lang='lat' dir='ltr'><strong>ut</strong></span> <span class='ocrx_word' id='word_1_204' title='bbox 3326 1580 3515 1633; x_wconf 84' lang='lat' dir='ltr'><strong>agnum</strong></span> <span class='ocrx_word' id='word_1_205' title='bbox 3562 1569 3615 1620; x_wconf 85' lang='lat' dir='ltr'><strong>in</strong></span> 
     </span>
    </p>
   </div>
   <div class='ocr_carea' id='block_1_23' title="bbox 287 1633 1904 1708">
    <p class='ocr_par' dir='ltr' id='par_1_23' title="bbox 287 1633 1086 1707">
     <span class='ocr_line' id='line_1_24' title="bbox 287 1633 1086 1707; baseline 0.011 -22"><span class='ocrx_word' id='word_1_206' title='bbox 287 1634 377 1700; x_wconf 84' lang='grc' dir='ltr'><strong>ὡς</strong></span> <span class='ocrx_word' id='word_1_207' title='bbox 415 1633 622 1702; x_wconf 80' lang='grc' dir='ltr'>ἀμνὸν</span> <span class='ocrx_word' id='word_1_208' title='bbox 655 1635 1086 1707; x_wconf 65' lang='grc' dir='ltr'>ἐνεύρυχόψῳ.</span> 
     </span>
    </p>
   </div>
   <div class='ocr_carea' id='block_1_24' title="bbox 658 1633 2275 1708">
    <p class='ocr_par' dir='ltr' id='par_1_24' title="bbox 658 1635 2275 1708">
     <span class='ocr_line' id='line_1_25' title="bbox 658 1635 2275 1708; baseline 0.003 -19"><span class='ocrx_word' id='word_1_209' title='bbox 658 1635 726 1689; x_wconf 77' lang='grc' dir='ltr'><strong>ἐν</strong></span> <span class='ocrx_word' id='word_1_210' title='bbox 743 1637 1086 1707; x_wconf 83' lang='grc' dir='ltr'>εὐρυχώρῳ.</span> <span class='ocrx_word' id='word_1_211' title='bbox 2020 1641 2275 1708; x_wconf 80' lang='lat' dir='ltr'><strong>spatioso.</strong></span> 
     </span>
    </p>
   </div>
   <div class='ocr_carea' id='block_1_25' title="bbox 371 1727 1988 1820">
    <p class='ocr_par' dir='ltr' id='par_1_25' title="bbox 371 1727 1914 1809">
     <span class='ocr_line' id='line_1_26' title="bbox 371 1727 1914 1809; baseline 0.005 -27"><span class='ocrx_word' id='word_1_212' title='bbox 371 1727 516 1783; x_wconf 76' lang='lat' dir='ltr'><strong>MG&#39;.</strong></span> <span class='ocrx_word' id='word_1_213' title='bbox 561 1729 753 1799; x_wconf 82' lang='grc' dir='ltr'>Σοφῶς</span> <span class='ocrx_word' id='word_1_214' title='bbox 777 1747 864 1795; x_wconf 89' lang='grc' dir='ltr'><strong>τις</strong></span> <span class='ocrx_word' id='word_1_215' title='bbox 883 1733 1034 1803; x_wconf 80' lang='grc' dir='ltr'>ἡμᾶς</span> <span class='ocrx_word' id='word_1_216' title='bbox 1066 1732 1176 1788; x_wconf 86' lang='grc' dir='ltr'><strong>τῶν</strong></span> <span class='ocrx_word' id='word_1_217' title='bbox 1209 1735 1376 1804; x_wconf 81' lang='grc' dir='ltr'>ἁγίων</span> <span class='ocrx_word' id='word_1_218' title='bbox 1399 1735 1492 1789; x_wconf 73' lang='grc' dir='ltr'><strong>ἐπὶ</strong></span> <span class='ocrx_word' id='word_1_219' title='bbox 1523 1736 1622 1809; x_wconf 84' lang='grc' dir='ltr'>τὴν</span> <span class='ocrx_word' id='word_1_220' title='bbox 1651 1737 1745 1791; x_wconf 81' lang='grc' dir='ltr'><strong>τοῦ</strong></span> <span class='ocrx_word' id='word_1_221' title='bbox 1776 1753 1914 1809; x_wconf 87' lang='grc' dir='ltr'>συμ-</span> 
     </span>
    </p>
   </div>
   <div class='ocr_carea' id='block_1_26' title="bbox 1995 1727 3612 1820">
    <p class='ocr_par' dir='ltr' id='par_1_26' title="bbox 2089 1729 3612 1820">
     <span class='ocr_line' id='line_1_27' title="bbox 2089 1729 3612 1820; baseline 0.015 -35"><span class='ocrx_word' id='word_1_222' title='bbox 2089 1729 2278 1788; x_wconf 80' lang='lat' dir='ltr'><strong>XLIX.</strong></span> <span class='ocrx_word' id='word_1_223' title='bbox 2299 1733 2588 1804; x_wconf 86' lang='lat' dir='ltr'><strong>Sapienter</strong></span> <span class='ocrx_word' id='word_1_224' title='bbox 2609 1738 2829 1808; x_wconf 90' lang='lat' dir='ltr'><strong>quidam</strong></span> <span class='ocrx_word' id='word_1_225' title='bbox 2849 1751 3162 1798; x_wconf 83' lang='lat' dir='ltr'><strong>sanctorum</strong></span> <span class='ocrx_word' id='word_1_226' title='bbox 3192 1746 3258 1799; x_wconf 90' lang='lat' dir='ltr'><strong>ad</strong></span> <span class='ocrx_word' id='word_1_227' title='bbox 3283 1762 3612 1820; x_wconf 79' lang='lat' dir='ltr'><strong>persequen-</strong></span> 
     </span>
    </p>
   </div>
   <div class='ocr_carea' id='block_1_27' title="bbox 287 1821 1904 1929">
    <p class='ocr_par' dir='ltr' id='par_1_27' title="bbox 287 1821 1904 1904">
     <span class='ocr_line' id='line_1_28' title="bbox 287 1821 1904 1904; baseline 0.007 -30"><span class='ocrx_word' id='word_1_228' title='bbox 287 1821 565 1893; x_wconf 69' lang='grc' dir='ltr'>φέροντος</span> <span class='ocrx_word' id='word_1_229' title='bbox 593 1821 769 1894; x_wconf 85' lang='grc' dir='ltr'>θήραν</span> <span class='ocrx_word' id='word_1_230' title='bbox 791 1825 1143 1897; x_wconf 81' lang='grc' dir='ltr'>ἀποκομίζει,</span> <span class='ocrx_word' id='word_1_231' title='bbox 1172 1827 1365 1897; x_wconf 80' lang='grc' dir='ltr'>λέγων·</span> <span class='ocrx_word' id='word_1_232' title='bbox 1388 1847 1404 1880; x_wconf 90' lang='grc' dir='ltr'><strong>ι</strong></span> <span class='ocrx_word' id='word_1_233' title='bbox 1420 1829 1540 1894; x_wconf 82' lang='grc' dir='ltr'>Υἱὲ,</span> <span class='ocrx_word' id='word_1_234' title='bbox 1567 1830 1644 1902; x_wconf 82' lang='grc' dir='ltr'>μὴ</span> <span class='ocrx_word' id='word_1_235' title='bbox 1665 1827 1904 1904; x_wconf 84' lang='grc' dir='ltr'>ζηλούτω</span> 
     </span>
    </p>
   </div>
   <div class='ocr_carea' id='block_1_28' title="bbox 1989 1821 3606 1929">
    <p class='ocr_par' dir='ltr' id='par_1_28' title="bbox 2017 1823 3606 1909">
     <span class='ocr_line' id='line_1_29' title="bbox 2017 1823 3606 1909; baseline 0.014 -32"><span class='ocrx_word' id='word_1_236' title='bbox 2017 1823 2141 1877; x_wconf 90' lang='lat' dir='ltr'><strong>dam</strong></span> <span class='ocrx_word' id='word_1_237' title='bbox 2173 1825 2463 1881; x_wconf 88' lang='lat' dir='ltr'><strong>utilitatem</strong></span> <span class='ocrx_word' id='word_1_238' title='bbox 2498 1839 2741 1884; x_wconf 87' lang='lat' dir='ltr'><strong>nostram</strong></span> <span class='ocrx_word' id='word_1_239' title='bbox 2779 1847 2876 1887; x_wconf 90' lang='lat' dir='ltr'><strong>nos</strong></span> <span class='ocrx_word' id='word_1_240' title='bbox 2918 1834 3157 1902; x_wconf 86' lang='lat' dir='ltr'><strong>deducit,</strong></span> <span class='ocrx_word' id='word_1_241' title='bbox 3189 1837 3303 1909; x_wconf 79' lang='lat'><strong>80</strong></span> <span class='ocrx_word' id='word_1_242' title='bbox 3331 1856 3452 1896; x_wconf 89' lang='lat' dir='ltr'><strong>cum</strong></span> <span class='ocrx_word' id='word_1_243' title='bbox 3489 1845 3564 1898; x_wconf 81' lang='lat' dir='ltr'><strong>ait</strong></span> <span class='ocrx_word' id='word_1_244' title='bbox 3593 1862 3606 1899; x_wconf 90' lang='lat'>:</span> 
     </span>
    </p>
   </div>
   <div class='ocr_carea' id='block_1_29' title="bbox 285 1915 1902 2000">
    <p class='ocr_par' dir='ltr' id='par_1_29' title="bbox 285 1915 1902 1996">
     <span class='ocr_line' id='line_1_30' title="bbox 285 1915 1902 1996; baseline 0.009 -31"><span class='ocrx_word' id='word_1_245' title='bbox 285 1930 389 1966; x_wconf 82' lang='grc' dir='ltr'><strong>σου</strong></span> <span class='ocrx_word' id='word_1_246' title='bbox 423 1917 458 1986; x_wconf 81' lang='grc' dir='ltr'>ἡ</span> <span class='ocrx_word' id='word_1_247' title='bbox 495 1915 698 1987; x_wconf 80' lang='grc' dir='ltr'>καρδία</span> <span class='ocrx_word' id='word_1_248' title='bbox 731 1918 1115 1990; x_wconf 80' lang='grc' dir='ltr'>ἁμαρτωλοὺς,</span> <span class='ocrx_word' id='word_1_249' title='bbox 1150 1921 1268 1976; x_wconf 82' lang='grc' dir='ltr'>ἀλλ’</span> <span class='ocrx_word' id='word_1_250' title='bbox 1302 1924 1360 1977; x_wconf 80' lang='grc' dir='ltr'>ἐν</span> <span class='ocrx_word' id='word_1_251' title='bbox 1388 1923 1538 1993; x_wconf 75' lang='grc' dir='ltr'>φόϐῳ</span> <span class='ocrx_word' id='word_1_252' title='bbox 1566 1925 1774 1996; x_wconf 88' lang='grc' dir='ltr'>Κυρίου</span> <span class='ocrx_word' id='word_1_253' title='bbox 1802 1924 1902 1980; x_wconf 73' lang='grc' dir='ltr'>ἴσοι</span> 
     </span>
    </p>
   </div>
   <div class='ocr_carea' id='block_1_30' title="bbox 1990 1915 3607 2000">
    <p class='ocr_par' dir='ltr' id='par_1_30' title="bbox 2023 1916 3607 2000">
     <span class='ocr_line' id='line_1_31' title="bbox 2023 1916 3607 2000; baseline 0.013 -30"><span class='ocrx_word' id='word_1_254' title='bbox 2023 1936 2041 1970; x_wconf 86' lang='grc' dir='ltr'><strong>ι</strong></span> <span class='ocrx_word' id='word_1_255' title='bbox 2083 1916 2212 1984; x_wconf 84' lang='lat' dir='ltr'><strong>Fili,</strong></span> <span class='ocrx_word' id='word_1_256' title='bbox 2247 1934 2354 1974; x_wconf 92' lang='lat' dir='ltr'><strong>non</strong></span> <span class='ocrx_word' id='word_1_257' title='bbox 2387 1921 2676 1978; x_wconf 62' lang='lat' dir='ltr'><strong>aemuletur</strong></span> <span class='ocrx_word' id='word_1_258' title='bbox 2711 1939 2805 1979; x_wconf 87' lang='lat' dir='ltr'><strong>cor</strong></span> <span class='ocrx_word' id='word_1_259' title='bbox 2843 1935 2989 1980; x_wconf 89' lang='lat' dir='ltr'><strong>tuum</strong></span> <span class='ocrx_word' id='word_1_260' title='bbox 3034 1927 3381 2000; x_wconf 81' lang='lat' dir='ltr'><strong>peccatores,</strong></span> <span class='ocrx_word' id='word_1_261' title='bbox 3420 1937 3513 1990; x_wconf 89' lang='lat' dir='ltr'><strong>sed</strong></span> <span class='ocrx_word' id='word_1_262' title='bbox 3557 1938 3607 1991; x_wconf 88' lang='lat' dir='ltr'><strong>in</strong></span> 
     </span>
    </p>
   </div>
   <div class='ocr_carea' id='block_1_31' title="bbox 282 2007 1899 2099">
    <p class='ocr_par' dir='ltr' id='par_1_31' title="bbox 282 2007 1899 2086">
     <span class='ocr_line' id='line_1_32' title="bbox 282 2007 1899 2086; baseline 0.006 -26"><span class='ocrx_word' id='word_1_263' title='bbox 282 2007 424 2077; x_wconf 78' lang='grc' dir='ltr'>ὃλην</span> <span class='ocrx_word' id='word_1_264' title='bbox 452 2008 560 2079; x_wconf 80' lang='grc' dir='ltr'>τὴν</span> <span class='ocrx_word' id='word_1_265' title='bbox 583 2009 818 2082; x_wconf 78' lang='grc' dir='ltr'><strong>ἡμέραν.</strong></span> <span class='ocrx_word' id='word_1_266' title='bbox 853 2031 872 2063; x_wconf 75' lang='grc' dir='ltr'><strong>ι</strong></span> <span class='ocrx_word' id='word_1_267' title='bbox 922 2011 1031 2075; x_wconf 86' lang='grc' dir='ltr'><strong>Οὓς</strong></span> <span class='ocrx_word' id='word_1_268' title='bbox 1059 2012 1169 2086; x_wconf 80' lang='grc' dir='ltr'><strong>γὰρ</strong></span> <span class='ocrx_word' id='word_1_269' title='bbox 1198 2013 1264 2067; x_wconf 87' lang='grc' dir='ltr'>ἀν</span> <span class='ocrx_word' id='word_1_270' title='bbox 1291 2031 1376 2078; x_wconf 91' lang='grc' dir='ltr'><strong>τις</strong></span> <span class='ocrx_word' id='word_1_271' title='bbox 1407 2014 1757 2084; x_wconf 76' lang='grc' dir='ltr'>καταψέξειε,</span> <span class='ocrx_word' id='word_1_272' title='bbox 1795 2015 1899 2079; x_wconf 83' lang='grc' dir='ltr'><strong>πῶς</strong></span> 
     </span>
    </p>
   </div>
   <div class='ocr_carea' id='block_1_32' title="bbox 1995 2007 3612 2099">
    <p class='ocr_par' dir='ltr' id='par_1_32' title="bbox 2015 2009 3612 2099">
     <span class='ocr_line' id='line_1_33' title="bbox 2015 2009 3612 2099; baseline 0.013 -35"><span class='ocrx_word' id='word_1_273' title='bbox 2015 2009 2210 2066; x_wconf 86' lang='lat' dir='ltr'><strong>timore</strong></span> <span class='ocrx_word' id='word_1_274' title='bbox 2263 2011 2476 2068; x_wconf 90' lang='lat' dir='ltr'><strong>Domini</strong></span> <span class='ocrx_word' id='word_1_275' title='bbox 2529 2025 2647 2070; x_wconf 87' lang='lat' dir='ltr'><strong>esto</strong></span> <span class='ocrx_word' id='word_1_276' title='bbox 2693 2026 2802 2071; x_wconf 92' lang='lat' dir='ltr'><strong>tota</strong></span> <span class='ocrx_word' id='word_1_277' title='bbox 2850 2018 2935 2074; x_wconf 88' lang='lat' dir='ltr'><strong>die</strong></span> <span class='ocrx_word' id='word_1_278' title='bbox 2960 2019 3027 2076; x_wconf 76' lang='lat'><strong>&quot;.</strong></span> <span class='ocrx_word' id='word_1_279' title='bbox 3066 2041 3085 2073; x_wconf 75' lang='grc' dir='ltr'><strong>ι</strong></span> <span class='ocrx_word' id='word_1_280' title='bbox 3126 2024 3273 2090; x_wconf 83' lang='lat' dir='ltr'><strong>Quos</strong></span> <span class='ocrx_word' id='word_1_281' title='bbox 3312 2029 3455 2082; x_wconf 90' lang='lat' dir='ltr'><strong>cnim</strong></span> <span class='ocrx_word' id='word_1_282' title='bbox 3489 2030 3612 2099; x_wconf 86' lang='lat' dir='ltr'><strong>quis</strong></span> 
     </span>
    </p>
   </div>
   <div class='ocr_carea' id='block_1_33' title="bbox 283 2098 1900 2190">
    <p class='ocr_par' dir='ltr' id='par_1_33' title="bbox 283 2098 1900 2179">
     <span class='ocr_line' id='line_1_34' title="bbox 283 2098 1900 2179; baseline 0.007 -28"><span class='ocrx_word' id='word_1_283' title='bbox 283 2100 355 2152; x_wconf 80' lang='grc' dir='ltr'>ἂν</span> <span class='ocrx_word' id='word_1_284' title='bbox 388 2099 574 2154; x_wconf 78' lang='grc' dir='ltr'>ἕλοιτο</span> <span class='ocrx_word' id='word_1_285' title='bbox 603 2098 836 2173; x_wconf 81' lang='grc' dir='ltr'>ζηλοῦν;</span> <span class='ocrx_word' id='word_1_286' title='bbox 870 2103 1110 2158; x_wconf 82' lang='grc' dir='ltr'>τοιοῦτόν</span> <span class='ocrx_word' id='word_1_287' title='bbox 1147 2124 1197 2159; x_wconf 86' lang='grc' dir='ltr'><strong>τι</strong></span> <span class='ocrx_word' id='word_1_288' title='bbox 1226 2105 1304 2176; x_wconf 83' lang='grc' dir='ltr'>τῷ</span> <span class='ocrx_word' id='word_1_289' title='bbox 1338 2107 1510 2179; x_wconf 74' lang='grc' dir='ltr'>Ἰούδᾳ</span> <span class='ocrx_word' id='word_1_290' title='bbox 1541 2107 1707 2179; x_wconf 75' lang='grc' dir='ltr'>φησὶν</span> <span class='ocrx_word' id='word_1_291' title='bbox 1742 2109 1770 2162; x_wconf 87' lang='grc' dir='ltr'>ὁ</span> <span class='ocrx_word' id='word_1_292' title='bbox 1801 2108 1900 2162; x_wconf 68' lang='grc' dir='ltr'>τῶν</span> 
     </span>
    </p>
   </div>
   <div class='ocr_carea' id='block_1_34' title="bbox 1992 2098 3609 2190">
    <p class='ocr_par' dir='ltr' id='par_1_34' title="bbox 2014 2098 3609 2190">
     <span class='ocr_line' id='line_1_35' title="bbox 2014 2098 3609 2190; baseline 0.013 -33"><span class='ocrx_word' id='word_1_293' title='bbox 2014 2101 2338 2172; x_wconf 87' lang='lat' dir='ltr'><strong>culpaverit,</strong></span> <span class='ocrx_word' id='word_1_294' title='bbox 2375 2108 2646 2175; x_wconf 86' lang='lat' dir='ltr'><strong>quomodo</strong></span> <span class='ocrx_word' id='word_1_295' title='bbox 2676 2107 2878 2164; x_wconf 88' lang='lat' dir='ltr'><strong>imitari</strong></span> <span class='ocrx_word' id='word_1_296' title='bbox 2912 2114 3138 2181; x_wconf 86' lang='lat' dir='ltr'><strong>cupiat?</strong></span> <span class='ocrx_word' id='word_1_297' title='bbox 3185 2118 3316 2174; x_wconf 84' lang='lat' dir='ltr'><strong>Tale</strong></span> <span class='ocrx_word' id='word_1_298' title='bbox 3351 2098 3609 2190; x_wconf 78' lang='lat' dir='ltr'><strong>quiddam</strong></span> 
     </span>
    </p>
   </div>
   <div class='ocr_carea' id='block_1_35' title="bbox 281 2185 1898 2272">
    <p class='ocr_par' dir='ltr' id='par_1_35' title="bbox 281 2185 1898 2271">
     <span class='ocr_line' id='line_1_36' title="bbox 281 2185 1898 2271; baseline 0.006 -27"><span class='ocrx_word' id='word_1_299' title='bbox 281 2189 430 2244; x_wconf 73' lang='grc' dir='ltr'>ὅλων</span> <span class='ocrx_word' id='word_1_300' title='bbox 471 2191 632 2257; x_wconf 83' lang='grc' dir='ltr'>Θεός.</span> <span class='ocrx_word' id='word_1_301' title='bbox 679 2185 771 2266; x_wconf 72' lang='grc' dir='ltr'><strong>Μὴ</strong></span> <span class='ocrx_word' id='word_1_302' title='bbox 813 2195 922 2268; x_wconf 83' lang='grc' dir='ltr'><strong>γάρ</strong></span> <span class='ocrx_word' id='word_1_303' title='bbox 950 2213 1033 2250; x_wconf 88' lang='grc' dir='ltr'><strong>σοι</strong></span> <span class='ocrx_word' id='word_1_304' title='bbox 1076 2196 1321 2266; x_wconf 82' lang='grc' dir='ltr'>γενέσθω</span> <span class='ocrx_word' id='word_1_305' title='bbox 1363 2197 1639 2271; x_wconf 75' lang='grc' dir='ltr'>πρόφασις</span> <span class='ocrx_word' id='word_1_306' title='bbox 1668 2201 1749 2265; x_wconf 82' lang='grc' dir='ltr'><strong>εἰς</strong></span> <span class='ocrx_word' id='word_1_307' title='bbox 1777 2201 1898 2254; x_wconf 78' lang='grc' dir='ltr'>ἀπό-</span> 
     </span>
    </p>
   </div>
   <div class='ocr_carea' id='block_1_36' title="bbox 1988 2185 3605 2272">
    <p class='ocr_par' dir='ltr' id='par_1_36' title="bbox 2012 2185 3605 2272">
     <span class='ocr_line' id='line_1_37' title="bbox 2012 2185 3605 2272; baseline 0.013 -22"><span class='ocrx_word' id='word_1_308' title='bbox 2012 2195 2080 2251; x_wconf 92' lang='lat' dir='ltr'><strong>ad</strong></span> <span class='ocrx_word' id='word_1_309' title='bbox 2117 2193 2256 2252; x_wconf 88' lang='lat' dir='ltr'><strong>Juda</strong></span> <span class='ocrx_word' id='word_1_310' title='bbox 2300 2199 2674 2255; x_wconf 85' lang='lat' dir='ltr'><strong>universorum</strong></span> <span class='ocrx_word' id='word_1_311' title='bbox 2714 2201 2856 2258; x_wconf 86' lang='lat' dir='ltr'><strong>Deus</strong></span> <span class='ocrx_word' id='word_1_312' title='bbox 2891 2222 2904 2260; x_wconf 94' lang='lat'>:</span> <span class='ocrx_word' id='word_1_313' title='bbox 2944 2204 3020 2260; x_wconf 77' lang='lat' dir='ltr'><strong>Ne</strong></span> <span class='ocrx_word' id='word_1_314' title='bbox 3055 2215 3105 2264; x_wconf 87' lang='lat' dir='ltr'><strong>te</strong></span> <span class='ocrx_word' id='word_1_315' title='bbox 3136 2211 3201 2264; x_wconf 89' lang='lat' dir='ltr'><strong>ad</strong></span> <span class='ocrx_word' id='word_1_316' title='bbox 3246 2185 3605 2272; x_wconf 72' lang='lat' dir='ltr'><strong>defectionem</strong></span> 
     </span>
    </p>
   </div>
   <div class='ocr_carea' id='block_1_37' title="bbox 286 2286 1903 2376">
    <p class='ocr_par' dir='ltr' id='par_1_37' title="bbox 286 2286 1903 2367">
     <span class='ocr_line' id='line_1_38' title="bbox 286 2286 1903 2367; baseline 0.008 -31"><span class='ocrx_word' id='word_1_317' title='bbox 286 2301 491 2338; x_wconf 82' lang='grc' dir='ltr'>στασιν</span> <span class='ocrx_word' id='word_1_318' title='bbox 527 2286 590 2339; x_wconf 80' lang='grc' dir='ltr'>τὸ</span> <span class='ocrx_word' id='word_1_319' title='bbox 622 2289 1033 2360; x_wconf 87' lang='grc' dir='ltr'>παροιστρῆσαι</span> <span class='ocrx_word' id='word_1_320' title='bbox 1073 2289 1165 2344; x_wconf 76' lang='grc' dir='ltr'><strong>τὸν</strong></span> <span class='ocrx_word' id='word_1_321' title='bbox 1208 2291 1448 2366; x_wconf 78' lang='grc' dir='ltr'>Ἰσραὴλ,</span> <span class='ocrx_word' id='word_1_322' title='bbox 1492 2293 1588 2346; x_wconf 79' lang='grc' dir='ltr'>καὶ</span> <span class='ocrx_word' id='word_1_323' title='bbox 1621 2294 1783 2348; x_wconf 83' lang='grc' dir='ltr'>οἰονεί</span> <span class='ocrx_word' id='word_1_324' title='bbox 1812 2295 1903 2367; x_wconf 80' lang='grc' dir='ltr'><strong>τῆς</strong></span> 
     </span>
    </p>
   </div>
   <div class='ocr_carea' id='block_1_38' title="bbox 1987 2286 3604 2376">
    <p class='ocr_par' dir='ltr' id='par_1_38' title="bbox 2015 2288 3604 2376">
     <span class='ocr_line' id='line_1_39' title="bbox 2015 2288 3604 2376; baseline 0.013 -32"><span class='ocrx_word' id='word_1_325' title='bbox 2015 2288 2296 2358; x_wconf 88' lang='lat' dir='ltr'><strong>sollicitet,</strong></span> <span class='ocrx_word' id='word_1_326' title='bbox 2329 2291 2529 2362; x_wconf 91' lang='lat' dir='ltr'><strong>inquit,</strong></span> <span class='ocrx_word' id='word_1_327' title='bbox 2561 2296 2705 2365; x_wconf 90' lang='lat' dir='ltr'><strong>quod</strong></span> <span class='ocrx_word' id='word_1_328' title='bbox 2746 2295 2915 2354; x_wconf 90' lang='lat' dir='ltr'><strong>Israel</strong></span> <span class='ocrx_word' id='word_1_329' title='bbox 2961 2311 3133 2357; x_wconf 71' lang='lat' dir='ltr'><strong>oestro</strong></span> <span class='ocrx_word' id='word_1_330' title='bbox 3162 2305 3468 2375; x_wconf 82' lang='lat' dir='ltr'><strong>exagitatus</strong></span> <span class='ocrx_word' id='word_1_331' title='bbox 3499 2319 3604 2376; x_wconf 88' lang='lat' dir='ltr'><strong>est,</strong></span> 
     </span>
    </p>
   </div>
   <div class='ocr_carea' id='block_1_39' title="bbox 282 2379 1899 2466">
    <p class='ocr_par' dir='ltr' id='par_1_39' title="bbox 282 2379 1899 2461">
     <span class='ocr_line' id='line_1_40' title="bbox 282 2379 1899 2461; baseline 0.007 -30"><span class='ocrx_word' id='word_1_332' title='bbox 282 2379 501 2449; x_wconf 77' lang='grc' dir='ltr'>ἀγέλης</span> <span class='ocrx_word' id='word_1_333' title='bbox 565 2381 932 2454; x_wconf 83' lang='grc' dir='ltr'>ἀποδραμεῖν,</span> <span class='ocrx_word' id='word_1_334' title='bbox 977 2385 1036 2438; x_wconf 81' lang='grc' dir='ltr'>ἐν</span> <span class='ocrx_word' id='word_1_335' title='bbox 1079 2383 1180 2456; x_wconf 78' lang='grc' dir='ltr'><strong>ἴσῳ</strong></span> <span class='ocrx_word' id='word_1_336' title='bbox 1235 2385 1552 2457; x_wconf 87' lang='grc' dir='ltr'>δαμάλεσιν,</span> <span class='ocrx_word' id='word_1_337' title='bbox 1623 2383 1711 2452; x_wconf 70' lang='grc' dir='ltr'>αἷς</span> <span class='ocrx_word' id='word_1_338' title='bbox 1749 2389 1899 2461; x_wconf 76' lang='grc' dir='ltr'>εἰπερ</span> 
     </span>
    </p>
   </div>
   <div class='ocr_carea' id='block_1_40' title="bbox 1989 2379 3606 2466">
    <p class='ocr_par' dir='ltr' id='par_1_40' title="bbox 2010 2387 3606 2466">
     <span class='ocr_line' id='line_1_41' title="bbox 2010 2387 3606 2466; baseline 0.011 -33"><span class='ocrx_word' id='word_1_339' title='bbox 2010 2388 2067 2435; x_wconf 89' lang='lat' dir='ltr'><strong>et</strong></span> <span class='ocrx_word' id='word_1_340' title='bbox 2110 2393 2370 2453; x_wconf 87' lang='lat' dir='ltr'><strong>tanquam</strong></span> <span class='ocrx_word' id='word_1_341' title='bbox 2418 2398 2619 2450; x_wconf 69' lang='lat' dir='ltr'><strong>vaccae,</strong></span> <span class='ocrx_word' id='word_1_342' title='bbox 2665 2387 2865 2456; x_wconf 87' lang='lat' dir='ltr'><strong>quibus</strong></span> <span class='ocrx_word' id='word_1_343' title='bbox 2902 2389 3182 2458; x_wconf 88' lang='lat' dir='ltr'><strong>tabanum,</strong></span> <span class='ocrx_word' id='word_1_344' title='bbox 3217 2404 3309 2447; x_wconf 89' lang='lat' dir='ltr'><strong>aut</strong></span> <span class='ocrx_word' id='word_1_345' title='bbox 3339 2393 3606 2466; x_wconf 82' lang='grc' dir='ltr'>βούτυπος</span> 
     </span>
    </p>
   </div>
   <div class='ocr_carea' id='block_1_41' title="bbox 284 2469 1901 2550">
    <p class='ocr_par' dir='ltr' id='par_1_41' title="bbox 284 2469 1901 2550">
     <span class='ocr_line' id='line_1_42' title="bbox 284 2469 1901 2550; baseline 0.007 -25"><span class='ocrx_word' id='word_1_346' title='bbox 284 2469 514 2542; x_wconf 77' lang='grc' dir='ltr'>οἶστρος</span> <span class='ocrx_word' id='word_1_347' title='bbox 572 2475 901 2545; x_wconf 74' lang='grc' dir='ltr'>ὲνιζήσειεν,</span> <span class='ocrx_word' id='word_1_348' title='bbox 959 2477 1078 2548; x_wconf 80' lang='grc' dir='ltr'>ἤτοι</span> <span class='ocrx_word' id='word_1_349' title='bbox 1128 2476 1396 2550; x_wconf 86' lang='grc' dir='ltr'>βούτυπος</span> <span class='ocrx_word' id='word_1_350' title='bbox 1423 2475 1605 2550; x_wconf 76' lang='grc' dir='ltr'>(εἶδος</span> <span class='ocrx_word' id='word_1_351' title='bbox 1649 2481 1706 2535; x_wconf 83' lang='grc' dir='ltr'>δὲ</span> <span class='ocrx_word' id='word_1_352' title='bbox 1749 2482 1901 2536; x_wconf 73' lang='grc' dir='ltr'>τοῦτο</span> 
     </span>
    </p>
   </div>
   <div class='ocr_carea' id='block_1_42' title="bbox 1988 2469 3605 2550">
    <p class='ocr_par' dir='ltr' id='par_1_42' title="bbox 2011 2475 3605 2549">
     <span class='ocr_line' id='line_1_43' title="bbox 2011 2475 3605 2549; baseline 0.01 -19"><span class='ocrx_word' id='word_1_353' title='bbox 2011 2490 2136 2530; x_wconf 90' lang='lat' dir='ltr'><strong>cum</strong></span> <span class='ocrx_word' id='word_1_354' title='bbox 2167 2475 2366 2531; x_wconf 86' lang='lat' dir='ltr'><strong>insedit</strong></span> <span class='ocrx_word' id='word_1_355' title='bbox 2399 2477 2632 2549; x_wconf 91' lang='lat' dir='ltr'><strong>(species</strong></span> <span class='ocrx_word' id='word_1_356' title='bbox 2662 2490 2745 2534; x_wconf 88' lang='lat' dir='ltr'><strong>est</strong></span> <span class='ocrx_word' id='word_1_357' title='bbox 2774 2481 2988 2549; x_wconf 89' lang='lat' dir='ltr'><strong>culicis,</strong></span> <span class='ocrx_word' id='word_1_358' title='bbox 3017 2483 3436 2544; x_wconf 88' lang='lat' dir='ltr'><strong>intolerabiliter</strong></span> <span class='ocrx_word' id='word_1_359' title='bbox 3458 2505 3605 2545; x_wconf 86' lang='lat' dir='ltr'><strong>mor-</strong></span> 
     </span>
    </p>
   </div>
   <div class='ocr_carea' id='block_1_43' title="bbox 281 2565 1898 2646">
    <p class='ocr_par' dir='ltr' id='par_1_43' title="bbox 281 2565 1898 2646">
     <span class='ocr_line' id='line_1_44' title="bbox 281 2565 1898 2646; baseline 0.007 -29"><span class='ocrx_word' id='word_1_360' title='bbox 281 2565 546 2635; x_wconf 79' lang='grc' dir='ltr'><strong>ἐμπίδος,</strong></span> <span class='ocrx_word' id='word_1_361' title='bbox 587 2565 894 2639; x_wconf 84' lang='grc' dir='ltr'>δακνούσης</span> <span class='ocrx_word' id='word_1_362' title='bbox 933 2569 994 2621; x_wconf 79' lang='grc' dir='ltr'>οὐ</span> <span class='ocrx_word' id='word_1_363' title='bbox 1011 2570 1312 2642; x_wconf 78' lang='grc' dir='ltr'>φορητῶς),</span> <span class='ocrx_word' id='word_1_364' title='bbox 1348 2572 1618 2643; x_wconf 76' lang='grc' dir='ltr'>ἀποφέρει</span> <span class='ocrx_word' id='word_1_365' title='bbox 1647 2574 1749 2646; x_wconf 84' lang='grc' dir='ltr'><strong>τῆς</strong></span> <span class='ocrx_word' id='word_1_366' title='bbox 1784 2575 1898 2644; x_wconf 81' lang='grc' dir='ltr'>ἀγέ-</span> 
     </span>
    </p>
   </div>
   <div class='ocr_carea' id='block_1_44' title="bbox 1985 2565 3602 2646">
    <p class='ocr_par' dir='ltr' id='par_1_44' title="bbox 2011 2566 3602 2644">
     <span class='ocr_line' id='line_1_45' title="bbox 2011 2566 3602 2644; baseline 0.011 -24"><span class='ocrx_word' id='word_1_367' title='bbox 2011 2566 2236 2638; x_wconf 88' lang='lat' dir='ltr'><strong>dentis),</strong></span> <span class='ocrx_word' id='word_1_368' title='bbox 2274 2569 2342 2622; x_wconf 89' lang='lat' dir='ltr'><strong>ab</strong></span> <span class='ocrx_word' id='word_1_369' title='bbox 2375 2579 2624 2624; x_wconf 89' lang='lat' dir='ltr'><strong>armento</strong></span> <span class='ocrx_word' id='word_1_370' title='bbox 2658 2583 2897 2642; x_wconf 87' lang='lat' dir='ltr'><strong>separat,</strong></span> <span class='ocrx_word' id='word_1_371' title='bbox 2929 2583 3090 2644; x_wconf 88' lang='lat' dir='ltr'><strong>atque</strong></span> <span class='ocrx_word' id='word_1_372' title='bbox 3118 2577 3184 2632; x_wconf 91' lang='lat' dir='ltr'><strong>ad</strong></span> <span class='ocrx_word' id='word_1_373' title='bbox 3213 2579 3444 2636; x_wconf 86' lang='lat' dir='ltr'><strong>celerem</strong></span> <span class='ocrx_word' id='word_1_374' title='bbox 3476 2597 3602 2637; x_wconf 91' lang='lat' dir='ltr'><strong>cur-</strong></span> 
     </span>
    </p>
   </div>
   <div class='ocr_carea' id='block_1_45' title="bbox 282 2655 1899 2736">
    <p class='ocr_par' dir='ltr' id='par_1_45' title="bbox 282 2655 1899 2736">
     <span class='ocr_line' id='line_1_46' title="bbox 282 2655 1899 2736; baseline 0.009 -28"><span class='ocrx_word' id='word_1_375' title='bbox 282 2655 408 2726; x_wconf 87' lang='grc' dir='ltr'>λης,</span> <span class='ocrx_word' id='word_1_376' title='bbox 437 2659 539 2711; x_wconf 78' lang='grc' dir='ltr'>καὶ</span> <span class='ocrx_word' id='word_1_377' title='bbox 582 2657 699 2723; x_wconf 79' lang='grc' dir='ltr'><strong>ὀξεῖ</strong></span> <span class='ocrx_word' id='word_1_378' title='bbox 727 2657 994 2731; x_wconf 82' lang='grc' dir='ltr'>φέρεσθαι</span> <span class='ocrx_word' id='word_1_379' title='bbox 1021 2661 1210 2733; x_wconf 86' lang='grc' dir='ltr'>δρόμῳ</span> <span class='ocrx_word' id='word_1_380' title='bbox 1242 2663 1660 2736; x_wconf 75' lang='grc' dir='ltr'>παρασκευάζει</span> <span class='ocrx_word' id='word_1_381' title='bbox 1695 2665 1899 2735; x_wconf 79' lang='grc' dir='ltr'>λοιπὸν,</span> 
     </span>
    </p>
   </div>
   <div class='ocr_carea' id='block_1_46' title="bbox 1989 2655 3606 2736">
    <p class='ocr_par' dir='ltr' id='par_1_46' title="bbox 2008 2661 3606 2731">
     <span class='ocr_line' id='line_1_47' title="bbox 2008 2661 3606 2731; baseline 0.011 -17"><span class='ocrx_word' id='word_1_382' title='bbox 2008 2674 2127 2714; x_wconf 92' lang='lat' dir='ltr'><strong>sum</strong></span> <span class='ocrx_word' id='word_1_383' title='bbox 2173 2676 2280 2731; x_wconf 88' lang='lat' dir='ltr'><strong>qua</strong></span> <span class='ocrx_word' id='word_1_384' title='bbox 2336 2661 2423 2716; x_wconf 85' lang='lat' dir='ltr'><strong>via</strong></span> <span class='ocrx_word' id='word_1_385' title='bbox 2477 2664 2636 2718; x_wconf 87' lang='lat' dir='ltr'><strong>datur</strong></span> <span class='ocrx_word' id='word_1_386' title='bbox 2683 2664 2892 2721; x_wconf 88' lang='lat' dir='ltr'><strong>incitat.</strong></span> <span class='ocrx_word' id='word_1_387' title='bbox 2940 2671 3022 2723; x_wconf 86' lang='lat' dir='ltr'><strong>Au</strong></span> <span class='ocrx_word' id='word_1_388' title='bbox 3052 2685 3156 2724; x_wconf 90' lang='lat' dir='ltr'><strong>non</strong></span> <span class='ocrx_word' id='word_1_389' title='bbox 3217 2671 3359 2727; x_wconf 89' lang='lat' dir='ltr'><strong>istud</strong></span> <span class='ocrx_word' id='word_1_390' title='bbox 3415 2672 3606 2731; x_wconf 76' lang='lat' dir='ltr'><strong>Israeli</strong></span> 
     </span>
    </p>
   </div>
   <div class='ocr_carea' id='block_1_47' title="bbox 280 2750 1897 2837">
    <p class='ocr_par' dir='ltr' id='par_1_47' title="bbox 280 2750 1897 2826">
     <span class='ocr_line' id='line_1_48' title="bbox 280 2750 1897 2826; baseline 0.007 -24"><span class='ocrx_word' id='word_1_391' title='bbox 280 2750 526 2822; x_wconf 74' lang='grc' dir='ltr'>ὅποιπερ</span> <span class='ocrx_word' id='word_1_392' title='bbox 580 2751 649 2805; x_wconf 86' lang='grc' dir='ltr'>ἂν</span> <span class='ocrx_word' id='word_1_393' title='bbox 695 2752 858 2826; x_wconf 86' lang='grc' dir='ltr'>τύχῃ.</span> <span class='ocrx_word' id='word_1_394' title='bbox 923 2753 995 2808; x_wconf 84' lang='grc' dir='ltr'><strong><em>Ἦ</em></strong></span> <span class='ocrx_word' id='word_1_395' title='bbox 1058 2755 1180 2826; x_wconf 73' lang='grc' dir='ltr'>οὐχὶ</span> <span class='ocrx_word' id='word_1_396' title='bbox 1235 2757 1395 2810; x_wconf 76' lang='grc' dir='ltr'>τοῦτο</span> <span class='ocrx_word' id='word_1_397' title='bbox 1453 2758 1760 2814; x_wconf 82' lang='grc' dir='ltr'>πεπονθότα</span> <span class='ocrx_word' id='word_1_398' title='bbox 1813 2761 1897 2815; x_wconf 74' lang='grc' dir='ltr'>τὸν</span> 
     </span>
    </p>
   </div>
   <div class='ocr_carea' id='block_1_48' title="bbox 1976 2750 3593 2837">
    <p class='ocr_par' dir='ltr' id='par_1_48' title="bbox 2007 2753 3593 2837">
     <span class='ocr_line' id='line_1_49' title="bbox 2007 2753 3593 2837; baseline 0.011 -31"><span class='ocrx_word' id='word_1_399' title='bbox 2007 2753 2300 2824; x_wconf 80' lang='lat' dir='ltr'><strong>contigisse</strong></span> <span class='ocrx_word' id='word_1_400' title='bbox 2325 2755 2574 2810; x_wconf 87' lang='lat' dir='ltr'><strong>constat?</strong></span> <span class='ocrx_word' id='word_1_401' title='bbox 2606 2756 2866 2814; x_wconf 87' lang='lat' dir='ltr'><strong>Discessit</strong></span> <span class='ocrx_word' id='word_1_402' title='bbox 2896 2761 3038 2815; x_wconf 88' lang='lat' dir='ltr'><strong>enim</strong></span> <span class='ocrx_word' id='word_1_403' title='bbox 3075 2761 3482 2837; x_wconf 88' lang='lat' dir='ltr'><strong>Hierosolyma,</strong></span> <span class='ocrx_word' id='word_1_404' title='bbox 3519 2780 3593 2835; x_wconf 90' lang='lat' dir='ltr'><strong>ct,</strong></span> 
     </span>
    </p>
   </div>
   <div class='ocr_carea' id='block_1_49' title="bbox 293 2845 1910 2926">
    <p class='ocr_par' dir='ltr' id='par_1_49' title="bbox 293 2845 1903 2926">
     <span class='ocr_line' id='line_1_50' title="bbox 293 2845 1903 2926; baseline 0.006 -28"><span class='ocrx_word' id='word_1_405' title='bbox 293 2845 527 2916; x_wconf 78' lang='grc' dir='ltr'>Ἰσραὴλ</span> <span class='ocrx_word' id='word_1_406' title='bbox 611 2848 954 2919; x_wconf 75' lang='grc' dir='ltr'>εὑρήσομενς</span> <span class='ocrx_word' id='word_1_407' title='bbox 1046 2849 1408 2921; x_wconf 76' lang='grc' dir='ltr'>Ἀπειροίτησε</span> <span class='ocrx_word' id='word_1_408' title='bbox 1467 2851 1568 2921; x_wconf 84' lang='grc' dir='ltr'>μὲν</span> <span class='ocrx_word' id='word_1_409' title='bbox 1630 2851 1739 2926; x_wconf 79' lang='grc' dir='ltr'><strong>γὰρ</strong></span> <span class='ocrx_word' id='word_1_410' title='bbox 1792 2854 1903 2908; x_wconf 83' lang='grc' dir='ltr'>τῶν</span> 
     </span>
    </p>
   </div>
   <div class='ocr_carea' id='block_1_50' title="bbox 1984 2845 3601 2926">
    <p class='ocr_par' dir='ltr' id='par_1_50' title="bbox 2006 2849 3601 2922">
     <span class='ocr_line' id='line_1_51' title="bbox 2006 2849 3601 2922; baseline 0.011 -22"><span class='ocrx_word' id='word_1_411' title='bbox 2006 2857 2224 2916; x_wconf 89' lang='lat' dir='ltr'><strong>pastore</strong></span> <span class='ocrx_word' id='word_1_412' title='bbox 2262 2861 2360 2902; x_wconf 93' lang='lat' dir='ltr'><strong>suo</strong></span> <span class='ocrx_word' id='word_1_413' title='bbox 2389 2849 2602 2916; x_wconf 90' lang='lat' dir='ltr'><strong>relicto,</strong></span> <span class='ocrx_word' id='word_1_414' title='bbox 2636 2851 2740 2906; x_wconf 91' lang='lat' dir='ltr'><strong>hoc</strong></span> <span class='ocrx_word' id='word_1_415' title='bbox 2791 2861 2873 2908; x_wconf 88' lang='lat' dir='ltr'><strong>est</strong></span> <span class='ocrx_word' id='word_1_416' title='bbox 2915 2853 3056 2922; x_wconf 86' lang='lat' dir='ltr'><strong>Deo,</strong></span> <span class='ocrx_word' id='word_1_417' title='bbox 3094 2864 3285 2911; x_wconf 88' lang='lat' dir='ltr'><strong>tetram</strong></span> <span class='ocrx_word' id='word_1_418' title='bbox 3323 2873 3388 2914; x_wconf 90' lang='lat' dir='ltr'><strong>ac</strong></span> <span class='ocrx_word' id='word_1_419' title='bbox 3449 2862 3601 2917; x_wconf 34' lang='lat' dir='ltr'><strong>detcs</strong></span> 
     </span>
    </p>
   </div>
   <div class='ocr_carea' id='block_1_51' title="bbox 291 2937 1908 3022">
    <p class='ocr_par' dir='ltr' id='par_1_51' title="bbox 291 2937 1903 3014">
     <span class='ocr_line' id='line_1_52' title="bbox 291 2937 1903 3014; baseline 0.006 -23"><span class='ocrx_word' id='word_1_420' title='bbox 291 2937 722 3011; x_wconf 85' lang='grc' dir='ltr'>Ἰεροσολύμων,</span> <span class='ocrx_word' id='word_1_421' title='bbox 752 2941 850 2994; x_wconf 76' lang='grc' dir='ltr'>καὶ</span> <span class='ocrx_word' id='word_1_422' title='bbox 885 2942 975 2996; x_wconf 78' lang='grc' dir='ltr'>τὸν</span> <span class='ocrx_word' id='word_1_423' title='bbox 1006 2942 1201 2996; x_wconf 80' lang='grc' dir='ltr'>ἑαυτοῦ</span> <span class='ocrx_word' id='word_1_424' title='bbox 1245 2944 1470 2998; x_wconf 84' lang='grc' dir='ltr'>αἰπόλον</span> <span class='ocrx_word' id='word_1_425' title='bbox 1509 2945 1692 3014; x_wconf 69' lang='grc' dir='ltr'>ἀφεὶς,</span> <span class='ocrx_word' id='word_1_426' title='bbox 1740 2964 1903 3001; x_wconf 87' lang='grc' dir='ltr'>τουτ-</span> 
     </span>
    </p>
   </div>
   <div class='ocr_carea' id='block_1_52' title="bbox 1983 2937 3600 3022">
    <p class='ocr_par' dir='ltr' id='par_1_52' title="bbox 2004 2941 3600 3022">
     <span class='ocr_line' id='line_1_53' title="bbox 2004 2941 3600 3022; baseline 0.01 -29"><span class='ocrx_word' id='word_1_427' title='bbox 2004 2941 2255 2995; x_wconf 89' lang='lat' dir='ltr'><strong>standam</strong></span> <span class='ocrx_word' id='word_1_428' title='bbox 2284 2942 2562 3010; x_wconf 89' lang='lat' dir='ltr'><strong>apostasin</strong></span> <span class='ocrx_word' id='word_1_429' title='bbox 2609 2943 2932 3014; x_wconf 83' lang='lat' dir='ltr'><strong>designavit.</strong></span> <span class='ocrx_word' id='word_1_430' title='bbox 2983 2945 3062 3001; x_wconf 83' lang='lat' dir='ltr'><strong>Ne</strong></span> <span class='ocrx_word' id='word_1_431' title='bbox 3107 2948 3273 3019; x_wconf 80' lang='lat' dir='ltr'><strong>igitur</strong></span> <span class='ocrx_word' id='word_1_432' title='bbox 3304 2945 3600 3022; x_wconf 68' lang='lat' dir='ltr'><strong>cernuleris,</strong></span> 
     </span>
    </p>
   </div>
   <div class='ocr_carea' id='block_1_53' title="bbox 280 3029 1897 3112">
    <p class='ocr_par' dir='ltr' id='par_1_53' title="bbox 280 3032 1897 3112">
     <span class='ocr_line' id='line_1_54' title="bbox 280 3032 1897 3112; baseline 0.006 -27"><span class='ocrx_word' id='word_1_433' title='bbox 280 3033 405 3085; x_wconf 80' lang='grc' dir='ltr'>ἐστι</span> <span class='ocrx_word' id='word_1_434' title='bbox 447 3032 613 3095; x_wconf 84' lang='grc' dir='ltr'>Θεὸν,</span> <span class='ocrx_word' id='word_1_435' title='bbox 659 3033 843 3106; x_wconf 80' lang='grc' dir='ltr'>δεινὴν</span> <span class='ocrx_word' id='word_1_436' title='bbox 890 3036 983 3088; x_wconf 76' lang='grc' dir='ltr'>καὶ</span> <span class='ocrx_word' id='word_1_437' title='bbox 1019 3035 1296 3106; x_wconf 80' lang='grc' dir='ltr'>ἐπάρατον</span> <span class='ocrx_word' id='word_1_438' title='bbox 1324 3035 1618 3109; x_wconf 84' lang='grc' dir='ltr'>ἐποιήσατο</span> <span class='ocrx_word' id='word_1_439' title='bbox 1643 3039 1742 3112; x_wconf 86' lang='grc' dir='ltr'>τὴν</span> <span class='ocrx_word' id='word_1_440' title='bbox 1770 3041 1897 3095; x_wconf 83' lang='grc' dir='ltr'>ἁπό‹</span> 
     </span>
    </p>
   </div>
   <div class='ocr_carea' id='block_1_54' title="bbox 1988 3029 3605 3112">
    <p class='ocr_par' dir='ltr' id='par_1_54' title="bbox 2003 3029 3605 3104">
     <span class='ocr_line' id='line_1_55' title="bbox 2003 3029 3605 3104; baseline 0.012 -20"><span class='ocrx_word' id='word_1_441' title='bbox 2003 3045 2038 3084; x_wconf 90' lang='grc' dir='ltr'><strong>ο</strong></span> <span class='ocrx_word' id='word_1_442' title='bbox 2070 3029 2232 3097; x_wconf 77' lang='lat' dir='ltr'><strong>Iuda,</strong></span> <span class='ocrx_word' id='word_1_443' title='bbox 2265 3032 2459 3104; x_wconf 91' lang='lat' dir='ltr'><strong>inquit.</strong></span> <span class='ocrx_word' id='word_1_444' title='bbox 2497 3033 2760 3102; x_wconf 80' lang='lat' dir='ltr'><strong>Quamvis</strong></span> <span class='ocrx_word' id='word_1_445' title='bbox 2802 3038 2949 3092; x_wconf 87' lang='lat' dir='ltr'><strong>enim</strong></span> <span class='ocrx_word' id='word_1_446' title='bbox 2996 3038 3174 3096; x_wconf 88' lang='lat' dir='ltr'><strong>instar</strong></span> <span class='ocrx_word' id='word_1_447' title='bbox 3214 3057 3394 3099; x_wconf 72' lang='lat' dir='ltr'><strong>vacca:</strong></span> <span class='ocrx_word' id='word_1_448' title='bbox 3432 3057 3605 3103; x_wconf 72' lang='lat' dir='ltr'><strong>(nstro</strong></span> 
     </span>
    </p>
   </div>
   <div class='ocr_carea' id='block_1_55' title="bbox 278 3117 1895 3204">
    <p class='ocr_par' dir='ltr' id='par_1_55' title="bbox 278 3117 1895 3197">
     <span class='ocr_line' id='line_1_56' title="bbox 278 3117 1895 3197; baseline 0.004 -23"><span class='ocrx_word' id='word_1_449' title='bbox 278 3139 506 3176; x_wconf 82' lang='grc' dir='ltr'>στασιν.</span> <span class='ocrx_word' id='word_1_450' title='bbox 549 3121 642 3193; x_wconf 80' lang='grc' dir='ltr'><strong>Μὴ</strong></span> <span class='ocrx_word' id='word_1_451' title='bbox 683 3121 939 3197; x_wconf 77' lang='grc' dir='ltr'><strong>ζηλώσῃς</strong></span> <span class='ocrx_word' id='word_1_452' title='bbox 975 3122 1285 3196; x_wconf 83' lang='grc' dir='ltr'>τοιγαροῦν,</span> <span class='ocrx_word' id='word_1_453' title='bbox 1321 3117 1366 3178; x_wconf 83' lang='grc' dir='ltr'>ὧ</span> <span class='ocrx_word' id='word_1_454' title='bbox 1420 3124 1611 3190; x_wconf 81' lang='grc' dir='ltr'>Ἰούδα,</span> <span class='ocrx_word' id='word_1_455' title='bbox 1647 3126 1808 3197; x_wconf 81' lang='grc' dir='ltr'>φησί’</span> <span class='ocrx_word' id='word_1_456' title='bbox 1849 3129 1895 3181; x_wconf 85' lang='grc' dir='ltr'><strong>εἰ</strong></span> 
     </span>
    </p>
   </div>
   <div class='ocr_carea' id='block_1_56' title="bbox 1985 3117 3602 3204">
    <p class='ocr_par' dir='ltr' id='par_1_56' title="bbox 2002 3123 3602 3204">
     <span class='ocr_line' id='line_1_57' title="bbox 2002 3123 3602 3204; baseline 0.011 -27"><span class='ocrx_word' id='word_1_457' title='bbox 2002 3125 2244 3194; x_wconf 90' lang='lat' dir='ltr'><strong>percitus</strong></span> <span class='ocrx_word' id='word_1_458' title='bbox 2275 3123 2444 3182; x_wconf 90' lang='lat' dir='ltr'><strong>Israel</strong></span> <span class='ocrx_word' id='word_1_459' title='bbox 2477 3127 2542 3181; x_wconf 88' lang='lat' dir='ltr'><strong>ad</strong></span> <span class='ocrx_word' id='word_1_460' title='bbox 2575 3127 2956 3184; x_wconf 80' lang='lat' dir='ltr'><strong>defectionem</strong></span> <span class='ocrx_word' id='word_1_461' title='bbox 3002 3132 3260 3204; x_wconf 82' lang='lat' dir='ltr'><strong>profugit,</strong></span> <span class='ocrx_word' id='word_1_462' title='bbox 3295 3144 3472 3192; x_wconf 87' lang='lat' dir='ltr'><strong>tamen</strong></span> <span class='ocrx_word' id='word_1_463' title='bbox 3519 3139 3602 3194; x_wconf 73' lang='lat' dir='ltr'><strong>fa-</strong></span> 
     </span>
    </p>
   </div>
   <div class='ocr_carea' id='block_1_57' title="bbox 273 3215 1890 3300">
    <p class='ocr_par' dir='ltr' id='par_1_57' title="bbox 273 3215 1890 3292">
     <span class='ocr_line' id='line_1_58' title="bbox 273 3215 1890 3292; baseline 0.002 -25"><span class='ocrx_word' id='word_1_464' title='bbox 273 3215 394 3286; x_wconf 81' lang='grc' dir='ltr'><strong>γάρ</strong></span> <span class='ocrx_word' id='word_1_465' title='bbox 437 3215 541 3267; x_wconf 68' lang='grc' dir='ltr'>καὶ</span> <span class='ocrx_word' id='word_1_466' title='bbox 590 3215 648 3267; x_wconf 82' lang='grc' dir='ltr'>ἐν</span> <span class='ocrx_word' id='word_1_467' title='bbox 693 3215 793 3285; x_wconf 83' lang='grc' dir='ltr'>ἴσῳ</span> <span class='ocrx_word' id='word_1_468' title='bbox 841 3215 1112 3286; x_wconf 81' lang='grc' dir='ltr'>δαμάλεσι</span> <span class='ocrx_word' id='word_1_469' title='bbox 1152 3217 1568 3289; x_wconf 86' lang='grc' dir='ltr'>παροιστρήσας</span> <span class='ocrx_word' id='word_1_470' title='bbox 1610 3220 1640 3271; x_wconf 85' lang='grc' dir='ltr'>ὁ</span> <span class='ocrx_word' id='word_1_471' title='bbox 1680 3219 1890 3292; x_wconf 81' lang='grc' dir='ltr'>Ἰσραὴλ</span> 
     </span>
    </p>
   </div>
   <div class='ocr_carea' id='block_1_58' title="bbox 1984 3215 3601 3300">
    <p class='ocr_par' dir='ltr' id='par_1_58' title="bbox 2003 3219 3601 3300">
     <span class='ocr_line' id='line_1_59' title="bbox 2003 3219 3601 3300; baseline 0.008 -27"><span class='ocrx_word' id='word_1_472' title='bbox 2003 3219 2160 3275; x_wconf 89' lang='lat' dir='ltr'><strong>cinus</strong></span> <span class='ocrx_word' id='word_1_473' title='bbox 2190 3221 2362 3274; x_wconf 84' lang='lat' dir='ltr'><strong>audax</strong></span> <span class='ocrx_word' id='word_1_474' title='bbox 2400 3235 2507 3275; x_wconf 88' lang='lat' dir='ltr'><strong>non</strong></span> <span class='ocrx_word' id='word_1_475' title='bbox 2537 3221 2751 3292; x_wconf 89' lang='lat' dir='ltr'><strong>impune</strong></span> <span class='ocrx_word' id='word_1_476' title='bbox 2773 3223 3072 3278; x_wconf 87' lang='lat' dir='ltr'><strong>admiserit.</strong></span> <span class='ocrx_word' id='word_1_477' title='bbox 3097 3224 3343 3297; x_wconf 83' lang='lat' dir='ltr'><strong>Migrabit</strong></span> <span class='ocrx_word' id='word_1_478' title='bbox 3367 3244 3601 3300; x_wconf 88' lang='lat' dir='ltr'><strong>namque</strong></span> 
     </span>
    </p>
   </div>
   <div class='ocr_carea' id='block_1_59' title="bbox 271 3305 1888 3384">
    <p class='ocr_par' dir='ltr' id='par_1_59' title="bbox 271 3305 1888 3382">
     <span class='ocr_line' id='line_1_60' title="bbox 271 3305 1888 3382; baseline 0.004 -24"><span class='ocrx_word' id='word_1_479' title='bbox 271 3305 460 3377; x_wconf 74' lang='grc' dir='ltr'>ᾤχετο</span> <span class='ocrx_word' id='word_1_480' title='bbox 504 3306 648 3377; x_wconf 84' lang='grc' dir='ltr'>πρὸς</span> <span class='ocrx_word' id='word_1_481' title='bbox 699 3307 1028 3373; x_wconf 88' lang='grc' dir='ltr'>ἀπόστασιν,</span> <span class='ocrx_word' id='word_1_482' title='bbox 1084 3308 1201 3362; x_wconf 87' lang='grc' dir='ltr'>ἀλλ’</span> <span class='ocrx_word' id='word_1_483' title='bbox 1246 3308 1348 3362; x_wconf 78' lang='grc' dir='ltr'>οὐκ</span> <span class='ocrx_word' id='word_1_484' title='bbox 1382 3310 1620 3382; x_wconf 81' lang='grc' dir='ltr'>ἀζήμιον</span> <span class='ocrx_word' id='word_1_485' title='bbox 1655 3310 1807 3365; x_wconf 74' lang='grc' dir='ltr'>ἔσται</span> <span class='ocrx_word' id='word_1_486' title='bbox 1839 3311 1888 3365; x_wconf 75' lang='grc' dir='ltr'><strong>τί</strong></span> 
     </span>
    </p>
   </div>
   <div class='ocr_carea' id='block_1_60' title="bbox 1981 3305 3598 3384">
    <p class='ocr_par' dir='ltr' id='par_1_60' title="bbox 2010 3312 3598 3384">
     <span class='ocr_line' id='line_1_61' title="bbox 2010 3312 3598 3384; baseline 0.009 -19"><span class='ocrx_word' id='word_1_487' title='bbox 2010 3312 2261 3382; x_wconf 87' lang='lat' dir='ltr'><strong>captivus</strong></span> <span class='ocrx_word' id='word_1_488' title='bbox 2291 3323 2344 3368; x_wconf 90' lang='lat' dir='ltr'><strong>et</strong></span> <span class='ocrx_word' id='word_1_489' title='bbox 2373 3315 2609 3370; x_wconf 79' lang='lat' dir='ltr'><strong>extorris</strong></span> <span class='ocrx_word' id='word_1_490' title='bbox 2653 3316 2849 3384; x_wconf 88' lang='lat' dir='ltr'><strong>patria,</strong></span> <span class='ocrx_word' id='word_1_491' title='bbox 2897 3315 3189 3374; x_wconf 89' lang='lat' dir='ltr'><strong>Persarum</strong></span> <span class='ocrx_word' id='word_1_492' title='bbox 3226 3335 3290 3374; x_wconf 89' lang='lat' dir='ltr'><strong>ac</strong></span> <span class='ocrx_word' id='word_1_493' title='bbox 3319 3319 3598 3380; x_wconf 85' lang='lat' dir='ltr'><strong>Medorum</strong></span> 
     </span>
    </p>
   </div>
   <div class='ocr_carea' id='block_1_61' title="bbox 273 3399 1890 3480">
    <p class='ocr_par' dir='ltr' id='par_1_61' title="bbox 273 3399 1890 3474">
     <span class='ocr_line' id='line_1_62' title="bbox 273 3399 1890 3474; baseline 0.002 -20"><span class='ocrx_word' id='word_1_494' title='bbox 273 3399 603 3471; x_wconf 74' lang='grc' dir='ltr'>ἐγχείρημα</span> <span class='ocrx_word' id='word_1_495' title='bbox 629 3399 800 3470; x_wconf 82' lang='grc' dir='ltr'>αὐτῷ.</span> <span class='ocrx_word' id='word_1_496' title='bbox 845 3399 1235 3454; x_wconf 84' lang='grc' dir='ltr'>Ἀπελεύσεται</span> <span class='ocrx_word' id='word_1_497' title='bbox 1266 3401 1375 3472; x_wconf 75' lang='grc' dir='ltr'><strong>γὰρ</strong></span> <span class='ocrx_word' id='word_1_498' title='bbox 1406 3402 1774 3474; x_wconf 83' lang='grc' dir='ltr'>αἰχμάλωτος,</span> <span class='ocrx_word' id='word_1_499' title='bbox 1805 3405 1890 3458; x_wconf 64' lang='grc' dir='ltr'>καὶ</span> 
     </span>
    </p>
   </div>
   <div class='ocr_carea' id='block_1_62' title="bbox 1982 3399 3599 3480">
    <p class='ocr_par' dir='ltr' id='par_1_62' title="bbox 2011 3405 3599 3480">
     <span class='ocr_line' id='line_1_63' title="bbox 2011 3405 3599 3480; baseline 0.011 -23"><span class='ocrx_word' id='word_1_500' title='bbox 2011 3412 2188 3460; x_wconf 90' lang='lat' dir='ltr'><strong>terras</strong></span> <span class='ocrx_word' id='word_1_501' title='bbox 2241 3405 2530 3471; x_wconf 89' lang='lat' dir='ltr'><strong>habitabit,</strong></span> <span class='ocrx_word' id='word_1_502' title='bbox 2581 3422 2688 3462; x_wconf 90' lang='lat' dir='ltr'><strong>non</strong></span> <span class='ocrx_word' id='word_1_503' title='bbox 2738 3409 2973 3480; x_wconf 90' lang='lat' dir='ltr'><strong>amplius</strong></span> <span class='ocrx_word' id='word_1_504' title='bbox 3022 3414 3200 3468; x_wconf 84' lang='lat' dir='ltr'><strong>audax</strong></span> <span class='ocrx_word' id='word_1_505' title='bbox 3273 3426 3328 3471; x_wconf 86' lang='lat' dir='ltr'><strong>et</strong></span> <span class='ocrx_word' id='word_1_506' title='bbox 3377 3417 3599 3475; x_wconf 74' lang='lat' dir='ltr'><strong>eiIrenia</strong></span> 
     </span>
    </p>
   </div>
   <div class='ocr_carea' id='block_1_63' title="bbox 272 3490 1889 3580">
    <p class='ocr_par' dir='ltr' id='par_1_63' title="bbox 272 3490 1889 3564">
     <span class='ocr_line' id='line_1_64' title="bbox 272 3490 1889 3564; baseline 0.001 -19"><span class='ocrx_word' id='word_1_507' title='bbox 272 3493 379 3564; x_wconf 77' lang='grc' dir='ltr'>τὴν</span> <span class='ocrx_word' id='word_1_508' title='bbox 468 3490 814 3560; x_wconf 79' lang='grc' dir='ltr'>ἐνεγκοῦσαν</span> <span class='ocrx_word' id='word_1_509' title='bbox 869 3491 1051 3560; x_wconf 75' lang='grc' dir='ltr'>ἀφεὶς,</span> <span class='ocrx_word' id='word_1_510' title='bbox 1108 3491 1208 3564; x_wconf 79' lang='grc' dir='ltr'><strong>τὴν</strong></span> <span class='ocrx_word' id='word_1_511' title='bbox 1263 3493 1492 3564; x_wconf 83' lang='grc' dir='ltr'>Περσῶν</span> <span class='ocrx_word' id='word_1_512' title='bbox 1545 3493 1641 3546; x_wconf 77' lang='grc' dir='ltr'>καὶ</span> <span class='ocrx_word' id='word_1_513' title='bbox 1698 3495 1889 3562; x_wconf 73' lang='grc' dir='ltr'>Μήδων</span> 
     </span>
    </p>
   </div>
   <div class='ocr_carea' id='block_1_64' title="bbox 1980 3490 3597 3580">
    <p class='ocr_par' dir='ltr' id='par_1_64' title="bbox 2008 3498 3597 3580">
     <span class='ocr_line' id='line_1_65' title="bbox 2008 3498 3597 3580; baseline 0.012 -33"><span class='ocrx_word' id='word_1_514' title='bbox 2008 3498 2432 3565; x_wconf 86' lang='lat' dir='ltr'><strong>quodammodo,</strong></span> <span class='ocrx_word' id='word_1_515' title='bbox 2469 3507 2524 3553; x_wconf 90' lang='lat' dir='ltr'><strong>et</strong></span> <span class='ocrx_word' id='word_1_516' title='bbox 2558 3513 2589 3553; x_wconf 90' lang='lat' dir='ltr'><strong>a</strong></span> <span class='ocrx_word' id='word_1_517' title='bbox 2619 3515 2783 3572; x_wconf 82' lang='lat' dir='ltr'><strong>grege</strong></span> <span class='ocrx_word' id='word_1_518' title='bbox 2817 3517 2876 3558; x_wconf 89' lang='lat' dir='ltr'><strong>se</strong></span> <span class='ocrx_word' id='word_1_519' title='bbox 2905 3504 3222 3578; x_wconf 81' lang='lat' dir='ltr'><strong>disjungens</strong></span> <span class='ocrx_word' id='word_1_520' title='bbox 3254 3508 3413 3580; x_wconf 88' lang='lat' dir='ltr'><strong>(talis</strong></span> <span class='ocrx_word' id='word_1_521' title='bbox 3451 3511 3597 3566; x_wconf 89' lang='lat' dir='ltr'><strong>enim</strong></span> 
     </span>
    </p>
   </div>
   <div class='ocr_carea' id='block_1_65' title="bbox 270 3581 1887 3665">
    <p class='ocr_par' dir='ltr' id='par_1_65' title="bbox 270 3581 1887 3655">
     <span class='ocr_line' id='line_1_66' title="bbox 270 3581 1887 3655; baseline -0.001 -18"><span class='ocrx_word' id='word_1_522' title='bbox 270 3583 688 3655; x_wconf 78' lang='grc' dir='ltr'>νεμηθήσεται.</span> <span class='ocrx_word' id='word_1_523' title='bbox 723 3582 924 3635; x_wconf 76' lang='grc' dir='ltr'>Οὐκέτι</span> <span class='ocrx_word' id='word_1_524' title='bbox 964 3581 1191 3654; x_wconf 82' lang='grc' dir='ltr'>Θρασὺς,</span> <span class='ocrx_word' id='word_1_525' title='bbox 1223 3582 1316 3635; x_wconf 73' lang='grc' dir='ltr'><strong>καὶ</strong></span> <span class='ocrx_word' id='word_1_526' title='bbox 1350 3583 1634 3647; x_wconf 86' lang='grc' dir='ltr'>οἰονείπως</span> <span class='ocrx_word' id='word_1_527' title='bbox 1662 3582 1887 3654; x_wconf 70' lang='grc' dir='ltr'><strong>ἐξὴνιος1</strong></span> 
     </span>
    </p>
   </div>
   <div class='ocr_carea' id='block_1_66' title="bbox 1976 3581 3593 3665">
    <p class='ocr_par' dir='ltr' id='par_1_66' title="bbox 2007 3595 3593 3665">
     <span class='ocr_line' id='line_1_67' title="bbox 2007 3595 3593 3665; baseline 0.009 -22"><span class='ocrx_word' id='word_1_528' title='bbox 2007 3603 2222 3658; x_wconf 87' lang='lat' dir='ltr'><strong>semper</strong></span> <span class='ocrx_word' id='word_1_529' title='bbox 2251 3601 2336 3646; x_wconf 83' lang='lat' dir='ltr'><strong>est</strong></span> <span class='ocrx_word' id='word_1_530' title='bbox 2369 3605 2534 3646; x_wconf 83' lang='lat' dir='ltr'><strong>vacca</strong></span> <span class='ocrx_word' id='word_1_531' title='bbox 2565 3601 2736 3648; x_wconf 59' lang='lat' dir='ltr'><strong>(nstro</strong></span> <span class='ocrx_word' id='word_1_532' title='bbox 2771 3595 3095 3665; x_wconf 84' lang='lat' dir='ltr'><strong>stimulata),</strong></span> <span class='ocrx_word' id='word_1_533' title='bbox 3133 3599 3228 3653; x_wconf 89' lang='lat' dir='ltr'><strong>sed</strong></span> <span class='ocrx_word' id='word_1_534' title='bbox 3270 3599 3464 3656; x_wconf 89' lang='lat' dir='ltr'><strong>similis</strong></span> <span class='ocrx_word' id='word_1_535' title='bbox 3494 3604 3593 3658; x_wconf 87' lang='lat' dir='ltr'><strong>erit</strong></span> 
     </span>
    </p>
   </div>
   <div class='ocr_carea' id='block_1_67' title="bbox 271 3674 1888 3758">
    <p class='ocr_par' dir='ltr' id='par_1_67' title="bbox 271 3674 1888 3748">
     <span class='ocr_line' id='line_1_68' title="bbox 271 3674 1888 3748; baseline -0.001 -18"><span class='ocrx_word' id='word_1_536' title='bbox 271 3677 367 3730; x_wconf 75' lang='grc' dir='ltr'>καὶ</span> <span class='ocrx_word' id='word_1_537' title='bbox 416 3674 773 3746; x_wconf 83' lang='grc' dir='ltr'>ἁτιμαγέ).ης</span> <span class='ocrx_word' id='word_1_538' title='bbox 819 3674 1082 3747; x_wconf 85' lang='grc' dir='ltr'>(τοιαύτη</span> <span class='ocrx_word' id='word_1_539' title='bbox 1119 3674 1229 3746; x_wconf 86' lang='grc' dir='ltr'><strong>γὰρ</strong></span> <span class='ocrx_word' id='word_1_540' title='bbox 1258 3675 1466 3740; x_wconf 88' lang='grc' dir='ltr'>ἀείπως</span> <span class='ocrx_word' id='word_1_541' title='bbox 1497 3676 1646 3728; x_wconf 72' lang='grc' dir='ltr'>ἐστὶν</span> <span class='ocrx_word' id='word_1_542' title='bbox 1684 3677 1717 3746; x_wconf 89' lang='grc' dir='ltr'><strong>ή</strong></span> <span class='ocrx_word' id='word_1_543' title='bbox 1758 3693 1888 3748; x_wconf 86' lang='grc' dir='ltr'>παρ-</span> 
     </span>
    </p>
   </div>
   <div class='ocr_carea' id='block_1_68' title="bbox 1975 3674 3592 3758">
    <p class='ocr_par' dir='ltr' id='par_1_68' title="bbox 2007 3679 3592 3758">
     <span class='ocr_line' id='line_1_69' title="bbox 2007 3679 3592 3758; baseline 0.011 -27"><span class='ocrx_word' id='word_1_544' title='bbox 2007 3679 2162 3748; x_wconf 83' lang='lat' dir='ltr'><strong>agnis</strong></span> <span class='ocrx_word' id='word_1_545' title='bbox 2187 3683 2668 3738; x_wconf 89' lang='lat' dir='ltr'><strong>mansuetissimis.</strong></span> <span class='ocrx_word' id='word_1_546' title='bbox 2699 3683 2928 3756; x_wconf 89' lang='lat' dir='ltr'><strong>Semper</strong></span> <span class='ocrx_word' id='word_1_547' title='bbox 2951 3689 3097 3743; x_wconf 88' lang='lat' dir='ltr'><strong>enim</strong></span> <span class='ocrx_word' id='word_1_548' title='bbox 3120 3691 3318 3758; x_wconf 86' lang='lat' dir='ltr'><strong>captivi</strong></span> <span class='ocrx_word' id='word_1_549' title='bbox 3342 3691 3592 3758; x_wconf 88' lang='lat' dir='ltr'><strong>humiles,</strong></span> 
     </span>
    </p>
   </div>
   <div class='ocr_carea' id='block_1_69' title="bbox 275 3762 1892 3850">
    <p class='ocr_par' dir='ltr' id='par_1_69' title="bbox 275 3762 1892 3836">
     <span class='ocr_line' id='line_1_70' title="bbox 275 3762 1892 3836; baseline 0.002 -19"><span class='ocrx_word' id='word_1_550' title='bbox 275 3762 566 3833; x_wconf 76' lang='grc' dir='ltr'>οιστρῶσα</span> <span class='ocrx_word' id='word_1_551' title='bbox 649 3763 948 3835; x_wconf 83' lang='grc' dir='ltr'>δάμαλις),</span> <span class='ocrx_word' id='word_1_552' title='bbox 1006 3764 1122 3818; x_wconf 83' lang='grc' dir='ltr'>ἀλλ’</span> <span class='ocrx_word' id='word_1_553' title='bbox 1197 3766 1256 3819; x_wconf 83' lang='grc' dir='ltr'>ὲν</span> <span class='ocrx_word' id='word_1_554' title='bbox 1312 3765 1412 3836; x_wconf 77' lang='grc' dir='ltr'>ἴσῳ</span> <span class='ocrx_word' id='word_1_555' title='bbox 1482 3765 1725 3836; x_wconf 87' lang='grc' dir='ltr'>γεγονὼς</span> <span class='ocrx_word' id='word_1_556' title='bbox 1784 3769 1892 3832; x_wconf 86' lang='grc' dir='ltr'>τοῖς</span> 
     </span>
    </p>
   </div>
   <div class='ocr_carea' id='block_1_70' title="bbox 1976 3762 3593 3850">
    <p class='ocr_par' dir='ltr' id='par_1_70' title="bbox 2005 3769 3593 3850">
     <span class='ocr_line' id='line_1_71' title="bbox 2005 3769 3593 3850; baseline 0.011 -28"><span class='ocrx_word' id='word_1_557' title='bbox 2005 3777 2060 3822; x_wconf 88' lang='lat' dir='ltr'><strong>et</strong></span> <span class='ocrx_word' id='word_1_558' title='bbox 2082 3769 2406 3836; x_wconf 85' lang='lat' dir='ltr'><strong>meticulosi,</strong></span> <span class='ocrx_word' id='word_1_559' title='bbox 2433 3782 2488 3827; x_wconf 91' lang='lat' dir='ltr'><strong>et</strong></span> <span class='ocrx_word' id='word_1_560' title='bbox 2523 3771 2591 3827; x_wconf 87' lang='lat' dir='ltr'><strong>ab</strong></span> <span class='ocrx_word' id='word_1_561' title='bbox 2619 3774 3090 3832; x_wconf 86' lang='lat' dir='ltr'><strong>incommodorum</strong></span> <span class='ocrx_word' id='word_1_562' title='bbox 3119 3781 3593 3850; x_wconf 87' lang='lat' dir='ltr'><strong>perpetiendorum</strong></span> 
     </span>
    </p>
   </div>
   <div class='ocr_carea' id='block_1_71' title="bbox 275 3856 1892 3946">
    <p class='ocr_par' dir='ltr' id='par_1_71' title="bbox 275 3856 1892 3933">
     <span class='ocr_line' id='line_1_72' title="bbox 275 3856 1892 3933; baseline 0.002 -22"><span class='ocrx_word' id='word_1_563' title='bbox 275 3856 626 3926; x_wconf 77' lang='grc' dir='ltr'>ἡπιωτάτοις</span> <span class='ocrx_word' id='word_1_564' title='bbox 674 3858 891 3927; x_wconf 85' lang='grc' dir='ltr'>ἀμνοϊς.</span> <span class='ocrx_word' id='word_1_565' title='bbox 929 3857 1200 3912; x_wconf 84' lang='grc' dir='ltr'>Ταπεινδν</span> <span class='ocrx_word' id='word_1_566' title='bbox 1244 3856 1354 3928; x_wconf 84' lang='grc' dir='ltr'>γὰρ</span> <span class='ocrx_word' id='word_1_567' title='bbox 1395 3857 1483 3914; x_wconf 69' lang='grc' dir='ltr'><strong>ἀεὶ</strong></span> <span class='ocrx_word' id='word_1_568' title='bbox 1512 3860 1606 3913; x_wconf 64' lang='grc' dir='ltr'><strong>καὶ⁹</strong></span> <span class='ocrx_word' id='word_1_569' title='bbox 1646 3861 1892 3933; x_wconf 82' lang='grc' dir='ltr'>περιδεὲς</span> 
     </span>
    </p>
   </div>
   <div class='ocr_carea' id='block_1_72' title="bbox 1976 3856 3593 3946">
    <p class='ocr_par' dir='ltr' id='par_1_72' title="bbox 2009 3861 3593 3946">
     <span class='ocr_line' id='line_1_73' title="bbox 2009 3861 3593 3946; baseline 0.011 -32"><span class='ocrx_word' id='word_1_570' title='bbox 2009 3861 2204 3915; x_wconf 86' lang='lat' dir='ltr'><strong>timore</strong></span> <span class='ocrx_word' id='word_1_571' title='bbox 2238 3861 2382 3916; x_wconf 78' lang='lat' dir='ltr'><strong>haud</strong></span> <span class='ocrx_word' id='word_1_572' title='bbox 2417 3865 2607 3946; x_wconf 90' lang='lat' dir='ltr'><strong>procul</strong></span> <span class='ocrx_word' id='word_1_573' title='bbox 2633 3869 2856 3932; x_wconf 89' lang='lat' dir='ltr'><strong>absunt,</strong></span> <span class='ocrx_word' id='word_1_574' title='bbox 2887 3879 2940 3924; x_wconf 87' lang='lat' dir='ltr'><strong>et</strong></span> <span class='ocrx_word' id='word_1_575' title='bbox 2968 3871 3311 3929; x_wconf 88' lang='lat' dir='ltr'><strong>dominorum</strong></span> <span class='ocrx_word' id='word_1_576' title='bbox 3354 3875 3593 3946; x_wconf 91' lang='lat' dir='ltr'><strong>imperiis</strong></span> 
     </span>
    </p>
   </div>
   <div class='ocr_carea' id='block_1_73' title="bbox 269 3944 1886 4026">
    <p class='ocr_par' dir='ltr' id='par_1_73' title="bbox 269 3949 1886 4023">
     <span class='ocr_line' id='line_1_74' title="bbox 269 3949 1886 4023; baseline 0.002 -19"><span class='ocrx_word' id='word_1_577' title='bbox 269 3950 381 4005; x_wconf 83' lang='grc' dir='ltr'><strong>τῶν</strong></span> <span class='ocrx_word' id='word_1_578' title='bbox 437 3949 815 4021; x_wconf 84' lang='grc' dir='ltr'>αἰχμαλώτων</span> <span class='ocrx_word' id='word_1_579' title='bbox 861 3950 924 4004; x_wconf 86' lang='grc' dir='ltr'>τὸ</span> <span class='ocrx_word' id='word_1_580' title='bbox 961 3951 1185 4023; x_wconf 79' lang='grc' dir='ltr'>χρῆμα,</span> <span class='ocrx_word' id='word_1_581' title='bbox 1232 3951 1327 4005; x_wconf 77' lang='grc' dir='ltr'><strong>καὶ</strong></span> <span class='ocrx_word' id='word_1_582' title='bbox 1371 3954 1471 4022; x_wconf 85' lang='grc' dir='ltr'>τῆς</span> <span class='ocrx_word' id='word_1_583' title='bbox 1515 3952 1610 4006; x_wconf 87' lang='grc' dir='ltr'>τοῦ</span> <span class='ocrx_word' id='word_1_584' title='bbox 1657 3953 1886 4023; x_wconf 79' lang='grc' dir='ltr'>πάσχειν</span> 
     </span>
    </p>
   </div>
   <div class='ocr_carea' id='block_1_74' title="bbox 1949 3944 3566 4026">
    <p class='ocr_par' dir='ltr' id='par_1_74' title="bbox 2003 3944 3566 4026">
     <span class='ocr_line' id='line_1_75' title="bbox 2003 3944 3566 4026; baseline 0.01 -18"><span class='ocrx_word' id='word_1_585' title='bbox 2003 3965 2322 4009; x_wconf 89' lang='lat' dir='ltr'><strong>onerantur.</strong></span> <span class='ocrx_word' id='word_1_586' title='bbox 2377 3944 2682 4026; x_wconf 85' lang='lat' dir='ltr'><strong>Spatiosam</strong></span> <span class='ocrx_word' id='word_1_587' title='bbox 2714 3971 2896 4016; x_wconf 90' lang='lat' dir='ltr'><strong>autem</strong></span> <span class='ocrx_word' id='word_1_588' title='bbox 2946 3963 3237 4020; x_wconf 90' lang='lat' dir='ltr'><strong>Persarum</strong></span> <span class='ocrx_word' id='word_1_589' title='bbox 3287 3944 3566 4025; x_wconf 81' lang='lat' dir='ltr'><strong>Medorum</strong></span> 
     </span>
    </p>
   </div>
   <div class='ocr_carea' id='block_1_75' title="bbox 270 4043 1887 4130">
    <p class='ocr_par' dir='ltr' id='par_1_75' title="bbox 270 4043 1887 4117">
     <span class='ocr_line' id='line_1_76' title="bbox 270 4043 1887 4117; baseline 0.001 -18"><span class='ocrx_word' id='word_1_590' title='bbox 270 4044 467 4108; x_wconf 82' lang='grc' dir='ltr'>κακῶς</span> <span class='ocrx_word' id='word_1_591' title='bbox 503 4043 725 4108; x_wconf 78' lang='grc' dir='ltr'>ἐλπίδος</span> <span class='ocrx_word' id='word_1_592' title='bbox 757 4044 818 4096; x_wconf 74' lang='grc' dir='ltr'>οὐ</span> <span class='ocrx_word' id='word_1_593' title='bbox 859 4043 1103 4115; x_wconf 81' lang='grc' dir='ltr'>μακρὰν,</span> <span class='ocrx_word' id='word_1_594' title='bbox 1147 4045 1243 4098; x_wconf 80' lang='grc' dir='ltr'>καὶ</span> <span class='ocrx_word' id='word_1_595' title='bbox 1284 4047 1350 4116; x_wconf 78' lang='grc' dir='ltr'>τῇ</span> <span class='ocrx_word' id='word_1_596' title='bbox 1400 4045 1510 4099; x_wconf 85' lang='grc' dir='ltr'>τῶν</span> <span class='ocrx_word' id='word_1_597' title='bbox 1545 4047 1887 4117; x_wconf 87' lang='grc' dir='ltr'>κρατούντων</span> 
     </span>
    </p>
   </div>
   <div class='ocr_carea' id='block_1_76' title="bbox 1971 4043 3588 4130">
    <p class='ocr_par' dir='ltr' id='par_1_76' title="bbox 2002 4049 3588 4130">
     <span class='ocr_line' id='line_1_77' title="bbox 2002 4049 3588 4130; baseline 0.011 -30"><span class='ocrx_word' id='word_1_598' title='bbox 2002 4062 2110 4117; x_wconf 89' lang='lat' dir='ltr'><strong>que</strong></span> <span class='ocrx_word' id='word_1_599' title='bbox 2165 4049 2440 4118; x_wconf 82' lang='lat' dir='ltr'><strong>regionem</strong></span> <span class='ocrx_word' id='word_1_600' title='bbox 2510 4051 2774 4120; x_wconf 89' lang='lat' dir='ltr'><strong>appellat,</strong></span> <span class='ocrx_word' id='word_1_601' title='bbox 2827 4058 3214 4122; x_wconf 87' lang='lat' dir='ltr'><strong>propemodum</strong></span> <span class='ocrx_word' id='word_1_602' title='bbox 3281 4058 3588 4130; x_wconf 74' lang='lat' dir='ltr'><strong>huiusmodi</strong></span> 
     </span>
    </p>
   </div>
   <div class='ocr_carea' id='block_1_77' title="bbox 269 4134 1886 4211">
    <p class='ocr_par' dir='ltr' id='par_1_77' title="bbox 269 4134 1886 4211">
     <span class='ocr_line' id='line_1_78' title="bbox 269 4134 1886 4211; baseline 0.002 -22"><span class='ocrx_word' id='word_1_603' title='bbox 269 4134 574 4206; x_wconf 78' lang='grc' dir='ltr'>πλεονεξίᾳ</span> <span class='ocrx_word' id='word_1_604' title='bbox 618 4134 1062 4205; x_wconf 84' lang='grc' dir='ltr'>κατηχθημένον.</span> <span class='ocrx_word' id='word_1_605' title='bbox 1125 4136 1455 4207; x_wconf 80' lang='grc' dir='ltr'>Εὐρύχωρον</span> <span class='ocrx_word' id='word_1_606' title='bbox 1500 4137 1558 4191; x_wconf 86' lang='grc' dir='ltr'>δὲ</span> <span class='ocrx_word' id='word_1_607' title='bbox 1609 4137 1710 4208; x_wconf 80' lang='grc' dir='ltr'><strong>τὴν</strong></span> <span class='ocrx_word' id='word_1_608' title='bbox 1760 4141 1886 4211; x_wconf 83' lang='grc' dir='ltr'><strong>Περ¹</strong></span> 
     </span>
    </p>
   </div>
   <div class='ocr_carea' id='block_1_78' title="bbox 1966 4134 3583 4211">
    <p class='ocr_par' dir='ltr' id='par_1_78' title="bbox 2001 4140 3583 4210">
     <span class='ocr_line' id='line_1_79' title="bbox 2001 4140 3583 4210; baseline 0.01 -17"><span class='ocrx_word' id='word_1_609' title='bbox 2001 4140 2279 4210; x_wconf 88' lang='lat' dir='ltr'><strong>quidpiam</strong></span> <span class='ocrx_word' id='word_1_610' title='bbox 2308 4141 2494 4198; x_wconf 90' lang='lat' dir='ltr'><strong>dicens</strong></span> <span class='ocrx_word' id='word_1_611' title='bbox 2520 4160 2532 4194; x_wconf 91' lang='lat'><strong>:</strong></span> <span class='ocrx_word' id='word_1_612' title='bbox 2557 4142 2615 4198; x_wconf 90' lang='lat' dir='ltr'><strong>In</strong></span> <span class='ocrx_word' id='word_1_613' title='bbox 2652 4153 2795 4200; x_wconf 88' lang='lat' dir='ltr'><strong>terra</strong></span> <span class='ocrx_word' id='word_1_614' title='bbox 2837 4145 2942 4199; x_wconf 87' lang='lat' dir='ltr'><strong>lata</strong></span> <span class='ocrx_word' id='word_1_615' title='bbox 2982 4156 3033 4200; x_wconf 92' lang='lat' dir='ltr'><strong>et</strong></span> <span class='ocrx_word' id='word_1_616' title='bbox 3074 4148 3338 4205; x_wconf 90' lang='lat' dir='ltr'><strong>immensa</strong></span> <span class='ocrx_word' id='word_1_617' title='bbox 3376 4152 3583 4209; x_wconf 86' lang='lat' dir='ltr'><strong>habita-</strong></span> 
     </span>
    </p>
   </div>
   <div class='ocr_carea' id='block_1_79' title="bbox 271 4226 1888 4312">
    <p class='ocr_par' dir='ltr' id='par_1_79' title="bbox 271 4226 1888 4302">
     <span class='ocr_line' id='line_1_80' title="bbox 271 4226 1888 4302; baseline 0.003 -21"><span class='ocrx_word' id='word_1_618' title='bbox 271 4229 386 4281; x_wconf 80' lang='grc' dir='ltr'>σῶν</span> <span class='ocrx_word' id='word_1_619' title='bbox 407 4245 472 4280; x_wconf 90' lang='grc' dir='ltr'><strong>τε</strong></span> <span class='ocrx_word' id='word_1_620' title='bbox 533 4227 631 4280; x_wconf 71' lang='grc' dir='ltr'><strong>καὶ</strong></span> <span class='ocrx_word' id='word_1_621' title='bbox 650 4227 856 4298; x_wconf 83' lang='grc' dir='ltr'>Μήδων</span> <span class='ocrx_word' id='word_1_622' title='bbox 886 4226 1145 4298; x_wconf 79' lang='grc' dir='ltr'>ὀνομάζει</span> <span class='ocrx_word' id='word_1_623' title='bbox 1169 4228 1295 4298; x_wconf 76' lang='grc' dir='ltr'>γῆν,</span> <span class='ocrx_word' id='word_1_624' title='bbox 1333 4228 1619 4302; x_wconf 75' lang='grc' dir='ltr'>μονονουχὶ</span> <span class='ocrx_word' id='word_1_625' title='bbox 1651 4230 1888 4286; x_wconf 79' lang='grc' dir='ltr'>τοιοῦτόν</span> 
     </span>
    </p>
   </div>
   <div class='ocr_carea' id='block_1_80' title="bbox 1972 4226 3589 4312">
    <p class='ocr_par' dir='ltr' id='par_1_80' title="bbox 2001 4234 3589 4312">
     <span class='ocr_line' id='line_1_81' title="bbox 2001 4234 3589 4312; baseline 0.009 -24"><span class='ocrx_word' id='word_1_626' title='bbox 2001 4234 2099 4297; x_wconf 89' lang='lat' dir='ltr'><strong>hit,</strong></span> <span class='ocrx_word' id='word_1_627' title='bbox 2134 4245 2188 4288; x_wconf 84' lang='lat' dir='ltr'><strong>et</strong></span> <span class='ocrx_word' id='word_1_628' title='bbox 2221 4234 2421 4288; x_wconf 86' lang='lat' dir='ltr'><strong>multas</strong></span> <span class='ocrx_word' id='word_1_629' title='bbox 2444 4236 2694 4304; x_wconf 86' lang='lat' dir='ltr'><strong>regiones</strong></span> <span class='ocrx_word' id='word_1_630' title='bbox 2728 4253 2851 4292; x_wconf 90' lang='lat' dir='ltr'><strong>cum</strong></span> <span class='ocrx_word' id='word_1_631' title='bbox 2881 4238 3113 4295; x_wconf 86' lang='lat' dir='ltr'><strong>dominis</strong></span> <span class='ocrx_word' id='word_1_632' title='bbox 3151 4235 3398 4299; x_wconf 80' lang='lat' dir='ltr'><strong>mutabit.</strong></span> <span class='ocrx_word' id='word_1_633' title='bbox 3438 4244 3589 4312; x_wconf 83' lang='lat' dir='ltr'><strong>Quoc</strong></span> 
     </span>
    </p>
   </div>
   <div class='ocr_carea' id='block_1_81' title="bbox 264 4320 1881 4402">
    <p class='ocr_par' dir='ltr' id='par_1_81' title="bbox 264 4320 1881 4398">
     <span class='ocr_line' id='line_1_82' title="bbox 264 4320 1881 4398; baseline 0.003 -24"><span class='ocrx_word' id='word_1_634' title='bbox 264 4338 322 4374; x_wconf 88' lang='grc' dir='ltr'><strong>τι</strong></span> <span class='ocrx_word' id='word_1_635' title='bbox 354 4321 544 4388; x_wconf 77' lang='grc' dir='ltr'>λέγων</span> <span class='ocrx_word' id='word_1_636' title='bbox 569 4337 585 4353; x_wconf 79' lang='grc' dir='ltr'><strong><em>ο</em></strong></span> <span class='ocrx_word' id='word_1_637' title='bbox 636 4320 732 4384; x_wconf 81' lang='grc' dir='ltr'><strong>Εἰς</strong></span> <span class='ocrx_word' id='word_1_638' title='bbox 780 4320 1045 4376; x_wconf 83' lang='grc' dir='ltr'>πλατεῖαν</span> <span class='ocrx_word' id='word_1_639' title='bbox 1082 4323 1177 4375; x_wconf 78' lang='grc' dir='ltr'>καὶ</span> <span class='ocrx_word' id='word_1_640' title='bbox 1216 4323 1597 4395; x_wconf 83' lang='grc' dir='ltr'>ἁκατάληκτον</span> <span class='ocrx_word' id='word_1_641' title='bbox 1650 4325 1881 4398; x_wconf 77' lang='grc' dir='ltr'>νεμηθή·</span> 
     </span>
    </p>
   </div>
   <div class='ocr_carea' id='block_1_82' title="bbox 1969 4320 3586 4402">
    <p class='ocr_par' dir='ltr' id='par_1_82' title="bbox 2001 4326 3586 4402">
     <span class='ocr_line' id='line_1_83' title="bbox 2001 4326 3586 4402; baseline 0.008 -21"><span class='ocrx_word' id='word_1_642' title='bbox 2001 4326 2315 4397; x_wconf 85' lang='lat' dir='ltr'><strong>contingere</strong></span> <span class='ocrx_word' id='word_1_643' title='bbox 2367 4334 2544 4397; x_wconf 83' lang='lat' dir='ltr'><strong>potest</strong></span> <span class='ocrx_word' id='word_1_644' title='bbox 2597 4328 2762 4384; x_wconf 83' lang='lat' dir='ltr'><strong>etiam</strong></span> <span class='ocrx_word' id='word_1_645' title='bbox 2830 4330 3027 4386; x_wconf 64' lang='lat' dir='ltr'><strong>animae</strong></span> <span class='ocrx_word' id='word_1_646' title='bbox 3087 4347 3208 4402; x_wconf 67' lang='lat' dir='ltr'><strong>qua:</strong></span> <span class='ocrx_word' id='word_1_647' title='bbox 3267 4335 3586 4394; x_wconf 83' lang='lat' dir='ltr'><strong>charitatem</strong></span> 
     </span>
    </p>
   </div>
   <div class='ocr_carea' id='block_1_83' title="bbox 267 4413 1884 4502">
    <p class='ocr_par' dir='ltr' id='par_1_83' title="bbox 267 4413 1884 4490">
     <span class='ocr_line' id='line_1_84' title="bbox 267 4413 1884 4490; baseline 0.004 -23"><span class='ocrx_word' id='word_1_648' title='bbox 267 4431 433 4468; x_wconf 81' lang='grc' dir='ltr'>σεται</span> <span class='ocrx_word' id='word_1_649' title='bbox 464 4415 593 4485; x_wconf 81' lang='grc' dir='ltr'>γῆν,</span> <span class='ocrx_word' id='word_1_650' title='bbox 631 4413 726 4467; x_wconf 72' lang='grc' dir='ltr'>καὶ</span> <span class='ocrx_word' id='word_1_651' title='bbox 769 4414 973 4477; x_wconf 78' lang='grc' dir='ltr'>πολλὰς</span> <span class='ocrx_word' id='word_1_652' title='bbox 997 4414 1221 4485; x_wconf 73' lang='grc' dir='ltr'>ἀμείψει</span> <span class='ocrx_word' id='word_1_653' title='bbox 1251 4416 1480 4490; x_wconf 84' lang='grc' dir='ltr'>χωρίας,</span> <span class='ocrx_word' id='word_1_654' title='bbox 1509 4417 1569 4472; x_wconf 77' lang='grc' dir='ltr'>οὐ</span> <span class='ocrx_word' id='word_1_655' title='bbox 1604 4417 1694 4472; x_wconf 75' lang='grc' dir='ltr'><strong>τὸν</strong></span> <span class='ocrx_word' id='word_1_656' title='bbox 1727 4419 1884 4473; x_wconf 75' lang='grc' dir='ltr'>αὑτὸν</span> 
     </span>
    </p>
   </div>
   <div class='ocr_carea' id='block_1_84' title="bbox 1969 4413 3586 4502">
    <p class='ocr_par' dir='ltr' id='par_1_84' title="bbox 1999 4419 3586 4502">
     <span class='ocr_line' id='line_1_85' title="bbox 1999 4419 3586 4502; baseline 0.009 -27"><span class='ocrx_word' id='word_1_657' title='bbox 1999 4435 2126 4491; x_wconf 79' lang='lat' dir='ltr'><strong>erga</strong></span> <span class='ocrx_word' id='word_1_658' title='bbox 2155 4419 2328 4475; x_wconf 89' lang='lat' dir='ltr'><strong>Deum</strong></span> <span class='ocrx_word' id='word_1_659' title='bbox 2355 4420 2626 4493; x_wconf 83' lang='lat' dir='ltr'><strong>neglexit;</strong></span> <span class='ocrx_word' id='word_1_660' title='bbox 2653 4422 3056 4496; x_wconf 84' lang='lat' dir='ltr'><strong>circumagetur</strong></span> <span class='ocrx_word' id='word_1_661' title='bbox 3087 4427 3230 4481; x_wconf 90' lang='lat' dir='ltr'><strong>enim</strong></span> <span class='ocrx_word' id='word_1_662' title='bbox 3264 4437 3586 4502; x_wconf 78' lang='lat' dir='ltr'><strong>quaeunque</strong></span> 
     </span>
    </p>
   </div>
   <div class='ocr_carea' id='block_1_85' title="bbox 268 4505 1885 4591">
    <p class='ocr_par' dir='ltr' id='par_1_85' title="bbox 268 4505 1885 4581">
     <span class='ocr_line' id='line_1_86' title="bbox 268 4505 1885 4581; baseline 0.004 -23"><span class='ocrx_word' id='word_1_663' title='bbox 268 4507 414 4577; x_wconf 79' lang='grc' dir='ltr'>ἔχων</span> <span class='ocrx_word' id='word_1_664' title='bbox 463 4506 557 4558; x_wconf 69' lang='grc' dir='ltr'>ἀεὶ</span> <span class='ocrx_word' id='word_1_665' title='bbox 590 4505 888 4571; x_wconf 87' lang='grc' dir='ltr'>δεσπότην,</span> <span class='ocrx_word' id='word_1_666' title='bbox 935 4505 1072 4560; x_wconf 82' lang='grc' dir='ltr'>ἀλλὰ</span> <span class='ocrx_word' id='word_1_667' title='bbox 1111 4507 1248 4578; x_wconf 79' lang='grc' dir='ltr'>πρὸς</span> <span class='ocrx_word' id='word_1_668' title='bbox 1301 4508 1401 4579; x_wconf 83' lang='grc' dir='ltr'><strong>τὴν</strong></span> <span class='ocrx_word' id='word_1_669' title='bbox 1451 4507 1546 4562; x_wconf 77' lang='grc' dir='ltr'>τοῦ</span> <span class='ocrx_word' id='word_1_670' title='bbox 1597 4509 1885 4581; x_wconf 82' lang='grc' dir='ltr'>δεχομένου</span> 
     </span>
    </p>
   </div>
   <div class='ocr_carea' id='block_1_86' title="bbox 1968 4505 3585 4591">
    <p class='ocr_par' dir='ltr' id='par_1_86' title="bbox 2009 4515 3585 4591">
     <span class='ocr_line' id='line_1_87' title="bbox 2009 4515 3585 4591; baseline 0.009 -23"><span class='ocrx_word' id='word_1_671' title='bbox 2009 4516 2227 4569; x_wconf 87' lang='lat' dir='ltr'><strong>tandem</strong></span> <span class='ocrx_word' id='word_1_672' title='bbox 2265 4515 2599 4570; x_wconf 68' lang='lat' dir='ltr'><strong>daemonibus</strong></span> <span class='ocrx_word' id='word_1_673' title='bbox 2641 4517 2948 4573; x_wconf 89' lang='lat' dir='ltr'><strong>collibuerit</strong></span> <span class='ocrx_word' id='word_1_674' title='bbox 3005 4520 3240 4591; x_wconf 89' lang='lat' dir='ltr'><strong>captiva,</strong></span> <span class='ocrx_word' id='word_1_675' title='bbox 3289 4523 3486 4580; x_wconf 87' lang='lat' dir='ltr'><strong>misera</strong></span> <span class='ocrx_word' id='word_1_676' title='bbox 3533 4534 3585 4581; x_wconf 81' lang='lat' dir='ltr'><strong>ct</strong></span> 
     </span>
    </p>
   </div>
   <div class='ocr_carea' id='block_1_87' title="bbox 271 4599 1888 4681">
    <p class='ocr_par' dir='ltr' id='par_1_87' title="bbox 271 4599 1886 4676">
     <span class='ocr_line' id='line_1_88' title="bbox 271 4599 1886 4676; baseline 0.003 -24"><span class='ocrx_word' id='word_1_677' title='bbox 271 4601 772 4671; x_wconf 81' lang='grc' dir='ltr'>μετανιστάμενος.</span> <span class='ocrx_word' id='word_1_678' title='bbox 807 4599 980 4654; x_wconf 81' lang='grc' dir='ltr'>Πάθοι</span> <span class='ocrx_word' id='word_1_679' title='bbox 1018 4599 1063 4654; x_wconf 90' lang='grc' dir='ltr'>δ’</span> <span class='ocrx_word' id='word_1_680' title='bbox 1092 4600 1158 4655; x_wconf 84' lang='grc' dir='ltr'>ἂν</span> <span class='ocrx_word' id='word_1_681' title='bbox 1194 4599 1352 4653; x_wconf 80' lang='grc' dir='ltr'>τοῦτο</span> <span class='ocrx_word' id='word_1_682' title='bbox 1389 4600 1522 4654; x_wconf 79' lang='grc' dir='ltr'>αὐτὸ</span> <span class='ocrx_word' id='word_1_683' title='bbox 1556 4602 1652 4654; x_wconf 74' lang='grc' dir='ltr'>καὶ</span> <span class='ocrx_word' id='word_1_684' title='bbox 1676 4603 1886 4676; x_wconf 79' lang='grc' dir='ltr'>ἀνθρώ-</span> 
     </span>
    </p>
   </div>
   <div class='ocr_carea' id='block_1_88' title="bbox 1965 4599 3582 4681">
    <p class='ocr_par' dir='ltr' id='par_1_88' title="bbox 1995 4605 3582 4681">
     <span class='ocr_line' id='line_1_89' title="bbox 1995 4605 3582 4681; baseline 0.007 -21"><span class='ocrx_word' id='word_1_685' title='bbox 1995 4605 2246 4661; x_wconf 89' lang='lat' dir='ltr'><strong>imbellis.</strong></span> <span class='ocrx_word' id='word_1_686' title='bbox 2287 4607 2467 4676; x_wconf 82' lang='lat' dir='ltr'><strong>Atque</strong></span> <span class='ocrx_word' id='word_1_687' title='bbox 2513 4607 2738 4680; x_wconf 90' lang='lat' dir='ltr'><strong>insuper</strong></span> <span class='ocrx_word' id='word_1_688' title='bbox 2772 4611 2896 4681; x_wconf 86' lang='lat' dir='ltr'><strong>jure</strong></span> <span class='ocrx_word' id='word_1_689' title='bbox 2924 4612 3109 4667; x_wconf 84' lang='lat' dir='ltr'><strong>audiet</strong></span> <span class='ocrx_word' id='word_1_690' title='bbox 3142 4627 3172 4667; x_wconf 92' lang='lat' dir='ltr'><strong>a</strong></span> <span class='ocrx_word' id='word_1_691' title='bbox 3204 4612 3314 4670; x_wconf 90' lang='lat' dir='ltr'><strong>Deo</strong></span> <span class='ocrx_word' id='word_1_692' title='bbox 3345 4634 3360 4672; x_wconf 88' lang='lat'>:</span> <span class='ocrx_word' id='word_1_693' title='bbox 3396 4634 3416 4668; x_wconf 83' lang='grc' dir='ltr'><strong>ι</strong></span> <span class='ocrx_word' id='word_1_694' title='bbox 3451 4617 3582 4672; x_wconf 83' lang='lat' dir='ltr'><strong>Eru-</strong></span> 
     </span>
    </p>
   </div>
   <div class='ocr_carea' id='block_1_89' title="bbox 269 4692 1886 4768">
    <p class='ocr_par' dir='ltr' id='par_1_89' title="bbox 269 4692 1884 4767">
     <span class='ocr_line' id='line_1_90' title="bbox 269 4692 1884 4767; baseline 0.006 -23"><span class='ocrx_word' id='word_1_695' title='bbox 269 4711 374 4746; x_wconf 81' lang='grc' dir='ltr'><strong>που</strong></span> <span class='ocrx_word' id='word_1_696' title='bbox 411 4692 591 4763; x_wconf 74' lang='grc' dir='ltr'>ψυχὴ,</span> <span class='ocrx_word' id='word_1_697' title='bbox 638 4693 742 4762; x_wconf 71' lang='grc' dir='ltr'>τῆς</span> <span class='ocrx_word' id='word_1_698' title='bbox 768 4693 906 4764; x_wconf 84' lang='grc' dir='ltr'>πρὸς</span> <span class='ocrx_word' id='word_1_699' title='bbox 935 4693 1027 4748; x_wconf 80' lang='grc' dir='ltr'>τὸν</span> <span class='ocrx_word' id='word_1_700' title='bbox 1055 4693 1189 4748; x_wconf 82' lang='grc' dir='ltr'>Θεὸν</span> <span class='ocrx_word' id='word_1_701' title='bbox 1219 4693 1442 4765; x_wconf 84' lang='grc' dir='ltr'>ἀγάπης</span> <span class='ocrx_word' id='word_1_702' title='bbox 1473 4695 1884 4767; x_wconf 80' lang='grc' dir='ltr'>ὀλιγωρήσασα.</span> 
     </span>
    </p>
   </div>
   <div class='ocr_carea' id='block_1_90' title="bbox 1968 4692 3585 4768">
    <p class='ocr_par' dir='ltr' id='par_1_90' title="bbox 1994 4699 3585 4768">
     <span class='ocr_line' id='line_1_91' title="bbox 1994 4699 3585 4768; baseline 0.009 -17"><span class='ocrx_word' id='word_1_703' title='bbox 1994 4699 2106 4752; x_wconf 88' lang='lat' dir='ltr'><strong>dict</strong></span> <span class='ocrx_word' id='word_1_704' title='bbox 2164 4705 2216 4752; x_wconf 92' lang='lat' dir='ltr'><strong>te</strong></span> <span class='ocrx_word' id='word_1_705' title='bbox 2271 4699 2545 4767; x_wconf 87' lang='lat' dir='ltr'><strong>apostasia</strong></span> <span class='ocrx_word' id='word_1_706' title='bbox 2598 4709 2726 4768; x_wconf 89' lang='lat' dir='ltr'><strong>tua,</strong></span> <span class='ocrx_word' id='word_1_707' title='bbox 2774 4711 2828 4757; x_wconf 88' lang='lat' dir='ltr'><strong>et</strong></span> <span class='ocrx_word' id='word_1_708' title='bbox 2880 4703 3081 4758; x_wconf 89' lang='lat' dir='ltr'><strong>malitia</strong></span> <span class='ocrx_word' id='word_1_709' title='bbox 3123 4713 3212 4759; x_wconf 89' lang='lat' dir='ltr'><strong>tua</strong></span> <span class='ocrx_word' id='word_1_710' title='bbox 3278 4714 3330 4762; x_wconf 87' lang='lat' dir='ltr'><strong>te</strong></span> <span class='ocrx_word' id='word_1_711' title='bbox 3395 4709 3585 4765; x_wconf 88' lang='lat' dir='ltr'><strong>redar-</strong></span> 
     </span>
    </p>
   </div>
   <div class='ocr_carea' id='block_1_91' title="bbox 268 4785 2266 4862">
    <p class='ocr_par' dir='ltr' id='par_1_91' title="bbox 268 4785 2266 4862">
     <span class='ocr_line' id='line_1_92' title="bbox 268 4785 2266 4862; baseline 0.001 -22"><span class='ocrx_word' id='word_1_712' title='bbox 268 4787 781 4860; x_wconf 72' lang='grc' dir='ltr'>Περιενεχϐήσεται</span> <span class='ocrx_word' id='word_1_713' title='bbox 811 4785 921 4858; x_wconf 80' lang='grc' dir='ltr'><strong>γὰρ</strong></span> <span class='ocrx_word' id='word_1_714' title='bbox 949 4787 1030 4852; x_wconf 83' lang='grc' dir='ltr'><strong>εἰς</strong></span> <span class='ocrx_word' id='word_1_715' title='bbox 1069 4789 1177 4842; x_wconf 83' lang='grc' dir='ltr'><strong>πᾶν</strong></span> <span class='ocrx_word' id='word_1_716' title='bbox 1207 4786 1388 4842; x_wconf 78' lang='grc' dir='ltr'>ὁτιοῦν</span> <span class='ocrx_word' id='word_1_717' title='bbox 1419 4786 1527 4842; x_wconf 82' lang='grc' dir='ltr'>τῶν</span> <span class='ocrx_word' id='word_1_718' title='bbox 1556 4791 1668 4852; x_wconf 79' lang='grc' dir='ltr'>τοῖς</span> <span class='ocrx_word' id='word_1_719' title='bbox 1695 4790 1878 4862; x_wconf 85' lang='grc' dir='ltr'>δαιμο-</span> <span class='ocrx_word' id='word_1_720' title='bbox 1995 4801 2120 4861; x_wconf 81' lang='lat' dir='ltr'><strong>guet</strong></span> <span class='ocrx_word' id='word_1_721' title='bbox 2146 4791 2214 4846; x_wconf 83' lang='grc'><strong>³⁷.</strong></span> <span class='ocrx_word' id='word_1_722' title='bbox 2247 4809 2266 4842; x_wconf 73' lang='grc' dir='ltr'><strong>ι</strong></span> 
     </span>
    </p>
   </div>
   <div class='ocr_carea' id='block_1_92' title="bbox 267 4883 3584 4971">
    <p class='ocr_par' dir='ltr' id='par_1_92' title="bbox 267 4883 3584 4971">
     <span class='ocr_line' id='line_1_93' title="bbox 267 4883 3584 4971; baseline 0.006 -35"><span class='ocrx_word' id='word_1_723' title='bbox 267 4883 404 4947; x_wconf 81' lang='grc' dir='ltr'>νίοις</span> <span class='ocrx_word' id='word_1_724' title='bbox 471 4883 879 4952; x_wconf 76' lang='grc' dir='ltr'>ἡγαπημένων.</span> <span class='ocrx_word' id='word_1_725' title='bbox 941 4884 1320 4954; x_wconf 77' lang='grc' dir='ltr'>Αἰχμάλωτος,</span> <span class='ocrx_word' id='word_1_726' title='bbox 1382 4885 1478 4938; x_wconf 75' lang='grc' dir='ltr'>καὶ</span> <span class='ocrx_word' id='word_1_727' title='bbox 1543 4884 1713 4956; x_wconf 85' lang='grc' dir='ltr'>δειλὴ,</span> <span class='ocrx_word' id='word_1_728' title='bbox 1784 4888 1880 4942; x_wconf 80' lang='grc' dir='ltr'>καὶ</span> <span class='ocrx_word' id='word_1_729' title='bbox 1949 4888 2198 4952; x_wconf 82' lang='grc' dir='ltr'>ἄναλκις,</span> <span class='ocrx_word' id='word_1_730' title='bbox 2267 4890 2363 4942; x_wconf 84' lang='grc' dir='ltr'>καὶ</span> <span class='ocrx_word' id='word_1_731' title='bbox 2412 4889 2476 4962; x_wconf 81' lang='grc' dir='ltr'>δὴ</span> <span class='ocrx_word' id='word_1_732' title='bbox 2524 4891 2620 4945; x_wconf 76' lang='grc' dir='ltr'>καὶ</span> <span class='ocrx_word' id='word_1_733' title='bbox 2698 4891 2924 4958; x_wconf 88' lang='grc' dir='ltr'>δικαίως</span> <span class='ocrx_word' id='word_1_734' title='bbox 2971 4895 3267 4953; x_wconf 83' lang='grc' dir='ltr'>ἀκούσεται</span> <span class='ocrx_word' id='word_1_735' title='bbox 3334 4897 3584 4971; x_wconf 78' lang='grc' dir='ltr'>λέγοντος</span> 
     </span>
    </p>
   </div>
   <div class='ocr_carea' id='block_1_93' title="bbox 264 4975 2416 5052">
    <p class='ocr_par' dir='ltr' id='par_1_93' title="bbox 264 4975 2416 5052">
     <span class='ocr_line' id='line_1_94' title="bbox 264 4975 2416 5052; baseline 0.001 -21"><span class='ocrx_word' id='word_1_736' title='bbox 264 4975 405 5031; x_wconf 82' lang='grc' dir='ltr'>Θεοῦ</span> <span class='ocrx_word' id='word_1_737' title='bbox 429 4994 445 5006; x_wconf 78' lang='grc' dir='ltr'><strong><em>ο</em></strong></span> <span class='ocrx_word' id='word_1_738' title='bbox 490 4995 511 5028; x_wconf 77' lang='grc' dir='ltr'><strong>ι</strong></span> <span class='ocrx_word' id='word_1_739' title='bbox 543 4975 838 5028; x_wconf 86' lang='grc' dir='ltr'>Παιδεύσει</span> <span class='ocrx_word' id='word_1_740' title='bbox 868 4993 927 5028; x_wconf 89' lang='grc' dir='ltr'><strong>σε</strong></span> <span class='ocrx_word' id='word_1_741' title='bbox 957 4977 990 5048; x_wconf 80' lang='grc' dir='ltr'>ἡ</span> <span class='ocrx_word' id='word_1_742' title='bbox 1021 4977 1329 5031; x_wconf 82' lang='grc' dir='ltr'>ἀποστασία</span> <span class='ocrx_word' id='word_1_743' title='bbox 1367 4995 1482 5042; x_wconf 86' lang='grc' dir='ltr'>σου,</span> <span class='ocrx_word' id='word_1_744' title='bbox 1515 4979 1612 5032; x_wconf 86' lang='grc' dir='ltr'>καὶ</span> <span class='ocrx_word' id='word_1_745' title='bbox 1647 4979 1679 5050; x_wconf 86' lang='grc' dir='ltr'><strong>ἠ</strong></span> <span class='ocrx_word' id='word_1_746' title='bbox 1711 4981 1877 5035; x_wconf 81' lang='grc' dir='ltr'>κακία</span> <span class='ocrx_word' id='word_1_747' title='bbox 1915 4999 2009 5036; x_wconf 90' lang='grc' dir='ltr'><strong>σου</strong></span> <span class='ocrx_word' id='word_1_748' title='bbox 2036 4982 2244 5052; x_wconf 75' lang='grc' dir='ltr'>ἐλέγξει</span> <span class='ocrx_word' id='word_1_749' title='bbox 2289 5000 2370 5038; x_wconf 87' lang='grc' dir='ltr'>σε.</span> <span class='ocrx_word' id='word_1_750' title='bbox 2399 5003 2416 5034; x_wconf 73' lang='grc' dir='ltr'><strong>ι</strong></span> 
     </span>
    </p>
   </div>
   <div class='ocr_carea' id='block_1_94' title="bbox 334 5067 1951 5158">
    <p class='ocr_par' dir='ltr' id='par_1_94' title="bbox 334 5067 1886 5138">
     <span class='ocr_line' id='line_1_95' title="bbox 334 5067 1886 5138; baseline 0.001 -14"><span class='ocrx_word' id='word_1_751' title='bbox 334 5069 620 5138; x_wconf 70' lang='grc' dir='ltr'>Βῖἐτοχος</span> <span class='ocrx_word' id='word_1_752' title='bbox 653 5067 920 5122; x_wconf 74' lang='grc' dir='ltr'>εἰδώλων</span> <span class='ocrx_word' id='word_1_753' title='bbox 963 5068 1207 5138; x_wconf 66' lang='grc' dir='ltr'>Ἐφραῒμ</span> <span class='ocrx_word' id='word_1_754' title='bbox 1237 5069 1452 5137; x_wconf 76' lang='grc' dir='ltr'>ἔθηκεν</span> <span class='ocrx_word' id='word_1_755' title='bbox 1485 5071 1676 5136; x_wconf 81' lang='grc' dir='ltr'>ἐαυτῷ</span> <span class='ocrx_word' id='word_1_756' title='bbox 1698 5072 1886 5126; x_wconf 72' lang='lat' dir='ltr'><strong>0&#39;de-</strong></span> 
     </span>
    </p>
   </div>
   <div class='ocr_carea' id='block_1_95' title="bbox 1962 5067 3579 5158">
    <p class='ocr_par' dir='ltr' id='par_1_95' title="bbox 2064 5075 3579 5158">
     <span class='ocr_line' id='line_1_96' title="bbox 2064 5075 3579 5158; baseline 0.01 -27"><span class='ocrx_word' id='word_1_757' title='bbox 2064 5076 2235 5132; x_wconf 78' lang='lat' dir='ltr'><strong>Vans.</strong></span> <span class='ocrx_word' id='word_1_758' title='bbox 2279 5075 2470 5134; x_wconf 78' lang='grc'><strong>17-19.</strong></span> <span class='ocrx_word' id='word_1_759' title='bbox 2515 5077 2788 5147; x_wconf 82' lang='lat' dir='ltr'><strong>Particeps</strong></span> <span class='ocrx_word' id='word_1_760' title='bbox 2819 5079 3084 5137; x_wconf 77' lang='lat' dir='ltr'><strong>idolorum</strong></span> <span class='ocrx_word' id='word_1_761' title='bbox 3119 5081 3374 5154; x_wconf 85' lang='lat' dir='ltr'><strong>Ephraim</strong></span> <span class='ocrx_word' id='word_1_762' title='bbox 3401 5094 3579 5158; x_wconf 78' lang='lat' dir='ltr'><strong>posuit</strong></span> 
     </span>
    </p>
   </div>
   <div class='ocr_carea' id='block_1_96' title="bbox 193 5142 1810 5253">
    <p class='ocr_par' dir='ltr' id='par_1_96' title="bbox 193 5142 1810 5232">
     <span class='ocr_line' id='line_1_97' title="bbox 193 5142 1810 5232; baseline 0.001 -16"><span class='ocrx_word' id='word_1_763' title='bbox 193 5142 201 5156; x_wconf 56' lang='grc'>’</span> <span class='ocrx_word' id='word_1_764' title='bbox 263 5163 450 5226; x_wconf 61' lang='lat' dir='ltr'><strong>«Scala,</strong></span> <span class='ocrx_word' id='word_1_765' title='bbox 490 5161 724 5230; x_wconf 78' lang='grc' dir='ltr'>ᾐρέτιζε</span> <span class='ocrx_word' id='word_1_766' title='bbox 775 5161 1175 5227; x_wconf 76' lang='grc' dir='ltr'>Χαναναίους.</span> <span class='ocrx_word' id='word_1_767' title='bbox 1208 5163 1613 5232; x_wconf 76' lang='grc' dir='ltr'>Πορνεύογτες</span> <span class='ocrx_word' id='word_1_768' title='bbox 1640 5164 1810 5230; x_wconf 75' lang='grc' dir='ltr'>ἐξεπί</span> 
     </span>
    </p>
   </div>
   <div class='ocr_carea' id='block_1_97' title="bbox 1959 5142 3576 5253">
    <p class='ocr_par' dir='ltr' id='par_1_97' title="bbox 1991 5169 3576 5253">
     <span class='ocr_line' id='line_1_98' title="bbox 1991 5169 3576 5253; baseline 0.01 -30"><span class='ocrx_word' id='word_1_769' title='bbox 1991 5169 2094 5223; x_wconf 85' lang='lat' dir='ltr'><strong>sibi</strong></span> <span class='ocrx_word' id='word_1_770' title='bbox 2132 5170 2411 5236; x_wconf 84' lang='lat' dir='ltr'><strong>scandala,</strong></span> <span class='ocrx_word' id='word_1_771' title='bbox 2437 5181 2486 5224; x_wconf 84' lang='lat' dir='ltr'><strong>et</strong></span> <span class='ocrx_word' id='word_1_772' title='bbox 2515 5173 2665 5250; x_wconf 63' lang='lat' dir='ltr'><strong>elegit</strong></span> <span class='ocrx_word' id='word_1_773' title='bbox 2697 5171 3053 5230; x_wconf 72' lang='lat' dir='ltr'><strong>Chananwos.</strong></span> <span class='ocrx_word' id='word_1_774' title='bbox 3087 5175 3437 5237; x_wconf 84' lang='lat' dir='ltr'><strong>Fornicantes</strong></span> <span class='ocrx_word' id='word_1_775' title='bbox 3468 5184 3576 5253; x_wconf 83' lang='lat' dir='ltr'><strong>for-</strong></span> 
     </span>
    </p>
   </div>
   <div class='ocr_carea' id='block_1_98' title="bbox 262 5253 1879 5344">
    <p class='ocr_par' dir='ltr' id='par_1_98' title="bbox 262 5253 1879 5326">
     <span class='ocr_line' id='line_1_99' title="bbox 262 5253 1879 5326; baseline -0.001 -15"><span class='ocrx_word' id='word_1_776' title='bbox 262 5272 533 5319; x_wconf 77' lang='grc' dir='ltr'>νευσαν,</span> <span class='ocrx_word' id='word_1_777' title='bbox 575 5253 912 5324; x_wconf 78' lang='grc' dir='ltr'>ἠγάπησαν</span> <span class='ocrx_word' id='word_1_778' title='bbox 947 5255 1191 5324; x_wconf 84' lang='grc' dir='ltr'>ἀτιμίαν</span> <span class='ocrx_word' id='word_1_779' title='bbox 1238 5255 1308 5308; x_wconf 82' lang='grc' dir='ltr'>ἐκ</span> <span class='ocrx_word' id='word_1_780' title='bbox 1354 5255 1740 5326; x_wconf 72' lang='grc' dir='ltr'>φρυάγματος</span> <span class='ocrx_word' id='word_1_781' title='bbox 1781 5260 1879 5313; x_wconf 84' lang='grc' dir='ltr'><strong>αὺ-</strong></span> 
     </span>
    </p>
   </div>
   <div class='ocr_carea' id='block_1_99' title="bbox 1960 5253 3577 5344">
    <p class='ocr_par' dir='ltr' id='par_1_99' title="bbox 1993 5261 3577 5344">
     <span class='ocr_line' id='line_1_100' title="bbox 1993 5261 3577 5344; baseline 0.011 -30"><span class='ocrx_word' id='word_1_782' title='bbox 1993 5261 2159 5316; x_wconf 83' lang='lat' dir='ltr'><strong>nicati</strong></span> <span class='ocrx_word' id='word_1_783' title='bbox 2202 5273 2363 5329; x_wconf 84' lang='lat' dir='ltr'><strong>sunt,</strong></span> <span class='ocrx_word' id='word_1_784' title='bbox 2409 5271 2462 5318; x_wconf 82' lang='lat' dir='ltr'><strong>et</strong></span> <span class='ocrx_word' id='word_1_785' title='bbox 2516 5263 2816 5319; x_wconf 82' lang='lat' dir='ltr'><strong>dilexerunt</strong></span> <span class='ocrx_word' id='word_1_786' title='bbox 2855 5267 3202 5337; x_wconf 82' lang='lat' dir='ltr'><strong>ignominiam</strong></span> <span class='ocrx_word' id='word_1_787' title='bbox 3253 5289 3318 5326; x_wconf 78' lang='lat' dir='ltr'><strong>ea:</strong></span> <span class='ocrx_word' id='word_1_788' title='bbox 3364 5274 3577 5344; x_wconf 80' lang='lat' dir='ltr'><strong>fremitu</strong></span> 
     </span>
    </p>
   </div>
   <div class='ocr_carea' id='block_1_100' title="bbox 263 5341 1880 5438">
    <p class='ocr_par' dir='ltr' id='par_1_100' title="bbox 263 5341 1880 5418">
     <span class='ocr_line' id='line_1_101' title="bbox 263 5341 1880 5418; baseline 0.002 -18"><span class='ocrx_word' id='word_1_789' title='bbox 263 5345 408 5401; x_wconf 83' lang='grc' dir='ltr'><strong>τῶν.</strong></span> <span class='ocrx_word' id='word_1_790' title='bbox 435 5345 770 5415; x_wconf 67' lang='grc' dir='ltr'>Συστροφὴ</span> <span class='ocrx_word' id='word_1_791' title='bbox 800 5346 1142 5416; x_wconf 79' lang='grc' dir='ltr'>πνεύματος</span> <span class='ocrx_word' id='word_1_792' title='bbox 1163 5346 1245 5401; x_wconf 86' lang='grc' dir='ltr'>σὺ</span> <span class='ocrx_word' id='word_1_793' title='bbox 1280 5341 1338 5400; x_wconf 82' lang='grc' dir='ltr'>εἷ</span> <span class='ocrx_word' id='word_1_794' title='bbox 1357 5346 1427 5400; x_wconf 82' lang='grc' dir='ltr'><strong>ἐν</strong></span> <span class='ocrx_word' id='word_1_795' title='bbox 1444 5345 1574 5413; x_wconf 83' lang='grc' dir='ltr'>ταῖς</span> <span class='ocrx_word' id='word_1_796' title='bbox 1595 5348 1880 5418; x_wconf 78' lang='grc' dir='ltr'>πτέρυξιν</span> 
     </span>
    </p>
   </div>
   <div class='ocr_carea' id='block_1_101' title="bbox 1958 5341 3575 5438">
    <p class='ocr_par' dir='ltr' id='par_1_101' title="bbox 1993 5341 3575 5438">
     <span class='ocr_line' id='line_1_102' title="bbox 1993 5341 3575 5438; baseline 0.011 -32"><span class='ocrx_word' id='word_1_797' title='bbox 1993 5367 2194 5406; x_wconf 86' lang='lat' dir='ltr'><strong>eorum.</strong></span> <span class='ocrx_word' id='word_1_798' title='bbox 2229 5351 2406 5408; x_wconf 85' lang='lat' dir='ltr'><strong>Turbo</strong></span> <span class='ocrx_word' id='word_1_799' title='bbox 2439 5356 2659 5423; x_wconf 83' lang='lat' dir='ltr'><strong>spiritus</strong></span> <span class='ocrx_word' id='word_1_800' title='bbox 2687 5366 2744 5410; x_wconf 88' lang='lat' dir='ltr'><strong>tu</strong></span> <span class='ocrx_word' id='word_1_801' title='bbox 2778 5375 2832 5413; x_wconf 81' lang='lat' dir='ltr'><strong>es</strong></span> <span class='ocrx_word' id='word_1_802' title='bbox 2862 5358 2917 5416; x_wconf 77' lang='lat' dir='ltr'><strong>in</strong></span> <span class='ocrx_word' id='word_1_803' title='bbox 2946 5359 3053 5416; x_wconf 83' lang='lat' dir='ltr'><strong>alis</strong></span> <span class='ocrx_word' id='word_1_804' title='bbox 3087 5362 3221 5432; x_wconf 73' lang='lat' dir='ltr'><strong>ejus,</strong></span> <span class='ocrx_word' id='word_1_805' title='bbox 3261 5373 3311 5420; x_wconf 83' lang='lat' dir='ltr'><strong>et</strong></span> <span class='ocrx_word' id='word_1_806' title='bbox 3348 5341 3575 5438; x_wconf 73' lang='lat' dir='ltr'><strong>confun-</strong></span> 
     </span>
    </p>
   </div>
   <div class='ocr_carea' id='block_1_102' title="bbox 263 5435 1880 5509">
    <p class='ocr_par' dir='ltr' id='par_1_102' title="bbox 263 5435 1880 5509">
     <span class='ocr_line' id='line_1_103' title="bbox 263 5435 1880 5509; baseline 0.001 -17"><span class='ocrx_word' id='word_1_807' title='bbox 263 5437 488 5505; x_wconf 77' lang='grc' dir='ltr'>αὐτῆς,</span> <span class='ocrx_word' id='word_1_808' title='bbox 522 5436 625 5492; x_wconf 81' lang='grc' dir='ltr'>καὶ</span> <span class='ocrx_word' id='word_1_809' title='bbox 653 5435 1291 5507; x_wconf 79' lang='grc' dir='ltr'>καταισχυνθήσοντιιι</span> <span class='ocrx_word' id='word_1_810' title='bbox 1328 5438 1398 5492; x_wconf 78' lang='grc' dir='ltr'>ἐκ</span> <span class='ocrx_word' id='word_1_811' title='bbox 1421 5435 1542 5491; x_wconf 79' lang='grc' dir='ltr'><strong>τῶν</strong></span> <span class='ocrx_word' id='word_1_812' title='bbox 1557 5439 1880 5509; x_wconf 82' lang='grc' dir='ltr'>θυσιαστη-</span> 
     </span>
    </p>
   </div>
   <div class='ocr_carea' id='block_1_103' title="bbox 1140 5435 2757 5509">
    <p class='ocr_par' dir='ltr' id='par_1_103' title="bbox 1140 5435 2757 5509">
     <span class='ocr_line' id='line_1_104' title="bbox 1140 5435 2757 5509; baseline 0.007 -18"><span class='ocrx_word' id='word_1_813' title='bbox 1140 5455 1291 5492; x_wconf 62' lang='lat' dir='ltr'><strong>iurat</strong></span> <span class='ocrx_word' id='word_1_814' title='bbox 1328 5438 1398 5492; x_wconf 78' lang='grc' dir='ltr'>ἐκ</span> <span class='ocrx_word' id='word_1_815' title='bbox 1421 5435 1542 5491; x_wconf 79' lang='grc' dir='ltr'><strong>τῶν</strong></span> <span class='ocrx_word' id='word_1_816' title='bbox 1557 5439 1888 5509; x_wconf 82' lang='grc' dir='ltr'>θυσιαστη-</span> <span class='ocrx_word' id='word_1_817' title='bbox 1988 5443 2182 5499; x_wconf 80' lang='lat' dir='ltr'><strong>dentur</strong></span> <span class='ocrx_word' id='word_1_818' title='bbox 2226 5461 2291 5500; x_wconf 81' lang='lat' dir='ltr'><strong>ea:</strong></span> <span class='ocrx_word' id='word_1_819' title='bbox 2330 5446 2590 5502; x_wconf 84' lang='lat' dir='ltr'><strong>altaribus</strong></span> <span class='ocrx_word' id='word_1_820' title='bbox 2629 5450 2757 5502; x_wconf 83' lang='lat' dir='ltr'><strong>suis.</strong></span> 
     </span>
    </p>
   </div>
   <div class='ocr_carea' id='block_1_104' title="bbox 254 5530 670 5600">
    <p class='ocr_par' dir='ltr' id='par_1_104' title="bbox 254 5530 670 5600">
     <span class='ocr_line' id='line_1_105' title="bbox 254 5530 670 5600; baseline -0.002 -15"><span class='ocrx_word' id='word_1_821' title='bbox 254 5533 414 5600; x_wconf 78' lang='grc' dir='ltr'>ρι’ων</span> <span class='ocrx_word' id='word_1_822' title='bbox 440 5530 670 5586; x_wconf 80' lang='grc' dir='ltr'><strong>αὐτῶν.</strong></span> 
     </span>
    </p>
   </div>
   <div class='ocr_carea' id='block_1_105' title="bbox 335 5622 1952 5710">
    <p class='ocr_par' dir='ltr' id='par_1_105' title="bbox 335 5622 1874 5696">
     <span class='ocr_line' id='line_1_106' title="bbox 335 5622 1874 5696; baseline 0 -16"><span class='ocrx_word' id='word_1_823' title='bbox 335 5627 422 5680; x_wconf 88' lang='lat' dir='ltr'><strong>N&#39;.</strong></span> <span class='ocrx_word' id='word_1_824' title='bbox 463 5626 591 5679; x_wconf 84' lang='grc' dir='ltr'>Ἔτι</span> <span class='ocrx_word' id='word_1_825' title='bbox 639 5623 719 5696; x_wconf 80' lang='grc' dir='ltr'><strong>τῷ</strong></span> <span class='ocrx_word' id='word_1_826' title='bbox 754 5625 1013 5696; x_wconf 79' lang='grc' dir='ltr'>προφήτῃ</span> <span class='ocrx_word' id='word_1_827' title='bbox 1063 5623 1199 5696; x_wconf 75' lang='grc' dir='ltr'>πρὸς</span> <span class='ocrx_word' id='word_1_828' title='bbox 1243 5623 1333 5676; x_wconf 77' lang='grc' dir='ltr'>τὸν</span> <span class='ocrx_word' id='word_1_829' title='bbox 1379 5622 1580 5678; x_wconf 88' lang='grc' dir='ltr'>Ἰούδαν</span> <span class='ocrx_word' id='word_1_830' title='bbox 1627 5623 1654 5676; x_wconf 82' lang='grc' dir='ltr'><strong>ὁ</strong></span> <span class='ocrx_word' id='word_1_831' title='bbox 1698 5623 1874 5692; x_wconf 71' lang='grc' dir='ltr'>λόγος,</span> 
     </span>
    </p>
   </div>
   <div class='ocr_carea' id='block_1_106' title="bbox 1954 5622 3571 5710">
    <p class='ocr_par' dir='ltr' id='par_1_106' title="bbox 2052 5623 3571 5710">
     <span class='ocr_line' id='line_1_107' title="bbox 2052 5623 3571 5710; baseline 0.01 -31"><span class='ocrx_word' id='word_1_832' title='bbox 2052 5623 2116 5679; x_wconf 94' lang='lat' dir='ltr'><strong>L.</strong></span> <span class='ocrx_word' id='word_1_833' title='bbox 2159 5626 2350 5681; x_wconf 80' lang='lat' dir='ltr'><strong>Adhuc</strong></span> <span class='ocrx_word' id='word_1_834' title='bbox 2372 5629 2636 5699; x_wconf 85' lang='lat' dir='ltr'><strong>pr0pheta</strong></span> <span class='ocrx_word' id='word_1_835' title='bbox 2652 5627 2844 5684; x_wconf 78' lang='lat' dir='ltr'><strong>Iudam</strong></span> <span class='ocrx_word' id='word_1_836' title='bbox 2866 5630 3181 5702; x_wconf 85' lang='lat' dir='ltr'><strong>alloquitur,</strong></span> <span class='ocrx_word' id='word_1_837' title='bbox 3204 5635 3571 5710; x_wconf 78' lang='lat' dir='ltr'><strong>simulantem,</strong></span> 
     </span>
    </p>
   </div>
   <div class='ocr_carea' id='block_1_107' title="bbox 265 5716 1882 5798">
    <p class='ocr_par' dir='ltr' id='par_1_107' title="bbox 265 5716 1871 5790">
     <span class='ocr_line' id='line_1_108' title="bbox 265 5716 1871 5790; baseline -0.002 -16"><span class='ocrx_word' id='word_1_838' title='bbox 265 5718 761 5790; x_wconf 83' lang='grc' dir='ltr'>ὑποπλαττόμενον</span> <span class='ocrx_word' id='word_1_839' title='bbox 824 5720 946 5788; x_wconf 79' lang='grc' dir='ltr'>μὲν,</span> <span class='ocrx_word' id='word_1_840' title='bbox 997 5720 1072 5783; x_wconf 85' lang='grc' dir='ltr'>ὼς</span> <span class='ocrx_word' id='word_1_841' title='bbox 1130 5716 1289 5788; x_wconf 80' lang='grc' dir='ltr'>ἔφην,</span> <span class='ocrx_word' id='word_1_842' title='bbox 1334 5717 1398 5772; x_wconf 76' lang='grc' dir='ltr'>τὸ</span> <span class='ocrx_word' id='word_1_843' title='bbox 1455 5717 1871 5788; x_wconf 71' lang='grc' dir='ltr'>μεταποιεῖσθαι</span> 
     </span>
    </p>
   </div>
   <div class='ocr_carea' id='block_1_108' title="bbox 1953 5716 3570 5798">
    <p class='ocr_par' dir='ltr' id='par_1_108' title="bbox 1974 5717 3570 5798">
     <span class='ocr_line' id='line_1_109' title="bbox 1974 5717 3570 5798; baseline 0.01 -28"><span class='ocrx_word' id='word_1_844' title='bbox 1974 5727 2030 5772; x_wconf 91' lang='lat' dir='ltr'><strong>ut</strong></span> <span class='ocrx_word' id='word_1_845' title='bbox 2072 5717 2206 5784; x_wconf 80' lang='lat' dir='ltr'><strong>dixi,</strong></span> <span class='ocrx_word' id='word_1_846' title='bbox 2254 5734 2315 5773; x_wconf 87' lang='lat' dir='ltr'><strong>se</strong></span> <span class='ocrx_word' id='word_1_847' title='bbox 2358 5720 2529 5789; x_wconf 82' lang='lat' dir='ltr'><strong>legem</strong></span> <span class='ocrx_word' id='word_1_848' title='bbox 2569 5731 2626 5776; x_wconf 87' lang='lat' dir='ltr'><strong>ut</strong></span> <span class='ocrx_word' id='word_1_849' title='bbox 2673 5723 2944 5791; x_wconf 81' lang='lat' dir='ltr'><strong>pmpriam</strong></span> <span class='ocrx_word' id='word_1_850' title='bbox 2993 5723 3095 5780; x_wconf 85' lang='lat' dir='ltr'><strong>sibi</strong></span> <span class='ocrx_word' id='word_1_851' title='bbox 3146 5740 3433 5797; x_wconf 83' lang='lat' dir='ltr'><strong>capessere</strong></span> <span class='ocrx_word' id='word_1_852' title='bbox 3459 5768 3475 5798; x_wconf 87' lang='lat'><strong>,</strong></span> <span class='ocrx_word' id='word_1_853' title='bbox 3517 5741 3570 5787; x_wconf 85' lang='lat' dir='ltr'><strong>ct</strong></span> 
     </span>
    </p>
   </div>
   <div class='ocr_carea' id='block_1_109' title="bbox 332 5833 1949 5905">
    <p class='ocr_par' dir='ltr' id='par_1_109' title="bbox 332 5833 1949 5905">
     <span class='ocr_line' id='line_1_110' title="bbox 332 5833 1949 5905; baseline -0.003 -13"><span class='ocrx_word' id='word_1_854' title='bbox 332 5833 383 5868; x_wconf 73' lang='grc'><strong>²⁶</strong></span> <span class='ocrx_word' id='word_1_855' title='bbox 416 5833 536 5892; x_wconf 83' lang='lat' dir='ltr'><strong>Jer.</strong></span> <span class='ocrx_word' id='word_1_856' title='bbox 563 5851 643 5899; x_wconf 73' lang='lat' dir='ltr'><strong>II,</strong></span> <span class='ocrx_word' id='word_1_857' title='bbox 677 5836 768 5891; x_wconf 82' lang='lat' dir='ltr'><strong>I5.</strong></span> <span class='ocrx_word' id='word_1_858' title='bbox 846 5837 890 5868; x_wconf 78' lang='grc'>³⁵</span> <span class='ocrx_word' id='word_1_859' title='bbox 926 5838 1033 5892; x_wconf 85' lang='lat' dir='ltr'><strong>Isa.</strong></span> <span class='ocrx_word' id='word_1_860' title='bbox 1066 5851 1218 5897; x_wconf 69' lang='lat' dir='ltr'><strong>xxxx,</strong></span> <span class='ocrx_word' id='word_1_861' title='bbox 1260 5834 1342 5890; x_wconf 79' lang='lat' dir='ltr'><strong>I5.</strong></span> <span class='ocrx_word' id='word_1_862' title='bbox 1421 5835 1465 5866; x_wconf 72' lang='grc' dir='ltr'>’δ</span> <span class='ocrx_word' id='word_1_863' title='bbox 1501 5833 1660 5890; x_wconf 79' lang='lat' dir='ltr'><strong>Prov.</strong></span> <span class='ocrx_word' id='word_1_864' title='bbox 1696 5852 1845 5905; x_wconf 62' lang='grc' dir='ltr'>χχιιι,</span> <span class='ocrx_word' id='word_1_865' title='bbox 1890 5835 1949 5888; x_wconf 81' lang='lat' dir='ltr'><strong>l7</strong></span> 
     </span>
    </p>
   </div>
   <div class='ocr_carea' id='block_1_110' title="bbox 898 5833 2515 5905">
    <p class='ocr_par' dir='ltr' id='par_1_110' title="bbox 926 5833 2515 5905">
     <span class='ocr_line' id='line_1_111' title="bbox 926 5833 2515 5905; baseline 0.002 -16"><span class='ocrx_word' id='word_1_866' title='bbox 926 5838 1033 5892; x_wconf 85' lang='lat' dir='ltr'><strong>Isa.</strong></span> <span class='ocrx_word' id='word_1_867' title='bbox 1066 5851 1218 5897; x_wconf 69' lang='lat' dir='ltr'><strong>xxxx,</strong></span> <span class='ocrx_word' id='word_1_868' title='bbox 1260 5834 1342 5890; x_wconf 79' lang='lat' dir='ltr'><strong>I5.</strong></span> <span class='ocrx_word' id='word_1_869' title='bbox 1421 5835 1465 5866; x_wconf 72' lang='grc' dir='ltr'>’δ</span> <span class='ocrx_word' id='word_1_870' title='bbox 1501 5833 1660 5890; x_wconf 79' lang='lat' dir='ltr'><strong>Prov.</strong></span> <span class='ocrx_word' id='word_1_871' title='bbox 1696 5852 1845 5905; x_wconf 64' lang='grc' dir='ltr'>χχιιι,</span> <span class='ocrx_word' id='word_1_872' title='bbox 1890 5835 1973 5888; x_wconf 88' lang='lat' dir='ltr'><strong>l7.</strong></span> <span class='ocrx_word' id='word_1_873' title='bbox 2054 5835 2096 5867; x_wconf 76' lang='grc'><strong>³⁷</strong></span> <span class='ocrx_word' id='word_1_874' title='bbox 2133 5835 2289 5892; x_wconf 83' lang='lat' dir='ltr'><strong>Prov.</strong></span> <span class='ocrx_word' id='word_1_875' title='bbox 2327 5852 2400 5901; x_wconf 80' lang='lat' dir='ltr'><strong>vr,</strong></span> <span class='ocrx_word' id='word_1_876' title='bbox 2432 5837 2515 5892; x_wconf 73' lang='lat'><strong>1&#39;2.</strong></span> 
     </span>
    </p>
   </div>
   <div class='ocr_carea' id='block_1_111' title="bbox 645 5930 3128 5995">
    <p class='ocr_par' dir='ltr' id='par_1_111' title="bbox 645 5930 3128 5995">
     <span class='ocr_line' id='line_1_112' title="bbox 645 5930 3128 5995; baseline -0.006 -5"><span class='ocrx_word' id='word_1_877' title='bbox 645 5930 918 5992; x_wconf 76' lang='lat' dir='ltr'><strong>PATROL.</strong></span> <span class='ocrx_word' id='word_1_878' title='bbox 965 5933 1080 5992; x_wconf 81' lang='lat' dir='ltr'><strong>Gn.</strong></span> <span class='ocrx_word' id='word_1_879' title='bbox 1137 5930 1340 5990; x_wconf 79' lang='lat' dir='ltr'><strong>LXXI.</strong></span> <span class='ocrx_word' id='word_1_880' title='bbox 3095 5937 3128 5995; x_wconf 84' lang='lat'><strong>5</strong></span> 
     </span>
    </p>
   </div>
  </div>
