4094 6504
471 407 569 462 139

1467 404 1523 458 S.
1566 403 1837 458 C-YRIIJJ
1883 402 2348 457 ALEXAND?th
2390 401 2710 459 AIlCIIIEP.

3642 418 3740 472 IIO

464 522 680 592 pietatis
710 536 834 590 erga
872 522 1035 575 Dt‘lllll
1075 522 1337 574 tationem
1371 535 1474 573 non
1510 522 1786 589 vulgarem
1822 521 2036 585 dueere,

2148 519 2241 572 τοῦ
2270 520 2458 590 νόμου,
2494 520 2586 572 καὶ
2618 519 2716 589 τὴν
2751 522 2830 582 εἰς
2876 519 3005 574 Θεὸν
3034 523 3311 578 εὐσέϐειαν
3342 527 3440 580 οὐκ
3471 528 3527 580 ὲν
3558 530 3738 601 μικρῷ

464 626 585 663 eum
621 609 827 663 interea
874 612 1011 662 clam
1048 625 1075 659 a
1114 611 1351 663 rolcmlis
1391 610 1694 663 dmmmuun
1740 611 2045 666 simulacris

464 703 606 755 hami
638 703 975 757 abhorreret.
1003 703 1108 773 31
1138 702 1299 771 Ergo,
1333 705 1474 771 quod
1504 704 1850 772 sequebatur,
1891 723 1908 755 ι
1933 705 2047 757 ido-

464 796 637 848 lorum
696 795 968 864 particeps
1028 797 1201 850 factus
1250 806 1333 849 est
1392 796 1682 865 Ephraim,
1718 815 1736 847 ι
1791 797 1891 850 hoc
1930 809 2043 861 est,

463 887 666 952 Israel;
709 887 788 941 sic
836 888 978 941 enim
1028 887 1339 941 nominatur
1379 903 1407 940 a
1447 889 1587 942 tribu
1634 902 1754 957 qua:
1807 890 1946 957 apud
1988 904 2047 944 se

467 994 646 1033 rerum
678 980 1001 1046 potiebatur,
1032 980 1366 1044 Jeroboami,
1411 981 1656 1050 inquam,
1690 982 1755 1035 de
1784 990 1967 1035 monte
1993 990 2047 1036 et

464 1070 609 1124 tribu
660 1070 916 1140 Ephraim
958 1073 1196 1129 oriundi.
1250 1074 1314 1128 Et
1352 1076 1808 1143 quemadmodum
1850 1074 2044 1130 Iudam

464 1169 619 1213 vocat
669 1176 788 1215 eam
824 1178 942 1231 quzr
984 1173 1104 1217 erat
1142 1163 1552 1235 Hierosolymis,
1587 1166 1831 1235 regnanti
1884 1166 2043 1220 tribui

461 1250 874 1322 appellationem
908 1269 1059 1308 suam
1102 1268 1360 1321 servans;
1407 1256 1487 1311 sic
1518 1264 1571 1310 et
1611 1256 1663 1310 in
1713 1256 1884 1311 Israel
1921 1271 2043 1311 eum

461 1342 701 1396 nominat
752 1343 1028 1412 Ephraim,
1081 1360 1108 1399 a
1164 1345 1328 1412 tribu,
1383 1361 1551 1416 penes
1613 1362 1774 1417 quam
1820 1362 2042 1419 regnum

459 1444 596 1501 erat,
639 1438 900 1490 nominat.
971 1437 1247 1506 Particeps
1319 1439 1484 1509 igitur
1534 1439 1709 1494 factus
1743 1448 1828 1495 est
1874 1439 2042 1493 idolo-

467 1540 584 1577 rum
639 1524 914 1594 Ephraim,
966 1528 1158 1598 inquit.
1235 1530 1505 1584 Adoravit.
1541 1532 1687 1585 enim
1759 1529 2044 1601 Egyptio-

456 1627 576 1666 rum
621 1629 841 1679 ntunen,
901 1616 1156 1670 nimirum
1208 1618 1387 1687 Apim,
1432 1619 1546 1674 sive
1584 1618 1836 1685 vitulum,
1882 1634 2042 1688 quem

455 1705 531 1761 illi
581 1722 677 1776 pro
720 1707 829 1763 Deo
889 1709 1155 1763 colebant.
1210 1710 1330 1763 Fuit
1379 1711 1731 1766 nihilominus
1776 1714 2045 1782 particeps

455 1796 748 1866 impietatis
786 1806 839 1853 et
873 1813 1098 1853 summm
1129 1800 1414 1853 dementia:
1443 1800 1896 1865 Chananmnrum,
1949 1802 2041 1870 qui

2152 614 2421 667 ποιεῖσθαι
2475 613 2638 683 λόγῳ,
2672 613 3056 669 διανενευκότα
3101 617 3157 670 δὲ
3210 618 3509 690 λεληθότως
3545 623 3636 675 ἐπὶ
3681 624 3739 676 τὸ

2152 706 2347 777 χρῆναι
2384 705 2554 775 τιμᾷν
2574 704 2641 757 τὰ
2671 703 2778 755 τῶν
2806 702 3097 773 δαιμονίων
3149 705 3464 777 ἰνδάλματα.
3507 709 3737 773 Οὐκοῦν,

2158 814 2174 843 ι
2204 795 2418 864 Γέγονε,
2451 813 2468 846 ι
2511 794 2694 864 φησὶν,
2734 793 3180 865 ὁμολογουμένως
3206 817 3224 848 ι
3247 798 3739 870 μέτοχοςείδώλων

2150 888 2462 959 Ἐφραῒμη
2525 888 2823 951 τουτέστιν,
2882 889 2912 940 ὁ
2971 889 3210 960 Ἰσραήλ.
3289 892 3613 962 Ὠνόμασται
3682 894 3740 946 δὲ

2148 979 2320 1041 οὕτως
2353 978 2462 1031 ἀπὸ
2487 978 2588 1047 τῆς
2607 980 2738 1047 παρ’·
2764 979 2913 1049 αὐτῷ
2934 980 3243 1053 κρατούσης
3269 984 3463 1053 φυλῆς,
3489 987 3631 1055 φημὶ
3647 986 3737 1055 δὴ,

2147 1073 2245 1140 τῆς
2289 1067 2382 1121 τοῦ
2445 1068 2742 1139 Ἱεροϐοάμ·
2803 1066 2872 1140 ἦν
2924 1070 3032 1142 γὰρ
3089 1073 3147 1139 ἐξ
3193 1073 3355 1146 ὅρους
3415 1076 3508 1128 καὶ
3563 1076 3737 1147 φυλῆς

2161 1160 2424 1230 Ἐφραΐμ.
2478 1162 2587 1214 Καὶ
2620 1160 2807 1233 ὥσπερ
2844 1162 3045 1217 Ἰούδαν
3074 1163 3171 1236 τὴν
3202 1167 3260 1219 ἐν
3288 1169 3400 1231 τοῖς
3441 1167 3736 1239 Ἱεροσολύ-

2151 1268 2271 1321 μοις
2313 1253 2602 1312 ἀποκαλεῖ,
2662 1256 2725 1325 τῇ
2782 1253 3148 1329 ϐασιλευούσῃ
3192 1258 3334 1330 φυλῇ
3390 1259 3491 1330 τὴν
3544 1259 3735 1330 κλῆσιν

2100 1391 2110 1399 ,
2148 1343 2488 1414 τετηρηκὼς,
2518 1345 2690 1408 οὕτως
2715 1347 2808 1399 καὶ
2834 1347 2925 1399 ἐπὶ
2946 1347 3039 1400 τοῦ
3075 1349 3313 1420 Ἰσραὴλ,
3337 1350 3465 1403 ὅταν
3494 1349 3738 1424 ὀνομάζῃ

2147 1435 2237 1487 τὸν
2280 1434 2541 1506 Ἐφραῖμ,
2587 1436 2695 1488 ἀπὸ
2726 1438 2823 1508 τῆς
2852 1437 3242 1510 βασιλευούσης
3282 1441 3453 1510 φυλῆς
3501 1447 3735 1496 ποιεῖται

2146 1525 2242 1595 τὴν
2273 1524 2591 1595 ὀνομασίαν.
2635 1528 2879 1598 Μετέσχε
2919 1528 2983 1600 δὴ
3007 1524 3100 1582 οῦν
3141 1531 3169 1582 ὁ
3200 1530 3438 1602 Ἐφραῒμ
3478 1531 3733 1595 εἰδώλων,

2147 1616 2301 1685 φησί.
2336 1616 2758 1688 Προσκεκύνηκε
2803 1617 2911 1689 γὰρ
2942 1619 3018 1689 τῷ
3064 1621 3374 1687 Αἰγυπτίων
3406 1621 3731 1692 σεϐάσματι,

2151 1709 2317 1771 *Λπις
2342 1708 2399 1762 δὲ
2426 1703 2514 1778 ἦν,
2544 1710 2662 1779 ἦτοι
2682 1710 2911 1781 δάμαλις
2931 1712 2991 1764 τὸ
3014 1712 3240 1767 ἐκείνων
3266 1713 3451 1777 σέϐας.
3483 1716 3731 1785 Μετέσχε

2145 1801 2201 1854 δὲ
2229 1802 2382 1855 οὐδὲν
2410 1796 2577 1873 ἦττον
2621 1804 2714 1856 καὶ
2742 1803 2844 1872 τῆς
2873 1804 2980 1857 τῶν
3011 1806 3338 1861 Χαναναίων
3381 1808 3731 1879 ἀνοσιότητος

459 1898 567 1941 tam
620 1899 778 1958 turpe
830 1888 1052 1952 idolum,
1086 1888 1418 1962 Beelphegor
1477 1890 1707 1953 scilicet,
1759 1893 1935 1947 colere
1980 1902 2034 1947 et

2140 1894 2231 1949 xui.
2252 1893 2491 1965 ἀμέτρου
2509 1896 2951 1968 φρενοϐλαϐείας,
2974 1898 3024 1951 οἳ
3045 1899 3105 1952 τὸ
3122 1899 3345 1972 αἰσχρὸν
3372 1899 3544 1964 οὕτως
3573 1901 3729 1955 εἴδω-

456 1981 685 2035 adorarc
727 1980 1031 2035 voluerunt.
1070 1982 1266 2035 Verum
1322 1983 1422 2035 hoc
1461 1980 1601 2037 facto
1644 1982 1899 2051 Ephraim
1947 1984 2041 2036 im-

455 2068 633 2138 posuit
675 2068 776 2124 sibi
831 2070 1103 2123 seandala.
1162 2070 1437 2141 Opiferum
1485 2072 1630 2126 enim
1685 2081 1739 2126 et
1796 2072 2039 2126 datorem

453 2162 620 2216 Ileum
651 2161 894 2216 violavit.
934 2179 952 2213 ι
989 2161 1160 2232 Elegit
1189 2162 1551 2230 Chananaeos,
1591 2182 1609 2214 ι
1646 2178 1765 2234 pro,
1800 2165 2037 2232 ipsorum

454 2256 875 2311 consuetudines
915 2265 969 2309 et
1020 2257 1155 2309 ritus
1191 2256 1456 2313 electione
1498 2267 1552 2311 et
1606 2257 1904 2311 imitatione
1957 2258 2039 2311 di-

449 2364 584 2419 gnos
617 2350 844 2403 censuit.
880 2348 1048 2403 Erant
1101 2350 1151 2402 hi
1201 2349 1442 2405 contines
1483 2348 1791 2403 .Indzcorum
1815 2389 1831 2413 ,
1868 2350 2041 2403 homi-

453 2457 551 2495 nes
599 2441 849 2496 scelerati
896 2452 950 2496 et
991 2440 1310 2499 idololatrze.
1356 2442 1577 2511 Insuper
1627 2460 1645 2491 ι
1678 2440 2040 2496 Fornicantes

454 2535 701 2588 .ornicati
749 2543 895 2595 sunt,
926 2553 946 2586 ι
987 2533 1280 2599 Israelita},
1334 2533 1455 2589 sine
1516 2528 1717 2599 dubio,
1773 2534 1900 2604 quia
1947 2533 2043 2587 im-

453 2626 729 2681 moderate
763 2636 818 2680 et
844 2627 1003 2697 plane
1033 2607 1480 2681 inconvenienter
1509 2624 1890 2690 fornicationi,
1925 2624 2038 2694 spi-

451 2718 639 2775 rituali
688 2721 929 2787 scilicet,
975 2721 1320 2785 studuerunt,
1373 2728 1428 2773 et
1469 2719 1732 2790 sacrilega
1767 2718 2038 2788 apostasia

448 2829 547 2868 sua
611 2814 677 2867 ad
732 2813 1124 2882 turpitudinem
1181 2813 1596 2867 descenderunt.
1659 2828 1676 2862 ι
1724 2811 2042 2866 Dilexerunt

454 2920 587 2958 vero
613 2905 780 2958 etiam
814 2905 1163 2973 ignominiam
1198 2920 1261 2957 ex
1302 2904 1608 2959 fremitibus
1637 2919 1847 2967 eorum,
1886 2923 1903 2955 ›
1937 2904 2039 2957 hoc

449 3002 553 3061 est,
604 3007 670 3049 ex
722 2994 913 3064 grandi
961 2993 1101 3048 fastu
1146 3002 1200 3048 et
1238 2993 1524 3062 iactantia,
1581 3003 1802 3064 propter
1847 2992 2036 3057 Deum,

449 3097 505 3143 et.
561 3086 788 3157 gloriam
844 3101 1007 3156 quam
1055 3086 1122 3141 ab
1164 3085 1281 3156 ipso
1316 3086 1620 3155 capiebant.
1655 3086 1843 3155 Itaque
1890 3100 2038 3140 com-

448 3177 653 3247 pressis
685 3177 966 3247 spiritibus
992 3175 1239 3245 pristinis
1271 3176 1521 3231 inhonori
1546 3185 1600 3233 et
1622 3175 1843 3243 abiecti,
1873 3177 2037 3230 mise-

2147 1985 2239 2038 λον
2270 1985 2556 2057 περιέπειν
2586 2004 2645 2041 τε
2675 1988 2767 2042 xal.
2793 1990 3120 2059 προσκυνεῖν
3143 1990 3547 2059 ὲγνώκασι,τδν
3576 1992 3734 2045 Βεελ-

2146 2075 2352 2148 φεγώρ.
2394 2076 2555 2130 Ἀλλὰ
2587 2077 2744 2130 τοῦτο
2772 2079 3046 2147 δεδρακὼς
3090 2081 3117 2132 ὁ
3162 2082 3422 2153 Ἐφραϊμ,
3460 2082 3732 2154 «Ἔθηκεν

2144 2165 2323 2236 ἑαυτῷ
2354 2165 2679 2219 σκάνδαλα.»
2705 2168 3123 2240 Προσκέκρουκε
3141 2170 3248 2241 γὰρ
3290 2170 3367 2241 τῷ
3394 2172 3489 2225 καὶ
3518 2174 3729 2245 ἐπαμύ-

2143 2273 2310 2322 νοντι,
2343 2258 2437 2310 καὶ
2466 2257 2753 2323 διασώζειν
2780 2259 3063 2332 δυναμένῳ
3080 2262 3217 2334 Θεῷ.
3244 2284 3262 2315 ι
3285 2263 3533 2337 ᾘρέτισε
3550 2268 3730 2320 Χανα-

2142 2347 2345 2413 ναίους,
2379 2367 2396 2398 ι
2432 2349 2553 2402 ἀντὶ
2584 2350 2702 2411 τοῦ,
2740 2351 2944 2423 Αἱρετά
2974 2355 3068 2406 καὶ
3096 2353 3398 2426 ἀξιόληπτα
3435 2357 3727 2429 πεποίηται

2141 2439 2210 2492 τὰ
2257 2440 2581 2495 Χαναναίων
2617 2442 2711 2514 ἔθη
2740 2459 2751 2472 '
2796 2444 2984 2517 ὅμοροι
3030 2446 3084 2499 δὲ
3123 2440 3267 2501 οῦτοι
3308 2448 3409 2519 τῆς
3462 2450 3732 2504 Ἰουδαίων

2140 2529 2345 2601 χώρας,
2385 2532 2666 2596 δυσσεϐεῖς
2707 2536 2801 2589 καὶ
2829 2536 3230 2606 εἰδωλολάτραι.
3265 2539 3377 2593 Καὶ
3411 2542 3547 2612 πρός
3573 2558 3636 2610 γε
3664 2542 3728 2613 δὴ

2139 2623 2371 2690 τούτοις,
2405 2643 2422 2675 ι
2449 2625 2814 2696 Πορνεύοντες
2840 2629 3239 2702 ἐξεπὸρνευσαν
3268 2651 3286 2684 ›
3313 2634 3361 2685 οἰ
3390 2634 3448 2700 ἐξ
3489 2635 3725 2705 Ἰσραήλ.

2140 2714 2313 2785 Δῆλον
2346 2715 2427 2780 δὲ,
2463 2716 2545 2770 ὅτι
2573 2718 2664 2771 διά
2698 2737 2777 2773 τοι
2812 2720 2871 2772 τὸ
2898 2722 3039 2792 πέρα
3070 2724 3291 2793 μέτρου,
3335 2724 3548 2779 καὶτοῦ
3581 2727 3728 2780 εἰκό-

2139 2825 2248 2872 τως
2272 2808 2529 2863 ἐπέκεινα
2554 2811 2655 2881 τὴν
2684 2811 2879 2882 νοητὴν
2922 2814 3271 2884 ἐπιτηδεῦσαι
3316 2817 3592 2888 πορνείαν,
3636 2820 3731 2871 καὶ

2140 2902 2220 2965 εἰς
2256 2901 2410 2971 λῆξιν
2449 2903 2805 2975 αἰσχρότητος
2852 2905 2951 2973 τῆς
2993 2907 3331 2971 ἀποστασὶας
3361 2910 3545 2974 αὐτοῖς
3574 2910 3731 2982 ἔρχε-

2142 2990 2266 3043 σθαι
2290 2992 2359 3044 τὰ
2388 2992 2732 3064 ἐγκλήματα.
2767 3014 2784 3045 ι
2810 2996 3162 3067 Ἦγαπήκασι
3183 2999 3239 3073 δὲ
3272 3001 3366 3053 καὶ
3388 3000 3487 3072 τὴν
3503 3002 3729 3071 ἀτιμίαν

2140 3082 2204 3135 ἐκ
2230 3081 2606 3151 φρυαγμάτων
2632 3082 2834 3146 αὐτῶν,
2861 3102 2879 3133 ι
2910 3084 3210 3151 τουτέστιν,
3242 3086 3300 3153 ἐξ
3322 3086 3542 3158 ὑψηλῶν
3559 3087 3731 3160 nam.

2143 3170 2352 3239 μάτων,
2386 3170 2532 3241 ἆπερ
2552 3168 2717 3241 εἰχον,
2754 3172 2849 3224 ἐπὶ
2868 3172 2988 3244 Θεῷ
3013 3174 3108 3227 καὶ
3128 3173 3256 3246 δόξῃ
3285 3177 3351 3246 τῇ
3377 3176 3508 3247 παρ’
3536 3175 3731 3232 αὐτοῦ.

449 3269 740 3337 τοὺίῑοεζει
777 3268 1018 3329 onmium
1078 3268 1306 3337 pedibus
1340 3268 1551 3339 protriti
1606 3281 1795 3323 revera
1846 3281 2034 3323 evase-

2140 3261 2347 3315 Οὐκοῦν
2394 3263 2579 3332 ἄτιμοι
2628 3262 2720 3316 καὶ
2758 3265 3214 3336 κατερριμμένοι,
3254 3266 3464 3338 οἰκτροὶ
3494 3268 3589 3322 καὶ
3622 3286 3728 3321 πε-

448 3373 593 3421 runt.
632 3360 750 3419 Non
793 3362 939 3418 enim
983 3362 1050 3418 de
1093 3371 1294 3417 eaztero
1327 3362 1665 3418 vocabuntur
1711 3360 1901 3425 liberi;
1938 3361 2035 3414 sed

449 3457 632 3526 potius
669 3456 722 3511 in
765 3454 1151 3511 contumeliam
1206 3466 1262 3511 et
1310 3454 1664 3525 ignominiam
1711 3452 1928 3517 vadent,
1981 3460 2037 3506 et

453 3548 555 3603 sub
581 3546 814 3603 dominis
845 3547 1094 3618 tyrannis
1116 3555 1299 3603 erunt.
1337 3544 1541 3602 Verum
1574 3544 1706 3600 licet
1737 3544 1822 3601 bis
1853 3543 2032 3599 omni-

447 3640 550 3698 bus
585 3638 745 3696 simul
780 3638 1140 3695 stolidissima
1171 3638 1462 3693 multitudo
1493 3637 1751 3709 prraim
1791 3637 2033 3708 subjecta

432 3732 540 3795 sit,
586 3739 764 3786 tamen
808 3726 1068 3796 tu,Juda,
1114 3728 1188 3783 illi
1233 3727 1384 3783 fuisti
1417 3726 1582 3782 veluti
1621 3728 1838 3798 quidam
1878 3728 2035 3782 turbo

451 3821 643 3894 spiritu
700 3823 752 3877 in
826 3821 926 3878 alis
982 3821 1237 3877 volueris.
1296 3818 1507 3875 Noruut.
1552 3834 1743 3877 omnes
1798 3819 2034 3875 volatilia

448 3926 608 3972 vento
671 3914 974 3972 vehementi
1038 3927 1102 3969 ea
1159 3911 1504 3984 impellente,
1560 3920 1615 3968 et
1670 3921 1879 3968 tantum
1928 3927 2034 3967 non

422 4018 698 4079 cogente,
729 4006 921 4079 procul
947 4006 1113 4064 dubio
1143 4006 1334 4061 volare
1365 4004 1624 4061 celerius.
1679 4004 1823 4072 Ergo
1858 4003 2033 4072 prola-

445 4115 575 4172 psus
620 4109 705 4156 est
750 4098 936 4166 Israel,
969 4098 1294 4171 deﬂexitque
1332 4098 1400 4155 ad
1434 4098 1734 4169 apostasia.
1786 4094 1866 4150 Tu
1908 4110 2036 4149 vero

449 4191 596 4247 fuisti
634 4190 685 4246 ei
737 4208 757 4243 ι
791 4191 951 4246 turbo
998 4191 1221 4261 spiritus
1259 4191 1313 4246 in
1373 4189 1496 4246 alis.
1536 4207 1555 4242 ι
1591 4185 1903 4254 Quomodo,
1944 4194 2038 4239 aut

447 4299 555 4353 qua
586 4282 839 4339 ratione?
868 4280 1162 4353 Postquam
1196 4282 1343 4336 enim
1382 4281 1518 4336 vidit
1560 4289 1635 4344 te,
1670 4278 1762 4348 qui
1799 4290 1948 4332 esses
1981 4278 2033 4329 in

447 4374 569 4443 lege
601 4372 906 4438 institutus,
946 4372 1188 4426 divinum
1215 4370 1474 4440 templum
1510 4368 1731 4423 assiduo
1765 4366 2032 4432 trivisses,

445 4481 605 4524 sacra
651 4467 863 4537 legibus
899 4468 1155 4523 mandata
1192 4465 1516 4538 peregisses,
1547 4462 1657 4533 jam
1696 4461 1928 4515 inertem
1972 4473 2035 4514 ac

422 4559 703 4629 ‘supinum
761 4560 1065 4632 iisdemque
1116 4560 1358 4631 peccatis
1407 4556 1706 4625 illigatum,
1765 4552 2031 4607 maturius

2136 3374 2281 3428 πατη
2293 3359 2441 3426 μένοι
2457 3358 2744 3428 γεγόνασιν
2770 3359 3006 3431 ἀληθῶς,
3024 3360 3135 3414 τῶν
3160 3362 3407 3434 ἀρχαίων
3436 3365 3734 3435 φρυαγμά-

2133 3468 2243 3504 των
2270 3450 2758 3521 άπολισθήσαντες’
2792 3453 3153 3523 κεκλήσονται
3190 3454 3596 3529 γὰρὲλεύθεροι
3626 3456 3732 3526 μὲν

2134 3541 2355 3596 οὐκέτι·
2396 3542 2705 3613 βαδιοῦνται
2732 3544 2786 3598 δὲ
2821 3545 3021 3616 μᾶλλον
3051 3547 3131 3610 εἰς
3163 3545 3319 3617 ῦὸριν
3353 3548 3455 3601 καὶ·
3480 3549 3731 3619 ἀτιμίαν,

2136 3633 2231 3687 καὶ
2265 3634 2369 3690 ὑπὸ
2390 3638 2608 3707 πικροῖς
2641 3635 2855 3691 ἔσονται
2874 3637 3185 3703 δεσπόταις.
3223 3638 3363 3691 Ἀλλ’
3395 3640 3446 3693 εί
3480 3641 3574 3693 καὶ
3605 3641 3733 3693 τού-

2134 3743 2247 3791 τοις
2274 3725 2469 3793 ἆπασι,
2501 3729 2687 3797 φησὶν,
2718 3730 2752 3799 ἠ
2785 3730 3087 3802 ἀνουστάτη
3121 3730 3216 3784 τοῦ
3250 3730 3490 3804 Ἐφραῖμ
3520 3733 3733 3805 ὑπηνέ-

2137 3816 2242 3887 χθη
2279 3818 2509 3890 πληθύς⁹
2541 3818 2677 3887 ἀλλ’,
2701 3812 2745 3873 ὦ
2786 3820 2980 3891 Ἰούδα,
3003 3822 3067 3875 σὺ
3096 3822 3326 3891 γέγονας
3362 3823 3500 3894 αὐτῇ
3529 3818 3618 3878 οἷά
3640 3842 3732 3889 τις

2137 3906 2449 3977 πνεύματος
2483 3908 2785 3978 συστρορὴ,
2826 3909 2884 3962 ἐν
2910 3909 3138 3981 πτέρυξι
3167 3910 3437 3968 πετεινοῦ.
3476 3911 3634 3965 Ἔστι
3665 3913 3732 3966 δὲ

2136 3997 2300 4050 παντί
2329 4015 2430 4051 που
2452 3998 2631 4068 δῆλον,
2649 4000 2731 4052 ὅτι
2758 3998 2937 4070 πάντη
2968 4018 3027 4054 τε
3071 4002 3164 4055 καὶ
3187 4001 3405 4067 πάντως
3426 4002 3497 4057 τὰ
3520 4004 3732 4057 διιπτά-

2139 4101 2299 4153 μενα,
2336 4084 2651 4156 πνεύματος
2688 4087 2827 4141 αὑτά
2851 4090 3257 4162 προσωθοῦντος
3295 4092 3492 4161 βιαίου,
3537 4112 3730 4164 μονον-

2141 4178 2261 4245 ουχὶ
2306 4177 2400 4230 καὶ
2444 4177 2956 4246 ὲπαναγκάζοντος,
3015 4182 3281 4254 ὀξυτέραν
3324 4184 3446 4238 τότε
3488 4189 3728 4240 ποιεῖται

2135 4266 2233 4338 τὴν
2259 4268 2715 4339 πτῆσιν.“ούκοῦν
2746 4271 3005 4337 ἐξώκειλε
3039 4274 3137 4344 μὲν
3185 4277 3214 4328 ὀ
3268 4277 3481 4349 Ἰσραὴλ
3526 4279 3727 4333 ἀπονε-

2137 4359 2343 4424 νευκὼς
2377 4362 2456 4425 εἰς
2493 4362 2814 4418 ἀπόστασιν.
2848 4368 2918 4419 Σὺ
2939 4367 2993 4419 δὲ
3016 4368 3244 4437 γέγονας
3272 4370 3422 4441 αύτῷ
3457 4391 3474 4422 ι
3495 4372 3728 4443 Συστρο-

2139 4454 2214 4523 φὴ
2251 4454 2560 4525 πνεύματος
2595 4457 2651 4510 ἐν
2682 4459 2802 4521 ταῖς
2849 4460 3132 4530 πτέρυξι.)
3174 4461 3318 4525 Πῶς,
3364 4462 3397 4534 ἦ
3437 4465 3558 4518 τίνα
3598 4467 3725 4536 τρό-

2141 4563 2280 4614 πον;
2326 4548 2547 4620 Ἐπειδὴ
2596 4550 2715 4621 γὰρ
2755 4551 2813 4604 οὲ
2863 4551 3115 4605 τεθέαται
3150 4553 3241 4606 τὸν
3278 4554 3352 4626 τῷ
3380 4554 3530 4627 νόμῳ
3568 4557 3726 4611 παιδ-

446 4620 692 4705 descivit.
731 4620 1133 4706 Verumtamen.
1163 4650 1216 4704 in
1260 4620 1520 4710 dedecus,
1573 4653 1623 4699 et
1658 4644 1940 4714 pudorem,
1976 4651 2030 4697 et

2140 4640 2520 4711 αγωγούμενον
2544 4681 2559 4707 ,
2586 4642 2677 4696 τὸν
2700 4632 2828 4712 θείῳ
2872 4642 3278 4715 προσιζήσαντα
3321 4645 3453 4716 ναῷ,
3498 4647 3593 4700 καὶ
3620 4648 3723 4712 τὰς

427 4739 773 4810 ignominiam
803 4757 959 4799 suam
988 4741 1228 4797 inveniet
1259 4739 1452 4794 altaria
1483 4752 1604 4792 sua.

2137 4731 2276 4786 κατά
2311 4732 2473 4802 νόμον
2512 4733 2772 4787 τελοῦντα
2816 4734 3039 4798 θυσίας,
3076 4735 3456 4806 ῥᾳθυμοῦντα,
3487 4738 3580 4791 καὶ
3606 4739 3725 4801 τοῖς

448 4834 583 4898 ἴσοις
604 4832 1072 4905 πλημμελήμασιν
1098 4830 1430 4900 ἐνεχόμενον,
1493 4830 1752 4901 ὀξυτέραν
1809 4827 2102 4899 ἐποιήσατο
2138 4824 2235 4896 τὴν
2306 4824 2642 4895 ἀποδρομήν.
2717 4824 2860 4894 Πλὴν
2925 4826 3001 4887 εἰς
3074 4826 3335 4897 αἰσχύνην
3400 4828 3721 4901 εὑρήσουσι,

444 4928 539 4983 καὶ
585 4930 853 5000 ἐντροπῆς
900 4929 994 4982 καὶ
1031 4926 1255 4996 ἀτιμίας
1299 4923 1536 4995 πρόξενα
1566 4925 1634 4977 τὰ
1664 4924 2022 4993 θυσιαστήρια
2061 4920 2258 4976 αὐτῶν.

513 5021 626 5093 82
658 5020 844 5090 Itaque
873 5019 1128 5088 quoniam
1169 5018 1259 5087 qui
1289 5017 1535 5071 videmur
1560 5026 1733 5082 stare,
1754 5018 1820 5072 ad
1862 5018 2030 5073 hone-

450 5122 588 5166 stam
626 5111 792 5164 vitam
855 5117 908 5163 et
933 5107 1063 5162 nulli
1102 5104 1507 5177 reprehensioni
1535 5104 1745 5160 affinem
1782 5105 2025 5175 obligati,

448 5215 640 5272 segnes
678 5208 734 5255 et
768 5198 945 5269 ignavi
990 5198 1042 5251 in
1083 5198 1188 5253 hoe
1235 5196 1569 5259 invenimur;
1618 5195 1752 5263 imo,
1777 5194 2028 5249 similiter

451 5303 508 5345 ut
541 5293 653 5357 alii,
703 5291 795 5344 Dei
828 5287 1222 5358 beneplacitum
1279 5288 1576 5357 aspernati,
1628 5303 1733 5343 non
1766 5287 1937 5343 solum
1971 5287 2023 5340 in

450 5400 550 5437 nos
576 5385 722 5452 ipsos
754 5379 921 5448 iniqui
951 5380 1176 5446 erimus,
1203 5381 1297 5435 sed
1337 5394 1441 5434 una
1478 5379 1758 5435 nobiscum
1796 5379 2022 5449 perditis

447 5479 613 5531 etiam
656 5473 798 5539 aliis,
846 5474 1038 5543 duplex
1088 5473 1410 5544 supplicium
1441 5473 1851 5528 sustinebimus.
1889 5470 2023 5525 Nam

450 5584 572 5624 cum
612 5566 852 5622 seductis
897 5576 952 5621 et
996 5567 1239 5635 improbe
1284 5565 1590 5621 viventibus
1629 5565 1697 5619 ad
1733 5563 2023 5632 imaginem

448 5672 503 5715 et
536 5658 767 5713 formam
803 5658 1018 5712 virtutis
1068 5657 1331 5728 propositi
1373 5670 1495 5710 esse
1540 5654 1887 5714 debebamus,
1927 5665 2021 5705 oc-

445 5751 596 5806 casio
623 5751 859 5806 scandali
894 5750 1018 5804 facti
1057 5763 1266 5804 smnus.
1305 5747 1446 5814 Quid
1495 5746 1559 5799 ad
1595 5747 1705 5800 haec
1734 5744 2022 5799 Christus?

456 5860 476 5899 ι
511 5843 611 5914 Qui
651 5843 1097 5903 scandalizavcrit
1128 5856 1291 5897 unum
1322 5841 1387 5895 de
1415 5838 1621 5909 pusillis
1659 5838 1799 5905 istis,
1837 5839 1925 5907 qui
1972 5837 2023 5891 in

2208 5014 2439 5077 Οὐκοῦν,
2463 5015 2591 5066 ὅταν
2618 5012 2667 5063 οἱ
2696 5011 2981 5076 δοκοῦντες
3018 5014 3262 5076 ἑστάναι,
3296 5015 3478 5081 καλῶς
3512 5033 3570 5071 τε
3623 5020 3721 5071 καὶ

2134 5108 2551 5178 ἁνεπιπλήκτως
2578 5106 2883 5173 ὀφείλοντες
2906 5106 3236 5178 ζῇν,νωθροί
3259 5125 3315 5159 τε
3358 5110 3451 5162 καὶ
3484 5109 3719 5180 ρᾀυμοι

2135 5197 2264 5267 περὶ
2298 5197 2453 5250 τοῦτο
2507 5197 2896 5268 εὑρισκόμεθα·
2935 5198 3137 5268 μᾶλλον
3169 5198 3225 5251 δὲ
3256 5200 3348 5253 καὶ
3378 5201 3435 5255 ἐν
3474 5202 3573 5271 ἴσῳ
3605 5205 3717 5264 τοῖς

2132 5288 2312 5353 ἄλλοις
2340 5289 2550 5342 ἀθετεῖν
2603 5289 2865 5361 ᾑρημένοι
2911 5289 2971 5342 τὸ
3032 5290 3258 5344 ἀνδάνον
3287 5290 3363 5362 τῷ
3412 5292 3550 5363 Θεῷ,
3593 5294 3717 5364 οὐχὶ

2137 5378 2329 5446 μόνους
2362 5382 2585 5441 ἑαυτοὺς
2612 5379 2961 5449 ἀδικήσομεν,
3018 5381 3491 5450 προσαπολλύντες
3529 5383 3588 5436 δὲ
3621 5383 3717 5437 καὶ

2134 5469 2375 5539 ἐτέρους,
2406 5468 2600 5538 διπλῆν
2624 5468 3003 5540 ὑπομενοῦμεν
3033 5470 3131 5541 τὴν
3187 5471 3425 5526 κόλασιν.
3457 5472 3586 5526 Δέον
3608 5474 3714 5544 γὰρ

2133 5559 2453 5630 προκεῖσθαι
2470 5562 2581 5622 τοῖς
2611 5559 3072 5631 πεπλανημένοις,
3088 5563 3180 5614 καὶ
3205 5561 3303 5633 ζῇν
3319 5562 3419 5616 οὐκ
3440 5562 3715 5619 ἐθέλουσιν

2131 5651 2324 5721 ὀρθῶς,
2354 5652 2431 5714 εἰς
2461 5652 2645 5704 εἰκόνα
2666 5651 2757 5704 καὶ
2781 5651 3127 5708 ὑποτύπωσιν
3158 5653 3378 5724 ἀρετῆς,
3416 5655 3510 5709 καὶ
3545 5673 3711 5710 σκαν-

2131 5741 2289 5794 δάλου
2329 5741 2628 5813 γεγόναμεν
2656 5744 2900 5814 ἀφορμή.
2966 5743 3030 5795 Τί
3056 5740 3149 5797 οῦν
3177 5745 3205 5797 ὁ
3238 5745 3507 5817 Χριστόςς
3556 5762 3573 5797 ι
3614 5749 3711 5811 Ὃς

2134 5836 2227 5890 ἐὰν
2245 5835 2570 5908 σκανδαλίσῃ
2594 5836 2687 5889 ἕνα
2705 5834 2812 5887 τῶν
2829 5835 3041 5906 μικρῶν
3069 5836 3275 5891 τούτων
3300 5838 3409 5891 τῶν
3429 5839 3706 5894 πιστευόν-
