4094 6504
374 415 477 471 HI
1315 408 1873 468 COMMENTARIUS
1911 409 1980 464 ιχ
2021 408 2252 466 OSEAM
2298 409 2743 469 PROPIIETAM.
3568 419 3671 475 ΜΞ

362 549 485 585 των
544 530 627 594 εἱς
680 529 808 601 ἐμὲ,
845 531 1000 601 φησὶ,
1040 530 1306 600 συμφέρει
1346 527 1519 598 αὐτῷ,
1562 528 1649 579 ἵνα
1684 526 1978 599 κρεμασθῇ

2087 542 2176 581 me
2224 528 2476 593 credunt,
2516 528 2737 600 expedit
2787 529 2836 585 ei
2873 539 2933 585 ut
2981 530 3344 601 suspendatur
3388 535 3524 589 mola
3567 538 3673 591 asi-

367 622 543 694 μύλος
560 620 744 684 ὀνικὸς
780 622 912 691 περὶ
947 620 1040 676 τὸν
1072 620 1344 693 τράχηλον
1375 618 1565 684 αὑτοῦ,
1600 619 1694 672 καὶ
1732 634 1979 673 καταπον·

2086 620 2232 674 naria
2301 622 2352 674 in
2410 622 2549 676 collo
2582 621 2699 683 eius
2720 660 2735 681 .
2765 631 2819 677 et
2849 624 3197 694 demergatur
3227 626 3280 680 in
3344 627 3669 697 profundum

396 714 563 784 τισθῇ
589 715 647 768 ὲν
684 712 765 783 τῷ
796 713 1027 783 πελάγει
1047 714 1147 784 τῆς
1172 714 1471 783 θαλάσσης.
1508 733 1525 763 ι

996 851 1251 903 ΚΕΦΛΛ.
1295 851 1370 903 Ε’.

456 966 788 1019 Ἀκούσατε
810 965 1021 1028 ταῦτα,
1039 967 1090 1018 οἱ
1110 964 1306 1032 ἱερεῖς,
1331 964 1427 1018 καὶ
1444 965 1793 1035 προσέχετε,
1814 961 1978 1030 οἶκος

372 1058 660 1127 Ἰσραὴλ,
719 1059 819 1112 καὶ
875 1054 1037 1124 οἶκος
1090 1057 1198 1112 τοῦ
1243 1058 1574 1124 βασιλέως,
1611 1058 1975 1122 ἐνωτίζεσθε,

356 1151 523 1205 διότι
545 1149 697 1219 πρὸς
727 1149 887 1220 ὑμᾶς
920 1150 1051 1204 ἐστι
1085 1149 1154 1203 τὸ
1189 1151 1387 1220 κρῖμα,
1417 1149 1507 1204 ὅτι
1554 1150 1735 1220 παγίς
1765 1149 1976 1221 ἐγενή-

358 1250 515 1314 θητε
566 1245 643 1315 τῇ
700 1242 951 1311 σκοπιῇ,
1005 1244 1104 1297 καὶ
1164 1245 1238 1309 ὡς
1276 1244 1527 1300 δίκτυον
1576 1244 1979 1315 ἐκτεταμένον

356 1341 468 1395 ἐπὶ
504 1340 575 1394 τὸ
629 1338 975 1405 Ἰταϐύριον,
1010 1336 1042 1390 ὃ
1101 1339 1157 1391 οἱ
1204 1338 1565 1410 ἀγρεύοντες
1593 1337 1707 1408 τὴν
1746 1338 1974 1408 θήραν,

357 1432 741 1499 κατέπηξαν.

435 1549 573 1604 ΝΑ’.
616 1548 1107 1621 Προκατῃτιάσατο
1144 1547 1238 1601 τὸν
1267 1546 1493 1610 Ἰούδαν,
1536 1546 1615 1611 ὡς
1668 1545 1978 1618 πνεύματος

361 1642 685 1714 συστροφὴν
712 1642 977 1712 γεγονότα
1007 1641 1084 1712 τῷ
1120 1639 1359 1711 Ἰσραὴλῖ
1381 1639 1523 1693 κατά
1552 1655 1615 1707 γε
1648 1639 1742 1691 τὸν
1769 1638 1974 1710 ἀρτίως

358 1737 503 1805 ἡμῖν
528 1735 934 1807 προειρημένον
961 1736 1186 1803 τρόπον.
1218 1731 1526 1801 Μεθίστησι
1569 1728 1626 1782 δὲ
1660 1729 1848 1782 λοιπὸν
1887 1728 1978 1782 τὸν

358 1831 465 1899 τῆς
498 1827 846 1897 ὲπιπλήξεως
877 1827 1035 1896 λόγον
1067 1827 1162 1880 ἐπὶ
1190 1827 1316 1889 τοὺς
1363 1824 1463 1895 τῆς
1502 1823 1720 1894 ἀπάτης
1752 1825 1846 1877 καὶ
1879 1824 1978 1893 τῆς

2084 713 2248 766 maris
2274 714 2336 764 ’“.
2377 733 2392 763 ι

2746 851 2895 910 CAP.
2946 852 3009 906 V.

2156 966 2321 1019 Vens.
2361 967 2410 1025 ‘l.
2455 968 2508 1021 Ξ.
2558 969 2751 1022 Audite
2787 969 2920 1031 hare,
2955 970 3275 1035 sacerdotes,
3309 982 3355 1026 et
3393 974 3671 1037 attendite,

2082 1060 2269 1113 domus
2296 1059 2485 1127 Israel,
2514 1072 2560 1115 et
2596 1062 2782 1115 domus
2816 1078 2972 1131 regis,
3002 1063 3222 1117 auribus
3247 1066 3516 1135 percipile,
3548 1068 3672 1137 quia

2081 1152 2150 1203 ad
2204 1168 2291 1203 vos
2346 1163 2419 1205 est
2454 1152 2756 1221 judicium,
2806 1156 3059 1223 quoniam
3105 1155 3324 1226 laqueus
3371 1157 3500 1227 [acti
3550 1162 3674 1213 estis

2079 1237 2452 1307 speculationi,
2486 1249 2536 1294 et
2562 1241 2695 1294 sicut
2723 1253 2827 1295 rete
2850 1259 3141 1312 expansum
3173 1262 3331 1315 super
3352 1245 3673 1319 Itabyrium,

2079 1329 2218 1397 quod
2255 1330 2345 1398 qui
2372 1331 2587 1399 capiant
2616 1334 2966 1399 venationem,
2992 1335 3381 1405 depanxerunt.

2151 1528 2240 1587 Ll.
2283 1530 2578 1589 Acettsavit
2614 1546 2774 1592 antea
2804 1537 3023 1605 Judam,
3058 1548 3116 1597 ut
3149 1543 3417 1600 turbinem
3451 1546 3677 1617 spiritus

2082 1621 2290 1677 factum
2323 1621 2536 1692 lsraeli,
2563 1625 2719 1696 juxta
2750 1632 3018 1688 rationem
3049 1648 3077 1687 a
3114 1636 3275 1690 nobis
3315 1637 3479 1694 modo
3508 1638 3677 1711 expli-

2081 1724 2281 1772 catam.
2344 1717 2617 1791 Deinceps
2669 1724 2833 1779 verba
2879 1726 3278 1797 obiurgationis
3337 1729 3404 1785 ad
3448 1730 3675 1788 fallacia:

2081 1815 2137 1862 et
2186 1809 2525 1880 deceptionis
2573 1813 2908 1882 inventores,
2955 1826 3009 1871 et
3035 1819 3101 1873 ad
3130 1819 3303 1875 morbi
3335 1830 3387 1876 et
3422 1824 3677 1879 amentia:

363 1898 597 1991 πλάνης
647 1919 900 1990 εὑρετὰς,
957 1918 1053 1972 καὶ
1101 1917 1201 1989 τὴν
1238 1916 1341 1986 τῆς
1392 1915 1740 1985 ἀποπληξίας
1793 1914 1979 1975 αὐτοῖς

2086 1898 2246 1969 hujus
2267 1910 2523 1958 auctores
2547 1908 2837 1961 convertit.
2871 1906 2932 1962 lli
2966 1920 3125 1965 erant
3150 1913 3464 1970 sacerdotes
3489 1930 3677 1972 emen-

360 2012 816 2084 προξενήσαντας
837 2011 1013 2065 νόσον.
1038 2003 1197 2064 Οὗτοι
1225 2009 1281 2062 δὲ
1307 2004 1449 2079 ἦσαν
1466 2008 1515 2061 οἱ
1546 2008 1711 2078 ἱερεῖς
1738 2006 1790 2058 οἱ
1814 2005 1975 2075 ψευδ-

359 2106 613 2176 ώνυμοι,
664 2106 759 2158 καὶ
787 2104 891 2160 οὐκ
923 2103 984 2169 ἐξ
1013 2103 1245 2173 αἵματος
1272 2100 1363 2155 τοῦ
1403 2099 1553 2164 Λευῒ,
1610 2099 1727 2153 ἀλλ’
1759 2099 1976 2169 ὠνητὴν

360 2200 589 2270 ἔχοντες
618 2198 720 2270 τὴν
772 2195 1098 2266 ἱερωσύνην,
1156 2198 1252 2250 καὶ
1288 2196 1568 2266 χρήμασιν
1618 2193 1977 2265 ἐκπριάμενοι

359 2294 425 2346 τὸ
446 2294 563 2346 δεῖν
597 2291 840 2355 εἰδώλοις
874 2289 1202 2361 ἱερουργεῖν.
1238 2288 1556 2359 Γέγραπται
1592 2287 1701 2359 γὰρ
1730 2288 1859 2360 περὶ
1880 2287 1975 2341 τοῦ

375 2386 693 2457 Ἰεροῦοὰμ,
729 2385 813 2438 ὃτι
839 2402 858 2436 ι
895 2384 955 2437 Ὀ
997 2383 1321 2454 βουλόμενος
1377 2381 1616 2454 ἐπλήρου
1674 2382 1773 2453 τὴν
1817 2383 1978 2452 χεῖρα

360 2479 561 2541 αὑτοῦ,
590 2480 688 2532 καὶ
720 2478 935 2547 ἐγίνετο
965 2477 1145 2547 ἱερεὺς
1175 2474 1286 2528 τῶν
1322 2474 1565 2546 ὑψηλῶν.
1597 2495 1616 2528 t
1657 2475 1859 2545 Ἕρπει
1911 2475 1976 2546 δὴ

361 2568 460 2624 οὖν
496 2571 726 2633 εἱκότως
757 2570 786 2622 ό
817 2569 977 2639 λόγος
1010 2569 1097 2621 ἐπ’
1129 2567 1328 2631 αὐτούς
1358 2586 1416 2620 τε
1461 2568 1587 2631 τοὺς
1622 2567 1976 2639 ἱερουργοὺς,

360 2664 463 2717 καὶ
487 2663 583 2715 ἐπὶ
606 2662 698 2715 τὸν
724 2656 876 2716 οἷκον
938 2660 1032 2715 τοῦ
1066 2660 1355 2731 βασιλέως,
1395 2657 1976 2730 συμπεριειλημμένου

359 2758 492 2818 ταῖς
514 2755 722 2818 αἱτίαις
757 2753 853 2807 καὶ
876 2751 1044 2808 αὑτοῦ
1083 2750 1177 2806 τοῦ
1235 2750 1474 2823 Ἰσραήλ.
1533 2752 1597 2803 Οἱ
1645 2749 1744 2821 μὲν
1774 2749 1885 2821 γὰρ
1910 2750 1979 2804 τὰ

362 2848 512 2920 πρὸς
559 2847 826 2901 σύστασιν
874 2846 975 2917 τῆς
1021 2844 1439 2917 εἰδωλολατρίας
1478 2842 1717 2912 ἕφασκόν
1755 2860 1815 2896 τε
1882 2844 1980 2896 καὶ

361 2941 580 3011 ἔδρων,
644 2936 872 3009 βωμοὺς
918 2937 1276 3000 ἀνιστάντες,
1335 2934 1566 2998 σπονδὰς
1632 2934 1728 2990 καὶ
1788 2932 1980 2997 Θυσίας

361 3030 773 3101 προσάγοντες,
804 3029 899 3083 καὶ
933 3030 1034 3099 τὴν
1080 3029 1178 3097 τῆς
1211 3027 1488 3091 ἀπωλείας
1527 3028 1643 3091 τοῖς
1675 3027 1978 3097 ἀπατωμέ-

359 3140 481 3186 νοις
515 3122 946 3193 κατευρῦνοντες
976 3120 1186 3193 τρίϐον.
1214 3120 1451 3192 Εὑρεταὶ
1482 3119 1539 3174 δὲ
1574 3122 1677 3191 τῆς
1732 3117 1976 3191 πλάνης,

360 3216 415 3267 cl
450 3214 723 3285 βασιλεῖς.
748 3213 1043 3285 Τοιγάρτοι
1063 3228 1171 3283 φησ
1224 3213 1361 3284 πρὸς
1386 3211 1606 3277 αὐτοὺς,
1636 3212 1719 3264 ὅτι
1756 3228 1777 3263 ι
1804 3211 1979 3280 Παγὶς

2081 1992 2178 2047 tito
2224 1994 2467 2061 nomine,
2505 2012 2604 2052 nec
2644 1998 2709 2054 de
2750 2001 3017 2071 sanguine
3043 2001 3211 2071 Levi;
3251 2014 3410 2074 et,ut
3452 2018 3678 2078 possent

2079 2085 2241 2143 idolis
2291 2090 2628 2157 sacriﬁcare,
2679 2097 3055 2152 sacerdotium
3089 2101 3270 2171 pretio
3302 2102 3407 2158 sibi
3452 2118 3680 2175 compa-

2079 2189 2357 2235 raverant.
2392 2180 2667 2254 Scriptum
2698 2195 2783 2242 est
2829 2188 2974 2244 enim
3011 2191 3077 2248 de
3116 2191 3406 2250 Jeroboam
3442 2216 3458 2253 :
3494 2214 3515 2248 ι
3546 2196 3679 2265 Qui-

2080 2284 2292 2341 cunque
2335 2272 2573 2341 volebat,
2624 2277 2885 2348 implebat
2928 2296 3148 2338 manum
3178 2299 3368 2355 suam,
3404 2295 3459 2343 et
3506 2287 3679 2345 ﬁebat

2078 2366 2343 2421 sacerdos
2378 2366 2719 2424 excelsorum
2745 2373 2813 2424 '9.
2854 2392 2871 2425 ι
2908 2370 3038 2430 Jure
3078 2376 3243 2444 igitur
3281 2392 3463 2435 sermo
3488 2394 3679 2451 proce-

2082 2457 2160 2512 dit
2202 2460 2270 2514 ad
2327 2463 2646 2519 sacerdotes
2706 2463 2856 2535 ipsos
2908 2477 2967 2524 et
3008 2470 3075 2524 ad
3122 2470 3342 2526 domum
3394 2472 3572 2544 regis;
3623 2483 3680 2530 et

2079 2546 2248 2605 Israel
2278 2551 2395 2623 ipse
2427 2554 2589 2609 simul
2630 2571 2942 2614 accusatur.
2971 2561 3050 2615 llli
3086 2564 3232 2619 enim
3264 2580 3385 2635 quae
3414 2567 3483 2622 ad
3514 2568 3681 2624 idolo.

2079 2639 2296 2696 latriam
2352 2646 2788 2703 constituendam
2845 2654 3183 2720 pertinerent
3225 2664 3281 2713 et
3321 2658 3581 2715 dicebant
3622 2670 3681 2716 et

2081 2732 2372 2805 faciebant,
2404 2752 2531 2795 aras
2559 2740 2856 2811 erigentes,
2894 2744 3157 2803 libamina
3180 2756 3235 2803 et
3259 2749 3508 2807 victimas
3536 2750 3677 2808 oﬂ'e-

2082 2834 2306 2894 rentes,
2364 2838 2419 2884 et
2472 2830 2792 2901 perditionis
2847 2834 2990 2890 viam
3057 2838 3303 2895 seductis
3360 2840 3678 2900 dilatantes.

2082 2919 2378 2979 Architecti
2434 2932 2616 2980 autem
2656 2927 2862 2984 erroris
2911 2940 3071 2986 erant
3125 2946 3301 3003 reges.
3340 2933 3572 2993 Proinde
3610 2938 3679 2993 ad

2083 3013 2203 3069 illos
2248 3014 2324 3071 ait
2356 3033 2370 3070 :
2404 3034 2422 3068 ι
2458 3015 2659 3086 Laquei
2715 3017 2844 3075 facti
2895 3021 3031 3077 estis
3074 3024 3453 3095 speculationi.
3487 3045 3508 3082 ι
3542 3028 3680 3101 Spe-
3780 3016 3781 3019 η

2083 3106 2410 3164 cnlationem
2467 3119 2626 3167 vocat
2687 3115 2790 3168 sub
2852 3114 3238 3174 sacerdotibus
3293 3118 3407 3190 (qui
3459 3122 3681 3191 quidem

2084 3211 2245 3255 erant
2294 3201 2409 3257 veri
2462 3203 2822 3277 sacerdotes),
2876 3216 2931 3263 et
2989 3208 3094 3264 sub
3150 3208 3285 3278 ipsis
3342 3211 3684 3286 principibus

362 3307 676 3378 ἐγενήθητε
696 3309 764 3379 τῇ
796 3308 1018 3378 σκοπιᾷ.
1045 3327 1063 3359 ι
1099 3306 1340 3360 Σκοπιὰν
1382 3305 1439 3358 δὲ
1470 3305 1619 3373 λέγει
1649 3303 1748 3375 τὴν
1788 3302 1893 3357 ὑπό
1921 3321 1979 3372 γε

2090 3294 2551 3362 speculationem,
2618 3311 2717 3353 seu
2781 3315 2971 3356 curam
3037 3302 3243 3374 populi.
3315 3302 3686 3374 Speculantur

360 3400 483 3452 τῶν
522 3400 737 3469 ἱερέων,
764 3398 926 3471 εἴπερ
955 3395 1095 3470 ἦσαν
1128 3400 1298 3464 ὅντως
1328 3400 1517 3470 ἱερεῖς,
1551 3398 1647 3452 καὶ
1679 3398 1771 3451 ὑπ’
1800 3395 1983 3451 αὐτῶν

359 3491 426 3544 δὲ
460 3490 579 3543 τῶν
627 3492 953 3561 ἡγουμένων
1012 3493 1529 3564 περισκοπουμένην
1564 3489 1808 3562 πληθύν·
1856 3490 1985 3558 Ἐφ-

360 3584 544 3655 ορῶσι
575 3585 688 3655 γὰρ
717 3584 873 3638 αὐτοὶ
902 3584 963 3638 τὸ
993 3585 1257 3655 ὑπήκοον·
1293 3584 1326 3655 ἢ
1358 3586 1454 3639 καὶ
1477 3582 1791 3655 ἁφορῶνται
1833 3582 1986 3653 παρὰ

360 3675 479 3730 τῶν
514 3676 625 3730 ὑπὸ
655 3679 836 3748 χεῖρα,
869 3679 966 3731 καὶ
998 3679 1232 3747 ὅποιπερ
1252 3677 1319 3732 ἂν
1349 3682 1460 3740 τοῖς
1491 3677 1753 3751 κρατοῦσι
1786 3675 1982 3741 δόξειε,

359 3769 800 3842 παρατρέπουσι
830 3770 893 3824 τὸ
926 3770 1186 3843 ὑπήκοον·
1214 3772 1408 3826 ’ἐπεται
1438 3772 1495 3826 δὲ
1522 3773 1635 3835 τοῖς
1679 3770 1786 3823 τῶν
1820 3771 1985 3841 ἡγου-

364 3862 559 3933 μένων
593 3862 868 3935 θελήμασι
902 3864 964 3918 τὸ
992 3864 1423 3936 ὑπεζευγμένοι).
1474 3864 1741 3935 Γεγόνατε
1775 3864 1980 3927 τοίνυν,

362 3956 568 4026 φησὶν,
592 3956 669 4020 ὡς
692 3959 861 4026 παγὶς
892 3960 958 4029 τῇ
987 3958 1076 4028 ὑφ’
1096 3959 1250 4030 ὑμῶν
1279 3959 1727 4031 ὲπισκοπουμένῃ
1759 3956 1979 4029 πληθύῖ,

362 4049 511 4119 ἦτοι.
535 4050 604 4119 τῇ
629 4049 710 4112 εἱς
740 4050 886 4120 ὑμᾶς
911 4051 1175 4123 ἁφορώσῃ
1218 4052 1402 4122 τυχόν.
1442 4072 1460 4105 ι
1499 4052 1767 4121 Γεγόνατε
1802 4050 1859 4104 δὲ
1889 4052 1982 4103 καὶ

364 4139 450 4202 ὡς
476 4138 698 4194 δίκτυον
717 4142 1081 4212 ἐκτεταμένον
1106 4143 1200 4196 ἐπὶ
1225 4145 1286 4196 τὸ
1330 4144 1647 4216 Ἰταϐύριον.
1681 4164 1698 4195 ι
1733 4144 1897 4214 Ὄρος
1927 4142 1983 4195 δὲ

2091 3386 2235 3442 enim
2268 3388 2395 3459 ipsi,
2427 3400 2482 3447 et
2516 3392 2814 3464 inspiciunt
2854 3396 3143 3464 sdbditos;
3186 3406 3281 3454 aut
3308 3399 3473 3455 etiam
3508 3400 3683 3472 inspi-

2090 3479 2312 3537 ciuntur
2338 3498 2369 3539 a
2403 3485 2659 3553 subditis,
2700 3496 2755 3543 et
2785 3503 2892 3559 quo
2922 3489 3162 3547 dominis
3192 3491 3371 3548 visum
3402 3492 3590 3561 fuerit,
3619 3510 3688 3552 eo

2092 3574 2340 3633 subditos
2378 3587 2669 3646 avertunt,
2707 3580 2819 3653 83
2850 3581 2941 3652 qui
2986 3583 3325 3641 voluntatem
3378 3587 3686 3657 principum

2094 3678 2422 3738 sequuntur.
2449 3671 2653 3728 Fuistis
2684 3674 2872 3745 igitur,
2910 3676 3113 3747 inquit,
3147 3687 3205 3732 ut
3239 3677 3469 3749 laqueus
3499 3678 3689 3736 multi-

2094 3762 2264 3817 tudini
2320 3779 2483 3833 quam
2531 3767 2928 3838 speculamini,
2987 3780 3082 3826 aut
3127 3773 3362 3833 fortasse
3411 3788 3533 3844 quae
3593 3789 3689 3831 vos

2092 3854 2427 3924 speculatur,
2486 3876 2505 3909 ι
2536 3868 2590 3914 et
2634 3859 2816 3917 ruistis
2874 3872 2934 3918 ut
2985 3873 3103 3920 rete
3173 3880 3475 3938 expansum
3525 3882 3691 3939 super

2092 3946 2428 4019 ltabyrium,
2464 3968 2483 4003 ι
2542 3952 2633 4022 qui
2676 3963 2761 4009 est
2806 3970 2961 4011 mons
3002 3955 3241 4014 Galilteae
3272 3959 3686 4027 nobilissimus,

2092 4041 2333 4098 ferarum
2371 4043 2663 4113 aviumque
2693 4056 2894 4101 venatu
2943 4047 3104 4120 longe
3135 4051 3440 4108 ditissimus
3465 4062 3692 4122 propter

2092 4136 2493 4203 celsitudinem,
2527 4137 2821 4194 arboribus
2853 4155 2916 4195 ac
2964 4141 3253 4198 fruticibus
3302 4144 3688 4205 densissimus.

364 4234 538 4287 τοῦτο
586 4235 1079 4305 περιφανέστατον,
1133 4238 1192 4290 ὲν
1253 4240 1320 4308 τῇ
1377 4236 1640 4308 Γαλιλαίᾳ
1704 4237 1978 4307 κείμενον,
2056 4231 2321 4301 πλείστην
2382 4247 2441 4283 τε
2500 4231 2634 4303 ὅσην
2683 4234 2781 4286 καὶ
2835 4235 3128 4307 ἀμφιλαφῆ
3199 4237 3300 4309 τὴν
3352 4239 3529 4311 ἄγραν
3567 4238 3692 4311 ἔχον

368 4330 587 4403 Θηρίων
620 4347 679 4383 τε
733 4331 829 4383 καὶ
883 4332 1127 4403 πτηνῶν,
1159 4333 1247 4386 διὰ
1280 4334 1340 4387 τὸ
1393 4330 1562 4406 ἦρθαί
1596 4352 1656 4388 τε
1694 4324 1854 4405 ὑψοῦ,
1922 4332 2016 4387 καί
2056 4327 2528 4384 καταδασύνεσθαι
2563 4330 2771 4402 σφόδρα
2803 4332 3029 4404 δρυμοῖς
3055 4351 3115 4388 τε
3169 4336 3263 4390 καὶ
3292 4336 3544 4409 λόχμαις.

460 4423 613 4494 Ἐγὼ
670 4423 738 4476 δὲ
810 4423 1141 4493 παιδευτὴς
1218 4425 1387 4496 ὑμῶν
1418 4468 1433 4492 ,
1469 4427 1584 4497 ἐγὼ
1636 4428 1830 4496 ἔγνων
1884 4426 1979 4479 τὸν

2171 4421 2337 4477 Vens.
2366 4423 2420 4477 5.
2447 4423 2559 4493 Ego
2611 4441 2729 4480 vero
2781 4427 3019 4481 eruditor
3056 4439 3244 4499 vester,
3312 4448 3406 4504 ego
3470 4438 3691 4506 cognovi

381 4516 668 4585 ’Egpam,
698 4514 799 4572 καὶ
841 4516 1094 4585 Ἰσραὴλ
1125 4519 1236 4571 οὐκ
1261 4519 1497 4587 ἀπέστη
1533 4521 1635 4575 ἀπ’
1668 4520 1836 4588 ἐμοῦ.

449 4607 582 4659 NB'.
621 4608 684 4659 Οἱ
709 4607 809 4677 μὲν
835 4602 928 4660 οὖν
960 4609 1150 4678 ἱερεῖς,
1179 4610 1274 4661 καὶ
1319 4609 1424 4681 μὴν
1453 4612 1546 4664 καὶ
1583 4612 1632 4664 οἱ
1657 4612 1715 4678 ἐξ
1748 4613 1981 4683 αἵματος

372 4697 700 4770 βασιλικοῦ,
734 4698 901 4761 λίνον,
941 4701 1038 4753 καὶ
1068 4702 1243 4770 πάγη,
1272 4702 1367 4755 καὶ
1398 4701 1540 4773 Θήρα
1569 4706 1829 4773 γεγόνασι
1869 4709 1983 4770 τοῖς

366 4789 548 4851 λαοῖς,
582 4787 783 4860 θυμιᾷν
833 4792 947 4854 τοῖς
1006 4791 1260 4862 δαίμοσιν
1311 4794 1719 4861 ἐπιτάττοντες,
1752 4799 1843 4852 καὶ

366 4899 437 4949 γε
460 4880 575 4933 τῶν
603 4882 782 4935 ἄλλων
813 4883 1051 4955 δρῶντες
1078 4885 1253 4951 αὐτοὶ,
1288 4887 1384 4940 καὶ
1418 4890 1634 4960 φρονεῖν
1660 4889 1983 4947 ἀναπείθον-

366 4993 463 5038 τες
492 4973 528 5028 ἃ
554 4974 630 5045 μὴ
673 4975 850 5046 θέμις,
889 4980 985 5031 καὶ
1012 4980 1127 5041 τοῖς
1152 4979 1383 5044 ἀνοσίως
1412 4980 1807 5053 ἐξηυρημένοις
1846 4984 1984 5039 πλά-

368 5082 475 5135 νης
541 5067 772 5139 ἑτέρους
830 5071 1279 5141 προσεπάγοντες
1328 5074 1605 5145 τρόπους,
1659 5076 1730 5130 τὰ
1776 5077 1982 5150 ὑψηλὰ,

370 5161 544 5231 φημὶ,
587 5160 681 5213 τὸν
714 5160 1062 5235 Βεελνρεγὼρ,
1095 5165 1154 5218 τὸ
1188 5166 1299 5218 τῶν
1352 5168 1621 5224 Σιδωνίων
1666 5170 1980 5242 βδέλυγμα,

368 5254 466 5306 τὸν
500 5253 675 5318 Βάαλ,
731 5254 828 5308 τὸν
852 5256 1078 5327 Χαμώς.
1105 5260 1367 5314 Ἐσεσθαι
1396 5261 1453 5315 δὲ
1485 5263 1665 5317 αὐτῶν
1689 5265 1982 5341 παιδευτὴς

369 5345 563 5409 αὐτὸς.
597 5348 694 5398 καὶ
732 5347 834 5400 οὐκ
864 5348 945 5411 εἱς
977 5351 1217 5420 μακράν,
1267 5353 1704 5423 ἐπαγγέλλεται,
1754 5360 1829 5425 ὡς
1860 5363 1984 5416 ὅσον

368 5437 594 5490 οὐδέπω
651 5438 722 5491 τὰ
782 5439 847 5493 ἐκ
887 5440 1062 5513 θυμοῦ
1120 5444 1217 5498 καὶ
1269 5445 1442 5515 ὀργῆς
1490 5447 1769 5519 ἐπιθήσων
1815 5454 1981 5509 κακά.

374 5530 536 5598 Ἔχει
564 5530 624 5583 δὲ
648 5531 711 5583 τὸ
738 5531 971 5604 ἀτρεκὲς
1001 5536 1029 5587 ὁ
1056 5535 1236 5604 λόγος.
1274 5538 1338 5589 Οἱ
1369 5537 1469 5608 μὲν
1492 5538 1601 5610 γὰρ
1628 5541 1685 5607 ἐξ
1711 5544 1859 5597 οἴκου
1886 5545 1981 5600 τοῦ

370 5621 667 5691 βασιλικοῦ
719 5622 923 5688 δειναῖς
961 5628 1056 5680 καὶ
1084 5628 1349 5697 ἀφύκτοις
1382 5632 1730 5703 ἐνισχημένοι
1769 5654 1981 5709 συμφο-

370 5714 521 5784 ραῖς,
546 5714 598 5765 οἱ
631 5713 734 5783 μὲν
761 5714 1069 5783 διολώλασι,
1090 5720 1234 5773 κατά
1261 5737 1324 5788 γε
1358 5721 1457 5793 τὴν
1482 5724 1663 5778 πίστιν
1685 5726 1793 5782 τῶν
1820 5730 1980 5801 ἱερῶν

448 5896 496 5929 ¹⁸
539 5896 736 5951 Matth.
777 5911 932 5964 xvm,
968 5898 1019 5952 6.
1102 5902 1143 5933 '9
1179 5899 1246 5955 Ill
1280 5902 1411 5972 Reg.
1456 5908 1692 5969 xm,’55.

2081 4512 2364 4585 Epltraim,
2397 4528 2444 4571 et
2475 4515 2648 4573 Israel
2678 4535 2782 4573 non
2811 4522 3024 4576 recessit
3050 4541 3081 4578 α
3109 4540 3209 4580 me.

2167 4629 2277 4685 Lll.
2302 4628 2628 4689 Sacerdotes
2656 4635 2841 4705 igitur,
2869 4647 3033 4707 atque
3065 4640 3229 4693 etiam
3289 4641 3437 4713 regio
3470 4645 3692 4713 sangui-

2084 4740 2151 4780 ne
2178 4726 2431 4795 prognati
2462 4736 2599 4791 rete,
2633 4737 2688 4783 et
2717 4728 2968 4800 laqueus,
2997 4741 3050 4786 et
3084 4732 3300 4789 venatio
3323 4736 3521 4804 pepulo
3557 4737 3686 4794 iaeti

1876 4800 1982 4896 ῗτρά
2083 4828 2229 4882 sunt,
2261 4820 2538 4875 incensum
2559 4821 2899 4878 dmmonibns
2931 4825 3150 4881 adolere
3178 4826 3537 4896 jnbentes,et
3562 4840 3690 4887 ante

2090 4910 2226 4966 alios
2256 4911 2355 4982 ipsi
2376 4921 2430 4966 et
2452 4910 2737 4980 iacientes,
2759 4923 2813 4969 et
2846 4918 3052 4972 sentire
3104 4918 3397 4976 suadentes
3454 4921 3688 4991 nefaria,

2091 5013 2148 5059 et
2182 5003 2410 5059 aliorum
2437 5004 2599 5076 impia
2623 5007 2876 5063 inventa:
2910 5011 3145 5079 excelsa,
3172 5013 3410 5084 inquam,
3437 5015 3691 5086 Beelpbe-

2094 5109 2211 5163 εον,
2232 5096 2693 5155 abominationem
2718 5100 3087 5170 Sidoniorum,
3114 5106 3264 5173 Baal,
3284 5108 3690 5167 Cbamosnovis

2099 5189 2403 5245 rationibus
2430 5192 2763 5249 seductionis
2794 5195 3210 5265 ampliﬁcantes.
3242 5198 3382 5255 Fore
3400 5210 3583 5256 autem
3629 5218 3690 5259 se

2091 5294 2278 5336 eorum
2308 5284 2662 5353 eruditorem,
2697 5303 2797 5343 nec
2827 5288 2901 5343 ita
2946 5290 3115 5347 multo
3130 5302 3274 5361 post,
3297 5292 3602 5362 pollicetur,
3630 5306 3691 5349 ut

2095 5386 2220 5425 mox
2250 5387 2356 5442 pro
2385 5373 2569 5430 furore
2594 5388 2645 5432 et
2689 5377 2766 5432 ira
2798 5394 2893 5433 sua
2936 5381 3114 5449 ptenis
3149 5395 3243 5437 eos
3275 5392 3686 5452 prosecuturus.

2092 5461 2161 5516 Et
2184 5478 2343 5520 verus
2407 5476 2492 5522 est
2518 5483 2718 5525 sermo.
2748 5469 2886 5525 Nam
2914 5474 3002 5541 qui
3029 5485 3185 5529 erant
3215 5475 3281 5529 de
3322 5476 3482 5531 domo
3515 5478 3691 5548 regia,

2093 5554 2372 5610 atrocibus
2418 5565 2473 5611 et
2505 5558 2907 5617 inevitabilibus
2932 5564 3089 5620 malis
3121 5567 3426 5635 constricti,
3480 5568 3569 5622 alii
3603 5584 3692 5639 pe-

2089 5645 2319 5714 rierunt,
2357 5647 2508 5717 juxta
2539 5655 2905 5709 narrationem
2969 5666 3282 5712 sanctarum
3329 5659 3689 5727 Litterarum;

2087 5737 2176 5795 alii
2193 5738 2462 5807 abierunt,
2480 5743 2897 5814 Babyloniorum
2934 5748 3318 5824 Medorumque
3349 5753 3687 5825 tyrannidem
