4094 6496
351 382 454 437 Hii

1342 378 1411 435 'S.
1451 378 1726 435 CYRILLI
1762 375 2231 433 ALEXANDRINI
2274 377 2597 434 ABCHIEP.

3512 382 3615 438 ιιι

350 494 630 566 perlaturi.
688 491 863 549 Occisi
916 503 1039 556 sunt
1091 505 1270 550 autem
1323 497 1543 563 misere,
1598 498 1706 551 imo
1752 496 1919 565 juste,

2030 496 2398 567 Γραμμάτων·
2437 496 2485 548 οἱ
2516 495 2571 549 δὲ
2608 493 2907 565 ἀπῲχοντο,
2942 497 3060 559 ταῖς
3111 494 3468 551 Βαϐυλωνίων
3525 492 3619 550 καὶ

346 587 882 655 pseudosaeerdutes,
920 597 972 639 et
1031 589 1257 656 pecunia
1307 591 1535 656 gradum
1598 589 1741 643 hunc
1804 588 1933 641 ade-

344 678 446 746 pti,
486 677 574 731 alii
608 692 634 730 a
662 675 821 741 Jehu,
851 679 940 731 alii
978 692 1006 732 a
1039 678 1208 746 Josia,
1240 679 1331 747 qui
1368 678 1467 734 fuit
1498 695 1565 735 ex
1594 681 1737 734 tribu
1790 678 1927 734 Juda

346 768 459 823 sive
490 769 654 822 David
682 768 745 822 δυ.
777 770 949 839 Atque
994 770 1095 824 hoc
1134 770 1217 823 vir
1258 768 1351 823 Dei
1383 811 1399 838 ,
1429 771 1772 826 sacriﬁcante
1832 771 1931 825 ali-

345 860 560 928 quando
595 859 881 914 Jeroboam
924 870 978 916 et
1030 873 1207 918 stante
1251 863 1318 917 ad
1373 864 1567 931 altare,
1602 864 1930 917 vaticinatus

344 961 449 1015 est,
478 952 561 1007 his
586 954 765 1008 verbis
794 971 805 1006 :
838 972 857 1006 ι
895 955 1099 1019 Altare,
1122 956 1310 1018 altare.
1339 956 1452 1012 lucc
1483 957 1609 1011 dicit
1640 957 1925 1011 Dominus:

344 1041 482 1094 Ecce
522 1042 762 1097 nascitur
796 1044 936 1100 ﬁlius
963 1045 1015 1099 in
1050 1046 1212 1099 domo
1268 1046 1455 1111 David,
1499 1044 1676 1101 Josias
1731 1061 1927 1101 nomen

343 1127 481 1197 ejus,
517 1139 570 1185 et
603 1142 765 1200 ponet
815 1148 978 1203 super
1008 1143 1058 1185 te
1095 1137 1407 1189 sacerdotes
1453 1134 1814 1201 exeelsorum,
1846 1150 1929 1189 sa-

345 1220 651 1277 criﬁcantes
671 1236 833 1293 super
859 1232 911 1277 te
940 1223 1004 1276 ³⁸.
1023 1240 1038 1271 ι
1061 1220 1243 1292 itaque
1264 1223 1625 1277 comminatus
1648 1233 1730 1278 est
1755 1237 1814 1277 se
1842 1237 1927 1279 ca-

341 1313 666 1381 stigaturum
726 1315 779 1368 in
829 1314 1010 1370 furore
1046 1322 1100 1369 ct
1134 1314 1216 1369 ira
1270 1314 1625 1384 speculationi
1673 1313 1923 1385 laqueum

342 1401 533 1469 factos,
552 1405 880 1470 sacerdotes,
918 1407 1155 1475 inquam.
1193 1414 1247 1460 et
1282 1407 1547 1475 sanguine
1602 1407 1754 1476 regio
1800 1421 1926 1476 pro-

338 1506 571 1550 creatos.
598 1495 919 1566 Neutiquam
963 1511 1090 1551 vero
1120 1497 1488 1552 inaccusatum
1522 1497 1751 1552 dimittit
1800 1512 1922 1553 eum

340 1588 428 1659 qui
455 1588 709 1657 deceptus
734 1596 838 1653 est,
864 1597 992 1660 puta
1021 1587 1295 1644 lsraelem.
1321 1587 1546 1656 idcirco,
1573 1588 1795 1660 inquil,t
1824 1605 1927 1661 ego

339 1683 565 1752 cognovi
614 1682 890 1752 Ephraim,
940 1693 994 1738 et
1044 1684 1206 1740 Israel
1260 1700 1367 1741 non
1408 1685 1636 1741 recessit
1680 1702 1711 1741 a
1762 1702 1864 1742 me.
1896 1706 1914 1739 ι

336 1773 415 1827 Ae
440 1775 485 1828 si
517 1775 700 1829 dicat:
735 1774 867 1842 Quis
897 1784 983 1831 est
1011 1776 1115 1831 iste
1167 1778 1256 1847 qui
1295 1778 1436 1833 celat
1485 1794 1573 1835 me
1611 1781 1918 1848 consilium,

337 1867 623 1923 continens
644 1868 807 1923 verba
837 1868 887 1923 in
913 1870 1096 1933 corde,
1129 1845 1293 1925 etme
1327 1879 1478 1939 putat
1503 1887 1662 1943 posse
1702 1875 1871 1931 latere
1898 1877 1921 1929 ἲ)
1953 1845 1993 1900 Β

354 1977 371 2009 ι
397 1957 639 2030 Cognovi
693 1960 835 2014 enim
871 1959 1149 2031 Ephraim,
1181 1980 1200 2014 ι
1236 1962 1431 2033 inquit,
1464 1980 1484 2015 ι
1511 1972 1566 2019 et
1602 1980 1707 2020 non
1748 1981 1921 2024 reces-

338 2051 383 2103 si
432 2050 501 2103 ab
537 2050 737 2117 Israel;
784 2068 802 2102 ι
831 2079 903 2093 -
932 2069 952 2104 ι
983 2049 1123 2108 Deus
1146 2052 1288 2108 enim
1329 2055 1766 2125 appropinquans
1820 2072 1919 2129 ego

337 2156 480 2207 smn,
505 2150 564 2197 et
586 2156 691 2197 non
746 2142 886 2198 Dens
925 2143 993 2198 de
1042 2142 1220 2213 longe.
1274 2144 1330 2200 Si
1360 2143 1728 2202 abscondetur
1758 2150 1919 2206 homo

334 2234 392 2286 in
430 2233 678 2296 occultis,
707 2244 761 2288 et
783 2249 880 2304 ego
908 2249 1010 2289 non
1035 2234 1230 2289 videbo
1269 2248 1391 2289 cum
1410 2236 1456 2268 "
1485 2237 1509 2292 ?
1538 2255 1554 2288 ι
1582 2238 1647 2295 Ει
1671 2239 1865 2296 iterum
1900 2259 1914 2294 :

345 2342 363 2376 ι
392 2320 507 2379 Non
542 2339 572 2378 a
605 2338 689 2379 me
706 2326 1071 2382 abscondetur
1099 2326 1373 2397 quidpiam
1401 2327 1445 2359 ³³
1472 2328 1495 2382 ?
1531 2347 1549 2381 ι

314 2598 317 2609 ¹
402 2604 691 2681 “Vt-ms.
722 2608 774 2664 4.
796 2610 938 2676 Quia
965 2628 1101 2666 nunc
1127 2612 1420 2679 fornicatus
1451 2626 1527 2670 est
1567 2616 1839 2685 Eplu‘aim,
1869 2631 1914 2674 et

338 2702 724 2755 contaminatus
777 2712 853 2757 est
908 2703 1098 2768 Israel,
1138 2722 1241 2759 non
1277 2707 1529 2761 dederunt
1578 2710 1915 2778 cogitationes

334 2806 481 2855 suos,
513 2801 571 2845 ut
606 2802 931 2846 revertantur
983 2798 1051 2847 ait
1098 2794 1285 2862 Deum,
1317 2800 1443 2868 quia
1501 2802 1719 2869 spiritus
1749 2804 1918 2872 forni-

336 2883 557 2937 cationis
612 2894 685 2938 est
716 2884 770 2938 in
830 2886 974 2953 ipsis,
1013 2886 1301 2943 Dominum
1332 2906 1449 2946 vero
1503 2909 1607 2948 non
1664 2911 1915 2966 cognove-

337 2983 482 3033 runt.
1698 2992 1703 2995 '

404 3066 555 3131 Llll..
599 3067 864 3136 Quoniam
917 3071 1061 3125 enim
1128 3087 1286 3130 renes
1332 3081 1387 3130 et
1442 3079 1604 3132 corda
1679 3078 1917 3135 intuetur

2035 587 2235 657 Μήδων
2289 586 2623 653 πλεονεξίαις
2674 588 3111 657 ὑποκεισόμενοι.
3181 585 3618 657 ’Λποτεθνῆκατι

2031 677 2087 731 δὲ
2114 677 2333 742 ἀθλίως,
2388 677 2589 748 μᾶλλον
2623 676 2679 729 δὲ
2725 677 2905 742 ὁσίως,
2940 679 2988 730 οἱ
3042 676 3383 747 ψευδώνυμοι
3424 692 3483 728 τε
3525 676 3617 729 καὶ

2033 768 2308 839 χρήμασιν
2337 767 2521 836 ἱερεῖς,
2545 767 2593 817 οἱ
2628 765 2727 836 μὶν
2757 765 2860 818 ὑπὸ
2898 765 3063 835 Ἰηοὺ,
3087 767 3135 818 οἱ
3165 766 3221 818 δὲ
3244 765 3350 817 ὑπὸ
3386 764 3613 831 Ἰωσίου,

2030 860 2316 929 γεγονότος
2344 860 2409 912 ὲκ
2448 858 2618 927 φυλῆς
2656 858 2848 925 Ἰούδα,
2881 858 3000 929 ἦτοι
3044 856 3230 910 Δαϐίδ.
3258 856 3429 910 Τοῦτο
3461 858 3490 910 6
3518 856 3614 912 ἄν·-

2030 950 2247 1020 θρωπος
2276 949 2371 1004 τοῦ
2405 946 2563 1015 Θεοῦ,
2596 948 2819 1012 θύοντός
2875 966 3008 1003 ποτε
3055 949 3151 1002 τοῦ
3191 947 3475 1019 Ἰεροὸοάμ
3521 948 3615 1001 καὶ

2029 1042 2391 1113 ἐφεστηκότος
2428 1041 2508 1112 τῷ
2558 1041 2946 1112 θυσιαστηρίῳ,
2979 1041 3376 1112 προεφήτευσε,
3404 1041 3609 1108 λέγων·

2036 1153 2055 1186 ι
2096 1134 2516 1207 Θυσιαστήριον,
2572 1133 2976 1205 θυσιαστήριον,
3015 1133 3141 1188 τάδε
3181 1132 3328 1201 λέγει
3382 1133 3608 1202 Κύριος·

2042 1228 2173 1282 Ἰδοὺ
2201 1227 2313 1291 υἱὸς
2358 1227 2605 1280 τίκτεται
2640 1228 2699 1280 ὲν
2750 1225 2885 1297 οἴκῳ
2940 1225 3125 1289 Δαϐἱδ,
3187 1225 3398 1288 Ἰωσίας
3444 1224 3613 1294 θνομα

2027 1319 2198 1391 αὑτῶ·
2242 1321 2337 1374 καὶ
2371 1318 2521 1374 θύσει
2574 1319 2669 1372 ἐπὶ
2729 1319 2788 1371 σὲ
2819 1318 2947 1382 τοὺς
2998 1318 3163 1389 ἱερεῖς
3218 1317 3327 1371 τῶν
3372 1316 3611 1387 ὑψηλῶν,

2024 1413 2150 1476 τοὺς
2179 1410 2503 1474 ὲπιθύοντας
2560 1410 2653 1463 ἐπὶ
2686 1410 2788 1463 σοί.
2824 1428 2841 1461 ι
2876 1408 3084 1463 Οὑκοῦν
3111 1406 3446 1478 ἐπηπείλησε
3484 1422 3613 1460 παι-

2024 1503 2235 1557 δεύσειν
2266 1503 2324 1556 ἐν
2360 1501 2518 1573 θυμῷ
2550 1501 2643 1556 καὶ
2665 1502 2804 1572 ὀργῇ
2838 1500 2963 1564 τοὺς
2983 1502 3049 1571 τῇ
3078 1498 3279 1568 σκοπιᾷ
3300 1498 3481 1568 πάγην
3516 1514 3609 1565 γε-

2024 1595 2269 1664 γονότας,
2311 1594 2492 1666 ἱερέας
2518 1610 2579 1647 τε
2640 1592 2808 1662 φημὶ,
2841 1593 2937 1645 καὶ
2973 1592 3099 1655 τοὺς
3121 1589 3183 1654 ἐξ
3200 1589 3432 1660 αἵματος
3454 1588 3610 1659 βασι-

2023 1684 2198 1741 λικοῦ.
2259 1685 2671 1740 Ἀκαταιτίατον
2726 1683 2785 1737 δὲ
2842 1680 3094 1752 οὐδαμῶς
3125 1680 3216 1733 τὸν
3265 1679 3612 1750 ἠπατημένον

2021 1780 2190 1851 ἠφίει,
2217 1777 2487 1842 τουτέστι,
2507 1778 2599 1832 τὸν
2614 1776 2841 1847 Ἰσραήλ.
2870 1772 3138 1845 Ταύτῃτοί
3159 1776 3344 1842 φησιν’
3367 1790 3385 1822 ι
3400 1770 3613 1839 Ἐγνων

2022 1872 2114 1926 τὸν
2176 1871 2439 1943 Ἐφραῒμ,
2486 1869 2580 1923 καὶ
2643 1867 2858 1941 Ἰσραὴλ
2900 1866 3001 1920 οὑκ
3051 1865 3281 1921 ἄπεστιν
3328 1863 3422 1916 ἀπ’
3454 1860 3638 1932 ἐμοῦ.)

2020 1959 2167 2019 Ἷσον
2199 1964 2264 2035 δὴ
2322 1961 2481 2017 τοῦτο
2533 1962 2763 2031 ἐκείνῳ·
2796 1959 2891 2023 Τίς
2949 1949 3125 2021 οὗτος,
3170 1957 3201 2009 6
3255 1953 3510 2026 κρύπτων
3541 1970 3611 2024 με

2024 2056 2241 2128 βουλὴν.
2294 2055 2532 2126 συνέχων
2588 2055 2809 2124 ῥήματα
2836 2054 2896 2106 ὲν
2929 2050 3148 2122 καρδίᾳ,
3201 2049 3303 2120 ἐμὲ
3350 2047 3408 2102 δὲ
3440 2048 3611 2100 οἴεται

2020 2150 2320 2221 septimam;
2363 2149 2616 2216 Ἔγνωκα
2657 2148 2766 2218 γὰρ
2813 2144 2905 2199 τὸν
2967 2140 3238 2212 Ἐφραῖμ,
3299 2140 3471 2210 φησὶ,
3518 2138 3616 2193 καὶ

2019 2241 2120 2294 οὑκ
2182 2240 2464 2309 ἀφέστηκα
2527 2235 2621 2291 τοῦ
2682 2234 2917 2306 Ἰσραήλ.
2951 2230 3128 2296 ιΘεδς
3201 2229 3310 2301 γὰρ
3378 2227 3609 2298 ὲγγίζων

2020 2331 2130 2400 ἐγώ
2167 2332 2309 2401 εἰμι,
2334 2331 2428 2382 καὶ
2454 2328 2575 2399 οὑχὶ
2625 2327 2761 2391 Θεὸς
2802 2325 3104 2399 πόρρωθεν.
3150 2323 3212 2376 Εἰ
3265 2320 3604 2393 κρυϐήσεται

2019 2422 2304 2494 ἄνθρωπος
2334 2421 2393 2476 ὲν
2416 2419 2727 2492 κρυφαίοις,
2743 2418 2840 2472 καὶ
2867 2416 2980 2486 ἐγὼ
3006 2417 3107 2472 οὑκ
3126 2414 3332 2485 ὂψομαι
3359 2411 3558 2481 αὑτόν;
3586 2429 3607 2463 ι

2019 2516 2130 2569 Καὶ
2149 2514 2331 2578 πάλιν,
2369 2532 2389 2566 ι
2410 2512 2503 2582 Μὴ
2537 2512 2633 2566 ἀπ’
2658 2508 2796 2582 ἐμοῦ
2835 2506 3173 2580 κρυϐήσεταὶ
3203 2522 3286 2571 τι;
3323 2523 3343 2558 s

2089 2610 2244 2663 Διότι
2307 2606 2426 2661 νῦν
2494 2604 2938 2673 ἐξεπόρνευσεν
3012 2598 3261 2670 Ἐφραῒμ
3287 2638 3303 2663 ,
3358 2594 3611 2665 ἐμιάνθη

2032 2696 2296 2772 Ἰσραὴλ,
2341 2701 2452 2754 οὐκ
2479 2698 2715 2753 ἔδωκαν
2769 2696 2843 2751 τὰ
2895 2694 3210 2749 ὃιαϐούλια
3263 2687 3462 2745 αὐτῶν
3505 2684 3616 2742 τοῦ

2018 2793 2379 2862 ἐπιστρέψαι
2421 2790 2574 2860 πρὸς
2620 2788 2728 2842 τὸν
2781 2786 2930 2842 Θεὸν
2975 2781 3198 2852 αὐτῶν,
3238 2781 3330 2835 ὅτι
3372 2778 3613 2849 πνεῦμα

2019 2885 2302 2954 πορνείας
2330 2883 2400 2937 ἐν
2423 2880 2627 2946 αὐτοῖς
2652 2880 2782 2934 ἐστι
2806 2919 2821 2945 ,
2854 2878 2962 2932 τὸν·
2992 2875 3060 2931 δὲ
3083 2876 3305 2944 Κύριον
3365 2871 3476 2926 οὐκ
3506 2871 3613 2925 ἐπ-

2018 2980 2455 3136 ἐῒέῗῗιξέπειδὴ
2475 3064 2584 3135 γὰρ
2611 3063 2689 3126 εἱς
2716 3061 2947 3133 νεφροὺς
2971 3060 3077 3132 ὁρᾷ
3091 3058 3186 3113 καὶ
3205 3058 3432 3131 καρδίας
3455 3059 3484 3112 6
3499 3056 3610 3110 τῶν

336 3157 713 3212 universorum
751 3156 894 3213 Deus
949 3169 1001 3213 et
1035 3176 1254 3229 prorsus
1330 3164 1468 3218 nihil
1500 3166 1683 3221 estilli
1725 3169 1923 3238 inaspe-

2030 3160 2168 3214 ὅλων
2199 3159 2351 3223 Θεὸς,
2373 3158 2616 3211 ἄποπτον
2640 3154 2695 3207 δὲ
2722 3153 2875 3224 αὑτῷ
2906 3150 3187 3214 παντελῶς
3218 3149 3393 3243 οὐθὲν,
3440 3149 3611 3243 ἔγνω-

336 3248 535 3321 etabjle
558 3248 625 3313 υ,
650 3250 903 3319 cognovit
930 3248 1250 3306 fornicatum
1277 3270 1417 3321 esse,
1452 3266 1507 3312 et
1546 3258 1613 3311 ad
1649 3235 1919 3330 fastigium

2026 3270 2141 3315 κεν,
2179 3252 2261 3304 ὅτι
2292 3249 2634 3319 πεπόρνευκε
2677 3246 2796 3316 μὲν,
2832 3246 2929 3301 καὶ
2978 3246 3055 3307 εἰς
3086 3242 3255 3313 ἄκρον
3280 3235 3384 3314 ἧκε
3411 3238 3613 3311 φαυλό-

338 3338 701 3409 improbitatis
752 3344 1061 3412 pervenisse
1100 3345 1300 3409 lsrael,
1346 3347 1464 3403 sive
1504 3347 1783 3418 Ephraim.
1822 3351 1921 3407 Ve-

339 3439 644 3485 rumtamen
686 3446 785 3486 nec
845 3433 912 3486 ad
957 3443 1214 3502 punctum
1269 3439 1526 3508 temporis
1589 3444 1920 3508 poenitentia:

267 3541 275 3549 ’
338 3521 723 3591 cogitationem
763 3524 955 3578 saltem
983 3528 1245 3596 suscepit,
1277 3531 1418 3597 quod
1450 3546 1478 3583 a
1519 3533 1712 3599 spiritu
1762 3532 1924 3590 forni-

338 3614 487 3669 cario
527 3622 676 3670 esset
716 3627 1037 3687 occupatus,
1080 3634 1375 3689 verumque
1443 3621 1728 3679 Dominum
1775 3642 1920 3697 quae-

341 3720 465 3761 rere
498 3706 683 3763 nollet.
719 3709 918 3765 Verum
979 3722 1061 3767 est
1097 3713 1257 3782 igitur
1288 3717 1430 3783 quod
1486 3717 1563 3769 ait
1621 3718 1870 3775 Salvator
1903 3741 1914 3776 :

344 3814 362 3847 ‹
392 3794 565 3852 Nemo
595 3805 773 3865 potest
830 3801 1040 3857 duobus
1096 3804 1332 3858 dominis
1364 3806 1571 3862 servire
1597 3808 1698 3863 “.i

410 3968 574 4026 Vens.
608 3971 658 4027 5.
698 3971 763 4025 Et
801 3974 1169 4032 humiliubitur
1220 3979 1417 4048 injuria
1450 3980 1623 4036 Israel
1652 3984 1704 4038 in
1732 3984 1919 4053 faciem

339 4061 473 4130 ejus.
530 4058 594 4114 Et
632 4059 819 4128 Israel,
861 4075 908 4117 et
944 4066 1203 4132 Ephraim
1241 4070 1653 4139 inﬁrmabtmtur
1715 4076 1769 4127 in
1819 4077 1921 4128 ini-

340 4147 624 4215 quitatibus
667 4149 821 4215 suis;
856 4161 905 4204 et
942 4152 1302 4220 inﬁrmabitur
1353 4174 1557 4228 quoque
1594 4158 1766 4215 ludas
1801 4178 1920 4214 cum

340 4254 434 4291 €18.

414 4329 558 4386 LIV.
598 4330 853 4403 lnjnriam
908 4335 994 4389 hic
1026 4337 1258 4406 appellat
1314 4340 1684 4395 detestandam
1732 4357 1921 4411 super-

344 4423 524 4478 biam:
573 4435 655 4480 est
693 4426 837 4480 enim
886 4427 1181 4497 injuriosus
1213 4431 1501 4500 superbus.
1567 4431 1918 4487 llumiliatum

2021 3362 2181 3416 τητος
2211 3345 2239 3396 ὁ
2288 3342 2527 3413 Ἰσραὴλ,
2563 3341 2729 3411 ἤγουν
2756 3341 2784 3392 6
2853 3338 3123 3409 Ἐφρατμ·
3163 3337 3301 3408 πλὴν
3333 3335 3465 3401 οὐδ’,
3489 3335 3615 3389 ὅσον

2024 3436 2221 3498 εἰπεῖν,
2256 3432 2334 3494 εἰς
2392 3430 2518 3484 νοῦν
2567 3431 2664 3482 καὶ
2716 3428 2947 3511 καρῆίαν
3003 3427 3109 3481 κᾶν
3163 3425 3293 3496 γοῦν
3318 3427 3376 3480 τὸ
3417 3424 3616 3497 χρῆναι

2028 3525 2312 3598 μετανοεῖν
2353 3521 2682 3586 εἰσεδέξατο,
2738 3520 2829 3574 διά
2879 3537 2943 3588 γε
2992 3519 3054 3572 τὸ
3105 3517 3482 3590 κεκρατῆσθαι
3533 3516 3615 3585 τῷ

2025 3616 2307 3687 πορνεύειν
2328 3613 2489 3668 αὑτὸν
2514 3612 2862 3667 ἀναπείθοντι
2895 3610 3184 3681 πνεύματι,
3205 3608 3409 3663 καὶτὸν
3436 3606 3613 3678 ἀληθῆ

2023 3708 2303 3778 Δεσπότην
2340 3705 2416 3777 μὴ
2445 3704 2697 3775 ἐθελῆσαι
2727 3705 2929 3774 ζητεῖν.
2967 3702 3189 3773 Ἀληθὲς
3218 3695 3310 3755 οὖν
3339 3702 3442 3764 ὅτι,
3471 3698 3618 3754 καθὰ

2024 3817 2189 3872 φησιν
2221 3801 2249 3853 6
2271 3798 2483 3868 Σωτὴρ,
2537 3814 2555 3848 ι
2586 3796 2777 3859 Οὐδεὶς
2813 3795 3039 3849 δύναται
3080 3794 3203 3849 δυσὶ
3237 3793 3452 3863 κυρίοις
3488 3792 3611 3845 δου-

2023 3889 2222 3943 λεύειν.
2261 3906 2280 3939 ι

2054 4025 2071 4035 ι
2095 3981 2205 4035 Καὶ
2236 3977 2744 4045 ταπεινωθήσεται
2802 3977 2839 4045 ἡ
2891 3976 3056 4043 ὕϐρις
3086 3976 3192 4031 τοῦ
3243 3976 3488 4045 Ἰσραὴλ
3524 3978 3613 4042 εὶς

2024 4074 2349 4140 πρόσωπον
2423 4066 2629 4122 αὐτοῦ.
2704 4066 2813 4119 Καὶ
2884 4068 3135 4134 Ἰσραὴλ
3207 4066 3305 4120 καὶ
3369 4065 3613 4134 Ἐφραῒμ

2022 4162 2478 4227 ἀσθενήσουσιν
2503 4159 2573 4212 ἐν
2594 4157 2721 4223 ταῖς
2747 4156 3005 4225 ἀδικίαις
3032 4155 3251 4213 αὐτῶν·
3297 4157 3392 4212 καὶ
3427 4157 3608 4211 ἀσθε-

2021 4256 2198 4323 νήσει
2226 4253 2324 4307 καὶ
2364 4251 2588 4317 Ἰούδας
2623 4249 2748 4321 μετ’
2770 4249 2986 4304 αὐτῶν.

2092 4342 2214 4396 NA’.
2245 4339 2442 4410 Ὕϐριν
2472 4339 2658 4393 ἐνθάδε
2691 4339 2826 4409 φησὶ
2851 4338 2950 4410 τὴν
2978 4338 3251 4409 ἐπάρατον
3282 4338 3605 4410 ὑπεροψίαν·

2021 4433 2282 4506 ὑϐριστὴς
2330 4433 2437 4503 γὰρ
2486 4433 2516 4485 6
2568 4429 2806 4494 ἀλαζών.
2854 4429 3373 4500 Ταπεινωθήσεσοαι
3430 4431 3609 4485 τοίνυν

344 4531 474 4586 ergo
504 4517 569 4571 iri
599 4519 907 4587 superbiam
940 4519 1154 4576 lsraelis
1216 4522 1409 4592 inquit,
1444 4525 1533 4579 ubi
1590 4525 1678 4579 illa
1730 4541 1920 4596 passus

2026 4528 2162 4600 φησι
2186 4525 2285 4599 τὴν
2313 4524 2612 4596 ὑπεροψίαν
2661 4521 2757 4575 τοῦ
2802 4521 3039 4593 Ἰσραὴλ,
3079 4523 3264 4575 ἐκεῖνα
3309 4524 3605 4591 παθόντος,

343 4608 525 4673 fuerit,
557 4617 616 4665 et
656 4609 1028 4677 meritissimo,
1077 4629 1198 4684 quae
1261 4626 1315 4670 et
1348 4615 1603 4671 humilem
1668 4617 1838 4685 illum,
1875 4628 1929 4673 et

346 4699 729 4767 miserandum,
761 4711 816 4757 et
848 4703 1139 4772 abiectum,
1170 4715 1226 4760 et
1250 4706 1475 4762 materia
1538 4708 1606 4763 de
1659 4708 1770 4766 Deo
1817 4709 1930 4780 glo-

342 4790 517 4847 riandi
562 4792 903 4861 destitutum,
952 4811 1300 4869 supernaque
1356 4809 1411 4855 et
1453 4802 1628 4870 patria
1681 4801 1930 4857 libertate

343 4880 632 4950 spoliatum
681 4884 925 4939 reddent.
957 4883 1014 4938 in
1066 4886 1256 4942 faciem
1311 4902 1472 4958 porro
1520 4890 1640 4960 ejus
1676 4889 1928 4959 iniuriam

342 4987 706 5041 reversuram,
756 4975 1167 5046 intelligendum
1207 4987 1287 5034 est
1332 4994 1493 5034 omne
1545 4993 1716 5051 genus
1762 4981 1917 5050 igno-

341 5065 521 5120 miniae
547 5067 946 5135 quodammodo
989 5068 1168 5124 simile
1198 5070 1314 5127 fore
1345 5071 1517 5143 plagis
1548 5072 1601 5126 in
1630 5071 1769 5127 facie
1839 5087 1921 5128 ac-

342 5155 532 5225 ceptis.
570 5156 635 5211 Et
681 5156 758 5211 ait
798 5156 1151 5215 inﬁrmandas
1214 5162 1373 5218 simul
1426 5178 1547 5217 cum
1579 5162 1711 5217 Juda
1752 5161 1919 5219 Israe-

344 5250 484 5306 litas.
524 5250 657 5306 Nam
708 5252 877 5321 Syriae
929 5262 981 5308 et
1020 5254 1304 5311 Persarum
1333 5272 1487 5328 rcges
1523 5256 1576 5311 in
1617 5256 1916 5311 Samariam

345 5348 614 5403 hostiliter
678 5351 947 5417 grassati,
1017 5366 1121 5406 non
1176 5353 1422 5408 siverunt
1462 5355 1752 5407 immunem
1800 5366 1920 5407 esse

342 5435 575 5494 Judam:
625 5438 840 5492 lsraelis
882 5423 1093 5512 quippe‘
1146 5442 1369 5500 urbibus
1418 5445 1580 5499 etiam
1631 5444 1918 5499 nonnullas

345 5531 413 5586 ad
455 5524 652 5585 tribum
689 5526 824 5583 .luda
875 5541 927 5586 et
985 5531 1261 5603 Benjamin
1306 5535 1635 5605 pertinentes
1704 5534 1919 5589 addide-

344 5632 492 5678 runt.
541 5621 856 5677 Universam
894 5634 1072 5679 autem
1124 5626 1485 5682 calamitatem
1526 5627 1661 5681 citra
1705 5624 1918 5680 dubita-

2024 4624 2120 4675 καὶ
2148 4619 2355 4691 σφόδρα
2393 4616 2637 4683 δικαίως,
2695 4614 2731 4669 ἃ
2760 4616 2855 4669 καὶ
2887 4615 3142 4669 ταπεινὸν
3182 4615 3346 4669 αὑτὸν
3385 4615 3608 4687 ἔμελλον

2024 4711 2365 4782 ἀποφαίνειν,
2400 4707 2619 4778 οἰκτρὸν
2658 4708 2751 4760 κα)⁸
2808 4707 3268 4779 κατερριμμένον,
3300 4708 3394 4762 καὶ
3434 4709 3608 4780 αὑχη-

2027 4804 2210 4876 μάτων
2232 4802 2438 4874 ἔρημον
2461 4799 2568 4853 τῶν
2594 4796 2835 4868 erasae»,
2871 4799 2965 4853 καὶ
2983 4799 3153 4870 αὐτῆς
3177 4798 3235 4852 δὲ
3258 4800 3362 4869 τῆς
3390 4800 3604 4854 ἄνωθεν

2024 4896 2119 4951 καὶ
2146 4892 2408 4965 πατρῴας
2437 4892 2622 4954 αὑτοῖς
2671 4889 2985 4961 ἐλευθερίας
3020 4891 3407 4963 ἐστερημένον.
3440 4893 3516 4946 Τδ
3552 4893 3608 4945 δὲ

2025 4991 2105 5052 είς
2142 4986 2434 5058 πρόσωπον
2488 4981 2656 5036 αὑτοῦ
2694 4981 2793 5055 τὴν
2849 4981 3010 5055 ὓϐριν
3064 4984 3605 5057 ἀποστραφήσεσθαι,

2026 5079 2243 5152 νοητέον
2273 5076 2361 5130 διὰ
2385 5074 2448 5128 τὸ
2485 5075 2592 5129 πᾶν
2639 5068 2779 5140 εῐδος
2820 5075 3054 5155 ⁴ἀτιμίας
3078 5077 3316 5131 ἐοικέναι
3350 5093 3467 5141 πως
3488 5079 3607 5141 ταῖς

2027 5168 2168 5223 κατά
2198 5167 2488 5237 πρόσωπον
2545 5164 2801 5237 πληγαῖς.
2856 5164 3205 5238 Ἀσθενήσειν
3262 5166 3317 5220 δὲ
3362 5167 3499 5238 ὁμοῦ
3528 5167 3609 5238 τῷ

2040 5257 2210 5311 Ἰούδα
2240 5256 2373 5326 φησὶ
2401 5254 2525 5318 τοὺς
2576 5254 2637 5319 ἐξ
2688 5254 2925 5326 Ἰσραήλ.
2981 5257 3449 5328 Καταδῃώσαντες
3499 5260 3609 5330 γὰρ

2026 5351 2053 5402 ὂ
2071 5366 2127 5402 τε
2149 5347 2248 5419 τῆς
2279 5346 2477 5418 Συρίας
2506 5347 2596 5402 κα)⁸
2633 5348 2858 5418 Περσῶν
2884 5349 3120 5419 βασιλεῖς
3149 5352 3246 5423 τὴν
3276 5353 3606 5423 Σαμάρειαν,

2025 5442 2125 5493 οὑκ
2156 5438 2379 5509 ἀπλῆγα
2440 5439 2900 5510 συγκεχωρήκασι
2934 5441 3209 5512 διαμεῖναι
3238 5443 3330 5498 τὸν
3371 5443 3605 5509 Ἰούδαν,

2026 5531 2355 5602 προσθέντες
2388 5533 2509 5593 ταῖς
2566 5531 2660 5583 τοῦ
2703 5532 2919 5603 Ἰσραὴλ
2963 5534 3152 5588 πόλεσι
3201 5536 3294 5589 καί
3322 5554 3473 5601 τινας
3501 5537 3610 5592 τῶν

2025 5627 2224 5695 ἀνηκου
2234 5622 2341 5676 σῶν
2360 5624 2471 5686 τοῖς
2495 5621 2553 5688 ἐξ
2581 5621 2751 5676 Ἰούδα
2767 5623 2862 5678 καὶ
2880 5625 3158 5697 Βενιαμίν.
3180 5628 3301 5680 ’Ότι
3316 5628 3372 5682 δὲ
3392 5630 3609 5698 ἀπάσης

415 5736 725 5816 ἴξιν-ΒΘΗ·
747 5738 922 5816 XL“.
980 5744 1020 5776 ³¹
1051 5738 1119 5798 lli
1156 5743 1287 5816 Reg.
1323 5760 1442 5812 snt,
1469 5744 1524 5799 2.
1601 5745 1644 5777 ³²
1673 5743 1783 5800 .ler.
1811 5757 1922 5797 χχιι

2026 5742 2085 5798 :3.
2167 5741 2209 5773 ³³
2232 5739 2344 5795 Jcr.
2376 5752 2603 5811 xxxvpt,
2628 5739 2715 5795 14.
2793 5740 2838 5773 ³⁸
2864 5740 2974 5799 Jer.
3001 5742 3186 5813 “,20;
3220 5742 3383 5802 Hebr.
3415 5759 3488 5812 tv,
3519 5744 3607 5800 12.

344 5808 390 5841 ³⁸
424 5809 614 5868 Matth.
651 5822 727 5876 γι,
767 5807 856 5863 24.
