4094 6486
419 415 525 469 HS

1364 423 1906 479 'LOMMENTARIUS
1949 422 2011 478 IN
2055 425 2288 478 OSEAM
2327 425 2772 483 ινιὶυινιιειιιλι.

3615 435 3716 490 ε’46

414 535 607 598 αὐτοῖς
643 540 932 607 συμφορᾶς
967 545 1346 614 προμνήστρια
1380 546 1603 614 γέγονεν
1646 545 2016 616 ὁμολογουμέ-

2148 546 2324 600 inncm
2388 547 2709 616 importasse
2744 548 2847 602 illis
2899 549 3228 620 impietatem
3257 559 3312 604 et
3355 550 3604 618 iujnriam
3659 556 3712 607 in

415 645 527 690 νιος
572 630 605 699 ἡ
653 630 733 694 εἰς
770 632 905 684 Θεὸν
957 635 1184 689 ἀσέϐειά
1238 654 1297 689 τε
1351 638 1444 691 καὶ
1500 638 1680 710 ὕϐρις,
1723 638 2018 708 δεδίδαχεν,

415 722 619 785 εἰπὼν,
656 725 733 794 μὴ
766 725 832 780 ἂν
857 728 1057 800 ἑτέρως
1085 731 1268 795 αὐτοῖς
1315 732 1375 786 τὸ
1419 734 1526 804 ’τῆς
1565 733 1851 798 ἀσθενείας
1884 751 2025 804 συμ-

414 815 690 882 ϐήσεσθαι
719 817 912 884 πάθος,
944 820 1058 873 ἀλλ’
1087 822 1118 892 ἢ
1154 806 1334 893 μόνον,
1367 824 1450 877 ὅτι
1473 845 1490 877 ‹
1525 826 1938 896 Ἀσθενήσουσιν
1965 827 2022 878 ὲν

412 911 545 969 ταῖς
602 908 843 974 ἀδικίαις
909 913 1108 968 αὐτῶν.
1168 934 1186 966 ι
1242 917 1530 988 Χρήσιμοι·
1589 915 1682 970 οὖν
1743 918 1852 989 ἄρα
1928 919 2022 972 καὶ

412 1001 864 1068 τιμαλφέστατον
912 1006 1127 1076 ἀληθῶς
1160 1010 1192 1079 ὴ
1226 1011 1306 1072 είς
1354 1008 1487 1062 Θεὸν
1545 1010 1814 1075 εὐσέϐεια,
1848 1013 1915 1065 δι’
1954 1007 2020 1083 ἧς

413 1089 484 1141 ἄν
522 1089 738 1158 γένοιτο
765 1094 859 1147 καὶ
892 1095 953 1148 τὸ
977 1096 1146 1150 ἐθνῶν
1173 1099 1431 1154 δύνασθαι
1456 1104 1694 1173 κρατεῖν,
1721 1103 1814 1156 καὶ
1845 1104 2023 1157 πάντα

419 1181 638 1250 ἰσχύειν
672 1187 978 1256 κατορθοῦν
1004 1190 1264 1256 εὐκόλως.
1289 1195 1400 1247 Καὶ
1421 1195 1703 1267 ἀληθεύων
1726 1196 1966 1266 ἔφασκεν
1997 1199 2025 1250 6

415 1275 643 1346 Σωτὴρ,
675 1278 757 1330 ὅτι
793 1297 810 1330 ι
847 1281 1032 1352 Χωρὶς
1061 1283 1196 1353 ἐμοῦ
1233 1286 1294 1338 οὐ
1325 1286 1556 1340 δύνασθε
1590 1288 1770 1342 οὐδέν.
1817 1307 1836 1340 ι
1872 1289 2024 1342 Ψάλ-

413 1368 503 1420 λει
538 1368 597 1422 δέ
650 1389 752 1424 που
807 1374 903 1427 καὶ
945 1378 972 1428 6
1030 1377 1377 1450 Δαϐὶδ,ὀρθὰ
1435 1384 1653 1451 φρονεῖν
1710 1382 2019 1453 ᾑρημένος,

419 1478 440 1508 ι
488 1458 668 1528 Ίσχύς
695 1478 796 1530 μου
823 1463 918 1516 καὶ
948 1463 1177 1536 ὕμνησίς
1207 1485 1308 1536 μου
1329 1468 1358 1519 6
1389 1469 1610 1539 Κύριος.
1642 1490 1661 1521 ι

493 1553 657 1606 Μετὰ
687 1553 1001 1621 προϐάτων
1045 1559 1142 1610 καὶ
1169 1559 1426 1626 μόσχων
1460 1561 1883 1629 πορεύσονται,
1919 1562 2022 1616 τοῦ

411 1642 753 1711 ἐπιζητῆσαι
808 1645 916 1700 τὸν
972 1649 1214 1717 Κύριον,
1248 1651 1344 1703 καὶ
1395 1651 1482 1720 μὴ
1511 1651 1770 1719 εὕρωσιν
1800 1654 2020 1706 αὐτόν·

413 1732 510 1786 ὅτι
542 1734 860 1798 ἐξέκλινεν
889 1739 991 1793 ἀπ’
1021 1740 1240 1808 αὐτῶν,
1281 1742 1366 1795 ὅτι
1419 1745 1525 1796 τὸν
1557 1744 1780 1813 Κύριον
1816 1747 2026 1814 ἐγκατ-

412 1826 662 1880 έλιπον·
714 1827 748 1880 ὅ
755 1847 803 1882 τι
834 1830 1015 1884 τέκνα
1039 1833 1328 1901 ἀλλότρια
1354 1835 1772 1904 ἐγεννήθησαν
1796 1835 2022 1902 αὐτοῖς.

2128 638 2294 692 Deum
2335 637 2520 693 docuit
2577 653 2701 694 cum
2741 641 2896 707 dixit,
2953 659 3059 696 non
3110 643 3270 696 aliter
3324 643 3460 711 ipsis
3513 643 3711 696 malum

2127 728 2458 787 infirmitatis
2494 738 2840 798 eventurum,
2873 736 2973 790 nisi
2999 735 3126 806 quia
3148 754 3166 786 ι
3209 736 3630 791 infirmabnntnr
3659 738 3712 791 in

2126 823 2507 902 iniquitatibus
2544 825 2708 879 suis.»
2744 825 2898 882 Utilis
2927 827 3108 897 igitur,
3141 839 3194 883 et
3232 844 3318 884 res
3341 830 3588 899 profecto
3618 831 3716 884 lm~
3793 895 3800 902 κ

2127 914 2274 969 noris
2305 901 2620 983 plenissima
2650 917 2824 986 pietas
2851 933 2975 989 erga
3013 919 3202 984 Deum,
3236 919 3391 989 cujus
3416 935 3517 989 ope
3547 921 3713 976 etiam

2126 1005 2315 1061 hostes
2343 1007 2574 1076 domari,
2615 1019 2669 1062 et
2694 1009 2875 1066 omnia
2912 1010 3027 1065 ﬁeri
3058 1026 3178 1066 cum
3204 1011 3366 1066 laude
3405 1021 3570 1081 atque
3603 1013 3713 1066 vir-

2133 1107 2242 1153 lule
2283 1099 2442 1154 facile
2485 1111 2706 1172 queant,
2735 1117 2798 1155 ac
2844 1116 3005 1157 verus
3039 1114 3124 1157 est
3162 1101 3411 1159 Salvator
3445 1121 3568 1160 cum
3623 1105 3706 1157 di-

2125 1189 2201 1243 cit
2231 1209 2242 1243 :
2274 1209 2292 1242 ι
2335 1191 2464 1246 Sine
2510 1207 2595 1246 me
2630 1192 2760 1246 nihil
2793 1194 3022 1262 potestis
3049 1193 3228 1250 facere
3264 1197 3364 1250 ³⁸.»
3422 1194 3614 1250 Psallit
3661 1204 3718 1249 et

2128 1274 2299 1331 David
2361 1279 2560 1334 alicubi
2596 1296 2661 1335 ex
2716 1296 2843 1337 vero
2899 1297 3152 1338 sensum
3191 1283 3474 1340 Fortitudo
3498 1295 3551 1340 et
3603 1283 3718 1340 laus
3791 1279 3800 1284 ’

2128 1383 2247 1422 mea
2291 1368 2549 1427 Dominus
2566 1373 2630 1426 ³⁷.
2646 1391 2664 1424 ι

2197 1546 2306 1618 85
2344 1547 2509 1606 Vens.
2551 1553 2603 1615 fi,
2641 1553 2691 1608 7.
2724 1554 2857 1610 Cum
2892 1558 3072 1609 ovibus
3128 1566 3179 1610 et
3234 1557 3409 1611 vitulis
3464 1557 3628 1620 ibunt,
3663 1567 3715 1608 ut

2127 1653 2365 1708 quierant
2417 1643 2720 1711 Dominum,
2744 1659 2791 1700 et
2848 1665 2952 1702 non
3005 1649 3440 1713 inreuienteum;
3484 1649 3718 1702 declina-

2130 1734 2199 1785 ιιὶι
2255 1736 2390 1787 enim
2442 1736 2506 1789 ab
2561 1737 2689 1799 illis,
2736 1740 2860 1809 quia
2922 1739 3203 1794 Dominum
3260 1741 3599 1810 reliquerunt,
3665 1748 3717 1795 et

2129 1823 2228 1890 ﬁlii
2257 1824 2418 1880 alicui
2467 1830 2578 1882 ηαιὶ
2613 1841 2758 1886 sunt.
2783 1831 2941 1886 Nunc
2993 1833 3259 1887 devoravit
3286 1849 3371 1888 eos
3418 1833 3623 1903 rubigo,
3668 1843 3716 1890 et

414 1914 555 1967 Νῦν
583 1918 984 1988 κατιιφάγεται
1032 1921 1256 1987 αὐτοὺς
1299 1925 1338 1992 ἢ
1391 1924 1640 1994 ἐρυσίϐη
1669 1967 1681 1989 ,
1749 1925 1846 1980 καὶ
1886 1926 2028 1992 τοὺς
2062 1927 2100 1981 Β
2130 1927 2294 1971 εοηεδ
2342 1935 2541 1973 1’0"“?!-

415 2006 698 2074 κλήρους
735 2008 957 2066 αὐτῶν.

494 2099 626 2152 NE'.
659 2101 898 2173 ’Ἃληθὲς
951 2106 1149 2176 ὁρᾶται
1204 2108 1291 2161 διὰ
1350 2111 1726 2182 πραγμάτων,
1765 2112 1844 2166 ὅτι
1887 2111 2030 2166 καθὰ

415 2206 597 2259 φησιν
626 2191 968 2259 ὁθεσπέσιος
1025 2197 1258 2265 Παῦλος,
1300 2200 1563 2255 ἀδύνατον
1618 2200 1759 2273 αἷμα
1803 2203 2020 2274 ταύρων

418 2285 523 2336 καὶ
550 2286 775 2355 τράγων
810 2288 1032 2355 ἀφελεῖν
1085 2290 1387 2362 ἁμαρτίας,
1424 2295 1518 2348 καὶ
1557 2294 1702 2348 ἐστιν
1734 2295 2030 2365 ἀπρόσιτος

415 2376 516 2428 διὰ
543 2377 716 2447 νόμου
749 2380 902 2444 Θεός.
939 2381 1122 2452 Νόμον
1163 2384 1218 2437 δέ
1249 2402 1413 2456 φημι,
1447 2386 1543 2455 τὴν
1575 2387 1716 2440 κατά
1742 2388 1907 2458 νόμον
1936 2387 2030 2462 λα,-

416 2470 644 2538 τρείαν,
688 2468 789 2540 τὴν
827 2471 896 2524 δι’
952 2473 1201 2542 αἱμάτων
1242 2476 1338 2529 καὶ
1402 2477 1624 2532 θυσιῶν.
1676 2479 1884 2532 Οὐκοῦν
1927 2477 2030 2529 κᾶν

417 2561 766 2630 προσάγοιεν
794 2563 844 2614 οἱ
877 2562 935 2627 ἐξ
981 2563 1195 2635 Ἰσραὴλ
1250 2565 1320 2618 τὰ
1375 2569 1741 2638 νενομισμένα
1778 2569 2027 2640 θύματα,

415 2654 539 2706 τῶν
575 2653 813 2718 ἀνοσίως
869 2656 1054 2721 αὐτοῖς
1105 2658 1490 2730 ἑπταισμένων
1556 2660 1893 2726 ἐξαιτοῦντες
1934 2662 2031 2734 τὴν

418 2752 650 2820 ἄφεσιν,
689 2752 857 2822 ἤγουν
888 2752 989 2822 τὴν
1041 2753 1179 2824 πρὸς
1203 2754 1294 2808 τὸν
1325 2756 1459 2808 Θεὸν
1493 2755 1783 2826 ζητοῦντες
1815 2758 2030 2811 οἰκείω-

421 2862 536 2909 σιν,
575 2844 680 2896 οὐκ
710 2843 776 2898 ἂν
808 2845 1101 2913 ὲςρίκοιντο,
1145 2847 1332 2916 φησὶν,
1367 2847 1478 2900 οὐδ’
1512 2847 1578 2902 ἂν
1602 2848 1923 2914 ὲξανύσειαν
1970 2851 2033 2902 τὸ

420 2937 716 3007 εὑρίσκειν
770 2937 1031 2993 δύνασθαι
1088 2939 1180 2993 τὸν
1216 2939 1371 3004 Θεὸν,
1407 2940 1523 2994 ἀλλ’
1551 2941 1661 2993 οὐδ’
1702 2941 1767 2995 ἂν
1823 2943 2034 3011 γένοιτο

421 3026 697 3096 προσιτὸς
721 3029 836 3092 τοῖς
857 3028 1002 3082 οῦτω
1032 3030 1443 3098 μεταγινώσκου
1455 3050 1556 3086 σιν.
1582 3033 1910 3104 Εὑρίσκεται
1927 3035 2034 3108 γὰρ

418 3121 521 3174 διὰ
555 3121 730 3192 μόνης
780 3122 882 3191 τῆς
924 3124 982 3175 ὲν
1034 3123 1256 3196 Χριστῷ
1286 3124 1451 3196 ζωῆς,
1493 3120 1562 3197 ἧς
1609 3128 1675 3180 ἂν
1704 3130 1874 3180 νοοῖτο
1903 3146 2037 3199 προ-

422 3210 658 3281 εισϐολὴ
684 3211 746 3264 τὸ
787 3208 942 3282 ῥῆμα
979 3214 1078 3283 τῆς
1107 3215 1365 3278 πίστεως,
1396 3218 1492 3269 καὶ
1515 3218 1739 3288 προσέτι
1774 3218 1948 3288 τούτῳ
1977 3219 2037 3272 τὸ

2204 2103 2310 2160 LV.
2343 2105 2450 2161 Res
2473 2105 2588 2176 ipsa
2620 2108 2936 2178 comprobat
2971 2110 3115 2178 quod
3147 2108 3718 2173 divinus-l’aulus-aii,

2134 2198 2451 2269 sanguinem
2497 2206 2773 2253 taurorum
2818 2209 2910 2253 aut
2945 2199 3220 2255 hircorum
3253 2198 3471 2254 abolere
3499 2207 3719 2269 peccata

2135 2307 2238 2347 non
2285 2307 2443 2360 posse
2469 2291 2534 2358 ³⁸,
2568 2301 2622 2345 et
2650 2306 2745 2361 per
2782 2291 2952 2362 legem
2990 2307 3269 2347 accessum
3311 2292 3376 2345 ad
3411 2291 3588 2344 Deum
3613 2306 3718 2344 non

2136 2387 2288 2451 dari,
2337 2385 2506 2454 legem
2541 2395 2721 2438 autem
2769 2387 2888 2442 dico
2938 2385 3144 2441 cultum
3194 2383 3491 2440 secundum
3524 2383 3719 2452 legem,

2133 2491 2229 2544 per
2291 2477 2583 2545 sanguines
2625 2485 2678 2530 et
2732 2476 3024 2531 sacriﬁcia.
3064 2475 3272 2548 Itaque,
3303 2475 3428 2530 licet
3491 2473 3724 2528 offerant

2135 2567 2390 2622 Israelita:
2428 2568 2632 2623 hostias
2667 2567 2950 2636 legitimas,
2987 2567 3248 2622 scelerate
3293 2565 3559 2622 factorum
3603 2580 3724 2618 suo-

2136 2677 2253 2716 rum
2297 2661 2746 2716 condonationem
2800 2670 3044 2729 petentes
3070 2703 3084 2726 ,
3121 2661 3236 2716 sive
3287 2658 3722 2730 conjunctionem

2135 2770 2258 2809 cum
2311 2753 2419 2809 Deo
2456 2764 2512 2809 ct
2555 2754 2849 2808 amicitiam
2898 2764 3223 2824 qua‘rcntes,
3256 2771 3360 2808 non
3408 2768 3527 2807 eam
3571 2767 3722 2806 asse-

2136 2855 2402 2916 quentur,
2433 2847 2634 2916 inquit,
2681 2861 2852 2916 neque
2911 2846 3193 2917 proﬁcient
3250 2846 3315 2899 ad
3361 2845 3528 2899 Deum
3579 2845 3729 2897 inve-

2139 2939 2417 3003 niendum,
2457 2953 2632 3008 neque
2681 2938 2771 2992 tali
2821 2938 2981 2993 modo
3011 2936 3404 3006 paenitentibus
3429 2936 3608 2989 aditus
3658 2934 3726 2986 ad

2138 3052 2261 3090 eum
2292 3035 2516 3105 patebit.
2558 3033 2661 3088 Per
2708 3033 2879 3087 solam
2930 3031 3130 3102 quippe
3196 3031 3360 3085 vitam
3410 3029 3462 3083 in
3508 3027 3729 3083 Christo

2141 3130 2431 3194 invenitur,
2490 3127 2644 3196 cujus
2714 3125 2948 3196 praevius
3001 3127 3280 3195 ingressus
3313 3123 3498 3179 haberi
3551 3129 3730 3191 potest

2142 3223 2361 3275 verbum
2397 3219 2542 3286 ﬁdei,
2592 3227 2798 3272 etcum
2840 3232 2907 3273 eo
2955 3217 3193 3272 salutare
3234 3215 3526 3285 baptisma,
3579 3213 3730 3266 fami-

423 3305 708 3375 σωτήριον
743 3304 1054 3376 βάπτισμα,
1087 3310 1187 3379 τὴν
1223 3310 1280 3361 ὲν
1338 3309 1611 3380 πνεύματι
1641 3312 1775 3382 πρὸς
1799 3311 1932 3365 Θεὸν
1956 3315 2034 3365 oi-

2143 3315 2328 3370 liarem
2363 3328 2486 3368 cum
2521 3315 2628 3367 Deo
2665 3311 3106 3380 coniunctionem
3141 3311 3194 3364 in
3235 3310 3441 3378 Spiritu
3471 3307 3727 3363 efficiens.

423 3398 662 3451 κείωσιν
704 3398 1023 3468 προξενοῦν.
1054 3400 1287 3469 Οὐκοῦν,
1310 3403 1410 3455 οὐκ
1443 3401 1509 3457 ἂν
1536 3403 1688 3474 εὕροι
1712 3404 1801 3456 τὸν
1834 3403 2037 3475 Κύριον

424 3486 455 3538 6
518 3487 743 3557 Ἰσραὴλ
786 3487 875 3541 διά
929 3506 992 3558 γε
1049 3491 1148 3561 τῆς
1192 3491 1335 3545 κατὰ
1381 3493 1546 3560 νόμον
1585 3495 1859 3565 λατρείας.
1915 3496 2037 3549 Ἐκ-

423 3577 661 3632 κέκλικε
688 3578 796 3651 γὰρ
823 3580 918 3634 ἀπ’
943 3582 1144 3647 αὐτῶν,
1169 3584 1250 3636 ὅτι
1282 3585 1377 3637 καὶ
1399 3587 1553 3639 αὐτοὶ
1583 3587 2036 3644 καταλελοίπασιν

423 3671 621 3735 αὐτὸν,
646 3672 1038 3744 ἀποπηδῶντες
1084 3675 1338 3730 τοσοῦτον
1357 3718 1370 3738 ,
1419 3676 1495 3741 ὡς
1528 3679 1621 3731 καὶ
1650 3679 1854 3733 τέκνων
1881 3680 2038 3733 ἀλλο-

425 3760 608 3832 τρίων
662 3763 920 3830 γενέσθαι
980 3765 1238 3838 πατέρες.
1301 3788 1318 3820 ι
1363 3769 1642 3841 Ἀλλότρια
1701 3771 1758 3824 δὲ
1811 3773 1980 3828 τέκνα
2015 3792 2032 3826 ι

426 3854 594 3924 φησὶ,
625 3855 692 3908 τὰ
718 3849 830 3909 οἷον
859 3859 923 3911 ἐκ
965 3859 1202 3930 μήτρας,
1231 3861 1322 3913 καὶ
1355 3861 1414 3926 ἐξ
1441 3862 1622 3916 αὐτῶν
1655 3862 1762 3917 τῶν
1782 3865 2037 3936 σπαργά-

429 3961 573 4010 νων,
609 3949 733 4010 ταῖς
787 3947 898 4001 τῶν
951 3949 1189 4004 εἰδώλων
1230 3951 1566 4024 ἀνακείμενα
1617 3955 1819 4023 δόξαις,
1868 3973 2037 4028 προσ-

429 4041 690 4110 αγόντων
712 4042 854 4114 τάχα
883 4062 987 4097 που
1017 4049 1127 4109 τοῖς
1153 4045 1451 4117 δαιμονίοις
1472 4049 1539 4104 τά
1565 4053 1915 4122 χαριστήρια,
1946 4053 2040 4106 καὶ

427 4136 534 4196 τὰς
567 4137 663 4189 ἐπὶ
688 4139 808 4200 ταῖς
823 4138 980 4192 ὠδῖσι
1009 4139 1220 4207 θυσίας,
1239 4143 1348 4196 τῶν
1367 4143 1847 4217 γεγεν[ν]ηκότων.
1863 4147 2041 4201 Τέκνα

429 4231 619 4285 τοίνυν
647 4231 930 4303 ἀλλότρια,
961 4235 1029 4288 τὰ
1065 4235 1139 4306 μὴ
1168 4238 1225 4290 ἐν
1267 4237 1388 4308 Θεῴ
1414 4257 1426 4269 ’
1459 4239 1491 4308 ἢ
1535 4239 1658 4292 καθ’
1699 4240 1886 4312 ἕτερον
1917 4241 2043 4312 τρό⁴

433 4342 562 4389 πον,
585 4326 656 4378 τὰ
689 4325 753 4378 ἐκ
784 4328 1062 4394 γυναικῶν
1117 4329 1444 4398 ἀλλογενῶν.
1491 4333 1890 4402 Ἐπεμίγνυντο
1933 4333 2041 4404 γὰρ

432 4417 866 4488 ἀπερισκέπτως
888 4423 936 4473 οἱ
964 4421 1024 4488 ἐξ
1054 4424 1272 4496 Ἰσραὴλ
1299 4427 1420 4488 ταῖς
1448 4424 1557 4478 τῶν
1580 4426 1751 4479 ἐθνῶν
1773 4426 2043 4499 θυγατρά-

434 4527 546 4575 σιν,
586 4511 1109 4585 εἰδωλολατρούσαις
1153 4515 1254 4581 ἔτι,
1289 4517 1465 4570 καίτοι
1507 4518 1602 4572 τοῦ
1644 4519 1810 4590 νόμου
1859 4520 2043 4589 λέγονο

431 4620 530 4665 τος
574 4603 825 4674 ἐναργῶς
855 4606 937 4670 τὸ,
969 4607 1044 4678 μὴ
1071 4606 1181 4661 δεῖν
1231 4609 1600 4662 συνάπτεσθαι
1633 4609 1887 4681 γαμικῶς
1925 4613 2038 4674 τοῖς

431 4695 779 4763 ἁλλογενέσι.
827 4717 844 4750 ι
878 4699 991 4770 Τὴν
1049 4700 1327 4774 θυγατέρα
1381 4719 1473 4754 σου
1531 4702 1672 4774 γὰρ,
1735 4703 1936 4772 φησὶν,
1980 4706 2041 4757 οὐ

429 4789 638 4853 δώσεις
671 4790 748 4861 τῷ
783 4792 884 4862 υίῷ
906 4793 1096 4857 αὑτοῦ,
1155 4795 1250 4848 καὶ
1304 4795 1404 4868 τὴν
1453 4795 1733 4867 θυγατέρα
1776 4796 1944 4850 αὑτοῦ
1980 4798 2039 4850 οὐ

431 4880 590 4951 λήψῃ
621 4881 700 4950 τῷ
738 4882 840 4952 υἱῷ
874 4901 969 4936 σου
995 4897 1009 4911 ⁸
1052 4886 1340 4956 ἀποστήσῃ
1376 4886 1485 4958 γὰρ
1511 4886 1601 4940 τὸν
1651 4886 1764 4940 υἱόν
1815 4905 1910 4941 σου
1943 4889 2043 4941 ἀπ’

432 4973 602 5044 ἐμοῦ,
621 4975 716 5027 καὶ
734 4977 1023 5047 πορευθεὶς
1040 4978 1330 5051 λατρεύσει
1363 4979 1503 5044 θεοῖς
1531 4980 1793 5049 ἑτέροις.»
1825 4981 2044 5054 Ἐπειδὴ

431 5066 618 5120 ταῦτα
638 5067 955 5139 δεδράκασι,
991 5090 1007 5120 ι
1035 5072 1428 5140 Καταφάγεται
1456 5073 1654 5137 αὐτοὺς
1683 5075 1714 5144 ἠ
1741 5075 1994 5146 ὲρυσί6η;
2024 5094 2041 5125 ι

435 5162 713 5233 Σημαίνει
764 5162 820 5215 δὲ
876 5164 1039 5217 πάλιν
1088 5167 1506 5235 αἰνιγματωδῶς
1565 5167 1654 5221 διὰ
1696 5167 1888 5221 τούτου
1945 5168 2044 5239 τὴν

435 5253 716 5327 ἐσομένην
745 5254 930 5318 αὐτοῖς
969 5256 1213 5309 κάκωσίν
1263 5274 1322 5310 τε
1378 5259 1471 5310 καὶ
1507 5258 1708 5329 βλάϐην
1729 5259 1795 5312 ἐκ
1824 5261 1922 5329 τῆς
1951 5258 2045 5312 τοῦ

437 5343 692 5413 πολέμου
725 5344 1054 5415 προσϐολῆς,
1081 5347 1183 5399 οὐκ
1212 5348 1483 5412 ἀνικάνως
1514 5350 1745 5420 ἐχούσης
1780 5350 2046 5421 ἐρυσίϐης

436 5435 604 5498 δίκην
661 5437 923 5504 ἀφανίσαι
973 5438 1164 5502 δεινῶς
1213 5439 1410 5504 αὐτούς
1453 5459 1512 5493 τε
1575 5443 1670 5496 καὶ
1704 5444 1792 5496 ητά
1832 5443 2042 5495 αὐτῶν·

435 5527 608 5580 τοῦτο
639 5528 750 5598 γὰρ
789 5531 839 5582 al
894 5529 1104 5600 κλῆροι.
1139 5532 1263 5585 Ὅτι
1305 5532 1362 5585 δὲ
1399 5533 1472 5604 μὴ
1505 5537 1583 5598 εἰς
1610 5534 1903 5605 ὑπέρθεσιν
1956 5535 2049 5586 καὶ

439 5625 744 5695 ἀνακωχὴν
779 5627 807 5677 6
853 5625 1110 5696 πόλεμος,
1160 5627 1278 5680 ἀλλ’
1323 5626 1489 5690 εὐθὺς
1537 5628 1630 5680 καὶ
1696 5627 2006 5689 καταπόδας
2033 5668 2044 5689 ,

440 5719 952 5788 πεπληροφόρηκεν
987 5719 1177 5772 εἰπών·
1245 5738 1264 5771 ι
1296 5719 1420 5773 Νῦν.
1443 5719 1821 5789 καταφάγεται
1851 5720 2051 5780 αὐτοὺς

523 5907 570 5939 ⁸⁸
599 5899 758 5964 Joan.
795 5922 876 5973 xv,
919 5907 969 5960 5.
1052 5907 1093 5939 ³⁷
1131 5908 1249 5966 l‘sal
1307 5924 1472 5971 (mu,
1514 5909 1593 5961 ll.

1676 5909 1718 5939 3"
1756 5905 1915 5962 Ilcbr.
1948 5921 2023 5972 Ix,
2067 5903 2147 5958 I2.

2141 3409 2320 3474 Quare
2360 3406 2524 3462 Israel
2575 3405 2860 3460 Dominum
2909 3419 3004 3473 per
3038 3402 3171 3472 legis
3212 3400 3570 3457 czrremouias
3625 3408 3730 3452 non

2141 3503 2419 3558 inveniet:
2455 3500 2745 3555 declinavit
2790 3499 2934 3553 enim
2971 3497 3038 3552 ab
3066 3497 3215 3567 ipsis,
3259 3494 3514 3564 quoniam
3555 3500 3608 3547 et
3633 3492 3731 3560 ipsi

2139 3595 2540 3664 dereliquerunt
2567 3607 2716 3656 eum,
2758 3606 2930 3660 usque
2955 3591 3088 3645 adeo
3130 3589 3460 3651 resilientes,
3489 3594 3546 3638 nt
3576 3595 3631 3638 et
3669 3583 3731 3635 fi-

2139 3686 2336 3740 liorum
2383 3685 2684 3740 alienorum
2725 3692 2908 3752 patres
2958 3682 3168 3736 fierent.
3225 3700 3243 3732 ι
3286 3679 3502 3733 Alienos
3537 3676 3676 3730 ﬁlios
3711 3693 3729 3726 ι

2142 3777 2408 3842 nominat,
2433 3777 2524 3846 qui
2568 3776 2724 3846 quasi
2763 3791 2830 3829 ex
2883 3784 3040 3828 utero
3088 3782 3142 3828 et
3169 3772 3237 3826 ab
3274 3771 3405 3841 ipsis
3454 3767 3734 3824 cunabulis

2141 3868 2310 3923 cultui
2362 3869 2624 3924 idolorum
2679 3868 2880 3923 addicti
2939 3875 3101 3933 sunt,
3156 3864 3470 3936 parentibus
3512 3861 3734 3916 forsitan

2141 3975 2236 4014 eos
2293 3960 2626 4014 decurionibus
2673 3975 2770 4029 pro
2824 3975 3048 4014 munere
3101 3957 3434 4027 gratiarum,
3467 3964 3521 4010 ct
3556 3957 3608 4008 in
3643 3969 3735 4008 sa-

2147 4049 2412 4106 crificium
2453 4065 2550 4120 pro
2578 4050 2716 4106 felici
2764 4047 3170 4119 partnobtento
3219 4045 3604 4108 offerentibus;
3641 4052 3737 4094 aut

2143 4142 2340 4207 aliter,
2381 4143 2472 4212 qui
2529 4141 2638 4196 nati
2707 4150 2833 4194 sunt
2894 4155 2958 4192 ex
3019 4135 3333 4191 mulieri-bus
3390 4134 3729 4203 alienigenis.

2142 4235 2292 4289 Citra
2341 4234 2510 4288 ullum
2555 4234 2752 4304 quippe
2791 4231 3052 4302 pudorem
3099 4227 3191 4299 qui
3231 4227 3296 4282 de
3337 4225 3498 4281 Israel
3552 4235 3734 4285 erant,

2144 4347 2266 4388 cum
2333 4331 2574 4402 gentium
2641 4329 2854 4384 filiabus
2908 4327 3208 4383 etiamnum
3245 4321 3388 4377 idola
3432 4318 3738 4374 colentibus

2145 4436 2374 4488 corpora
2423 4420 2778 4489 copulabant,
2811 4417 3024 4472 tametsi
3057 4415 3138 4470 lex
3169 4411 3478 4482 huiusmodi
3523 4410 3739 4478 nuptias

2144 4529 2403 4583 expresse
2430 4522 2660 4580 vetaret.
2697 4512 2788 4566 Ait
2817 4510 2961 4566 enim
2992 4528 3004 4562 :
3041 4527 3060 4562 ι
3095 4507 3290 4562 Filiam
3324 4513 3470 4558 tuam
3508 4518 3613 4556 non
3642 4501 3740 4554 da-

2149 4606 2232 4661 bis
2284 4607 2394 4661 filio
2430 4606 2568 4674 ejus,
2598 4616 2652 4660 et
2689 4605 2850 4659 ﬁliam
2886 4606 3004 4676 ejus
3029 4619 3136 4659 non
3173 4599 3406 4669 accipies
3453 4595 3560 4651 filio
3604 4602 3735 4648 tuo:

2151 4699 2523 4753 avertctcnim
2569 4699 2735 4751 filium
2791 4707 2941 4752 tuum
2978 4714 3007 4750 a
3040 4711 3124 4750 me
3151 4737 3164 4764 ,
3201 4704 3256 4748 et
3291 4691 3490 4746 vadens
3541 4688 3740 4743 serviet

2149 4791 2254 4846 diis
2288 4791 2479 4846 alienis
2509 4791 2576 4844 ’9.
2602 4811 2619 4843 ι
2649 4779 2919 4857 Quoniam
2948 4799 3129 4844 autem
3159 4788 3273 4841 haac
3301 4784 3572 4846 fecerunt,
3596 4799 3613 4832 ι
3655 4781 3744 4832 dc-

2147 4885 2362 4938 vorabit
2397 4899 2490 4938 eos
2522 4884 2767 4954 rubigo»
2812 4883 2914 4937 Per
2940 4883 3081 4951 quod
3108 4888 3167 4933 ut
3189 4879 3242 4934 in
3267 4876 3555 4947 amigmate
3583 4873 3746 4940 εἱς-πῆς

2152 4978 2296 5042 fit-at,
2330 4992 2490 5047 quam
2544 4975 2890 5031 afﬂictionem
2931 4975 3302 5041 damnumque
3349 4967 3579 5024 subituri
3634 4965 3745 5018 Silll

2149 5085 2214 5124 ex
2251 5071 2610 5142 impressione
2669 5069 2876 5135 hostili,
2923 5067 3082 5138 cujus
3127 5080 3233 5119 non
3285 5062 3464 5116 minor
3508 5059 3590 5113 vis
3639 5057 3745 5112 erit

2154 5178 2316 5232 quam
2365 5163 2627 5233 rubiginis
2655 5163 2720 5216 ad
2759 5163 2929 5229 ipsos,
2958 5170 3014 5215 et
3063 5174 3183 5229 qua:
3233 5160 3475 5234 ipsorum
3498 5161 3625 5209 sunt
3649 5152 3747 5206 mi-

2155 5271 2276 5311 sere
2301 5256 2658 5326 disperdenda
2685 5272 2698 5308 :
2733 5255 2836 5309 hoc
2868 5256 3011 5309 cnim
3043 5263 3169 5307 sunt
3206 5251 3360 5314 cleri,
3393 5249 3506 5304 sive
3530 5256 3728 5302 sortes.

2157 5351 2308 5417 Quod
2353 5366 2480 5404 vero
2526 5349 2723 5404 bellum
2770 5349 2904 5402 citra
2961 5343 3504 5415 procrastinationem
3557 5348 3612 5396 et
3659 5340 3744 5393 ina

2156 5444 2344 5498 ducias
2394 5443 2446 5496 in
2493 5442 2718 5512 vestigio
2770 5443 2872 5507 sit,
2926 5447 3076 5493 certo
3124 5435 3352 5500 astruit,
3395 5447 3518 5487 cum
3573 5431 3736 5486 dicit:

2160 5553 2178 5584 c
2217 5534 2366 5587 Nunc
2406 5533 2653 5588 comedet
2683 5545 2777 5584 eos
2818 5531 3024 5598 rubigo.
3057 5547 3074 5578 ι
3138 5525 3363 5578 Perinde
3395 5538 3456 5578 ac
3485 5523 3528 5576 si
3555 5521 3695 5576 dicat
3726 5538 3742 5576 :

2167 5626 2339 5680 Verba
2371 5641 2486 5679 mea
2548 5623 2785 5677 tristium
2829 5619 3165 5690 experientia
3222 5624 3538 5685 sequentur.
3577 5627 3745 5682 pmpe

2157 5729 2281 5772 sunt
2314 5714 2450 5783 jam,
2474 5723 2530 5769 et
2571 5722 2696 5768 ante
2732 5711 2877 5768 fores
2921 5725 3191 5767 mrumnac.
3218 5708 3332 5780 36
3366 5706 3610 5764 [testabit
3646 5705 3742 5772 igi-

2230 5904 2270 5934 3"
2310 5901 2459 5957 Deut.
2497 5909 2592 5967 vn,
2635 5896 2689 5965 5,
2719 5896 2771 5951 ι.
