4094 6474
449 388 550 442 H7

1431 391 1493 448 ὃ.
1531 390 1804 447 CYRILLI
1845 392 2320 452 ALEXANDlthl
2357 396 2678 454 ARCHIEP.

3599 397 3703 452 MS

444 518 533 561 tur
576 508 742 562 Deum
791 506 1124 572 laedentibus,
1148 520 1207 562 ut
1246 525 1390 572 eum,
1422 510 1668 580 quamvis
1716 520 2018 581 quaerentes

2123 518 2152 587 ἡ
2188 515 2437 587 ὲρυσίῦη.
2480 537 2498 569 ι
2531 518 2754 588 Ὅμοιον
2778 518 2852 581 ὼς
2884 518 2931 571 εἰ
2954 516 3101 585 λέγοι
3126 532 3139 544 ·
3174 515 3418 569 Κατόπιν
3448 513 3571 584 ἥξει
3599 513 3707 566 τίὐν

446 597 688 651 invenire
718 608 1009 666 nequeant,
1041 598 1278 669 ﬁantque
1307 600 1606 655 alienorum
1649 602 1881 657 ﬁliorum
1923 620 2020 674 pa-

446 702 582 755 tres,
633 689 737 746 hoc
785 698 891 756 est,
923 707 1028 747 non
1082 693 1318 749 babeant
1369 695 1579 750 nobiles
1622 705 1675 749 et
1733 712 2020 766 germanos

443 781 676 847 fructus,
701 798 838 853 quos
860 783 1035 840 virtus
1085 794 1138 841 et
1164 787 1519 842 sanctimonia
1552 788 1672 842 vitae
1704 788 2019 859 proferunt,-

443 880 670 941 pereant
731 880 914 928 autem
967 876 1170 948 potius,
1217 884 1277 931 ut
1337 877 1582 946 rubigine
1631 879 1861 948 quadam
1920 894 2017 934 sua

443 966 682 1034 ipsorum
717 965 1066 1031 improbitate
1108 978 1164 1024 et
1191 968 1409 1025 miseria
1438 968 1671 1025 cnulecti
1712 978 1873 1040 atque
1897 987 2019 1026 con-

443 1056 668 1128 sumpti.
720 1056 787 1113 Et
816 1058 1172 1117 nihilominus
1192 1061 1405 1118 donatae
1443 1078 1474 1116 a
1500 1064 1609 1118 Deo
1639 1072 1814 1119 sortes
1864 1063 2017 1119 dam-

442 1158 513 1199 na
565 1145 855 1217 accipiant,
889 1147 958 1204 de
996 1149 1193 1219 quibus
1215 1159 1272 1206 et
1317 1150 1533 1206 divinus
1584 1152 1747 1206 David
1801 1152 2017 1207 univer-

442 1252 626 1294 sorum
672 1238 936 1296 Salvatori
964 1241 1075 1299 Deo
1102 1244 1284 1300 canit:
1321 1262 1340 1295 ι
1372 1245 1433 1298 In
1484 1240 1738 1299 manibus
1779 1244 1883 1300 tuis
1912 1258 2024 1300 sor-

445 1340 525 1386 tes
564 1347 696 1388 meae
716 1333 785 1386 ‘°.
820 1353 840 1387 ο
886 1334 1076 1391 Omnis
1128 1336 1324 1407 quippe
1378 1351 1498 1391 sors
1550 1347 1607 1391 et
1652 1339 1830 1392 omnis
1896 1351 2022 1407 pars

445 1432 629 1479 nostra
668 1425 720 1481 in
763 1434 1029 1496 potestate
1064 1428 1156 1484 Dei
1191 1437 1292 1496 est,
1323 1438 1377 1485 et
1418 1428 1531 1499 ipse
1556 1436 1637 1485 est
1663 1429 1754 1498 qui
1785 1444 2018 1485 coronas

440 1514 733 1570 distribuit.

2126 607 2298 677 λόγων
2332 609 2440 662 τῶν
2491 608 2729 681 ἀνιαρῶν
2769 609 2805 678 ἡ
2855 610 3020 679 πεῖρα
3050 624 3065 638 ·
3115 606 3283 676 ἐγγὺς
3340 605 3440 677 ἠδη
3484 605 3578 658 καὶ
3616 605 3707 657 ἐπὶ

2126 696 2322 772 θύραις
2351 704 2385 771 ἡ
2417 701 2694 772 συμφορά.
2747 700 3041 771 Περιέσται
3071 696 3137 769 δὴ
3182 694 3277 749 οὖν
3328 697 3443 759 τοῖς
3476 694 3707 747 λυποῦσι

2124 760 2282 856 egeo,
2326 793 2389 845 τὸ
2448 794 2586 864 μήτε
2635 793 2914 862 εὑρίσκειν
2976 790 3141 844 αὐτὸν
3189 787 3470 849 δύνασθαι,
3524 785 3630 839 κᾶν
3659 787 3707 837 εἰ

2126 881 2332 937 ἕλοιντο
2378 882 2581 954 ζητεῖι,
2622 881 2877 951 γενέσθαι
2919 882 2976 936 δὲ
3031 882 3125 935 καὶ
3169 880 3379 933 τέκνων
3410 875 3707 948 ἀλλοτρίων

2125 976 2366 1046 πατέρας
2391 964 2736 1040 ,’τουτέστιν
2760 1017 2773 1041 ,
2827 976 2929 1027 οὐκ
2980 974 3220 1042 εὐγενεῖς
3285 971 3379 1025 καὶ
3449 967 3708 1038 γνησίους

2126 1065 2271 1136 ἔχειν
2309 1067 2553 1137 καρποὺς
2576 1057 2746 1137 (οὗτοι
2769 1065 2815 1117 δ’
2843 1064 2909 1118 ἂν
2939 1060 3050 1117 εἷεν
3086 1065 3134 1116 oi
3176 1063 3238 1128 ἐξ
3266 1058 3468 1132 ἀρετῆς
3494 1074 3556 1111 τε
3615 1056 3708 1108 καὶ

2124 1156 2282 1225 ἁγίας
2308 1154 2474 1227 ζωῆς)
2501 1172 2512 1183 ·
2545 1155 2841 1210 ἀπολέσθαι
2861 1155 2919 1208 δὲ
2947 1154 3169 1225 μᾶλλον,
3193 1150 3447 1221 καθάπερ
3477 1146 3705 1220 ἑρυσίϐῃ

2127 1248 2234 1302 τινὶ
2279 1251 2345 1320 τῇ
2404 1248 2556 1318 σφῶν
2582 1248 2761 1302 αὐτῶν
2819 1245 3320 1319 περιθραυομένους
3389 1241 3558 1313 κακία
3613 1239 3707 1292 καὶ

2128 1340 2540 1412 ἀθλιότητι,κα“ι
2566 1339 2790 1411 προσέτι
2817 1338 3134 1403 τούτοιςκαὶ
3153 1337 3350 1400 αὐτοὺς
3377 1330 3706 1405 ζημιοῦσθαι

2125 1432 2251 1495 τούς
2297 1430 2447 1501 παρὰ
2486 1427 2622 1483 Θεοῦ
2655 1430 2911 1501 κλήρους.
2942 1429 3079 1500 Περὶ
3129 1420 3206 1482 ὧν
3241 1426 3337 1481 καὶ
3367 1427 3395 1479 ὁ
3423 1422 3706 1484 θεσπέσιος

2122 1523 2315 1593 ψάλλει
2368 1522 2553 1588 Δαδὶδ,
2609 1522 2747 1594 πρὸς
2776 1522 2870 1575 τὸν
2907 1521 3017 1575 τῶν
3061 1522 3198 1575 ὅλων
3252 1519 3482 1589 Σωτῆρα
3532 1513 3703 1569 Θεόν·

446 1628 466 1662 ι
502 1608 591 1663 Ἐν
615 1609 733 1672 ταῖς
776 1609 929 1679 χερσί
985 1626 1079 1664 σου
1134 1610 1185 1665 οι
1244 1612 1439 1685 κλῆροι
1472 1630 1596 1686 μου.
1633 1632 1651 1666 ι
1711 1615 1892 1677 Ἅπας
1942 1614 2050 1687 γὰρ
2088 1616 2244 1688 ἡμῶν
2279 1614 2501 1689 κλῆρος,
2566 1617 2662 1671 καὶ
2690 1618 2839 1670 πᾶσα
2873 1616 3030 1686 μερὶς
3063 1614 3120 1668 ἐν
3155 1610 3373 1682 ἐξουσίᾳ
3409 1607 3567 1673 Θεοῦ,
3611 1606 3707 1660 καὶ

441 1702 602 1767 αὐτός
631 1704 831 1757 ἐστινὰ
860 1706 970 1759 τῶν
992 1704 1273 1775 στεφάνων
1305 1706 1612 1779 διανομεύς.

511 1795 678 1855 Vens.
706 1795 760 1861 8,
803 1796 857 1852 9.
889 1795 1133 1868 Clangite
1164 1797 1289 1852 tuba
1324 1814 1480 1869 super
1507 1797 1684 1862 colles,
1715 1808 1898 1855 sonate
1927 1814 2017 1853 su-

2191 1798 2535 1851 Σαλπίσατε
2551 1794 2839 1864 σάλπιγγι
2852 1793 2949 1847 ἐπὶ
2968 1791 3107 1854 τοὺς
3123 1789 3412 1856 βουνοὺς,
3435 1790 3708 1860 ήχήσιιτε

440 1901 534 1955 per
576 1884 811 1951 excelsis,
873 1887 1155 1956 prwdicate
1204 1887 1259 1940 in
1303 1890 1455 1941 domo
1506 1887 1600 1952 ὢν,
1662 1887 1835 1942 Mente
1880 1890 2017 1942 επεὶ·

441 1977 523 2030 dit
564 1974 865 2047 Benjamin,
897 1977 1147 2048 Ephraint
1183 1979 1234 2032 in
1260 1978 1633 2034 desolationem
1689 1980 1864 2049 factus
1918 1988 2014 2034 est.

441 2066 512 2121 In
564 2068 747 2123 diebus
800 2070 1141 2138 correptionis
1178 2071 1233 2123 iu
1295 2070 1527 2125 tribubus
1568 2070 1742 2126 Israel
1814 2071 2017 2126 ostendi

441 2162 643 2228 ﬁdelia.

514 2252 648 2308 [.Vl.
681 2251 864 2311 Planis
909 2254 1088 2311 verbis
1123 2255 1326 2311 dictum
1369 2265 1455 2313 est
1482 2271 1667 2326 supra,
1721 2257 2017 2315 detestabi-

443 2343 548 2399 lem
593 2342 882 2400 Jeroboam
908 2359 1032 2402 cum
1061 2347 1242 2404 vitulis
1274 2349 1455 2405 aureis
1497 2349 1665 2404 etiam
1704 2350 1841 2405 alios
1867 2354 2020 2421 quos-

441 2435 567 2490 dam
620 2436 935 2493 idololatriae
980 2437 1330 2510 pestiferique
1396 2440 1600 2497 erroris
1653 2443 1841 2498 modos
1878 2445 2017 2512 apud

441 2527 716 2585 lsraelitas
750 2530 1138 2589 introduxisse.
1188 2532 1599 2604 Superstitiosis
1637 2534 1780 2590 enim
1824 2535 2021 2591 ritibus

440 2619 672 2677 Cbamos
727 2632 783 2679 et
853 2621 1185 2695 Beelpbegor
1231 2624 1285 2679 in
1361 2625 1636 2682 montibus
1686 2634 1741 2697 et
1792 2626 2019 2683 collibus

441 2714 543 2769 sub
577 2728 802 2785 quercu,
833 2724 888 2771 et
915 2715 1134 2786 populo,
1173 2725 1229 2773 et
1281 2716 1475 2772 arbore
1508 2717 1761 2773 umbrosa
1795 2733 2017 2774 venera-

440 2805 658 2860 bantur.
695 2804 1025 2861 Visebantur
1061 2815 1264 2872 autem,
1305 2816 1366 2863 ut
1392 2809 1537 2876 disi,
1566 2809 1727 2864 etiam
1756 2810 1809 2864 in
1835 2809 2020 2866 Belltel

441 2905 496 2949 et
533 2896 646 2951 Dan
678 2897 834 2952 vituli
868 2898 1040 2952 aurei.
1078 2896 1145 2952 Et
1188 2898 1303 2955 lucc
1335 2899 1555 2969 quidem
1601 2898 1818 2956 lsraelis
1860 2902 2021 2955 sedu-

440 2989 551 3044 ctio
592 2986 712 3043 fuit.
740 2986 909 3045 ludas
944 2999 1143 3057 autem,
1171 2989 1284 3045 sive
1332 2990 1631 3063 Benjamin,
1671 2991 2021 3047 nihilominus

441 3080 651 3136 seducti
688 3088 835 3146 sunt,
858 3089 911 3136 et
937 3081 1621 3149 Astarten,oﬂ'endiculum
1674 3084 2018 3140 Sidoniornm

2117 1888 2352 1943 ἐπὶτῶν
2386 1886 2660 1958 ὑψηλῶν,
2693 1885 2989 1955 κηρύξατε
3006 1885 3077 1938 ἐν
3099 1881 3180 1949 τῷ
3199 1884 3343 1948 οἴκῳ
3363 1886 3464 1938 Ὧν
3495 1899 3509 1915 ⁸
3546 1883 3707 1950 Ἐξέ-

2119 1997 2234 2049 στη
2255 1979 2557 2050 Βενιαμὶν,
2586 1978 2833 2049 Ἐφραῒμ
2855 1978 2939 2043 είς
2956 1977 3300 2045 ἀφανισμὸν
3323 1975 3577 2045 ἐγένετο.
3611 1978 3709 2030 Ἐν

2118 2069 2364 2139 ἡμέραις
2411 2068 2667 2138 ἐλέγχου
2713 2068 2784 2122 ἐν
2828 2066 2956 2132 ταῖς
3009 2064 3232 2135 φυλαῖς
3292 2063 3399 2119 τοῦ
3460 2066 3706 2135 Ἰσραὴλ

2119 2161 2323 2227 ἔδειξα
2370 2160 2576 2216 πιστά.

2189 2255 2332 2323 NG".
2365 2254 2695 2326 Προείρηται
2729 2252 2939 2323 σαφῶς,
2970 2252 3054 2306 ὅτι
3106 2251 3244 2323 πρὸς
3275 2254 3393 2316 ταῖς
3439 2252 3705 2323 δαμάλεσι

2118 2351 2238 2413 ταῖς
2266 2351 2494 2420 χρυσαῖς
2524 2348 2619 2403 καὶ
2675 2349 2895 2420 ἑτέρους
2932 2350 3044 2410 τοῖς
3079 2346 3139 2412 ὲξ
3180 2346 3397 2418 Ἰσραὴλ
3427 2347 3709 2402 είδωλολαυ

2120 2442 2278 2513 τρίας
2315 2441 2537 2513 ὀλέθρου
2566 2457 2626 2494 τε
2657 2441 2753 2495 καὶ
2808 2440 3016 2511 πλάνης
3052 2439 3401 2510 είσκεκόμικε
3424 2440 3659 2513 τρόπους
3679 2444 3707 2496 ὁ

2121 2533 2396 2605 ἐπάρατος
2428 2532 2730 2605 Ἱεροϐοάμ.
2771 2531 3135 2603 Ἐθρήσκευον
3161 2532 3272 2603 γὰρ
3322 2533 3381 2585 ὲν
3411 2532 3563 2603 ὐρεσι
3610 2532 3707 2586 καὶ.

2123 2625 2330 2696 βουνοῖς
2354 2626 2446 2679 τὸν
2469 2624 2695 2696 Χαμὼς,
2729 2624 2817 2678 τὸν
2851 2623 3197 2695 Βεελφεγὼρ,
3234 2624 3492 2678 ὑποκάτω
3524 2624 3704 2696 δρυὸς,

2123 2719 2216 2771 καὶ
2250 2716 2470 2789 λεύκης,
2511 2717 2604 2770 καὶ
2658 2715 2877 2787 δένδρου
2910 2716 3313 2779 συσκιάζοντος·
3354 2710 3495 2786 ἦσαν
3523 2714 3600 2779 δὲ,
3629 2716 3743 2779 ὡς.

2121 2811 2277 2880 ἔφην,
2308 2810 2402 2862 καὶ
2429 2811 2485 2862 ὲν
2512 2806 2711 2879 Βαιθὴλ
2746 2810 2840 2861 καὶ
2872 2810 2928 2861 ὲν
2954 2807 3061 2861 Δὰν
3106 2809 3163 2861 αἱ
3195 2811 3393 2878 χρυσαί
3420 2807 3703 2887 δαμάλεις.

2134 2903 2273 2955 Ἀλλ’
2299 2903 2392 2973 ἥδε
2419 2900 2517 2972 μὲν
2540 2900 2635 2953 τοῦ
2678 2898 2891 2972 Ἰσραὴλ
2914 2901 2947 2968 ὴ
2990 2898 3273 2969 πλάνησις.
3302 2897 3360 2951 '0
3388 2898 3446 2951 δέ
3479 2915 3541 2966 γε
3572 2898 3707 2951 ’ἰού-

2120 2997 2236 3061 δας,
2274 2996 2443 3065 ἧγουν
2468 2993 2496 3045 ὁ
2527 2992 2809 3061 Βενιαμὶν,
2842 2990 2994 3044 οὐδὲν
3023 2985 3186 3062 ἦττον
3218 2989 3581 3061 πεπλάνηντο,
3612 2988 3708 3041 καὶ

2124 3083 2518 3156 λελατρεύκασι
2551 3082 2651 3154 μὲν
2678 3086 2745 3154 τῇ
2783 3081 3052 3152 Ἀστάρτῃ
3089 3079 3518 3151 προσοχθίσματι
3544 3078 3708 3132 Σιδω-

443 3170 742 3228 coluerunt.
775 3169 1060 3243 Supplices
1088 3173 1287 3228 liebant
1321 3168 1579 3244 praeterea
1616 3175 1734 3241 soli,
1761 3177 1904 3244 quod
1935 3192 2018 3229 no-

2128 3180 2275 3231 νίων.
2318 3177 2698 3248 Ιῐροσεκύνουν
2736 3176 2793 3228 δὲ
2823 3174 2917 3229 καὶ
2947 3174 3027 3244 τῷ
3074 3172 3228 3244 ἡλίῳ,
3263 3173 3357 3226 καὶ
3389 3172 3545 3225 τοῦτο
3574 3173 3706 3242 ἡμῖν
3756 3166 3759 3169 ’

440 3265 526 3322 bis
553 3266 714 3322 etiam
738 3280 833 3335 per
860 3264 1199 3319 Eaecbielem
1225 3265 1467 3335 liquebit.
1511 3264 1707 3347 Ductus
1737 3276 1823 3320 est
1854 3266 2019 3329 enim,

442 3366 503 3413 ut
526 3358 717 3414 scribit
739 3361 874 3429 ipse,
904 3357 1332 3430 Hierosolymam
1360 3360 1411 3414 in
1445 3359 1652 3415 visione
1676 3360 1791 3416 Dei.
1824 3360 2024 3415 Deinde

443 3448 581 3504 Vidit
608 3448 979 3504 seductionem
1025 3447 1326 3503 incolarum
1376 3449 1513 3519 ejus.
1544 3468 1562 3501 ι
1600 3450 1716 3504 Vidi
1749 3450 1915 3512 enim,
1943 3452 2022 3502 ius

441 3540 581 3610 quit,
642 3541 796 3610 quasi
849 3540 1036 3612 viginti
1091 3541 1331 3610 quinque
1390 3541 1554 3597 viros.
1595 3540 1761 3597 Darsa
1836 3555 2022 3598 eorum

442 3645 632 3690 contra
657 3634 913 3706 templum
955 3632 1186 3701 Domini,
1218 3643 1275 3690 et
1307 3634 1475 3689 lacles
1495 3648 1678 3689 eorum
1715 3643 1927 3696 contra,
1970 3644 2024 3688 et

442 3724 530 3780 isti
552 3725 850 3783 adurebant
873 3726 1038 3783 solem
1060 3727 1125 3781 ad
1152 3728 1418 3781 orientem
1451 3725 1549 3778 ιι.»
1581 3725 1876 3782 Considera
1891 3740 2023 3795 ergo

441 3819 711 3885 quomodo
744 3829 949 3888 pestem
973 3829 1029 3874 et
1051 3818 1277 3873 exitium
1309 3817 1458 3873 varie
1483 3818 1584 3873 sibi
1615 3818 2020 3888 comparabant,

443 3909 627 3965 multis
675 3912 848 3967 modis
901 3912 1065 3966 Deum
1120 3911 1453 3968 oﬂendentes
1505 3920 1560 3966 et
1598 3910 1891 3966 irritantes.
1921 3908 2023 3965 Vo-

444 4003 617 4056 lentes
660 4002 820 4071 igitur
845 4003 1011 4057 etiam
1059 4005 1112 4059 in
1159 4003 1458 4075 propinqua
1490 4003 1894 4071 exspectatione
1925 4017 2019 4069 po-

440 4095 577 4150 sitos
608 4103 821 4151 vastare
860 4093 1186 4162 Samariam,
1221 4105 1404 4151 etnon
1434 4109 1625 4165 parum
1688 4093 2018 4148 conturbare

442 4184 784 4254 Jerusalem,
830 4187 1119 4259 Assyrios,
1169 4189 1409 4257 inquam,
1460 4196 1515 4241 et
1557 4185 1770 4248 Persas,
1828 4193 1885 4236 et
1919 4181 2018 4235 Da-

439 4293 748 4345 mascenos,
778 4278 946 4350 Syros
995 4280 1500 4350 puta(invaserunt
1525 4278 1667 4332 enim
1696 4275 1856 4328 ambo
1907 4275 2022 4327 suis

441 4367 796 4437 temporibus,
848 4367 984 4424 alias
1029 4367 1134 4423 alia
1187 4369 1435 4423 tlecausa
1492 4366 1559 4420 ad
1606 4365 1709 4420 hoc
1764 4362 2017 4427 incitati)

2129 3270 2354 3342 ἐναργὲς
2401 3270 2557 3323 ἔσται
2620 3268 2782 3321 πάλιν
2820 3267 2908 3320 διὰ
2950 3265 3135 3337 φωνῆς
3184 3264 3467 3335 Ἰεζεχιήλ.
3525 3263 3703 3333 Ἠχθη

2128 3365 2226 3433 μὲν
2256 3363 2384 3435 γὰρ,
2408 3360 2485 3426 ὣς
2503 3377 2666 3431 φησιν
2704 3360 2888 3423 αὐτὸς,
2913 3361 2994 3422 εἰς
3036 3356 3406 3427 Ἰεροσόλυμα,
3436 3356 3494 3408 ἐν
3515 3354 3707 3427 ὁράσει

2124 3454 2278 3509 θεοῦ.
2307 3450 2440 3507 Εῐτα
2470 3452 2725 3505 τεθέαται
2776 3451 2877 3520 τὴν
2936 3447 3045 3503 τῶν
3088 3449 3441 3501 ἐνοικούντων
3471 3446 3702 3517 πλάνην.

2131 3565 2148 3597 ι
2184 3541 2339 3600 Εἶδον
2370 3543 2499 3617 γὰρ,
2530 3544 2714 3613 φησὶν,
2751 3542 2827 3604 ὡς
2853 3541 3025 3593 εἴκοσι
3054 3540 3147 3592 καὶ
3182 3538 3342 3592 πέντε
3380 3537 3579 3609 ἄνδρας
3601 3578 3615 3600 ,
3636 3537 3708 3591 τὰ

2123 3635 2345 3689 ὀπίσθια
2373 3634 2555 3687 αὐτῶν
2587 3633 2721 3704 πρὸς
2755 3632 2847 3685 τὸν
2886 3631 3011 3684 ναὸν
3039 3630 3269 3701 Κυρίου,
3296 3630 3391 3683 καὶ
3424 3630 3492 3685 τὰ
3532 3629 3701 3701 προσ·

2123 3740 2252 3779 ωπα
2286 3721 2468 3777 αὐτῶν
2500 3721 2783 3787 ἀπέναντι,
2828 3721 2922 3774 καὶ
2986 3713 3131 3773 οὗτοι
3165 3720 3533 3791 προσεκύνουν
3563 3721 3707 3774 κατὰ

2123 3815 2390 3880 ἀνατολὰς
2418 3815 2498 3886 τῷ
2517 3813 2669 3886 ἡλίῳ.
2713 3834 2730 3865 ι
2773 3813 2964 3884 ’Δθρει
2999 3814 3062 3886 δὴ
3086 3810 3179 3870 οὖν
3207 3814 3356 3877 ὅπως
3389 3813 3709 3885 ἐμερίζοντο

2122 3908 2222 3978 τὴν
2245 3907 2543 3971 ἀπώλειαν,
2562 3905 2704 3958 κατὰ
2726 3905 2952 3969 πολλοὺς
2986 3905 3420 3977 προσκρούοντες
3447 3906 3705 3977 τρόπους,

2124 4004 2219 4057 κα)⁸
2246 3998 2539 4063 λυποῦντες
2560 3999 2714 4053 Θεὸν.
2751 3998 2957 4053 Οὐκοῦν
2984 4002 3094 4062 τοῖς
3111 3997 3415 4077 κςταδῃοῦν
3439 3998 3703 4062 ἐθέλουσι,

2124 4096 2217 4150 καὶ
2249 4096 2373 4148 ὅσον
2421 4090 2631 4145 οὐδέπω
2680 4091 3169 4162 προσδοκωμένοις,
3201 4088 3299 4162 τὴν
3355 4090 3665 4161 Σαμάρειαν
3687 4131 3703 4155 ,

2123 4186 2217 4237 καί
2249 4182 2499 4252 θορυὸεῖν
2523 4182 2582 4234 οὐ
2618 4182 2853 4253 μετρίως
2897 4181 3148 4252 μέλλουσι
3185 4181 3283 4252 τὴν
3325 4180 3700 4252 Ἰερουσαλὴμ,

2135 4277 2441 4347 Ἀσσυρίοις
2466 4293 2524 4327 τε
2563 4276 2725 4346 φημὶ,
2756 4277 2851 4328 καὶ
2894 4274 3161 4344 Πέρσαις,
3190 4274 3285 4325 καὶ
3322 4273 3434 4335 τοῖς
3468 4270 3575 4324 άπὸ
3600 4276 3707 4324 Δα-

2125 4366 2360 4439 μασκοῦ,
2391 4366 2534 4437 φημὶ
2557 4365 2643 4437 δὴ,
2677 4368 2789 4429 τοῖς
2822 4365 3014 4436 Σύροις
3047 4363 3251 4434 (ἔθεντο
3270 4364 3378 4437 γὰρ
3403 4362 3705 4434 ἀμφότεροι

442 4459 513 4511 ob
551 4473 758 4513 moram
780 4466 837 4515 et
874 4460 1277 4514 cunctationem
1312 4455 1627 4525 irruptionis
1654 4463 1861 4509 tantum
1911 4470 2016 4506 mm

2123 4457 2264 4511 κατὰ
2290 4458 2537 4528 καιροὺς,
2567 4455 2715 4510 ἄλλοι
2744 4472 2804 4508 τε
2854 4454 3029 4519 ἄλλως
3076 4455 3155 4519 είς
3184 4453 3343 4508 τοῦτο
3388 4452 3705 4525 παραθηγό-

438 4549 709 4619 objurgat,
736 4555 789 4601 ct
816 4547 983 4603 ordiri
1008 4547 1202 4603 bellum
1221 4547 1463 4617 jubebat,
1502 4543 2018 4611 circumclangenu-s

2125 4554 2319 4617 μενοι),
2347 4547 2628 4617 μονονουχὶ
2659 4547 2754 4601 καὶ
2788 4544 3011 4614 ἐγκαλεῖ
3051 4544 3154 4616 τῆς
3194 4543 3383 4615 ἐφόδου
3435 4544 3534 4616 τὴν
3574 4544 3707 4614 μέλ-

438 4637 696 4701 buccina,
723 4645 1102 4707 terrarumque
1139 4635 1405 4705 primitias
1459 4633 1730 4689 mentibus
1773 4638 2024 4688 seducto-

439 4744 560 4783 rum
616 4729 958 4784 incutientes.
990 4729 1100 4799 87
1149 4727 1409 4794 Quoniam
1463 4725 1605 4778 enim
1649 4740 1743 4780 eos
1799 4734 1855 4779 et
1902 4741 2020 4779 sor—

439 4828 522 4874 tes
572 4820 811 4889 ipsorum
850 4819 1039 4889 rubigo
1072 4820 1392 4873 devoratum
1425 4828 1505 4871 est
1529 4818 1546 4887 (
1570 4818 1801 4872 diximus
1842 4828 2017 4870 autent

439 4926 541 4965 nos
617 4909 916 4978 rubiginem
979 4910 1156 4964 vocari
1222 4908 1400 4963 clades
1459 4910 1579 4963 belli
1628 4920 1680 4963 et
1733 4909 2019 4961 ticettlztliu-

438 5016 561 5059 nem
592 5003 640 5068 ),
673 5000 872 5055 docens
905 4998 1104 5053 malum
1156 5000 1256 5053 hoc
1290 5014 1409 5054 esse
1443 5014 1605 5067 supra
1663 5006 1843 5066 caput,
1889 4997 2008 5052 bre-

438 5092 597 5159 vique
629 5098 971 5154 eventurum,
1009 5089 1132 5142 tuba
1171 5105 1366 5144 canere
1398 5090 1785 5143 conuenienter
1837 5090 2017 5144 admo-

439 5188 564 5241 dum
637 5184 815 5256 jussit,
859 5192 913 5235 et
973 5190 1096 5235 ante
1157 5181 1259 5236 alia
1309 5196 1471 5251 super
1516 5181 1648 5237 locis
1708 5181 2013 5245 idolorum;

439 5285 616 5331 autut
643 5275 1042 5345 quamprimum
1093 5274 1456 5329 incendendos
1495 5282 1548 5327 et
1579 5275 1889 5343 diruendas,
1924 5283 2018 5328 aut

438 5369 565 5434 quia
609 5367 707 5436 ipsi
748 5365 1185 5419 rontmoditatcm
1234 5366 1475 5421 bellicam
1526 5364 1806 5431 baberent,
1833 5376 1888 5420 et
1932 5367 2015 5420 in-

439 5460 505 5513 de
535 5459 786 5514 seductos
837 5456 1185 5513 infestissime
1219 5473 1529 5527 oppugnare
1556 5458 1760 5514 liceret.
1788 5458 2012 5525 Quando

439 5550 628 5619 itaque
669 5548 799 5603 dicit
833 5549 1135 5605 canendum
1179 5552 1302 5605 tuba
1331 5564 1491 5622 super
1535 5550 1725 5617 colles,
1761 5560 1816 5605 et
1845 5563 2011 5620 super

437 5643 673 5705 excelsa,
709 5650 761 5696 et
802 5642 855 5695 in
903 5642 1061 5696 domo
1089 5641 1187 5707 ὢν,
1234 5644 1495 5699 idolorqu
1556 5644 1673 5699 loca
1721 5642 2005 5716 intelliges.

513 5820 558 5852 “
599 5819 737 5874 [‘52:].
780 5838 902 5885 xxx,
950 5822 1028 5875 lli.
1112 5824 1150 5853 ³¹
1181 5822 1376 5880 Ezcclt.
1414 5837 1531 5889 vm,
1560 5823 1646 5878 lli.

2120 4637 2275 4709 λησιν
2304 4653 2315 4666 ·
2348 4636 2693 4707 ἀπάρχεσθαι
2718 4635 2774 4689 δὲ
2803 4636 2903 4708 ήδη
2936 4633 3031 4689 τοῦ
3061 4634 3297 4706 πολέμου
3326 4636 3665 4707 προστέταχε
3687 4675 3703 4699 ,

2120 4746 2185 4781 πε
2197 4728 2514 4798 ριηχοῦντας
2540 4730 2657 4791 ταῖς
2686 4726 2964 4795 σάλπιγξι,
3002 4730 3097 4781 καὶ
3124 4728 3227 4792 τὰς
3247 4726 3358 4782 τῶν
3388 4727 3704 4798 δειγμάτων

2117 4823 2371 4891 ἀπαρχὰς
2420 4823 2540 4882 ταῖς
2592 4819 2701 4873 τῶν
2750 4820 3118 4890 πλανωμένων
3172 4821 3416 4887 ἐνιέντας
3479 4820 3701 4893 ψυχαῖς.

2132 4916 2345 4985 Ἐπειδὴ
2379 4914 2506 4985 γὰρ,
2539 4915 2662 4984 ἔφη,
2695 4914 2788 4967 νῦν
2820 4916 3196 4983 καταφάγεται
3225 4914 3424 4978 αὐτοὺς
3452 4916 3487 4984 ὴ
3514 4915 3705 4986 ἐρυσί-

2112 5004 2192 5073 ιϐη
2227 5005 2322 5060 καὶ
2370 5006 2496 5067 τοὺς
2556 5004 2787 5074 κλήρους
2830 5004 3009 5057 αὐτῶν
3060 5004 3361 5074 (ἐλέγομεν
3393 5003 3449 5056 δὲ
3503 5005 3699 5074 ἡμεῖς,

2120 5095 2383 5167 ἐρυσίϐην
2426 5094 2740 5164 ὠνομάσθαι
2791 5095 2887 5165 τὴν
2918 5098 2982 5147 ὲκ
3033 5094 3125 5147 τοῦ
3161 5094 3402 5163 πολέμου
3459 5095 3704 5147 κάκωσιν

2120 5189 2213 5241 καὶ
2239 5188 2331 5241 τὸν
2365 5188 2713 5259 ἀφανισμὸν),
2733 5188 2997 5241 διδάσκων
3029 5192 3111 5241 ὅτι
3136 5186 3359 5256 γέγονεν
3378 5186 3471 5239 ἐπὶ
3486 5185 3700 5257 θύραις,

2122 5278 2456 5347 συμϐήσεται
2513 5278 2591 5343 δὲ,
2641 5280 2735 5332 καὶ
2777 5281 2877 5330 οὐκ
2908 5279 2986 5340 είς
3043 5277 3279 5349 μακρὰν,
3335 5276 3614 5341 σαλπίζειν
3640 5272 3701 5329 εὗ

2126 5370 2272 5442 μάλα
2305 5371 2665 5441 προστέταχε,
2699 5370 2793 5424 καὶ
2823 5371 2929 5440 πρό
2956 5387 3019 5438 γε
3056 5370 3164 5423 τῶν
3192 5368 3368 5423 ἄλλων
3423 5369 3518 5422 ἐπὶ
3575 5369 3703 5432 τοὺς

2120 5463 2229 5516 τῶν
2252 5463 2486 5517 εἰδώλων
2513 5463 2713 5527 τόπους
2740 5481 2751 5492 ⁸
2773 5463 2805 5533 ἦ
2834 5463 2910 5526 ὡς
2936 5464 3058 5517 ὅσον
3081 5462 3289 5517 οὐδέπω
3315 5460 3703 5533 καταπρησθῆ-

2119 5554 2309 5608 σεσθαι
2360 5555 2651 5626 μέλλοντας
2710 5555 2807 5609 καὶ
2870 5554 3352 5626 σεισθησομένους,
3403 5555 3569 5625 ήγουν
3618 5554 3700 5605 ὅτι

2118 5645 2404 5713 γεγόνασιν
2454 5644 2607 5699 αὐτοὶ
2656 5644 2751 5701 τοῦ
2811 5644 3046 5716 πολέμου
3098 5644 3371 5716 πρόφασις
3441 5643 3536 5697 καὶ
3600 5641 3699 5712 τῆς
