4094 6476
442 317 541 372 HI

1435 312 1491 366 S.
1530 312 1805 367 CYRIILI
1846 308 2316 366 ALEXANDRINI
2361 313 2676 371 AllClllEP.
3598 329 3699 384 153

441 437 511 488 sit
575 434 752 488 anima
819 446 936 486 mea
998 441 1122 501 post
1168 440 1219 485 te
1243 431 1357 485 ⁸³.)
1401 430 1674 499 Suscipiet
1744 429 1913 491 enim,
1967 438 2019 481 et

2124 432 2301 485 ἐκεῖνο
2332 433 2481 504 βοᾷν,
2523 453 2542 485 ι
2584 435 2920 507 Ἐκκολλήθη
2950 439 2981 506 ἠ
3013 437 3158 508 ψυχή
3195 457 3298 510 μου
3330 442 3508 496 ὀπίσω
3535 460 3651 497 σου.
3676 463 3695 496 ι

441 533 688 593 prompte
727 520 1078 591 opitulabitur
1108 521 1327 574 deXIera
1370 520 1772 589 Omnipoteutis
1824 534 1855 574 e
1913 534 2016 588 qua

440 629 603 669 nemo
647 613 819 684 rapiet
846 612 913 677 “,
948 621 1003 667 ut
1051 612 1297 667 Salvator
1327 621 1570 667 testatur.

514 788 678 841 Vens.
709 788 796 842 IO.
831 786 983 841 Facti
1017 799 1139 841 sunt
1185 787 1441 855 principes
1476 785 1621 839 Juda
1664 786 1800 838 velut
1845 794 2016 838 trans-

439 891 685 949 ponentes
724 883 976 935 terminos
999 921 1016 947 ,
1053 896 1205 948 super
1239 895 1322 934 eos
1349 879 1616 946 effundam
1641 877 1774 930 sicut
1826 892 2016 943 aquam

440 973 691 1039 impetum
741 988 932 1027 meum.

511 1059 667 1115 LVII.
737 1058 852 1115 Hoc
892 1069 979 1114 est
1030 1058 1322 1130 (quamvis
1370 1058 1470 1114 sub
1515 1055 1831 1126 involucro)
1871 1055 2014 1123 quod

439 1151 670 1218 dicebat,
705 1172 722 1205 ι
754 1153 966 1208 excedit
1006 1160 1184 1206 mente
1215 1150 1516 1220 Beniamin.
1555 1167 1573 1200 ι
1607 1146 1825 1202 Similes
1870 1146 2013 1200 enim

439 1245 676 1309 filerunt,
709 1244 902 1313 inquit,
966 1243 1225 1298 terminos
1282 1239 1759 1304 transferentibus,
1789 1247 1844 1291 et
1882 1236 2012 1291 olim

437 1339 656 1393 delinita
692 1336 993 1406 transgredi
1055 1333 1376 1390 volentibus.
1414 1332 1513 1398 Qui
1562 1332 1707 1386 enim
1760 1330 1858 1385 soli
1904 1329 2014 1384 Deo

434 1430 833 1493 convenientia,
871 1427 1227 1497 ipsiquejure
1282 1426 1493 1492 dicata,
1533 1423 1879 1487 eharitatem,
1931 1424 2011 1476 in-

434 1536 619 1592 quam,
677 1522 973 1585 honorem,
1003 1517 1374 1574 adorationcm
1416 1517 1536 1572 aliis
1580 1517 1844 1582 tribuunt,
1886 1515 2014 1582 quia

432 1613 573 1666 forte
605 1610 795 1674 sole‘ln,
816 1620 907 1664 aut
933 1609 1136 1677 lunam,
1162 1617 1217 1664 et
1244 1618 1389 1665 astra
1417 1609 1668 1679 precibus
1694 1608 2009 1673 sollicitant,

432 1702 566 1757 nihil
592 1717 778 1757 revera
807 1702 1013 1757 faciunt
1039 1702 1180 1756 aliud
1236 1716 1398 1771 quam
1430 1701 1573 1771 quod
1623 1700 1846 1754 omnino
1900 1707 2009 1753 ter-

2135 524 2509 614 Ἀντιλήψεται
2536 525 2646 597 γὰρ
2676 529 2796 580 τότε
2826 530 2921 581 καὶ
2949 530 3306 602 ἐπικουρήσει
3340 533 3639 604 προθύμως
3666 536 3700 605 ἡ
3742 600 3761 614 ί

2119 613 2271 680 δεξιά
2307 614 2399 668 τοῦ
2434 616 2612 670 πάντα
2645 616 2919 687 ἰσχύοντος
2940 658 2954 679 ,
3002 619 3098 688 ἀφ’
3138 614 3207 691 ἦς
3239 620 3416 685 οὐδεὶς
3459 622 3701 693 ἁρπάσει

2121 705 2263 759 κατά
2285 705 2385 776 τὴν
2418 705 2512 759 τοῦ
2533 706 2784 779 Σωτῆρος
2813 710 3016 781 φωνήν,

2204 796 2515 865 Ἐγένοντο
2545 801 2598 853 oi
2625 799 2914 868 ἄρχοντες
2942 800 3137 856 Ἰούδα
3166 802 3246 867 ὡς
3291 803 3703 872 μετατιθέντες

2121 890 2265 956 ὅρια,
2301 891 2393 944 ex‘
2437 891 2657 957 αὐτοὺς
2687 890 2873 959 ἐκχεῶ
2901 894 2980 958 ὡς
3011 893 3163 961 ὕδωρ
3198 894 3263 948 τὸ
3303 894 3537 965 ὅρμημά
3558 914 3700 965 μου.

2169 1063 2291 1117 NZ'.
2309 1063 2477 1118 Τοῦτό
2493 1067 2639 1118 ἐστιν
2658 1067 3069 1135 αίνιγματωδῶς
3082 1068 3164 1121 τὸ³
3184 1067 3403 1139 Ἐξέστη
3424 1070 3700 1140 Βενιαμίν.

2119 1155 2382 1221 Γεγόνασι
2405 1155 2513 1226 γὰρ
2548 1157 2605 1209 ἐν
2639 1156 2758 1225 ἴσῳ,
2789 1157 2944 1228 φησι,
2986 1162 3099 1222 τοῖς
3157 1160 3519 1231 μετατιθεῖσιν
3555 1161 3701 1234 ὅρια.

2118 1249 2211 1300 καὶ
2244 1248 2593 1318 ὑπερϐαίνειν
2631 1250 2871 1302 ἐθέλουσι
2917 1249 2987 1304 τὰ
3038 1251 3209 1305 πάλαι
3236 1252 3591 1324 διωρισμένα.
3640 1255 3706 1308 Ui.

2110 1339 2226 1409 γὰρ
2254 1339 2321 1391 τὰ
2357 1340 2505 1409 μόνῳ
2538 1340 2819 1411 πρέποντα
2871 1341 2951 1412 τῷ
2980 1342 3122 1413 Θεῷ,
3161 1345 3254 1397 καὶ
3300 1345 3451 1416 αὐτῷ
3479 1346 3707 1410 δικαίως

2117 1428 2542 1501 ἁνατεθειμένα,
2583 1431 2683 1501 τὴν
2726 1433 2948 1502 ἀγάπην
2973 1432 3029 1486 δὲ
3062 1434 3228 1502 λέγω,
3259 1434 3357 1506 τὴν
3389 1436 3574 1508 τιμὴν,
3605 1436 3706 1509 τὴν

2117 1520 2484 1590 προσκύνησιν
2543 1521 2894 1590 μεθιστάντες
2936 1525 3015 1587 είς
3066 1526 3308 1595 ἐτέρους,
3364 1526 3454 1580 διά
3497 1544 3562 1593 γε
3607 1527 3703 1581 τοῦ

2116 1614 2442 1681 προσκυνεῖν
2490 1613 2625 1684 ἡλίῳ
2658 1614 2817 1683 τυχὸν
2838 1655 2850 1679 ,
2883 1615 3051 1686 ἤγουν
3088 1616 3286 1691 σελήνῃ
3314 1618 3408 1671 καὶ
3449 1617 3703 1690 ἄστροις,

2117 1700 2290 1772 δρῷεν
2342 1702 2409 1756 ἂν
2449 1704 2634 1774 ἕτερον
2658 1705 2831 1768 οὐδὲν,
2866 1706 3007 1759 κατά
3048 1724 3109 1774 γε
3152 1708 3215 1760 τὸ
3266 1709 3442 1773 εἰκὸς,
3471 1709 3503 1780 ἢ
3533 1711 3704 1782 ὁτιδὴ

436 1793 615 1847 minos
649 1802 880 1847 mutant.
904 1791 1098 1849 Judam
1131 1794 1464 1856 autem,sive
1493 1791 1768 1861 Beniamin
1794 1790 2019 1861 gloriam

2126 1793 2342 1858 πάντως
2378 1795 2695 1865 μεθιστᾶσιν
2728 1797 2871 1867 ὅρια.
2907 1796 3033 1852 ’Ότι
3060 1798 3115 1851 δέ
3155 1797 3252 1870 τὴν
3277 1778 3591 1868 πρέπουσαν
3626 1778 3707 1872 τῶ

433 1885 546 1939 Deo
598 1885 832 1940 debitam
899 1886 1042 1950 soli,
1081 1894 1135 1939 et
1172 1885 1347 1947 lunae.
1380 1894 1434 1939 et
1497 1885 1660 1939 astris
1712 1884 1978 1939 dicavisse
2001 1925 2016 1951 ,

433 1991 501 2031 ex
533 1991 601 2032 eo
629 1976 798 2033 claret
845 1977 986 2047 quod
1021 1978 1086 2031 ad
1126 1975 1414 2032 Jeremiam
1457 1977 1775 2046 prophetam
1798 1976 1875 2029 ait
1914 1976 2019 2030 Do-

433 2070 652 2125 minus:
683 2088 702 2121 ι
728 2072 809 2124 An
833 2085 938 2124 non
957 2070 1104 2124 vides
1129 2070 1256 2139 quid
1282 2068 1364 2123 isti
1404 2069 1604 2123 iaciunt
1630 2068 1683 2121 in
1715 2066 2021 2123 civitatibus

433 2160 570 2217 Juda
603 2173 656 2218 et
702 2164 753 2216 in
809 2163 910 2217 viis
954 2162 1296 2218 Jerusalem?
1344 2161 1462 2215 Filii
1513 2177 1701 2216 eorum
1761 2160 2019 2230 colligunt

433 2255 604 2326 ligna,
657 2266 711 2310 et
744 2264 923 2325 patres
951 2270 1140 2312 eorum
1176 2255 1510 2310 succendunt
1558 2255 1757 2323 ignem,
1792 2262 1846 2308 et
1902 2270 2019 2308 mu-

433 2347 596 2403 lieres
636 2362 824 2404 eorum
857 2350 1209 2404 commiscent
1258 2347 1640 2415 similaginem,
1701 2355 1758 2401 ut
1818 2345 2019 2401 faciant

432 2440 710 2509 placentas
755 2440 956 2495 militia:
983 2440 1142 2507 coeli;
1174 2447 1228 2493 et
1264 2439 1570 2494 libaverant
1611 2438 1866 2493 libamina
1913 2436 2017 2491 diis

431 2533 647 2598 alienis,
685 2543 742 2588 ut
776 2533 844 2587 ad
894 2532 1230 2588 iracundiam
1292 2537 1585 2601 provocent
1637 2546 1723 2584 me
1752 2530 1854 2581 ⁸⁵.»
1886 2529 2017 2584 Ter-

433 2624 608 2678 minos
639 2625 820 2694 itaque
863 2631 1144 2680 moverunt
1174 2623 1443 2693 principes
1476 2622 1649 2678 tribus
1698 2621 1811 2693 89
1855 2620 2014 2685 .luda,

429 2717 533 2770 hoc
577 2726 681 2780 est,
711 2732 959 2786 suprema
1019 2724 1074 2771 et
1112 2716 1256 2786 regia
1299 2713 1745 2771 circumﬂuentes
1801 2714 1968 2783 gloria
1996 2752 2013 2779 ,

430 2824 567 2877 quos
596 2809 788 2879 vulgus
826 2816 1072 2864 errantes
1122 2818 1181 2863 ut
1221 2806 1553 2877 exemplaria
1608 2807 1761 2876 sequi
1820 2819 2018 2861 conveo

431 2902 635 2960 niebat.
680 2904 875 2958 Verum
908 2920 928 2954 ι
987 2902 1161 2957 instar
1205 2915 1360 2972 aquas
1418 2916 1541 2955 cum
1591 2898 1792 2969 impetu
1834 2896 2017 2952 ell‘nsaa

432 2995 707 3052 eﬂ‘undam
753 2998 806 3050 in
846 3010 942 3051 eos
995 2995 1276 3064 impetum,
1318 3008 1413 3048 seu
1478 2992 1714 3048 furorem
1766 3007 1965 3047 meum.
1992 3011 2010 3044 ι

433 3089 782 3147 Calamitates
826 3089 1095 3157 siquidem
1124 3102 1153 3141 a
1196 3085 1307 3142 Deo
1356 3086 1495 3140 irato
1556 3083 1819 3154 impositae
1859 3099 2015 3155 pror-
2043 3122 2085 3180 C

432 3197 526 3238 sus
569 3194 670 3236 nec
701 3179 830 3236 ferri
881 3178 1227 3247 tolerarique,
1267 3190 1366 3230 nec
1401 3174 1583 3245 repelli
1617 3182 1846 3245 queunt,
1875 3188 2014 3244 quo-

432 3275 594 3331 modo
627 3273 884 3328 nimirum
921 3286 1020 3327 nec
1056 3285 1196 3341 aqua
1246 3269 1411 3325 multa
1448 3267 1678 3323 ubertim
1722 3266 1891 3325 ell'usa
1923 3280 2012 3323 re-

434 3381 617 3437 prum.

506 3544 668 3597 Vens.
716 3542 774 3596 Il
806 3584 820 3605 ,
868 3541 956 3596 12.
1002 3540 1269 3609 Oppressit
1328 3539 1581 3610 Ephraim
1650 3538 2012 3593 adrersarium

431 3651 609 3700 stium,
641 3644 688 3688 et
714 3633 1037 3688 conculcavit
1068 3632 1357 3703 judicium,
1394 3632 1517 3700 quia
1542 3630 1697 3699 coepit
1728 3628 1874 3684 abire
1901 3639 2016 3698 post

431 3743 588 3781 vana.
615 3725 683 3778 Et
729 3743 825 3795 ego
864 3727 1017 3794 quasi
1071 3723 1406 3781 conturbatio
1449 3721 1728 3791 Ephraim,
1772 3730 1821 3775 et
1863 3723 2015 3792 quasi

429 3820 678 3874 stimulus
706 3819 887 3873 domui
918 3816 1086 3872 Iuda.

502 4000 686 4058 LVIII.
716 4003 958 4069 Quonam
1012 4001 1168 4056 modo
1199 3997 1482 4068 Beniamin
1516 4006 1697 4055 mente
1748 3996 2016 4052 alienatus

430 4099 521 4159 sit,
551 4095 695 4150 haud
725 4095 956 4148 obscure
984 4092 1301 4147 declaravit.
1342 4090 1487 4146 Dixit
1516 4091 1662 4149 enim
1700 4088 1873 4145 laetos
1896 4102 2018 4143 esse

436 4188 709 4258 principes
739 4186 902 4251 Iuda,
948 4195 1005 4240 ut
1041 4186 1138 4256 qui
1167 4185 1428 4241 terminos
1455 4183 1806 4239 transferunt.
1871 4179 2016 4246 Quo-

430 4278 591 4335 modo
621 4287 802 4334 autem
846 4287 901 4334 et
948 4276 1209 4347 Ephraim
1252 4275 1643 4332 desolationem
1695 4287 1890 4342 passus
1922 4271 2014 4337 sit,

431 4369 686 4440 deinceps
698 4353 921 4440 exponit
948 4368 1159 4423 ctaddit
1175 4385 1220 4423 τι
1240 4365 1521 4436 Oppressit
1540 4364 1800 4434 prraim
1825 4363 2017 4418 adver-

2120 1885 2240 1955 Θεῷ
2272 1886 2450 1951 δόξαν,
2482 1887 2636 1959 ἡλίῳ,
2656 1888 2751 1941 καὶ
2786 1889 3012 1961 σελήνῃ,
3045 1890 3143 1944 καὶ
3178 1890 3398 1963 ἄστροις
3428 1892 3707 1948 ἀνατέθει-

2122 1997 2215 2031 κεν
2240 1980 2269 2032 ό
2312 1979 2531 2042 Ἰούδας,
2561 1981 2728 2051 ἤγουν
2767 1982 2796 2033 6
2829 1983 3109 2053 Βενιαμὶν,
3164 1982 3352 2052 σαφῶς
3398 1982 3465 2038 ἂν
3498 1987 3689 2049 νοοῖτο,

2123 2070 2257 2141 πρὸς
2298 2068 2387 2124 τὸν
2420 2073 2700 2142 προφήτην
2740 2072 3013 2143 Ἱερεμίαν
3049 2073 3304 2142 λέγοντος
3353 2075 3489 2129 Θεοῦ
3519 2090 3533 2106 ’
3574 2095 3592 2129 ι
3633 2077 3705 2131 Ἦ

2119 2163 2216 2233 οὐχ
2241 2164 2374 2235 ὁρᾷς
2402 2165 2431 2217 '6
2459 2182 2509 2217 τι
2538 2158 2685 2217 οὗτοι
2708 2165 2951 2218 ποιοῦσιν
2999 2167 3056 2219 ἐν
3082 2168 3203 2229 ταῖς
3245 2152 3467 2229 πόλεσιν
3513 2167 3705 2233 Ἰούδα,

2121 2255 2213 2308 καὶ
2241 2255 2299 2309 ἐν
2323 2257 2443 2317 ταῖς
2465 2255 2604 2319 ὁδοῖς
2646 2256 3030 2328 ’1ερουσαλήμ;
3071 2258 3134 2311 Οἱ
3167 2259 3273 2311 υἱοὶ
3304 2257 3484 2312 αὐτῶν
3519 2258 3707 2312 συλλέ-

2119 2362 2274 2414 γουσι
2302 2345 2433 2412 ξύλα
2449 2386 2463 2411 ,
2485 2349 2578 2400 καὶ
2599 2348 2646 2400 οἱ
2675 2348 2911 2419 πατέρες
2934 2347 3112 2403 αὐτῶν
3135 2349 3349 2402 καίουσι
3367 2349 3500 2422 πῦρ,
3525 2349 3618 2405 καὶ
3651 2352 3706 2403 αἱ

2118 2440 2374 2506 γυναῖκες
2397 2439 2578 2491 αὐτῶν
2614 2440 2861 2511 τρίϐουσι
2887 2441 3059 2505 σταὶς,
3082 2441 3176 2495 τοῦ
3199 2443 3422 2514 ποιῆσαι
3457 2443 3709 2514 χαυῶνας

2119 2534 2185 2603 τῇ
2255 2534 2487 2604 στρατιᾷ
2537 2534 2632 2586 τοῦ
2693 2534 2946 2606 ούρανοῦ,
3003 2534 3095 2589 καὶ
3161 2534 3421 2590 ἔσπεισαν
3477 2537 3707 2601 σπονδὰς

2120 2623 2260 2686 θεοῖς
2315 2622 2648 2692 ἀλλοτρίοις,
2699 2623 2785 2675 ἶνα
2828 2623 3208 2695 παροργίσωσί
3253 2642 3339 2694 με.
3376 2644 3395 2676 ι
3431 2625 3595 2695 "Opta
3641 2624 3706 2694 δὴ

2117 2712 2210 2769 οὖν
2243 2714 2693 2786 μετατεθείκασιν
2734 2717 2782 2769 oi
2833 2716 2893 2783 ἐξ
2931 2715 3103 2770 Ἰούδα
3155 2716 3328 2786 φυλῆς
3378 2716 3705 2786 ἡγούμενοι,

2118 2806 2415 2871 τουτέστιν,
2472 2809 2521 2860 οἱ
2571 2807 2669 2878 τὴν
2700 2809 2959 2863 ἀνωτάτω
3030 2808 3120 2862 καὶ
3162 2808 3408 2877 βασιλίδα
3459 2810 3705 2881 περικεί-

2121 2916 2272 2969 μενοι
2295 2899 2472 2965 δόξαν,
2500 2893 2593 2963 οἷς
2609 2895 2677 2970 ἦν
2721 2900 2870 2963 είκὸς
2917 2900 3332 2954 κατακολουθεῖν
3362 2901 3578 2956 ἑλέσθαι
3611 2919 3706 2955 πε-

2119 2991 2487 3062 πλανημένοις
2513 2992 2614 3062 τὴν
2661 2992 2922 3060 ἀγελαίαν
2971 2992 3199 3062 πληθύν.
3242 2991 3381 3045 Ἀλλ’
3414 3011 3432 3043 ι
3475 2992 3706 3056 ’Ύδατος

2119 3082 2274 3153 δίκην
2333 3081 2742 3153 ῥαγδαιοτάτου,
2805 3082 2987 3153 φησὶν,
3049 3083 3136 3135 ἐπ’
3178 3082 3375 3143 αὐτοὺς
3421 3082 3597 3153 ἐκχεῶ
3643 3084 3705 3136 τὺ

2120 3172 2351 3244 ὅρμημά
2405 3191 2528 3244 μου.
2561 3193 2580 3227 ι
2636 3172 2900 3227 Δύσοιστα
2947 3173 3091 3243 γὰρ,
3138 3173 3231 3227 καὶ
3284 3174 3571 3243 ἀφόρητα,
3607 3174 3705 3226 καὶ

2119 3265 2570 3335 ἀνανταγώνιστα
2599 3264 2881 3329 παντελῶς
2910 3264 2979 3319 τὰ
3013 3269 3077 3318 ἐκ
3108 3264 3257 3329 θείας
3290 3264 3481 3334 ὀργῆς.
3518 3263 3706 3317 Καθά-

2120 3371 2230 3428 περ
2269 3356 2464 3425 ἀμέλει
2517 3356 2611 3409 καὶ
2666 3355 2857 3426 χρῆμα
2908 3355 3240 3426 δυσάντητον
3287 3355 3320 3425 ἡ
3369 3353 3538 3424 πολλὴ
3607 3353 3705 3408 καὶ

2120 3447 2446 3518 ἀμφιλαφὴς
2471 3447 2581 3500 τῶν
2606 3447 2812 3503 ὑδάτων
2844 3447 3005 3517 φορά.

2190 3538 2766 3594 Κατεδυνάστευσεν
2805 3538 3053 3608 Ἐφραῒμ
3095 3537 3202 3592 τὸν
3243 3535 3552 3592 ἀντίδικον
3590 3539 3701 3591 αὺ-

2120 3632 2245 3698 τοῦ,
2279 3632 2378 3686 καὶ
2423 3630 2805 3698 κατεπάτησε
2844 3630 2911 3684 τὸ
2945 3630 3164 3701 κρῖμα,
3197 3628 3285 3702 ὄτι
3325 3628 3551 3699 ἤρξατο
3593 3643 3702 3685 πο-

2111 3726 2396 3794 ρεύεσθαι
2445 3724 2638 3777 ὀπίσω
2685 3721 2805 3776 τῶν
2846 3722 3133 3792 ματαίων.
3174 3721 3284 3777 Kal
3327 3720 3442 3791 ἐγὼ
3485 3721 3705 3791 ἔσομαι

2118 3820 2200 3885 ὼς
2237 3817 2470 3889 ταραχὴ
2501 3814 2581 3881 τῷ
2628 3815 2898 3885 Ἑφραῒμ,
2940 3815 3037 3869 καί
3069 3816 3150 3884 ὡς
3171 3814 3422 3883 κέντρον
3450 3812 3531 3880 τῷ
3560 3814 3705 3880 οἴκῳ

2132 3911 2346 3966 Ἰούδα.

2190 4003 2321 4056 NH'.
2346 4000 2481 4054 Τίνα
2510 4000 2608 4073 μὲν
2633 3999 2833 4071 τρόπον
2862 3999 3052 4071 ἐξέστη
3082 4000 3360 4070 Βενιαμὶν,
3385 3998 3702 4069 ἀποδέδειχε

2122 4090 2329 4162 σαφῶς.
2381 4092 2526 4161 Ἔφη
2566 4090 2674 4162 γὰρ
2698 4130 2714 4155 ,
2764 4092 2846 4145 ὅτι
2899 4091 3186 4159 γεγόνασιν
3220 4091 3488 4162 ἄρχοντες
3528 4089 3705 4145 Ἰούδα

2118 4183 2194 4247 ὡς
2225 4181 2602 4246 μετατιθέντες
2630 4183 2773 4253 ὅρια.
2796 4181 2923 4246 Πῶς
2950 4182 3007 4235 δὲ
3038 4182 3134 4235 καὶ
3168 4180 3408 4254 Ἐφραίμ
3440 4183 3522 4246 είς
3560 4181 3704 4251 ἀφα-

2120 4274 2312 4344 νισμὸν
2335 4273 2549 4342 ἐγένετο
2566 4315 2587 4336 γ
2616 4272 2960 4345 διερμηνεύει
2984 4272 3167 4337 πάλιν,
3194 4271 3438 4326 ἐπειπών
3463 4289 3476 4303 ’
3505 4291 3523 4325 ι
3543 4268 3695 4326 Κατ·-

2122 4366 2510 4423 εδυνάστευσεν
2547 4366 2787 4439 Ἐφραῒμ
2843 4366 2936 4420 τὸν
2994 4365 3264 4420 ἀντίδικον
3292 4364 3479 4420 αὐτοῦ.
3534 4383 3554 4419 ο
3590 4366 3707 4420 Καὶ

429 4461 636 4515 sarium
667 4475 846 4517 suum.
880 4479 900 4513 ι
934 4460 999 4515 Ει
1030 4459 1281 4515 videntur
1304 4459 1451 4513 velut
1484 4470 1604 4511 cum
1627 4454 1935 4509 urbanitate
1954 4451 2019 4506 ad

2128 4457 2277 4512 δοκεῖ
2302 4473 2421 4519 πως
2448 4457 2507 4510 ἐν
2535 4454 2657 4527 ἧθει
2694 4452 3024 4524 πεποιῆσθαι
3066 4454 3186 4508 νυνὶ
3226 4452 3365 4525 πρὸς
3384 4452 3534 4524 ἡμᾶς
3560 4452 3589 4504 6
3615 4451 3706 4504 λό-

432 4567 531 4609 nos
563 4553 728 4609 verba
764 4553 902 4607 ﬁeri.
937 4552 1196 4620 Quaenam
1246 4550 1413 4620 igitur
1441 4546 1722 4603 accusatio
1748 4548 1819 4600 sit
1845 4544 2015 4601 tribus

434 4645 716 4715 Ephraim,
735 4653 829 4715 aut
857 4645 926 4700 de
952 4658 1060 4713 quo
1096 4641 1411 4697 adversario
1438 4639 1683 4694 divinum
1731 4636 2012 4692 oraculum

430 4734 683 4804 loquatur
763 4748 923 4803 quem
978 4729 1312 4802 Oppresserit
1364 4727 1656 4797 Ephraim,
1720 4727 2015 4796 euplanare

430 4835 689 4896 quantum
723 4827 775 4880 in
823 4840 909 4880 me
941 4833 1026 4880 est
1054 4823 1319 4882 conabor,
1347 4819 1602 4876 'l‘ribules
1629 4820 1774 4874 enim
1796 4816 1934 4873 Juda
1959 4827 2014 4873 et
2060 4826 2068 4831 ”

430 4918 711 4987 Benjamin
745 4917 1135 4973 reverebantur
1164 4914 1500 4985 aliquantum
1535 4911 1684 4981 leges
1728 4909 2010 4977 Mosaieas,

430 5021 483 5063 et
510 5011 686 5065 adhuc
708 5023 895 5065 earum
923 5008 1190 5063 rationem
1222 5006 1514 5069 ducebant,
1540 5004 1849 5071 dabantque
1895 5010 2013 5054 stu-

433 5103 582 5157 diose
630 5115 848 5170 operam
888 5099 1131 5167 justitiaa.
1167 5095 1282 5151 Non
1318 5096 1464 5152 enim
1498 5107 1686 5148 omnes
1712 5092 2006 5147 declinave-

433 5203 598 5260 runt;
629 5194 904 5249 sederant
950 5207 1055 5247 non
1109 5191 1264 5260 pauci
1322 5188 1628 5257 transfugas
1669 5187 2011 5255 deplorantes

434 5298 499 5339 ac
527 5284 906 5349 lamentantes,
927 5290 981 5336 et
1026 5280 1265 5335 dolorem
1311 5280 1493 5333 animo
1529 5292 1634 5331 non
1685 5277 2011 5331 mediocrem

433 5377 832 5444 concipientes,
896 5389 1015 5427 cum
1068 5372 1286 5441 quidam
1343 5370 1599 5440 despecto
1644 5366 2014 5423 univcrsitatis

436 5469 546 5521 Deo
584 5483 762 5522 mores
825 5465 1187 5521 idololatricos
1246 5464 1579 5533 inveherent.
1627 5461 1763 5516 llinc
1822 5460 2013 5515 beatus

432 5559 704 5623 Ezechiel,
740 5561 929 5614 miseos
964 5560 1037 5614 ait
1070 5569 1255 5613 contra
1296 5556 1591 5612 Jerusalem
1633 5567 1757 5609 cum
1803 5549 2012 5605 securi-

2119 4562 2236 4617 γος.
2287 4547 2447 4603 Ποῖον
2495 4542 2588 4600 οὖν
2633 4545 2744 4616 ἄρα
2772 4544 2833 4598 τὸ
2878 4544 3266 4615 κατηγόρημα,
3309 4542 3371 4597 τὺ
3419 4543 3486 4595 ἐκ
3531 4540 3706 4612 φυλῆς

2134 4639 2406 4712 Ἐφραῖμ,
2438 4639 2479 4710 ἢ
2512 4641 2664 4693 ποῖον
2697 4638 2968 4693 ἀντίδικον
3009 4637 3072 4690 τὸ
3114 4636 3259 4689 θεῖον
3290 4636 3423 4707 ἡμῖν
3484 4649 3705 4705 χρησμο

2117 4731 2313 4803 ῲδημά
2341 4748 2498 4802 φησι,
2527 4730 2586 4784 ὃν
2615 4727 3106 4784 κατεδυνόωτευσεν
3126 4729 3154 4781 6
3197 4724 3457 4798 Ἐφραῒμ,
3478 4724 3707 4778 διειπεῖν

2117 4823 2194 4887 ὡς
2218 4822 2299 4877 ἔνι
2329 4822 2683 4894 πειράσομαι.
2716 4821 2780 4873 Οί
2811 4820 2909 4890 μὲν
2948 4820 3055 4891 γάρ
3084 4822 3149 4874 ἐκ
3177 4820 3351 4891 φυλῆς
3396 4818 3568 4876 Ἰούδα
3613 4819 3709 4872 καὶ

2120 4915 2401 4987 Βενιαμὶν,
2434 4912 2567 4967 αίδὼ
2595 4929 2718 4966 τινα
2746 4912 2840 4966 καὶ
2873 4912 3032 4981 λόγον
3075 4912 3155 4965 ἔτι
3195 4912 3304 4967 τῶν
3325 4912 3413 4970 διὰ
3459 4911 3707 4976 Μωσέως

2124 5005 2409 5062 ἐποιοῦντο
2461 5005 2679 5075 νόμων,
2735 5003 3059 5074 ἐπετήδευόν
3100 5020 3160 5056 τε
3203 5002 3302 5073 τὴν
3333 5002 3700 5071 δικαιοσύνην.

2121 5096 2197 5149 Οὐ
2236 5096 2344 5166 γὰρ
2382 5093 2583 5155 πάντες
2608 5092 3013 5157 ἐκκεκλίκασιν,
3051 5093 3168 5147 ἀλλ’
3199 5087 3341 5163 ἦσαν
3380 5092 3481 5146 οὐκ
3514 5092 3706 5163 εὐαρί-

2121 5188 2318 5259 θμητοι
2368 5185 2646 5248 κλαίοντές
2673 5201 2731 5239 τε
2763 5185 2857 5239 καὶ
2888 5184 3275 5256 ὀλοφυρόμενοι
3304 5183 3402 5255 τὴν
3423 5183 3533 5239 τῶν
3567 5184 3704 5238 πλα-

2122 5278 2383 5348 νωμένων
2411 5277 2742 5345 ἀπόστασιν,
2767 5278 2865 5332 καὶ
2883 5275 3328 5347 δυσχεραίνοντες
3355 5277 3415 5329 οὐ
3440 5275 3701 5346 μετρίως,

2125 5368 2247 5420 ἐπεί
2270 5384 2352 5420 τοι
2380 5366 2472 5421 τὸν
2500 5368 2608 5420 τῶν
2644 5367 2780 5421 ὅλων
2802 5364 3158 5436 ἀτιμάζοντες
3186 5367 3339 5435 Θεὸν,
3353 5367 3476 5433 τοὺς
3505 5368 3603 5437 τῆς
3627 5369 3706 5421 εί·-

2120 5456 2482 5528 δωλολατρίας
2521 5458 2665 5523 τινὲς
2697 5458 3025 5529 ἐπετήδευον
3050 5459 3308 5528 τρόπους.
3341 5458 3452 5511 Καὶ
3499 5456 3633 5525 γοῦν
3675 5460 3706 5511 6

2127 5546 2396 5624 μακάριός
2448 5569 2580 5623 φησι
2638 5552 2923 5623 προφήτης
2965 5548 3257 5623 Ἰεζεχιήλ·
3287 5549 3704 5606 ’Δπεστέλλοντο

510 5685 557 5721 ⁸³
583 5695 720 5753 Psal.
764 5713 894 5761 Lm,
927 5699 977 5751 9.
1058 5695 1100 5727 “
1134 5695 1282 5751 ioan.
1320 5710 1372 5757 κ,
1408 5692 1496 5749 28.
1579 5691 1620 5722 ⁵³
1658 5689 1885 5755 101⁵.ὶί1,
1919 5687 2003 5753 I'i,
2033 5686 2116 5741 IS.
