4094 6462
306 344 419 404 153

1254 348 1806 413 COMXIENTARIUS
1847 357 1908 413 ΙΝ
1951 357 2188 415 ΟΞΕΑΜ
2233 361 2690 419 I‘ROPHETAM.

3518 367 3616 424 151

307 467 414 538 μέν
447 483 598 530 τινες
637 473 776 522 κατά
810 466 910 540 τῆς
954 472 1332 544 Ἰερουσαλὴμ,
1382 476 1634 541 πελέκεις
1667 479 1914 549 ἠρμένοι,

2026 483 2163 546 bus;
2198 485 2414 539 audisse
2447 494 2625 538 autem
2666 485 2834 539 Deum
2866 488 3016 540 clare
3051 487 3346 553 dicentem,
3395 491 3618 557 praecin-

302 558 516 628 ἡκουόν
542 576 604 613 τε
637 559 830 628 σαφῶς
861 559 1000 615 Θεοῦ
1049 561 1322 632 λέγοντος,
1355 565 1586 621 ἕπεσθαι
1622 571 1720 638 μὲν
1759 569 1914 642 δεῖ[ν]

304 650 388 723 τῷ
415 651 510 705 τὸν
535 652 748 724 ποδήρη
771 651 1140 726 διεζωσμένῳ,
1165 655 1444 725 φείδεσθαι
1456 659 1510 712 δὲ
1529 661 1806 730 μηδενός.‹
1831 657 1920 716 Εἷ-

303 744 398 798 δον
429 744 564 816 γάρ,
608 747 765 815 φησι,
809 747 904 799 καὶ
947 746 1056 801 ἰδοὺ
1098 747 1156 815 ἓξ
1185 748 1378 820 ἄνδρες
1421 751 1653 822 ἤρχοντο
1687 754 1774 807 διά
1813 757 1914 824 τῆς

308 835 495 906 πύλης
521 837 620 907 τῆς
651 837 963 910 βλεπούσης
990 840 1126 910 πρὸς
1145 840 1370 914 βορρᾶν,
1395 844 1490 897 καὶ
1511 845 1729 916 ἑκάστῳ
1751 846 1920 912 πέλυξ

304 928 364 979 ἑν
422 931 492 1000 τῇ
542 931 691 1000 χειρὶ
725 931 918 996 αὐτοῦ,
970 933 1064 986 καὶ
1111 928 1234 986 εἷπε
1291 933 1370 1004 τῷ
1416 937 1593 1007 ἀνδρὶ,
1651 939 1805 1009 φησὶ,
1842 939 1920 1011 τῷ

303 1019 616 1093 ἑζωσμένῳ
644 1022 736 1075 τδν
792 1024 1002 1096 ποδήρη
1027 1041 1040 1054 ·
1075 1025 1260 1079 Δίελθε
1294 1027 1468 1099 μέσην
1510 1028 1609 1100 τὴν
1645 1031 1918 1102 Ἰερουσα-

303 1109 444 1182 λὴμ,
478 1113 576 1165 καὶ
600 1112 689 1176 δὸς
713 1112 774 1166 τὸ
808 1118 1037 1186 σημεῖον
1080 1117 1175 1171 ἐπὶ
1199 1119 1268 1172 τὰ
1300 1119 1528 1188 μέτωπα
1563 1121 1672 1174 τῶν
1707 1123 1918 1195 ἀνδρῶν

301 1205 855 1272 καταστεναζόντων,
914 1210 1008 1262 καὶ
1065 1211 1532 1283 κατοδυνωμένων
1577 1215 1671 1269 ἐπὶ
1716 1217 1918 1280 πάσαις

300 1301 430 1360 ταῖς
468 1298 709 1363 ἀδικίαις
757 1303 878 1363 ταῖς
917 1304 1233 1374 γινομέναις
1288 1307 1346 1360 ἐν
1398 1307 1549 1378 μέσῳ
1581 1310 1772 1381 αὐτῆς.
1809 1311 1919 1364 Καὶ

298 1391 524 1454 τούτοις
551 1389 709 1445 ετπεν
735 1394 1030 1459 ἀκούοντός
1077 1414 1206 1466 μου·
1245 1399 1551 1470 Πορεύεσθε
1582 1405 1662 1466 εἰς
1689 1403 1790 1473 τὴν
1823 1404 1918 1456 πό-

300 1481 387 1534 λιν
423 1485 608 1537 ὀπίσω
640 1485 830 1550 αὐτοῦ,
856 1487 951 1540 καὶ
982 1488 1238 1558 κόπτετε,
1273 1492 1369 1546 καὶ
1402 1494 1475 1564 μὴ
1506 1494 1755 1563 φείδεσθε
1779 1511 1792 1523 ³
1824 1497 1917 1548 καὶ

301 1576 715 1650 πρεσϐύτερον,
775 1580 872 1633 καὶ
919 1581 1202 1636 νεανίσκον
1230 1625 1244 1648 ,
1282 1587 1473 1656 νήπια,
1521 1588 1615 1640 καὶ
1653 1590 1917 1656 γυναῖκας

296 1670 676 1724 ἀποκτείνατε
733 1673 815 1737 εἰς
859 1673 1158 1744 ὲξάλειψιν.
1213 1677 1337 1731 Ἐπὶ
1371 1679 1428 1732 δὲ
1471 1679 1682 1744 πάντας
1711 1683 1794 1751 ἐφ’
1819 1682 1914 1746 οὖς

298 1762 423 1814 ἐστι
478 1763 538 1815 τὸ
595 1765 827 1834 σημεῖον
884 1765 957 1836 μὴ
990 1766 1270 1838 ὲγγίσητε.
1312 1789 1330 1822 ι
1380 1771 1624 1836 Ἀκούεις
1659 1773 1741 1826 ὅτι
1784 1792 1917 1828 κατ-ν

296 1851 676 1921 εσημαίνοντό
706 1870 851 1918 τινες
880 1856 956 1917 ὡς
984 1853 1088 1920 ἔξω
1113 1856 1286 1927 δίκης,
1314 1861 1408 1912 καὶ
1431 1859 1624 1930 θυμοῦ,
1649 1862 1744 1916 καὶ
1772 1863 1919 1917 άπά-

299 1959 406 2011 σης
451 1944 612 2009 ὄντες
657 1946 862 2030 αἰτίας,
895 1947 982 2003 διά
1007 1967 1090 2004 τοι
1119 1951 1181 2004 τὸ
1214 1950 1431 2006 ἑλέσθαι
1458 1958 1678 2025 φρονεῖν
1707 1957 1882 2028 ὀρθῶς
1901 1997 1915 2023 ,

296 2038 399 2090 καὶ
435 2038 550 2109 μὴν
596 2042 690 2093 καὶ
726 2039 878 2110 βιοῦν
922 2042 1202 2114 ἐννόμως,
1238 2046 1332 2100 καὶ
1368 2045 1724 2121 δικαιοσύνης
1752 2050 1920 2104 ams-

303 2128 476 2194 σθαι,
509 2129 608 2182 καὶ
640 2130 743 2198 τῆς
780 2131 862 2195 εἰς
900 2133 1032 2186 Θεὸν
1056 2135 1281 2206 ἀγάπης
1310 2137 1734 2211 ἀνεπιπλήκτως
1765 2143 1916 2212 ὲρᾷν.

311 2222 405 2273 Ἐν
424 2221 484 2274 δέ
504 2238 567 2290 γε
592 2225 656 2292 τῇ
683 2223 972 2297 Σαμαρείᾳ
995 2226 1305 2300 δλοτρόπως
1324 2229 1612 2296 ἐξώκειλεν
1629 2234 1655 2286 6
1681 2233 1917 2306 Ἰσραὴλ,

299 2315 438 2379 οὐδ’,
473 2315 604 2368 ὅσον
630 2316 833 2383 εἰπεῖν,
864 2316 964 2371 κᾶν
993 2319 1124 2386 γοῦν
1154 2321 1374 2392 μνήμης
1395 2325 1535 2394 τάχα
1563 2342 1664 2378 που
1692 2326 1758 2380 τὰ
1785 2329 1918 2381 Mte-

299 2409 443 2471 σέως
475 2405 683 2473 ἀξιῶν,
715 2411 1031 2481 μαχομένην
1056 2412 1112 2465 δὲ
1142 2412 1336 2486 ὥσπερ
1371 2415 1468 2469 καὶ
1507 2419 1587 2480 εἰς
1636 2417 1784 2472 ἆπαν
1822 2421 1919 2473 αύ-

295 2503 414 2562 τοῖς
444 2501 920 2572 ἀντιτεταγμένην
945 2504 1239 2576 ἐπετήδευε
1267 2505 1435 2579 ζωὴν,
1491 2509 1567 2573 ὡς
1598 2511 1692 2565 καὶ
1721 2511 1918 2585 ἐχθρὸν

297 2592 561 2663 ἡγεῖσθαι
598 2593 692 2646 τὸν
741 2594 836 2647 τοῦ
894 2594 1030 2648 Θεοῦ
1071 2597 1234 2667 νόμον
1261 2615 1273 2628 ·
1306 2599 1429 2652 ὅσον
1463 2601 1586 2671 ἥκει
1614 2603 1818 2670 είπείν,
1842 2603 1919 2666 ὡς

299 2684 444 2755 μηδὲ
469 2685 676 2740 εἰδέναι
706 2687 883 2740 θέλειν
911 2689 1098 2753 αὑτὸν,
1125 2691 1416 2761 ἀτιμάζειν
1442 2692 1496 2746 δὲ
1525 2693 1617 2746 τὸν
1639 2696 1918 2766 παιδαγω-

293 2777 414 2845 γὸν,
449 2776 635 2830 καίτοι
687 2778 885 2842 σώζειν
930 2781 1127 2844 εἰδότα,
1157 2783 1251 2835 καὶ
1300 2783 1662 2855 ἀποκομίζειν
1682 2781 1742 2841 εὖ
1773 2788 1918 2858 μάλα

292 2870 604 2942 δυνάμενον
663 2874 746 2936 είς
790 2872 921 2944 εὖθῆ
975 2892 1033 2927 τε
1093 2876 1189 2929 καὶ
1236 2877 1673 2932 ἀκατάσκωπτον
1747 2880 1913 2953 ζωήν.

297 2966 484 3022 Τοῦτο
540 2966 750 3028 τοίνυν,
805 2967 882 3030 ὡς
919 2966 1116 3030 ἔοικεν,
1159 2969 1186 3022 6
1233 2971 1576 3041 προφητικὸς
1619 2972 1917 3027 αἰνίττεται

293 3057 478 3127 λόγος.
516 3057 825 3128 Πεποίηται
858 3057 916 3111 δὲ
973 3059 1090 3127 μετ’
1118 3059 1316 3130 ἤθους,
1356 3061 1431 3122 ὡς
1483 3061 1639 3132 ἔφην.
1675 3081 1691 3114 ι
1734 3065 1914 3118 Κατε-

293 3147 640 3202 δυνάστευσε
703 3149 846 3220 γάρ,
895 3151 1092 3219 φησὶν,
1141 3153 1169 3204 6
1211 3151 1454 3223 Ἐφραῗμ
1503 3155 1593 3207 τὸν
1645 3155 1913 3210 ἀντίδικον

290 3242 492 3309 αὐτοῦ,
533 3261 551 3293 ι
599 3241 720 3295 ἀντὶ
749 3242 864 3306 τοῦ,
893 3241 1068 3312 Νίκην
1096 3244 1506 3315 ἐκτοπωτάτην,
1552 3247 1648 3300 καὶ
1681 3247 1904 3320 ὀλέθρου

290 3335 568 3405 πρόξενον
596 3333 886 3405 νενίκηκεν
923 3335 952 3387 6
993 3333 1272 3406 Ἐφραῖμ,
1305 3337 1805 3393 κατεδυνάστευσεν
1837 3341 1913 3405 ὡς

287 3429 430 3482 ἴδιον
492 3427 730 3498 ἐχθρὸν,
771 3427 1055 3491 τουτέστι,
1099 3427 1354 3494 νενίκηκε
1420 3431 1656 3498 γενικῶς
1713 3431 1774 3485 ὃν
1813 3451 1913 3503 με-

290 3518 507 3588 μίσηκε
532 3517 722 3586 νόμον.
757 3515 979 3588 Ἐπειδὴ
1008 3517 1065 3570 δέ
1098 3519 1246 3571 ἐστιν
1265 3518 1508 3590 ἀμυδρὸς
1531 3521 1559 3572 ὁ
1593 3521 1772 3591 λόγος,
1802 3524 1917 3577 ἑτέ-

290 3628 406 3683 ρως
431 3607 573 3662 αὐτὸ
607 3607 907 3681 διατρανοῖ,
941 3609 1116 3678 λέγων
1139 3627 1150 3640 ·
1190 3629 1208 3662 ι
1234 3612 1602 3684 Κατεπάτησε
1659 3618 1856 3686 κρῖμα,
1888 3637 1905 3666 ι

285 3701 606 3763 τουτέστιν,
641 3700 703 3752 οὐ
743 3699 1114 3770 πεφρόντικεν
1144 3700 1282 3764 ὅλως
1312 3701 1413 3771 τῆς
1443 3702 1501 3754 ὲν
1532 3703 1682 3775 νόμω
1715 3704 1915 3758 δικαιο⁶

293 3793 488 3864 σύνης.
553 3791 668 3844 Ἀεὶ
697 3790 806 3862 γάρ
849 3809 968 3855 πως
998 3791 1060 3845 τὺ
1089 3792 1599 3863 καταπατούμενον,
1628 3797 1684 3847 ἐν
1717 3795 1914 3866 ἀτιμίᾳ

287 3889 525 3952 νοεῖται,
569 3883 666 3937 καὶ
704 3883 919 3947 οὐδενὸς
966 3883 1112 3948 ἄξιον
1145 3885 1542 3955 καταφωρᾶται
1581 3885 1764 3954 λόγου.
1802 3887 1912 3939 Καὶ

286 3979 425 4048 γοῦν
469 3979 500 4031 6
539 3975 743 4047 Κύριος
805 3975 962 4047 ἡμῶν
1004 3975 1218 4046 Ἰησοῦς
1267 3976 1525 4048 Χριστὸς,
1585 3996 1601 4028 ι
1642 3977 1821 4031 Καλὸν
1850 3979 1911 4032 τὸ

285 4072 453 4134 ἃλας,
520 4069 722 4140 φησίνο
764 4071 859 4122 ἐάν
894 4067 951 4121 δὲ
991 4067 1051 4122 τὸ
1090 4068 1224 4133 ἃλας
1269 4068 1630 4140 μωρανθῇ,ἐν
1654 4070 1758 4122 τίνι
1793 4070 1911 4124 ἀλι-

289 4165 600 4236 σθήσεταις
636 4162 730 4225 Εἰς
761 4161 916 4214 οὐδὲν
943 4159 1234 4231 ίσχύειὲτι,
1257 4163 1306 4214 εἰ
1341 4161 1413 4232 μὴ
1439 4161 1750 4235 [βε]6ληθὲν
1781 4164 1907 4230 ἔξω,

291 4253 750 4310 καταπατεῖσθαι
799 4251 904 4305 ὑπὸ
947 4251 1054 4304 τῶν
1109 4251 1439 4322 ἀνθρώπων.
1481 4273 1498 4304 ι
1533 4254 1703 4308 Ὅταν
1730 4254 1910 4309 τοίνυν
1951 4321 1953 4326 ι

286 4352 474 4421 κρῖμα
509 4347 670 4419 λέγῃ,
695 4347 913 4416 νοήσεις
939 4345 1029 4398 τὸν
1052 4346 1236 4416 νόμον.
1261 4345 1417 4399 Οὕτω
1445 4347 1540 4400 καὶ
1559 4349 1586 4401 ὁ
1621 4346 1911 4412 θεσπέσιος

287 4439 466 4495 Δαϐὶδ
490 4437 779 4508 ὀνομάζων
814 4437 1000 4502 αὐτὸν,
1034 4437 1311 4504 ἀναφωνεῖ
1340 4438 1477 4510 πρὸς
1509 4437 1642 4490 Θεὸν
1663 4457 1676 4468 ·
1714 4457 1733 4490 r
1773 4440 1908 4511 Κρῖ·

2023 585 2166 628 ctum
2200 577 2250 629 in
2294 586 2444 632 veste
2475 577 2627 631 talari
2671 586 3051 646 sequerentur,
3087 591 3482 648 parcerentque
3526 594 3617 635 ne-

2025 669 2178 723 mini.
2217 669 2390 738 lnquit
2439 670 2628 726 enim:
2669 689 2688 721 ι
2723 669 2865 737 Vidi,
2895 680 2949 726 et
2989 686 3117 727 ecce
3149 687 3242 727 sex
3285 674 3391 726 viri
3432 673 3617 726 venie-

2026 762 2153 816 bant
2180 776 2276 830 per
2297 771 2508 832 portam
2540 762 2915 832 respicientem
2954 765 3018 816 ad
3053 764 3457 832 aquiloncm,et
3495 765 3620 816 uni-

2023 857 2218 922 cuique
2256 855 2471 909 securis
2517 856 2568 908 in
2618 847 2778 910 manu
2821 871 2938 911 sua.
2984 856 3047 910 Et
3079 856 3214 910 dixit
3267 857 3384 911 viro
3424 857 3620 910 vestito

2022 944 2224 998 vestitu
2259 944 2454 999 talari:
2495 944 2690 1001 Transi
2725 961 2820 1016 per
2849 947 3084 1002 mediam
3111 945 3437 1010 Jerusalem,
3472 956 3527 1001 et
3553 947 3618 1000 da

2022 1035 2236 1103 signum
2273 1049 2439 1104 super
2473 1033 2682 1091 frontes
2715 1037 2953 1092 virorum
2984 1037 3320 1107 gementium
3345 1047 3400 1093 et
3430 1037 3620 1092 dolen-

2025 1127 2153 1180 tium
2181 1140 2344 1196 super
2374 1129 2589 1182 cunctis
2618 1127 2994 1197 iniquitatibus
3023 1144 3142 1198 qua:
3177 1129 3314 1183 ﬁunt
3355 1128 3408 1182 in
3442 1128 3621 1182 medio

2021 1235 2232 1274 eorum.
2268 1220 2336 1276 Et
2362 1220 2500 1274 dixit
2530 1221 2658 1286 illis,
2689 1221 2942 1276 audiente
2981 1235 3108 1275 me:
3146 1220 3222 1276 Ite
3250 1221 3304 1275 in
3345 1221 3620 1276 civitatem

2022 1325 2142 1386 post
2189 1330 2335 1379 eum,
2363 1323 2418 1370 et
2457 1317 2746 1384 percutite,
2779 1325 2833 1369 et
2855 1329 2964 1368 non
3011 1315 3272 1384 parcatis,
3305 1324 3361 1368 et
3406 1329 3618 1375 senem,

2021 1416 2076 1460 et
2116 1406 2388 1472 iuvenem,
2428 1417 2483 1460 et
2529 1405 2788 1471 infantes,
2820 1415 2872 1460 et
2920 1407 3177 1461 mulieres
3223 1405 3517 1461 interficite
3553 1406 3621 1458 ad

2023 1499 2383 1565 deletionetn;
2432 1513 2598 1567 super
2648 1513 2838 1552 omnes
2883 1507 3086 1560 autem,
3138 1512 3304 1565 super
3351 1512 3487 1566 quos
3538 1506 3623 1550 est

2020 1591 2257 1659 signum,
2287 1605 2353 1644 ne
2377 1589 2822 1660 appropinquans
2854 1589 2921 1642 ⁷⁵⁸.
2963 1608 2979 1640 ι
3022 1588 3196 1642 Audis
3225 1590 3467 1658 signatos
3497 1602 3622 1641 esse

2019 1683 2306 1752 quosdam,
2330 1690 2387 1735 ut
2417 1680 2485 1734 ab
2519 1680 2745 1745 ultione,
2779 1687 2836 1733 et
2872 1679 2973 1744 ira,
2999 1691 3053 1734 et
3083 1695 3112 1734 a
3139 1678 3293 1748 culpa
3325 1679 3618 1739 immunes,

2022 1775 2146 1843 quia
2195 1773 2443 1828 videlicet
2492 1782 2639 1827 recte
2693 1787 2906 1840 sapere,
2951 1781 3114 1839 atque
3167 1770 3330 1824 etiam
3371 1784 3434 1822 ex
3485 1768 3620 1836 legi-

1951 1833 1993 1891 Β
2024 1867 2124 1922 bus
2170 1865 2369 1930 vivere,
2398 1873 2453 1919 et
2502 1863 2767 1934 justitiam
2807 1862 3007 1926 colere,
3031 1863 3142 1932 90
3185 1871 3236 1915 et
3274 1860 3620 1915 dilectionem

2019 1973 2146 2028 erga
2199 1958 2364 2013 Deum
2409 1957 2679 2014 sinceram
2729 1955 2930 2010 habere
2976 1954 3278 2009 voluerunt.
3332 1952 3386 2006 In
3425 1951 3621 2005 Sama-

2021 2052 2101 2106 ria
2134 2066 2264 2106 vero
2293 2049 2623 2104 omnimodis
2663 2048 2716 2102 in
2744 2046 3008 2102 oﬁ‘ensam
3038 2045 3265 2101 incurrit
3294 2044 3479 2107 Israel,
3509 2043 3622 2098 for-

2023 2141 2182 2197 tassis
2227 2155 2327 2196 nec
2356 2141 2609 2210 dignatus
2650 2135 2961 2193 meminisse
2996 2135 3248 2196 Mosaica,
3278 2133 3423 2186 velut
3463 2147 3621 2200 repn-

2019 2244 2295 2305 gnantcm,
2325 2243 2382 2290 et
2414 2232 2794 2288 universeillis
2843 2232 3226 2286 adversantem
3287 2238 3622 2296 persequens

2022 2329 2211 2393 vitam,
2246 2337 2300 2382 ut
2342 2328 2524 2383 etiam
2562 2327 2655 2380 Dei
2712 2326 2885 2396 legem
2922 2323 3197 2379 inimicam
3246 2321 3616 2375 arbitraretur

2020 2421 2444 2489 quo-.lannnodo,
2482 2428 2537 2475 et
2567 2434 2687 2474 eam
2737 2433 2836 2473 nec
2887 2431 3050 2472 nosse
3079 2415 3264 2481 vellet,
3304 2419 3620 2485 sperneret-

2018 2527 2125 2581 que
2161 2514 2543 2582 pzcdagogum,
2580 2511 2832 2582 quamvis
2889 2525 3146 2573 servare,
3184 2516 3240 2563 et
3294 2507 3360 2561 ad
3408 2513 3615 2560 rectam

2019 2601 2262 2673 nullique
2281 2603 2563 2656 calumnia:
2593 2601 2882 2656 obnoxiam
2915 2601 3082 2653 vitam
3109 2598 3312 2668 optime
3345 2598 3621 2652 adducere

2019 2703 2227 2764 posset.
2264 2695 2378 2748 Hoc
2412 2694 2597 2763 igitur,
2624 2705 2684 2748 ut
2716 2681 2950 2760 videtur,
2976 2691 3288 2762 prophetica
3324 2690 3492 2743 verba
3534 2688 3620 2742 in-

2018 2787 2258 2843 sinuant.
2291 2785 2502 2840 Habent
2530 2797 2710 2840 autem
2745 2786 3114 2850 festivitatem,
3148 2800 3242 2840 seu
3271 2783 3526 2850 ironiam,
3561 2791 3619 2837 ut

2018 2880 2153 2934 dixi.
2216 2881 2308 2935 Ait
2349 2881 2516 2946 enim,
2548 2881 2868 2951 «Oppressit
2923 2880 3181 2949 Ephraim
3235 2877 3616 2931 adversarium

2019 2987 2203 3034 suum,
2239 2990 2257 3023 ι
2297 2986 2414 3040 pro,
2452 2972 2676 3024 victoria
2736 2969 3074 3038 turpissima,
3104 2975 3159 3022 et
3205 2965 3433 3022 exitiosa
3487 2963 3622 3017 vicit

2018 3065 2300 3134 Ephraim.
2351 3062 2634 3135 Oppressit
2673 3071 2732 3118 ut
2767 3063 2977 3118 hostem
3018 3075 3198 3127 suum,
3227 3058 3331 3113 hoc
3366 3056 3623 3122 est,vicit

2020 3173 2280 3228 generose
2315 3156 2486 3227 legem
2518 3172 2677 3226 quam
2711 3157 2920 3208 oderat.
2969 3153 3102 3221 Quia
3146 3167 3276 3207 vero
3307 3151 3483 3206 oratio
3541 3161 3621 3205 te-

2018 3249 2159 3302 ctior
2191 3256 2297 3312 est,
2335 3248 2490 3302 aliter
2526 3247 2697 3316 ipsam
2727 3246 2986 3310 declarat,
3014 3246 3202 3300 dicens
3230 3260 3244 3297 :
3281 3263 3298 3293 σ
3323 3239 3617 3297 Conculca-

2016 3342 2094 3394 vit
2116 3340 2403 3409 judicium,
2438 3359 2456 3392 ι
2498 3339 2601 3394 hoc
2630 3349 2736 3405 est,
2793 3337 3060 3406 justitiam
3090 3336 3205 3406 lege
3237 3333 3613 3405 prazseriptam

2017 3434 2168 3487 nullo
2201 3433 2360 3488 modo
2391 3433 2634 3500 curavit;
2661 3446 2876 3502 semper
2909 3431 3055 3484 enim
3088 3429 3230 3499 quod
3263 3426 3618 3483 conculcatur

2015 3525 2345 3596 dt-spicahile
2398 3525 2765 3596 cognoscitur,
2799 3523 3059 3591 nullaun
3107 3521 3470 3576 aestimatione
3526 3518 3611 3573 di-

2016 3633 2179 3686 gnum
2223 3616 2670 3686 deprehenditur.
2705 3613 2887 3680 Quare
2931 3614 3193 3667 Dominus
3242 3620 3429 3666 noster
3460 3608 3618 3666 Jcsus

2013 3707 2285 3773 Christus,
2306 3727 2324 3758 ι
2357 3707 2559 3760 Bonum
2580 3714 2659 3761 est
2675 3705 2775 3771 sal,
2797 3724 2815 3757 ι
2841 3705 3013 3774 inquit
3039 3721 3053 3772 ;
3089 3723 3107 3755 ί
3134 3703 3176 3757 si
3201 3711 3380 3757 autem
3397 3699 3474 3756 sal
3491 3716 3617 3755 cva-

2015 3797 2217 3862 nuerit,
2246 3797 2300 3850 in
2331 3811 2440 3866 quo
2472 3796 2739 3851 salietur?
2770 3795 2849 3849 Ad
2875 3795 3101 3850 nihilum
3138 3793 3283 3847 valet
3316 3791 3479 3857 ultra,
3509 3790 3615 3846 nisi

2015 3895 2075 3944 ut
2099 3889 2348 3943 mittatur
2373 3887 2543 3954 foras,
2569 3899 2624 3944 et
2656 3889 3010 3945 conculcetur
3034 3889 3102 3942 ab
3130 3887 3446 3942 hominibus
3474 3885 3546 3939 ⁸⁷.
3588 3901 3612 3937 ι

2013 3983 2183 4051 Igitur
2214 3995 2312 4050 per
2336 3981 2600 4051 judicium
2657 3981 2895 4050 intellige
2939 3981 3132 4048 legem.
3168 3979 3245 4034 Ita
3309 3989 3364 4035 et
3399 3979 3617 4034 divinus

2015 4073 2208 4140 David,
2245 4085 2363 4125 eam
2397 4069 2706 4134 nominans,
2736 4070 2904 4124 Deum
2934 4065 3172 4124 affatur:
3209 4086 3228 4119 ι
3265 4069 3536 4124 Judiciutu
3563 4076 3619 4123 et

2006 4165 2273 4237 justitiam
2301 4166 2352 4218 in
2375 4163 2542 4218 .lacob
2596 4172 2649 4216 tn
2678 4162 2854 4218 fecisti
2879 4161 3022 4216 ‘3'“.
3051 4181 3070 4212 ι
3095 4160 3187 4214 Dei
3211 4162 3354 4215 enim
3388 4169 3472 4215 est
3504 4162 3614 4225 lex,

2013 4259 2211 4314 dictata
2237 4271 2332 4328 per
2354 4255 2592 4324 angelos.
2621 4253 2823 4320 Verum
2843 4254 3122 4309 enimvero
3144 4267 3264 4323 quae
3293 4267 3458 4306 causa
3488 4251 3604 4306 fue-

2013 4353 2108 4417 rit,
2146 4352 2318 4421 legem
2374 4366 2471 4420 pro
2522 4351 2676 4405 hoste
2705 4349 2960 4416 ducendi,
2995 4357 3050 4402 et
3080 4346 3344 4417 judicium
3382 4344 3613 4400 concul-

2013 4443 2200 4506 candi,
2240 4457 2362 4498 mox
2397 4442 2654 4510 deinceps
2687 4439 2925 4494 ostendit
2950 4439 3034 4493 his
3062 4437 3263 4502 verbis,
3298 4455 3316 4486 σ
3347 4435 3472 4504 quia
3497 4450 3614 4491 cm-

291 4552 372 4605 μα
421 4533 521 4585 καὶ
562 4529 914 4600 δικαιοσύνην
951 4531 1009 4582 ὲν
1044 4530 1242 4583 Ἰακὼϐ
1282 4530 1346 4583 σὺ
1396 4531 1681 4601 ἐποίησας.
1723 4549 1742 4582 ι
1771 4530 1907 4584 Θεοῦ

2016 4535 2096 4604 pit
2131 4534 2284 4588 abire
2317 4544 2439 4604 post
2467 4547 2629 4586 vana.
2655 4550 2673 4582 ι
2712 4530 3048 4600 Principium
3102 4529 3262 4597 hujus
3307 4527 3505 4593 :norhi,
3533 4528 3615 4582 in-

289 4628 404 4698 γὰρ
441 4627 471 4679 6
506 4625 693 4695 νόμος,
718 4623 812 4676 καὶ
841 4623 888 4675 εξ
934 4621 1178 4676 λαλεῖται
1220 4623 1288 4676 δι’
1320 4622 1590 4692 ἀγγέλων.
1637 4622 1800 4677 Ἀλλά
1827 4624 1911 4688 τίς

291 4721 325 4791 ἡ
355 4717 641 4789 πρόφασις
685 4714 801 4780 τοῦ,
837 4715 931 4767 καὶ
971 4714 1164 4784 ἐχθρὸν
1217 4713 1525 4786 ἡγήσασθαι
1570 4714 1662 4767 τὸν
1704 4714 1908 4783 νόμον,

289 4812 390 4863 καὶ
429 4806 829 4876 καταπατῆσαι
861 4805 920 4859 τὸ
951 4808 1147 4878 κρῖμα,
1175 4806 1462 4877 παρέδειξε
1512 4806 1696 4870 πάλιν,
1745 4806 1910 4870 εὐθὺς

287 4900 489 4968 εἰπὼν,
516 4899 674 4954 «Ὅτι
702 4897 908 4970 ἤρξατο
937 4898 1267 4969 πορεύεσθαι
1284 4897 1578 4952 ὀιττίσωτῶν
1601 4897 1867 4969 ματαίων.
1884 4917 1903 4949 ι

299 4993 478 5064 Ἀρχὴ
507 4991 613 5060 τῆς
643 4990 857 5044 τοιᾶσδε
884 4989 1066 5047 νόσου,
1096 4990 1253 5056 φησι,
1305 4990 1366 5043 τὸ
1397 4992 1563 5061 τιμᾷν
1591 4989 1811 5043 ἑλέσθαι
1840 4989 1910 5042 τὰ

290 5087 532 5157 μάταια,
565 5084 661 5136 καὶ
694 5082 1123 5136 κατακολουθεῖν
1159 5080 1421 5145 εἰδώλοις.
1468 5083 1776 5153 Ἀμήχανον
1805 5081 1914 5154 γάρ

288 5182 348 5232 ἐν
383 5175 579 5247 ταυτῷ
607 5176 700 5229 καὶ
728 5175 848 5246 Θεῷ
878 5176 1141 5229 δύνασθαι
1205 5174 1650 5241 κατακολουθεῖν,
1681 5175 1776 5228 καὶ
1795 5177 1912 5238 τοῖς

287 5271 585 5340 πονηροῖς,
628 5270 723 5322 καὶ
767 5267 1104 5338 ἀκαθάρτοις
1164 5266 1460 5330 πνεύμασι.
1498 5267 1597 5320 Διά
1631 5265 1789 5319 τοῦτο
1816 5265 1910 5318 καὶ

285 5365 316 5418 ὁ
349 5362 650 5424 θεσπέσιος
686 5360 891 5430 γράφει
947 5359 1155 5422 Παῦλος
1177 5375 1189 5388 ·
1235 5377 1253 5410 ι
1295 5359 1367 5411 Οὐ
1397 5357 1624 5411 δύνασθε
1649 5358 1910 5428 ποτήριον

279 5455 386 5516 ,τοῦ
449 5452 664 5521 Κυρίου
711 5451 909 5514 πίνειν,
959 5451 1050 5503 καὶ
1103 5451 1363 5520 ποτήριον
1410 5448 1728 5518 δαιμονίων.
1778 5469 1796 5500 ι
1829 5450 1904 5502 Οὐ

283 5544 531 5598 δύνασθε
580 5543 862 5615 τραπέζης
888 5543 1096 5613 Κυρίου
1152 5542 1422 5613 μετέχειν,
1470 5541 1567 5593 καὶ
1621 5541 1904 5610 τραπέζης

281 5639 615 5710 δαιμονίων.
649 5638 1001 5706 Μονότροπος
1034 5637 1139 5707 γὰρ
1165 5633 1494 5704 ὁκθεοξειλὴς,
1525 5633 1902 5703 ἀλλοπρόσαλα

2017 4627 2157 4698 quit,
2187 4627 2404 4682 dedisse
2433 4641 2490 4682 se
2514 4625 2672 4680 vanis
2704 4622 3062 4686 honorandis,
3110 4631 3164 4676 et
3211 4629 3456 4676 secutum
3492 4633 3615 4675 esse

2018 4720 2180 4775 idola.
2213 4717 2354 4774 Fieri
2384 4717 2526 4772 enim
2551 4733 2657 4770 non
2687 4725 2867 4785 potest
2921 4723 2978 4768 ιιι
3010 4714 3062 4768 ἱιι
3093 4713 3282 4768 eodem
3332 4721 3388 4768 et
3442 4709 3612 4768 Deum

2016 4821 2072 4867 et
2100 4826 2332 4883 nequam
2371 4820 2534 4880 atque
2562 4810 2872 4863 immundos
2903 4807 3131 4877 spiritus
3165 4806 3435 4877 sequaris.
3468 4806 3615 4872 Quo-

2015 4903 2162 4958 circa
2198 4913 2252 4958 et
2300 4902 2515 4955 divinus
2545 4899 2784 4954 Paulus:
2820 4917 2838 4950 ι
2867 4897 2982 4952 Non
3023 4897 3266 4967 potestis,
3307 4897 3497 4966 inquit,
3532 4896 3614 4950 bi-

2017 4995 2144 5050 bere
2177 4993 2400 5049 calicem
2457 4992 2665 5046 Dvmini
2709 5001 2765 5047 et
2807 4991 3030 5046 caliiem
3073 4990 3553 5044 dmnioninrnm".
3589 5007 3607 5040 ι

2023 5087 2264 5142 Moribus
2289 5085 2487 5155 quippe
2509 5082 2798 5138 uniformis
2826 5091 2910 5138 est
2938 5083 3029 5154 qui
3063 5083 3239 5154 diligit
3266 5083 3431 5136 Deum
3457 5099 3472 5147 ;
3504 5097 3611 5134 mtt-

2025 5177 2204 5231 tahilis
2254 5185 2456 5242 autem,
2486 5185 2541 5230 et
2596 5173 2885 5238 ﬂuctuans,
2915 5182 2969 5228 et
3000 5183 3232 5243 utroque
3265 5187 3480 5228 versum
3530 5172 3611 5224 ire

2015 5283 2214 5338 gnarus
2249 5271 2561 5330 subversor,
2587 5276 2640 5321 et
2679 5266 2836 5322 facile
2869 5266 3072 5322 vadens
3095 5282 3201 5336 quo
3248 5281 3367 5320 sors
3399 5263 3606 5318 tulerit.

2019 5382 2037 5410 ‹
2069 5367 2253 5429 Itaque
2289 5359 2416 5414 facti
2449 5368 2595 5422 sunt,
2632 5359 2835 5427 inquit,
2874 5357 3150 5427 principes
3178 5355 3312 5412 Jnda
3347 5366 3402 5408 ut
3431 5365 3609 5409 trans-

2013 5461 2274 5523 poneutes
2333 5452 2613 5506 terminos.
2639 5450 2923 5518 Oppressit
2951 5464 3077 5504 vero
3113 5459 3168 5504 et
3205 5448 3460 5516 Ephruitu
3513 5449 3609 5500 ad-

2008 5546 2307 5600 versarium
2336 5555 2586 5607 Suum,et
2616 5543 2959 5595 conculcavit
2979 5541 3259 5608 judicium.
3284 5541 3388 5595 Ero
3418 5549 3602 5593 autent

2009 5641 2060 5692 iu
2087 5647 2360 5706 posterum
2389 5637 2544 5704 quasi
2572 5635 2920 5690 conturbatio
2947 5633 3224 5702 Eplu‘aim,
3243 5643 3296 5688 ct
3319 5631 3476 5703 quasi
3508 5630 3608 5685 διὶ-

367 5823 418 5854 ⁸⁶
439 5838 643 5894 Εῑοοὶι.
679 5853 754 5903 tx,
790 5835 907 5891 2-6.
989 5837 1029 5868 ⁸⁷
1075 5835 1263 5890 Matth.
1305 5853 1356 5899 ν,
1403 5836 1478 5889 l5.
1563 5835 1679 5866 λείη
1714 5834 1856 5889 Psal.
1893 5852 1914 5888 ι

2019 5851 2076 5896 ιι,
2120 5833 2158 5886 ἱ.
2246 5835 2285 5861 ⁵⁰
2316 5833 2330 5886 Ι
2359 5834 2480 5888 Cur.
2515 5849 2566 5898 x,
2604 5833 2691 5887 9.0.
