4094 6504
521 366 633 424 ³155

1520 365 1577 424 ὃ.
1622 366 1893 422 CYRILLI
1934 368 2409 425 ALEXANDRINI
2444 371 2791 427 ΑΠΕΙΙΗΞΡ»

3684 370 3783 425 156

522 484 703 534 mutus
735 477 893 535 Juda.
931 497 950 533 ι
991 479 1165 548 Quod,
1201 482 1331 550 quid
1371 482 1445 537 sit
1504 497 1729 539 necesse
1762 492 1847 539 est
1893 500 2098 539 accurat

2217 488 2307 549 λος
2343 489 2399 541 δὲ
2426 489 2518 541 καὶ
2545 487 2963 556 σεσαλευμένος,
2983 486 3073 539 καὶ
3095 486 3182 539 ἐπ’
3203 486 3379 555 ἄμφω
3393 484 3593 555 βαίνειν
3616 483 3786 550 εἰδὼς,

523 568 634 622 tius
658 567 995 638 indagemus.
1057 570 1159 623 Alii
1197 570 1362 639 igitur
1395 572 1722 642 interpretes
1755 589 1853 642 pro
1874 591 1893 624 ι
1922 576 2104 628 turba-

527 661 623 720 tio,
653 677 672 710 ι
706 670 966 715 comestor
997 662 1367 728 reddiderunt,
1403 672 1458 719 et
1487 679 1583 733 pro
1613 684 1632 716 ι
1662 664 1930 729 stimulus,
1956 684 1974 717 ι
2009 682 2101 733 ρω-

527 750 695 805 tredo.
724 751 829 821 91
857 752 927 807 At
969 751 1320 824 Septuaginta
1360 755 1715 811 turbationem
1752 766 1807 811 et
1836 756 2104 812 stimulum
2134 816 2144 822 _

528 842 894 896 nominarunt.
914 842 1250 900 Conturbato
1276 845 1421 900 enim
1448 862 1553 901 non
1587 847 1796 902 modice
1824 846 2103 915 Ephraim,

529 934 642 988 sive
673 920 855 991 decem
888 936 1131 993 tribubus
1157 948 1376 1008 prapter
1405 939 1599 994 bellum
1639 940 1835 1008 partim
1870 954 1900 993 a
1937 937 2104 992 finiti-

529 1025 632 1081 mis
663 1025 834 1097 Syris,
863 1029 1057 1095 partim
1096 1044 1124 1082 a
1161 1028 1340 1085 Persis
1365 1039 1420 1085 et
1442 1030 1680 1099 Assyriis
1708 1030 1990 1099 ingruens,
2015 1029 2107 1084 do-

530 1119 675 1174 lebat
712 1120 969 1188 graviter,
1006 1136 1109 1176 nec
1143 1136 1332 1189 parum
1373 1120 1698 1176 formidabat
1752 1121 1919 1174 Judas
1948 1139 1962 1186 ;
1993 1125 2107 1178 sive

528 1210 706 1278 potius
735 1211 915 1265 animo
944 1212 1208 1266 aestuabat
1233 1213 1599 1278 vehementer,
1629 1212 1769 1281 quod
1795 1211 2105 1280 propediem

529 1303 696 1371 paria,
717 1312 805 1356 aut
840 1304 994 1372 longe
1017 1304 1284 1359 deteriora
1309 1304 1451 1357 mala
1478 1303 1529 1357 in
1554 1303 1860 1358 cervicibus
1885 1304 1986 1358 sibi
2021 1303 2105 1359 lu-

529 1404 644 1446 tnra
664 1393 948 1447 divinaret.
969 1393 1382 1464 Ingravescente
1402 1395 1548 1448 enim
1580 1394 1742 1458 bello,
1761 1406 1815 1450 et
1848 1395 2107 1451 Samaria:

525 1483 718 1552 oppida
770 1493 1013 1552 urgente,
1050 1498 1271 1540 necesse
1300 1494 1417 1540 erat
1447 1485 1634 1553 utique
1666 1484 1915 1553 ﬁnitima,
1945 1486 2104 1553 Juda,

527 1575 770 1642 inquam,
802 1585 855 1629 et
890 1575 1186 1645 Beniamin,
1212 1578 1370 1632 simul
1401 1579 1597 1647 perire.
1629 1580 1987 1645 Quamobrem
2020 1582 2107 1636 hic

525 1667 763 1722 turbatio
794 1667 917 1723 belli
943 1669 1194 1724 hostilem
1223 1669 1800 1734 adventum,stimulus
1824 1682 2005 1726 autem
2038 1687 2108 1727 ex

525 1761 746 1815 tristitia
776 1769 832 1816 et
886 1776 1124 1817 maerore
1157 1763 1460 1816 cruciatum
1492 1763 1816 1827 subindicat,
1847 1778 1878 1817 a
1910 1763 2105 1833 quibus

2207 579 2236 629 6
2279 577 2595 645 ἀνασφαλὴς
2618 617 2633 641 ,
2672 577 2765 630 καὶ
2796 579 2883 646 ἐφ’
2912 578 3048 646 ὅπερ
3080 575 3146 629 ἂν
3178 572 3333 644 τύχοι
3367 572 3596 643 βαδίζων
3633 570 3788 627 εὐκόσ-

2208 669 2333 731 λως.
2384 668 2616 734 Οὐκοῦν,
2681 687 2698 719 ι
2734 668 2994 735 Γεγόνασι
3032 667 3130 736 μὲν
3173 667 3224 719 oi
3276 665 3535 737 ἄρχοντες
3599 664 3788 728 Ἰούδα,

2209 760 2394 830 φησὶν,
2424 759 2500 823 ὡς
2523 759 2903 830 μετατιθέντες
2932 759 3076 829 ὅρια.
3105 756 3585 811 Κατεδυνάστευσε
3609 755 3666 808 δὲ
3701 756 3790 808 καὶ

2207 852 2235 902 6
2276 850 2517 922 Ἐφραῖμ
2563 851 2656 904 τὸν
2700 850 2969 903 ἀντίδικον
2995 849 3183 915 αὑτοῦ,
3231 848 3578 918 κατεπάτησε
3615 847 3672 900 δὲ
3698 847 3791 901 καὶ

2208 943 2416 1012 κρῖμαο
2475 942 2670 1011 ἔσομαι
2699 941 2756 994 δὲ
2801 940 2985 995 λοιπὸν
3028 942 3102 1005 ὡς
3147 941 3362 1012 ταραχὴ
3408 938 3489 1010 τῷ
3530 936 3789 1009 Ἐφραῗμ,

2209 1033 2302 1085 καὶ
2319 1033 2395 1095 ὡς
2416 1032 2637 1104 κέντρον
2656 1032 2732 1103 τῷ
2762 1032 2948 1085 Ἰούδα.
2965 1052 2981 1084 ι
3007 1032 3120 1085 Καὶ
3139 1032 3191 1085 τί
3210 1032 3275 1102 δὴ
3296 1030 3452 1085 τοῦτό
3474 1032 3612 1094 ἐστι,
3635 1027 3794 1082 πολυ-

2207 1120 2546 1187 πραγμονεῖν
2571 1118 2891 1186 ἀναγκαῖον.
2920 1121 2982 1173 Οἱ
3027 1119 3125 1189 μὲν
3163 1114 3260 1173 οὖν
3285 1121 3465 1187 ἕτεροι
3487 1118 3597 1171 τῶν
3627 1119 3797 1189 ἑρμη-

2207 1210 2432 1274 νευτῶν,
2457 1210 2576 1263 ἀντὶ
2608 1210 2703 1263 τοῦ
2750 1229 2769 1263 ι
2810 1212 3043 1283 ταραχὴ,
3078 1230 3096 1262 ι
3119 1212 3408 1280 ,ϐρωστὴρ
3464 1211 3751 1281 εἰρήκασιν
3780 1227 3792 1238 ·

2207 1302 2327 1354 ἀντι
2351 1302 2407 1354 δὲ
2437 1322 2455 1353 ι
2483 1301 2575 1356 τοῦ
2612 1302 2859 1373 κέντρου,
2893 1302 3189 1372 ισοῆψιςόί
3216 1302 3273 1356 δέ
3306 1319 3367 1371 γε
3391 1302 3797 1373 Ἐϐδομήκοντα

2207 1392 2499 1462 ταραχὴν,
2516 1392 2611 1447 καὶ
2648 1392 2897 1461 κέντρον
2911 1394 3223 1464 ὠνόμασαν.
3244 1394 3486 1465 Θορυϐου
3494 1395 3656 1464 μένου
3680 1392 3796 1463 γὰρ

2206 1484 2269 1537 οὐ
2293 1484 2525 1554 μετρίως
2561 1484 2657 1537 τοῦ
2686 1484 2944 1555 Ἐφραῒμ,
2971 1486 3090 1555 ἦτοι
3129 1485 3239 1540 τῶν
3270 1485 3404 1538 δέκα
3435 1485 3643 1555 φυλῶν,
3688 1483 3799 1537 ὑπὸ

2206 1574 2299 1628 τοῦ
2339 1576 2792 1647 κατασκήψαντος
2838 1578 3021 1642 αὐτοῖς
3052 1578 3315 1650 πολέμου,
3351 1578 3512 1632 τοῦτο
3554 1579 3652 1649 μὲν
3687 1578 3799 1631 ὑπὸ

2207 1669 2445 1737 γείτονος
2489 1669 2580 1722 τοῦ
2614 1670 2765 1741 παρὰ
2786 1670 2994 1742 Σύρων,
3032 1673 3199 1743 φημὶ,
3238 1671 3398 1724 τοῦτο
3436 1671 3495 1725 δὲ
3551 1671 3657 1724 ὑπὸ
3695 1668 3798 1724 τοῦ

2208 1760 2475 1831 Περσικοῦ
2495 1763 2588 1815 καὶ
2604 1763 2669 1815 ἐκ
2681 1762 2780 1831 τῆς
2800 1762 2909 1816 τῶν
2940 1763 3239 1835 Ἀσσυρίων
3256 1763 3481 1833 ἥκοντος
3507 1762 3712 1832 χώρας,
3731 1763 3797 1814 ἐν

523 1853 778 1908 tutissimi
810 1862 971 1908 erunt
1010 1869 1203 1922 sapere
1234 1854 1478 1909 volentes
1531 1870 1652 1923 quae
1680 1853 1883 1908 Christi
1943 1863 2098 1909 sunt:

2209 1855 2423 1919 ὀδύναις
2448 1850 2537 1925 ἦν,
2571 1855 2664 1908 καὶ
2690 1855 2788 1908 ούκ
2820 1856 2878 1907 ὲν
2911 1854 3200 1926 μέτρ[ίιοις
3236 1854 3488 1925 δείμασιν
3508 1855 3537 1908 6
3568 1855 3797 1920 Ἰούδας,

524 1959 620 2016 per
670 1960 830 2015 quem
862 1954 919 2000 et
972 1960 1093 2001 cum
1152 1962 1260 2017 quo
1320 1948 1426 2001 Deo
1474 1955 1530 2001 et
1583 1944 1729 2000 Patri
1756 1944 1926 2014 gloria
1975 1960 2098 2000 cum

522 2048 711 2092 sancto
743 2037 948 2108 Spiritu
982 2037 1034 2093 in
1059 2053 1274 2093 omnem
1300 2039 1683 2094 aeternitatem.
1720 2040 1918 2092 Amen.

2209 1946 2410 2015 μᾶλλον
2436 1946 2493 1998 δὲ
2524 1948 2618 2000 καὶ
2651 1948 2708 1999 ὲν
2750 1947 2961 2017 ἀγωνίᾳ
3010 1947 3200 2017 πολλῇ.
3237 1946 3615 2017 Προσεδόκησε
3658 1946 3797 2016 γὰρ,

2207 2034 2301 2090 καὶ
2325 2035 2424 2088 οὐκ
2457 2037 2538 2098 είς
2562 2035 2800 2107 μακρὰν,
2833 2038 2945 2099 τοῖς
2969 2035 3105 2099 ἴσοις
3126 2037 3308 2107 τυχὸν,
3333 2036 3365 2107 ἢ
3394 2037 3527 2090 πολὺ
3552 2037 3801 2107 χείρονος

520 2131 782 2185 ὲναλῶναι
815 2135 1035 2195 κακοῖς·
1064 2132 1438 2203 έπιὸρίθοντος
1466 2132 1571 2205 γὰρ
1594 2130 1689 2185 τοῦ
1754 2132 2014 2203 πολέμου,
2040 2131 2135 2185 καὶ.
2204 2132 2326 2193 ταῖς
2376 2131 2517 2183 κατὰ
2547 2130 2645 2201 τὴν
2686 2130 3004 2202 Σαμάρειαν
3054 2131 3277 2185 πόλεσιν
3334 2132 3801 2201 ἑπισκήπτοντος,

520 2228 669 2280 πᾶσά
711 2245 826 2290 πως
873 2228 1086 2298 ἀνάγκη
1122 2225 1189 2300 ἦν
1248 2229 1647 2283 metutum:
1680 2229 1780 2292 τὰς
1839 2229 2096 2301 ὁμόρους,
2134 2229 2234 2291 τὰς
2283 2227 2391 2280 τῶν
2452 2227 2511 2291 ἐξ
2549 2227 2740 2294 Ἰούδα,
2781 2229 2947 2299 φημὶ,
3002 2231 3099 2283 καὶ
3164 2229 3443 2298 Βενιαμίν.
3505 2227 3711 2282 Οὐκοῦν
3758 2230 3799 2299 ή

522 2318 620 2388 μὲν
650 2321 862 2390 ταραχὴ
896 2320 989 2374 τοῦ
1020 2322 1259 2392 πολέμου
1283 2322 1380 2393 τὴν
1446 2322 1655 2391 ἔφοδον,
1694 2321 1755 2374 τὸ
1817 2321 1875 2375 δὲ
1904 2321 2127 2392 κέντρον
2201 2323 2259 2373 ὲν
2298 2318 2510 2382 τούτοις
2540 2319 2638 2389 τὴν
2687 2321 2750 2373 ὲκ
2785 2320 2960 2390 λύπης
2994 2338 3053 2374 τε
3120 2320 3216 2374 καὶ
3262 2319 3567 2389 δυσθυμίας
3595 2319 3802 2389 ὀδύνην

518 2412 790 2482 ύποδηλοῖ,
854 2405 928 2466 ὧν
971 2412 1076 2479 ἔξω
1110 2432 1211 2466 που
1244 2414 1459 2478 πάντως
1508 2409 1618 2467 εἷεν
1673 2412 1740 2467 ἂν
1785 2414 1836 2467 oi
1872 2415 2092 2485 φρονεῖν
2128 2412 2403 2475 ἐθέλοντες
2469 2412 2537 2464 τά
2600 2411 2838 2483 Χριστοῦ
2864 2428 2877 2441 ·
2905 2411 2974 2465 δι’
3003 2404 3066 2465 οῦ
3100 2411 3193 2466 καὶ
3223 2410 3342 2482 μεθ’
3367 2408 3427 2463 οῦ
3455 2409 3530 2481 τῷ
3555 2410 3675 2481 Θεῷ
3697 2406 3809 2464 καὶ

519 2503 691 2576 Πατρὶ
729 2505 762 2575 ἠ
801 2505 931 2571 δόξα
970 2506 1065 2558 σὺν
1107 2507 1245 2576 ἁγίῳ
1278 2507 1555 2578 Πνεύματι
1593 2509 1672 2571 εἰς
1699 2507 1826 2571 τοὺς
1874 2507 2077 2571 αἰῶνας
2114 2507 2221 2560 τῶν
2243 2504 2475 2560 αἰώνων.
2523 2507 2716 2577 Ἀμήν.

768 2657 1176 2750 TOMUS
1250 2659 1895 2766 QUARTUS»

583 2806 748 2861 Vnus.
784 2808 873 2862 l5.
914 2807 978 2863 Et
1018 2810 1146 2863 vidit
1180 2809 1435 2878 Ephrm'm
1460 2813 1696 2866 morbum
1730 2831 1902 2877 suum,
1927 2825 1971 2869 et
1995 2814 2097 2868 Ju-

513 2898 610 2953 d-n
641 2899 873 2953 dolorem
910 2910 1153 2964 suum,et
1191 2903 1322 2956 abiit
1360 2903 1612 2973 Epitraim
1650 2907 1717 2959 ad
1755 2907 2017 2977 Assyrios,
2049 2921 2094 2964 et

2467 2657 2850 2741 ΤΟΜΟΣ
2925 2655 3523 2740 ΤΕΤΑΡΤΟΣ.

2266 2811 2378 2865 Κιιί
2414 2808 2574 2865 εῖδει·
2608 2812 2852 2881 Ἐρραῒμ
2878 2810 2990 2880 τὴν
3018 2812 3211 2865 νόσον
3241 2811 3449 2875 αὐτοῦ,
3494 2811 3591 2864 καὶ
3640 2811 3804 2864 Ἰού-

2195 2904 2305 2970 δας
2334 2904 2446 2972 τὴν
2498 2902 2728 2971 ὀδύνην
2758 2904 2972 2968 αὐτοῦ,
3027 2904 3124 2957 καὶ
3187 2903 3485 2969 ἐπορεύθη
3540 2901 3804 2971 Ἐφραῒμ

514 2991 655 3043 misit
679 2989 876 3059 legatos
905 2992 975 3045 ad
1002 3008 1166 3061 regem
1188 2992 1375 3061 Iarim,
1395 3011 1439 3048 et
1471 2997 1556 3050 hic
1589 3014 1693 3050 non
1716 3001 1882 3066 pomi!
1906 3018 2096 3056 sanare

2199 2996 2348 3063 πρὸς
2387 2997 2771 3065 ’Λσσιψίουςκ
2820 2995 2919 3048 καὶ
2967 2994 3287 3049 ἀπέστειλε
3335 2995 3612 3062 πρέσϐεις
3639 2993 3803 3061 πρὸς

515 3097 622 3147 vos,
653 3090 701 3136 et
733 3097 837 3136 non
873 3082 1029 3151 faciet
1060 3099 1265 3139 cessare
1286 3103 1318 3161 ςι
1352 3086 1494 3140 vobis
1519 3085 1775 3144 dolorem.

588 3384 720 3439 LIX.
781 3385 1136 3456 Posteaquam
1186 3386 1360 3443 fartus
1420 3400 1504 3442 est
1548 3389 1692 3445 Deus
1753 3392 2097 3448 conturbatio

512 3477 805 3545 Epitraim,
854 3486 910 3533 et
949 3488 1206 3549 tanquam
1257 3480 1511 3536 stimulus
1563 3482 1745 3537 domui
1774 3480 1932 3548 Juda,
1964 3486 2097 3541 vidit

513 3572 763 3625 morbum
793 3585 974 3635 suum,
1006 3572 1121 3626 sive
1149 3573 1571 3628 imbecillitatem
1619 3584 1676 3630 et
1723 3574 2093 3633 inlirmitatem

511 3679 664 3717 suam
691 3662 948 3733 Ephraim
984 3682 998 3719 :
1031 3664 1161 3735 quin
1191 3673 1246 3722 et
1280 3663 1447 3721 Judas
1476 3666 1719 3721 dolorem
1755 3684 1919 3723 suum
1947 3686 1960 3723 :
1989 3685 2093 3724 una

512 3754 655 3807 enim
684 3770 810 3808 cum
869 3754 1115 3810 Samaria
1161 3756 1296 3812 lines
1322 3756 1602 3827 Benjamin
1637 3759 1896 3815 incursati
1941 3771 2091 3817 sunt.

515 3846 721 3901 Deinde
750 3847 819 3901 ob
853 3846 956 3902 hoc
989 3849 1195 3903 fractus
1249 3848 1628 3917 desperatione
1655 3849 1933 3921 Ephraim,
1995 3867 2096 3908 nec

509 3938 655 4017 potis
690 3941 907 3995 casibus
930 3940 1048 3996 istis
1079 3939 1274 4017 robore
1294 3956 1393 3997 suo
1421 3941 1710 4006 obsistere,
1744 3959 1844 3999 nec
1871 3945 2094 4017 bellicas

512 4016 690 4089 clades
721 4032 955 4100 amoliri,
989 4034 1165 4089 denuo
1189 4016 1612 4105 omnipotentem
1642 4033 1808 4090 Deum
1846 4014 2093 4101 oli‘endit,

510 4139 611 4181 nec
637 4126 690 4180 in
720 4126 849 4196 ipsis
866 4125 1113 4198 ﬂagellis,
1142 4136 1202 4184 ut
1255 4129 1325 4183 ita
1367 4129 1568 4193 dicam,
1597 4128 1892 4184 utilitatem
1940 4142 2094 4183 suam

509 4218 795 4287 cognovit;
860 4228 914 4273 et
969 4236 1091 4276 cum
1141 4222 1448 4278 advenisset
1497 4230 1711 4288 tempus
1766 4234 1873 4288 quo
1918 4219 2096 4289 potius

509 4312 755 4366 converti
791 4313 857 4365 ad
892 4312 1058 4368 Deum
1096 4315 1393 4377 debuisset,
1421 4322 1550 4366 tunc
1583 4312 1820 4367 maxime
1876 4313 1925 4366 ci
1979 4327 2095 4365 mo-

2194 3090 2465 3153 ,ϐασιλέα
2500 3088 2737 3156 ’[αρεὶμ,
2768 3087 2866 3141 καὶ
2927 3083 3107 3151 οὗτος
3140 3088 3250 3141 οὐκ
3282 3086 3594 3154 ἠδυνάσθη
3625 3085 3801 3140 Idm;-

2116 3214 2121 3221 -
2199 3184 2337 3234 σθαι
2368 3180 2543 3250 ὑμᾶς,
2574 3182 2672 3234 καὶ
2716 3182 2787 3235 οὐ
2820 3179 2905 3251 μὴ
2950 3179 3263 3248 διαπξιύσῃ
3314 3180 3383 3253 ἐζξ
3426 3179 3593 3251 ὑμῶν
3649 3180 3803 3233 (561}-

2200 3289 2337 3339 νην.

2267 3388 2377 3441 NB’
2409 3385 2544 3440 Θεοῦ
2572 3386 2855 3456 γεγονότος
2894 3385 2970 3448 ὠς
3001 3385 3245 3456 ταραχῆς
3278 3384 3356 3456 τῷ
3398 3383 3655 3456 Ἐφραῒμ,
3694 3389 3797 3440 καὶ

2201 3479 2307 3551 μὴν
2330 3480 2422 3533 καὶ
2443 3479 2520 3540 ὡς
2546 3479 2773 3549 κέντρου
2804 3476 2881 3547 τῷ
2903 3479 3034 3547 οἴκῳ
3068 3476 3257 3541 Ἰούδα,
3285 3475 3536 3530 τεθέαται
3557 3476 3652 3545 μὲν
3680 3477 3790 3545 τὴν

2196 3575 2392 3628 ἑαυτοῦ
2435 3574 2611 3635 νόσον,
2642 3572 2833 3643 ἢτοιτὸ
2850 3570 3042 3625 ἄναλκι
3073 3569 3435 3633 καὶὰσθενὲς,
3455 3572 3483 3622 ὀ
3511 3569 3795 3637 Ἐφραῖμο

2198 3671 2290 3725 καὶ
2324 3669 2429 3741 μὴν
2463 3670 2559 3723 καὶ
2595 3668 2795 3731 Ἰούδας
2842 3667 2942 3737 τὴν
2974 3664 3171 3735 ὀδύνην
3218 3662 3417 3719 αὑτοῦ·
3451 3664 3799 3737 συγκατεδῃ-

2195 3765 2323 3818 οῦτο
2347 3764 2475 3833 γὰρ,
2503 3762 2578 3825 ὡς
2604 3761 2763 3832 ἔφην,
2799 3762 2911 3823 τοῖς
2934 3760 2993 3811 ὲν
3023 3758 3309 3828 Σαμαρείᾳ
3340 3757 3435 3810 καὶ
3453 3756 3521 3810 τὰ
3546 3757 3669 3828 ὅρια
3694 3759 3800 3810 τοῦ

2198 3854 2483 3923 Βενιαμίν.
2540 3851 2674 3905 Εἶτα
2704 3850 2839 3920 πρὸς
2890 3847 3049 3902 τοῦτο
3088 3846 3409 3918 ἀπειρηκὼς
3441 3849 3470 3901 6
3524 3846 3798 3918 Ἐφραῖμ,

2197 3947 2291 3999 καὶ
2328 3945 2486 4008 ἰδίαις
2518 3944 2811 4011 δυνάμεσιν
2833 3940 3221 4010 ἀντιφέρεσθαι
3241 3943 3353 4004 τοῖς
3380 3938 3802 4010 συμϐεϐηκόσιν

2195 4039 2298 4092 οὐκ
2327 4037 2485 4108 ἔχων,
2524 4034 2647 4088 οὔτε
2680 4034 2786 4105 μὴν
2828 4034 3184 4088 ἀποσείεσθαι
3226 4033 3294 4087 τὰ
3327 4033 3391 4086 ὲκ
3421 4032 3513 4086 τοῦ
3547 4032 3797 4103 πολέμου

2199 4133 2372 4203 βλάϐη
2425 4131 2746 4200 δυνάμενος,
2805 4129 3214 4199 προσκέκρουκε
3266 4126 3429 4180 πάλιν
3472 4123 3550 4195 τῷ
3610 4124 3800 4180 πάντα

2201 4223 2440 4295 ἰσχύοντι
2470 4223 2613 4292 Θεῷ,
2648 4222 2769 4275 οὐδὲ
2803 4224 2861 4274 έν
2900 4222 3113 4286 αὐταῖς,
3149 4220 3214 4273 ἵν’
3250 4218 3422 4282 οὕτως
3452 4220 3612 4281 εἴπω,
3668 4223 3799 4282 ταῖς

2201 4312 2454 4384 μάστιξιν
2502 4309 2833 4381 έννενοηκὼς
2864 4310 2925 4361 τὸ
2961 4308 3266 4378 συμφέρον.
3311 4303 3695 4375 Ἐνεστηκότος
3733 4304 3798 4357 δὲ

506 4398 721 4456 lestiam
753 4402 1030 4471 exhibere,
1056 4413 1112 4460 et
1144 4402 1465 4459 insolentius
1493 4403 1561 4455 ab
1584 4415 1649 4456 eo
1672 4403 1951 4456 discedere
1985 4417 2089 4457 non

2199 4406 2290 4461 τοῦ
2345 4405 2563 4473 καιροῦ,
2598 4403 2725 4457 καθ’
2755 4404 2813 4456 ὃν
2849 4403 2956 4455 ἔδει
3009 4402 3211 4472 μᾶλλον
3247 4398 3602 4468 ἐπιστρέφειν
3648 4398 3799 4467 πρὸς

509 4494 793 4548 dubitavit.
855 4494 972 4549 Non
1006 4497 1148 4550 enim
1218 4494 1502 4562 ignorabat
1535 4494 1714 4548 oninis
1750 4493 1938 4562 gloria:
1983 4508 2094 4549 sum

509 4594 805 4648 auctorem,
825 4602 888 4641 ac
918 4596 1149 4643 tutorem
1189 4587 1354 4640 Deum
1379 4600 1522 4648 esse,
1555 4587 1645 4654 qui
1678 4587 1820 4641 vires
1855 4588 1921 4642 ad
1948 4587 2095 4641 fran-

510 4675 715 4740 gendos
743 4677 1086 4731 adversarios
1107 4691 1321 4744 semper
1350 4675 1592 4743 largitur.
1631 4675 1735 4730 Sed
1775 4676 1903 4730 nihil
1928 4676 2094 4744 pluri-

511 4768 611 4823 lms
643 4783 774 4837 opus
802 4778 904 4831 cst,
932 4784 1052 4825 cum
1106 4776 1279 4824 exstet
1308 4767 1394 4820 illa
1425 4782 1521 4821 vos
1557 4766 1753 4838 Moysis
1799 4768 2092 4839 sapientis-

510 4859 633 4913 simi
674 4879 689 4915 :
726 4879 745 4912 ι
780 4859 1038 4914 Dominus
1091 4844 1377 4914 conterens
1403 4858 1577 4923 bella;
1607 4858 1863 4913 Deminus
1898 4874 2092 4923 nomen

510 4953 737 5020 ojus“,:
767 4954 1061 5022 doceatque
1090 4951 1229 5007 idem
1257 4951 1540 5020 perspicue
1595 4952 1737 5020 quod
1788 4966 1883 5020 per
1917 4952 2092 5021 ipsum

508 5056 563 5102 et
594 5045 645 5099 iu
682 5046 796 5114 ipso
826 5062 844 5095 ι
874 5059 1013 5098 unus
1041 5051 1397 5115 persequetur
1429 5042 1594 5107 mille,
1615 5052 1670 5096 et
1697 5044 1804 5096 duo
1829 5041 2095 5112 fugabunt

511 5138 693 5190 decem
726 5136 892 5190 millia
924 5135 992 5189 ⁸².
1025 5153 1044 5187 ι
1085 5136 1286 5190 Deinde
1331 5150 1453 5190 cum
1489 5135 1554 5188 ab
1584 5134 1699 5201 ipso
1725 5144 1781 5189 et
1811 5135 1926 5189 solo
1955 5149 2090 5191 con-

510 5236 725 5282 suetum
755 5227 1017 5281 auxilium
1054 5227 1251 5282 iterum
1296 5237 1500 5298 petere,
1526 5225 1635 5297 92
1659 5236 1712 5281 et
1744 5227 1997 5304 precibus
2025 5230 2093 5283 ad

510 5318 935 5373 succurrendum
967 5318 1069 5373 sibi
1101 5319 1428 5374 salvatorem
1466 5319 1760 5376 sollicitare
1782 5329 2084 5390 oporteret,

512 5410 628 5464 dira
668 5411 718 5464 in
751 5420 916 5477 caput
938 5426 1094 5466 suum
1127 5412 1416 5467 meditatus
1441 5422 1542 5467 est.
1572 5411 1733 5469 Missa
1762 5402 1906 5467 enim
1941 5412 2088 5482 lega-

513 5502 659 5555 tione
688 5503 754 5554 ad
816 5502 1017 5557 alienos
1048 5514 1102 5557 ct
1150 5503 1353 5570 hostes,
1399 5518 1493 5557 eos
1526 5504 1803 5572 suppetias
1853 5503 2084 5571 rogavit.

516 5608 533 5641 ι
566 5592 763 5649 Factus
787 5604 869 5649 est
893 5596 1034 5650 enim
1068 5597 1319 5666 Ephraim
1348 5608 1406 5652 ut
1435 5596 1683 5652 columba
1717 5597 1997 5666 insipiens,
2037 5604 2087 5649 et

587 5768 604 5798 ς

616 5767 626 5798 ¹
670 5768 874 5836 ὶιλιὶιείι,
917 5790 1021 5841 tu,
1058 5778 1106 5830 ὖ.
1185 5776 1226 5807 ⁸³
1261 5774 1407 5828 Deut.
1446 5791 1614 5836 xuii,
1652 5773 1735 5829 '50.

2190 4496 2285 4549 τὸν
2330 4494 2483 4557 Θεὸν,
2532 4494 2653 4547 τότε
2700 4492 2765 4561 δὴ
2819 4489 3058 4557 μάλιστα
3113 4488 3308 4541 λυπεῖν
3357 4483 3653 4556 ᾑρημένος,
3691 4483 3798 4535 καὶ

2191 4588 2466 4657 ἁπεφοίτα
2502 4584 2860 4656 ἀγριώτερον.
2891 4582 3006 4636 Ούκ
3036 4580 3222 4651 ἠγνόει
3253 4578 3349 4649 μὲν
3382 4577 3492 4646 γὰρ
3520 4576 3610 4630 τὸν
3647 4575 3797 4631 ἀ.πά-

2193 4697 2291 4750 σης
2314 4680 2496 4742 αὐτοῖς
2520 4676 2774 4738 εὐκλείας
2808 4674 2901 4728 καὶ
2944 4671 3203 4743 χορηγὸν,
3240 4669 3336 4723 καὶ
3369 4669 3662 4741 πρύτανιν,
3691 4666 3799 4752 τον

2191 4772 2284 4825 τοῦ
2317 4770 2584 4825 δύνασθαι
2618 4769 2841 4837 κρατεῖν
2870 4766 2977 4819 τῶν
3014 4762 3432 4834 ἀνθεστηκότων
3463 4759 3551 4814 ἀεὶ
3582 4759 3799 4829 δοτῆρσι

2190 4863 2340 4916 θεόν.
2401 4862 2540 4915 Ἀλλ’
2587 4859 2801 4922 οὐδενὸς
2838 4860 2991 4928 ἠξίου
3043 4857 3106 4909 τὸ
3146 4857 3335 4927 χρῆμα
3385 4852 3564 4922 λόγου,
3606 4850 3796 4905 καίτοι

2190 4956 2282 5010 τοῦ
2313 4955 2588 5022 πανσόφου
2610 4953 3035 5023 διακεκραγότος
3056 4950 3302 5011 Μωσέως
3323 4964 3335 4979 ·
3368 4966 3387 4999 ι
3423 4946 3626 5016 Κύριος
3660 4962 3794 4997 συν-

2189 5048 2391 5118 τρίϐων
2418 5045 2709 5115 πολέμους,
2734 5044 2937 5113 Κύριος
2962 5042 3137 5111 ὄνομα
3183 5039 3356 5111 αὐτῷ,
3392 5059 3410 5091 ι
3440 5037 3797 5101 διδάσκοντὼς

2191 5156 2251 5192 τε
2286 5136 2494 5205 σαφῶς,
2517 5137 2602 5189 ὅτι
2627 5137 2693 5188 δι’
2721 5135 2887 5188 αὑτοῦ
2919 5150 2978 5187 τε
3054 5134 3149 5186 καὶ
3182 5133 3240 5184 ὲν
3274 5129 3422 5201 αὐτῷ
3458 5148 3475 5180 ι
3520 5127 3794 5191 Διώξεται

2194 5229 2276 5297 εἷς
2307 5231 2530 5303 χιλίους,
2565 5229 2660 5283 καὶ
2674 5228 2767 5282 δύο
2795 5228 3222 5299 μετακινήσουσι
3256 5223 3542 5295 μυριάδας.
3577 5239 3596 5272 ι
3625 5216 3789 5286 Εἶτα,

2196 5326 2312 5380 δέον
2343 5325 2472 5395 παρ’
2496 5324 2659 5378 αὑτοῦ
2695 5323 2759 5392 δὴ
2795 5321 2889 5375 καὶ
2915 5320 3079 5391 μόνου
3101 5317 3200 5388 τὴν
3225 5316 3431 5387 συνήθη
3468 5314 3628 5367 πάλιν
3663 5316 3788 5366 sm.

2197 5419 2421 5488 κουρίαν
2448 5418 2639 5481 αἰτεῖν,
2674 5415 2769 5469 καὶ
2799 5413 2971 5475 λιταῖς
3023 5409 3337 5464 ἀναπείθειν
3366 5406 3569 5478 ἀμῦναί
3604 5407 3655 5457 οἱ
3690 5405 3790 5457 τὸν

2199 5511 2459 5573 σώζοντα,
2490 5506 2665 5578 πικρὰ
2695 5506 2834 5559 κατὰ
2859 5504 2958 5574 τῆς
3007 5504 3141 5565 ίδίας
3184 5500 3481 5553 ἐσκέπτετο
3513 5496 3787 5566 κεφαλῆς.

2209 5596 2601 5666 ἰἰπςιεσϐεύεῖο
2660 5594 2767 5663 γὰρ
2803 5592 2933 5662 πρΡις
2989 5590 3336 5660 ἀλλοφύλους,
3388 5591 3479 5641 καὶ
3522 5587 3616 5656 τὴν
3649 5589 3787 5654 παρ’
