4094 6456
271 370 376 425 157

1222 361 1772 418 COMMENTARIUS
1808 362 1871 417 ΙΝ
1913 362 2144 418 Οε-ΕΑΜ
2192 361 2632 418 ΡιίΟΙῚΙΕΤΛΜ.

3463 369 3568 429 158

263 494 490 566 ἐχθρῶν
559 490 904 562 συμμαχίαν.
965 508 984 540 ι
1046 487 1296 556 Ἐγένετο
1335 488 1443 557 γὰρ
1507 486 1747 557 Ἐφραῖμ
1799 485 1872 549 ὡς

1984 503 2074 542 cor
2099 503 2202 540 non
2228 487 2458 542 habens.
2477 487 2768 559 zEgyptutn
2809 491 3118 561 invocabat,
3136 500 3189 548 et
3220 495 3286 548 ad
3321 494 3574 567 Assyrios

265 582 581 656 περιστερά
634 581 820 646 ἄνους,
887 579 987 632 οὐκ
1053 577 1252 648 ἔχουσα
1291 576 1541 648 καρδίαν.
1601 575 1879 644 Αἴγυπτον

265 677 622 742 ἐπεκαλεῖτο,
663 675 761 728 καὶ
792 673 875 734 εἰς
929 669 1248 742 ’Δσσυρίους
1286 667 1580 739 ἐπορεύετο
1604 683 1620 698 ο
1648 685 1667 719 ι
1699 666 1877 737 ἀπηλ-

264 770 474 840 λάχθαι
492 768 608 822 τῶν
643 762 1046 837 ἐπηρτημένων
1068 761 1236 832 ᾤοντο
1259 759 1468 814 κακῶν.
1492 759 1603 814 Καὶ
1625 758 1690 830 δὴ
1722 759 1877 829 βασι-

263 861 528 923 λεύοντος
555 861 616 913 ἐν
659 862 726 929 τῇ
773 853 1063 926 Σαμαρείᾳ
1089 852 1188 906 τοῦ
1218 850 1472 923 Μαναῗμ,
1507 850 1674 922 ἀνέϐη
1703 849 1880 914 Φύλας

267 953 532 1025 βασιλεὺς
573 950 881 1022 Ἀσσυρίων
933 948 1028 1000 ἐπὶ
1055 946 1148 1000 τὸν
1199 944 1440 1016 Ἰσραήλ.
1473 939 1605 996 Εἶτα
1633 943 1879 1014 χρήμασι

265 1050 363 1102 καὶ
385 1045 718 1119 πρεσϐείαις
744 1040 1031 1096 ἀνέπειθον
1057 1037 1396 1108 ἀποσχέσθαι
1417 1037 1516 1107 τῆς
1542 1033 1668 1105 γῆς.
1696 1029 1880 1086 Τοιοῦ-

261 1141 326 1195 τό
359 1143 486 1193 ἐστι
514 1138 598 1200 τὸ,
629 1157 647 1189 ι
695 1132 1002 1206 Ἐπορεύθη
1048 1129 1291 1202 Ἐφραίμ
1316 1130 1451 1201 πρὸς
1487 1129 1825 1200 Ἀσσυρίους.
1853 1147 1872 1179 ι

262 1233 453 1288 Φακεὲ
486 1233 546 1286 δὲ
571 1231 736 1285 πάλιν
760 1270 774 1295 ,
808 1230 838 1282 ὁ
869 1226 962 1281 τοῦ
994 1223 1298 1296 Ῥομελίου,
1337 1223 1594 1294 βασιλεὺς
1635 1222 1874 1294 Ἰσραὴλ,

263 1322 682 1397 κατεμισθοῦτό
740 1338 871 1374 ποτε
911 1319 1001 1373 τὸν
1035 1317 1306 1382 Ῥαασὼν,
1367 1315 1598 1387 βασιλέα
1653 1315 1876 1386 Συρίας,

265 1420 362 1472 καὶ
417 1416 784 1487 πεπολέμηκε
811 1411 1106 1483 τῷ-Ἰούδᾳ
1137 1411 1367 1473 καὶτοῖς
1396 1410 1460 1463 ἐκ
1491 1408 1665 1478 φυλῆς
1692 1410 1881 1461 Βενια-

268 1513 383 1581 μὶν,
423 1506 813 1578 βασιλεύοντος
853 1502 1066 1573 Ἀχατζ
1109 1501 1202 1554 τοῦ
1248 1499 1489 1570 Ίωάθαμ
1529 1498 1668 1564 υἱοῦ,
1703 1498 1760 1562 ὃς
1788 1498 1876 1551 δε-

263 1604 391 1666 διὼς
423 1603 531 1672 τὴν
557 1599 772 1669 ἔφοδον,
814 1594 1138 1666 πρεσϐείαις
1162 1592 1254 1646 καὶ
1281 1593 1560 1663 χρήμασιν
1594 1591 1878 1644 ἀναπείθει

260 1697 354 1749 τὸν
399 1693 699 1764 Ἀσσύριον
747 1686 1188 1758 Θεγλαφαλασὰρ
1218 1684 1500 1754 ἐπαμῦναι
1528 1684 1697 1755 αὐτῷ.
1736 1684 1793 1737 '0
1821 1684 1877 1736 δέ

257 1791 360 1862 τὴν
400 1784 706 1858 Δαμασκὸν
731 1781 1078 1853 κατακράτος
1111 1777 1271 1842 ἐλὼν,
1309 1782 1374 1831 ἐκ
1403 1777 1570 1847 μέσου
1606 1774 1875 1829 καὶαῦτδν

259 1879 733 1938 ἐποίειῬαασών.
773 1875 914 1929 Ἀλλ’
945 1874 995 1927 εί
1025 1873 1122 1926 καὶ
1151 1871 1508 1943 πεπόρευται,
1547 1869 1702 1939 φησι,
1739 1867 1878 1938 πρὸς

268 1977 607 2045 Ἀσσυρίους
643 1972 671 2024 ὁ
707 1966 969 2039 Ἐφραῖμ,
1000 1965 1096 2019 καὶ
1135 1965 1418 2035 χρήμασιν
1449 1961 1745 2033 ἐξεπρίατο
1781 1959 1878 2012 καὶ

257 2069 439 2128 λιταῖς
473 2065 579 2136 τῆς
618 2062 811 2132 ἐφόδου
839 2060 938 2129 τὴν
981 2057 1280 2127 ἀνάϐλησιν
1303 2071 1318 2086 ο
1366 2054 1471 2108 κᾶν
1505 2054 1554 2107 εί
1589 2051 1876 2107 ἀπέστειλε

259 2159 536 2231 πρέσϐεις
574 2158 714 2226 πρὸς
756 2153 986 2226 βασιλέα
1023 2151 1256 2221 ἰαρεὶμ,
1296 2148 1596 2212 τουτέστιν,
1639 2145 1875 2211 ἔκδικον,

258 2255 381 2325 ἦτοι
414 2249 720 2320 ἐκδικητὴν
742 2245 924 2318 (τοῦτο
955 2243 1064 2315 γὰρ
1095 2243 1154 2297 τὸ
1191 2243 1402 2315 Ἰαρεὶμ
1424 2241 1727 2311 σημαίνει),
1759 2239 1875 2293 ἀλλ’

259 2343 319 2394 ού
353 2341 689 2409 νενικήκασι
717 2339 818 2406 τὴν
855 2334 1005 2388 θείαν
1033 2333 1223 2406 ὀργὴν,
1251 2330 1371 2385 οὔτε
1401 2331 1505 2402 μὴν
1531 2347 1594 2383 πε
1606 2331 1876 2402 ριέσονται

260 2430 425 2494 Θεοῦ,
443 2431 547 2500 τῆς
571 2426 721 2480 οὕτω
747 2425 929 2496 δεινῆς
953 2422 1292 2487 ἀποστασίας
1315 2422 1656 2487 ἐξαιτοῦντος
1686 2421 1871 2485 δίκας.

261 2522 337 2576 Οὐ
383 2521 501 2591 γὰρ
533 2519 751 2590 ἴσχυσε,
808 2518 994 2588 φησὶν,
1032 2517 1060 2569 ὁ
1083 2515 1362 2586 χρήμασιν
1398 2514 1876 2585 ἀναπεπεισμένος

261 2609 557 2682 ἡρεμῆσαι
589 2607 793 2680 βραχὺ,
830 2605 950 2660 ἀλλ’
980 2604 1103 2658 οὐδὲ
1128 2603 1316 2674 ἕτερός
1348 2621 1432 2667 τις
1471 2603 1582 2656 τῶν
1613 2601 1876 2674 μεμισοον

261 2704 598 2776 φορηκὸτων
631 2701 890 2756 ἰάσασθαι
926 2699 1092 2769 ὑμᾶς.
1141 2696 1494 2751 Πεπαύσεται
1523 2695 1582 2748 δέ
1615 2695 1868 2766 οὐδαμῶς

258 2795 361 2865 τῆς
395 2793 602 2864 ὀδύνης
622 2792 685 2846 τὸ
710 2791 959 2863 κέντρον.
984 2788 1274 2843 Πάνδεινον
1301 2784 1395 2842 οῦν
1418 2787 1546 2857 ἄρα,
1571 2786 1632 2840 τὸ
1659 2787 1734 2859 μὴ
1771 2785 1876 2840 σώ-

262 2887 458 2954 ζεσθαι
485 2886 696 2958 μᾶλλον
722 2883 1016 2954 ἐπιθυμεῖν
1037 2881 1126 2935 διὸ.
1149 2881 1248 2952 τῆς
1266 2879 1475 2936 ἄνωθεν
1499 2877 1840 2951 ἡμερότητος
1858 2921 1874 2948 ,

260 2983 644 3054 ἐπιθαρρἧαι
673 2979 731 3033 δὲ
761 2980 883 3043 ταῖς
906 2977 965 3045 ἐξ
989 2975 1293 3050 ἀνθρώπων
1329 2973 1715 3044 ἐπικουρίαις·
1755 2972 1878 3027 καί-

257 3095 340 3130 τοι
371 3075 619 3145 βοῶντος
645 3071 740 3126 τοῦ
777 3070 916 3125 Πνεύ
927 3087 1092 3142 ματος
1117 3068 1205 3123 διὰ
1241 3068 1339 3138 μὲν
1362 3069 1548 3139 φωνῆς
1562 3066 1657 3119 τοῦ
1695 3081 1877 3136 μακα-

262 3171 382 3242 ρίου
443 3165 662 3220 Δαϐίδο
710 3182 728 3216 ι
779 3160 1378 3239 Ἀγαθὸνιπεποιθέναι
1431 3160 1524 3212 ἐπὶ
1564 3157 1792 3228 Κύριον,
1905 3207 1948 3264 C

257 3259 594 3314 πεποιθέναι
633 3257 720 3310 ἐπ’
751 3255 1063 3327 ἄνθρωπον.
1109 3253 1338 3323 Ἀγαθὸν
1363 3253 1603 3317 ἐλπίζειν
1634 3253 1727 3304 ἐπὶ
1760 3249 1878 3304 Κύ-

259 3371 398 3428 ριον,
429 3353 465 3424 ἦ
504 3349 751 3415 ἐλπίζειν
790 3351 874 3402 ἐπ’
926 3348 1226 3419 ἄρχοντας’
1273 3365 1291 3398 ι
1317 3346 1409 3400 διὰ
1447 3346 1504 3398 δὲ
1541 3344 1636 3399 τοῦ
1665 3347 1872 3416 προφή·

255 3465 354 3502 του
384 3446 557 3499 πάλιν
576 3442 869 3514 Ἱερεμίου·
910 3461 928 3494 ι
953 3440 1392 3512 Ἐπικατάρατος
1420 3442 1447 3492 ὁ
1478 3439 1788 3510 ἄνθρωπος,
1819 3439 1878 3500 ὃς

255 3541 354 3611 τὴν
378 3538 587 3592 ἐλπίδα
623 3536 737 3607 ἔχει
769 3535 909 3604 πρὸς
939 3533 1244 3606 ἄνθρωπον,
1270 3533 1364 3585 καὶ
1388 3531 1636 3602 στηρίσει
1664 3531 1875 3601 σάρκας

259 3630 564 3700 βραχίονος
601 3624 769 3680 αὑτοῦ
802 3623 890 3676 ἐπ’
932 3623 1116 3689 αὑτὸν,
1147 3624 1242 3676 καὶ
1273 3623 1381 3675 ἀπὸ
1410 3621 1618 3692 Κυρίου
1659 3622 1870 3692 ἀποστῇ

259 3718 536 3792 ἡκαρδία
581 3715 774 3781 αὑτοῦ,
824 3716 920 3768 καὶ
959 3712 1111 3766 ἐσται
1145 3714 1222 3777 ὡς
1252 3714 1285 3783 ἡ
1319 3711 1696 3783 ἁγριομυρίκη
1744 3713 1776 3781 ἡ
1821 3713 1876 3763 ἐν

262 3817 322 3884 τῇ
367 3814 602 3886 ἐρήμῳ,
635 3812 670 3883 ἢ
705 3812 808 3864 οὐκ
865 3808 1057 3880 ὄψεται
1101 3809 1230 3862 ὅταν
1274 3806 1404 3878 ἔλθῃ
1436 3807 1503 3860 τὰ
1535 3806 1735 3874 ἀγαθά.
1769 3806 1879 3858 Καὶ

260 3904 641 3976 εὐλογημένος
667 3905 693 3956 ὁ
716 3900 1027 3973 ἄνθρωπος,
1058 3898 1117 3964 ὃς
1149 3897 1414 3951 πέποιθεν
1443 3897 1532 3950 ἐπὶ
1561 3895 1636 3967 τῷ
1667 3895 1877 3967 Κυρίῳ,

257 3997 355 4050 καὶ
399 3996 562 4048 ἔσται
613 3994 820 4066 Κύριος
865 3993 1020 4055 ἐλπὶς
1052 3990 1240 4046 αὐτοῦ.
1276 3991 1384 4044 Καὶ
1435 3989 1589 4043 ἔσται
1621 3989 1694 4053 ὡς
1726 3989 1883 4054 ξύλον

258 4087 536 4157 abin-105v
563 4086 696 4158 παρ’
721 4085 895 4150 ὕδατι,
927 4085 1020 4137 καὶ
1041 4084 1132 4136 ἐπὶ
1159 4082 1360 4153 ίκμάδα
1391 4080 1575 4152 βάλλει
1605 4079 1762 4152 ῥίζας
1787 4081 1883 4133 αύ-

1987 583 2095 634 ibat
2124 580 2191 646 ⁵³,
2225 599 2243 631 ι
2291 591 2437 634 ratus
2498 596 2556 634 se
2614 583 3045 651 impendentibus
3071 585 3227 641 malis
3285 586 3598 642 liberatum‘

1985 674 2073 728 iri.
2103 673 2276 726 Etiam
2311 683 2567 740 regnante
2596 672 2848 737 Manai-u,
2879 673 3075 730 Phulas
3106 691 3198 730 rex
3224 678 3572 746 Assyriorum

1982 777 2169 820 contra
2203 766 2453 821 lsraelem
2479 767 2832 821 ascendit“:
2867 768 2952 821 cui
2988 768 3178 838 legatis
3215 779 3269 822 et
3321 771 3572 836 pecuniis

1983 873 2276 929 persuasus
2306 868 2388 913 est
2423 859 2667 924 reditus;
2712 865 2812 913 hoc
2847 869 2950 925 est,
2997 880 3015 912 ι
3050 861 3184 915 abiit.
3212 862 3465 930 Ephrnim
3502 864 3569 917 ad

1980 949 2255 1020 Assyrios.
2286 969 2304 1001 ι
2347 948 2549 1003 Deinde
2582 947 2813 1013 Phacee,
2844 948 2984 1002 ﬁlius
3027 948 3304 1013 Romeliae,
3341 966 3432 1005 rex
3496 949 3570 1004 ls-

1985 1041 2116 1107 racl,
2150 1040 2322 1109 pretio
2353 1039 2610 1094 conduxit
2650 1039 2940 1108 aliquando
2975 1038 3143 1093 Rasin
3165 1056 3343 1110 regem
3376 1040 3570 1110 Syrize,

1981 1135 2415 1204 Oppugnavitqne
2443 1132 2634 1188 Judam
2662 1142 2716 1187 et
2748 1134 2972 1189 tribules
2988 1132 3290 1203 Beniamin,
3311 1143 3576 1205 regnante

1980 1227 2187 1293 Achaz,
2221 1227 2328 1282 ﬁlio
2372 1226 2626 1282 Joatham
2655 1247 2668 1282 :
2707 1227 2794 1297 qui
2824 1227 3188 1282 incursionem
3234 1229 3452 1290 timens,
3481 1241 3575 1294 per

1981 1321 2185 1390 legatos
2239 1329 2520 1374 numerata
2585 1319 2813 1388 pecunia
2844 1319 3335 1389 Theglatphalasar
3368 1321 3434 1373 ad
3466 1317 3573 1372 sibi

1979 1411 2350 1480 epitulandum
2380 1412 2589 1480 impulit
2619 1413 2686 1465 ⁵⁵.
2720 1411 2821 1478 Qui
2872 1411 3137 1468 Damasco
3181 1413 3351 1469 armis
3392 1423 3572 1484 capta,

1981 1501 2145 1555 Rasin
2170 1518 2199 1556 e
2231 1503 2405 1555 medio
2437 1502 2673 1557 sustulit.
2706 1500 2810 1557 Sed
2845 1503 3093 1573 quamvis
3116 1504 3338 1569 abierit,
3365 1505 3569 1575 inquit,

1980 1593 2046 1647 ad
2087 1595 2335 1663 Assyrios
2370 1593 2649 1662 Ephraim,
2688 1596 3029 1665 pecuniaque
3063 1607 3115 1650 et
3149 1597 3401 1666 precibus
3439 1598 3572 1652 dila-

1983 1687 2181 1740 tionem
2209 1686 2521 1754 irruptionis
2553 1688 2770 1751 emerit,
2793 1689 3004 1742 tametsi
3027 1687 3234 1759 legatos
3260 1689 3470 1744 miserit
3502 1690 3572 1745 ad

1983 1776 2361 1847 rcgemlarim,
2403 1779 2504 1832 hoc
2528 1789 2631 1844 εει,
2664 1776 3008 1833 defensorem
3045 1780 3160 1834 sive
3192 1779 3420 1834 ultorem
3445 1778 3572 1850 (hoc

1979 1871 2125 1924 enim
2153 1869 2311 1924 larim
2340 1871 2545 1939 sonat),
2570 1879 2754 1925 tamen
2785 1871 3024 1925 divinam
3059 1872 3196 1924 iram
3225 1886 3328 1924 non
3354 1872 3573 1925 domue-

1981 1973 2127 2029 runt,
2161 1978 2338 2033 neque
2367 1963 2479 2018 Deo
2508 1963 2896 2033 prtevalebunt,
2934 1963 3092 2031 hujus
3137 1963 3272 2018 adeo
3305 1972 3458 2017 tetrze
3487 1963 3575 2018 de-

1979 2050 2232 2106 fectionis
2261 2065 2452 2119 pmnas
2491 2051 2750 2123 exigenti.
2785 2051 2902 2107 Non
2936 2054 3080 2108 enim
3140 2055 3342 2124 potuit,
3370 2055 3569 2124 inquit,

1977 2146 2202 2216 pecunia
2228 2161 2520 2215 persuasus
2547 2147 2761 2201 ellicere
2825 2156 2884 2201 ut
2921 2147 3138 2216 paulum
3187 2148 3568 2218 quiesceretis,

1979 2253 2078 2292 nec
2102 2239 2240 2292 alius
2271 2240 2520 2294 mercede
2549 2238 2848 2293 conductus
2881 2255 3079 2295 sanare
3113 2256 3230 2296 vos.
3280 2241 3570 2310 Nunquam

1978 2342 2160 2385 autem
2217 2332 2421 2387 doloris
2481 2333 2734 2388 Stimulus
2783 2334 3040 2388 cessabit.
3074 2333 3170 2388 Est
3203 2334 3369 2403 igitur
3403 2333 3575 2403 pessi-

1979 2439 2150 2490 mum,
2182 2440 2288 2478 non
2315 2425 2488 2496 magis
2520 2441 2718 2496 cupere
2747 2427 2943 2482 salvari
2971 2442 3065 2496 per
3089 2441 3384 2498 supernam
3413 2441 3570 2480 man-

1977 2519 2347 2586 suetudinem,
2372 2523 2466 2575 sed
2499 2521 2751 2576 humanis
2780 2523 2972 2590 opibus
3006 2522 3192 2587 ﬁdere,
3229 2535 3352 2576 cum
3387 2535 3484 2589 per
3511 2536 3574 2575 os

1977 2612 2119 2668 beati
2154 2613 2319 2668 David
2347 2613 2582 2684 Spiritus
2615 2614 2844 2669 clamet:
2879 2635 2896 2666 ι
2928 2615 3130 2670 Bonum
3160 2623 3245 2669 est
3297 2611 3574 2668 conﬁdere

1978 2706 2031 2761 in
2063 2705 2312 2772 Domino,
2362 2722 2524 2777 quam
2569 2708 2843 2762 conlidere
2894 2708 2944 2761 in
2972 2706 3211 2761 homine.
3261 2705 3468 2764 Bonum
3493 2714 3575 2756 est

1966 2795 2200 2866 'spcrare
2231 2799 2282 2852 in
2316 2798 2564 2863 Domino,
2595 2813 2752 2868 quam
2792 2800 2846 2854 in
2878 2799 3214 2868 principibus
3242 2797 3308 2851 “.
3341 2815 3360 2850 ι
3389 2794 3455 2850 Ει
3479 2809 3576 2864 per

1977 2890 2269 2946 Jeremiam
2303 2909 2318 2948 :
2353 2910 2372 2943 ‹
2400 2892 2719 2947 Maledictus
2753 2893 2914 2947 homo
2969 2892 3060 2962 qui
3092 2905 3241 2959 spem
3297 2904 3449 2944 suam
3479 2901 3576 2956 po-

1981 2984 2060 3038 nit
2115 2984 2168 3038 in
2231 2985 2471 3049 homine,
2497 2996 2551 3040 et
2583 2985 2818 3040 ﬁrmabit
2847 3000 3064 3040 carnem
3117 2982 3326 3038 brachii
3354 2981 3437 3034 sui
3475 2993 3571 3034 su-

1981 3092 2076 3146 per
2123 3092 2269 3142 eum,
2300 3087 2355 3131 et
2390 3095 2418 3132 a
2453 3078 2681 3132 Domino
2735 3076 2964 3133 recessit
3031 3091 3126 3131 cor
3181 3075 3318 3144 ejus.
3353 3073 3418 3127 Et
3471 3071 3578 3126 erit

1982 3171 2134 3240 quasi
2160 3169 2644 3242 silvesuismyrica
2678 3187 2798 3241 quae
2828 3180 2910 3226 est
2944 3170 2997 3224 in
3027 3169 3244 3224 deserto
3279 3183 3296 3234 ;
3357 3181 3464 3220 non
3500 3167 3577 3217 vi-

1983 3260 2131 3315 debit
2173 3275 2296 3316 cum
2321 3263 2571 3316 venerint
2603 3263 2763 3316 bona.
2783 3260 3107 3316 Benedictus
3139 3261 3300 3313 homo
3324 3257 3417 3327 qui
3447 3269 3579 3309 cou-

1985 3348 2101 3403 ﬁdit
2132 3349 2186 3403 in
2217 3351 2460 3416 Domino,
2486 3353 2660 3406 eterit
2684 3352 2945 3406 Dominus
2981 3350 3177 3405 ﬁducia
3209 3348 3348 3416 ejus,
3383 3357 3438 3401 et
3469 3345 3578 3400 erit

1982 3441 2136 3511 quasi
2171 3441 2372 3511 lignum
2409 3443 2692 3499 abundans
2741 3443 2894 3513 juxta
2942 3458 3134 3512 aquas,
3167 3450 3222 3496 et
3273 3453 3438 3510 super
3471 3438 3577 3492 htt-

1983 3549 2191 3588 morem
2222 3537 2400 3591 mittet
2435 3537 2648 3592 radices
2669 3551 2819 3602 suas,
2853 3545 2908 3590 et
2944 3551 3050 3590 non
3087 3533 3303 3588 timebit
3327 3547 3450 3586 cum
3481 3544 3576 3584 νει

1984 3626 2334 3693 ηοτῐιωειιιε,
2368 3637 2422 3683 et
2454 3629 2508 3683 in
2562 3643 2627 3684 eo
2662 3629 2800 3684 rami
2872 3627 3158 3690 frondosi;
3213 3624 3268 3679 in
3304 3637 3443 3677 anno
3473 3622 3554 3677 sic

1985 3718 2162 3772 citatis
2190 3734 2292 3774 non
2311 3720 2539 3786 timebit,
2558 3729 2611 3776 et
2636 3737 2741 3778 non
2769 3721 2978 3775 desinet
3008 3718 3213 3774 faciens
3232 3714 3576 3770 fructum".»

1986 3806 2177 3862 Melius
2203 3809 2364 3879 igitur
2397 3811 2464 3866 ad
2487 3812 2656 3866 Deum
2683 3827 2743 3866 se
2778 3810 3093 3881 adjungere,
3128 3818 3181 3863 et
3205 3806 3337 3862 illud
3358 3804 3582 3876 sapiens

1987 3899 2189 3954 dictum
2221 3917 2344 3956 cum
2370 3903 2508 3958 bona
2533 3905 2866 3959 conscientia
2899 3918 3160 3973 usurpare
3188 3919 3202 3956 :
3237 3920 3256 3954 ι
3286 3898 3438 3954 Tuus
3458 3911 3580 3954 sum

1987 4005 2112 4062 ego,
2141 3992 2288 4048 salva
2319 4009 2422 4058 me,
2451 3995 2706 4065 quoniam
2750 3994 3170 4063 justiﬁcationes
3222 4001 3344 4047 tuas
3389 3987 3582 4059 exqui-

1990 4083 2090 4137 sivi
2116 4083 2181 4137 ⁵⁸.
2217 4104 2236 4137 ι

254 4185 380 4247 τοῦ,
438 4185 538 4237 καὶ
565 4185 627 4237 ού
661 4181 737 4254 μὴ
782 4180 996 4252 φοϐηθῇ
1048 4181 1177 4234 ὅταν
1208 4179 1336 4250 ἔλθῃ
1367 4176 1574 4247 καῦμα.
1631 4177 1742 4228 Καὶ
1785 4175 1872 4230 ἐπ’
1914 4177 2064 4249 αὐτῷ
2132 4181 2358 4253 στελέχη
2383 4180 2616 4254 ἀλσώδη,
2653 4183 2712 4236 ἐν
2778 4180 3009 4252 ἐνιαυτῷ
3041 4177 3303 4250 ἀϐροχίας
3322 4175 3384 4229 οὐ
3412 4173 3584 4246 φοϐη-

258 4285 525 4354 θήσεται,
563 4279 662 4332 καὶ
686 4279 747 4332 ού
779 4277 1047 4346 διαλείψει
1076 4275 1266 4330 ποιοῦν
1294 4274 1523 4348 καρπόν.
1560 4293 1578 4324 ι
1620 4273 1879 4343 Ἄμεινον
1917 4269 2012 4328 οὖν
2062 4276 2193 4346 ἄρα,
2268 4276 2753 4349 προσοικειοῦσθαι
2780 4276 2918 4349 Θεῷ,
2954 4276 3046 4330 καὶ
3111 4273 3172 4327 τὸ
3203 4271 3370 4342 σοφὸν
3402 4271 3587 4324 ἐκεῖνο

259 4379 451 4445 λέγειν
504 4376 566 4440 ἐξ
603 4374 818 4444 ἀίαθῆς
846 4374 1088 4436 διανοίας
1115 4389 1128 4402 ·
1168 4390 1186 4422 ι
1238 4371 1336 4434 Σὸς
1368 4373 1482 4442 εἰμι
1519 4368 1648 4438 ἐγὼ,
1710 4369 1883 4423 σῶσόν
1927 4389 2017 4442 με,
2049 4368 2221 4430 ὅτιτά
2250 4374 2601 4446 δικαιώματά
2629 4393 2722 4429 σου
2761 4375 3086 4446 ἐξεζήτησα,
3129 4390 3148 4423 ι
3486 4417 3500 4426 ,η

335 4473 505 4526 Διότι
535 4468 652 4538 ἐγὼ
679 4469 797 4530 εἰμι
827 4465 908 4532 ὡς
946 4465 1182 4532 mir-011p
1239 4461 1320 4528 τῷ
1382 4462 1648 4531 Ἐρραῒμ,
1679 4461 1777 4515 καὶ
1809 4461 1880 4527 ὡς

2062 4466 2170 4537 93
2187 4465 2346 4522 Vsus.
2366 4469 2558 4534 14,15.
2583 4469 2722 4534 Quia
2749 4484 2839 4536 ego
2857 4463 3280 4536 quasi‘panthera
3302 4460 3581 4532 Epltraim,

262 4567 429 4621 λέων
456 4562 544 4628 τῷ
590 4563 736 4626 οἴκῳ
781 4559 1000 4623 Ἰούδα,
1036 4560 1135 4613 καὶ
1170 4556 1285 4625 ἐγὼ
1317 4554 1610 4624 ἁρπώμαι,
1646 4554 1745 4607 καὶ
1778 4567 1884 4608 :50-

259 4660 591 4728 ρεύσομαι,
623 4656 721 4709 καὶ
746 4653 1040 4723 λήψομαι,
1068 4651 1167 4705 καὶ
1196 4652 1306 4704 οὐκ
1347 4647 1517 4701 ἔσται
1547 4649 1579 4700 ὀ
1615 4646 1883 4712 ἐξαιρού-

260 4768 476 4822 μενος.
521 4748 924 4817 Πορεύσομαι,
950 4745 1048 4799 καὶ
1083 4741 1431 4812 ἐπιστρέψω
1460 4743 1546 4806 εἰς
1568 4740 1674 4793 τὸν
1695 4740 1884 4792 τόπον·

261 4862 410 4914 μου,
447 4841 565 4907 ἕως
594 4836 666 4896 οὗ
697 4837 1099 4910 ἀφα-νισΰῶσι.

341 4938 423 4992 Ξ’.
490 4934 735 5004 Ἐναργῆ
769 4933 1062 5002 καθίστησι
1114 4930 1214 5000 τὴν
1246 4927 1426 4982 αἰτίαν
1477 4927 1544 4981 δι’
1570 4927 1632 4998 ἣν
1671 4923 1887 4992 ὤνησαν

273 5031 376 5102 μὲν
409 5029 571 5083 οὐδὲν
611 5029 661 5080 οἱ
705 5026 784 5097 τῷ
830 5024 1077 5095 Ἑιρραῒμ
1121 5021 1519 5092 ἐπαμύνοντες,
1583 5019 1644 5072 ού
1699 5018 1886 5072 διαπε-

269 5124 560 5178 παύσεται
583 5121 641 5173 δέ
671 5120 738 5174 τὰ
769 5120 868 5191 τῆς
897 5119 1088 5188 ὀδύνης
1133 5117 1338 5180 αὐτοῖς.
1368 5134 1385 5166 ι
1425 5113 1567 5184 Ἐγὼ
1607 5113 1716 5184 γάρ
1752 5112 1889 5181 εἰμι,

271 5217 451 5287 sint.
523 5215 601 5278 ὡς
655 5212 876 5282 «tivam
919 5211 996 5282 τῷ
1059 5208 1320 5280 Ἐφραῒμ,
1359 5207 1453 5262 και
1508 5207 1585 5269 ὡς
1642 5205 1780 5258 λέων
1814 5202 1892 5274 τῷ

268 5311 413 5381 οἴκῳ
465 5307 663 5361 Ἰούδα.
707 5324 726 5358 ι
765 5304 1040 5376 Πρόδηλον
1076 5299 1192 5369 05),
1219 5303 1300 5354 ὅτι
1325 5299 1460 5353 Θεοῦ
1495 5297 1890 5369 παραλύοντος,

271 5409 302 5460 ὁ
331 5405 533 5458 σώσων
555 5400 786 5464 ούδείς.ι
823 5399 934 5469 Τὴν
962 5397 1071 5469 γὰρ
1099 5400 1257 5468 χεῖρα
1285 5395 1378 5465 τὴν
1399 5392 1610 5463 ὑψηλὴν
1657 5390 1739 5453 τίς
1759 5390 1890 5442 ἁπο-

1447 5393 1458 5425 l
1466 5422 1468 5424 .

1447 5447 1458 5461 Α

277 5497 517 5570 στρέψει
541 5512 555 5562 ;
587 5494 765 5548 »κατὰ
786 5494 845 5546 τὸ
876 5490 1416 5562 γεγραμμένον.”οτι
1438 5487 1491 5540 δὲ
1515 5486 1608 5539 καὶ
1633 5484 1894 5555 ἡμερότη-

272 5611 368 5656 τος
396 5591 623 5661 ἁπάσης
648 5585 1019 5661 ἐξῃρημένης,
1048 5583 1115 5637 τὰ
1148 5583 1233 5636 ἐπ’
1263 5583 1447 5642 αὐτοῖς
1481 5577 1738 5648 γενέσθαι
1759 5593 1894 5644 συμ-

355 5782 402 5814 ⁵³
438 5780 602 5839 Οεενρ,
644 5777 854 5839 vu,ll.
931 5773 975 5804 “it
1019 5771 1082 5824 IV
1116 5773 1245 5841 Reg.
1283 5786 1369 5837 xv,
1411 5767 1487 5820 l0.

277 5872 377 5909 cu
414 5868 497 5916 ill,
539 5850 628 5904 56.
706 5851 752 5880 ⁵⁸
787 5852 889 5899 lsa.
928 5860 1035 5906 xlv,
1062 5843 1151 5895 827.

1571 5765 1612 5797 ⁵³
1657 5763 1719 5817 l\'
1757 5762 1865 5830 Reg
1921 5778 2022 5820 ττι,
2070 5761 2114 5816 7.

1988 4567 2036 4610 et
2071 4559 2224 4626 quasi
2250 4559 2328 4612 leo
2353 4561 2533 4612 domui
2563 4558 2734 4624 Judn,
2768 4566 2815 4610 et
2846 4573 2938 4626 ego
2965 4554 3190 4624 rapiant,
3212 4561 3263 4605 et
3299 4550 3513 4612 vadum,
3536 4555 3585 4602 ct

1992 4650 2198 4715 (etiam,
2228 4657 2276 4702 et
2309 4665 2411 4703 non
2438 4649 2538 4703 erit
2576 4649 2665 4718 qui
2702 4656 2875 4701 eruat.
2915 4644 3034 4710 Ibo,
3066 4653 3112 4697 et
3145 4649 3376 4696 revertar
3409 4637 3464 4692 in
3497 4636 3585 4690 lo-

1992 4759 2107 4795 cum
2140 4758 2334 4808 meum,
2365 4745 2528 4797 donec
2559 4744 2880 4812 dispeream.

2061 4919 2176 4974 LX.
2214 4919 2555 4975 Manifestum
2602 4919 2760 4976 aﬂ'ert
2803 4918 3065 4974 rationem
3130 4929 3300 4987 quare
3331 4911 3589 4984 Ephraim

1991 5013 2250 5068 auxilium
2285 5012 2524 5068 ferentes
2556 5013 2689 5068 nihil
2742 5010 3132 5082 promoverint,
3163 5019 3216 5063 et
3257 5021 3364 5062 non
3395 5017 3582 5060 cessa-

1997 5117 2150 5162 turus
2175 5107 2250 5163 sit
2279 5107 2347 5162 ab
2370 5108 2448 5164 eis
2474 5105 2632 5162 dolor
2665 5120 2875 5162 eorum.
2913 5123 2932 5157 ι
2957 5102 3069 5174 Ego
3103 5102 3247 5157 enim
3273 5115 3417 5163 sum,
3447 5115 3465 5150 ›
3504 5096 3593 5150 in-

1997 5201 2128 5270 quit,
2153 5213 2172 5247 ι
2201 5197 2457 5265 Ephraim
2485 5208 2539 5253 ut
2559 5200 2840 5272 panthera,
2871 5207 2925 5254 et
2947 5208 3006 5253 ut
3052 5200 3136 5252 leo
3164 5192 3347 5249 domui
3377 5187 3533 5245 Juda.
3567 5206 3585 5238 ι

1998 5293 2191 5363 Liquet
2227 5308 2379 5363 ergo,
2402 5295 2508 5349 Deo
2543 5295 2799 5365 pet-dente
2828 5293 3095 5347 neminem
3132 5288 3248 5343 fore
3275 5284 3368 5356 qui
3397 5282 3592 5339 salvet.

2006 5408 2023 5439 ι
2049 5387 2256 5442 Manum
2291 5388 2434 5442 enim
2467 5387 2734 5443 excelsam
2766 5387 2887 5456 quis
2922 5394 3132 5439 avertet
3150 5383 3196 5415 "
3218 5381 3241 5436 ?
3265 5399 3283 5432 ι
3339 5387 3399 5434 ut
3453 5377 3582 5432 scri-

2005 5492 2152 5546 ptum
2179 5487 2280 5534 cst.
2305 5479 2612 5548 Contigisse
2637 5489 2816 5532 autem
2838 5478 2943 5532 illis
2974 5491 3093 5546 quae
3112 5473 3476 5543 contigerunt,
3502 5467 3596 5523 de-

2005 5574 2164 5627 sertis
2215 5573 2280 5627 ab
2330 5573 2474 5626 onmi
2519 5574 2801 5627 clementia
2838 5570 2972 5636 Dei,
3010 5567 3108 5624 sub
3136 5567 3464 5628 velamento,
3502 5561 3600 5615 int—-

2198 5764 2237 5793 5“-
2283 5758 2425 5816 I‘sztl.
2453 5775 2618 5826 cxvn,
2649 5758 2772 5825 8,9.
2851 5758 2893 5788 ⁸⁷
2924 5756 3028 5816 Jtil‘.
3066 5770 3196 5820 Χνιιι
3229 5750 3342 5808 ἃδε
3376 5749 3421 5781 ³⁸
3450 5742 3596 5802 Ρδίδι³
