4094 6484
545 372 650 430 159

1534 374 1593 430 S.
1634 374 1903 431 CYRILLI
1944 375 2414 432 ALEXANDRINI
2453 376 2775 432 ARCIIIEP.

3703 373 3811 430 160

547 499 731 560 petum
793 502 947 543 suum
1002 487 1328 544 terribilibus
1376 489 1874 561 robustissimisqne
1931 494 2121 549 belluis

2250 493 2476 564 ἷέϐηκεν,
2509 494 2785 564 ύπέφηνεν
2825 491 3264 561 αἰνιγματωδῶς,
3296 491 3407 551 τοῖς
3455 488 3537 540 ὅτι
3573 486 3816 556 μάλιστα

550 594 871 648 comparans
898 580 1241 650 signiﬁcavit.
1278 579 1547 635 Panthera
1578 583 1722 637 enim
1751 584 2125 642 incitatissimo

550 685 712 724 cursu
755 670 926 724 fertur
952 673 1006 725 in
1042 686 1180 740 quos
1204 672 1339 736 vult,
1375 676 1618 743 adeoque
1662 676 1762 730 levi
1796 679 1928 746 pede
1977 680 2121 747 salit,

551 770 610 816 ut
634 763 719 815 vix
752 762 1038 832 vestigium
1068 763 1188 833 ejus
1214 774 1487 832 cernatur,
1504 781 1677 834 neque
1711 770 1875 825 ullum
1913 771 2124 842 signum

553 852 702 907 banti
739 853 1025 923 relinquat.
1056 856 1150 910 Ast
1170 856 1261 921 leo
1280 859 1623 912 tremendum
1664 862 1878 930 quidem
1908 873 1960 917 et
1995 864 2126 919 hor-

554 945 796 1000 risonum
853 948 906 1000 in
952 947 1226 1003 montibus
1274 949 1450 1018 rugit,
1512 954 1729 1006 touitrui
1781 954 1986 1021 instar,
2032 964 2127 1010 ‘au-

554 1036 869 1107 dientesque
907 1038 1146 1106 percellit
1192 1041 1611 1109 quodammodo.
1649 1045 1732 1097 Ait
1756 1045 1934 1100 enim:
1974 1066 1992 1097 ι
2020 1047 2128 1103 Leo

555 1126 751 1193 rugiet,
784 1136 838 1181 et
879 1129 998 1196 quis
1036 1144 1137 1182 non
1191 1130 1546 1185 timebit“?i
1586 1135 1697 1188 Nec
1735 1135 1849 1203 ejus
1880 1153 2129 1194 accessus

556 1216 752 1282 arceri,
792 1226 846 1270 et
892 1218 972 1271 vis
1005 1218 1306 1273 invadentis
1354 1221 1638 1280 difﬁculter
1686 1226 1867 1295 repelli
1926 1239 2123 1298 potest.

556 1306 710 1371 Quod
754 1309 1094 1377 corripuerit,
1133 1310 1274 1366 illico
1316 1316 1638 1381 perdit,nee
1683 1318 1969 1388 quisquam
2014 1320 2130 1389 ejus

558 1399 827 1468 unguibus
866 1401 1186 1470 implicitum
1218 1405 1449 1459 auferat.
1490 1406 1815 1464 Pautheram
1846 1427 2007 1480 porro
2040 1427 2133 1469 ce-

557 1487 770 1544 leritate
793 1491 969 1546 valere
995 1501 1051 1547 et
1072 1495 1187 1548 vola
1199 1511 1255 1550 re
1286 1500 1667 1566 propemodum
1692 1503 1868 1570 praeda
1898 1504 2128 1573 direpta;

556 1578 766 1633 leonem
808 1581 1032 1637 bestiam
1067 1600 1188 1639 esse
1222 1588 1475 1655 validam,
1511 1589 1947 1659 imperterritam,
1979 1596 2134 1666 cujus

556 1683 812 1727 occursus
844 1674 1196 1743 periculosus,
1228 1679 1339 1747 ipse
1378 1682 1612 1736 Ostendit
1658 1697 1780 1737 cum
1810 1685 2087 1755 subiungit
2117 1707 2129 1741 :

562 1781 580 1810 ι
614 1761 677 1815 Ει
705 1778 805 1832 ego
853 1768 1080 1835 rapiant,
1116 1780 1169 1824 et
1209 1772 1420 1838 vadam,
1451 1784 1503 1828 et
1532 1774 1749 1841 tollam;
1778 1784 1834 1831 el.
1884 1791 1988 1831 non
2033 1780 2136 1833 erit

558 1852 650 1919 qui
686 1865 861 1912 eruat.
895 1875 912 1907 ι
946 1857 1060 1913 Hoc
1089 1861 1231 1914 enim
1269 1862 1483 1918 leonum
1517 1866 1694 1922 robori
1744 1872 1991 1925 convenit
2014 1890 2026 1926 :
2052 1883 2136 1926 ast

561 1944 712 2011 illud,
747 1963 764 1995 ι
792 1946 1040 2016 Rapiat",
1076 1961 1129 2003 et
1164 1953 1374 2017 vatiam,
1402 1965 1457 2009 et
1503 1957 1728 2022 tollam,»
1760 1964 2021 2030 panthera
2056 1964 2138 2017 fa-

561 2037 657 2098 cit,
699 2046 757 2090 ut
785 2036 917 2092 dixi.
953 2039 1104 2105 Quod
1135 2052 1313 2097 autem
1350 2045 1606 2102 Dominus
1647 2064 1742 2105 eos
1768 2066 1796 2104 a
1826 2052 2020 2120 quibus
2053 2054 2138 2108 of-

563 2125 746 2182 fensus
778 2139 860 2185 est
888 2133 1200 2190 dcserturus
1252 2137 1345 2200 sit,
1380 2146 1434 2191 et
1466 2140 1722 2194 auxilium
1751 2158 1885 2211 pene
1925 2145 2141 2199 subtra-

564 2228 773 2285 cturus,
796 2221 1234 2281 etbenevolentia
1270 2242 1367 2281 sua
1399 2243 1493 2284 eos
1526 2231 1854 2298 privaturus,
1885 2234 2143 2291 indicavit

566 2309 669 2363 illis
699 2310 897 2378 verbis,
926 2333 944 2365 ι
971 2314 1159 2381 Ibo,et
1192 2330 1432 2374 revertar
1458 2322 1510 2373 in
1545 2322 1720 2378 locum
1754 2338 1950 2392 meum,
1971 2327 2141 2384 donec

566 2403 893 2471 dispereant.
926 2425 945 2458 ι
980 2406 1135 2463 Nullo
1168 2411 1381 2479 quidem
1419 2413 1582 2470 modo
1624 2415 1881 2471 divinitas
1912 2419 2029 2473 loco
2054 2420 2142 2474 iti-

565 2491 800 2548 cluditur
828 2512 889 2550 ae
908 2497 1181 2554 definitur.
1210 2501 1316 2556 Sed
1345 2505 1537 2560 adesse
1571 2506 1894 2574 quibusdam
1922 2510 2142 2578 dicitur,

565 2595 687 2635 cum
719 2600 812 2639 eos
847 2590 1019 2655 gratia
1047 2602 1097 2645 et
1129 2591 1313 2649 favore
1342 2610 1438 2649 suo
1470 2598 1670 2653 donat:
1708 2599 1903 2656 abesse
1930 2618 2143 2658 rursum

566 2674 634 2728 ab
661 2665 729 2731 ut;
762 2678 852 2746 qui
891 2695 1271 2749 peccaverunt,
1295 2691 1510 2756 quando
1546 2706 1640 2745 eos
1670 2702 1975 2760 aversatur,
2013 2695 2145 2751 leni-

567 2774 842 2839 tatemque
872 2787 1023 2825 suam
1059 2775 1187 2843 ipsis
1221 2780 1456 2834 tribuere
1481 2783 1698 2839 desinit.
1729 2784 1801 2839 De
1847 2784 1956 2841 Deo
1998 2788 2144 2842 enim

570 2874 721 2914 more
750 2863 984 2919 humano
1022 2865 1298 2935 loquitur;
1326 2871 1418 2925 sed
1454 2887 1514 2925 ea
1555 2882 1711 2943 prout
1754 2875 1825 2929 illi
1859 2885 2147 2933 consenta-

574 2969 734 3008 neum
764 2967 850 3012 est
874 2957 1245 3031 intelligimus.

571 3222 686 3279 Iuli.

644 3313 780 3371 LXI.
814 3316 1141 3389 lmpotenter
1166 3322 1232 3376 ad
1268 3322 1472 3377 nefaria
1501 3323 1918 3392 declinantibus,
1944 3335 1999 3382 et.
2035 3329 2153 3384 sine

576 3409 680 3463 line
709 3425 933 3478 peccare
946 3412 1117 3468 solitis
1152 3431 1256 3469 non
1284 3423 1506 3479 temere,
1531 3419 1625 3473 sed
1655 3419 1724 3474 ad
1750 3419 2035 3476 utilitatem
2060 3437 2151 3492 po-

577 3499 704 3564 tius,
735 3513 789 3557 et
818 3512 1075 3573 tauquam
1110 3506 1436 3562 medicinam
1467 3524 1497 3562 a
1535 3510 1643 3566 Deo
1670 3526 2040 3581 saepenumero
2072 3515 2154 3568 in-

574 3592 854 3647 commoda
896 3594 1201 3663 importari,
1232 3598 1423 3652 iterum
1452 3598 1564 3671 94
1590 3601 1766 3656 decet.
1804 3601 2153 3674 Contempto-

577 3696 661 3736 res
689 3685 831 3738 enim
861 3686 1055 3740 divinae
1092 3690 1520 3744 mansuetudinis
1557 3700 1612 3745 et
1644 3691 1955 3762 ignorantes
1982 3711 2040 3751 se
2089 3697 2155 3751 ad

577 3772 947 3838 paenitentiam
995 3784 1105 3829 tam
1138 3776 1438 3833 incredibili
1469 3780 1750 3837 tolerantia
1797 3785 2037 3851 invitari,
2071 3786 2158 3840 in-

575 3861 903 3919 flammatam
939 3866 1059 3936 ejus
1093 3868 1228 3922 iram
1283 3886 1388 3925 non
1437 3871 1693 3942 effugient
1738 3875 1847 3931 ullo
1898 3881 2056 3934 modo
2074 3879 2155 3946 ⁶¹;

577 3955 822 4024 quinimo
857 3958 1184 4015 calamitatis
1229 3962 1524 4020 acerbitate
1571 3966 1728 4022 fracti
1771 3982 1835 4023 ac
1871 3969 2157 4037 debilitati,

578 4046 707 4115 quid
735 4048 835 4103 sibi
879 4052 1146 4107 conducat
1174 4052 1509 4126 intelligent:
1547 4067 1601 4112 et
1637 4059 1834 4127 quibus
1868 4060 1999 4114 nihil
2029 4076 2158 4130 pro-

579 4137 685 4195 fuit
709 4140 1138 4213 benignitas,eos
1164 4147 1231 4204 ad
1266 4149 1513 4205 notitiam
1545 4150 1794 4206 utilitatis
1823 4166 1934 4206 suae
1960 4167 2160 4207 terum-

579 4247 773 4287 narum
800 4235 1059 4305 supplicia
1092 4238 1374 4295 inducunt.
1407 4241 1875 4308 Quemadmodum
1908 4243 2052 4297 enim
2078 4243 2161 4297 af-

580 4320 752 4391 fectus
785 4339 1071 4394 corporum
1103 4331 1474 4398 graviores,et
1506 4331 1716 4385 leuibus
1751 4332 2165 4388 medicamentis

582 4400 687 4467 non
725 4415 998 4485 cedentes,
1032 4418 1141 4489 igni
1171 4419 1421 4489 ferroque
1458 4419 1768 4489 frequenter
1796 4432 2160 4490 superantur:

2222 586 2415 648 δεινοῖς
2464 584 2556 637 καὶ
2601 584 3002 654 ἀλκιμωτάτοις
3050 580 3259 650 θηρίοις
3310 580 3410 649 τὴν
3454 578 3662 630 οἰκείαν
3712 580 3811 646 ὀρ-

2228 675 2335 747 μὴν
2363 676 2731 747 παρεικάζων.
2787 676 2847 729 '0
2879 675 2975 744 μὲν
3008 672 3116 742 γὰρ
3151 670 3369 753 πάνθηρ
3400 668 3645 738 ὀξυτάτῳ
3685 668 3815 721 λίαν

2227 769 2347 822 καθ’
2369 764 2444 822 ὧν
2470 769 2536 823 ἀν
2562 769 2734 823 ἕλοιτο
2766 770 2990 837 φέρεται
3024 766 3229 836 δρόμῳ,
3267 763 3523 832 ἐλαφροῖς
3547 761 3605 815 δὲ
3634 759 3816 825 οὕτως

2226 860 2376 931 ᾄττει
2407 860 2582 927 ποσὶν,
2609 861 2685 924 ὡς
2702 860 2835 931 μηδὲ
2866 861 3034 929 ίχνοις
3065 854 3295 926 ὁρᾶσθαι
3319 853 3463 925 τάχα
3496 870 3623 917 που,
3659 853 3803 923 μήτε

2230 953 2337 1025 μὴν
2363 951 2783 1024 ἐνσημαίνεσθαι
2811 968 2863 1004 τι
2891 951 2959 1020 τῇ
2997 949 3089 1018 γῇ.
3133 946 3191 1001 '0
3239 946 3296 999 δὲ
3333 945 3470 998 λέων
3521 942 3812 1016 ἐρεύγεται

2231 1044 2331 1114 μὲν
2371 1044 2428 1097 ὲν
2469 1046 2583 1106 τοῖς
2619 1042 2771 1112 ὄρεσι
2811 1041 3001 1106 δεινὸν,
3048 1040 3141 1093 καὶ
3182 1038 3478 1109 διαὸριθὲς,
3519 1036 3614 1089 καὶ
3648 1035 3814 1105 βρον-

2226 1136 2293 1205 τῇ
2334 1133 2731 1204 παραπλήσιον.
2784 1133 2878 1186 καὶ
2943 1130 3345 1201 καταπλήττειν
3398 1123 3510 1182 οἷόν
3554 1144 3613 1180 τε
3664 1127 3797 1188 τοὺς

2229 1222 2975 1293 ἀκροωμένους-«Λέωνγὰρ,
3021 1223 3207 1293 φησὶν,
3257 1219 3562 1291 ὲρεύξεται,
3593 1218 3686 1271 καὶ
3724 1216 3816 1278 τίς

2229 1315 2290 1369 ού
2333 1314 2731 1386 φοϐηθήσεταν
2766 1333 2784 1365 ι
2822 1314 3033 1385 ἄμαχον
3082 1312 3139 1365 δὲ
3182 1311 3366 1382 ἔφοδον
3389 1310 3524 1381 ἔχει,
3554 1310 3649 1361 xui.
3682 1307 3823 1375 σφό-

2229 1407 2329 1476 δρα
2356 1406 2680 1476 δυσάντητον
2705 1405 2803 1474 τὴν
2840 1404 3039 1475 ὁρμήν.
3067 1403 3128 1454 Εἰ
3158 1400 3215 1454 δὲ
3261 1400 3326 1470 δή
3365 1418 3417 1453 τι
3446 1398 3621 1460 λάϐοι,
3649 1395 3819 1449 τοῦτο

2230 1498 2477 1552 διόλωλεν
2537 1497 2717 1562 εὐθὺς,
2773 1497 2865 1551 καὶ
2916 1496 3016 1548 οὐκ
3076 1494 3142 1547 ἂν
3192 1490 3429 1559 ἐξέλοιτο
3481 1485 3643 1553 τιςτδ
3671 1488 3822 1538 ἐνει-

2232 1585 2575 1659 λημ[μ]ἐνον.
2602 1587 2724 1638 Ὀτι
2763 1584 2818 1637 δὲ
2865 1583 3049 1654 θηρίον
3085 1582 3178 1648 ὀξὺ
3221 1582 3249 1634 ὁ
3302 1579 3539 1650 πάνθηρ,
3571 1575 3822 1646 ἀφίπτασ-

2232 1698 2321 1734 ται
2350 1681 2407 1732 δὲ
2439 1678 2648 1749 ὥσπερ,
2680 1676 2739 1730 τὸ
2774 1676 3030 1745 ὲπιτυχὺν
3071 1672 3322 1745 ἀρπάσας
3348 1687 3362 1702 ⁸
3406 1670 3713 1741 ἄθραυστον
3760 1666 3826 1719 δὲ

2234 1774 2444 1844 χρῆμα,
2472 1770 2565 1824 καὶ
2597 1768 2771 1833 ἀδεὲς,
2803 1767 2898 1821 καί⁵
2926 1767 3256 1836 δυσάντητον
3283 1765 3312 1817 ὁ
3343 1762 3479 1815 λέων
3517 1760 3683 1825 ἐστὶν,
3716 1758 3827 1812 αὐ-

2237 1865 2327 1927 τὸς
2360 1862 2673 1935 παρέδειξεν
2722 1859 2991 1913 ἐπειπών·
3031 1877 3050 1909 ι
3087 1856 3197 1911 Καὶ
3228 1854 3339 1925 ἐγὼ
3380 1854 3663 1925 ἀρπῶμαι,
3720 1852 3829 1905 καὶ

2238 1955 2597 2026 πορεύσομαι,
2631 1955 2722 2005 καὶ
2750 1952 3016 2021 λήψομαι,
3043 1950 3135 2003 καὶ
3166 1949 3267 2002 οὐκ
3300 1947 3451 2001 ἔσται
3494 1944 3830 2015 ἐξαιρούμε-

2238 2065 2347 2112 νος.
2363 2066 2379 2098 ι
2401 2049 2458 2100 ’Λ
2468 2045 2775 2119 ρμόζειγάρ
2785 2044 2943 2097 τοῦτο
2964 2045 3030 2113 τῇ
3048 2042 3278 2094 λεόντων
3298 2040 3458 2110 ἀλκῇ·
3479 2037 3540 2089 τὸ
3562 2036 3639 2100 δὲ,
3653 2056 3670 2086 ι
3694 2035 3831 2104 ’Λρ-

2241 2141 2455 2212 πῶμαι.
2499 2141 2592 2194 καὶ
2617 2136 2977 2209 πορεύσομαι,
3019 2154 3035 2186 ι
3057 2132 3308 2204 δράσειεν
3342 2130 3407 2184 ἂν
3431 2131 3459 2183 ὁ
3489 2126 3723 2196 πάνθηρ,
3744 2124 3831 2186 ὡς

2240 2229 2397 2300 ἔφην.
2428 2228 2554 2281 ’Ὁτι
2599 2228 2655 2280 δὲ
2695 2226 2790 2280 καὶ⁹
2829 2224 3186 2294 ἀποφοιτήσει
3230 2220 3339 2274 τῶν
3381 2216 3773 2285 λελυπηκότων
3803 2215 3833 2266 ὁ

2242 2322 2465 2393 Κύριος,
2494 2322 2586 2374 καὶ
2614 2318 2894 2392 μονονουχὶ
2931 2316 3178 2370 συστελεῖ
3203 2315 3305 2385 τὴν
3342 2310 3682 2383 ἐπικουρίαν,
3725 2307 3833 2361 καὶ

2242 2411 2605 2481 ἀποστερήσει
2623 2410 2683 2462 τὸ
2703 2407 2948 2478 εὐμενὲς,
2976 2405 3407 2477 διαμεμὴνυκεν,
3431 2402 3619 2456 εἰπών’
3658 2420 3675 2451 ι
3718 2401 3835 2452 Πο-

2248 2502 2532 2573 ρεύσομαι,
2562 2502 2657 2555 καὶ
2686 2502 2999 2572 ἐπιστρέψω
3034 2502 3115 2563 εἰς
3143 2499 3235 2551 τὸν
3274 2496 3440 2549 τόπον
3473 2512 3597 2566 μου,
3624 2493 3727 2555 ἕως
3762 2484 3832 2545 οὗ

2244 2593 2605 2663 ἀφάνισθῶσι.
2630 2612 2648 2643 ι
2683 2592 2844 2661 Τόπῳ
2875 2592 2972 2662 μὲν
2995 2590 3105 2659 γὰρ
3133 2586 3516 2659 ἀπεριόριστον
3544 2580 3834 2643 παντελῶς

2244 2687 2305 2740 τὸ
2327 2686 2480 2739 Θεῖόν
2514 2686 2661 2738 ἐστι·
2691 2687 2943 2755 παρεῖναι
2976 2682 3034 2735 δὲ
3063 2680 3283 2749 λέγεταί
3314 2694 3478 2741 τισιν,
3510 2677 3640 2729 ὅταν
3667 2671 3838 2743 χαρί-

2245 2779 2406 2849 ζηται
2439 2777 2537 2849 τὴν
2558 2777 2846 2846 εὐμένειαν
2868 2792 2881 2802 ·
2915 2773 3131 2827 ἀπεῖναι
3167 2770 3225 2823 δὲ
3256 2762 3323 2821 αὖ
3353 2765 3460 2819 τῶν
3503 2761 3838 2835 ἡμαρτηκό-

2244 2888 2372 2936 των,
2414 2872 2541 2923 ὃταν
2570 2869 2767 2931 αὐτοὺς
2798 2864 3230 2936 ἀποστρέφηται,
3281 2859 3375 2914 καὶ
3404 2858 3686 2925 ἀνακόπτῃ
3725 2855 3840 2924 τὴν

2248 2962 2581 3035 ἡμερότητα.
2627 2959 2882 3013 Λαλεῖται
2928 2958 3025 3027 μὲν
3066 2955 3174 3025 γὰρ
3211 2951 3568 3025 ἀνθρωπίνως
3600 2946 3669 3001 τά
3697 2945 3839 3015 περὶ

2247 3052 2404 3116 Θεοῦ,
2430 3052 2628 3107 νοεῖταί
2656 3068 2719 3120 γε
2757 3050 2891 3121 μὴν,
2913 3048 2990 3112 ὡς
3013 3045 3081 3102 ἂν
3110 3044 3258 3115 αὑτῷ
3295 3042 3516 3113 πρέποι.

646 3128 711 3185 Et
770 3134 1032 3204 requirent
1088 3138 1276 3207 faciem
1338 3156 1504 3194 meum
1567 3158 1685 3196 cum
1734 3144 1926 3211 fuerint
1986 3147 2145 3201 tribu-

2324 3146 2434 3200 Καί
2465 3138 2890 3212 ἐπιζητήσουὰι
2926 3141 2991 3195 τὸ
3019 3136 3348 3207 πρόσωπόν
3379 3151 3501 3204 μου
3530 3130 3676 3185 ὅταν
3705 3132 3839 3184 θλι-

2252 3236 2460 3291 ϐῶσιν.

2323 3328 2443 3383 EA'.
2503 3328 2623 3381 ’Ότι
2665 3325 2739 3397 μὴ
2779 3323 2903 3393 εἰκῆ
2934 3323 3045 3385 τοῖς
3099 3319 3353 3391 ἀχάλινον
3391 3316 3604 3387 ἔχουσιν
3639 3312 3737 3366 ἐπὶ
3774 3311 3842 3364 τὰ

2253 3421 2449 3492 αίσχίω
2494 3419 2590 3489 τὴν
2626 3417 2817 3491 ῥοπὴν,
2875 3416 2969 3469 καθ.
3013 3416 3125 3476 τοῖς
3174 3409 3570 3479 ἀκαταλήκτως
3616 3403 3843 3457 εἰωθόσι

2256 3502 2597 3586 πλημμελεῖν
2625 3510 2950 3579 ἐπιφέρεται
2972 3505 3229 3568 πολλάκις,
3254 3501 3405 3575 παρά
3420 3498 3555 3553 Θεοῦ
3574 3497 3643 3551 τά
3664 3495 3840 3561 δεινὰ,

2256 3606 2392 3676 πρὸς
2426 3604 2692 3674 ὠφελείας
2725 3602 2781 3655 δὲ
2814 3599 3033 3671 μᾶλλον,
3060 3597 3155 3651 καὶ
3184 3597 3258 3659 ὡς
3285 3596 3342 3648 ὲν
3372 3594 3603 3663 ἰάματος
3624 3589 3842 3660 τρόπῳ,

2256 3700 2497 3755 διδάσκει
2532 3696 2715 3750 πάλιν.
2741 3695 2805 3747 Οί
2836 3691 2947 3762 γὰρ
2984 3690 3084 3758 τῆς
3133 3685 3282 3749 θείας
3313 3682 3651 3755 ἡμερότητος
3678 3697 3847 3733 κατα-

2258 3789 2546 3864 φρονηταὶ,
2584 3786 2679 3840 καὶ
2706 3781 3040 3854 ἠγνοηκότες
3065 3783 3146 3833 ὅτι
3171 3778 3328 3832 καλεῖ
3362 3776 3498 3847 πρὸς
3556 3772 3846 3843 μετάγνω-

2261 3901 2346 3937 σιν
2378 3881 2437 3935 τὸ
2465 3881 2563 3951 τῆς
2594 3876 2947 3944 ἀνεξικακίας
2978 3872 3230 3945 μέγεθος,
3252 3869 3362 3924 τῶν
3388 3868 3449 3933 ἐξ
3479 3865 3648 3937 ὀργῆς
3685 3881 3849 3933 κινηο

2265 3976 2450 4047 μάτων
2508 3972 2569 4026 οὐ
2633 3967 2974 4042 περιέσονταί
3018 3966 3183 4019 ποθεν
3228 3981 3241 3994 ·
3279 3958 3742 4033 περιθραυόμενοι
3796 3956 3850 4007 δὲ

2267 4066 2466 4138 μᾶλλον
2510 4065 2577 4134 τῇ
2619 4063 2716 4134 τῆς
2770 4060 3056 4129 συμφορᾶς
3105 4055 3414 4127 ἀγριότητι,
3463 4050 3525 4103 τὸ
3565 4047 3852 4118 συμφέρον

2265 4156 2686 4228 ὲπιγινώσκουσι
2704 4171 2716 4183 '
2749 4154 2843 4207 καὶ
2863 4152 2956 4217 οὓς
2975 4151 3129 4206 οὐδὲν
3152 4150 3362 4219 ὤνησεν
3381 4147 3416 4216 ἡ
3442 4139 3847 4212 φιλανθρωπία,

2267 4250 2403 4323 πρὸς
2440 4249 2541 4320 τὴν
2568 4247 2660 4301 τοῦ
2698 4247 3069 4317 συμφέροντος
3099 4242 3366 4313 ἀποφέρει
3387 4236 3588 4307 γνῶσιν
3620 4232 3683 4286 τὸ
3712 4247 3850 4286 κατ-

2267 4339 2591 4406 αικίζεσθαι.
2638 4338 2738 4393 Ὃν
2784 4337 2893 4407 γάρ
2952 4337 3152 4406 τρόπον
3194 4332 3264 4386 τὰ
3317 4333 3376 4385 ὲν
3423 4332 3534 4393 τοῖς
3595 4326 3847 4397 σώμασιν

2268 4433 2616 4507 ἀγριαίνοντα
2646 4431 2757 4485 τῶν
2782 4428 2987 4488 παθῶν,
3014 4427 3109 4481 καὶ
3133 4428 3234 4480 ὅσα
3264 4424 3339 4496 μὴ
3365 4426 3477 4486 τοῖς
3500 4421 3685 4491 ἠπίοις
3709 4419 3853 4471 εἴκει

581 4506 795 4571 eodem,
823 4509 1036 4577 Opinor,
1073 4512 1233 4566 modo
1258 4527 1322 4565 ac
1357 4511 1568 4566 ratione
1600 4512 1882 4570 animabus
1912 4513 2145 4570 humani:

2274 4524 2604 4596 φαρμάκοις,
2637 4521 2768 4593 πυρὶ
2789 4521 2881 4574 καὶ⁵
2909 4519 3109 4591 σιδήρῳ
3139 4517 3356 4570 νικᾶται
3382 4512 3642 4572 πολλάκις
3666 4526 3680 4541 ·
3709 4508 3853 4562 κατά

582 4591 806 4653 allectus
845 4613 939 4655 seu
978 4601 1108 4655 vitia
1149 4601 1521 4671 contingentia
1565 4602 1668 4657 nisi
1709 4603 1929 4659 mitibus
1977 4606 2158 4664 verbis

582 4689 797 4755 cedant,
817 4700 870 4745 et
901 4694 1149 4760 prudenti
1185 4694 1598 4750 ratiocinatione
1622 4696 1927 4766 vincantur,
1954 4698 2156 4756 labori-

582 4782 706 4846 bus,
727 4793 783 4839 et
815 4784 1062 4857 ﬂagellis,
1087 4797 1142 4842 et
1175 4787 1335 4842 saevis
1366 4788 1767 4846 calamitatibus
1795 4791 2156 4861 depelluntur.

584 4871 954 4934 Trihulatione
991 4879 1159 4946 igitur
1199 4881 1397 4948 pressi,
1430 4889 1542 4936 tum
1573 4882 1661 4936 vix
1701 4883 1934 4950 laudent,
1965 4887 2160 4957 inquit,

591 4984 609 5016 ι
632 4964 824 5022 faciem
866 4984 1043 5025 meam
1078 4971 1375 5039 requirent.
1402 4990 1422 5025 ι
1456 4971 1591 5028 Cum
1627 4974 1771 5029 enim
1810 4976 1948 5031 bona
1980 4978 2032 5032 in
2069 4993 2162 5048 po-

588 5066 780 5112 testate
817 5070 963 5126 sunt,
991 5062 1235 5119 homines
1272 5063 1643 5133 imprudentes
1680 5067 1812 5137 ipsis
1853 5071 2048 5139 gaudia
2079 5071 2163 5127 fa-

587 5151 817 5205 cientem
849 5168 955 5206 non
985 5153 1216 5208 multum
1242 5156 1539 5212 curant.At
1567 5158 1611 5211 si
1640 5159 1992 5228 optatissimis
2006 5176 2167 5217 exua-

588 5257 733 5309 mur,
761 5251 870 5297 tum
908 5260 1037 5300 vero
1070 5246 1248 5303 acrius
1281 5262 1344 5303 ea
1378 5250 1766 5316 desiderantes,
1795 5266 2012 5307 sensum
2049 5270 2163 5308 mo-

591 5333 764 5391 lestiae
812 5336 1184 5394 incredibilem
1257 5349 1310 5397 et
1364 5343 1808 5399 inconsolabilem
1860 5347 2162 5402 haurimus.

598 5428 775 5482 «Cum
804 5429 985 5499 itaque
1030 5433 1268 5490 tribulati
1320 5434 1537 5502 fuerint,
1571 5440 1697 5493 tunc
1755 5436 1947 5493 faciem
1994 5454 2169 5494 meam

596 5521 888 5588 thuireut.
927 5542 945 5574 ι

2273 4618 2366 4672 τὸν
2394 4612 2528 4681 ἴσον,
2564 4611 2738 4685 οἶμαι,
2766 4612 2964 4683 τρόπον
2994 4627 3053 4663 τε
3098 4610 3192 4662 καὶ
3223 4606 3403 4675 λόγον,
3435 4604 3532 4658 καὶ
3556 4603 3625 4656 τὰ
3644 4603 3704 4656 ὲν
3729 4601 3852 4663 ταῖς

2274 4708 2642 4780 ἀνθρωπίναις
2692 4705 2892 4774 ψυχαῖς
2956 4699 3418 4792 ὲπισυμϐαίνοντα
3455 4695 3650 4792 ἑπάθηζ
3676 4694 3726 4747 εί
3779 4692 3851 4792 μη

2275 4801 2531 4870 χρηστοῖς
2579 4795 2792 4850 ὑπείκει
2824 4792 3023 4860 λόγοις.
3068 4791 3203 4861 μηδὲ
3247 4785 3492 4857 λογισμῷ
3527 4786 3742 4839 νικᾶται
3776 4785 3854 4851 τῷ

2277 4892 2550 4963 σώφρονι,
2604 4887 2751 4958 πόνῳ
2800 4885 2894 4939 καὶ
2943 4883 3169 4954 μάστιγι
3226 4881 3321 4934 καὶ
3366 4880 3484 4942 ταῖς
3533 4875 3855 4982 ἀνηκέστρις

2279 4980 2681 5057 παραχωροῦσι
2722 4980 3048 5050 συμφοραῖς.
3109 4970 3560 5043 Ἐκτεθλιμμένοι
3616 4968 3681 5039 δὴ
3738 4968 3854 5057 ούν,

2270 5055 2390 5129 τότε
2417 5072 2482 5144 δὴ
2507 5071 2681 5139 μόλις,
2707 5070 2862 5140 φησὶ,
2908 5087 2926 5119 ί
2958 5067 3032 5119 Τὸ
3063 5065 3196 5135 ἐμὸν
3237 5062 3650 5159 ἐπιζητήσουσιΔ
3669 5055 3857 5159 ’πρόσῗ

2268 5184 2438 5221 ωπον.
2470 5184 2488 5217 ι
2549 5163 2833 5235 Κειμένων
2868 5160 2977 5232 γὰρ
3005 5161 3062 5212 ἐν
3108 5156 3328 5227 ἐξουσίᾳ
3369 5154 3479 5207 τῶν
3512 5149 3757 5221 ἀγαθῶν,
3793 5147 3851 5201 οὐ

2272 5257 2442 5327 πολλὴ
2480 5257 2591 5317 τοῖς
2641 5252 2919 5315 ἀσυνέτοις
2949 5252 2982 5320 ἡ
3012 5246 3106 5301 τοῦ
3140 5242 3631 5316 κατευφραίνοντος
3664 5236 3856 5298 αἰσθη-

2275 5365 2379 5411 σις.
2408 5347 2473 5400 Εί
2499 5346 2556 5399 δὲ
2580 5344 2646 5415 δὴ
2663 5344 2770 5397 τῶν
2792 5341 2965 5403 οὕτως
2998 5336 3399 5393 εὐκταιοτάτων
3431 5327 3854 5400 ἀποστερεῖσθαι

2281 5438 2587 5510 συμϐαίνοι,
2627 5438 2748 5489 τότε
2797 5432 2863 5505 δὴ
2919 5431 3153 5502 μάλιστα
3201 5427 3553 5500 δριμυτέραις
3590 5420 3675 5475 ἐπ’
3717 5415 3854 5510 αύτά

2278 5508 2396 5594 ταῖς
2436 5528 2753 5599 ἐπιθυμίαις
2795 5523 3088 5597 ἐρχόμεθα.
3139 5516 3509 5591 Εἱσὸεχόμεθα
3546 5514 3603 5569 δὲ
3659 5508 3852 5576 πολλὴν

603 5614 695 5666 καὶ
735 5615 1133 5683 ἀνταγώνιστον
1166 5619 1258 5672 τοῦ
1318 5619 1615 5683 λυποῦντος
1678 5621 1774 5693 τὴν
1822 5620 2092 5693 αἴσθησιν.
2138 5625 2301 5679 (Ὅτε
2334 5624 2510 5677 τοίνυν
2569 5619 2813 5683 θλιϐὦσι,
2885 5616 3004 5670 τότε
3055 5615 3115 5667 τὸ
3166 5613 3296 5685 ἐμὸν
3351 5609 3643 5681 ζητήσουσι
3694 5599 3853 5673 πρόσ”

598 5721 767 5757 ωπον.
801 5724 815 5757 1

670 5799 713 5829 ’το
748 5799 929 5863 Amm,
958 5817 1036 5865 ill,
1071 5803 1120 5859 8.
1200 5805 1239 5833 ’τί
1276 5804 1427 5857 “om.
1465 5819 1523 5866 ιι,
1547 5805 1578 5857 73
1610 5818 1726 5871 sqq.

921 6048 947 6067 κ
983 6052 989 6058 .
