4094 6454
219 341 312 398 {Gl
1168 335 1731 392 COMMENTARIUS
1771 335 1840 390 ΙΝ
1881 335 2114 390 OSEAM
2159 336 2602 392 Plllll'llETAM.

291 452 488 504 Ἕοικε
511 452 569 504 δὲ
605 451 634 503 6
669 447 826 518 λόγος
854 452 1182 523 εύαφόρμως
1213 453 1513 523 ἀναφοιτᾷν
1539 453 1633 504 ἐπὶ
1657 452 1716 503 τὺ
1745 451 1835 503 τοῦ
1871 458 1918 516 Α

217 543 466 615 Χριστοῦ
502 545 829 614 μυστήριον,
866 545 961 598 καὶ
996 546 1093 614 τὴν
1131 544 1388 598 δι“αύτοῦ
1430 544 1700 615 λύτρωσίν
1772 562 1832 596 τε

219 639 312 689 καὶ
352 635 496 705 πρὸς
522 636 663 689 Θεὸν
692 638 1034 709 ἐπιστροφὴν
1065 634 1124 691 εὖ
1153 638 1301 709 μάλα
1347 637 1721 708 παραδηλοῦν.
1763 636 1837 689 Τὸ

220 728 326 797 γὰρ
350 727 701 797 ζητούμενον
720 729 814 782 τοῦ
844 729 981 782 Θεοῦ
1002 731 1316 799 πρόσωπον,
1353 729 1515 792 αὐτὸς
1544 728 1609 782 ἂν
1640 730 1833 790 νοοῖτο,

219 821 312 873 καὶ
361 820 581 892 σφόδρα
607 821 876 888 εἰκότως,
914 824 942 876 6
973 823 1118 888 Υἱὸς,
1157 842 1175 874 ι
1217 824 1315 885 Ὃς
1337 823 1486 875 ἐστιν
1518 821 1703 883 εἰκὼν,
1745 822 1839 874 καὶ

217 911 601 982 ἀπαύγασμα,
661 913 758 965 καὶ
820 916 1112 984 χαρακτὴρ
1168 915 1268 984 τῆς
1326 913 1681 976 ὑποστάσεως
1742 911 1838 966 τοῦ

222 1005 469 1076 Πατρός.
539 1025 558 1056 ι
606 1005 910 1077 Πρόσωπον
957 1003 1050 1060 οὖν
1096 1007 1158 1060 τὸ
1202 1007 1403 1077 ἀληθὲς
1441 1006 1535 1062 τοῦ
1575 1006 1712 1060 Θεοῦ
1744 1007 1840 1060 καὶ

227 1096 475 1167 Πατρὸς,
507 1099 537 1149 6
578 1096 707 1160 Υἱὸς
733 1137 748 1162 ,
781 1097 942 1170 εῖπερ
991 1100 1048 1152 ὲν
1079 1098 1229 1169 αὑτῷ
1264 1097 1629 1166 γινώσκεται,
1671 1117 1688 1150 ι
1728 1097 1840 1152 Καὶ

226 1189 497 1258 ἑωρακὼς
531 1190 720 1255 αὑτὸν,
751 1189 966 1260 ἑώρακε
992 1191 1082 1244 τὸν
1115 1191 1356 1262 Πατέρα.
1393 1212 1410 1243 ι
1457 1193 1646 1256 Οὕτως
1677 1192 1838 1246 αὐτὸν

224 1283 486 1352 ὀνομάζει
517 1285 548 1336 6
579 1283 870 1347 θεσπέσιος
920 1285 1195 1355 Μελῳδὸς,
1252 1287 1388 1357 πρὸς
1441 1285 1532 1339 τὸν
1569 1285 1678 1338 τῶν
1703 1285 1840 1339 ὅλων

225 1375 355 1427 θεὸν
392 1376 813 1446 ἁνακεκραγώς
872 1393 933 1428 τε
979 1377 1072 1430 καὶ
1103 1377 1306 1447 λέγων·
1366 1395 1385 1429 ι
1429 1378 1504 1430 Τὸ
1545 1377 1839 1448 πρόσωπόν

227 1483 314 1519 σου
343 1467 628 1536 ἐπίφανον
675 1470 770 1521 ἐπὶ
803 1467 897 1522 τὸν
931 1469 1116 1523 δοῦλόν
1153 1487 1270 1524 σου.
1315 1489 1332 1522 ι
1369 1471 1479 1523 Καὶ
1517 1470 1624 1541 μὴν
1647 1469 1741 1522 καὶ
1764 1469 1842 1533 ὡς

226 1562 286 1613 ἐκ
306 1559 623 1630 προσώπου
667 1560 779 1614 τῶν
809 1563 1292 1628 πεπιστευκότων,
1335 1563 1430 1615 καὶ
1465 1561 1840 1634 μεμορφωμέ-

224 1674 327 1710 νων
360 1657 475 1726 ἢδη
497 1655 642 1726 πρὸς
667 1657 760 1710 τὸν
789 1657 919 1710 Υἱὸν
939 1658 1027 1712 διὰ
1049 1656 1191 1710 Πνεύ
1201 1674 1392 1728 ματος,
1427 1675 1446 1708 ι
1495 1654 1840 1726 Ἐσημειώθη

224 1748 305 1815 ἐφ’
343 1748 502 1817 ἡμᾶς
529 1747 596 1800 τὸ
632 1748 751 1818 φῶς
788 1747 884 1802 τοῦ
923 1747 1222 1820 προσώπου
1263 1766 1381 1814 σου,
1429 1747 1625 1818 Κύριε.
1674 1765 1692 1798 ›
1754 1747 1842 1810 Ὠς

225 1841 330 1910 γάρ
362 1858 541 1909 φησιν
573 1842 602 1893 ὁ
634 1842 950 1913 προφήτης,
977 1858 996 1892 ί
1032 1840 1152 1905 Φῶς
1187 1839 1481 1913 προσώπου
1505 1839 1682 1912 ἡμῶν,
1714 1840 1845 1910 Χρι-
1878 1845 1918 1899 Β

227 1935 346 1998 στὸς
378 1934 619 2006 Κύριος.
659 1955 680 1988 ι

831 2073 1087 2129 meum.
1146 2076 1237 2142 ς’.

305 2185 661 2252 Ὀρθριοῦσι
713 2186 865 2254 πρός
909 2203 1008 2257 με,
1062 2187 1351 2257 λέγοντες
1378 2203 1392 2217 ⁸
1432 2186 1843 2258 Πορευθῶμεν,

192 2278 195 2281 ’
225 2277 322 2330 καὶ
353 2277 833 2347 ἐπιστρέψωμεν
878 2278 1040 2347 πρὸς
1064 2282 1287 2348 Κύριον
1315 2280 1420 2334 τὸν
1463 2281 1611 2334 Θεὸν
1649 2281 1841 2348 ἡμῶν,

227 2367 314 2420 ὅτι
342 2368 540 2434 αὐτὸς
577 2368 878 2437 ἥρπακεν,
911 2369 1010 2422 καὶ
1067 2370 1299 2424 ἰάσεται
1349 2369 1527 2440 ἡμᾶς,
1569 2371 1840 2436 πατιὶξει,

227 2460 320 2513 καὶ
366 2460 644 2529 μοτώσει
685 2460 848 2529 ἡμᾶς
873 2477 886 2490 ·
922 2461 1158 2531 ὑγιάσει
1199 2461 1359 2532 ἡμᾶς
1390 2464 1542 2533 μετὰ
1569 2463 1679 2517 δύο
1711 2463 1846 2534 ὴμέ-

225 2570 331 2621 ρας
351 2569 364 2581 ο
395 2552 471 2605 ἐν
491 2552 689 2620 ἡμέρῃ
712 2552 786 2620 τῇ
808 2553 978 2625 τρίτῃ
1006 2553 1570 2623 ἐξαναστησόμεθα,
1612 2556 1710 2609 καὶ
1749 2556 1844 2625 (n-

226 2647 457 2715 σόμεθα
489 2645 756 2699 ἐνώπιον
820 2646 1031 2711 αὑτοῦ,
1084 2646 1182 2700 καὶ
1220 2647 1593 2717 γνωσόμεθα.
1632 2649 1843 2714 Διώξο-

223 2757 334 2806 μεν
366 2739 480 2792 τοῦ
530 2737 754 2808 γνῶναι
787 2738 898 2792 τὸν
927 2739 1171 2808 Κύριον.
1213 2740 1312 2806 Ὧς
1349 2740 1565 2808 ὄμϐρον
1605 2740 1846 2810 ἕτοιμον

226 2829 577 2898 εἰρήσομεν
620 2827 830 2891 αὑτὸν,
866 2827 964 2882 καὶ
992 2828 1124 2897 ἣξει
1157 2829 1239 2896 ὡς
1266 2830 1439 2894 ὑετὸς
1475 2830 1622 2900 ἡμῖν
1666 2831 1842 2900 πρώϊ-

221 2940 333 2990 μος
352 2941 458 2977 και
492 2922 722 2991 ὅψιμος

291 3040 414 3092 EB’.
462 3039 541 3092 Τὸ
601 3037 1006 3110 ιόροριοῦσινι
1065 3039 1125 3091 ὲν
1182 3037 1394 3100 τούτοις
1444 3039 1845 3109 ὑποσημαίνειν

222 3131 426 3196 ἔοικεν,
487 3131 573 3184 ὅτι
629 3130 888 3201 καθάπερ
945 3130 1005 3196 ἐξ
1061 3129 1232 3184 ὕπνου
1278 3130 1694 3204 διεγηγερμένοι
1743 3133 1846 3202 τῆς

222 3225 459 3296 ἐνούσης
488 3223 756 3288 ἀϐουλίας
790 3225 999 3290 αὐτοῖς,
1037 3225 1133 3277 καὶ
1168 3223 1452 3287 οἱονείπως
1492 3225 1606 3277 ἀπὸ
1654 3224 1846 3288 νυκτὸς

223 3321 315 3374 καὶ
338 3321 583 3382 σκότους
616 3317 973 3388 ὲνηνεγμένοι
1001 3317 1189 3370 λοιπὸν
1213 3317 1294 3380 εἰς
1323 3315 1440 3386 φῶς
1471 3318 1565 3369 καὶ
1609 3317 1846 3388 ἡμέραν,

224 3411 632 3482 προτροπάδην
671 3410 927 3475 ἀλλήλοις
964 3410 1428 3480 ὲπιφωνήσουσιν,
1465 3409 1546 3462 ὅτι
1580 3412 1849 3480 προσήκει

221 3506 408 3560 λοιπὸν
445 3504 813 3575 ἐπιστρέφειν
858 3502 995 3574 πρὸς
1037 3503 1264 3573 Κύριον.
1307 3501 1602 3572 Ἀνάνηψις
1631 3501 1685 3553 δὲ
1709 3500 1846 3573 αὕτη

222 3599 325 3652 τῶν
364 3600 451 3660 εἰς
486 3597 717 3664 ἀπάτην
749 3594 1162 3665 ώλισθηκότων,
1195 3594 1291 3646 καὶ
1321 3594 1441 3654 ταῖς
1478 3593 1585 3644 τῶν
1615 3590 1848 3644 εἰδώλων

223 3690 514 3761 λατρείαις
555 3687 1050 3760 ἐνειλημ[μ]ἐνων.
1081 3686 1318 3756 Νήψεως
1342 3685 1451 3757 γὰρ
1482 3685 1581 3756 ἤδη
1609 3685 1840 3756 καρπὸς,

231 3784 287 3836 τὸ
313 3785 528 3855 ἀχλύος
570 3783 672 3853 μὲν
714 3781 822 3848 ἔξω
873 3779 1129 3849 γενέσθαι
1167 3781 1371 3850 ζητεῖν,
1416 3777 1517 3846 τῆς
1555 3775 1846 3846 δαιμονιώ-

227 3875 334 3938 δους
376 3873 642 3946 δηλονότι
668 3890 681 3903 ·
714 3871 858 3940 φωτὶ
886 3871 943 3924 δὲ
969 3870 1158 3941 ὥσπερ
1198 3868 1276 3939 τῷ
1304 3869 1433 3939 θείῳ
1461 3869 1647 3922 λοιπὸν
1681 3869 1848 3938 ἐκμε-

229 3966 656 4038 μεστωμένους,
687 3964 835 4036 ὀρθῷ
869 3963 1113 4035 διᾴττειν
1146 3961 1333 4032 σκοπῴ
1376 3961 1514 4034 πρὸς
1552 3962 1848 4030 ἐπίγνωσιν

222 4062 312 4115 τοῦ
347 4060 524 4130 φύσει
557 4077 622 4111 τε
671 4057 766 4111 καὶ
795 4056 1014 4128 ἀληθῶς
1036 4056 1173 4109 Θεοῦ
1214 4055 1310 4109 καὶ
1339 4055 1644 4118 Δεσπότου,
1671 4056 1848 4109 καίτοι

223 4157 395 4210 πάλαι
435 4153 866 4223 διακειμένους,
927 4152 1008 4204 ὅτι
1050 4150 1164 4204 θεοὶ
1209 4149 1305 4203 καὶ
1345 4148 1524 4221 κύριοι
1565 4149 1707 4202 κατὰ
1755 4148 1847 4202 τὸν

223 4251 437 4319 κόσμον
491 4250 636 4300 εἰσιν
670 4264 681 4276 ·
721 4247 796 4311 ὡς
848 4246 929 4309 εἰς
955 4241 1116 4296 τοῦτο
1139 4240 1463 4296 καθικέσθαι
1500 4240 1845 4304 δυσϐουλίας,

223 4343 368 4396 ὥστε
403 4341 502 4394 καὶ
537 4338 619 4409 τῷ
652 4337 797 4409 ξύλῳ
846 4337 1050 4405 λέγειν·
1110 4353 1129 4386 ι
1160 4335 1354 4404 Πατήρ
1389 4351 1491 4404 μου
1535 4327 1586 4384 εἴ
1617 4331 1680 4385 σύ
1703 4349 1720 4367 ο
1753 4332 1848 4385 καὶ

221 4434 297 4505 τῷ
330 4432 496 4503 λίθῳ,
535 4433 612 4484 Σὺ
650 4428 990 4499 ἐγγέννησάς
1034 4445 1156 4498 με.)
1215 4425 1500 4495 Ἑπιμένει
1539 4426 1596 4478 δὲ
1629 4425 1656 4477 6
1682 4423 1842 4492 λόγος

220 4530 285 4598 τῇ
335 4526 555 4596 τροπῇ.
630 4523 740 4574 Θέα
791 4521 902 4591 γὰρ
957 4520 1109 4582 ὅπως
1157 4515 1409 4585 καθάπερ
1463 4515 1556 4567 ἐπὶ
1604 4513 1838 4578 λέοντος,

225 4622 398 4690 ἧγουν
434 4619 630 4686 ἐτέρου
664 4614 882 4686 θηρίου,
915 4612 1048 4682 φασί
1096 4611 1174 4674 τὸ,
1219 4630 1235 4660 ι
1257 4606 1429 4670 Αὐτὸς
1462 4607 1704 4678 ἥρπασε,
1749 4607 1844 4658 καὶ

227 4715 447 4766 ἰάσεται
513 4708 736 4779 ἡμᾶς.»
792 4703 1011 4776 Ἐπειδὴ
1061 4703 1170 4774 γὰρ
1233 4701 1464 4770 ἔφασκε,
1534 4699 1681 4751 «Καὶ
1731 4696 1846 4765 ἐγὼ

223 4807 428 4875 ἔσομαι
453 4803 534 4865 ὡς
559 4800 780 4870 πάνθηρ
803 4797 883 4868 τῷ
923 4797 1184 4868 Ἐφραῖμ,
1215 4793 1312 4846 καὶ
1345 4792 1418 4856 ώς
1449 4791 1584 4845 λέων
1610 4789 1686 4860 τῷ
1712 4789 1846 4859 οἴκῳ

236 4897 438 4959 Ἰούδα,
477 4895 578 4947 καὶ
609 4892 721 4960 ἐγὼ
767 4891 1056 4962 ἁρπῶμαι,
1085 4889 1179 4941 καὶ
1213 4886 1576 4957 πορεύσομαι,
1616 4883 1708 4936 καὶ
1745 4883 1846 4936 οὐκ

224 4989 380 5042 ἕεται
427 4988 458 5039 6
503 4985 917 5055 ἐξαιρούμενος,
943 5003 959 5034 ι
1000 4982 1341 5052 τετηρήκασι
1387 4982 1488 5050 τῆς
1530 4977 1846 5049 μεταφορᾶς

221 5081 281 5134 τὸ
306 5081 531 5152 σχῆμα,
563 5078 658 5131 καί
694 5076 982 5147 φασιν,ὃτι
1014 5072 1346 5146 θεραπεύσει
1369 5073 1586 5134 πάντως
1614 5071 1642 5122 6
1674 5069 1843 5140 ἁρπά-

222 5189 344 5235 σας.
386 5171 611 5240 ’Ὠσπερ
641 5168 751 5240 γὰρ
800 5166 1112 5235 λελύπηκεν
1156 5166 1188 5234 ἡ
1245 5163 1406 5233 ὀργὴ,
1453 5162 1842 5230 κατευςραίνει

217 5283 323 5318 που
357 5263 587 5324 πάντως
617 5263 746 5324 τοὺς
789 5257 1131 5320 πεπονθότας
1167 5256 1233 5308 τὰ
1265 5257 1332 5308 ἐκ
1372 5255 1470 5324 τῆς
1501 5255 1844 5325 ἡμερότητος

3439 337 3544 394 ὶϐἰ

2024 452 2246 506 Videtur
2277 467 2456 507 sermo
2479 451 2860 522 percommode
2894 449 2958 504 ad
2983 449 3186 504 Christi
3218 452 3537 521 mysterium

1943 545 2142 610 redire,
2173 555 2228 597 et
2260 545 2688 613 redemptionem
2732 559 2826 613 per
2850 543 3026 607 illum,
3057 553 3220 611 atque
3263 543 3331 596 ad
3369 541 3538 597 Deum

1942 637 2356 688 conversionem
2385 649 2550 704 prope
2587 634 2876 688 admodum
2908 634 3240 704 signiﬁcare.
3275 631 3411 686 Nam
3460 631 3539 685 fa-

1941 729 2053 783 cies
2079 727 2171 782 Dei
2210 743 2330 798 qua:
2369 730 2699 797 requirctur,
2732 729 2846 797 ipse
2884 726 3054 781 Filius
3095 726 3540 781 commodissime

1941 819 2170 890 intelligi
2198 831 2382 889 queat,
2423 838 2441 871 ι
2473 820 2564 890 qui
2602 829 2687 874 est
2737 820 2938 890 imago,
2970 829 3024 874 et
3068 818 3345 889 splendor,
3383 828 3437 873 et
3479 819 3542 872 li-

1941 929 2073 979 gura
2103 914 2424 968 substantiae
2453 913 2630 968 Patris
2652 914 2720 970 ⁶².
2749 932 2769 965 ι
2805 913 2944 968 Vera
2969 913 3136 982 igitur
3171 911 3339 967 facies
3373 913 3464 965 Dei
3485 921 3541 965 et

1942 1005 2141 1073 Patris,
2168 1005 2341 1061 Filius
2369 1025 2383 1062 :
2409 1005 2680 1076 siquidem
2709 1006 2762 1060 in
2802 1020 2868 1060 eo
2895 1005 3264 1076 cognoscitur.
3309 1023 3328 1055 ι
3361 1013 3417 1059 et
3447 1003 3542 1072 qui

1942 1098 2076 1153 vidit
2111 1099 2311 1168 ipsum,
2341 1099 2478 1153 vidit
2503 1108 2557 1154 et
2592 1097 2804 1153 Patrem
2825 1098 2893 1151 ⁸³.
2927 1117 2945 1149 ι
2976 1098 3094 1164 Quo
3130 1097 3348 1152 nomine
3379 1105 3432 1150 et
3461 1096 3543 1149 di-

1942 1191 2098 1244 vinus
2145 1189 2350 1244 Cantor
2399 1203 2520 1244 eum
2569 1189 2826 1257 appellat,
2860 1189 2926 1242 ad
2960 1189 3334 1243 universorum
3371 1186 3542 1240 Deum

1942 1278 2209 1342 clamans,
2239 1289 2294 1334 et
2343 1279 2565 1333 dicens:
2600 1295 2618 1327 ι
2647 1277 2864 1332 Faciem
2907 1286 3054 1332 tuam
3092 1277 3338 1332 illumina
3379 1291 3545 1344 super

1943 1387 2159 1427 servum
2217 1381 2368 1426 tuutn
2395 1371 2461 1424 “.
2490 1392 2508 1424 ι
2545 1369 2684 1437 Quin
2724 1370 2888 1424 etiam
2920 1381 2978 1423 ut
3013 1385 3078 1424 ex
3123 1383 3354 1439 persona
3407 1368 3540 1422 ﬁde-

1944 1463 2098 1529 lium,
2137 1474 2314 1533 et.pcr
2346 1463 2609 1534 Spiritum
2636 1464 2749 1533 jam
2791 1463 2854 1516 ad
2890 1462 3086 1516 Filium
3124 1460 3540 1517 transformata-

1943 1571 2086 1623 rum,
2124 1575 2142 1607 ι
2168 1557 2452 1626 Signatum
2481 1567 2584 1624 est,
2617 1557 2810 1626 inquit,
2842 1572 3005 1626 super
3033 1569 3131 1610 nos
3154 1553 3332 1608 lumen
3359 1551 3543 1608 vultus

1945 1647 2043 1713 tui,
2084 1646 2308 1701 Domine
2333 1648 2398 1700 ⁵⁵.
2428 1667 2445 1700 ι
2504 1647 2574 1702 Ut
2616 1649 2759 1702 enim
2815 1648 2888 1700 ait
2931 1645 3190 1715 propheta
3224 1662 3238 1699 :
3288 1662 3308 1697 ι
3334 1644 3542 1700 Lumen

1946 1737 2101 1794 faciei
2134 1750 2332 1794 nasute
2363 1738 2615 1794 Christus
2652 1737 2912 1792 Dominus
2939 1737 3004 1791 ⁸⁸.
3034 1755 3054 1787 ›

2605 2050 2760 2107 CAP.
2800 2048 2886 2105 VI.

2019 2172 2186 2242 νέης.
2235 2185 2354 2242 1-5.
2390 2185 2735 2240 Manicabunt
2772 2187 2842 2240 ad
2889 2201 2970 2241 me
3009 2184 3279 2240 dicentes:
3314 2183 3538 2248 Eamus,

1946 2291 1994 2336 et
2029 2289 2357 2336 revertamur
2380 2283 2448 2334 ad
2483 2279 2766 2334 Dominum
2798 2279 2962 2334 Deum
2988 2290 3247 2345 nostrum,
3271 2282 3396 2350 quia
3433 2281 3542 2350 ipse

1948 2375 2145 2442 rapuit,
2171 2384 2220 2428 et
2276 2373 2483 2429 sanabit
2533 2390 2648 2437 nos,
2686 2373 2958 2442 percutiet,
2999 2385 3044 2427 et
3097 2374 3248 2443 quasi
3298 2373 3542 2442 penicillo

1947 2468 2244 2522 munerario
2280 2467 2448 2521 indito
2475 2468 2682 2520 curabit
2713 2483 2844 2531 nos;
2882 2468 3090 2519 sanabit
3135 2483 3227 2519 nos
3258 2475 3372 2534 post
3409 2467 3544 2521 duos

1949 2561 2090 2624 dies;
2123 2560 2177 2614 in
2207 2560 2291 2615 die
2313 2559 2472 2613 tertia
2504 2574 2857 2628 resurgemus,
2884 2568 2932 2612 et
2962 2559 3190 2613 vivemus
3220 2558 3328 2628 95
3364 2575 3542 2612 coram

1945 2668 2026 2715 eo,
2077 2659 2128 2705 et
2178 2665 2566 2720 cognosremus.
2619 2647 3023 2718 Persequemur,
3066 2660 3124 2702 ut
3168 2665 3544 2718 cognoscamus

1950 2741 2253 2794 Dominum.
2291 2740 2458 2807 Quasi
2489 2757 2642 2794 mane
2675 2751 2925 2809 paratum
2963 2741 3283 2794 inveniemus
3326 2758 3466 2807 eum,
3496 2751 3545 2795 et

1947 2835 2112 2888 reniet
2137 2843 2191 2886 ut
2214 2833 2391 2904 pluvia
2415 2833 2561 2888 nobis
2593 2832 2897 2903 tempestiva
2931 2841 2980 2888 et
2999 2835 3230 2888 serotina
3258 2842 3434 2888 τετε-τε.

2019 3032 2180 3088 LXII.
2221 3053 2238 3086 ι
2282 3033 2439 3089 Mane
2471 3041 2804 3104 consurgent
2847 3051 2868 3086 ι
2908 3033 3011 3087 hoc
3052 3034 3172 3088 loco
3211 3031 3422 3087 videtur
3466 3031 3545 3088 si-

1949 3123 2228 3191 gniﬁcare,
2273 3121 2438 3175 semel
2473 3137 2502 3174 ιι
2547 3137 2738 3176 somno
2797 3122 3082 3177 dementire
3129 3136 3234 3192 qua
3296 3131 3548 3177 tenentur

1876 3205 1918 3263 C
1952 3215 2238 3280 excitatos,
2273 3223 2326 3268 et
2353 3213 2505 3282 quasi
2531 3229 2561 3268 e
2584 3223 2742 3268 nocte
2769 3223 2932 3283 atque
2956 3213 3194 3269 tenebris
3239 3213 3306 3270 de
3348 3226 3547 3272 caetero

1955 3309 2006 3362 in
2031 3308 2203 3363 lucem
2242 3316 2295 3362 et
2333 3307 2472 3362 diem
2507 3308 2802 3378 ingressos,
2833 3309 2974 3364 inter
2998 3324 3057 3364 se
3090 3307 3423 3363 cohortando
3449 3323 3544 3365 ac-

1951 3400 2287 3456 rlamaturos
2355 3401 2551 3455 decere
2585 3401 2637 3454 in
2685 3410 2963 3471 posterum
3001 3403 3199 3457 reverti
3247 3407 3314 3459 ad
3366 3404 3545 3459 Domi-

1954 3511 2100 3548 num.
2133 3494 2228 3549 Est
2258 3506 2438 3548 autem
2468 3493 2582 3548 hate
2625 3494 2994 3562 resipiscentia
3033 3498 3378 3553 seductorum
3427 3499 3546 3554 ido-

1953 3586 2237 3656 Iorumque
2261 3587 2494 3643 cultibus
2528 3586 2914 3642 involutorum.
2954 3587 3364 3658 Resipiscentite
3396 3592 3544 3646 enim

1952 3677 2181 3744 fructus,
2212 3693 2456 3750 quaerere
2489 3693 2519 3734 e
2567 3679 2803 3734 tenebris
2841 3679 3077 3748 absolvi,
3116 3680 3417 3746 diabolicis,
3455 3683 3540 3737 in-

1951 3785 2140 3840 quam,
2175 3786 2238 3824 ac
2283 3772 2543 3842 deinceps
2595 3773 2740 3826 velut
2787 3771 2968 3827 divino
3019 3773 3222 3829 lumine
3285 3775 3544 3845 repletos,

1954 3876 2103 3918 recto
2124 3867 2287 3932 scopo
2313 3865 2379 3917 ad
2407 3874 2656 3919 naturam
2688 3877 2741 3921 et
2765 3883 2887 3922 vere
2920 3866 3012 3921 Dei
3042 3882 3107 3922 ac
3145 3867 3355 3922 Domini
3389 3867 3543 3939 agni-

1953 3957 2152 4010 tionem
2191 3970 2506 4024 properare,
2556 3955 2683 4009 licet
2726 3957 2932 4025 pridem
2973 3959 3264 4024 senserint,
3312 3959 3442 4014 deos
3481 3973 3546 4015 ac

1951 4049 2200 4102 dominos
2242 4047 2293 4101 in
2328 4048 2528 4102 mundo
2556 4062 2694 4102 esse.
2725 4045 2880 4101 Unde
2911 4063 2975 4102 eo
3001 4047 3244 4102 stultitiae
3282 4061 3545 4118 pervene—

1952 4151 2097 4206 runt,
2128 4143 2375 4195 utetiam
2406 4139 2552 4211 ligno
2587 4139 2874 4194 dicerent:
2912 4157 2930 4190 ι
2971 4139 3131 4193 Pater
3155 4156 3306 4193 meus
3336 4156 3396 4196 es
3435 4151 3487 4194 tu
3523 4161 3538 4196 :

1950 4245 2004 4291 et
2039 4233 2237 4304 lapidi:
2273 4232 2352 4286 Tu
2377 4249 2464 4288 me
2496 4231 2728 4302 genuisti
2757 4231 2819 4286 ⁸⁷.
2854 4250 2873 4283 ι
2921 4230 3101 4286 Manet
3138 4240 3317 4285 autem
3361 4245 3545 4286 sermo

1953 4330 2212 4397 tropicus.
2277 4325 2412 4381 Vide
2453 4327 2596 4380 enim
2646 4325 2915 4395 quomodo
2976 4333 3231 4393 tauquam
3281 4325 3346 4378 de
3391 4323 3544 4379 Iroue

1951 4430 2042 4472 aut
2070 4420 2172 4472 alia
2211 4417 2320 4472 fera
2349 4417 2558 4480 dicunt,
2600 4434 2617 4467 ‹
2645 4416 2766 4486 Ipse
2802 4415 2998 4484 rapuit,
3027 4425 3080 4468 et
3105 4415 3316 4468 sanabit
3359 4429 3474 4469 nos.
3519 4435 3538 4464 ι

1952 4512 2240 4582 Postquam
2294 4511 2439 4564 enim
2481 4510 2636 4573 dixit,
2689 4527 2706 4560 ι
2762 4510 2829 4564 Et
2882 4523 2981 4576 ego
3036 4522 3131 4561 ero
3181 4515 3237 4560 ut
3284 4507 3543 4575 panthera

1951 4604 2233 4674 Ephraitn,
2269 4613 2322 4656 et
2368 4613 2425 4656 ut
2459 4601 2541 4656 leo
2581 4603 2758 4654 domui
2789 4600 2954 4666 Jmla;
3001 4611 3056 4654 et
3091 4615 3188 4670 ego
3225 4600 3454 4669 rapiam,
3492 4611 3546 4654 et

1949 4697 2167 4762 vadam,
2209 4703 2264 4748 et
2309 4709 2418 4747 non
2448 4693 2689 4762 erit.qui
2740 4701 2916 4754 erunt,
2976 4710 2993 4742 ι
3041 4699 3260 4743 servant
3315 4688 3545 4758 ﬁgurant

1951 4788 2284 4857 metaphora:
2337 4785 2598 4853 aiuntque
2630 4780 2896 4837 :Otinino
2937 4782 3150 4835 sanabit
3196 4780 3286 4848 qui
3344 4781 3543 4849 rapuit.

1951 4881 2106 4937 Sicut
2137 4880 2280 4934 enim
2311 4881 2389 4932 ira
2421 4876 2782 4937 mntristavit.
2816 4875 2894 4929 sic
2929 4875 3066 4928 bona
3116 4888 3182 4926 ex
3227 4885 3546 4927 mansuetu—

1951 4974 2076 5028 dine
2106 4971 2380 5040 impertita
2413 4969 2641 5023 alllictos
2678 4982 2902 5036 prorsus
2931 4966 3331 5020 exbilarabunt.
3370 4965 3544 5019 Simul

1951 5075 2006 5121 et
2029 5065 2158 5128 illud
2191 5061 2576 5131 intelligemus,
2603 5059 2710 5113 Deo
2740 5057 3000 5127 quosdam
3032 5065 3330 5125 premente,
3352 5065 3542 5109 contra

1951 5157 2048 5213 niti
2092 5156 2364 5210 neminem
2391 5167 2578 5223 posse;
2626 5151 2720 5206 sed
2761 5149 3083 5202 miscrorum
3131 5147 3292 5204 rebus
3333 5147 3450 5218 ipso
3489 5154 3543 5199 et

1954 5250 2072 5306 Solo
2104 5249 2170 5303 ad
2200 5247 2595 5302 restitutionem
2629 5259 2762 5314 opus
2794 5257 2933 5297 esse.

214 5361 429 5429 ἀγαθά,
513 5358 684 5428 ὐμοῦ
745 5356 804 5410 δὲ
861 5356 1084 5409 κάκεῖνο
1160 5355 1492 5423 συνήσομεν,
1558 5352 1637 5404 ὅτι
1708 5350 1842 5403 Θεοῦ
1885 5346 2180 5410 κακοῦντός
2249 5363 2421 5410 τινας,
2479 5343 2726 5414 ὀνήσειεν
2764 5341 2828 5394 ἂν
2868 5337 3277 5402 οὐδείς’δέοιτο
3307 5336 3351 5392 δ’
3380 5333 3445 5390 ἂν
3472 5334 3540 5391 τὰ

213 5458 332 5512 τῶν
376 5453 736 5508 πεπονθότων
764 5449 932 5502 αὑτοῦ
973 5467 1031 5501 τε
1063 5447 1159 5500 καὶ
1189 5447 1351 5516 μόνου
1384 5445 1518 5514 πρὸς
1550 5445 1942 5515 ἐπανόρθωσιν.

293 5551 359 5604 Εἰ
394 5549 455 5602 δὲ
488 5544 597 5618 χρὴ
636 5543 728 5597 καὶ
766 5545 852 5611 ἐφ’
884 5543 1133 5604 ἅπαντας
1170 5539 1377 5592 ἁπλοῦν
1403 5539 1528 5601 τοὺς
1564 5537 1724 5601 ὄντας
1755 5537 1847 5589 ἐπὶ

216 5645 320 5717 τῆς
362 5643 474 5713 γῆς
513 5641 616 5710 τῆς
651 5637 996 5710 προφητείας
1048 5635 1148 5704 τὴν
1175 5633 1444 5702 δύναμιν,
1494 5633 1672 5684 ἐκεῖνο
1720 5649 1843 5685 συν-

289 5825 336 5858 ⁶⁹
365 5822 542 5879 Hebr.
574 5837 616 5892 ι,
650 5821 705 5877 5.
790 5819 834 5850 ⁶³
861 5817 1018 5874 Joan.
1055 5832 1169 5879 xw,
1196 5815 1248 5871 9.

1329 5817 1370 5846 ⁸⁵
1399 5814 1541 5869 Psul.
1568 5830 1758 5880 cxvnt,
1784 5814 1907 5868 155.

2029 5535 2181 5602 Quod
2208 5538 2253 5590 si
2286 5531 2581 5604 prophetia:
2607 5546 2686 5585 vus
2719 5529 2781 5583 ad
2821 5543 3010 5583 onmes
3056 5526 3311 5581 mortales
3352 5537 3539 5582 cxten-

1953 5631 2124 5686 dcnda
2168 5637 2272 5693 est,
2313 5629 2457 5682 hunc
2501 5639 2722 5680 sensum
2757 5623 3052 5677 elicietnus.
3086 5621 3285 5690 Rapuit
3314 5620 3366 5674 in
3392 5621 3540 5691 prin-

1988 5814 2030 5844 “
2062 5811 2203 5868 Psal.
2242 5827 2314 5876 tv,
2353 5809 2402 5862 7.
2449 5809 2493 5840 ⁵⁸
2527 5806 2728 5864 Tltt‘en.
2757 5821 2834 5873 tv,
2863 5804 2953 5860 ς«ὶΟ.
3031 5805 3074 5834 ⁸⁷
3109 5801 3219 5858 ler.
3254 5817 3308 5861 tt.
3351 5798 3442 5852 27.
