4094 6468
555 336 664 395 165

1546 334 1603 392 S.
1644 331 1923 390 CYRlLLl
1961 322 2435 384 ALEXANDRINl
2472 322 2793 380 ARCHlEP.

3714 326 3819 381 10$

552 454 696 524 Cipio
727 452 964 511 hominis
997 463 1247 511 naturam
1281 456 1451 514 Adam
1485 472 1501 512 :
1530 456 1714 514 statim
1732 456 1930 525 quippe
1963 451 2127 506 male-

2239 446 2458 516 ήσομεν.
2494 444 2749 514 Ἥρποισε
2794 444 2891 515 μὲν
2931 444 3041 516 γὰρ
3083 444 3142 498 ἐν
3170 443 3370 516 ἀρχαῖς
3390 441 3488 513 τὴν
3533 441 3819 513 ἀνθρώπου

556 546 706 603 dicto
747 545 1038 601 obnoxiam
1086 548 1338 616 reddidit,
1382 549 1653 617 mortique
1699 558 1754 602 et
1802 546 2134 616 corruptioni

553 637 804 707 subjecit.
841 636 1116 694 Percussit
1150 639 1317 710 igitur
1345 640 1461 708 ira;
1508 646 1603 695 sed
1633 640 1804 711 gratia
1835 639 1981 692 velut
2002 639 2137 692 lina-

556 738 740 784 mento
774 728 830 784 in
881 729 1077 785 vulnus
1117 730 1372 801 imposito
1427 732 1662 789 curavit.
1721 730 1946 786 Sauavit
1992 736 2135 784 enim

555 820 832 888 Christus;
866 821 931 874 ad
954 823 1286 891 agnitionem
1316 837 1456 879 vera:
1490 824 1713 879 visionis
1737 823 1933 878 divina:
1973 837 2136 877 voca-

555 912 665 979 vit;
700 928 798 983 per
840 913 1103 985 Spiritum
1145 916 1210 971 ad
1266 916 1640 972 mandatorum
1703 915 2137 972 observationem

556 1006 929 1073 conﬁrmavit;
972 1008 1163 1063 beatos
1203 1009 1397 1063 iterum
1456 1008 1618 1077 fecit;
1663 1008 1997 1079 corruptioni
2041 1024 2139 1064 ex-

556 1097 709 1163 emit,
736 1108 791 1153 et
821 1098 1100 1154 veteribus
1139 1100 1366 1168 morbis,
1393 1111 1615 1172 peccato
1631 1101 1837 1157 scilicet
1864 1116 1925 1156 ac
1940 1100 2142 1170 passio-

564 1186 748 1253 nibus,
780 1186 1050 1243 liberavit.
1079 1187 1385 1245 Evenerant
1433 1200 1610 1246 autem
1667 1192 1781 1247 haec
1824 1192 2140 1249 mortalibus

556 1292 664 1334 non
701 1288 763 1333 ut
800 1279 977 1348 primo
1010 1283 1264 1349 maxime,
1302 1293 1394 1336 aut
1444 1283 1679 1338 secundo
1731 1293 1996 1355 tempore.
2045 1285 2141 1340 sed

560 1381 620 1422 ut
648 1369 699 1423 in
731 1371 910 1434 tertio,
952 1371 1051 1426 hoc
1073 1381 1175 1436 est,
1214 1372 1266 1426 in
1300 1373 1491 1428 ultimo
1524 1389 1589 1429 ac
1629 1388 1902 1442 supremo.
1948 1376 2140 1432 Omnia

557 1459 823 1529 siquidem
855 1470 1093 1531 tempora
1128 1463 1301 1518 tribus
1329 1465 1584 1535 gradibus
1621 1464 1735 1537 96
1776 1466 2138 1534 continentur,

556 1553 753 1621 primo,
785 1553 986 1621 medio,
1020 1554 1232 1621 ultimo,
1261 1572 1369 1627 quo
1399 1557 1556 1613 nobis
1585 1557 1834 1615 Christus
1869 1562 2137 1630 apparuit.

555 1644 761 1701 Idcirco
794 1650 940 1702 velut
970 1661 1035 1701 ex
1064 1650 1269 1704 medica
1303 1651 1641 1719 experientia
1668 1653 1850 1708 dicunt
1878 1671 1893 1709 :
1923 1653 2142 1710 Curatio

2239 536 2401 608 φύσιν
2427 540 2456 590 ὁ
2506 536 2701 606 Ἀδάμ’
2734 536 3009 608 ἐπάρατον
3031 536 3141 608 γὰρ
3167 536 3446 607 άπέψηνεν
3480 533 3663 598 εὐθὺς,
3692 534 3826 588 ὕπο-

2237 630 2349 692 οεὶς
2401 628 2617 697 θανάτῳ
2665 628 2759 682 καὶ
2822 628 3020 700 φθορᾷ.
3064 626 3275 681 Οὐκοῦν
3314 625 3546 695 ἐπληξεν
3595 624 3822 696 ήόργὴ,

2237 690 2351 772 ἀλλά
2406 690 2683 789 ἑμότωσεν
2732 720 2766 789 ἡ
2825 690 3004 789 ᾖάρὶέ.
3062 717 3277 770 ἰἀσατο
3329 690 3452 786 γὰρ’
3494 716 3523 769 δ
3564 690 3823 787 Χριέτδξ,
3862 690 3885 723 ⁸

2238 810 2512 881 κέκληκεν
2557 810 2696 882 πρὸς
2750 810 3051 878 ἐπίγνωσιν
3099 810 3201 881 τῆς
3255 808 3489 880 ἀληθοῦς
3544 807 3826 871 θεοπτίας,

2238 903 2489 974 ἑδραίους
2545 902 2796 972 ἀπέφηνε
2847 900 2936 955 διὰ
2970 900 3065 954 τοῦ
3109 901 3427 971 Πνεῦματος
3473 899 3555 962 είς
3593 898 3828 969 τήρησιν

2238 994 2486 1058 ἐντολῶν,
2520 992 2796 1064 ζηλωτοὺς
2837 993 3088 1061 ἀπέδειξε
3139 991 3300 1046 πάλιν
3338 990 3433 1044 καὶ
3462 989 3668 1062 φθορᾶς
3696 990 3829 1043 ἑπέ-

2238 1104 2394 1141 κεινα
2449 1085 2640 1151 τιθεὶς,
2692 1085 2788 1139 καὶ
2836 1084 2947 1138 τῶν
3003 1082 3247 1156 ἀρχαίων
3303 1082 3451 1153 ἡμᾶς
3510 1078 3831 1146 ἀπαλλάξας

2239 1178 2725 1253 ἀρρωστημάτων,
2778 1176 3054 1248 ἁμαρτίας
3106 1176 3193 1245 δὴ,
3234 1173 3399 1242 λέγω,
3453 1173 3547 1228 καὶ
3614 1170 3825 1226 παθῶν.

2240 1272 2569 1344 Συμϐέϐηκε
2597 1272 2654 1325 δὲ
2683 1271 2751 1324 τά
2779 1270 2956 1324 τοιάδε
2989 1270 3103 1332 τοῖς
3136 1267 3228 1320 ἐπὶ
3254 1267 3354 1335 τῆς
3390 1264 3513 1334 γῆς,
3542 1264 3641 1335 οὐχ
3667 1263 3743 1326 ὠς
3768 1263 3832 1314 ἐν

2242 1364 2446 1438 πρώτῳ
2473 1363 2696 1435 μᾶλλον,
2727 1363 2898 1433 ἤγουν
2926 1362 2984 1413 ὲν
3016 1358 3253 1429 δευτέρῳ
3284 1355 3487 1428 καιρῷ,
3518 1354 3634 1410 ἀλλ’
3664 1354 3742 1418 ὡς
3770 1354 3832 1407 ὲν

2240 1458 2432 1529 τρίτῳ,
2462 1455 2730 1521 τουτέστι,
2764 1453 2843 1524 τῷ
2869 1450 3066 1523 λοίσθῳ
3121 1450 3217 1503 καὶ
3270 1447 3583 1519 τελευταίῳ.
3629 1445 3834 1518 Χρόνοι

2246 1550 2343 1620 μὲν
2383 1550 2492 1618 γάρ
2536 1549 2586 1601 οἱ
2634 1545 2836 1609 πάντες
2896 1540 3259 1616 ἀριθμοῦνται
3304 1542 3472 1613 τρεῖς,
3527 1537 3744 1610 πρῶτός
3769 1554 3831 1593 τε

2243 1641 2337 1694 καὶ
2375 1639 2558 1711 μέσος,
2596 1638 2691 1693 καὶ
2719 1637 3048 1699 τελευταῖος,
3085 1633 3207 1690 καθ’
3246 1632 3304 1686 ὃν
3341 1634 3473 1703 ἡμῖν
3499 1630 3773 1701 ὲπέφανεν
3804 1631 3835 1683 ὁ

556 1739 713 1794 nobis
759 1749 880 1809 post
921 1742 1038 1797 dies
1082 1743 1217 1797 duos
1254 1744 1488 1809 eveniet,
1535 1746 1853 1815 prophetico
1889 1760 2137 1802 sermone

2244 1730 2501 1801 Χριστός.
2525 1729 2569 1781 Τ
2572 1727 2792 1799 αύτῃτοί
2819 1743 3004 1797 φασιν,
3034 1725 3116 1779 ὅτι
3139 1723 3209 1778 τὰ
3238 1722 3340 1793 τῆς
3378 1718 3667 1792 μοτώσεως
3695 1720 3835 1789 ἡμῖν

556 1845 724 1884 unum
754 1832 894 1887 diem
927 1848 1026 1903 pro
1064 1843 1307 1903 tempore
1337 1836 1492 1891 nobis
1526 1838 1797 1894 metiente.
1846 1836 2015 1904 Tunc,
2055 1839 2137 1894 in-

2242 1821 2495 1894 καθάπερ
2529 1821 2589 1889 ἐξ
2623 1819 2873 1891 ἰατρικῆς
2897 1813 3370 1913 ὲμπειρίαςιέσται
3396 1811 3539 1913 μετὰ
3573 1811 3666 1866 δύο
3688 1810 3839 1911 ἡμέῖ

557 1922 700 1991 quit,
731 1938 751 1973 ι
795 1920 1213 1992 Persequemur,
1248 1935 1309 1980 ιιι
1336 1942 1724 1999 cognoscamus
1768 1929 2077 1985 Dominum.
2113 1947 2133 1982 ι

2246 1926 2365 1980 ρας,
2437 1908 2651 1979 ἡμέραν
2731 1908 2863 1978 ἡμῖν
2932 1907 3011 1969 είς
3066 1903 3257 1975 καιρὸν
3328 1903 3425 1956 τοῦ
3487 1903 3835 1999 προφητικοῦ

557 2011 970 2085 Persequemur,
999 2031 1113 2086 pro,
1147 2019 1503 2087 studebimus,
1534 2022 1702 2075 aiunt.
1721 2020 1870 2076 Tunc
1896 2032 1951 2077 et
1985 2043 2003 2075 ι
2037 2022 2142 2077 Re-

560 2118 872 2173 surgemus,
904 2116 958 2161 et
998 2107 1242 2161 vivemus
1277 2124 1460 2164 coram
1490 2111 1597 2166 illo.
1632 2130 1651 2163 ι
1695 2112 2142 2170 Consurrexiunts

559 2196 703 2250 enim
739 2213 857 2250 cum
892 2196 1110 2253 Christo
1142 2198 1219 2264 "l;
1247 2210 1298 2253 et
1331 2203 1581 2270 quoniam
1607 2220 1746 2260 unus
1775 2221 1871 2275 pro
1893 2208 2141 2263 omnibus

558 2298 804 2343 mortuus
837 2297 940 2354 est,
998 2291 1116 2360 ejus
1160 2292 1327 2347 vitam
1374 2293 1605 2349 vivimus
1654 2296 1722 2360 ”,
1772 2311 1879 2351 non
1915 2297 2024 2367 jam
2073 2298 2142 2354 ab

559 2381 734 2435 oculis
775 2379 868 2436 Dei
915 2391 1138 2451 propter
1176 2387 1664 2455 transgressionem
1705 2388 1918 2456 remoti,
1965 2403 2142 2460 neque

560 2487 819 2545 tanquam
855 2484 977 2545 post
1009 2485 1219 2545 tergum
1247 2487 1469 2547 propter
1493 2479 2012 2549 peccatumabjecti;
2043 2484 2138 2538 sed

558 2567 625 2621 ad
672 2579 1018 2636 conspecunn
1062 2569 1129 2623 de
1180 2579 1379 2625 caatero
1413 2571 1656 2635 admissi,
1690 2581 1743 2627 et
1783 2574 2029 2631 ﬁduciam
2084 2577 2137 2633 itt

558 2659 676 2728 ipso
696 2668 919 2729 propter
940 2659 1207 2730 justitiam
1237 2660 1289 2715 in
1313 2660 1526 2717 Christo
1558 2663 1837 2721 habentes.
1871 2665 1934 2720 Et
1955 2681 2049 2736 per
2077 2666 2140 2722 il-

556 2750 667 2805 lum
692 2753 854 2805 etiam
897 2753 1071 2820 ipsum
1116 2748 1335 2808 Patrem
1374 2770 1473 2809 nos
1498 2756 1834 2826 cognovisse,
1864 2769 1918 2813 et
1946 2758 2141 2814 Filium

556 2840 727 2895 nostri
754 2839 984 2896 similem
1016 2839 1240 2907 factum,
1272 2841 1661 2911 plenitudinem
1691 2844 1844 2900 nobis
1882 2860 2001 2902 esse
2024 2850 2143 2901 oui-

557 2931 645 2986 uis
664 2931 788 2986 boni
814 2930 1163 2999 conﬁtentur,
1186 2933 1450 2999 dicentes,
1485 2951 1504 2985 ι
1527 2933 1691 3001 Quasi
1718 2952 1875 2992 mane
1892 2948 2153 3017 paratum.

557 3021 896 3077 inveniemus
934 3037 1079 3085 eum,
1121 3041 1141 3075 ι
1182 3021 1284 3078 hoc
1326 3033 1433 3088 est,
1473 3033 1536 3078 ut
1567 3025 1746 3081 lumen
1782 3029 2054 3094 exoriens,
2084 3038 2142 3083 ut

2242 2001 2570 2072 μετροῦντος
2600 1999 2779 2067 λόγου.
2815 1998 2971 2063 Τότε,
3017 1995 3171 2068 φησὶ,
3209 2013 3229 2047 ι
3254 1992 3552 2066 Διώξομεν,
3571 1992 3667 2047 τοῦ
3691 1992 3837 2047 ειδέ-

2241 2108 2330 2144 ναι
2357 2090 2447 2145 τὸν
2471 2089 2695 2161 Κύριον.
2712 2108 2730 2139 ι
2758 2087 2853 2155 Τὸ,
2875 2086 3169 2158 Διώξομεν,
3187 2087 3308 2141 ἀντὶ
3323 2085 3417 2139 τοῦ
3443 2083 3836 2155 Σπουδάσομεν

2243 2183 2416 2253 φασί.
2466 2182 2600 2235 Τότε
2652 2181 2750 2235 καὶ
2799 2179 3235 2251 ἀναστησόμεθα,
3276 2178 3368 2232 καὶ
3414 2175 3692 2248 ζησόμεεὴι
3743 2174 3837 2229 ὲν-

2241 2275 2413 2329 ώπιον
2451 2273 2639 2329 αὑτοῦ.
2672 2272 3129 2344 Συνεγηγέρμεθα
3173 2271 3279 2344 γὰρ
3302 2269 3379 2341 τῷ
3418 2268 3640 2341 Χριστῷ
3664 2285 3679 2301 ·
3730 2269 3837 2323 καὶ

2242 2366 2434 2438 ἐπειδὴ
2466 2361 2546 2430 εἷς
2593 2364 2738 2437 ὑπὲρ
2760 2367 2983 2419 πάντων
3013 2362 3278 2430 ἀπέθανε,
3325 2362 3423 2434 τὴν
3450 2361 3616 2416 αὑτοῦ
3643 2361 3837 2432 ζῶμεν

2243 2460 2408 2531 ζωὴν,
2441 2458 2540 2512 οὐκ
2583 2460 2640 2526 ἐξ
2682 2457 2979 2530 ὀφθαλμῶν
3017 2457 3098 2511 ἔτι
3139 2457 3380 2528 κείμενοι
3413 2455 3571 2522 Θεοῦ,
3604 2455 3695 2510 διὰ
3728 2454 3838 2526 τὴν

2244 2556 2596 2629 παράϐασιν·
2637 2556 2761 2610 οὔτε
2815 2557 2923 2628 μὴν
2959 2557 3035 2621 ὡς
3075 2555 3398 2629 ἐρριμμένοι
3442 2554 3695 2621 κατόπιν,
3737 2553 3839 2607 διὰ

2241 2647 2339 2720 τὴν
2373 2647 2677 2720 ἁμαρτίαν·
2716 2647 2830 2701 ἀλλ’
2854 2649 2912 2701 ὲν
2944 2646 3063 2716 ὄψει
3101 2647 3288 2701 λοιπὸν
3326 2644 3698 2719 ἐνηνεγμένοι,
3730 2645 3837 2698 καὶ

2241 2740 2553 2814 παρρησίαν
2604 2739 2819 2811 ἔχοντες
2850 2740 2980 2814 παρ’
3019 2740 3191 2812 αὐτῷ,
3228 2739 3316 2795 διὰ
3365 2740 3463 2813 τὴν
3507 2742 3564 2794 ὲν
3603 2738 3838 2812 Χριστῷ

2239 2832 2605 2905 δικαιοσύνην.
2635 2833 2744 2887 Kal.
2767 2834 2848 2887 ὅτι
2877 2832 2945 2886 δι’
2973 2832 3162 2898 αὑτοῦ,
3191 2835 3287 2889 καὶ
3317 2833 3479 2889 αὑτὸν
3503 2832 3836 2903 ἐγνώκαμεν

2239 2924 2330 2978 τὸν
2360 2924 2602 2995 Πατέρα,
2631 2924 2716 2977 ὅτι
2746 2924 2803 2978 δὲ
2836 2925 3117 2996 πλήρωσις
3152 2928 3285 2997 ἡμῖν
3317 2928 3433 2980 ἐστι
3466 2926 3666 2989 παντὸς
3687 2924 3839 2994 ἁγαο

2241 3012 2333 3067 θοῦ
2361 3014 2484 3067 καθ’
2515 3016 2662 3086 ἡμᾶς
2690 3014 2930 3085 γεγονὼς
2950 3021 2979 3072 ὁ
3006 3018 3156 3087 Υἱὸς,
3178 3018 3505 3091 ὁμολογοῦσι
3533 3018 3795 3085 λέγοντες
3814 3033 3830 3049 δ

557 3113 747 3178 solem,
782 3122 842 3167 ut
880 3112 1217 3182 splendorem
1245 3113 1444 3184 fugatis
1488 3118 1746 3173 tenebris.
1798 3117 1914 3174 Erit
1956 3128 2132 3176 autem

2247 3123 2266 3158 ι
2301 3106 2391 3172 Ὠς
2418 3105 2616 3180 ὄρθρον
2656 3107 2871 3179 ἕτοιμον
2912 3112 3219 3184 εὑρήσομεν
3253 3111 3435 3178 αὐτὸν,
3467 3131 3484 3164 ι
3522 3111 3830 3179 τουτέστιν,

558 3205 715 3259 nobis
752 3222 770 3255 ι
819 3215 875 3257 ιιι
904 3204 1252 3271 tempestivus
1283 3216 1337 3260 et
1368 3207 1638 3263 serotinus
1672 3209 1864 3264 imber.
1909 3227 1930 3262 ι
1975 3208 2134 3279 Rigat

557 3295 701 3348 enim
738 3307 835 3349 nos
877 3294 968 3362 qui
1002 3293 1158 3349 ﬁdem
1201 3299 1561 3366 suscepimus,
1597 3307 1653 3353 et
1693 3300 1981 3355 adventum
2027 3301 2142 3370 ejus

560 3388 663 3441 rite
696 3387 1052 3455 cOguovimus
1096 3387 1294 3457 duplici
1333 3391 1515 3455 modo,
1568 3401 1627 3445 ut
1670 3392 1881 3461 opinor.
1919 3392 2141 3449 Revelat

560 3491 795 3547 namque
819 3476 871 3530 in
919 3477 1111 3546 spiritu
1150 3489 1394 3534 veterum
1434 3491 1489 3535 ει
1528 3482 1799 3549 legalium,
1837 3497 1892 3539 et
1923 3485 2141 3555 insuper

559 3570 997 3637 propheticarum
1033 3570 1405 3627 doctrinarum
1451 3575 1718 3629 notitiam.
1782 3574 1850 3629 Et
1894 3578 2028 3644 haec,
2078 3587 2141 3634 ut

558 3671 710 3728 puto,
748 3669 834 3715 est
879 3667 1229 3731 temporanea
1262 3662 1477 3733 pluvia:
1506 3666 1591 3720 cui
1621 3665 2017 3735 quodammodo
2045 3684 2137 3725 se-

558 3752 792 3804 rotinam
841 3751 1068 3816 addidit,
1116 3754 1444 3824 evangelica:
1488 3756 1787 3828 disciplina:
1841 3760 2129 3831 intelligen

559 3844 689 3898 tiam
735 3852 789 3898 et
819 3844 1233 3914 apostolicarum
1265 3847 1703 3916 praedicationum
1736 3853 2133 3920 optatissimum

555 3935 898 3991 beneﬁcium.
928 3934 1080 3993 Facti
1117 3952 1303 3995 sumus
1341 3950 1539 4008 autem,
1585 3953 1643 3998 ut
1683 3955 1767 4001 εει
1815 3949 1955 4017 apud
2011 3962 2136 4017 pro-

556 4025 795 4094 phetam,
829 4045 849 4078 ι
890 4039 1032 4083 terra
1058 4028 1260 4097 cupita.
1304 4048 1323 4082 ι
1360 4032 1438 4087 Ae
1470 4032 1697 4088 fortasse
1723 4036 1789 4088 de
1812 4035 1969 4090 nobis
1994 4036 2132 4105 psal-

555 4119 615 4173 lit
647 4119 839 4174 beatus
873 4119 1040 4175 David
1079 4139 1093 4176 :
1137 4140 1156 4174 ι
1200 4122 1443 4179 Visitasti
1489 4134 1708 4191 terram,
1763 4135 1817 4180 et
1848 4127 2130 4182 inebriasti

552 4229 694 4280 eam,
733 4215 1093 4284 multiplicasti
1122 4215 1448 4285 locupletare
1477 4232 1595 4271 eam
1619 4217 1684 4271 7°.
1721 4236 1739 4269 ι
1771 4216 2132 4283 Quamobrem

553 4305 699 4359 dedit
752 4306 983 4360 fructum
1035 4320 1223 4372 suum;
1276 4308 1665 4370 centesimum,
1713 4309 2132 4379 sexagesimum,

554 4396 887 4452 tricesimum
928 4399 995 4465 ⁷⁸,
1021 4400 1175 4469 juxta
1209 4414 1392 4452 vocem
1422 4398 1742 4452 Salvatoris.

2238 3201 2315 3265 ὡς
2340 3201 2456 3271 φῶς
2483 3203 2721 3274 ἁνίοχον,
2756 3205 2832 3268 ὼς
2864 3205 3037 3277 ἣλιον,
3082 3208 3157 3272 ὡς
3205 3208 3403 3281 αὐγὴν,
3431 3209 3832 3282 παρῳχηκότος

2237 3293 2333 3346 τοῦ
2366 3294 2613 3357 σκότους.
2650 3296 2844 3350 Ἔσται
2873 3298 2931 3351 δὲ
2972 3299 3108 3370 ἡμῖν
3144 3318 3161 3351 ι
3193 3299 3285 3365 Ὦς
3314 3300 3565 3372 πρώῖμός
3611 3317 3670 3354 τε
3733 3304 3832 3358 καὶ

2237 3386 2434 3459 aeneo;
2467 3389 2641 3452 ὐετός.
2673 3409 2691 3442 ι
2724 3390 2995 3460 Κατάρδει
3022 3391 3131 3464 γὰρ
3166 3393 3311 3464 ἡμᾶς
3345 3393 3472 3459 τοὺς
3514 3392 3612 3466 τὴν
3638 3392 3831 3448 πίστιν

2238 3480 2700 3553 είσδεδεγμένους,
2742 3484 2836 3536 καὶ
2873 3485 3255 3553 ὲπεγνωκότας
3286 3485 3463 3557 ὀρθῶς
3490 3488 3592 3559 τὴν
3624 3487 3829 3556 ἐπιφά-

2237 3591 2385 3628 νειαν
2413 3574 2602 3642 αὐτοῦ,
2632 3577 2775 3630 κατά
2797 3576 2995 3642 διττὸν,
3026 3572 3201 3650 οἶμαι,
3249 3580 3471 3651 τρόπον.
3521 3581 3831 3636 ’Λποκαλύ-

2243 3684 2367 3721 πτει
2398 3668 2498 3739 μὲν
2524 3668 2631 3741 γὰρ
2657 3669 2715 3721 ὲν
2738 3670 3011 3742 πνεύματι
3043 3672 3153 3726 τῶν
3181 3673 3425 3744 ἀρχαίων
3443 3691 3503 3728 τε
3551 3676 3647 3729 καὶ
3665 3692 3831 3748 νομι-

2243 3758 2358 3812 κῶν
2389 3760 2483 3812 καὶ
2511 3760 2647 3830 πρὸς
2677 3761 2889 3826 τούτοις
2934 3763 3014 3816 ἔτι
3048 3766 3402 3837 προφητικῶν
3437 3765 3829 3839 παιδευμάτων

2241 3851 2343 3923 τὴν
2385 3851 2608 3921 γνῶσιν.
2658 3853 2769 3906 Καὶ
2810 3854 2992 3921 τοῦτο,
3043 3853 3219 3927 οἶμαι,
3280 3859 3428 3912 ἐστὶν
3483 3861 3511 3913 ὁ
3569 3859 3831 3932 πρώῖμος

2245 3941 2420 4005 ὐετός.
2450 3942 2687 4013 Ὄψιμον
2721 3943 2777 3996 δὲ
2818 3943 3009 4016 ῶσπερ
3039 3945 3220 4020 [πρὸς]
3255 3950 3448 4022 ἐκείνῳ
3474 3950 3658 4005 δίδωσι
3710 3954 3829 4008 τῶν

2238 4034 2610 4103 εὑαγγελικῶν
2649 4036 3033 4108 παιδευμάτων
3061 4041 3159 4114 τὴν
3201 4044 3406 4113 νόησιν,
3456 4046 3550 4099 καὶ
3582 4047 3827 4102 ἀποστο-

2237 4126 2404 4180 λικῶν
2437 4130 2808 4199 κηρυγμάτων
2835 4132 2934 4203 τὴν
2961 4135 3283 4207 τριπόθητον
3300 4137 3478 4209 χάριν.
3510 4138 3826 4212 Γεγόναμεν

2238 4218 2316 4284 δὲ,
2348 4219 2423 4282 ὡς
2456 4223 2484 4274 ὁ
2515 4224 2801 4296 προςρήτης
2850 4215 3023 4298 φησιί
3059 4246 3078 4280 ι
3103 4228 3176 4299 Γῆ
3219 4229 3441 4303 θελητήο
3473 4250 3491 4283 ι
3538 4233 3634 4287 καὶ
3673 4234 3824 4306 τάχα

2242 4314 2373 4385 περὶ
2410 4316 2568 4386 ἡμῶν
2593 4317 2786 4387 ψάλλει
2810 4319 2984 4388 λέγων
3011 4323 3039 4375 ὁ
3073 4325 3342 4396 μακάριος
3377 4326 3574 4380 Δαϐίδο
3611 4345 3630 4379 ι
3687 4328 3823 4383 Ἑπ-

2242 4406 2457 4476 εσκέψω
2488 4408 2584 4478 τὴν
2606 4409 2728 4481 γῆν,
2762 4412 2856 4465 καὶ
2885 4411 3157 4484 ἐμέουσας
3177 4417 3369 4489 αὐτήν*
3390 4417 3695 4489 ὲπλήΟυνας
3720 4419 3818 4474 τοῦ

555 4491 855 4563 πλουτῆσαι
895 4492 1085 4564 αὐτήν.
1114 4511 1133 4545 ι
1204 4493 1316 4546 Καὶ
1365 4491 1497 4561 γοῦν
1542 4490 1742 4544 δέδωκε
1792 4491 1885 4545 τὸν
1922 4492 2135 4565 καρπὸν
2210 4496 2381 4567 αὐτῆς
2407 4500 2623 4567 ἑκατὸν,
2668 4503 2952 4576 ἐξήκοντα,
3004 4508 3099 4561 καὶ
3174 4508 3491 4582 τριάκοντα,
3539 4513 3681 4567 κατὰ
3715 4513 3821 4585 τὴν

550 4581 645 4641 τοῦ
672 4589 922 4661 Σωτῆρος
949 4589 1156 4661 φωνήν.

623 4677 787 4732 Vens.
817 4679 870 4732 5.
900 4678 1040 4744 Quid
1070 4678 1162 4730 tibi
1194 4677 1411 4745 faciam,
1447 4674 1742 4746 Ephraim?
1773 4680 1897 4748 quid
1929 4681 2021 4735 tibi
2044 4680 2129 4749 fa»

2308 4678 2368 4732 Τί
2389 4694 2485 4731 σοι
2515 4679 2769 4746 ποιήσω,
2802 4684 3084 4752 Ἐεςραΐμ;
3111 4689 3168 4740 τί
3193 4705 3289 4743 σοι
3319 4695 3571 4759 ποιήσω,
3591 4697 3820 4767 7066a,-

552 4771 708 4831 ciam,
744 4769 928 4824 Iuda?
962 4767 1328 4821 Misericordia
1375 4781 1547 4824 autem
1593 4785 1708 4823 mea
1759 4774 1909 4840 quasi
1970 4771 2128 4827 nubes

550 4864 838 4927 matutina,
863 4872 909 4915 et
933 4862 1087 4932 quasi
1125 4876 1208 4915 ros
1238 4862 1525 4915 matutinus
1550 4866 1925 4931 pertransiens.

623 4955 803 5010 LXIII.
836 4954 951 5010 Non
980 4963 1109 5010 sunt
1147 4956 1311 5011 verba
1350 4954 1647 5011 dubitantis
1696 4974 1710 5010 :
1766 4972 1938 5025 neque
1983 4958 2125 5012 enim

553 5050 836 5120 ignorabat
866 5047 1007 5102 Deus
1036 5048 1161 5116 quid
1187 5048 1497 5103 errantibus
1530 5050 1825 5118 expediret,
1867 5064 2040 5119 neque
2065 5050 2128 5104 il-

554 5140 661 5192 lum
720 5139 893 5190 virtus
946 5135 1148 5190 defecit
1205 5137 1270 5188 ad
1320 5139 1619 5205 praestanda
1674 5153 1792 5207 qum
1843 5140 2127 5194 diabolicis

555 5230 759 5299 laqueis
809 5228 1036 5283 irretitis
1091 5228 1350 5297 prodesse
1404 5239 1658 5299 possent;
1722 5231 1847 5299 quin
1907 5241 2130 5287 accusat

549 5337 643 5376 cos
688 5321 864 5390 potius
895 5319 1063 5388 quod,
1104 5335 1224 5374 cum
1280 5321 1346 5374 ad
1412 5322 1748 5376 curationem
1811 5323 1945 5377 nihil
2004 5324 2134 5393 ipsis

550 5416 780 5477 deesset,
817 5422 990 5466 latren
1037 5412 1236 5482 impetu
1285 5414 1590 5468 voluntario
1624 5417 1689 5469 ad
1742 5416 1924 5472 illicita
1975 5417 2133 5471 facti-

552 5508 711 5557 tanda
751 5501 1088 5558 deﬂexerint.
1118 5504 1347 5559 Perinde
1406 5507 1546 5559 enim
1590 5519 1667 5561 est
1718 5507 1949 5565 fortasse
1988 5526 2051 5566 ac
2086 5512 2130 5567 si

551 5597 697 5650 dicat
722 5611 738 5650 :
767 5594 929 5663 Cujus
964 5595 1308 5666 indulgentiae
1337 5606 1390 5650 ct
1431 5598 1614 5652 auxilii
1646 5602 1833 5654 modus
1860 5602 2132 5672 excogita-

624 5777 667 5808 °'
698 5776 908 5831 Coloss.
943 5794 1021 5844 ιιι,
1056 5778 1101 5831 i.
1181 5779 1224 5808 ’π’
1257 5778 1294 5830 ll
1318 5778 1443 5830 Cor.
1481 5792 1531 5841 ν,

2242 4770 2310 4824 Τὸ
2338 4770 2404 4823 δὲ
2425 4772 2597 4837 ἔλεός
2617 4790 2738 4841 μου
2759 4774 2839 4839 ὡς
2857 4775 3082 4845 νεφέλη
3104 4782 3352 4849 πρωίϊμὴ,
3380 4785 3477 4839 καὶ
3494 4787 3573 4853 ὼς
3593 4787 3820 4861 δρόσος

2235 4863 2474 4931 ὀρθρινὴ
2510 4865 2901 4935 πορευομένη.

2304 4955 2942 5049 ΞΓἏῨΟὺκΔὴπορηκότος
2982 4963 3010 5014 ὁ
3044 4962 3219 5033 λόγος’
3251 4967 3311 5020 οὐ
3340 4968 3450 5041 γὰρ
3489 4972 3555 5026 ἂν
3577 4974 3817 5049 ἠγνόησε

2233 5046 2367 5111 Θεὸς
2404 5048 2465 5100 τὸ
2511 5042 2624 5111 τοῖς
2672 5049 3047 5122 πλανωμένοις
3090 5057 3388 5130 χρήσιμον
3441 5064 3558 5119 ἀλλ’
3598 5042 3707 5120 οὔδ’
3732 5042 3819 5127 ’ἂν

2233 5140 2463 5210 ἡτόνησε
2523 5140 2657 5211 πρὸς
2700 5143 3036 5213 κατόρθωσιν
3068 5148 3176 5201 τῶν
3221 5149 3451 5219 ὠφελεῖν
3489 5161 3817 5228 πεφυκότων

2232 5230 2361 5294 τοὺς
2395 5231 2507 5292 τοῖς
2532 5230 2855 5295 διαϐολικοίς
2886 5235 3174 5301 ὲναλόντας
3198 5238 3432 5312 βρόχοις.
3471 5246 3813 5304 Ἐπαιτιᾶται

2233 5323 2289 5375 δὲ
2327 5323 2550 5393 μᾶλλον,
2581 5325 2959 5392 ἐκλελοιπότος
2991 5329 3091 5399 μὲν
3122 5326 3306 5397 αὐτοῖς
3333 5336 3441 5389 τῶν
3481 5339 3615 5409 πρὸς
3644 5342 3813 5413 059a-

2234 5413 2394 5466 πείαν
2422 5414 2664 5479 οὐδενὸς,
2696 5416 3024 5483 ὲθελουσιόις
3065 5420 3121 5475 δὲ
3170 5425 3373 5494 μᾶλλον
3424 5430 3814 5497 ἐκκεκλικότας

2230 5508 2430 5578 ὁρμαῖς
2457 5508 2553 5560 ἐπὶ
2578 5508 2639 5560 τὸ
2665 5507 2797 5578 δρᾷν
2828 5509 2864 5563 ἃ
2904 5513 2978 5584 μὴ
3020 5512 3197 5586 θέμις.
3246 5518 3474 5590 Ὅμοιον
3506 5524 3615 5595 γὰρ
3647 5524 3723 5588 ὡς
3758 5526 3811 5579 εί

2232 5601 2325 5653 καὶ
2365 5599 2512 5668 λέγοι
2573 5600 2756 5669 τυχόν
2794 5603 2950 5669 Ποῖος
2984 5606 3092 5679 ἄρα
3122 5610 3335 5679 φειδοῦς
3370 5615 3461 5669 καὶ
3492 5617 3811 5687 ἐπικουρίας

1726 5778 1770 5807 ⁷ο
1798 5777 1934 5830 ἷικςιΙ.
1968 5795 2115 5845 thv,
2141 5779 2226 5837 10.
2302 5782 2552 5837 "Matth.
2613 5801 2727 5852 xm,
2763 5786 2816 5840 8.
