4094 6462
315 342 420 399 165

1259 343 1818 401 COMMENTARIUS
1857 346 1920 400 IN
1963 345 2188 400 0813A.“
2231 346 2674 405 PROFIlETAM.

3506 357 3607 414 505

303 453 400 506 οὐκ
447 451 755 525 ἐξηύρηται
791 456 1033 526 τρόπος;
1072 454 1165 508 καὶ
1201 455 1250 506 τί
1285 456 1402 524 μετ’
1446 457 1632 510 ἐκεῖνα
1666 459 1905 529 ποιήσω;

2018 468 2100 510 tus
2134 475 2239 513 non
2283 461 2400 516 cst?
2442 469 2496 513 et
2543 463 2668 530 quid
2719 472 2837 530 post
2886 461 3001 516 haec
3045 462 3284 518 faciam?
3339 474 3610 535 quomodo

301 545 625 616 ἀποκρούσῃ
653 545 707 598 δὲ
738 547 890 609 ὅπως
925 548 1024 616 τὴν
1057 546 1405 617 ἀρρωστίαν;
1452 548 1483 618 ἢ
1517 549 1693 610 ποίοις
1723 549 1908 602 λοιπὸν

297 637 622 710 ἁγιασθήσῃ
655 640 1006 710 φαρμάκοις
1053 639 1209 709 Ἐξῆν
1239 639 1338 709 μὲν
1368 640 1477 711 γὰρ
1504 641 1631 711 ὑμῖν
1659 640 1732 704 ὡς
1763 643 1912 710 νεφέ-

297 730 394 800 λης
427 728 927 800 καταπιαινούσης,
973 730 1067 783 καὶ
1111 730 1318 800 σφόδρα
1358 729 1650 794 πλουσίως,
1693 733 1788 784 καὶ
1837 733 1910 796 ὡς

294 823 687 894 καταρδούσης
717 823 915 895 δρόσου
953 823 1054 893 τῆς
1097 824 1328 895 ἑωθινῆς
1380 825 1709 894 μεταλαχεῖν
1752 825 1906 878 δύναο

295 913 448 976 σθαι,
489 914 589 967 καὶ
633 912 798 967 τοῦτο
831 913 1186 985 ἀμφιλαφῶς,
1249 915 1348 983 τῆς
1389 915 1530 985 ἐμῆς
1571 916 1910 987 ἡμερότητος

293 1007 392 1057 καὶ
463 1005 811 1077 ἀσυγκρίτου
883 1007 1329 1077 φιλανθρωπίας·
1414 1009 1528 1061 ἀλλ’
1581 1009 1794 1072 οὐδενὸς
1848 1010 1909 1061 τὸ

293 1099 515 1168 χρῆμα,
536 1100 698 1170 φησὶ,
733 1098 1013 1168 ἠξιώσατε
1041 1100 1201 1170 λόγου
1228 1116 1242 1131 °
1274 1100 1408 1172 παρ’
1430 1101 1580 1154 οὐδὲν
1606 1102 1907 1173 πεποίησθε

286 1190 392 1262 τὴν
426 1189 576 1243 οὕτω
608 1193 817 1264 σεπτὴν
848 1192 944 1246 καὶ
968 1192 1297 1246 πολύευκτον
1332 1195 1518 1264 χάριν.

375 1283 677 1354 Ἀρμόσειε
709 1284 754 1337 δ’
788 1285 854 1338 ἂν
884 1285 965 1338 ὅτι
997 1283 1230 1355 μάλιστα
1255 1287 1320 1355 τῇ
1351 1285 1439 1338 διὰ
1469 1285 1704 1356 Χριστοῦ
1732 1285 1910 1357 δωρεᾷ

286 1375 390 1444 τῆς
425 1377 774 1448 προφητείας
794 1380 827 1448 ἡ
854 1377 1103 1447 δύναμις.
1129 1377 1300 1440 Αὐτὸς
1327 1377 1435 1448 γάρ
1462 1380 1610 1431 ἐστιν
1642 1381 1673 1450 ἡ
1706 1379 1908 1449 κατάρ-

286 1468 459 1520 δουσα
499 1469 727 1538 νεφέλη,
784 1471 1290 1540 ἡκαταπιαὶνουσα
1338 1471 1561 1542 δρόσος·
1591 1471 1789 1541 ἑωθινὴ
1829 1471 1903 1537 δὲ,

287 1559 372 1612 ὅτι
424 1561 576 1631 μετά
614 1560 786 1615 νύκτα
830 1561 1036 1634 τρόπον
1082 1561 1205 1615 τινα
1254 1564 1355 1634 τὴν
1387 1564 1460 1626 ὡς
1503 1567 1562 1616 ἐν
1606 1563 1765 1633 ἁχλύϊ
1814 1565 1906 1617 καὶ

289 1652 478 1722 σκότῳ
518 1655 827 1726 νοουμένην
881 1654 1194 1726 διαδολικῴ.
1257 1655 1753 1727 Καταπεφοίτηκεν
1811 1653 1906 1710 οὖν

283 1745 615 1816 οὐρανόθεν.
661 1747 913 1816 ’Λφίκται
949 1747 1058 1817 γὰρ
1102 1746 1313 1801 ἄνωθεν
1363 1748 1456 1802 καὶ
1503 1748 1653 1818 ποιρά
1689 1747 1904 1818 Πατρὸς

2015 552 2261 605 morbum
2292 552 2635 623 proﬂigahis?
2672 553 2781 624 97
2837 564 2929 609 aut
2972 557 3169 624 quibus
3222 559 3273 612 in
3333 570 3607 628 poster-un.

2013 644 2424 699 medicamentis
2472 649 2757 700 sanitatem
2805 648 3070 716 recipies?
3112 649 3248 704 Cum
3293 653 3436 706 enim
3471 654 3610 710 leni-

2013 745 2174 789 tatem
2207 747 2260 791 et
2288 737 2764 808 incomparabilem
2803 741 3192 811 benignitatem
3223 759 3394 799 meam
3428 755 3485 800 ut
3509 763 3610 800 nu-

2013 832 2131 886 bem
2202 831 2669 888 abundantissime
2730 835 3260 904 pinguefacienlcm,
3309 848 3365 893 et
3401 849 3460 894 ut
3524 857 3608 897 ro-

2013 939 2126 978 rem
2157 927 2478 978 matutinum
2521 928 2740 994 copiose
2779 917 3096 997 irrigantem
3129 934 3390 998 consequi
3423 948 3609 1002 posset-

2013 1017 2103 1080 tis,
2131 1031 2240 1069 rem
2270 1026 2474 1070 tantam
2515 1016 2667 1070 nihili
2699 1017 2944 1081 fecistis;
3001 1019 3233 1087 gratiam
3263 1019 3400 1074 adeo
3443 1038 3607 1077 vene-

2013 1110 2236 1164 randam
2269 1118 2323 1166 et
2369 1110 2622 1165 omnibus
2673 1110 2812 1166 votis
2857 1111 3218 1180 exoptandum
3275 1115 3607 1185 coatctnpsi-

2010 1209 2130 1256 Slls.

2081 1291 2358 1359 Prmcipue
2395 1302 2573 1346 autem
2601 1291 2653 1346 in
2686 1293 3033 1348 donationem
3066 1308 3163 1363 per
3197 1295 3474 1350 Christum
3507 1298 3608 1351 hoc

2009 1385 2326 1438 vaticinium
2357 1385 2665 1453 quadrabil.
2700 1386 2826 1439 Haec
2857 1396 2939 1440 est
2975 1402 3210 1456 namque
3239 1388 3472 1457 irrigans
3504 1405 3606 1442 nu-

2010 1473 2560 1543 bes,pinguci‘aciens
2605 1490 2727 1540 ros;
2790 1485 2845 1529 ct
2906 1477 3225 1539 matutinus,
3269 1479 3392 1546 quia
3451 1479 3607 1547 quasi

2011 1579 2130 1636 post
2159 1580 2394 1629 noetctu,
2437 1584 2554 1635 quae
2586 1568 2636 1621 in
2681 1569 2912 1638 caligine
2957 1581 3012 1624 et
3055 1571 3294 1625 tenebris
3326 1572 3608 1628 tliabolicis

2011 1660 2350 1730 intelligitur.
2397 1659 2688 1716 Descendit
2732 1661 2895 1730 igitur
2944 1662 3011 1716 de
3066 1662 3224 1717 caalo.
3273 1661 3429 1718 Venit
3461 1663 3605 1717 enim

2009 1753 2243 1820 thStlpt'l‘
2269 1763 2321 1804 et
2345 1769 2370 1805 a
2405 1751 2562 1805 Patre
2595 1752 2660 1806 ad
2692 1768 2791 1807 nos
2815 1753 3073 1809 Verbum.
3105 1773 3122 1804 ι
3150 1754 3548 1818 Pertransiens,
3579 1773 3598 1807 ι

283 1840 432 1911 πρὸς
484 1841 640 1910 ἡμᾶς
697 1841 725 1892 ὁ
783 1839 979 1907 Λόγος.
1030 1839 1466 1911 «Πορευομὲνηι
1519 1817 1597 1904 δὲ,
1639 1839 1719 1892 ὅτι
1758 1817 1902 1893 κατὰ

2011 1845 2137 1914 quia
2173 1858 2268 1911 per
2290 1859 2506 1897 otnncm
2548 1845 2637 1913 qui
2674 1845 2776 1898 sub
2803 1844 2942 1901 cmlo
2975 1855 3057 1900 est
3108 1849 3366 1901 mundum
3411 1862 3606 1917 perva-

283 1933 478 2004 πάσης
512 1933 737 2004 ἔρχεται
766 1931 868 2002 τῆς
906 1933 998 1986 ὑπ’
1043 1932 1293 2003 οὐρανόν.
1339 1933 1524 1987 Πλατὺ
1559 1934 1669 2004 γὰρ
1694 1933 1814 1986 λίαν
1843 1932 1904 1986 τὸ

283 2026 570 2096 σωτήριον
612 2026 902 2097 κήρυγμα,
968 2025 1062 2077 καὶ
1114 2024 1337 2096 ἁπάσης
1381 2026 1481 2096 τῆς
1536 2025 1627 2078 ὑπ’
1674 2025 1904 2096 οὐρανὸν

285 2117 589 2189 μονονουχὶ
621 2117 1023 2188 κατευρύνεται
1052 2135 1064 2148 ·
1100 2120 1280 2172 καίτοι
1305 2119 1397 2172 τοῦ
1416 2120 1580 2189 νόμου
1612 2119 1903 2172 συνεσταλ-

285 2212 460 2281 μένου
490 2211 697 2282 τρόπον
726 2211 874 2274 τινὰ,
910 2213 1005 2265 καὶ
1041 2211 1210 2282 μόνην
1247 2212 1345 2282 τὴν
1381 2211 1647 2264 Ἰουδαίων
1675 2228 1904 2282 περιπο-

281 2302 516 2366 λοῦντος
551 2300 761 2372 χώραν.
816 2319 834 2352 ι
861 2299 1109 2364 Γνωστὸς
1153 2301 1251 2371 μὲν
1279 2301 1386 2371 γὰρ
1412 2297 1479 2371 ἦν
1509 2304 1566 2354 ἐν
1605 2303 1836 2374 Ἰουδαίᾳ
1875 2303 1903 2355 ὁ

282 2395 444 2459 Θεὸς,
475 2414 494 2446 ι
545 2395 693 2449 κατὰ
722 2394 824 2466 τὴν
852 2392 947 2446 τοῦ
982 2393 1289 2457 Ψάλλοντος
1331 2399 1534 2466 φωνήν.
1561 2397 1805 2464 Ἔγνωκε
1847 2396 1902 2449 δὲ

284 2491 319 2560 ἡ
376 2488 650 2560 σύμπασα
696 2487 788 2540 τὸν
841 2490 952 2540 τῶν
1010 2485 1150 2540 ὅλων
1185 2487 1418 2558 Σωτῆρα
1458 2487 1550 2540 καὶ
1581 2487 1899 2558 Λυτρωτὴν,

281 2582 541 2634 τουτέστι
572 2581 832 2652 Χριστόν.

355 2675 467 2728 Διὰ
532 2674 716 2728 τοῦτο
779 2671 1110 2742 ἀπεθέρισα
1161 2672 1304 2738 τοὺς
1350 2671 1666 2741 προφήτας
1710 2669 1899 2740 ὑμῶν,

277 2767 622 2822 ἀπέκτεινα
653 2767 882 2833 αὐτοὺς
909 2767 980 2820 ἐν
1008 2766 1231 2836 ῥήματι
1258 2768 1558 2835 στόματός
1581 2783 1722 2835 μου.

355 2862 478 2914 ΞΔἏ
516 2860 740 2924 Φειδοῦς
765 2862 861 2915 καὶ
891 2862 1113 2932 ἀγάπης
1137 2861 1236 2931 τῆς
1263 2862 1343 2922 εἰς
1379 2860 1578 2921 αὐτοὺς
1603 2856 1899 2923 ἀπόδειξις,

285 2956 322 3024 ἡ
347 2954 465 3007 τῶν
490 2953 824 3007 πλανώντων
853 2954 1154 3026 ἀναίρεσις.
1178 2953 1440 3020 Γεγόνασι
1476 2951 1575 3022 μὲν
1598 2949 1700 3022 γὰρ
1715 2949 1902 3020 ψευδο-

290 3047 576 3116 προφῆται
628 3047 770 3100 κατὰ
814 3049 1042 3119 καιροὺς
1088 3047 1181 3100 ἐπὶ
1225 3045 1317 3100 τὸν
1373 3044 1610 3116 Ἰσραὴλ,
1655 3047 1766 3108 τοῖς
1808 3043 1900 3098 τοῦ

287 3139 443 3194 Βάαλ
477 3139 741 3210 τεμένεσι
781 3138 1266 3212 προσεδρεύοντες,
1303 3138 1398 3191 καὶ
1430 3136 1762 3200 πλανῶντες,
1805 3135 1900 3190 Kal.

297 3229 682 3301 πλανώμενοι,
709 3233 853 3284 κατὰ
880 3229 942 3284 τὸ
971 3231 1381 3302 γεγραμμένον.
1407 3229 1553 3300 Πλὴν
1601 3229 1900 3300 ἀνῄρηνται

283 3325 431 3377 κατὰ
465 3323 722 3394 καιροὺς,
768 3323 1243 3394 προηγορευκὸτος
1288 3321 1568 3376 καὶτοῦτο
1608 3322 1766 3386 Θεοῦ,
1811 3323 1906 3376 καὶ

280 3416 442 3467 ὁσίαν
481 3413 574 3466 ἐπ’
616 3414 800 3475 αὐτοῖς
844 3413 1228 3481 ἐξενεγκόντος
1260 3413 1358 3483 τὴν
1391 3411 1592 3481 ψῆφον.
1629 3413 1768 3474 Τοὺς
1807 3411 1906 3482 μὲν

281 3506 398 3578 γὰρ
465 3506 685 3559 ἀνεῖλεν
753 3505 936 3559 Ἠλιοῦ
993 3505 1145 3578 παρὰ
1195 3505 1255 3558 τὸ
1307 3504 1454 3558 Βάαλ
1498 3504 1902 3576 Θυσιαστήριον,

280 3598 786 3668 εἱκαιομυθοῦντάς
840 3615 904 3650 τε
956 3598 1051 3653 καὶ
1111 3598 1372 3669 λέγοντας
1396 3615 1410 3629 ·
1494 3616 1514 3651 ι
1569 3599 1905 3651 Ἐπάκουσον

283 3691 512 3766 suam
531 3691 701 3755 Βάαλ,
729 3691 1041 3746 ἐπάκουσον
1063 3689 1224 3760 ἡμῶν
1249 3707 1262 3721 ⁸
1289 3710 1308 3742 ι
1338 3691 1466 3755 τοὺς
1491 3690 1549 3743 δὲ
1580 3690 1905 3744 ἀπέκτεινεν

299 3787 469 3856 Ἱηοὺ,
519 3785 581 3838 ὃν
618 3783 848 3857 κέχρικε
888 3783 1112 3852 βασιλέα
1137 3783 1235 3837 ἐπὶ
1272 3783 1362 3838 τὸν
1406 3783 1624 3856 Ἰσραὴλ
1659 3786 1687 3837 ὁ
1729 3785 1906 3855 μακά-

288 3895 410 3949 ριος
456 3877 757 3948 προφήτης
809 3875 1085 3930 Ἑλισσαιὲ
1133 3877 1199 3930 δι’
1244 3878 1361 3940 ἑνὸς
1412 3877 1522 3930 τῶν
1577 3878 1901 3948 παιδαρίων,

283 3969 426 4023 Θεοῦ
454 3971 558 4024 καὶ
588 3970 750 4023 τοῦτο
783 3969 1042 4039 γενέσθαι
1066 3971 1514 4042 προστάττοντος.
1554 3973 1649 4036 Ὃς
1668 3972 1792 4024 ἐπεί
1822 3989 1906 4025 τοι

286 4063 614 4134 κεχρισται.
652 4062 790 4116 Θεοῦ
811 4065 924 4126 τοῖς
955 4064 1234 4118 πλανῶσιν
1265 4064 1710 4136 ὲπιμηνίσαντος,
1751 4065 1905 4136 πρῶ-

281 4173 377 4208 τον
417 4154 525 4225 μὲν
556 4153 736 4207 ἀνεῖλε
765 4153 858 4206 τὸν
888 4154 1116 4224 Ἀχαὰ6,
1143 4155 1230 4208 ἐπ’
1253 4153 1401 4225 αὐτῷ
1426 4154 1483 4207 δὲ
1515 4152 1613 4225 τὴν
1649 4152 1905 4220 Ἰεζάϐελ,

285 4243 413 4302 εἶτα
448 4247 584 4310 τοὺς
617 4247 769 4310 υἱοὺς
798 4245 989 4310 αὑτοῦ,
1011 4248 1138 4311 τοὺς
1173 4249 1231 4301 ὲν
1261 4247 1358 4319 ὅλῃ
1387 4245 1691 4318 Σαμαρείᾳ.
1731 4247 1908 4317 Προσ-

284 4342 674 4414 ποιησάμενος
708 4340 765 4394 δὲ
800 4339 862 4394 τὸ
893 4338 1182 4410 βούλεσθαι
1229 4340 1324 4393 καὶ
1355 4338 1626 4392 ἐπιτελεῖν
1652 4337 1729 4408 τῷ
1760 4338 1908 4393 Βάαλ

285 4437 538 4506 ἑορτὴν,
593 4435 805 4498 πάντας
852 4433 1181 4503 συνεκόμισε
1233 4431 1362 4494 τοὺς
1415 4431 1904 4502 ψευδοπροφήτας,

2007 1939 2100 1993 sit.
2141 1937 2308 1993 Valde
2343 1939 2487 1992 enim
2537 1939 2646 1993 late
2684 1938 2878 1994 dill‘usa
2924 1938 3224 1996 Salvatoris
3269 1942 3602 2009 praedicatio,

2008 2044 2214 2101 perque
2248 2031 2528 2086 universas
2550 2031 2699 2085 orbis
2727 2031 3032 2098 provincias
3059 2041 3265 2086 tantum
3301 2047 3406 2087 non
3433 2032 3607 2088 instar

2006 2124 2268 2194 germinis
2293 2124 2513 2178 dilatata
2561 2139 2624 2179 ac
2659 2134 2952 2195 propagata
3000 2134 3102 2190 est,
3137 2140 3260 2179 eum
3312 2125 3419 2192 lex,
3448 2126 3604 2196 quasi

2006 2226 2308 2282 contracta,
2358 2218 2528 2272 solam
2575 2217 2882 2274 Judaeorum
2936 2218 3269 2288 provinciam
3323 2222 3601 2291 complexa

2009 2311 2100 2366 sit.
2131 2331 2148 2363 ι
2180 2310 2351 2365 Notus
2374 2311 2517 2365 enim
2547 2311 2597 2365 in
2631 2309 2814 2365 Judtea
2867 2311 3006 2365 Deus
3035 2312 3103 2375 7',
3143 2329 3160 2363 ι
3209 2311 3366 2381 juxta
3414 2328 3600 2368 vocem

2006 2405 2326 2464 Psalmisltn.
2377 2403 2547 2459 Totus
2583 2414 2769 2459 contra
2817 2415 3084 2458 terrarum
3132 2404 3279 2459 orbis
3320 2406 3602 2462 universo-

2008 2517 2125 2553 rum
2184 2497 2474 2553 Dominum
2527 2497 3000 2568 Salvatoremque,
3046 2499 3147 2553 hoc
3182 2510 3266 2553 est
3301 2499 3601 2565 Christum,

2006 2590 2278 2660 cognovit.

2077 2685 2244 2739 Vens.
2297 2683 2350 2738 5.
2395 2679 2680 2750 Propterea
2727 2680 2990 2734 dentessui
3049 2681 3329 2750 prephctas
3380 2691 3600 2749 vestros,

2005 2777 2173 2831 occidi
2199 2791 2284 2830 eos
2312 2774 2364 2828 in
2400 2775 2551 2828 verbo
2587 2775 2697 2826 oris
2733 2774 2855 2824 mei.

2076 2866 2263 2922 LXIV.
2290 2865 2638 2934 Indulgentiae
2670 2875 2722 2919 et
2756 2863 3041 2919 charitatis
3081 2864 3132 2918 in
3186 2864 3333 2934 ipsos
3379 2865 3602 2920 demou-

2006 2962 2220 3026 stratio,
2273 2959 2646 3017 sedueentium
2693 2957 3019 3013 interfectio.
3072 2956 3414 3014 Exstiterunt
3453 2959 3602 3014 enim

2006 3055 2296 3125 aliquando
2333 3053 2817 3124 pseudoprophetaa
2859 3053 2909 3106 in
2959 3051 3148 3117 Israel,
3190 3052 3429 3107 delubris
3473 3050 3602 3106 Baal

1929 3177 1975 3240 Ο
2008 3147 2331 3210 assidentes,
2395 3143 2719 3200 seducentes
2755 3152 2810 3197 et
2837 3143 3045 3198 seducti
3110 3142 3178 3208 ⁷³,
3227 3150 3286 3196 ιιι
3328 3143 3595 3213 scriptum

2009 3250 2110 3296 est.
2151 3237 2539 3293 Verumtamen
2586 3237 2781 3291 deinde
2823 3235 3020 3291 sublati
3055 3244 3184 3289 sunt
3210 3250 3241 3288 e
3272 3235 3470 3301 medio,
3500 3249 3600 3303 po-

2007 3338 2222 3399 stquam
2279 3336 2335 3385 et
2377 3328 2478 3384 hoc
2526 3328 2666 3382 Deus
2730 3327 3014 3397 prmdixit,
3069 3335 3126 3380 et
3164 3325 3367 3395 justam
3411 3327 3463 3380 in
3507 3341 3604 3382 eos

2009 3421 2338 3476 sententiam
2378 3419 2520 3473 tulit.
2565 3417 2716 3473 Alios
2751 3417 2897 3472 enim
2939 3417 3138 3472 occidit
3170 3417 3314 3472 Elias
3342 3416 3494 3484 juxta
3518 3419 3602 3471 al-

2012 3522 2125 3566 tare
2147 3509 2303 3576 Baal,
2328 3510 2510 3565 inania
2543 3509 2867 3580 garrientes,
2904 3509 3252 3579 dicentesque
3285 3526 3300 3565 :
3343 3527 3361 3560 ι
3397 3508 3603 3565 Exaudi

2010 3618 2130 3668 nos,
2161 3602 2309 3668 Baal,
2337 3602 2532 3657 exaudi
2563 3616 2665 3656 nos
2703 3600 2781 3665 Ἠι;
2825 3619 2843 3652 ι
2895 3600 3030 3656 alios
3059 3599 3194 3655 Jehu
3222 3615 3381 3669 quem
3414 3601 3603 3656 beatus

2009 3697 2276 3766 propheta
2305 3695 2517 3750 Eliseus
2551 3709 2648 3763 per
2682 3693 2958 3750 servulum
3000 3707 3164 3762 super
3213 3691 3377 3746 Israel
3421 3707 3604 3762 regem

2011 3788 2165 3842 unxit
2189 3789 2258 3854 π,
2297 3789 2406 3843 Deo
2435 3797 2491 3841 et
2519 3788 2624 3842 hoc
2659 3788 2982 3857 imperante.
3023 3785 3126 3852 Qui
3155 3785 3246 3840 ubi
3272 3794 3469 3844 unctus
3494 3795 3603 3851 est,

2014 3880 2120 3936 Deo
2150 3881 2539 3950 impostoribus
2570 3881 2732 3944 irato,
2784 3879 3017 3950 primum
3048 3878 3266 3950 quidem
3303 3879 3421 3934 neci
3457 3879 3606 3935 dedit

2009 3973 2218 4038 Achab,
2270 3982 2390 4041 post
2426 3973 2602 4042 ipsum
2647 3970 2888 4038 Iezabel,
2937 3971 3133 4026 deinde
3166 3971 3308 4025 ﬁlios
3357 3972 3474 4041 ejus
3507 3985 3608 4040 per

2012 4071 2178 4117 totam
2213 4058 2540 4116 Samariam.
2577 4059 2642 4114 Et
2674 4060 2940 4115 simulans
2962 4059 3098 4113 velle
3138 4075 3198 4115 se
3233 4059 3359 4114 Baal
3405 4060 3604 4114 festum

2012 4169 2194 4226 agere,
2229 4169 2422 4210 omnes
2484 4152 2985 4223 pseudopmphetas
3027 4154 3398 4220 congregavit,
3437 4151 3610 4205 sacri-

2011 4249 2302 4318 ﬁciumque
2349 4255 2654 4317 praetexens
2681 4237 2782 4311 ,‘in
2819 4247 2980 4301 domo
3004 4243 3290 4299 conclusos
3340 4243 3406 4296 ad
3438 4257 3606 4296 unum

2012 4343 2263 4412 peremit.
2297 4341 2546 4396 Detraxit
2577 4339 2704 4396 item
2739 4339 2868 4392 Baal
2904 4339 3102 4409 ipsum,
3129 4346 3184 4392 et
3227 4345 3437 4391 statuas
3485 4336 3607 4406 ejus

2013 4435 2244 4502 exussit,
2276 4443 2335 4488 ut
2370 4433 2566 4490 litteris
2589 4433 2903 4488 mandatum
2929 4440 3032 4487 est.
3062 4431 3408 4501 lndulgentim
3443 4429 3608 4499 igitur

287 4532 386 4583 καὶ
426 4529 584 4581 Θύειν
619 4526 1081 4598 ὑποκρινάμενος,
1135 4524 1587 4595 συνειλεγμένους
1636 4526 1716 4587 εἰς
1757 4520 1904 4577 οἷκον

2014 4539 2069 4586 et
2102 4529 2410 4596 charitatis,
2438 4537 2496 4582 ut
2524 4527 2660 4592 dixi,
2698 4525 2812 4596 98
2841 4541 2969 4594 erga
3013 4524 3267 4579 lsraelem
3316 4536 3606 4593 argumen-

286 4618 621 4690 ἀπέσφαξεν
674 4620 799 4672 καο’
831 4618 954 4674 ἕνα.
1000 4617 1336 4672 Κατέσπασε
1389 4616 1446 4669 δὲ
1482 4617 1574 4668 καὶ
1615 4616 1779 4669 αὐτὸν
1813 4616 1905 4670 τὸν

290 4711 468 4776 Βάαλ,
520 4709 617 4762 καὶ
672 4709 772 4772 τὰς
817 4708 1019 4780 στήλας
1049 4707 1214 4761 αὐτοῦ
1258 4707 1566 4777 ἐνέπρησε·
1601 4707 1914 4778 γέγραπται

287 4806 399 4876 γὰρ
433 4803 561 4858 ὡδί.
617 4802 832 4857 ῡύκοῦν
862 4803 946 4856 ὅτι
975 4801 1210 4871 φειδοῦς,
1240 4802 1332 4854 καὶ
1367 4800 1608 4871 ἀγάπης.
1646 4801 1720 4865 ὡς
1751 4800 1910 4872 ἔφην,

286 4897 390 4966 τῆς
440 4897 527 4959 εἷς
570 4912 636 4964 γε
680 4895 771 4948 τὸν
814 4895 1032 4966 Ἰσραὴλ
1076 4893 1352 4961 ἀπόδειξις
1391 4889 1461 4964 ἦν
1502 4896 1534 4965 ἡ
1572 4893 1682 4946 τῶν
1719 4893 1910 4962 ψευδο-

2017 4635 2124 4675 tum
2157 4621 2521 4676 certissimum
2562 4632 2689 4674 esse
2734 4618 3336 4688 pseud0prophetarum
3380 4615 3604 4675 cazdem,

2013 4714 2197 4767 docuit
2226 4713 2310 4767 his
2345 4711 2530 4767 verbis
2560 4730 2572 4765 :
2616 4729 2634 4763 ι
2680 4710 2969 4780 Propterea
2997 4710 3270 4764 demessui
3313 4708 3609 4779 prophetas

2017 4815 2250 4860 vestros.
2288 4822 2306 4856 ι
2354 4804 2614 4874 Apposite
2655 4823 2672 4855 ι
2728 4802 3019 4865 dcmessui,
3080 4821 3099 4854 ι
3156 4801 3355 4872 inquit;
3413 4815 3609 4869 magno

2018 4897 2163 4951 enim
2199 4912 2444 4960 numero,
2478 4897 2654 4950 instar
2694 4896 2966 4966 spicarum
2998 4896 3231 4950 demessi
3273 4895 3608 4950 ceciderunt.

290 4985 602 5057 πῳφητῶν
655 4986 960 5056 ἀναίρεσις,
1004 4985 1265 5053 ἐδίδαξεν,
1327 4985 1496 5040 εἰπών
1529 5003 1540 5012 ·
1571 5006 1588 5038 ι
1610 4985 1710 5040 Διὰ
1751 4986 1910 5040 τοῦτο
1951 4987 2255 5059 ἀπεθέρισα
2315 4991 2443 5053 τοὺς
2488 4989 2778 5060 προφήτας
2809 4989 2985 5059 ὑμῶν.
3021 5008 3040 5041 ι
3082 4984 3156 5042 Εὖ
3180 4988 3237 5041 δὲ
3269 4986 3332 5058 δὴ
3365 4986 3486 5039 λίαν
3517 4984 3609 5039 καὶ

290 5084 374 5147 τὸ,
410 5102 429 5132 ι
460 5079 792 5150 ἀπεθέρισα,
823 5100 841 5132 ι
875 5081 1028 5150 φησί.
1063 5079 1394 5151 Πεπτὼκασι
1429 5079 1538 5152 γὰρ
1573 5081 1714 5134 κατά
1747 5081 1978 5152 πληθὺν,
2011 5083 2299 5153 ἀσταχύων
2327 5082 2484 5154 δίκην
2517 5080 2820 5153 ἀμώμενοι.

363 5173 482 5229 Καὶ
530 5171 597 5224 τὸ
639 5169 818 5240 κρῖμα
861 5188 982 5241 μου
1015 5171 1096 5236 ὡς
1138 5171 1267 5240 φῶς
1310 5170 1714 5235 ἐξελεύσεται,
1760 5171 1908 5225 διότι

287 5271 474 5334 ἔλεος
522 5265 718 5330 θέλω,
763 5265 803 5332 ἢ
850 5267 1093 5330 θυσίαν,
1138 5263 1236 5319 καὶ
1267 5264 1598 5332 ἐπίγνωσιν
1647 5264 1826 5332 Θεοῦ,
1868 5265 1907 5335 ἢ

289 5357 796 5426 ὁλοκαυτώματα.

367 5453 494 5507 ΞΗ.
540 5451 773 5520 Ἕτερον
833 5451 966 5519 ἡμῖν
1014 5446 1231 5517 φειδοῦς
1278 5447 1374 5501 καὶ
1420 5446 1642 5516 ἀγάπης
1684 5450 1784 5516 τῆς
1829 5448 1911 5510 εἰς

287 5547 501 5608 αὐτοὺς
538 5545 818 5614 ἐξηγεῖται
871 5543 1094 5612 τρόπον,
1135 5541 1213 5606 ὃς,
1261 5540 1420 5612 εἴπερ
1447 5539 1724 5592 τετέλεστο
1767 5540 1908 5592 κατὰ

287 5641 351 5696 τὸ
394 5636 558 5708 αὑτῷ
598 5635 813 5701 δοκοῦν,
869 5635 1111 5689 σέσωστο
1174 5634 1395 5704 σύμπας
1440 5637 1468 5687 ὁ
1523 5633 1760 5704 Ἰσραὴλ,
1816 5635 1910 5687 καὶ

362 5825 416 5858 ⁷³
465 5820 615 5877 Ps‘al.
652 5836 813 5889 ωιτν,
844 5819 900 5872 ‘3.

977 5819 1024 5851 ⁷³
1064 5818 1251 5874 Matth.
1297 5834 1448 5880 xx'tv,
1485 5816 1567 5872 ll.
1603 5815 1645 5848 η
1674 5813 1736 5870 ill
1781 5813 1912 5878 lira.
1947 5828 2101 5868 XVIII.
2145 5811 2234 5866 QG.

2098 5175 2254 5227 Vens.
2283 5175 2336 5230 6.
2380 5173 2735 5241 Etjudicium
2769 5191 2940 5228 meum
2971 5175 3125 5245 quasi
3168 5173 3263 5227 lux
3293 5171 3605 5242 egredietur,

2018 5269 2140 5337 quia
2171 5267 2587 5320 misericordiam
2614 5269 2748 5332 uolo,
2778 5276 2828 5320 et
2859 5283 2962 5321 non
2991 5267 3332 5337 sacriﬁcium,
3365 5275 3411 5318 et
3440 5264 3611 5319 scien-

2020 5359 2146 5411 tiam
2175 5359 2269 5412 Dei
2300 5362 2470 5430 magis
2503 5376 2659 5430 quant
2683 5360 3010 5414 holocausta.

2092 5449 2253 5505 LXV.
2290 5452 2466 5505 Alium
2498 5454 2848 5523 indulgentia:
2883 5451 3277 5519 charitatisque
3308 5464 3436 5520 erga
3488 5449 3607 5504 illos

2020 5545 2237 5598 modum
2272 5555 2519 5609 enarrat,
2561 5547 2652 5613 qui
2688 5546 2755 5608 si,
2790 5553 2849 5598 ut
2879 5545 2993 5612 ipse
3047 5542 3277 5605 volebat,
3327 5543 3393 5595 ad
3447 5542 3607 5597 linem

2019 5637 2313 5706 perductus
2340 5635 2500 5701 foret,
2537 5637 2821 5692 universus
2861 5636 3025 5691 Israel
3061 5646 3114 5692 et
3160 5634 3329 5691 Judas
3362 5644 3610 5691 servatus

2316 5811 2452 5867 “IV
2509 5811 2635 5881 Reg.
2677 5829 2751 5880 rx,
2813 5815 2858 5869 ι.
2931 5770 2946 5779 -
