3982 6478
475 329 576 386 ίϋἸ

1468 332 1527 388 S.
1568 332 1838 390 CYRILLI
1878 332 2354 389 ALEXANDRlNl
2390 332 2714 389 ARClllEP.

3635 342 3729 399 N38

470 459 641 506 esset.
679 436 793 503 Non
826 447 967 505 cnim
998 449 1370 506 tantummodo
1405 450 1792 508 sceleratorum
1827 453 2058 523 prophe-

2172 452 2391 516 Ἰούδας.
2419 453 2494 506 Οὐ
2517 452 2625 523 γὰρ
2653 452 2813 522 μόνον
2845 451 2943 523 τὴν
2974 452 3082 506 τῶν
3110 453 3339 507 ἀνοσίων
3367 454 3738 533 ψευδοπροφη-

472 553 648 597 tarum
681 541 1078 596 multitudinem
1105 541 1425 610 detotondit,
1461 542 1620 613 digna
1652 544 1704 597 in
1738 542 1861 599 illos
1883 553 2058 597 morte

470 633 798 690 constituta:
837 634 929 689 sed
963 633 1127 689 etiam
1159 636 1496 704 temporibus
1523 637 1639 691 suis
1661 636 1837 705 ipsum
1862 634 2057 690 Filium

472 726 622 781 misit
655 726 797 782 Deus
831 737 884 782 et
919 726 1101 793 Pater,
1140 728 1231 798 qui
1277 729 1545 798 sanguine
1590 728 1882 784 Israelitico
1928 742 2056 796 pro—

454 827 687 888 .gnatus,
719 835 830 890 pra:
857 820 980 875 aliis
1024 820 1221 876 bonam
1262 821 1379 891 ejus
1423 822 1759 876 voluntatem
1791 819 2059 891 pateface-

470 917 577 973 ret,
605 907 978 981 iudiciumque
1026 911 1351 968 declararet.
1396 911 1633 968 Proinde
1680 912 1893 967 dicebat
1927 910 2058 964 illud

471 1015 653 1069 peros
678 1001 996 1057 Davidicum
1034 1024 1046 1058 :
1089 1022 1108 1055 ι
1149 1003 1260 1073 Ego
1294 1006 1620 1059 constitutus
1666 1019 1785 1059 sum
1846 1018 1939 1057 rex
1989 990 2058 1056 ab

470 1106 535 1149 eo
570 1109 732 1157 super
782 1094 914 1150 Sion
961 1104 1197 1150 montem
1246 1105 1492 1151 sanctmu
1547 1095 1688 1164 ejus,
1730 1094 2060 1151 annuntians

471 1196 797 1255 pragceptum
848 1186 1058 1242 Domini
1105 1188 1173 1241 ⁷⁸.
1228 1205 1248 1239 ›
1302 1187 1366 1241 Et
1414 1203 1511 1257 per
1555 1188 1815 1256 seipsmn,
1865 1186 2059 1243 similis

472 1277 642 1330 nostri
662 1275 857 1338 factus.
889 1277 1054 1341 idest,
1082 1276 1243 1332 homo
1299 1295 1317 1328 ι
1338 1276 1385 1330 Λ
1427 1278 1752 1346 meipsonon
1771 1277 1960 1347 loquor
1978 1277 2059 1345 ﬂ;

471 1370 567 1423 sed
599 1368 692 1437 qui
726 1369 873 1424 misit
902 1383 988 1423 me
1015 1366 1201 1433 Pater,
1251 1368 1368 1439 ipse
1411 1370 1686 1424 mandavit
1740 1370 1870 1424 mihi
1929 1369 2059 1439 quid

471 1459 668 1523 dicam,
695 1467 752 1513 et
773 1459 899 1529 quid
924 1458 1116 1530 loquar
1148 1459 1214 1514 ⁷⁸.
1255 1478 1275 1512 ι
1313 1459 1492 1530 Inquit
1517 1474 1668 1531 ergo,
1700 1478 1720 1513 ι
1752 1460 2062 1532 egredietur

464 1550 726 1619 judicium
755 1566 931 1605 meum
961 1562 1019 1607 ut
1053 1552 1168 1619 lux,
1203 1572 1224 1607 ι
1260 1555 1364 1611 hoc
1400 1564 1507 1621 est,
1532 1570 1640 1611 non
1681 1555 2060 1627 anigmatibus

469 1643 790 1698 obumbrata
822 1643 1073 1700 voluntas
1105 1662 1247 1711 mea,
1279 1649 1373 1703 sed
1415 1648 1557 1702 nude
1602 1658 1659 1703 et
1701 1659 1888 1719 aperte
1939 1663 2060 1703 om-

470 1736 620 1789 nium
653 1736 927 1791 mentibus
975 1737 1281 1794 inhaerebit.
1330 1737 1469 1794 Olim
1514 1748 1696 1794 autem
1738 1749 2059 1810 praesentem

2161 543 2271 597 τῶν
2291 543 2552 616 ἀπέκειρε
2576 543 2806 613 πληθὺν,
2830 544 2922 598 τὸν
2947 545 3128 606 αὐτοῖς
3152 545 3430 614 πρέποντα
3455 548 3736 620 καθορίσας

2162 633 2415 702 θάνατον,
2461 634 2601 689 ἀλλά
2634 636 2728 689 καὶ
2771 635 2935 689 αὐτὸν
2976 635 3119 689 κατά
3152 637 3375 708 καιροὺς
3411 636 3622 711 ἔπεμψε
3655 643 3741 697 τὸν

2162 725 2291 779 Υίδν
2332 728 2362 778 6
2397 725 2530 789 Θεὸς
2570 726 2665 780 καὶ
2716 727 2926 798 Πατὴρ,
2985 729 3354 800 σαφηνιοῦντα
3403 731 3500 785 καὶ
3535 734 3638 806 πρό
3680 751 3738 801 γε

2159 816 2268 869 τῶν
2300 815 2476 871 ἄλλων
2505 818 2617 880 τοῖς
2646 817 2706 882 ἐξ
2737 818 2972 889 αἵματος
3016 819 3234 892 Ἰσραὴλ
3260 824 3321 873 τὸ
3343 820 3545 890 ἀγαθὸν
3582 824 3740 879 αὑτοῦ

2160 906 2394 978 θέλημα,
2439 909 2535 961 καὶ
2585 908 2814 980 ἐναργὲς
2860 909 3212 965 καθιστῶντα
3240 911 3303 965 τὸ
3340 916 3514 985 κρῖμα
3558 915 3737 973 αὐτοῦ.

2160 999 2451 1072 Τοιγάρτοι
2473 1000 2784 1070 καὶξέφασκε
2822 1002 2893 1056 τά
2930 1002 3061 1076 [διὰ]
3104 1004 3203 1075 μὲν
3237 1006 3417 1076 φωνῆς
3441 1007 3738 1064 τοῦΔαϐίδ’

2167 1107 2187 1142 ι
2236 1091 2378 1160 Ἐγὼ
2398 1091 2454 1145 δὲ
2489 1092 2831 1164 κατεστάθην
2870 1094 3123 1164 βασιλεὺς
3150 1094 3242 1149 ὑπ’
3270 1096 3459 1163 αὑτοῦ,
3489 1098 3582 1152 ἐπὶ
3609 1099 3741 1155 Σιὼν

2160 1180 2287 1252 ὅρος
2313 1182 2374 1237 τὸ
2397 1182 2553 1252 ἆγιον
2577 1182 2770 1250 αὐτοῦ,
2805 1185 3136 1255 διαγγέλλων
3162 1187 3225 1241 τὸ
3269 1188 3599 1261 πρόσταγμα
3633 1194 3744 1246 Ku-

2164 1273 2302 1345 ρίου.
2328 1293 2347 1328 ι
2408 1275 2582 1339 am;
2611 1275 2670 1331 δὲ
2714 1277 2782 1331 δι’
2833 1277 3030 1332 ἑαυτοῦ
3078 1279 3369 1351 γενόμενος
3410 1280 3534 1335 καθ’
3576 1283 3740 1353 ἡμᾶς,

2159 1366 2465 1435 τουτέστιν,
2499 1366 2597 1423 ἀνθ
2608 1385 2788 1440 ρωπος
2811 1409 2826 1437 ,
2872 1388 2891 1423 ι
2914 1370 3036 1424 Ἀπ’
3058 1370 3298 1440 ἐμαυτοῦ
3327 1372 3389 1426 οὐ
3424 1372 3571 1427 λαλῶ
3591 1389 3604 1404 ·
3632 1374 3743 1429 ἀλλ’

2160 1459 2190 1513 6
2241 1458 2466 1531 πέμψας
2514 1477 2582 1532 με
2625 1459 2833 1533 Πατὴρ,
2880 1461 3047 1527 αὐτός
3092 1480 3183 1534 μοι
3229 1463 3451 1537 ἐντολὴν
3486 1464 3656 1520 ἔδωκε
3695 1466 3745 1519 τί

2162 1551 2337 1615 είπω,
2391 1549 2486 1604 καὶ
2541 1551 2597 1605 τί
2640 1549 2876 1622 λαλήσω.
2907 1570 2927 1605 ι
2959 1583 3036 1597 -—
3067 1571 3086 1605 ι
3118 1552 3491 1621 Ἐξελεύσεται
3535 1554 3599 1627 δὴ
3656 1552 3745 1610 οἶν

2161 1641 2223 1695 τὸ
2277 1641 2455 1713 κρῖμά
2513 1658 2650 1713 μου,
2695 1642 2899 1713 φησὶν,
2930 1643 3009 1706 ὡς
3047 1642 3225 1714 φῶς,»
3271 1645 3580 1714 τουτέστιν,
3637 1646 3745 1701 Οὐκ

2166 1735 2457 1807 αἰνίγμασι
2481 1735 2949 1807 κατεσκιασμένον
2993 1735 3058 1790 τὸ
3100 1734 3312 1806 θέλημα
3339 1735 3404 1790 τὸ
3432 1736 3585 1809 ὲμὺν,
3614 1737 3745 1793 ἀλλά

474 1826 882 1882 Emmanuelem
934 1829 1188 1885 seductos
1234 1844 1338 1883 non
1390 1829 1457 1884 ad
1512 1828 1710 1901 legales
1771 1831 2058 1902 religiones

2163 1823 2390 1895 γυμνῶς
2462 1824 2558 1878 καὶ
2623 1823 2920 1896 ἀκρύπτως
2971 1826 3093 1889 ταῖς
3155 1826 3414 1881 ἁπάντων
3481 1827 3745 1893 διανοίαις

474 1928 894 1986 revocaturum;
942 1935 1043 1976 nec
1082 1936 1201 1991 qua:
1232 1922 1285 1976 in
1325 1920 1510 1992 figuris
1542 1925 1722 1979 adhuc
1755 1932 1809 1979 et
1853 1922 2057 1979 umbris

474 2011 862 2082 contingebant
890 2013 1157 2069 honorare
1191 2030 1508 2081 suasurum;
1543 2016 1722 2085 petius
1762 2025 1939 2071 autem
1988 2014 2056 2071 ad

472 2102 802 2171 aequitatem,
837 2104 1238 2173 benignitatem,
1270 2107 1724 2174 misericordiam,
1759 2117 1815 2162 et
1862 2107 1929 2164 ad
1969 2122 2058 2163 ve-

474 2208 587 2248 ram
624 2195 954 2265 minimeque
999 2195 1234 2251 fucatam
1281 2198 1372 2253 Dei
1416 2198 1749 2271 agnitionem
1797 2199 2059 2255 deductu-

474 2300 615 2354 rum,
652 2302 874 2358 scopum
911 2289 1078 2355 hunc,
1112 2290 1355 2359 inquam,
1401 2290 1591 2362 judicii
1638 2291 1857 2363 planum
1905 2290 2057 2359 facit,

472 2388 528 2434 et
556 2380 650 2445 ait,
692 2399 709 2432 ι
745 2380 882 2447 Quia
924 2384 1351 2440 misericordiam
1400 2386 1543 2451 volo,
1586 2396 1641 2441 et
1697 2400 1803 2442 non
1844 2383 2059 2443 sacrifi-

473 2472 639 2539 cium,
674 2483 729 2529 et
758 2475 1040 2531 scientiam
1076 2476 1168 2533 Dei
1215 2479 1390 2550 magis
1430 2493 1593 2551 quam
1649 2478 1985 2537 holocausta.
2034 2498 2054 2534 ι

472 2561 611 2630 Quid
650 2564 794 2620 enim
827 2566 1041 2622 dicebat
1077 2567 1367 2622 Salvator?
1417 2586 1435 2620 ι
1490 2567 1682 2624 Omnia
1720 2569 1881 2641 igitur
1908 2583 2059 2639 qua:-

472 2670 682 2726 cunque
712 2656 873 2712 vultis
900 2667 958 2712 ut
1004 2657 1206 2715 faciant
1255 2660 1409 2716 vobis
1453 2660 1719 2729 homines,
1762 2662 1951 2717 eadem
2006 2670 2066 2719 et

471 2760 569 2801 vos
598 2746 703 2803 illis
728 2747 890 2805 facite
917 2749 1168 2805 similiter
1199 2751 1266 2805 ⁷⁸.
1329 2769 1348 2804 ι
1388 2749 1560 2807 Tenet
1601 2761 1778 2805 autem
1821 2765 1928 2806 non
1966 2765 2061 2823 po-

473 2849 706 2895 stremas
737 2840 879 2912 apud
920 2840 1112 2907 Deum,
1155 2843 1247 2912 qui
1288 2841 1607 2897 cbaritatem
1661 2851 1902 2899 exercet.
1941 2861 1960 2895 ι
2000 2841 2059 2897 In

474 2932 598 2995 hoc,
635 2931 838 3001 inquit,
862 2944 1194 3002 cognoscent
1223 2947 1432 2996 omnes,
1482 2933 1624 3004 quod
1659 2933 1907 3003 discipuli
1952 2934 2093 2999 mei

473 3023 626 3089 estis,
659 3023 704 3077 si
753 3022 1099 3079 dilectionem
1152 3024 1451 3080 habueritis
1492 3026 1559 3080 ad
1621 3026 1852 3082 invicem
1906 3026 1972 3079 ⁸⁸.
2034 3045 2054 3079 ι

470 3109 591 3166 Jam
640 3111 790 3165 illum
839 3114 908 3168 ad
941 3127 1000 3169 se
1037 3115 1348 3169 adeuntium
1399 3116 1611 3171 animos
1654 3116 1721 3171 ad
1770 3116 2056 3172 scientiam

2160 1914 2496 1982 ἐγκείσεται.
2529 1913 2652 1969 Ὀτι
2681 1914 2739 1969 δὲ
2766 1913 3070 1986 ἀφιγμένος
3113 1915 3255 1970 κατὰ
3286 1918 3518 1989 καιροὺς
3544 1920 3574 1973 6
3620 1920 3747 1990 Ἐμ-

2162 2004 2426 2076 μανουὴλ,
2474 2004 2577 2060 οὐκ
2621 2005 2719 2059 ἐπὶ
2765 2006 2999 2078 νομικὴν
3049 2008 3287 2077 μετοίσει
3325 2008 3587 2079 λατρείαν
3630 2010 3750 2076 τοὺς

2158 2097 2632 2169 πεπλανημένους,
2692 2096 2817 2152 οὔτε
2864 2100 2972 2171 μὴν
3029 2099 3100 2153 τὰ
3153 2102 3214 2155 ὲν
3266 2100 3464 2167 τύποις
3522 2101 3602 2156 ἔτι
3661 2102 3751 2159 καὶ

2161 2192 2344 2255 σκιαῖς
2398 2191 2684 2245 ἀναπείσει
2733 2193 2921 2263 τιμᾷν,
2971 2193 3269 2263 ἀποκομιεί
3317 2192 3377 2247 δὲ
3438 2193 3637 2266 μᾶλλον
3677 2196 3753 2260 εἰς

2160 2282 2486 2350 ἐπιείκειαν,
2531 2283 2626 2337 καὶ
2657 2284 3025 2354 χρηστότητα,
3070 2285 3164 2338 καὶ
3193 2285 3629 2357 εύσπλαγχνίαν,
3666 2287 3755 2341 καὶ

2159 2374 2241 2436 είς
2281 2372 2505 2444 ἀγάπην
2543 2372 2643 2444 τὴν
2685 2373 2827 2445 πρὸς
2861 2374 3144 2447 ἀλλήλους,
3175 2377 3270 2430 καὶ
3305 2378 3396 2440 εἰς
3436 2377 3609 2449 ἀληθῆ
3664 2378 3753 2431 καὶ

2159 2464 2597 2536 άπαραλόγιστον
2631 2465 2930 2535 ἐπίγνωσιν
2974 2466 3068 2521 τοῦ
3113 2467 3273 2532 Θεοῦ,
3309 2468 3460 2539 σαφῆ
3497 2485 3591 2522 του
3631 2469 3747 2541 κρί-

2167 2573 2339 2628 ματος
2370 2556 2625 2611 ἀποτελεῖ
2665 2556 2757 2611 τὸν
2783 2557 3009 2621 σκοπὸν,
3043 2558 3140 2613 καί
3177 2575 3370 2631 φησιν,
3410 2580 3428 2613 ‹
3450 2560 3575 2613 ὐτι
3606 2560 3749 2623 ἔλεος

2166 2649 2335 2713 Θέλω,
2368 2649 2552 2704 καὶού
2585 2649 2777 2705 θυσίαν
2824 2652 2919 2703 καὶ
2955 2650 3251 2719 ἐπίγνωσιν
3279 2651 3441 2714 Θεοῦ,
3472 2651 3505 2723 ἢ
3541 2652 3752 2705 ὁλοκαυ-

2159 2742 2408 2813 τώματα.
2435 2761 2454 2795 ι
2505 2741 2572 2796 Τί
2615 2742 2727 2815 γὰρ
2754 2742 2995 2812 ἔφασκεν
3040 2744 3069 2796 6
3101 2743 3334 2815 Σωτήρ;
3389 2744 3613 2799 ιΠάντα
3661 2740 3751 2797 οὖν

2159 2835 2260 2889 ὅσα
2286 2835 2380 2889 ὲάν
2414 2834 2608 2907 θέλητε
2641 2836 2728 2889 ἵνα
2760 2834 2991 2889 ποιῶσιν
3033 2836 3163 2907 ὑμῖν
3192 2837 3243 2888 οι
3272 2834 3582 2906 ἄνθρωποι,
3617 2833 3750 2888 οὕτω

2159 2928 2255 2982 καὶ
2278 2929 2437 2999 ὑμεῖς
2462 2931 2666 2982 ποιεῖτε
2692 2929 2876 2992 αὐτοῖς
2914 2929 3137 2998 ὁμοίως.
3165 2947 3184 2980 ι
3213 2930 3333 2999 Χρῆ
3345 2946 3424 2998 μα
3449 2928 3505 2982 δὲ
3540 2929 3622 2983 ὅτι
3654 2925 3753 2995 μάο

2159 3019 2316 3073 λιστα
2341 3019 2494 3092 παρά
2524 3019 2645 3092 Θεῷ
2670 3020 2852 3092 τίμιον
2881 3020 2982 3093 τὴν
3004 3021 3225 3089 ἀγάπην
3264 3022 3602 3083 ἐπιδεικνὺς,
3627 3036 3651 3073 α
3668 3018 3754 3072 Ἐν

2160 3110 2335 3182 τούτῳ
2379 3115 2680 3179 γνώσονται
2728 3112 2953 3176 πάντες,
3006 3114 3163 3183 φησὶ,
3204 3113 3287 3166 ὅτι
3343 3112 3474 3184 ἐμοὶ
3524 3094 3752 3185 μαθηταί

472 3204 589 3260 veri
617 3204 710 3260 Dei
738 3205 1013 3272 eduxisse,
1059 3222 1167 3277 quo
1221 3217 1379 3277 pacto
1426 3208 1659 3263 dubitari
1707 3208 1915 3278 potest?
1956 3207 2058 3263 Se-

2162 3181 2316 3268 ὲστε,
2342 3204 2438 3258 ὲάν
2473 3204 2697 3275 ἀγάπην
2728 3204 2892 3277 ἔχητε
2918 3205 3000 3269 είς
3035 3181 3320 3276 ἀλλήλους.
3353 3181 3393 3257 si
3412 3181 3539 3260 Ὀτι
3569 3203 3626 3259 δὲ
3651 3202 3755 3257 τῶν

473 3293 650 3368 ipsum
683 3298 827 3353 enim
865 3299 1020 3354 nobis
1060 3314 1157 3369 pro
1190 3300 1420 3371 imagine
1459 3301 1732 3357 Geuitoris
1758 3301 2059 3371 proposuit,

473 3403 597 3442 cum
631 3389 770 3443 dixit
798 3388 1043 3460 Philippo
1072 3405 1330 3460 germano
1361 3391 1623 3462 discipulo
1650 3411 1662 3446 :
1694 3410 1714 3445 ι
1757 3391 1871 3446 Non
1928 3407 2063 3448 cre-

475 3482 557 3538 dis
608 3483 735 3552 quia
770 3495 873 3553 ego
910 3482 964 3537 in
998 3481 1181 3549 Patre,
1211 3482 1325 3553 99
1353 3493 1407 3538 et
1433 3482 1593 3539 Pater
1627 3485 1681 3539 in
1710 3498 1796 3540 me
1830 3485 1946 3541 est?
1967 3485 2061 3555 qui

471 3574 609 3629 vidit
643 3588 747 3640 me,
773 3575 907 3629 vidit
937 3584 993 3630 et
1023 3574 1239 3631 Patrem
1269 3576 1336 3629 °'.
1366 3575 1478 3647 Ego
1505 3585 1560 3629 et
1583 3576 1748 3631 Pater
1772 3591 1937 3631 unum
1969 3592 2063 3632 su-

442 3682 594 3744 _mus
643 3669 708 3720 θ’.
767 3685 786 3720 ι
818 3667 973 3734 Quod
1002 3667 1046 3723 si
1081 3668 1201 3738 quis
1229 3676 1285 3723 et
1316 3668 1493 3739 ipsum
1544 3668 1742 3724 Filium
1791 3668 2061 3726 alIirmare

476 3758 706 3814 voluerit
732 3760 907 3816 Patris
948 3760 1380 3815 misericordiam
1410 3775 1553 3824 esse,
1603 3762 1749 3817 omni
1792 3763 2060 3818 sacrificio

476 3860 533 3904 et
566 3850 889 3906 bolocausto
937 3851 1199 3921 majorem
1238 3857 1386 3904 recte
1433 3849 1740 3905 allirmabit.
1777 3851 1869 3905 Sic
1913 3852 2056 3905 cnim

472 3957 500 3996 a
536 3941 713 3996 divina
743 3939 1024 4009 Scriptura
1052 3947 1277 3995 vocatus
1305 3950 1412 3994 est.
1444 3940 1565 4011 Ipse
1588 3940 1733 3995 enim
1768 3940 1963 3995 alicubi
1992 3942 2060 3995 de

474 4032 593 4102 ipso
621 4032 763 4086 Deus
793 4041 849 4086 et
877 4031 1038 4087 Pater
1068 4032 1226 4088 nobis
1256 4031 1385 4087 dicit
1415 4050 1431 4088 :
1462 4049 1481 4083 ι
1513 4032 1920 4102 Appropinqttat
1949 4032 2058 4085 cito

467 4124 676 4194 justitia
711 4139 851 4192 mea,
891 4133 948 4178 et
973 4123 1345 4181 misericordia
1392 4139 1510 4179 mea
1544 4132 1602 4179 ut
1638 4124 1903 4178 reveletur
1927 4123 1994 4177 ⁸³.
2032 4142 2052 4174 ι

476 4216 542 4270 Et
577 4216 845 4287 Propheta
878 4217 947 4273 ad
992 4217 1143 4273 illum
1177 4233 1191 4271 :
1240 4237 1260 4271 ι
1311 4219 1547 4274 Ostende
1601 4218 1778 4280 nobis,
1811 4217 2057 4281 Domine,

475 4308 899 4363 misericordiam
926 4320 1095 4379 tuam,
1114 4320 1169 4365 et
1184 4310 1419 4367 salutare
1447 4321 1597 4365 tuum
1610 4310 1676 4364 da
1696 4310 1853 4365 nobis
1872 4307 2018 4364 “'8‘.
2032 4327 2051 4362 ι

479 4398 616 4455 Vere
641 4401 784 4456 enim
814 4402 1189 4459 misericordia
1222 4420 1250 4457 a
1280 4404 1443 4458 Patre
1468 4410 1552 4458 est
1576 4402 1847 4465 Christus,
1872 4410 2058 4470 utpote

2162 3297 2497 3369 προσιόντων
2519 3297 2609 3353 τὸν
2651 3298 2776 3353 νοῦν
2805 3297 3096 3369 ἀνεκόμιξε
3144 3297 3282 3368 πρὸς
3317 3297 3627 3369 ἐπίγνωσιν
3665 3294 3756 3350 τοῦ

2162 3390 2304 3446 κατά
2344 3390 2602 3463 ἀλήθειαν
2652 3391 2805 3454 ὄντος
2840 3390 3000 3455 Θεοῦ,
3051 3389 3169 3455 πῶς
3207 3390 3275 3445 ἂν
3309 3393 3419 3447 καὶ
3470 3390 3754 3447 ὲνδοιάσειέ

2158 3500 2274 3550 τις;
2315 3484 2542 3538 Ἑαυτὸν
2564 3484 2672 3556 γάρ
2694 3486 2826 3556 ἡμῖν
2857 3484 2938 3549 είς
2961 3483 3147 3537 είκόνα
3189 3484 3283 3538 τοῦ
3314 3484 3761 3558 γεγενῘν]ηκότος

2159 3576 2478 3650 παρετίθει,
2545 3576 2719 3646 λέγων
2766 3576 2844 3648 τῷ
2904 3576 3120 3648 γνησίῳ
3178 3576 3403 3650 μαθητῇ
3467 3577 3758 3649 (Φίλιππος

2159 3664 2314 3734 οὗτος
2345 3666 2436 3743 ἦν)
2462 3686 2478 3703 ο
2511 3689 2530 3722 ι
2554 3671 2630 3723 Οὐ
2651 3668 2953 3733 πιστεύεις,
2985 3669 3067 3722 ὅτι
3088 3654 3199 3738 ἐγὼ
3222 3670 3281 3722 ὲν
3307 3669 3389 3741 τῷ
3412 3667 3715 3741 Πατρὶ,καὶ
3731 3667 3759 3720 6

2159 3763 2352 3836 Πατὴρ
2417 3765 2474 3816 ὲν
2529 3761 2651 3832 ὲμοί
2718 3762 2897 3825 ὲστινς
2958 3763 2988 3814 6
3041 3761 3307 3831 ἑωρακὼς
3377 3762 3500 3833 ἐμὲ,
3548 3760 3757 3832 ἑώρακε

2157 3856 2250 3910 τὸν
2275 3855 2511 3928 Πατέρα.
2550 3851 2692 3923 Ἐγὼ
2730 3853 2825 3907 καὶ
2854 3853 2882 3905 6
2913 3852 3103 3925 Πατὴρ
3128 3853 3186 3907 ἐν
3229 3854 3425 3924 ἐσμεν.
3454 3872 3474 3905 ι
3511 3852 3577 3907 El
3607 3852 3664 3905 δὲ
3695 3850 3757 3921 δή

2157 3966 2243 4012 τις
2269 3948 2445 4002 ἕλοιτο
2477 3947 2573 4001 καὶ
2611 3946 2776 4000 αὐτὸν
2806 3942 2945 3999 εἶναι
2978 3945 3160 4014 λέγειν
3194 3945 3286 3998 τὸν
3327 3947 3460 3999 Υἱδν
3510 3945 3574 3999 τὸ
3615 3946 3759 4007 ἔλεος

2157 4040 2253 4093 τοῦ
2290 4038 2524 4110 Πατρδς,
2554 4038 2617 4091 τὸ
2655 4037 2797 4109 ὑπὲρ
2822 4037 3013 4091 θυσίαν
3042 4039 3136 4091 καὶ
3169 4036 3567 4109 ὁλόκαύτωμα,
3638 4052 3759 4089 συν·

2157 4133 2279 4202 ήσει
2320 4130 2523 4194 καλῶς.
2593 4129 2869 4201 Κέκληται
2930 4129 3040 4201 γὰρ
3110 4128 3285 4193 οὕτως
3347 4131 3506 4203 παρά
3566 4145 3633 4198 γε
3692 4128 3755 4197 τῇ

2159 4225 2503 4296 θεοπνεύστῳ
2543 4225 2759 4296 Γραφῇ.
2805 4223 2976 4287 Αὐτὸς
3032 4224 3131 4292 μὲν
3167 4223 3275 4295 γάρ
3322 4222 3431 4295 ἔφη
3478 4240 3584 4276 που
3633 4217 3759 4290 περὶ

2159 4315 2326 4372 αὐτοῦ
2362 4316 2498 4387 πρὸς
2529 4317 2677 4385 ἡμᾶς
2700 4318 2729 4369 6
2758 4315 2891 4379 Θεὸς
2914 4315 3007 4369 καὶ
3039 4316 3250 4386 Πατήρο
3289 4333 3310 4368 ι
3347 4315 3600 4385 Ἐγγίζει
3627 4312 3756 4381 ταχὺ

2159 4409 2192 4478 ἠ
2222 4405 2535 4475 δικαιοσύνη
2593 4422 2694 4475 μου
2728 4404 2823 4458 καὶ
2847 4404 2906 4457 τὸ
2932 4404 3080 4467 ἔλεός
3109 4422 3207 4475 μου
3238 4402 3754 4475 ἀποκαλυφθῆναι.»

474 4495 566 4562 qui
599 4495 734 4549 tollit
768 4506 1008 4565 peccata,
1067 4507 1123 4552 et
1171 4496 1399 4551 crimina
1433 4494 1680 4558 dimittit,
1742 4504 1798 4549 et
1827 4494 1930 4548 fide
1964 4493 2053 4564 ju-

2161 4496 2223 4549 Οἱ
2251 4494 2308 4548 δέ
2338 4510 2403 4562 γε
2427 4494 2707 4564 προφῆται
2751 4493 2889 4564 πρὸς
2932 4494 3125 4547 αὐτόν’
3173 4512 3193 4545 ι
3222 4494 3413 4561 Δεῖξον
3452 4497 3614 4565 ἡμῖν,
3647 4488 3758 4545 Κύ-

475 4586 694 4653 stilicat,
728 4597 782 4642 et
815 4589 1056 4657 perditos
1090 4589 1145 4644 in
1177 4587 1466 4657 pristinum
1493 4585 1683 4640 salutis
1722 4593 1924 4640 statum
1970 4597 2055 4638 re-

475 4680 670 4746 stituit,
705 4689 758 4735 et
785 4696 815 4735 a
840 4690 1017 4737 morte
1045 4682 1277 4735 invictos
1311 4679 1506 4743 reddit,
1534 4688 1587 4733 et
1618 4679 1871 4749 quidnam
1901 4691 2057 4746 egre-

476 4773 644 4841 gium,
670 4782 725 4828 et
750 4773 802 4828 in
826 4775 1015 4843 primis
1042 4773 1310 4831 laudabile
1335 4772 1492 4828 nobis
1520 4787 1624 4827 non
1657 4770 1853 4825 donat?
1875 4768 2057 4835 Quare

477 4863 667 4918 melior
699 4873 781 4920 est
815 4866 1167 4921 sacrificio'et
1210 4864 1536 4921 holocaustis
1574 4863 1799 4920 scicntia
1837 4864 1951 4927 Dei,
1998 4872 2054 4917 ut

476 4955 529 5009 in
559 4956 775 5012 Christo
804 4956 1065 5026 perfecta.
1121 4957 1486 5027 Cognovimus
1532 4960 1677 5012 enim
1732 4970 1827 5025 per
1877 4956 2050 5024 ipsum

475 5057 528 5103 et
563 5048 614 5102 in
647 5050 765 5118 ipso
793 5048 1103 5114 Patrcm,et
1126 5049 1510 5119 jusdﬁcatione
1534 5050 1587 5104 in
1618 5049 1722 5103 [ide
1742 5048 2049 5118 locupletati

475 5157 681 5197 BUIIIUS.

2163 4605 2267 4660 ριε,
2293 4587 2356 4641 τὸ
2387 4587 2538 4651 ἔλεός
2576 4603 2691 4650 του,
2728 4587 2823 4639 καὶ
2848 4586 2911 4638 τὸ
2938 4585 3203 4658 σωτήριόν
3234 4603 3332 4639 σου
3366 4586 3518 4659 δῴης
3557 4587 3706 4657 ἡμῖν.
3734 4599 3753 4633 ι

2162 4680 2350 4743 Ἔλεος
2382 4679 2490 4750 γὰρ
2521 4677 2738 4749 ἀληθῶς
2765 4676 2828 4729 τὸ
2861 4679 3012 4748 παρά
3046 4677 3263 4749 Πατρὸς
3310 4680 3341 4732 6
3372 4678 3636 4750 Χριστὸς,
3686 4675 3760 4735 ὡς

2158 4770 2409 4842 ἀφαιρῶν
2464 4769 2775 4839 ἁμαρτίας,
2825 4768 2901 4831 ὡς
2963 4769 3134 4833 ἀνιεὶς
3197 4769 3611 4841 ἐγκλημάτων,
3670 4766 3760 4820 καὶ

2157 4862 2386 4918 δικαιῶν
2416 4864 2483 4932 τῇ
2513 4861 2719 4925 πίστει,
2751 4858 2846 4913 καὶ
2882 4858 3181 4924 ἀνασώζων
3219 4861 3353 4925 τοῦς
3382 4858 3756 4919 ἀπολωλότας,

2158 4957 2254 5009 καὶ
2292 4954 2525 5009 θανάτου
2550 4951 2863 5023 κρείττονας
2896 4952 3234 5019 ἀποφαίνων,
3276 4953 3379 5005 καὶ
3420 4952 3477 5005 τί
3501 4951 3612 5022 γὰρ
3642 4947 3760 5016 οὐχὶ

2157 5047 2267 5100 τῶν
2296 5043 2593 5112 παγκάλων
2618 5043 2961 5116 δωρούμενος
2986 5063 3000 5107 ;
3029 5043 3238 5099 Οὐκοῦν
3263 5047 3519 5117 ἀμείνων
3547 5044 3755 5104 θυσίας,

2160 5141 2255 5193 καὶ
2299 5138 2767 5207 ὁλοκαυτωμάτων
2801 5138 2833 5208 ἡ
2871 5137 3263 5207 ΘεοῦὙνῶσις,
3309 5139 3392 5203 ὡς
3436 5141 3499 5195 ὲν
3539 5132 3759 5207 Χριστῷ

474 5233 795 5304 τελουμένη.
855 5230 1205 5303 Ἐγνὼκαμεν
1244 5232 1354 5305 γὰρ
1397 5232 1463 5286 δι’
1505 5231 1673 5285 αὐτοῦ
1721 5248 1780 5286 τε
1831 5232 1925 5287 καὶ
1982 5233 2042 5287 ἐν
2117 5231 2267 5301 αὐτῷ
2313 5228 2405 5282 τὸν
2462 5227 2717 5298 Πατέρα,
2777 5227 2871 5281 καὶ
2954 5227 3055 5299 τὴν
3115 5230 3173 5282 ὲν
3224 5228 3419 5283 πίστει
3476 5228 3760 5283 δικαίωσιν

473 5323 954 5394 πεπλουτήκαμεν.

548 5436 714 5491 Vens.
760 5436 957 5507 7.1psi
998 5449 1169 5493 autem
1202 5448 1321 5494 sunt
1371 5451 1426 5495 ut
1482 5440 1635 5494 homo
1690 5440 2050 5511 pra'vnricans

478 5541 865 5585 testanwulum.

548 5760 594 5795 το
628 5758 767 5814 Psal.
791 5773 849 5823 ιι,
883 5758 938 5813 6.
1014 5760 1057 5791 ⁷⁷
1077 5758 1233 5816 Joan.
1266 5776 1376 5822 xw,
1413 5761 1499 5813 10.
1574 5760 1617 5789 ⁷⁸
1652 5758 1809 5812 .lnan.
1845 5757 2050 5819 “1,49.
2144 5758 2187 5793 '9
2222 5757 2414 5813 Matth.
2452 5773 2551 5821 vn,
2590 5756 2671 5810 l2.
2749 5756 2795 5788 ⁸ο
2827 5754 2987 5812 Joan.
3015 5771 3137 5825 xm,
3164 5754 3267 5812 35.

376 5827 383 5834 ’
478 5830 641 5899 9,10.
718 5830 762 5860 θ’
792 5828 947 5885 Joan.
978 5846 1030 5898 Χ,
1061 5831 1148 5885 '50.
1232 5832 1276 5863 ⁸³
1316 5837 1414 5887 lsa.
1451 5847 1556 5895 ιγι,
1591 5831 1641 5881 l.

2234 5433 2413 5488 Αὐτοὶ
2450 5431 2516 5487 δέ
2549 5434 2707 5487 εἰσιν
2746 5431 2827 5496 ὠς
2858 5430 3170 5501 ἅνθρωπος
3198 5435 3597 5502 παραϐαίνων
3637 5434 3760 5491 δια·

2167 5528 2379 5598 θήκην.

3378 5755 3423 5788 ⁸⁸
3460 5757 3617 5815 Joan.
3651 5768 3761 5822 κη,

1722 5831 1837 5861 θ’σπάδ
1872 5828 2015 5883 l’snl.
2052 5844 2235 5897 LXXIV,
2262 5832 2313 5882 8.
