3982 6496
272 413 385 478 169

1199 413 1778 478 COMMENTARIUS
1818 407 1883 474 ΙΝ
1923 418 2156 476 OSEAM
2198 414 2646 476 PliOPllETAM.

3479 421 3581 478 170

340 529 486 610 sq".
531 539 882 612 Πανταχόθεν
929 541 1081 612 ἡμᾶς
1118 541 1605 614 πολυπραγμονεῖν
1641 537 1700 596 εὖ
1735 542 1873 613 μάλα

2061 542 2246 598 LXVI.
2294 542 2670 614 Undecunqne
2720 557 2818 597 nos
2862 542 3068 614 optimo
3114 541 3344 597 consilio
3390 556 3580 598 verum

269 637 333 691 τὸ
363 636 569 705 ἀληθὲς
598 636 1022 703 σπουδάζοντας,
1078 635 1174 689 καὶ
1205 634 1302 689 νῦν
1339 637 1516 690 εἰπεῖν
1552 638 1878 706 ἀναγκαῖον,

271 731 350 793 ὡς
378 730 413 800 ή
429 728 556 782 καθ’
573 727 862 800 Ἐϐραίους
876 726 1087 792 ἐκδοσις
1104 729 1225 782 ἀντὶ
1245 727 1361 792 τοῦ,
1395 748 1413 781 ι
1443 729 1518 793 ὡς
1533 728 1842 800 ἄνθρωπος,
1859 748 1876 780 ι

269 825 350 888 ὡς
388 822 568 893 Ἀδὰμ
605 822 798 893 εἴρηκε
851 821 1208 893 παραϐαίνων
1252 823 1545 896 διαθήκην,
1593 824 1681 877 ἵνα
1711 826 1882 877 νοοῖτο

268 915 456 970 τοιάδε
503 931 592 979 τις
638 915 749 969 τῶν
789 915 849 982 ἐξ
890 915 1106 988 Ἰσραὴλ
1139 919 1172 988 ἡ
1205 917 1540 988 παράϐασις,
1588 918 1749 970 ὁποία
1774 899 1881 985 ¹γέ-

269 1015 432 1075 γονεν
459 1008 520 1060 ἐν
547 1007 746 1078 Ἀδάμ.
775 1007 958 1062 Μετὸν
985 1007 1094 1080 γὰρ
1115 1011 1311 1080 ἐκείνῳ
1343 1009 1436 1063 καὶ
1463 1009 1564 1080 τὴν
1588 1008 1726 1081 πρὸς
1747 1008 1881 1062 Θεὸν

266 1100 555 1155 οἰκείωσιν
585 1101 754 1172 ἔχειν,
793 1102 894 1155 καὶ
912 1104 970 1156 ἐν
995 1102 1277 1174 ἀφθαρσίᾳ
1305 1101 1595 1168 διατελεῖν,
1632 1101 1726 1156 καὶ
1758 1105 1880 1166 ταῖς

267 1191 365 1247 τοῦ
401 1194 747 1266 παραδείσου
777 1197 1018 1266 τρυφαῖς
1048 1195 1470 1268 ἐναϐρύνεσθαι,
1523 1193 1877 1267 κατημέλησε

264 1286 372 1356 τῆς
422 1283 578 1351 θείας
617 1285 866 1358 ἐντολῆς,
904 1285 1037 1342 ἐἶτα
1084 1287 1359 1342 διόλλυται
1408 1287 1503 1340 ἐπὶ
1543 1287 1612 1340 τὰ
1656 1287 1876 1358 αἰσχίω,

267 1381 383 1439 τῶν
410 1381 665 1454 ἀρχαίων
690 1382 972 1453 ἀδοκήτως
989 1380 1381 1452 ἐστερημένος.
1410 1379 1569 1434 Οὕτω
1601 1381 1696 1434 καὶ
1722 1379 1879 1454 αὐτοὶ

265 1476 441 1550 (φημὶ
477 1476 536 1528 δὲ
566 1467 633 1545 δὴ
665 1474 852 1541 πάλιν,
887 1475 935 1526 oi
965 1472 1024 1540 ἐξ
1061 1472 1296 1546 Ἰσραὴλ)
1331 1474 1534 1544 εὐμενῆ
1583 1475 1677 1527 καὶ
1725 1472 1878 1542 φίλον

261 1569 356 1622 τὸν
390 1568 507 1622 τῶν
554 1567 696 1621 ὅλων
741 1565 960 1636 ἔχοντες
994 1565 1148 1631 Θεὸν,
1182 1562 1446 1629 σώζοντα,
1474 1565 1568 1618 καὶ
1606 1576 1879 1636 προεστη-

262 1659 428 1722 κότα,
465 1660 565 1713 καὶ
600 1658 933 1729 προτιθέντα
974 1657 1034 1711 τὸ
1078 1656 1228 1721 ἐλεος
1282 1657 1490 1724 αὐτοῖς,
1539 1656 1614 1721 ὡς
1648 1656 1879 1728 νεφέλην

261 1752 545 1824 πρωῖνὴν,
581 1750 680 1806 καὶ
711 1751 788 1815 ὡς
816 1744 1010 1822 δρόσον
1045 1748 1308 1822 ὀρθρινὴν
1355 1748 1756 1820 πορευομένην,
1792 1748 1881 1815 ἐξ·

261 1847 479 1916 ἁγοντα
508 1844 570 1900 δὲ
593 1844 690 1900 καὶ
721 1844 800 1909 ὡς
827 1843 947 1914 φῶς
983 1841 1047 1897 τὸ
1072 1841 1249 1924 κρίμα
1280 1840 1473 1908 αὐτοῦ,
1510 1840 1606 1895 καὶ
1639 1843 1706 1914 τῇ
1735 1839 1880 1896 κατά

259 1940 439 2012 νόμον
481 1937 865 2008 στεφανοῦντα
899 1936 1148 2009 λατρεία,
1183 1935 1418 2009 ῥᾴθυμοι
1447 1935 1704 2005 γεγόνασι
1749 1937 1879 2007 περὶ

259 2032 327 2088 τὸ
351 2033 550 2102 σφισιν
578 2032 767 2095 αὐτοῖς
795 2032 1120 2100 ἀναγκαῖον,
1155 2029 1251 2084 καὶ
1283 2028 1556 2099 χρήσιμον
1579 2028 1658 2092 εἰς
1682 2028 1880 2100 εὐημε-

264 2122 394 2196 ρίαν
446 2123 549 2177 καὶ
588 2121 771 2189 δόξαν,
824 2122 922 2176 καὶ
956 2119 1481 2191 καταπεφρονήκασι
1513 2118 1609 2173 τοῦ
1657 2120 1877 2175 πάντων

260 2213 613 2288 κρατοῦντος
647 2212 810 2268 Θεοῦσ
860 2213 1042 2267 καίτοι
1080 2212 1337 2281 λέγοντος
1367 2211 1614 2284 ἐναργῶς
1653 2211 1743 2266 διὰ
1779 2211 1874 2266 τοῦ

262 2307 558 2377 πανσόφου
598 2307 875 2371 Μωσέως,
909 2323 929 2358 ι
963 2305 1037 2359 Οὐ
1081 2305 1328 2376 ποιήσεις
1375 2303 1590 2374 σεαυτῷ
1633 2303 1874 2368 εἴδωλον,

259 2400 386 2457 (ὑδὲ
427 2400 642 2465 παντὸς
675 2399 959 2471 ὁμοίωμα,
991 2399 1093 2452 ὅσα
1123 2399 1182 2452 ἐν
1221 2395 1300 2470 τῷ
1347 2397 1563 2469 οὐρανῷ
1598 2395 1732 2460 ἅνω,
1780 2397 1876 2451 καὶ

262 2496 368 2551 ὅσα
396 2497 461 2550 ἐν
488 2498 559 2567 τῇ
586 2496 660 2566 γῇ
697 2493 878 2558 κάτω,
910 2491 1006 2546 καὶ
1034 2491 1136 2546 ὅσα
1166 2491 1225 2545 ἐν
1257 2492 1370 2554 τοῖς
1397 2490 1584 2544 ὕδασιν
1613 2489 1874 2544 ὑποκάτω

257 2587 362 2660 τῆς
388 2588 518 2660 γῆς.
549 2606 568 2639 ι
615 2583 731 2640 Καὶ
758 2585 952 2639 πάλιν·
991 2603 1008 2635 ι
1043 2584 1157 2638 Οὐκ
1186 2583 1401 2638 ἔσονταί
1431 2599 1512 2638 σοι
1548 2581 1662 2636 θεοὶ
1693 2581 1874 2653 ἕτεροι

252 2680 406 2753 πλὴν
454 2678 616 2752 ἐμοῦ.
653 2697 673 2731 ι
723 2677 945 2750 Ἐπειδὴ
985 2677 1043 2731 δὲ
1092 2679 1150 2730 ἐν
1186 2677 1288 2748 ἴσῳ
1332 2675 1412 2747 τῷ
1450 2673 1676 2748 πρώτῳ,
1713 2693 1874 2730 τουτ-

254 2775 404 2839 έστι,
454 2771 538 2844 τῷ
594 2771 793 2844 Ἀδὰμ,
850 2768 1198 2843 παρώλισθον
1247 2770 1328 2833 εἰς
1370 2769 1734 2834 ἀποστασίαν,
1775 2771 1872 2823 καὶ

250 2867 419 2922 αὐτοὶ
455 2866 525 2939 δὴ
561 2865 784 2929 πάντως
817 2862 926 2930 ἔξω
973 2856 1272 2918 πεσοῦνται
1317 2863 1413 2917 τοῦ
1441 2863 1869 2936 κατευφραίνειν

248 2959 501 3024 εἰδότος·
539 2956 976 3030 παραϐεϐήκασι
1009 2955 1120 3030 γὰρ
1150 2955 1439 3028 διαθήκην.

297 3053 394 3110 ,Εί
416 3053 479 3106 δὲ
510 3051 578 3122 δὴ
611 3052 788 3104 νοοῖτο
820 3048 1253 3121 μυστικώτερον,
1283 3047 1360 3113 ὡς
1393 3048 1488 3102 ἐπὶ
1518 3047 1782 3120 Χριστοῦ,
1809 3047 1871 3102 τὸ

246 3145 678 3222 χρησμῴδημα,
721 3142 890 3198 πάλιν
934 3143 1114 3196 ἐκεῖνο
1163 3140 1424 3214 ἐροῦμεν,
1477 3141 1699 3212 ἐμφανῆ
1760 3139 1870 3194 τῶν

1988 637 2300 710 diligentius
2341 639 2602 710 indagare
2656 645 2942 704 Conantes,
2975 651 3122 691 nunc
3167 651 3383 707 quoque
3425 639 3582 694 fateri

1984 740 2222 801 oportet,
2259 731 2554 786 editionem
2583 729 2936 786 Hebraeorum
2979 743 3078 799 pro
3132 749 3150 782 ‹
3212 739 3268 784 ιιι
3319 731 3504 798 homo,
3557 747 3579 786 ι

1984 825 2209 893 habere,
2241 845 2260 878 ε
2303 837 2360 882 ιιι
2388 826 2560 880 Adam
2609 823 3015 895 transgrediens
3049 834 3266 894 pactum
3301 842 3314 878 :
3357 841 3377 876 ι
3412 831 3474 880 ιιι
3500 833 3584 876 ta-

1984 918 2050 974 lis
2111 920 2482 974 Israelitarum
2544 915 2911 988 transgressio
2969 915 3339 986 intelligatur,
3405 917 3580 986 qualis

1981 1014 2175 1068 Adanti
2224 1014 2343 1070 fuit.
2388 1013 2521 1069 Nam
2559 1030 2683 1069 cum
2712 1013 2788 1069 illi
2823 1012 3013 1068 liceret
3045 1027 3167 1066 cum
3205 1011 3314 1066 Deo
3357 1010 3575 1081 conjun-

1982 1117 2129 1178 ctupi
2181 1109 2654 1180 immortalemque
2721 1109 2906 1165 vivere
2959 1115 3015 1165 et
3066 1105 3306 1176 paradisi
3373 1105 3583 1162 deliciis

1983 1199 2267 1262 illustrari,
2302 1200 2542 1254 divinum
2593 1200 2905 1254 mandatum
2958 1199 3239 1269 neglexit:
3270 1195 3466 1252 deinde
3516 1210 3582 1250 aa

1983 1289 2284 1361 indigniora
2337 1291 2643 1359 pessumiit,
2676 1292 2952 1362 primaevrs
2986 1289 3287 1346 honoribus
3311 1297 3365 1344 et
3405 1286 3586 1344 excel-

1981 1378 2162 1436 lentiis
2211 1390 2410 1452 praeter
2455 1383 2920 1453 exSpectationem
2971 1382 3254 1450 spoliatus.
3315 1378 3586 1437 Similiter

1981 1484 2036 1527 et
2066 1474 2168 1545 ipsi
2198 1475 2477 1544 Israelitte,
2513 1476 2757 1546 inquam,
2790 1475 3083 1546 benignum
3115 1481 3170 1528 et
3201 1473 3436 1527 amicum
3463 1469 3586 1526 uni-

1983 1580 2265 1624 versorum
2295 1569 2459 1623 Deum
2499 1569 2780 1633 habentes,
2831 1579 3169 1624 servatorem
3210 1578 3266 1623 et
3322 1575 3581 1627 tutorem,

1982 1669 2039 1715 et
2090 1661 2182 1728 qui
2226 1669 2585 1730 proposuerat
2628 1661 2708 1714 eis
2765 1657 3224 1723 misericordiam,
3272 1666 3330 1712 et
3379 1656 3582 1711 nubem

1986 1750 2329 1818 mattttinam,
2361 1760 2416 1806 et
2448 1763 2506 1806 ut
2531 1766 2710 1808 rorem
2737 1751 3059 1806 matutinum
3081 1731 3581 1817 pertranseuntet‘n,

1982 1851 2038 1897 et
2071 1843 2391 1900 educentem
2419 1843 2688 1916 judicium
2721 1858 2879 1900 suum
2915 1844 3072 1916 quasi
3102 1843 3300 1904 lucem,
3338 1850 3392 1896 et
3423 1841 3581 1895 latria

1982 1935 2287 1990 secundum
2316 1936 2490 2006 legem
2520 1952 2616 1993 eos
2642 1938 3110 2004 cohonestantem,
3149 1938 3202 1992 in
3233 1934 3451 2007 negotio
3480 1933 3582 1988 sibi

1980 2030 2316 2095 necessario,
2349 2039 2400 2086 et
2435 2031 2502 2086 ad
2534 2030 2746 2086 felicem
2793 2039 2996 2087 statum
3048 2039 3103 2086 et
3153 2029 3384 2100 gloriam
3438 2024 3581 2091 utili,

1981 2122 2240 2179 socordes
2265 2133 2576 2192 evaserunt,
2607 2132 2662 2180 et
2704 2125 3132 2195 omnipotentem
3178 2120 3346 2178 Deum
3400 2120 3583 2177 ﬂocci-

1980 2216 2308 2284 penderunt,
2366 2233 2682 2288 quanquam
2729 2216 3142 2288 sapientissimo
3191 2213 3374 2286 Moyse
3416 2213 3582 2269 claris

1981 2295 2163 2364 verbis
2191 2309 2408 2364 dicente
2443 2327 2456 2364 :
2495 2327 2515 2362 ι
2548 2308 2665 2366 Non
2697 2307 2869 2367 facies
2909 2309 3003 2364 tibi
3037 2308 3263 2374 idolum,
3302 2318 3401 2363 nec
3428 2306 3586 2362 simi-

1980 2399 2262 2458 litudinem
2314 2402 2498 2469 ullius,
2535 2417 2874 2473 qumcunque
2927 2403 2978 2458 in
3034 2398 3174 2458 coelo
3226 2415 3467 2468 sursum,
3526 2407 3578 2454 et

1979 2509 2319 2565 quaecunque
2346 2496 2399 2550 in
2427 2505 2569 2551 terra
2602 2498 2855 2551 deorsum
2879 2495 2947 2550 ⁸⁸.
2985 2514 3004 2549 ι
3035 2491 3318 2550 Etiterum
3352 2511 3367 2550 :
3407 2511 3424 2545 ι
3457 2493 3572 2547 Non

1978 2588 2349 2646 erunttibidii
2379 2587 2469 2643 alii
2503 2597 2704 2658 praeter
2761 2603 2848 2643 me
2897 2587 2965 2642 ⁸⁷.
3001 2607 3021 2642 ι
3076 2583 3345 2656 Quoniam
3395 2595 3575 2640 autem

1979 2692 2132 2747 atque
2166 2687 2226 2732 ut
2254 2680 2485 2749 primus,
2513 2675 2615 2736 hoc
2653 2690 2758 2746 est,
2793 2679 2966 2735 Adam
3013 2679 3066 2733 in
3120 2676 3448 2747 apostasiam
3495 2675 3577 2728 in-

1977 2767 2248 2835 ciderunt,
2278 2771 2378 2839 ipsi
2411 2785 2628 2841 quoque
2661 2771 2886 2826 Omnino
2932 2773 3000 2825 ab
3035 2783 3101 2826 eo
3148 2762 3240 2840 qui
3297 2765 3578 2822 laetiﬁcari:

1977 2862 2130 2918 novit
2154 2861 2536 2920 destituentur.
2565 2861 2916 2937 Transgressi
2949 2873 3078 2922 sunt
3103 2864 3249 2921 enim
3280 2871 3575 2919 testamen.

1979 2966 2114 3011 tum.

2051 3048 2211 3123 100
2255 3051 2408 3121 Quod
2462 3052 2508 3108 si
2561 3053 2842 3109 oraculum
2904 3049 3340 3125 μυστικώτερον,
3392 3057 3453 3105 ut
3509 3049 3577 3103 de

1975 3144 2214 3213 Christo,
2244 3147 2595 3216 intelligatur,
2628 3162 2840 3202 rursum
2864 3146 2928 3201 ad
2952 3144 3283 3203 sententiam
3305 3141 3573 3198 dictorum

245 3239 581 3312 λεγομένων
610 3237 977 3301 καθιστάντες
1007 3235 1100 3290 τὸν
1135 3233 1285 3289 νοῦν·
1327 3233 1616 3305 Ἔπεμψεν
1649 3233 1716 3287 ἐκ
1753 3232 1865 3287 τῶν

1979 3239 2322 3309 aperiendam
2357 3241 2487 3297 illud
2519 3243 2807 3298 dicemus:
2839 3241 2988 3298 Misit
3029 3241 3099 3297 de
3128 3239 3269 3296 coelo
3323 3236 3466 3292 Deus
3523 3248 3578 3292 et

245 3330 513 3406 ιῦρανῶν
581 3333 610 3385 ὁ
657 3329 797 3394 Θεὸς
847 3328 944 3383 καὶ
993 3327 1186 3399 Πατὴρ
1245 3329 1337 3381 τὸν
1385 3324 1513 3379 Υἱὸν
1565 3323 1870 3394 φωτιοῦντα

243 3428 378 3491 τοὺς
405 3425 472 3492 ἐξ
499 3421 746 3495 Ἰσραὴλ,
779 3422 874 3475 καὶ
899 3420 1135 3491 φανερὸν
1165 3417 1580 3488 καταστήσοντα
1603 3416 1664 3469 τὸ
1691 3417 1868 3489 κρίμα

242 3518 449 3585 οῦτοῦ,
483 3517 585 3570 καὶ
610 3516 696 3570 ἵνα
733 3513 1041 3583 καταλῆξαι
1075 3509 1176 3582 μὲν
1211 3507 1488 3582 ἀναπείσῃ
1536 3507 1738 3563 θυσιῶν
1772 3509 1870 3580 ἀρ-

242 3609 450 3680 )οαίων,
499 3607 598 3660 καὶ
623 3605 1099 3675 ὁλοκαυτωμάτων
1127 3603 1236 3657 τῶν
1269 3603 1412 3656 κατὰ
1441 3603 1633 3672 νόμονο
1666 3599 1868 3672 ἐλεήσῃ

243 3703 301 3757 is
331 3700 576 3775 μᾶλλον,
607 3698 840 3753 δικαιῶν
870 3699 935 3769 τῇ
966 3697 1172 3760 πίστει,
1212 3696 1306 3749 καὶ
1333 3693 1545 3767 καλέσῃ
1575 3693 1714 3768 πρὸς
1742 3693 1866 3747 ὲπί-

243 3809 459 3866 γνωσιν
519 3792 617 3847 τοῦ
663 3791 811 3846 κατὰ
864 3790 1129 3860 ἀλήθειαν
1174 3789 1327 3851 ὄντος
1367 3785 1526 3842 Θεοῦ.
1568 3787 1647 3838 Δι’
1697 3783 1864 3838 αὐτοῦ

247 3890 355 3962 γὰρ
415 3889 521 3942 καὶ
550 3887 612 3941 ἐν
637 3884 791 3956 αὐτῷ
823 3881 1132 3954 τεθεάμεθα
1164 3880 1254 3934 τὸν
1307 3879 1550 3951 Πατέρα,
1587 3879 1682 3932 καὶ
1710 3879 1867 3949 eam.

239 4001 431 4055 καμεν
467 3980 572 4053 τὴν
604 3977 1001 4051 προσαγωγὴν,
1026 3975 1101 4042 ῶς
1136 3989 1240 4028 που
1280 3974 1376 4029 καὶ
1419 3973 1663 4045 Γράμμα
1698 3971 1865 4044 φησὶν

150 4053 162 4070 ’
238 4053 414 4147 ἱερόν.
453 4069 627 4128 Ἀλλά
660 4071 958 4142 γεγόνασιν
988 4071 1038 4123 οἱ
1067 4068 1127 4136 ἐξ
1153 4065 1370 4140 Ἰσραὴλ
1409 4083 1428 4118 ι
1469 4065 1544 4129 ὡς
1578 4065 1866 4137 ἅνθρωπος

123 4153 130 4157 ἡ
232 4169 621 4242 παραϐαίνων
653 4168 946 4240 διαθήκην.
985 4185 1003 4217 ι
1051 4165 1164 4220 Καὶ
1188 4165 1240 4218 τί
1268 4165 1332 4236 δὴ
1361 4163 1522 4219 τοῦτό
1553 4166 1722 4230 ἐστιν,
1751 4161 1865 4234 ἐρῶ

231 4264 433 4328 πάλιν,
449 4264 609 4326 ὅπως
636 4258 703 4316 ἂν
726 4261 996 4332 δύνωμαι.
1018 4255 1143 4313 Ὀτι
1171 4253 1262 4327 ὑφ’
1291 4256 1482 4329 ἐτέρου
1507 4256 1864 4330 γραφομένην

228 4356 618 4429 παραϐαίνων
665 4354 962 4426 διαθήκην,
991 4351 1024 4424 ἢ
1057 4352 1117 4406 οὐ
1150 4351 1435 4424 πρόσεισιν
1465 4351 1629 4415 αὐτὸς
1653 4350 1732 4421 τῷ
1767 4351 1863 4404 ἐκ·

1972 3330 2136 3387 Pater
2169 3332 2391 3400 Filium,
2424 3331 2858 3404 illuminaturnm
2891 3330 3031 3390 ﬁlios
3071 3324 3238 3390 lsrael
3265 3344 3320 3388 et
3346 3332 3574 3385 manife-

1972 3431 2246 3478 staturum
2299 3423 2565 3495 judicium
2617 3425 2757 3495 ejus,
2803 3434 2858 3480 et
2909 3435 2969 3480 ut
3015 3425 3240 3495 antiqua
3301 3421 3570 3478 sacrificia

1973 3527 2138 3588 atque
2187 3515 2502 3572 holocausta
2567 3516 2756 3589 legalia
2813 3515 3084 3588 abrogari’
3107 3525 3344 3584 curaret,
3401 3520 3574 3589 magis

1973 3621 2154 3664 autem
2189 3608 2618 3666 misericordiam
2668 3617 2940 3680 erogaret,
2992 3609 3098 3666 ﬁde
3139 3609 3468 3678 justiﬂeans,
3519 3622 3575 3664 et

1971 3703 2038 3755 ad
2069 3703 2401 3772 agnitionem
2436 3703 2548 3758 veri
2576 3701 2668 3759 Dei
2697 3712 2936 3760 vocaret.
2971 3697 3077 3758 Per
3107 3705 3285 3773 ipsum
3327 3704 3493 3766 enim,
3518 3711 3575 3758 ct

1970 3794 2024 3849 in
2045 3797 2164 3864 ipso
2182 3795 2414 3850 vidimus
2435 3795 2673 3862 Patrem,
2697 3806 2752 3851 et
2774 3811 3055 3852 accessum
3081 3797 3262 3868 adepti
3290 3812 3482 3852 sumus
3502 3798 3570 3857 ⁸⁸,

1968 3896 2029 3942 ut
2054 3887 2253 3944 alicubi
2287 3899 2372 3944 est
2417 3889 2470 3944 in
2502 3891 2674 3945 sacris
2709 3889 2953 3946 Litteris.
2991 3884 3260 3946 Caeterum
3312 3887 3572 3946 lsiaelitze

1971 3977 2098 4036 facti
2135 3989 2262 4036 sunt
2291 3999 2310 4033 ι
2342 3993 2400 4036 ut
2443 3981 2606 4036 homo
2645 3983 3010 4052 praevaricans
3062 3993 3474 4038 testamentum.
3547 4002 3566 4034 ι

1971 4072 2085 4130 Hoc
2121 4075 2251 4145 quid
2288 4075 2380 4141 sit,
2419 4075 2595 4130 dicam
2643 4085 2704 4128 ut
2751 4085 2961 4143 potero.
3011 4075 3095 4129 Ab
3149 4076 3257 4132 alio
3303 4078 3569 4145 scriptmn

1974 4153 2359 4224 testamentum
2388 4163 2829 4238 transgrediens;
2861 4179 2954 4222 aut
2982 4169 3048 4221 ad
3075 4168 3422 4224 distributam
3450 4185 3570 4224 sor-

1973 4271 2078 4316 tem
2112 4274 2142 4316 a
2172 4262 2450 4318 conditore
2487 4261 2799 4316 testamenti
2843 4276 2950 4316 non
2987 4261 3233 4327 accedit,
3286 4271 3380 4316 aut
3437 4262 3573 4316 alios

1967 4362 2120 4408 certe
2154 4361 2480 4408 testamento
2511 4352 2828 4422 inscriptos,
2880 4351 3080 4407 debitis
3121 4353 3362 4421 ipsorum
3413 4350 3572 4406 bonis

224 4449 543 4520 νεμηθέντι
575 4447 768 4519 κλήρῳ
784 4445 940 4517 παρά
966 4444 1060 4500 τοῦ
1085 4445 1436 4517 γεγραφότος
1472 4445 1664 4516 αὐτήν·
1691 4445 1862 4516 ἦγουν

1979 4441 2204 4498 l‘raudat.
2243 4437 2375 4499 Tale
2421 4444 2677 4516 quiddam
2714 4443 3110 4500 commiserunt
3149 4438 3346 4509 Judati,
3410 4444 3573 4513 idque

222 4543 470 4614 ἑτέρους
503 4539 616 4593 τῶν
645 4537 1121 4611 ἐγγεγραμμένων
1144 4537 1254 4590 τῶν
1275 4537 1461 4601 αὐτοῖς
1487 4536 1860 4606 ὀφειλομένων

1979 4537 2022 4590 in
2051 4536 2289 4592 Christo.
2323 4535 2425 4605 Qui
2453 4531 2704 4593 tandem?
2742 4539 2881 4592 Dens
2919 4537 3062 4590 enim
3114 4546 3167 4592 et
3215 4535 3380 4593 Pater
3429 4538 3570 4592 velut

221 4635 569 4704 ἀποστερεῖ.
611 4631 873 4686 Τοιοῦτόν
913 4647 969 4684 τι
1018 4630 1373 4702 πεπράκασιν
1431 4630 1712 4695 Ἰουδαῖοι,
1765 4631 1861 4684 καὶ

1979 4630 2305 4699 Splendidam
2356 4632 2649 4699 quamdam
2695 4640 2750 4686 et
2807 4629 3139 4700 peculiarem
3193 4629 3565 4686 litereditatcm
3605 4605 3625 4710 ξ’

219 4727 402 4780 τοῦτο
432 4723 532 4777 ἐπὶ
570 4721 818 4795 Χριστῷ.
853 4721 1003 4790 Πῶς,
1049 4722 1084 4792 ἢ
1114 4723 1237 4777 τίνα
1269 4722 1504 4795 τρόπον;
1547 4724 1575 4775 ό
1611 4721 1714 4794 μὲν
1751 4724 1861 4793 γὰρ

1979 4717 2331 4793 principatum
2361 4723 2538 4793 gentis
2572 4721 2624 4778 ei
2659 4723 2902 4779 donavit.
2934 4719 3276 4778 Exclamavit
3306 4723 3474 4788 enim,
3516 4734 3576 4777 nt.
3603 4716 3612 4782 ἰ

216 4819 370 4883 Θεὸς
424 4818 528 4872 καὶ
563 4817 761 4888 Πατὴρ
795 4815 1002 4887 κλῆρον
1046 4808 1241 4887 ὥσπερ
1292 4814 1416 4869 τινὰ
1473 4815 1732 4887 λαμπρὸν
1767 4816 1863 4870 καὶ

1984 4815 2076 4869 lixi
2109 4832 2123 4868 :
2163 4833 2181 4866 ι
2223 4814 2337 4885 Ego
2367 4823 2546 4871 autem
2582 4815 2916 4871 conStitutns
2949 4831 3069 4872 sum
3106 4832 3198 4870 rex
3224 4817 3292 4871 ab
3318 4831 3384 4872 eo
3408 4831 3567 4886 super

217 4911 530 4984 ἐξαίρετον
561 4910 663 4980 τὴν
709 4911 852 4964 κατὰ
886 4909 981 4963 τοῦ
1011 4909 1200 4973 ἔθνους
1242 4909 1542 4980 ἡγεμονίαν
1571 4909 1859 4981 ἐχαρίζετο

1984 4911 2093 4965 ὶίοιι
2125 4918 2362 4965 montem
2397 4918 2647 4965 sanctum
2676 4910 2794 4979 ejus
2819 4907 2885 4975 ",
2943 4928 2960 4961 ι
3014 4909 3272 4978 deditque
3307 4902 3450 4963 Filio
3495 4909 3576 4962 vi-

214 5001 300 5072 τῷ
341 5001 491 5072 Υξῷ.
522 5001 876 5071 Διακέκραγε
905 4999 1016 5072 γὰρ
1037 5041 1050 5067 ,
1087 4997 1164 5064 ὡς
1193 5000 1353 5070 ἔφην,
1393 5018 1413 5052 ι
1459 4999 1602 5070 Ἐγὼ
1639 4995 1695 5054 δὲ
1725 5018 1857 5056 κατ-

1985 5016 2146 5066 ieam,
2182 5015 2303 5072 qua:
2352 5011 2534 5056 mente
2585 5002 2909 5072 percipitur,
2967 5001 3073 5055 hoc
3125 5011 3234 5065 cst,
3285 4997 3566 5055 lsraelem.

212 5096 480 5167 εστάθην
513 5095 778 5165 βασιλεὺς
808 5095 902 5149 ὑπ’
927 5095 1118 5162 αὐτοῦ,
1165 5096 1260 5148 ἐπὶ
1287 5091 1424 5149 Σιὼν
1450 5095 1577 5166 ὅρος
1605 5095 1666 5148 τὸ
1697 5095 1854 5163 ἅγιον

1979 5115 1987 5144 l
2034 5093 2198 5148 Vinea
2231 5091 2375 5149 enim
2407 5093 2620 5149 Domini
2660 5093 2928 5160 Sabaoth,
2979 5112 2998 5145 ι
3047 5103 3107 5147 ιιι
3137 5092 3403 5161 scriptum
3461 5099 3568 5152 est,

213 5189 403 5243 αὐτοῦ
426 5203 441 5219 ⁸
480 5207 502 5241 ι
540 5187 638 5242 καὶ
663 5188 868 5242 δέδωκε
907 5187 984 5260 τῷ
1020 5187 1136 5259 Υίῷ
1168 5187 1263 5241 τὸν
1303 5187 1494 5259 νοητὸν
1527 5186 1850 5259 ἀμπελῶνα,

1979 5207 1988 5239 ι
2035 5189 2195 5242 homo
2228 5184 2389 5252 Juda,
2432 5187 2641 5243 novella
2682 5185 2970 5256 plantatio,
3010 5187 3209 5240 dilecta
3249 5183 3316 5239 ³ο.
3367 5203 3385 5236 ι
3432 5181 3566 5246 Sed,

207 5279 509 5346 τουτέστι,
565 5279 658 5335 τὸν
717 5281 1011 5353 Ἰσραήλ.‹
1059 5282 1118 5335 ’0
1149 5281 1260 5352 γὰρ
1315 5280 1582 5351 ἁμπελὼν
1641 5279 1852 5351 Κυρίου

1984 5290 2017 5332 ιι
2054 5287 2138 5333 est
2182 5279 2324 5348 apud
2375 5279 2594 5333 beatum
2641 5278 3033 5347 evangelistam
3083 5273 3373 5342 Joannem,
3431 5293 3449 5327 ι
3507 5275 3567 5328 1η

208 5364 509 5422 Σαϐϐαὲυο
534 5403 549 5428 ,
595 5393 613 5417 ι
650 5375 796 5428 κατὰ
827 5374 892 5427 τὸ
926 5373 1340 5446 γεγραμμένον,
1376 5391 1393 5424 ι
1428 5371 1717 5443 ἄνθρωπος
1755 5372 1850 5424 τοῦ

1979 5373 2180 5442 impria
2217 5372 2386 5438 venit,
2415 5384 2468 5426 et
2503 5371 2585 5428 sui
2614 5385 2736 5425 eum
2766 5387 2870 5426 non
2903 5379 3226 5440 receperunt
3266 5367 3334 5422 θί.
3396 5386 3416 5422 ι
3460 5367 3570 5418 Ex-

224 5461 450 5524 ἰούδα,
513 5458 798 5528 νεόφυτον,
833 5469 1220 5530 ἠγαπημένον.
1265 5487 1283 5520 ι
1336 5465 1499 5532 Ἀλλ’,
1552 5466 1626 5530 ὥς
1685 5481 1852 5536 φησιν

1979 5480 2044 5516 ,ra
2079 5473 2292 5532 portam
2335 5461 2480 5515 enim
2520 5461 2801 5532 ejccernnt
2845 5476 2994 5525 cum,
3044 5471 3101 5515 et
3147 5468 3322 5514 morte
3367 5454 3565 5510 multa-

208 5556 240 5608 ὁ
282 5554 581 5624 μακάριος
635 5550 1034 5622 εὐαγγελιστὴς
1075 5549 1359 5621 Ἰωάννης·
1418 5579 1437 5604 ι
1472 5559 1567 5621 Εἰς
1616 5559 1686 5612 τὰ
1743 5557 1851 5610 ἴδια

1979 5565 2112 5622 -υηι,
2137 5557 2379 5610 dicentes
2406 5574 2418 5610 :
2463 5574 2481 5606 ‹
2515 5553 2615 5610 Hic
2643 5566 2725 5611 est
2758 5555 2968 5620 haeres;
3020 5553 3221 5618 venite,
3245 5552 3553 5608 occidamux

207 5642 386 5722 ἦλθε,
427 5647 526 5699 καὶ
555 5645 605 5698 οἱ
651 5645 774 5700 ἴδιοι
824 5644 989 5699 αὑτὸν
1022 5645 1082 5698 οὐ
1115 5644 1446 5717 παρέλαϐον.
1483 5667 1501 5699 ι
1550 5646 1850 5720 Ἐκϐεϐλή-

1979 5665 2106 5716 tum,
2137 5656 2192 5704 et
2221 5647 2546 5705 habebimus
2575 5646 2946 5704 hereditatem
2979 5646 3097 5717 ejus
3127 5646 3192 5699 ".
3220 5665 3238 5695 ι
3262 5645 3559 5700 Considera

280 5831 550 5906 “Elod.
589 5848 683 5898 xx,
714 5832 767 5888 4.
849 5832 894 5865 ⁸⁷
927 5833 1056 5888 ibid.
1081 5834 1134 5888 5.
1213 5834 1258 5868 ⁸⁸
1300 5834 1499 5906 Epltes.
1544 5836 1721 5903 ",18.
1799 5837 1845 5870 "°

1979 5837 2028 5892 d.
2064 5851 2129 5906 ιι,
2160 5836 2210 5891 6.
2290 5839 2334 5870 ⁹⁰
2367 5834 2476 5892 Isa.
2519 5849 2571 5901 v,
2615 5835 2665 5891 l.
2743 5833 2784 5866 ⁹¹
2813 5832 2975 5890 Joan.
3010 5849 3050 5897 ι,
3089 5832 3173 5887 Η.
3279 5829 3323 5860 ⁹²
3355 5825 3554 5882 Matth.

212 5921 347 5971 ut,
397 5902 490 5956 38.

481 5995 764 6060 PATROL.
813 5997 933 6058 Gn.
979 5996 1181 6058 LXXL
3155 5996 3191 6058 6
