3982 6474
450 367 540 421 171

1442 363 1500 419 S.
1539 362 1815 419 CYRILLI
1858 360 2330 419 ALEXANDRlNl
2371 363 2691 424 ARCHIEP.

3621 371 3712 426 17:9.

448 485 611 553 igitur
634 481 1089 552 quemadmodum
1115 480 1243 536 facti
1267 479 1398 546 sint,
1429 499 1447 532 ι
1481 491 1538 535 ut
1581 481 1742 536 homo
1775 489 2038 553 transgre-

2147 500 2268 537 κασι
2304 483 2413 554 γὰρ
2454 481 2561 546 ἐξω
2602 481 2701 554 τῆς
2750 482 2948 553 πύλης,
2998 479 3092 534 καὶ
3137 477 3356 550 θανάτῳ
3403 481 3715 557 παρέδοσαν,

445 577 600 629 diens
637 582 1042 628 testamentum.
1090 591 1109 624 ι
1160 570 1473 643 Cognovisti
1523 573 1826 628 baaredem?
1877 575 2039 644 igitur

425 664 818 772 ‘basreditatem
849 663 922 716 illi
957 663 1272 717 attributam
1307 662 1488 719 redde.
1529 663 1880 735 Transgressi
1912 673 2038 720 sunt

443 755 573 825 'crgo
641 764 1020 810 testamentum
1076 755 1276 822 Patris,
1317 765 1578 825 quantum
1643 757 1696 812 in
1758 757 1888 828 ipsis
1937 757 2038 813 fuit

446 848 715 903 baeredem
749 847 1185 903 exhaeredantes.
1220 848 1324 903 Sed
1358 864 1531 918 neque
1567 849 1665 919 ipsi
1698 850 1763 905 ad
1807 852 2034 920 gratiam

444 949 810 1004 accesserunt,
842 940 1059 1010 quando
1107 953 1423 995 concessam
1456 941 1556 996 sibi
1605 956 1632 994 a
1676 939 1786 995 Dco
1832 951 2034 996 sortem

445 1046 552 1086 non
583 1031 935 1084 admiserunt.
991 1031 1080 1083 Ait
1135 1031 1278 1086 enim
1331 1048 1428 1102 per
1463 1031 1777 1103 prophetam
1829 1031 1971 1087 Deus
2020 1051 2033 1087 ι

451 1142 470 1176 ε
504 1121 644 1178 Ecce
671 1122 786 1178 dies
819 1123 1060 1190 venient,
1101 1123 1232 1177 dicit
1266 1123 1548 1189 Dominus,
1579 1126 2036 1180 etconsummabo

445 1229 609 1286 super
646 1213 831 1280 Israel,
879 1223 932 1268 et
973 1229 1136 1283 super
1186 1213 1407 1268 domum
1463 1211 1598 1269 Juda
1650 1223 2034 1270 testamentum

445 1321 666 1372 novum,
703 1321 806 1360 non
851 1306 1144 1362 secundum
1179 1314 1560 1362 testamentum
1604 1307 1746 1376 quod
1794 1308 2034 1375 disposui

443 1400 688 1467 patribus
735 1411 922 1453 eorum
960 1399 1010 1451 in
1046 1398 1134 1451 die
1182 1399 1234 1452 in
1281 1413 1384 1467 qua
1441 1401 1768 1466 apprehendi
1817 1416 2032 1454 manum

444 1504 652 1554 eorum,
682 1499 740 1543 ut
769 1491 1051 1545 educerem
1083 1504 1177 1544 eos
1211 1491 1276 1543 de
1302 1499 1444 1544 terra
1471 1488 1688 1560 Egypti
1721 1491 1786 1546 ⁸³.
1829 1510 1847 1543 ›
1884 1491 2036 1556 Quod

442 1581 486 1635 si
523 1596 644 1633 cum
679 1579 861 1649 priore
888 1589 1218 1634 testamento
1255 1594 1453 1634 novum
1503 1580 1834 1647 conferatur,
1880 1583 2036 1652 longe

441 1671 677 1724 maxima
728 1670 1121 1740 promissorum
1157 1670 1423 1726 bonorum
1482 1671 1786 1728 dili‘erentia
1827 1674 2036 1742 perspi-

440 1762 632 1817 cietur.
676 1761 787 1817 Illic
827 1762 976 1817 enim
1019 1762 1486 1828 Amorrbaeoruni,
1524 1761 1932 1834 Gergesaaorum
1980 1772 2036 1818 et

2140 576 2410 644 λέγοντες,
2459 593 2478 627 ι
2513 569 2685 640 Οὗτός
2729 577 2877 629 ἐστιν
2927 577 2956 628 ὁ
2990 573 3350 645 κληρονόμος,
3397 571 3548 628 δεῦτε
3590 577 3716 631 ἀπο-

2140 667 2439 740 κτείνωμεν
2485 667 2670 733 αύτδν,
2712 668 2808 722 καὶ
2859 666 3078 738 σχῶμεν
3120 666 3220 736 τὴν
3267 665 3652 738 κληρονομίαν.
3695 689 3713 722 ›

2143 757 2334 828 Ἀθρει
2367 758 2431 828 δὴ
2456 754 2552 811 οὖν
2578 758 2726 820 ὅπως
2754 756 3042 826 γεγόνασιν
3069 775 3087 807 ι
3114 755 3189 818 ὡς
3237 755 3523 826 ἄνθρωπος
3549 776 3719 830 παρα-

2138 849 2340 904 ϐαίνων
2367 849 2656 920 διαθήκην.
2695 867 2713 902 ›
2751 847 3026 917 Ἐπέγνως
3055 846 3146 900 τὸν
3175 845 3546 916 κληρονόμον;
3583 850 3719 903 Ούκ-

2141 939 2237 994 οῦν
2262 941 2460 1005 ἀπόδος
2485 940 2576 994 τὸν
2601 937 2971 1011 ὲκνεμηθέντα
2994 938 3196 1009 κλῆρον
3215 936 3384 1008 αὐτῷ.
3411 937 3720 1011 Παραϐεϐή-

2139 1047 2266 1084 κασι
2296 1029 2474 1084 τοίνυν
2529 1028 2624 1100 τὴν
2666 1027 2935 1100 διαθήκην
2970 1027 3067 1080 τοῦ
3110 1026 3346 1100 Πατρὸς,
3387 1027 3453 1080 τὸ
3486 1027 3606 1081 ὅσον
3638 1031 3719 1098 ἐφ’

2138 1123 2372 1185 ἑαυτοῖς,
2431 1119 2862 1190 ἀποστεροῦντες
2899 1118 2990 1172 τὸν
3041 1118 3402 1190 κληρονόμον,
3443 1118 3558 1173 ἀλλ’
3604 1120 3718 1173 οὐδὲ

2137 1213 2292 1267 αὐτοὶ
2333 1212 2640 1283 προσῆλθον
2671 1214 2738 1283 τῇ
2767 1212 2974 1283 χάριτι,
3011 1212 3072 1265 οὐ
3105 1213 3484 1283 προσήκαντες
3512 1211 3601 1265 τὸν
3636 1212 3718 1266 δο-

2147 1304 2311 1359 θέντα
2347 1305 2533 1367 αύτοῖς
2571 1303 2724 1374 παρὰ
2753 1301 2847 1357 τοῦ
2879 1302 3016 1356 Θεοῦ
3049 1303 3273 1373 κλῆρον.
3309 1303 3455 1374 Ἔφη
3489 1304 3586 1374 μὲν
3619 1302 3722 1375 γάρ

2136 1396 2224 1449 διὰ
2274 1395 2368 1448 τοῦ
2425 1396 2706 1466 προφήτου
2750 1394 2916 1457 Θεός’
2971 1413 2989 1446 ι
3043 1395 3172 1448 Ἰδοὺ
3213 1393 3418 1466 ἡμέραι
3460 1394 3722 1467 ἔρχονται,

2137 1486 2522 1557 λέγειΚύριος,
2548 1487 2642 1540 καὶ
2664 1486 2968 1540 συντελέσω
2989 1486 3081 1538 ἐπὶ
3103 1485 3195 1539 τὸν
3219 1482 3366 1539 οἷκον
3392 1487 3607 1557 Ἰσραὴλ
3637 1486 3725 1539 καὶ

2137 1580 2228 1632 ἐπὶ
2276 1579 2368 1633 τὸν
2410 1575 2558 1632 οἷκον
2596 1577 2764 1632 Ἰούδα
2803 1579 3068 1649 διαθήκην
3103 1577 3326 1646 καινὴν,
3355 1579 3417 1632 ού
3459 1578 3600 1632 κατὰ
3629 1577 3726 1650 τὴν

2135 1670 2398 1742 διαθήκην
2427 1673 2493 1742 ἣν
2523 1669 2784 1743 διεθέμην
2813 1673 2923 1734 τοῖς
2955 1671 3229 1741 πατράσιν
3253 1667 3436 1724 αὐτῶν
3462 1672 3520 1724 ὲν
3550 1669 3726 1741 ἡμέρᾳ

2136 1761 2534 1832 ἐπιλαϐομένου
2563 1778 2667 1830 μου
2697 1763 2798 1832 τῆς
2829 1761 3016 1832 χειρὸς
3062 1760 3267 1824 αὐτῶν,
3299 1760 3594 1829 ἐξαγαγεῖν
3631 1759 3726 1813 αὑ-

439 1853 748 1918 Evaeorum,
788 1853 941 1924 101
978 1863 1031 1908 et
1058 1851 1428 1909 Jebusaaorum
1459 1862 1604 1909 terra
1648 1854 1780 1926 ipsis
1803 1855 2038 1926 promis-

2147 1854 2268 1915 τοὺς
2293 1854 2357 1907 ὲκ
2391 1853 2494 1922 γῆς
2522 1852 2822 1922 Αἰγύπτου.
2865 1871 2882 1903 ι
2934 1854 2996 1906 Εἰ
3025 1850 3082 1906 δὲ
3115 1852 3180 1925 δὴ
3221 1851 3574 1923 δοκιμάζοιτε
3599 1851 3728 1924 πρὸς
3831 1869 3834 1872 ’

440 1960 498 1999 sa
543 1953 649 2000 est.
703 1944 912 2000 Novum
965 1955 1146 1999 autem
1199 1953 1604 2010 testamentum,
1646 1946 1749 2000 hoc
1790 1954 1893 2009 est,
1939 1959 2036 2014 per

439 2037 716 2093 Christum
756 2046 944 2092 sancta
979 2047 1035 2092 et
1065 2037 1336 2103 instituta,
1371 2053 1467 2107 per
1498 2037 1658 2093 [idem
1693 2038 1758 2092 ad
1789 2036 2035 2108 adeptio-

439 2147 564 2185 nem
599 2131 858 2195 ﬁliorum,
902 2130 970 2184 ad
1009 2129 1500 2199 incorruptionem,
1534 2130 1600 2184 ad
1633 2130 1796 2184 vitam
1831 2129 2032 2200 sempi-

441 2231 675 2289 ternam,
725 2221 793 2277 ad
853 2221 1291 2277 communionem
1334 2220 1429 2276 Dei
1483 2236 1580 2292 per
1623 2219 1908 2292 Spiritum,
1965 2221 2032 2276 ad

439 2330 666 2383 regnum
697 2312 959 2369 malorum
1007 2313 1298 2370 vocabant.
1345 2312 1544 2369 Verum
1588 2313 1662 2368 illi
1703 2324 1903 2370 sortem
1939 2329 2037 2383 per

440 2403 640 2458 Filium
675 2419 701 2456 a
728 2403 837 2458 Deo
861 2411 916 2457 et
949 2401 1114 2458 Patre
1153 2402 1285 2472 ipsis
1323 2402 1579 2457 tributam
1615 2403 1818 2459 habere
1851 2402 2037 2460 nolue-

359 2487 365 2492 ’
443 2502 587 2545 runt.
618 2491 928 2553 Secundum
960 2500 1253 2563 utrumque
1281 2491 1447 2562 igitur
1474 2492 1826 2547 irritaverunt
1844 2491 2036 2560 Deum,

441 2594 493 2638 et
525 2585 986 2655 transgredientes
1012 2591 1421 2648 testamentum,
1453 2591 1509 2638 et
1541 2583 1837 2650 baaredem,
1870 2592 1928 2638 ut
1955 2583 2039 2638 di-

441 2677 651 2742 cebam,
680 2686 944 2747 quantum
973 2676 1026 2732 in
1057 2677 1188 2746 ipsis
1210 2677 1329 2743 fuit,
1354 2676 1479 2731 data
1516 2676 1566 2732 ei
1609 2691 1640 2731 a
1675 2675 1833 2732 Patre
1868 2677 2040 2732 luere-

442 2768 611 2822 ditate
640 2766 995 2837 expellentes,
1035 2768 1250 2839 ipsique
1293 2783 1326 2823 a
1382 2769 1490 2824 Deo
1540 2766 1646 2825 sibi
1708 2767 1762 2822 in
1816 2768 2038 2828 Christo

444 2859 660 2913 donatis
689 2859 1030 2915 excidentes.

2140 1941 2240 2013 τὴν
2269 1941 2495 2014 πρώτην
2528 1944 2562 2013 ή
2593 1942 2708 2009 νέα,
2747 1943 2972 2015 πλείστη
2997 1961 3080 2007 τις
3110 1944 3210 2014 δση
3239 1943 3350 1997 τῶν
3389 1943 3729 2015 ἐπηγγελμέ-

2141 2051 2248 2087 νων
2283 2035 2317 2105 ὴ
2347 2033 2581 2106 διαφορά
2619 2035 2967 2107 νοηθήσεται.
3007 2036 3156 2090 Ἐκεῖ
3201 2035 3302 2106 μὲν
3350 2036 3466 2108 γὰρ
3496 2036 3594 2106 τὴν
3626 2035 3730 2089 τῶν

2154 2125 2520 2198 Ἀμορραίων,
2571 2126 2668 2180 καὶ
2709 2126 3074 2198 Γεργεσαίων,
3128 2126 3220 2181 καὶ
3267 2126 3491 2182 Εὐαίων
3529 2128 3728 2190 αὐτοῖς,

2140 2217 2235 2270 καὶ
2259 2218 2367 2288 μὴν
2395 2218 2490 2272 καὶ
2534 2218 2874 2274 Ἰεϐουσαίων
2901 2219 3210 2291 ὲπήγγελτο
3241 2218 3347 2286 γῆν
3373 2236 3386 2248 ·
3417 2220 3450 2291 ή
3479 2219 3535 2272 δὲ
3561 2218 3732 2290 Καινὴ

2140 2309 2408 2381 Διαθήκη,
2436 2311 2709 2375 τουτέστι,
2749 2311 2817 2364 τὰ
2845 2310 2935 2365 διὰ
2960 2310 3200 2383 Χριστοῦ
3237 2311 3615 2382 θεσπίσματα,
3649 2311 3731 2364 διὰ

2145 2401 2385 2466 πίστεως
2415 2402 2644 2456 ἐκάλουν
2669 2405 2749 2468 εἰς
2776 2403 3052 2457 υἱοθεσίαν
3085 2402 3244 2472 Θεοῦ,
3279 2405 3363 2467 εἰς
3403 2403 3732 2474 ἀφθαρσίαν,

2145 2495 2226 2558 εἰς
2261 2494 2545 2565 ἀμήρυτον
2583 2493 2750 2564 ζωὴν,
2785 2493 2866 2558 εἰς
2893 2493 3114 2565 μέθεξιν
3141 2494 3303 2560 Θεοῦ,
3335 2495 3439 2568 τὴν
3466 2495 3556 2548 διὰ
3579 2493 3736 2548 Πνεύ-

2148 2601 2342 2657 ματος,
2385 2585 2466 2649 εἰς
2499 2584 2776 2655 βασιλείαν
2821 2586 3086 2656 οὐρανῶν.
3125 2585 3266 2641 Ἀλλ’
3314 2587 3420 2640 οὐκ
3468 2585 3736 2656 ἠθέλησαν

2143 2677 2288 2748 ἔχειν
2312 2676 2405 2730 τὸν
2429 2677 2804 2748 ὲκνεμηθέντα
2836 2677 3038 2750 κλῆρον
3073 2677 3256 2743 αὐτοῖς
3295 2677 3370 2731 δι’
3403 2677 3562 2742 Υίοῦ,
3590 2677 3738 2748 παρὰ

2140 2767 2236 2822 τοῦ
2264 2768 2400 2822 Θεοῦ
2424 2771 2518 2824 καὶ
2545 2771 2778 2841 Πατρός.
2814 2771 2949 2824 Κατ’
2976 2769 3145 2842 ἄμφω
3163 2770 3230 2842 δὴ
3259 2766 3358 2824 οῦν
3389 2770 3736 2841 λελυπήκασι

2143 2862 2577 2934 παραϐαίνοντες
2611 2865 2711 2935 τὴν
2757 2863 3046 2936 διαθήκην,
3095 2863 3192 2918 καὶ
3229 2863 3326 2916 τὸν
3377 2863 3739 2934 κληρονόμον,

441 2950 518 3015 ῶς
547 2949 787 3024 ἔφην,τὺ
810 2951 936 3004 ὅσον
964 2951 1052 3022 ἐφ’
1079 2953 1290 3017 ἑαυτοῖς
1315 2951 1410 3007 τοῦ
1449 2953 1694 3018 δοθέντος
1751 2953 1900 3024 αὐτῷ
1956 2953 2110 3026 παρὰ
2146 2953 2242 3008 τοῦ
2297 2954 2514 3028 Πατρὸς
2579 2955 2882 3022 ἐξώσαντες
2932 2947 3159 3028 κλ”ήρου,
3211 2955 3642 3020 ἐκπεπτωκότες
3688 2953 3742 3007 δὲ

445 3047 540 3098 καὶ
569 3045 723 3098 αὐτοὶ
774 3043 884 3100 τῶν
930 3044 1083 3116 παρὰ
1123 3043 1258 3099 Θεοῦ
1299 3043 1689 3118 δεδωρημένων
1721 3046 1904 3110 αὐτοῖς
1941 3047 2000 3101 ὲν
2031 3046 2274 3118 Χριστῷ.

534 3136 698 3195 Vens.
728 3138 783 3194 8.
833 3137 918 3193 Ibi
961 3138 1269 3208 contempsit
1311 3155 1393 3192 me
1441 3138 1675 3206 Galaad,
1717 3141 1902 3196 civitas
1928 3157 2044 3213 qua:
2072 3147 2117 3206 C

448 3245 701 3302 operatur
728 3247 888 3300 vana,
940 3230 1263 3286 conturbari:
1295 3247 1516 3300 aquam,
1548 3242 1596 3286 et
1642 3231 1902 3301 fortitudo
1951 3241 2044 3287 tua

449 3324 544 3377 riri
573 3325 783 3386 piratw.
2025 3332 2032 3334 '

519 3415 730 3471 LXVII.
769 3414 1096 3488 Regreditur
1128 3415 1194 3471 ad
1229 3415 1533 3470 enarranda
1562 3415 1793 3480 scelera,
1822 3425 2044 3486 propter

446 3522 568 3578 qua:
622 3509 761 3578 apud
813 3523 908 3562 eos
959 3507 1188 3563 scelesta
1239 3506 1836 3577 pseudoprophetarum
1889 3509 2044 3563 turba

444 3599 566 3669 jure
611 3599 873 3653 trucidata
931 3607 1035 3654 est.
1081 3597 1156 3653 lbi
1199 3598 1368 3664 enim,
1427 3597 1601 3669 inquit
1636 3599 1764 3670 (hoc
1798 3608 1901 3666 est,
1953 3599 2044 3656 illo

450 3703 716 3762 tempore,
751 3707 860 3763 quo
902 3691 1197 3747 declinavit
1226 3689 1416 3757 Israel,
1464 3700 1521 3747 et
1568 3691 1621 3745 in
1669 3705 1793 3746 eum
1841 3698 2040 3746 statum

449 3787 690 3850 devenit,
731 3794 792 3840 ut
837 3785 1004 3840 etiam
1057 3784 1331 3839 daemones
1369 3782 1603 3839 adorare
1651 3795 1758 3838 non
1795 3781 2046 3838 reformi-

449 3879 624 3940 daret,
664 3877 766 3932 hoc
792 3877 935 3930 enim
958 3876 1062 3930 sibi
1094 3873 1208 3929 vult
1233 3872 1385 3940 illud,
1425 3891 1445 3927 ε
1478 3873 1575 3940 ibi,
1612 3892 1631 3927 ι
1669 3874 1714 3930 si
1747 3872 2041 3930 secundum

451 3982 564 4020 rem
590 3976 646 4022 et
679 3967 972 4030 actionem,
999 3980 1103 4020 non
1138 3965 1436 4022 secundum
1465 3967 1642 4021 locum
1670 3965 1849 4037 potius
1883 3963 2044 4018 intel-

450 4060 693 4129 ligatur),
727 4059 1079 4113 vehementer
1103 4060 1429 4128 contempsit
1456 4075 1542 4114 me
1575 4059 1801 4115 Galaad.
1829 4056 2040 4111 Nomen

451 4150 600 4204 urbis
625 4159 710 4204 est
752 4161 902 4204 trans
942 4147 1263 4217 Jordanem,
1295 4165 1417 4221 quae
1459 4150 1616 4221 juxta
1665 4150 2041 4222 praescriptum

449 4241 652 4315 Moysis
686 4242 850 4296 cessit
887 4239 1092 4296 Levitis
1125 4241 1194 4295 “.
1234 4242 1366 4297 Erat
1407 4242 1591 4310 itaque
1622 4243 1964 4294 sacerdotum
1990 4248 2045 4294 et

450 4332 766 4388 Levitarum
821 4333 1034 4388 civitas.
1077 4332 1182 4387 Sed
1216 4333 1310 4403 qui
1361 4332 1499 4386 alios
1539 4332 1606 4384 ab
1651 4345 1839 4385 errore
1880 4331 2040 4383 debe-

449 4428 581 4483 bant
614 4436 882 4491 avertere,
916 4435 970 4480 et
996 4424 1063 4478 ad
1098 4426 1386 4480 veritatem
1415 4423 1898 4494 cognitionemque
1931 4423 2041 4476 uti-

2233 3142 2389 3199 Ἐκεῖ
2407 3143 2828 3215 κατεφρόνησέ
2857 3161 2979 3215 μου
3007 3142 3282 3208 Γαλαὰδ,
3308 3143 3501 3210 ,πόλις
3527 3138 3749 3211 ἐργαζο-

2144 3229 2300 3302 μένη
2329 3231 2571 3303 μάταια,
2606 3233 3006 3304 ταράσσουσα
3025 3232 3202 3302 ὕδωρ,
3222 3231 3332 3286 και
3352 3233 3392 3300 ἠ
3426 3233 3609 3302 ἰσχύς
3635 3247 3747 3285 σου

2147 3323 2370 3392 ἀνδρὸς
2404 3325 2706 3394 πειρατοῦ.

2216 3417 2334 3473 ΞΖ’.
2374 3419 2653 3474 Ἐπάνεισι
2682 3417 2844 3472 πάλιν
2876 3418 2904 3470 ὁ
2937 3417 3094 3485 λόγος
3122 3417 3203 3480 εἰς
3237 3415 3532 3488 ἀφήγησιν
3557 3414 3748 3484 ἐγκλη-

2151 3512 2358 3584 μάτων,
2405 3511 2491 3580 έφ’
2531 3506 2611 3575 οἷς
2645 3509 2871 3572 εἰκότως
2921 3506 3194 3579 ἀνῄρηται
3233 3506 3349 3561 τῶν
3400 3506 3540 3578 παρ’
3571 3505 3748 3565 αὐτοῖς

2145 3602 2611 3676 ψευδοπροφητῶν
2659 3603 2692 3672 ή
2723 3600 2917 3656 ἀνοσία
2958 3598 3190 3668 πληθύς.
3230 3597 3389 3653 Ἐκεῖ
3426 3598 3561 3668 γὰρ,
3598 3595 3748 3664 φησι,

2145 3696 2419 3761 τουτέστι,
2456 3693 2578 3748 κατ’
2614 3695 2794 3748 έκεῖνο
2820 3691 2917 3747 τοῦ
2948 3690 3168 3762 καιροῦ,
3195 3690 3323 3746 καθ’
3351 3691 3415 3744 ὃν
3444 3689 3700 3744 κέκλικεν
3725 3687 3754 3739 ὁ

2159 3785 2399 3858 Ἰσραὴλ,
2431 3786 2526 3840 καὶ
2555 3787 2614 3839 έν
2649 3787 2718 3858 τῇ
2743 3783 2924 3854 τοιᾷδε
2956 3781 3294 3838 καταστάσει
3327 3783 3582 3853 γέγονεν,
3617 3780 3753 3836 ὥστε

2146 3878 2242 3935 καί⁸
2287 3877 2506 3934 ἑλέσθαι
2553 3875 2854 3947 δαιμονίοις
2897 3876 3226 3946 προσκυνεῖν
3273 3874 3467 3946 (τοῦτο
3495 3875 3609 3947 γάρ
3643 3873 3757 3924 ἔστι

2144 3970 2226 4039 τὸ,
2259 3990 2278 4024 ι
2317 3971 2455 4034 ἐκεῖ,
2490 3988 2508 4021 ι
2571 3966 2980 4040 πραγματικῶς
3020 3965 3340 4038 νοούμενον,
3395 3967 3495 4022 καὶ
3541 3965 3666 4036 οὐχὶ
3695 3962 3758 4033 δὴ

2150 4061 2352 4134 μᾶλλον
2400 4058 2697 4128 τοπικῶς),
2733 4058 2941 4129 σφόδρα
3004 4073 3106 4129 μου
3155 4057 3671 4128 καταπεφρόνηκεν
3723 4054 3758 4124 ἡ

2146 4151 2376 4206 Γαλαὰδ.
2421 4149 2583 4212 Πόλις
2609 4149 2667 4202 δὲ
2695 4146 2835 4218 αῦτη
2885 4146 2984 4218 μία
3021 4145 3133 4202 τῶν
3170 4147 3457 4218 Ἰορδάνου
3492 4147 3756 4217 ναμάτων

2146 4241 2436 4306 ἐπέκεινα,
2484 4243 2517 4312 ή
2561 4238 2657 4293 καὶ
2702 4237 3070 4309 ὲκνεμηθεῖσα
3121 4238 3234 4301 τοῖς
3282 4238 3577 4302 Λευΐταις,
3625 4233 3760 4290 κατὰ

2145 4333 2235 4386 τὸν
2281 4331 2528 4396 Μωσέως
2582 4331 2766 4402 νόμον.
2823 4325 2934 4383 Ἦν
2967 4324 3063 4383 οὖν
3121 4327 3319 4400 ἱερέων
3373 4329 3475 4383 καὶ
3523 4326 3762 4384 Λευῖτῶν

2145 4425 2323 4490 πόλις.
2364 4423 2507 4478 Ἀλλ’
2553 4425 2603 4478 οἰ
2631 4425 2759 4488 τοὺς
2792 4422 2984 4486 ἄλλους
3027 4419 3346 4490 ὀφείλοντες
3393 4419 3760 4492 ἀποκομίζειν

399 4557 403 4562 .
451 4517 584 4572 lium
618 4517 859 4584 erudire,
897 4535 916 4569 ι
949 4516 1091 4572 labia
1123 4517 1268 4570 enim
1297 4515 1601 4571 sacerdotis
1627 4517 1937 4570 custodierit
1962 4515 2040 4585 ju-

2147 4518 2247 4590 τῆς
2280 4517 2510 4589 πλάνης,
2558 4517 2654 4570 καὶ
2683 4516 3056 4585 παιδαγωγεῖν
3086 4515 3166 4578 εἰς
3207 4514 3513 4586 ἀλήθειαν,
3555 4513 3651 4567 καὶ
3686 4511 3764 4574 εἰς

450 4611 674 4677 dicium,
714 4619 772 4665 et
811 4611 986 4678 legem
1035 4607 1319 4676 requirent
1367 4622 1434 4661 ex
1487 4622 1585 4661 ore
1632 4606 1747 4677 ejus
1771 4606 1844 4673 ⁸⁸,
1875 4625 1894 4659 ι
1938 4607 2041 4676 ipsi

455 4703 596 4758 idola
635 4703 1056 4758 introduxerunt
1095 4709 1152 4754 et
1186 4714 1326 4753 vana
1357 4698 1605 4754 fabricati
1651 4708 1796 4756 sunt.
1835 4720 1855 4753 ι
1896 4698 2040 4772 Ope-

453 4796 559 4850 rati
597 4805 724 4850 sunt
768 4794 911 4848 enim
963 4805 1123 4855 vana,
1167 4808 1187 4842 ι
1223 4790 1329 4846 hoc
1359 4801 1466 4858 est,
1497 4791 1662 4847 idola.
1703 4811 1721 4844 ι
1757 4791 2040 4847 Turbave-

455 4895 584 4940 runt
620 4887 790 4940 etiam
829 4899 1022 4953 aquam
1049 4927 1064 4953 ,
1107 4903 1124 4936 ο
1174 4883 1225 4938 id
1269 4894 1353 4938 est
1381 4922 1396 4947 ,
1444 4883 1782 4939 confusionis
1823 4885 2042 4940 occasio

452 4977 700 5046 populari
735 4974 1068 5030 multitudini
1103 4972 1342 5028 luerunt.
1379 4973 1494 5030 Mos
1519 4975 1661 5030 enim
1693 4991 1863 5032 sacrae
1892 4973 2042 5032 Scri-

454 5079 628 5134 pturae
651 5077 755 5133 est,
775 5066 1118 5122 innumeram
1143 5064 1428 5120 hominum
1458 5066 1860 5122 multitudinem
1891 5083 2042 5139 aqua

456 5161 788 5228 assimilare,
826 5160 956 5216 inde
991 5175 1112 5214 cum
1147 5170 1338 5216 essent
1371 5160 1832 5230 frequentissimae
1861 5160 2040 5232 Baby-

454 5255 541 5308 lon
569 5262 624 5308 et
653 5251 1051 5316 Ninive,tsicut
1079 5247 1858 5322 piscina,»inquit,taqu‘arum
1887 5268 2042 5322 aquae

458 5344 574 5411 ejus
600 5342 672 5396 °°.
709 5359 729 5392 ι
775 5343 929 5408 Quod
974 5343 1114 5397 idem
1152 5351 1237 5398 est
1288 5357 1352 5397 ac
1394 5343 1439 5398 si
1473 5343 1696 5411 diceret,
1732 5351 1788 5398 ut
1825 5344 2040 5416 piscina

457 5436 615 5503 plena
644 5442 729 5487 est
763 5434 941 5503 aquis,
976 5435 1049 5490 ita
1092 5434 1384 5491 multitudo
1411 5436 1549 5506 ejus.
1583 5435 1686 5490 Atil
1721 5437 1827 5491 alio
1859 5437 2038 5501 modo,

461 5527 812 5580 turbaverant
838 5529 1229 5597 aquam,quasi
1261 5528 1530 5584 turbidam
1557 5539 1612 5583 et
1635 5542 1916 5585 cmnosam
1943 5528 2040 5580 do-

463 5617 690 5672 ctrinam
737 5633 796 5673 se
829 5618 1276 5676 convenientibus
1305 5628 1692 5692 proponentes,
1727 5631 1782 5674 et
1827 5620 2039 5689 simpli-

529 5794 576 5828 ”
609 5795 808 5852 Jerem.
841 5797 1114 5865 xxx1,3i,
1153 5796 1248 5852 32.
1342 5797 1391 5833 ”
1445 5795 1603 5851 Num.
1641 5812 1814 5864 xxxii,
1844 5794 1934 5850 29.
2012 5795 2058 5826 "
2101 5792 2332 5850 Malach.
2405 5805 2465 5855 ll,
2517 5787 2570 5853 7,
2645 5785 2691 5816 "
2722 5781 2937 5838 Nullum
2971 5796 3035 5848 tt,
3070 5780 3122 5834 8.

2149 4607 2247 4681 τὴν
2267 4607 2362 4663 τοῦ
2391 4608 2763 4680 συμφέροντος
2787 4607 2888 4677 τὴν
2907 4607 3112 4675 γνῶσιν
3127 4605 3174 4678 (ι
3197 4607 3378 4678 Χείλη
3402 4608 3518 4678 γὰρ
3551 4605 3763 4678 ίερέως,

2150 4701 2308 4772 φησὶ,
2343 4700 2638 4771 φυλάξεται
2673 4700 2878 4771 κρίσιν,
2909 4697 3003 4752 καὶ
3032 4697 3196 4768 νόμον
3231 4697 3658 4770 ἐκζητήσωσιν
3701 4697 3766 4747 ὲκ

2149 4795 2416 4864 στόματος
2447 4791 2704 4861 αὐτοῦ’),
2739 4790 3034 4860 γεγόνασιν
3065 4789 3221 4842 αὐτοὶ
3251 4789 3372 4843 τῶν
3399 4790 3648 4844 εἰδώλων
3680 4787 3769 4841 εὑ-

2149 4886 2325 4956 ρεταὶ,
2355 4885 2451 4939 καὶ
2476 4884 2586 4938 τῶν
2623 4882 2872 4954 ματαίων
2903 4885 2952 4936 οἰ
2980 4879 3331 4953 τεχνουργοί.
3371 4901 3392 4933 ς
3425 4881 3770 4955 Είργάζοντο

2149 4975 2258 5050 γὰρ
2289 4977 2518 5048 μάταια,
2563 4994 2584 5029 ›
2617 4973 2886 5038 τουτέστι,
2915 4972 2985 5027 τὰ
3022 4971 3240 5026 εἴδωλα.
3291 4990 3312 5024 ‹
3339 4973 3690 5044 Ἐτάραττον
3715 4966 3771 5021 δὲ

2149 5070 2244 5124 καὶ
2283 5068 2452 5140 ὕδωρ,
2491 5086 2510 5119 ο
2543 5067 2815 5131 τουτέστι,
2855 5065 3173 5136 συγχύσεως
3199 5064 3446 5138 ἀφορμὴ
3489 5068 3609 5130 τοῖς
3639 5064 3771 5130 ἀγε-

2150 5163 2324 5225 λαίοις
2369 5160 2679 5230 γεγόνασιν.
2707 5158 2902 5213 ’Ὑδατι
2960 5157 3069 5228 γὰρ
3107 5157 3494 5229 παρεικάζειν
3544 5155 3670 5218 ἔθος
3706 5151 3766 5215 ’τῇ

2150 5253 2288 5326 ἁγίᾳ
2317 5253 2511 5324 Γραφῇ
2550 5250 2650 5322 τὴν
2679 5249 2990 5322 ἀμέτρητον
3024 5247 3136 5300 τῶν
3171 5245 3502 5318 ἀνθρώπων
3541 5235 3768 5326 πληθύν.

2151 5323 2274 5399 Kal
2291 5323 2422 5413 γοῦν
2453 5323 2897 5414 πολυανδρούσης
2929 5340 3069 5408 ἄγαν
3093 5337 3192 5406 τῆς
3232 5327 3638 5390 Βαϐυλωνίων,
3680 5323 3774 5378 καὶ

2146 5435 2362 5501 Νινευῒ,
2407 5437 2561 5510 φησὶ,
2626 5453 2644 5486 ι
2697 5435 2772 5500 ὡς
2827 5419 3182 5493 κολυμϐήθρα
3237 5419 3447 5486 ὓδατος
3486 5421 3561 5475 τὰ
3605 5418 3774 5473 ὕδατα

2151 5529 2348 5595 αὐτῆς,
2386 5547 2404 5572 ι
2450 5529 2571 5578 ἀντὶ
2604 5514 2723 5583 τοῦ,
2755 5517 2831 5578 ὼς
2861 5513 3224 5586 κολυμϐήθρα
3265 5512 3500 5586 πλήρης
3537 5513 3769 5571 ὑδάτων,

2145 5617 2288 5670 οὕτω
2318 5615 2381 5670 τὸ
2435 5613 2637 5684 πλῆθος
2692 5609 2880 5678 αὐτῆς.
2930 5606 3024 5670 Ἣ,
3083 5603 3206 5659 καθ’
3271 5603 3479 5678 ἕτερον
3535 5604 3770 5677 τρόπον,
