3982 6454
362 340 468 397 I73

1303 340 1863 401 COMMENTARIUS
1902 340 1968 399 ΠΝ
2013 342 2248 401 OSEAM
2293 342 2738 401 PROPIIETAM.

3564 349 3666 407 ιῖι

355 462 666 533 ὲτάραττον
730 459 897 532 ὕδωρ,
968 462 1347 533 τεθολωμένην
1412 462 1602 532 ὥσπερ
1674 463 1798 517 τινὰ
1872 464 1965 515 καὶ

2075 464 2211 518 cium
2246 470 2459 519 mentes
2506 464 2895 518 incrassantes.
2940 461 3219 519 Ducebant
3247 463 3392 520 enim
3436 467 3669 526 adorare

354 554 549 621 ἰλιὼδη
602 552 956 606 διδασκαλίαν
1004 557 1117 617 τοῖς
1164 554 1456 627 προσιοῦσι
1505 556 1821 626 προθέντες,
1874 556 1967 609 καὶ

360 646 446 699 τὸν
482 643 595 697 τῶν
639 644 1048 716 ἁκεραιοτέρων
1099 647 1432 717 παχύνοντες
1470 647 1614 703 νοῦν.
1661 648 1967 701 Ἐδίδασκον

359 739 465 810 γάρ
503 736 707 792 εἴδωλα
734 740 1087 809 προσκυνεῖν.
1124 740 1235 793 Καὶ
1277 738 1409 807 γοῦν
1448 740 1538 793 διὰ
1586 740 1773 810 φωνῆς
1808 738 1969 803 Ἰεζε-

352 829 482 901 χιὴλ
512 831 710 903 ᾐτιᾶτο
758 830 924 886 πάλιν
953 832 1153 896 αὐτοὺς
1182 833 1211 886 ό
1245 831 1354 887 τῶν
1378 832 1518 886 ὅλων
1556 832 1723 898 Θεὸς,
1756 832 1851 885 καὶ
1891 830 1967 894 ὡς

354 922 501 993 πρὸς
536 922 753 992 κριοὺς,
790 922 887 977 καὶ
934 924 1033 995 τῆς
1066 922 1273 995 ἀγέλης
1320 924 1642 998 καθηγητὰς
1681 926 1968 1001 προσεφώ-

354 1028 461 1077 νει,
500 1011 714 1081 λέγων·
764 1029 782 1063 t
820 1014 932 1068 Καὶ
964 1014 1125 1084 ὑμεῖς
1161 1015 1432 1088 πρόϐατα,
1475 1017 1602 1072 τάδε
1649 1016 1797 1085 λέγει
1848 1017 1967 1072 Κύ-

356 1122 506 1176 ριοςο
555 1106 688 1160 Ἰδοὺ
745 1107 860 1176 ἐγὼ
903 1108 1169 1180 διακρίνω
1220 1110 1496 1181 ἀναμέσον
1544 1110 1823 1182 προϐάτου
1874 1112 1970 1166 καὶ

354 1197 671 1269 προϐάτου,
709 1200 806 1254 καὶ
848 1198 1043 1271 κριῶν,
1085 1201 1181 1255 καὶ
1214 1202 1458 1274 τράγων.
1498 1204 1607 1257 Καὶ
1639 1202 1737 1274 οὺχ
1785 1202 1968 1258 ίκανὸν

350 1292 517 1363 ὑμῖν,
546 1293 630 1347 ὅτι
670 1291 773 1365 τὴν
803 1294 979 1365 καλὴν
1011 1295 1184 1366 νομὴν
1234 1296 1519 1368 ὲνέμεσθε.
1559 1299 1670 1351 Καὶ
1701 1297 1772 1352 τὰ
1800 1296 1967 1352 κατά-

352 1384 529 1438 λοιπα
555 1386 659 1456 τῆς
680 1388 857 1457 νομῆς
885 1391 1250 1443 κατεπατεῖτε
1283 1392 1396 1455 τοῖς
1424 1390 1555 1445 ποσὶ
1584 1390 1762 1461 ὑμῶν,
1788 1391 1882 1445 καὶ
1908 1388 1969 1444 τὸ

352 1474 713 1546 καθεστηκὸς
746 1474 895 1547 ὕδωρ
933 1476 1173 1542 ἐπίνετε,
1206 1478 1303 1532 καὶ
1345 1476 1408 1533 τὸ
1436 1477 1623 1533 λοιπὸν
1667 1482 1782 1544 τοῖς
1810 1480 1968 1534 ποσὶν

349 1566 519 1637 ὑμῶν
544 1568 904 1639 ὲταράσσετε,
935 1569 1032 1623 καὶ
1060 1569 1130 1623 τὰ
1155 1570 1408 1642 πρόϐατά
1430 1589 1533 1642 μου
1562 1570 1632 1627 τὰ
1665 1573 1810 1644 πατή
1821 1588 1969 1642 ματα

349 1658 469 1711 τῶν
507 1658 689 1712 ποδῶν
729 1658 889 1730 ὑμῶν
960 1658 1258 1730 ἐνέμοντο,
1317 1660 1415 1715 καὶ
1457 1660 1519 1713 τὸ
1557 1660 1969 1731 τεταραγμένον

352 1750 511 1824 ὕδωρ
538 1752 645 1805 ὑπὸ
680 1752 789 1806 τῶν
822 1752 1001 1807 ποδῶν
1033 1751 1190 1823 ὑμῶν
1220 1751 1428 1807 ἔπινον.
1447 1753 1828 1825 »Νομομαθεῖς
1856 1753 1968 1825 γὰρ

348 1848 514 1911 ὄντες
547 1848 597 1901 oi
625 1847 685 1914 ἐξ
713 1846 948 1918 αἳματος
991 1848 1145 1912 Λευῒ,
1179 1848 1277 1901 κα)⁴
1322 1846 1618 1917 καλλίστην
1663 1846 1855 1918 ὥσπερ
1884 1864 1970 1901 νο-

354 1940 493 2013 μὴν,
544 1940 746 1993 λεπτόν
786 1958 848 1995 τε
899 1941 993 1996 καὶ
1044 1940 1237 2005 διειδὲς
1281 1939 1499 2011 ἔχοντες
1533 1940 1712 2011 ὕδωρ,
1748 1940 1848 2011 τὴν
1880 1940 1970 1995 διὰ

351 2031 610 2095 Μωσέως
642 2031 927 2086 παξδευσιν
982 2031 1085 2085 οὐκ
1130 2030 1407 2095 ἀνικάνως
1444 2029 1677 2101 ἔχουσαν
1712 2030 1971 2102 ποδηγεῖν

348 2127 440 2188 εἰς
474 2123 761 2196 ἀλήθειαν,
818 2123 1161 2179 κατεπάτουν
1211 2123 1412 2195 τρόπον
1454 2121 1578 2178 τινὰ
1624 2122 1724 2196 τὴν
1771 2123 1964 2195 νομὴν,

352 2216 765 2286 συνετάραττον
819 2216 878 2271 δὲ
925 2215 1021 2271 καὶ
1069 2216 1131 2270 τὸ
1178 2215 1346 2287 ὕδωρ,
1377 2214 1613 2286 παχεῖάν
1658 2230 1810 2282 τινα,
1876 2215 1971 2268 καὶ

356 2308 573 2381 ῐλιὼδη,
625 2310 722 2363 καὶ
757 2308 999 2379 γεώδους
1045 2307 1389 2381 ἀκαθαρσίας
1437 2306 1692 2379 ἔμπλεων
1736 2323 1971 2379 παρατι-

346 2402 549 2469 θέντες
588 2402 969 2467 διδασκαλίαν,
1001 2404 1119 2467 τοῖς
1146 2404 1205 2455 ὲν
1243 2401 1396 2467 τάξει
1422 2401 1713 2474 προϐάτων
1741 2400 1966 2457 ἀκολου-

346 2494 545 2550 θοῦσιν
576 2495 767 2560 αὐτοῖς
797 2494 875 2560 ὡς
912 2496 1106 2565 κριοῖς.
1149 2490 1542 2564 Ἐγκαλοῦνται
1573 2492 1755 2548 τοίνυν
1782 2492 1831 2545 oi
1865 2492 1967 2563 τῆς

350 2588 577 2643 Γαλαὰδ
652 2588 869 2645 πολῖται
950 2587 1048 2642 καὶ
1106 2587 1421 2659 οίκήτορες,
1466 2585 1546 2651 ὡς
1596 2584 1965 2659 παράττοντες

2073 552 2233 607 idola.
2262 553 2443 619 Quare
2474 569 2569 623 per
2600 552 2943 609 Ezechielem
2968 553 3348 611 universorum
3380 556 3521 614 Dens
3547 576 3667 616 rur-

2072 660 2192 700 sum
2222 658 2317 699 eos
2350 654 2572 701 accusat
2615 654 2670 701 et
2705 644 2869 701 veluti
2913 646 3139 713 arietes,
3167 656 3223 702 et
3269 649 3454 719 gregis
3498 650 3669 707 duces

2073 738 2216 792 hunc
2241 738 2291 793 in
2332 740 2550 793 modum
2578 754 2672 795 eos
2695 739 2988 808 compellat
3018 757 3030 793 :
3068 759 3086 793 ι
3126 740 3194 796 Ει
3222 755 3319 797 vos
3351 757 3481 799 oves
3509 759 3667 808 meae,

2074 831 2188 885 haec
2216 830 2349 885 dicit
2382 816 2644 887 Dominus
2672 851 2685 887 ι
2722 832 2861 887 Ecce
2889 847 2988 903 ego
3011 832 3323 903 dijudicabo
3346 835 3488 890 inter
3513 852 3671 893 ovem

2070 930 2125 976 et
2151 936 2328 985 ovem,
2350 924 2555 979 arietes
2579 924 2738 999 102
2763 934 2818 980 et
2846 926 3049 982 hircos.
3093 926 3157 982 Et
3185 943 3291 983 non
3330 929 3464 985 satis
3493 931 3673 996 vobis,

2070 1014 2203 1091 quia
2227 1015 2429 1069 bonum
2460 1026 2676 1085 pastum
2714 1019 3045 1088 pascel-alis.
3080 1018 3148 1073 Et
3193 1019 3450 1091 reliquias
3484 1034 3674 1091 pastus

2071 1090 2244 1159 vostri
2277 1106 2689 1162 conculcabatis
2719 1107 2954 1177 pedibus
2986 1110 3210 1177 vestris,
3245 1122 3298 1167 et
3316 1090 3671 1180 purissimam

2073 1210 2272 1264 aquam
2305 1196 2601 1264 bibebatis,
2635 1208 2692 1254 et
2722 1199 2993 1270 reliquum
3033 1204 3237 1257 vestris
3284 1203 3517 1273 pedibus
3558 1214 3675 1259 tur-

2072 1286 2325 1354 babatis;
2354 1297 2407 1344 et
2426 1303 2556 1345 oves
2585 1304 2720 1346 meae
2746 1294 3198 1351 conculcamenta
3231 1296 3430 1365 pedum
3463 1310 3678 1352 vesmi-

2073 1397 2192 1436 rum
2229 1382 2621 1450 pascebantur,
2671 1392 2728 1439 et
2787 1388 3066 1443 turbatam
3132 1402 3329 1457 aquam
3370 1404 3399 1442 a
3443 1390 3681 1459 pedibus

2072 1475 2277 1528 vestris
2304 1473 2567 1530 bibebant
2598 1475 2666 1531 ".
2705 1494 2725 1530 ι
2763 1475 2993 1534 Oriundi
3026 1479 3171 1534 enim
3200 1481 3267 1536 de
3311 1479 3477 1537 domo
3518 1482 3677 1546 Levi.

2072 1578 2197 1619 cum
2236 1575 2425 1620 essent
2459 1565 2782 1636 legisperiti,
2829 1567 3203 1638 haberentque
3233 1568 3382 1625 velut
3422 1571 3682 1640 pulcher-

2075 1652 2214 1707 rima
2249 1668 2475 1723 pascua,
2512 1664 2844 1727 tenuemque
2875 1668 2928 1712 et
2963 1659 3290 1728 pellucidum
3322 1676 3520 1730 aquam
3552 1678 3682 1719 eru-

2073 1745 2338 1801 ditionem
2397 1746 2715 1816 Mosaicam,
2769 1765 2893 1819 quae
2939 1752 3006 1806 ad
3058 1752 3436 1809 deducendum
3484 1770 3581 1812 eos
3620 1756 3678 1812 iu

2004 1830 2047 1888 Β
2075 1838 2216 1893 viam
2240 1838 2493 1895 veritatis
2519 1840 2819 1906 sulliccret,
2843 1842 3244 1900 conculcabant
3274 1847 3680 1916 quodammodo

2077 1946 2305 2002 pascua,
2357 1943 2411 1986 et
2462 1948 2661 2003 aquam
2723 1935 3152 2004 conturbabant,
3202 1951 3447 1993 crassam
3488 1953 3682 2010 quam-

2076 2024 2202 2079 dam
2240 2033 2296 2080 et
2326 2024 2603 2092 limosam,
2650 2034 2709 2081 et
2758 2036 2989 2083 terrenae
3040 2028 3189 2085 necis
3216 2029 3434 2100 plenam
3478 2032 3684 2087 doctri-

2078 2132 2206 2172 nam
2259 2118 2607 2187 exhibentes,
2666 2118 2813 2192 ipsos
2852 2130 3111 2192 tanquam
3162 2136 3296 2179 oves
3344 2123 3549 2179 arietes
3589 2138 3682 2181 se-

2075 2214 2396 2285 quentibus.
2428 2212 2855 2286 Redarguuntur
2883 2216 3071 2287 itaque
3101 2217 3252 2273 cives
3279 2226 3335 2273 et
3358 2216 3551 2273 incola:
3573 2216 3684 2272 Ga-

2080 2307 2205 2364 laad
2252 2316 2312 2363 ut
2358 2309 2645 2366 turbantes
2690 2324 2931 2381 aquam;
2974 2321 3031 2367 et
3078 2311 3583 2382 reprehenduntur,
3617 2319 3678 2365 ut

2076 2399 2459 2457 fortitudinem
2489 2416 2587 2459 seu
2634 2400 2803 2457 robur
2834 2402 3102 2460 habentes
3127 2404 3235 2460 viri
3269 2404 3487 2475 piratae.
3524 2401 3681 2471 Quod

2072 2509 2182 2564 quo
2217 2502 2378 2565 pacto
2421 2495 2579 2551 nobis
2622 2495 3043 2569 intelligendum
3075 2498 3168 2567 sit,
3200 2497 3486 2569 sequentia
3514 2497 3685 2553 inter-

2069 2595 2349 2656 pretantes
2383 2586 2805 2646 declarabimus.

349 2682 528 2756 ὕδωρ,
566 2681 887 2753 ἐλέγχονται
934 2680 995 2735 δὲ
1043 2679 1139 2735 καὶ
1192 2680 1271 2745 ὡς
1317 2678 1472 2750 ἰσχὺν
1516 2677 1735 2749 ἔχοντες
1767 2675 1966 2750 ἀνδρὸς
2005 2677 2289 2751 πειρατοῦ.
2341 2678 2467 2744 Πῶς
2504 2678 2552 2734 δ’
2575 2678 2643 2734 ἂν
2698 2680 2796 2734 καὶ
2832 2678 2993 2736 τοῦτο
3011 2682 3160 2755 ἡμᾶς
3184 2682 3426 2737 συνιέναι
3454 2679 3679 2755 πρέποι,

348 2778 535 2851 σαφὲς
567 2776 1014 2848 καταστήσομεν,
1050 2773 1121 2831 τά
1146 2771 1347 2842 ἐφεξῆς
1377 2770 1800 2843 ἑρμηνεύοντες.

426 2873 751 2943 Ἔκρυψαν
785 2869 964 2941 ἱερεῖς
1010 2868 1179 2935 ὁδὸν,
1218 2867 1571 2937 ἐφόνευσαν
1610 2866 1848 2936 Σίκιμα,
1876 2864 1969 2918 ὅτι

343 2968 623 3039 ἀνομίαν
662 2966 969 3035 ἐποίησαν
1008 2964 1079 3018 ἐν
1109 2961 1194 3030 τῷ
1240 2962 1387 3028 οἵκφ
1419 2960 1527 3016 τοῦ
1568 2958 1829 3030 Ἰσραήλ.
1865 2953 1965 3014 Εἵ-

343 3063 469 3117 δον
493 3058 765 3131 φρικώδη
796 3057 943 3122 ἐκεῖ,
961 3057 1254 3127 πορνείαν
1282 3055 1389 3111 τοῦ
1422 3055 1689 3125 Ἐφριιῒμ,
1712 3051 1964 3124 ἐμιάνθη

362 3151 616 3221 Ἰσραὴλ
642 3150 744 3206 καί
786 3147 1003 3204 Ἰούδα.

423 3244 557 3299 Ξυν.
600 3243 876 3315 Ἰστοριῶν
905 3240 1018 3296 ἔσθ’
1049 3241 1141 3295 ὅτε
1185 3240 1351 3295 τινῶν
1388 3241 1419 3295 ὀ
1466 3238 1576 3294 τῶν
1622 3238 1795 3308 άγίων
1836 3254 1965 3311 προ-

346 3336 552 3409 φητῶν
592 3334 963 3406 διαμέμνηται
1002 3332 1191 3402 λόγος,
1226 3331 1292 3397 ἃς
1320 3329 1487 3403 εἴπερ
1510 3347 1595 3394 τις
1626 3329 1801 3383 ἕλοιτο
1837 3346 1968 3384 σιω-

353 3432 496 3501 πᾲν,
538 3428 651 3483 οὐδ’
680 3428 748 3483 ἂν
797 3427 1019 3482 δύναιτο
1050 3425 1377 3499 διατρανοῦν
1406 3424 1515 3478 τῶν
1540 3423 1851 3497 είρημένων
1878 3422 1970 3477 τὸν

346 3521 507 3578 νοῦν.
555 3522 679 3593 Χρὴ
727 3519 1023 3593 τοιγαροῦν
1063 3521 1225 3574 ὄκνου
1293 3517 1396 3589 μὲν
1455 3512 1598 3572 εἶναι
1650 3515 1969 3587 κρείττονας

348 3618 492 3681 τοὺς
519 3615 595 3670 τὰ
625 3614 808 3669 τοιάδε
851 3612 1041 3684 σαφῶς
1081 3609 1465 3685 διερμηνεύειν
1490 3608 1799 3672 ἐθέλοντας,
1828 3622 1966 3662 πανι

345 3708 591 3781 ταχόθεν
632 3707 691 3760 δὲ
740 3709 855 3771 τοῖς
896 3705 1275 3779 ἀκροωμένοις
1311 3702 1375 3757 τὸ
1406 3701 1600 3757 τελοῦν
1653 3700 1734 3765 είς
1780 3700 1969 3773 ὄνησιν

340 3797 760 3871 ἐξεργάζεσθαι
795 3796 993 3867 φιλεῖν.
1026 3798 1069 3850 Τ
1073 3796 1300 3870 αύτῃτοι
1340 3794 1436 3850 καὶ
1462 3793 1559 3849 νῦν
1588 3793 1682 3848 ὲπί
1706 3810 1759 3847 τι
1786 3791 1967 3847 τοιοῦο

338 3910 447 3947 τον
471 3892 704 3963 ἥξομεν.
728 3890 933 3962 Σίκιμα
952 3889 1132 3944 τοίνυν
1160 3888 1389 3960 πολίχνη
1418 3886 1503 3952 τίς
1538 3887 1687 3941 ἐστιν
1708 3885 1969 3940 ἐπέκεινα

343 3986 463 4040 τῶν
500 3984 771 4057 Ἰορδάνου
826 3983 1090 4054 ναμάτων
1127 3999 1187 4035 τε
1232 3983 1328 4036 καὶ
1372 3982 1575 4053 ὅμορος
1618 3982 1686 4050 τῇ
1730 3977 1965 4040 Γαλαὰδ,

343 4080 418 4149 ἢν
450 4079 573 4141 τοῖς
620 4076 680 4144 ὲξ
720 4076 959 4148 αἵματος
986 4074 1084 4128 τοῦ
1134 4073 1270 4129 Λευτ
1314 4071 1561 4128 δεδόσθαι
1606 4069 1965 4144 προείπομεν,

336 4170 710 4241 διανέμοντος
736 4168 837 4241 τῆς
860 4166 1201 4237 ἐπαγγελίας
1222 4165 1321 4238 τὴν
1339 4166 1444 4237 γῆν
1459 4162 1638 4238 Ἰησοῦ
1659 4162 1753 4217 τοῦ
1780 4160 1963 4232 Ναυῆ.

340 4262 690 4334 Συμϐέϐηκε
735 4262 943 4325 τοίνυν,
988 4260 1187 4332 ἑορτῆς
1219 4257 1389 4330 οὔσης
1440 4258 1626 4328 ἁγίας,
1675 4256 1777 4327 τῆς
1823 4253 1967 4309 κατὰ

342 4358 523 4429 νόμον
580 4355 988 4426 σκηνοπηγίας,
1029 4354 1195 4425 φημὶ,
1242 4353 1332 4407 ὅτε
1373 4351 1585 4416 πάντας
1614 4346 1965 4420 πανταχόθεν

338 4449 677 4506 ἀναϐαίνειν
710 4444 778 4521 ἦν
818 4447 941 4512 ἔθος
985 4449 1067 4512 εἰς
1109 4446 1498 4518 Ἰεροσόλυμα,
1545 4444 1639 4497 καὶ
1671 4442 1832 4497 τοῦτο
1868 4439 1963 4495 τοῦ

340 4544 522 4616 νόμου
574 4541 868 4615 τηρεῖσθαι
918 4540 1354 4613 προστάττοντος
1377 4578 1391 4601 ,
1422 4537 1532 4593 τῶν
1574 4536 1685 4590 ἀπὸ
1719 4536 1964 4606 Σικίμων

345 4638 531 4705 τινὰς,
567 4636 602 4708 ἢ
636 4632 1104 4705 κατανυχθέντας,
1137 4632 1233 4687 καὶ
1267 4633 1365 4687 ἐπὶ
1388 4633 1456 4703 τῇ
1490 4628 1758 4702 πλανήσει
1788 4646 1962 4701 μετα-

329 4749 365 4800 η
386 4729 750 4795 ινώσκοντας,
780 4729 951 4800 ἤγουν
986 4728 1083 4780 καὶ
1112 4727 1193 4789 είς
1216 4724 1381 4796 νῆψιν
1410 4722 1785 4794 κεκλημένους
1809 4722 1964 4792 παρὰ

333 4821 514 4886 Θεοῦ,
567 4820 758 4876 λοιπὸν
801 4820 1062 4891 ἐθελῆσαι
1102 4821 1217 4882 τοῖς
1265 4817 1431 4881 θείοις
1462 4816 1713 4871 ὑπείκειν
1752 4816 1960 4889 νόμοις,

333 4918 443 4973 καὶ
474 4914 754 4986 ἀναϐῆναι
805 4914 994 4984 ζητεῖν
1036 4914 1118 4977 είς
1154 4910 1536 4983 Ἰεροσόλυμα,
1571 4909 1863 4981 βούλεσθαί
1901 4926 1961 4963 τε

333 5008 544 5073 θυσίας
577 5006 905 5079 προσάγειν,
936 5009 1033 5060 καὶ
1062 5003 1164 5076 τὴν
1198 5002 1345 5059 κατὰ
1368 5003 1571 5074 νόμους
1600 5002 1796 5074 ἑορτὴν
1817 5003 1958 5057 ἀπο-

331 5102 637 5175 περαίνειν
693 5100 833 5154 ἐκεῖ.
879 5098 1059 5153 Τοῦτο
1094 5096 1154 5151 δὲ
1202 5091 1272 5168 ἦν
1313 5095 1459 5167 ἀρχή
1498 5112 1584 5159 τις
1618 5093 1809 5165 ὥσπερ
1840 5094 1961 5147 ἑπι-

333 5195 617 5265 στροφῆς,
647 5191 743 5246 καὶ
764 5190 864 5245 τοῦ
900 5187 1245 5259 καταλήγειν
1270 5186 1365 5240 τοῦ
1392 5184 1755 5256 προσκεῖσθαι
1779 5184 1959 5238 θέλειν

333 5288 464 5351 ταῖς
518 5286 631 5339 τῶν
685 5283 928 5338 εἰδώλων
962 5280 1263 5355 λατρείαις.
1309 5280 1431 5335 Ἵνα
1462 5278 1574 5349 γὰρ
1624 5279 1701 5351 μὴ
1752 5277 1958 5332 θυσιῶν

334 5377 513 5428 ἕνεκα
542 5395 604 5427 τε
650 5378 747 5431 καὶ
780 5375 989 5448 ἑορτῶν
1019 5374 1130 5429 τῶν
1176 5375 1321 5431 κατὰ
1358 5373 1526 5443 νόμον
1580 5372 1956 5429 ἀναϐαίνωσιν

331 5471 408 5522 ἐκ
451 5467 555 5538 τῆς
596 5467 918 5536 Σαμαρείας
963 5469 1047 5532 είς
1097 5466 1449 5539 Ἱεροσόλυμα
1495 5463 1605 5519 τῶν
1635 5464 1697 5529 ἐξ
1736 5465 1958 5537 Ἰσραήλ

333 5574 511 5621 τινες,
541 5556 821 5618 τουτέστι,
868 5553 978 5607 τῶν
1008 5558 1142 5607 δέκα
1182 5556 1388 5624 φυλῶν,
1431 5550 1554 5610 εἶτα
1597 5555 1741 5609 κατὰ
1776 5555 1955 5627 βραχὺ

337 5650 675 5723 μεταθοῖντο
712 5648 849 5719 πρὸς
876 5646 937 5701 τὸ
966 5647 1026 5699 ὲν
1055 5648 1275 5718 ἀρχαῖς,
1307 5648 1400 5701 καὶ
1436 5648 1541 5700 ὑπό
1564 5664 1627 5715 γε
1650 5649 1750 5719 τὴν
1783 5649 1954 5703 Ἰούδα

416 5834 461 5867 ’⁷
494 5833 698 5887 Ezech.
737 5847 924 5897 xxxrv,
976 5829 1165 5883 l7-l9.
1245 5830 1289 5862 ”
1317 5828 1495 5888 Judic.
1525 5847 1600 5897 Ix,
1628 5829 1713 5888 36.

2149 2863 2318 2920 Vsus.
2345 2863 2400 2931 9,
2433 2863 2520 2918 10.
2557 2864 2959 2921 Absconderunt
2983 2865 3286 2929 sacerdotes
3320 2870 3483 2939 viam,
3512 2872 3681 2929 inter-

2074 2958 2311 3027 fecerunt
2343 2954 2603 3020 Sicltima,
2633 2957 2762 3027 quia
2794 2957 3133 3028 iniquitatem
3162 2959 3400 3029 fecerunt
3438 2963 3493 3017 in
3524 2966 3682 3021 domo

2076 3049 2268 3106 Israel.
2311 3047 2436 3104 Vidi
2488 3050 2769 3104 horribilia
2806 3051 2899 3117 ibi,
2937 3052 3346 3120 fornicationem
3380 3052 3638 3126 Ephraim
3661 3073 3681 3113 :

1996 3174 2038 3232 ο
2077 3140 2478 3232 εοιιιιιηιὶποιαε
2505 3148 2585 3194 est
2625 3136 2823 3207 Israel,
2853 3150 2900 3195 et
2923 3140 3124 3198 ludas.

2147 3230 2380 3288 LXVIII.
2440 3231 2843 3303 Nonnunquam
2888 3234 3244 3293 historiarum
3312 3241 3679 3308 quarumdam

2075 3322 2330 3378 meminit
2361 3323 2715 3395 propheticus
2747 3340 2951 3395 sermo,
2984 3342 3120 3397 quas
3151 3328 3196 3383 si
3235 3331 3364 3401 quis
3397 3333 3682 3402 praeterire

2074 3416 2333 3484 voluerit,
2380 3419 2676 3475 verborum
2728 3423 3133 3492 propositorum
3171 3427 3502 3483 sententiam
3546 3446 3683 3486 enu-

2074 3508 2256 3566 cleare
2285 3526 2394 3566 non
2438 3512 2632 3583 possit.
2662 3511 2931 3581 Quocirca
2968 3515 3095 3573 talia
3128 3532 3407 3589 exponere
3450 3522 3681 3590 cupien-

2076 3613 2183 3671 tes,
2213 3605 2504 3675 segnitiem
2538 3607 2609 3662 ab
2654 3621 2714 3666 se
2755 3617 3049 3665 amoveant
3075 3619 3314 3682 oportet,
3353 3623 3409 3667 ot
3450 3616 3597 3684 quod
3627 3618 3680 3671 in

2076 3712 2191 3753 rem
2233 3698 2573 3755 audientium
2620 3701 2717 3767 sit,
2754 3702 2898 3757 unde
2938 3701 3083 3759 unde
3129 3703 3315 3760 labore
3344 3721 3444 3763 suo
3480 3722 3683 3779 Περι-αξ-
3724 3746 3731 3767 ς

2072 3797 2314 3846 sentem.
2347 3789 2493 3849 Hinc
2519 3802 2574 3849 et
2615 3796 2779 3851 modo
2809 3794 2876 3851 ad
2910 3795 3014 3852 tale
3042 3797 3305 3867 quiddam
3335 3798 3679 3858 delabcmur.

2074 3876 2320 3940 Sichima
2356 3885 2525 3958 igitur
2565 3888 2888 3958 oppidulum
2943 3899 3032 3946 est
3064 3886 3216 3948 trans
3249 3892 3452 3949 ﬂuenta
3482 3893 3682 3950 Iorda-

2074 3976 2159 4032 nis
2186 3976 2257 4041 "',
2297 3979 2560 4043 vicinum,
2606 3991 2659 4034 et
2698 3981 2914 4038 conﬁne
2954 3981 3182 4049 Galaad,
3214 4002 3379 4055 quam
3412 3988 3542 4043 Levi
3582 4004 3680 4058 po-

2073 4069 2238 4125 steris
2281 4070 2616 4142 assignatam
2659 4088 2823 4144 supra
2872 4074 3135 4143 diximus,
3185 4074 3313 4133 Jesu
3369 4078 3483 4135 ﬁlio
3529 4079 3680 4136 Nave

2075 4173 2279 4219 terram
2348 4165 2735 4235 promissionis
2790 4166 3178 4237 dispertiente.
3251 4168 3498 4241 Contigit
3545 4186 3680 4243 ergo

2071 4274 2196 4314 cum
2236 4257 2355 4315 dies
2384 4268 2610 4315 sanctus
2640 4267 2696 4315 et
2726 4259 2895 4316 festus
2942 4270 3300 4333 ageretur-ex
3343 4263 3679 4319 auctoritate

2072 4351 2227 4423 legis,
2275 4350 2637 4423 ScenOpegia,
2661 4353 2908 4424 inquam,
2936 4354 3153 4423 quando
3185 4370 3253 4411 ex
3288 4370 3447 4412 more
3468 4372 3694 4417 omnes

2074 4445 2442 4515 undequaque
2514 4443 2951 4517 Hierosolymam
3030 4446 3147 4516 lege
3225 4448 3309 4505 sic
3382 4450 3679 4505 mandante

1999 4527 2040 4581 D
2073 4537 2467 4601 ascendebant,
2508 4537 2776 4607 quosdam
2818 4539 2887 4593 de
2938 4537 3244 4595 Sichimitis
3286 4548 3383 4596 aut
3416 4555 3679 4612 compun-

2073 4640 2217 4697 ctos,
2266 4639 2321 4687 et
2364 4646 2529 4701 super
2576 4632 2897 4687 seductione
2943 4648 3041 4687 sua
3086 4634 3441 4703 pmnitentes,
3485 4645 3574 4689 aut
3609 4637 3676 4689 ad

2072 4741 2263 4781 sanam
2296 4738 2533 4780 mentem
2568 4741 2597 4780 a
2636 4725 2747 4781 Deo
2774 4738 2999 4783 vocatos
3035 4731 3266 4797 posthac
3303 4729 3443 4785 velle
3473 4731 3677 4787 divitiis

2073 4817 2287 4889 legibus
2366 4818 2652 4888 obsequi,
2723 4818 3149 4891 desiderareque
3227 4821 3668 4895 Hierosolymam

2074 4912 2397 4976 ascendere,
2426 4922 2481 4966 et
2507 4911 2850 4977 sacriﬁcare,
2882 4911 3197 4982 festumque
3236 4929 3267 4970 a
3305 4914 3424 4986 lege
3458 4917 3678 4972 manda

2074 5013 2191 5058 tum
2240 5002 2413 5059 obire.
2464 5004 2643 5074 Atque
2686 5004 2792 5061 hoc
2839 5006 3219 5063 conversionis
3245 5018 3301 5065 et
3348 5008 3674 5065 cessationis

2070 5111 2099 5149 a
2134 5094 2281 5151 cultu
2314 5096 2611 5162 idolorum,
2642 5096 2729 5152 cui
2764 5111 2823 5153 se
2872 5099 3230 5168 devoverant,
3275 5099 3419 5155 velut
3474 5100 3677 5171 princi-

2069 5188 2217 5256 pium
2251 5196 2392 5245 erat.
2446 5188 2525 5245 Ne
2572 5190 2717 5246 enim
2761 5191 3161 5248 sacriﬁciorum
3214 5200 3269 5248 et
3314 5192 3439 5247 l'esti
3483 5206 3672 5256 causa,

2070 5293 2127 5334 ut
2160 5280 2246 5336 lex
2281 5282 2659 5351 praecipiebat,
2698 5284 2857 5355 103
2886 5284 3193 5340 e‘Samaria
3236 5283 3675 5355 Hierosolymam

2066 5381 2320 5442 peterent
2348 5388 2416 5428 ex
2450 5374 2651 5430 lsraele
2680 5375 2927 5445 quidam,
2974 5376 3077 5432 hoc
3113 5385 3221 5441 est,
3249 5390 3318 5431 ex
3359 5377 3547 5431 decem
3579 5376 3670 5429 tri.

2067 5465 2265 5533 bubus,
2311 5482 2376 5523 ac
2405 5468 2604 5525 deinde
2632 5470 2897 5541 paulatim
2931 5471 2999 5524 ad
3030 5483 3215 5525 mores
3253 5468 3509 5539 antiquos
3548 5468 3673 5524 reli-

2067 5560 2395 5632 gionemque
2427 5563 2699 5629 redirent,
2737 5572 2793 5619 et
2820 5563 2923 5619 sub
2966 5577 3137 5633 regno
3168 5560 3309 5618 Juda
3344 5570 3551 5630 essent,
3576 5577 3675 5619 ex.

2066 5653 2329 5724 cogitavit
2386 5654 2545 5711 initio
2587 5654 2789 5713 vitulos
2839 5670 3041 5713 aureos
3100 5655 3422 5722 Jeroboam,
3471 5654 3673 5727 quibus
