3982 6482
353 356 456 414 175

1342 358 1400 414 S.
1440 357 1718 415 CYRILLI
1760 356 2231 418 ALEXANDRINI
2271 360 2590 421 ABClllEl’.

3522 362 3619 419 lTG

347 479 592 535 sancitas
645 476 857 550 legibus
896 477 1247 533 caerimonias
1294 480 1557 536 adbibere
1589 481 1774 552 jussit,
1815 484 1912 553 glo‘

2038 485 2279 552 γένοιντο
2313 484 2612 554 βασιλείαν,
2646 485 2940 555 ἐπενόησεν
2980 485 3038 536 ἐν
3073 479 3267 555 ἀρχαῖς
3301 482 3401 547 τὰς
3437 483 3616 554 δαμάο

344 571 482 625 riam
517 569 631 625 Deo
655 564 984 625 destinatam
1019 571 1134 626 suis
1154 569 1392 628 inventis
1415 573 1582 629 miser
1605 575 1926 643 decernens,

346 671 402 716 ut
437 662 542 718 sibi
571 676 794 733 regnum
823 676 981 716 suum
1016 669 1133 717 tuto
1164 664 1487 732 possideret,
1518 674 1575 722 et
1622 666 1761 722 Deus
1800 682 1929 738 pro-

344 754 479 822 priis
520 752 668 808 velut
698 752 1068 809 fraudaretur.
1105 755 1248 827 Ergo
1296 752 1594 813 ascendere
1628 757 1933 830 Hierosoly-

343 861 485 900 mam
515 838 835 905 Sicbim'itas
869 847 1158 904 nonnullos
1189 863 1497 920 aggressos,
1536 848 1701 906 vicini
1742 866 1774 907 e
1816 851 1929 908 Ga-

343 937 461 993 laad
493 939 544 993 id
573 937 756 994 facere
795 940 1190 1008 prohibebant;
1220 956 1556 1011 quanquam,
1592 952 1652 998 ut
1700 944 1834 1010 dixi,
1862 942 1929 1000 de

344 1030 489 1084 tribu
516 1029 649 1085 Levi
688 1040 894 1096 essent,
923 1047 952 1086 a
997 1032 1118 1103 lege
1162 1032 1231 1088 ad
1272 1034 1543 1089 sacriﬁcia
1586 1035 1823 1089 curanda
1877 1045 1929 1092 et

314 1121 637 1203 .factitauda
666 1124 974 1177 constituti.
1003 1124 1269 1191 Quoniam
1318 1133 1502 1181 autem
1557 1128 1927 1196 operabautur

308 1212 477 1276 ,‘vana
505 1212 651 1284 (cum
678 1213 913 1269 artificio
940 1215 1085 1269 enim
1128 1208 1273 1271 idola
1299 1208 1738 1290 fabricabantur)
1768 1218 1924 1288 'quaéi

338 1316 431 1357 ars
477 1302 640 1371 paulo
672 1312 798 1372 post
850 1304 903 1357 in
937 1302 1167 1357 nihilum
1217 1303 1350 1373 ipsis
1381 1318 1635 1360 recasura
1678 1305 1841 1373 foret,
1877 1307 1922 1361 si

336 1395 405 1449 de
446 1402 647 1449 caetero
679 1392 842 1449 lsrael
886 1393 1153 1449 idolorum
1184 1394 1390 1450 cultum
1435 1406 1803 1463 aversaretur,
1843 1399 1923 1453 ira

337 1486 825 1541 exacerbabantur.
861 1485 926 1538 Et
959 1485 1085 1554 quia
1119 1486 1302 1542 verbis
1340 1479 1454 1545 non
1501 1478 1920 1559 persuadebunt,

336 1570 614 1645 ad'impia
652 1573 879 1630 consilia
919 1585 976 1630 et
1015 1574 1156 1631 facta
1205 1577 1631 1636 descendebant.
1676 1580 1923 1637 Colloca-

334 1668 466 1722 bant
488 1668 634 1723 enim
676 1666 943 1736 quosdam
976 1666 1030 1721 in
1069 1668 1250 1724 medio
1281 1670 1494 1739 itinere,
1525 1672 1616 1742 qui
1650 1672 1921 1729 latronum

333 1775 485 1815 more
540 1766 924 1830 grassarentur
957 1800 972 1825 ,
1014 1768 1070 1815 et
1115 1761 1434 1818 Sicbimitas
1482 1762 1918 1837 Hierosolymam

332 1853 465 1923 ipsis
509 1855 695 1909 invitis
725 1854 1021 1914 ascendere
1063 1857 1418 1913 instituentes
1461 1866 1787 1915 mactarent.
1814 1858 1915 1927 Qui
1951 1838 1991 1893 Β

309 1948 512 1999 'aute'm
547 1946 712 2003 salvis
765 1949 1089 2020 corporibus
1117 1964 1306 2006 eorum
1355 1965 1549 2005 manus
1576 1949 1915 2020 eﬁ‘ugissent,

332 2039 579 2095 destituti
607 2041 714 2107 bis,
744 2056 864 2111 quae
895 2042 961 2099 ad
988 2042 1318 2099 sacrificium
1366 2043 1747 2112 apportabant,
1781 2040 1920 2098 diffi-

332 2132 517 2186 culter
540 2120 591 2186 in
618 2132 860 2213 patriam
889 2134 1164 2213 redibant.
1195 2126 1570 2205 Reprehendit
1598 2134 1766 2206 igitur
1793 2135 1915 2190 uni-

334 2211 622 2279 versorum
648 2225 790 2281 Deus
816 2224 1155 2293 Galaaditas,
1191 2227 1333 2297 quod
1368 2240 1491 2282 cum
1517 2235 1576 2283 ut
1601 2225 1823 2293 Levitae,
1865 2236 1920 2282 et

329 2317 720 2385 sacerdotium,
749 2326 804 2375 et
834 2318 958 2374 aliis
985 2319 1263 2392 praeeundi
1311 2318 1547 2375 oﬁicium
1593 2320 1797 2388 sortiti,
1828 2333 1916 2376 se-

329 2409 510 2464 ductis
569 2398 712 2466 viam
779 2413 999 2483 pietatis
1063 2411 1415 2483 conspicuam
1461 2427 1526 2468 ac
1569 2411 1914 2468 manifestam

331 2500 562 2555 reddere
590 2502 878 2571 deberent,
911 2503 1242 2573 ipsi-contra
1268 2516 1388 2558 eam
1420 2502 1777 2570 occu1tarent,
1808 2516 1915 2557 non

327 2592 569 2676 sinentes
609 2604 757 2676 recte
790 2610 983 2667 sapere
1012 2605 1106 2651 aut
1144 2605 1341 2666 suopte
1372 2596 1621 2675 consilio,
1649 2604 1744 2651 aut
1766 2605 1917 2652 certe

310 2674 564 2754 pauperna
596 2674 781 2756 gratia
812 2676 1195 2760 eompunetos,
1252 2692 1322 2745 ad
1371 2704 1511 2746 onus
1558 2674 1916 2747 idtemoniacte

325 2775 665 2845 deceptionis
693 2777 957 2850 deinceps
989 2781 1398 2836 excutiendum.
1428 2779 1689 2852 Aitergo,
1727 2799 1747 2832 ι
1786 2782 1911 2836 abs-

332 2859 657 2923 conderun't'
704 2858 1040 2936 sacerdotes
1087 2871 1233 2928 viam
1287 2870 1526 2927 Domini.
1567 2890 1586 2924 ι
1626 2871 1742 2928 Hoc
1782 2872 1913 2927 item

305 2961 429 3027 'cst,
471 2959 615 3028 quod
669 2961 738 3016 ab
789 2961 898 3016 alio
944 2962 1209 3033 prapbeta
1265 2961 1386 3019 aliis
1436 2963 1625 3020 verbis
1670 2963 1911 3019 dicitur:

316 3069 349 3103 -ι
392 3048 720 3107 Sacerdotes
768 3067 877 3108 non
923 3053 1196 3119 dixerunt,
1236 3051 1341 3125 Ubi
1387 3062 1472 3110 est
1515 3054 1815 3110 Dominus?
1859 3064 1914 3110 et

322 3142 647 3217 proﬁtentes
674 3143 848 3215 legem
880 3146 1203 3203 nesciebant
1231 3160 1320 3203 me
1344 3186 1362 3215 ,
1389 3155 1446 3203 et
1470 3154 1719 3218 pastores
1748 3146 1913 3215 impie
1956 3168 1961 3173 ·

1940 3218 1985 3281 c
2015 3226 2201 3291 λοιπὸν
2238 3228 2341 3309 τὴν
2378 3234 2488 3290 τῶν
2540 3235 2835 3308 δαιμονίων
2865 3235 3339 3307 ἀποφορτίσασθαι
3370 3235 3601 3303 πλάνην.

323 3234 558 3305 agebant
582 3235 638 3289 in
677 3249 766 3290 me
797 3236 865 3291 ".
908 3254 928 3290 ι
966 3236 1151 3307 Neque
1177 3251 1311 3293 vero
1340 3237 1432 3292 hic
1476 3236 1684 3294 scelera
1716 3234 1914 3292 Galaa—

301 3327 559 3381 ~ditarum
609 3328 955 3397 quieverunt.
1000 3328 1137 3384 Nam
1187 3336 1556 3408 praeterquam
1587 3330 1731 3400 quod
1763 3328 1907 3385 viam

324 3419 537 3474 Domini
584 3420 1005 3487 absconderant,
1046 3422 1212 3478 etiam
1268 3420 1582 3477 Siebimitas
1615 3435 1712 3491 per
1745 3419 1912 3475 latro-

321 3511 528 3565 cinium
568 3521 851 3582 reptantes
881 3514 1298 3571 interﬁciebant.
1329 3512 1696 3581 Quamobrem
1730 3522 1801 3589 et
1836 3501 1913 3567 ita

318 3601 524 3658 Galaad
558 3604 958 3676 alloquebatur,
1000 3625 1020 3659 ι
1066 3592 1149 3662 Et
1176 3606 1439 3665 fertitudo
1472 3592 1567 3661 tua
1596 3613 1652 3662 ut
1692 3605 1791 3663 viri
1827 3606 1912 3676 pi-

321 3706 476 3750 rata).
523 3715 542 3749 ι
598 3706 603 3711 ’
1080 3708 1091 3743 2
1616 3698 1729 3732 i“
1782 3698 1791 3715 ’
1836 3698 1885 3727 ’π

320 3804 414 3859 χρι
438 3786 632 3843 τούτου
658 3789 767 3853 τῶν
792 3789 1144 3863 Γαλααδιτῶν
1163 3757 1234 3876 τὰ
1249 3766 1900 3877 ,γεννήματξιίξίρδςίγάῥ
1939 3808 1968 3844 τ

2034 572 2148 636 λεις
2179 573 2483 645 Ίεροϐοὶμ,
2510 574 2606 627 καὶ
2633 572 2875 644 πληροῦν
2915 572 3166 626 ἐκέλευεν
3204 573 3294 626 ἐπ’
3331 574 3524 638 αὐταῖς
3547 574 3618 627 τὰ

2033 665 2424 735 νενομισμένα,
2476 666 2576 736 τὴν
2621 664 2702 734 τῷ
2754 664 2874 737 Θεῷ
2929 666 3247 737 πρέπουσαν
3289 666 3448 731 δόξαν
3504 669 3616 730 τοῖς

2035 755 2185 820 ἰδίοις
2217 752 2518 829 εύρέμασιν
2558 759 2818 813 ἀνάπτων
2859 760 2888 812 ὁ
2924 757 3188 822 δείλαιος·
3234 758 3303 813 ἶν’
3354 759 3467 829 ἔχοι
3519 760 3617 830 μὲν

2029 846 2192 911 αὐτὸς
2216 848 2279 902 τὸ
2311 849 2617 919 βασιλεύειν
2647 850 2925 921 ἀσφαλῶς,
2953 851 3313 923 ἀποστεροῖτο
3343 852 3401 905 δὲ
3422 851 3614 921 ὥσπερ

2028 939 2135 993 τῶν
2165 939 2311 994 ίδίων
2342 941 2492 1006 Θεός.
2539 941 2749 998 Οὐκοῦν
2783 942 3102 999 ἀναϐαίνειν
3146 944 3229 1008 είς
3264 942 3616 1016 Ἰεροσόλυμα

2026 1030 2134 1085 τῶν
2182 1032 2291 1085 ἀπὸ
2309 1028 2321 1053 ⁷
2336 1031 2579 1104 Σικίμων
2650 1035 2973 1107 ἐπεχείρουν
3021 1035 3200 1100 τινὲςξ
3248 1034 3512 1107 ἀπεῖργον
3559 1034 3616 1088 δὲ

2025 1122 2185 1177 τοῦτο
2233 1123 2366 1196 δρᾷν
2414 1127 2463 1178 oi
2516 1126 2627 1181 ἀπὸ
2660 1126 2786 1200 τῆς
2829 1128 3072 1196 γείτονος
3115 1125 3352 1194 Γαλαὰδ,
3410 1126 3612 1187 καίτοι,

2014 1210 2277 1288 ’καθάπερ
2314 1217 2471 1289 ἔφην,
2503 1217 2564 1284 ἐξ
2590 1210 2822 1290 αἵματος
2858 1219 3011 1283 δντες
3061 1219 3374 1284 Δευῖτικοῦ,
3420 1232 3617 1286 τεταγ-

2030 1304 2179 1375 μένοι
2223 1306 2368 1361 κατὰ
2414 1307 2511 1361 τὸν
2549 1313 2714 1381 νόμον
2757 1311 2837 1374 εἰς
2883 1309 3218 1382 ἱερουργίαν.
3267 1306 3487 1380 Ἐπειδὴ
3555 1308 3615 1360 δὲ

2024 1396 2342 1469 εἰργάζοντο
2360 1398 2427 1453 τά
2455 1400 2661 1471 μάταια
2673 1401 3010 1473 (τεχνουργο).
3033 1396 3302 1473 γὰρζῆσαν
3332 1398 3609 1479 εἰδώλων).

2025 1491 2102 1553 ὼς
2127 1491 2251 1545 ὅσον
2282 1491 2494 1546 οὐδέπω
2545 1493 2645 1564 τῆς
2677 1494 2874 1565 τέχνης
2903 1493 3087 1556 αὐτοῖς
3127 1490 3491 1563 οίχησομένης
3529 1491 3609 1549 εἰς

2023 1579 2086 1634 τὸ
2126 1581 2314 1652 μηδὲν,
2341 1584 2391 1636 εί
2432 1585 2753 1654 παραιτοῖτο
2785 1582 2972 1637 λοιπὸν
3000 1582 3239 1646 εἰδώλοις
3266 1578 3555 1652 λατρεύειν
3581 1578 3609 1629 ὁ

2038 1669 2272 1742 Ἰσραὴλ,
2322 1664 2812 1745 κατεπικραίνοντο
2832 1668 2999 1743 ’πρὸς
3037 1671 3226 1743 ὀργάς.
3281 1671 3371 1735 Ὦς
3414 1669 3471 1723 δὲ
3506 1668 3609 1721 οὐκ

2024 1763 2241 1819 ἔπειθον
2277 1765 2476 1838 λόγοις,
2525 1767 2615 1820 ἐπ’
2658 1767 2905 1830 ἀνοσίους
2943 1761 3107 1838 ἦλθον
3154 1763 3357 1835 βουλάς
3401 1779 3460 1815 τε
3512 1759 3607 1815 καὶ

2021 1857 2273 1929 πράξεις.
2310 1858 2732 1929 Παρεσκεύαζον
2774 1859 2883 1930 γάρ
2921 1874 3075 1919 τινας
3118 1855 3259 1910 κατά
3307 1853 3478 1935 μέσην
3507 1851 3606 1923 τὴν

2019 1951 2139 2006 ὁδὸν
2155 1950 2479 2022 λῃστρικαῖς
2505 1951 2713 2020 ἐφόδοις
2742 1944 3065 2022 κεχρῆσθαι,
3091 1948 3189 2002 καὶ
3212 1948 3381 2018 φονᾷν
3400 1944 3606 2015 ἀγρίως

2020 2044 2164 2122 κατά
2194 2043 2516 2114 Σικιμιτῶν,
2549 2044 2597 2097 εί
2635 2042 2951 2098 ἀναϐαίνειν
2984 2041 3190 2095 ἐλοιντο
3217 2037 3373 2110 παρὰ
3409 2035 3471 2090 τὸ
3509 2036 3606 2089 αὺ-

2019 2134 2134 2196 τοῖς
2162 2131 2353 2188 δοκοῦν
2398 2134 2476 2197 εἰς
2513 2132 2885 2205 Ἰεροσόλυμα.
2916 2132 3031 2186 Kal
3076 2130 3320 2191 πλεῖστοι
3355 2128 3453 2199 μὲν
3488 2127 3606 2187 ὅσοι

2018 2223 2358 2279 διολώλασιν.
2410 2226 2474 2278 Ut
2532 2226 2591 2279 δέ
2632 2225 2771 2289 ὅλως
2817 2218 3264 2296 ἀνασεσωσμένοι
3290 2263 3305 2287 ,
3360 2223 3455 2277 καὶ
3501 2221 3604 2293 τῆς

2019 2316 2245 2371 ἐκείνων
2276 2315 2458 2388 χειρὸς
2490 2317 2830 2389 ἀποδραμεῖν
2887 2316 3237 2387 ἰσχύσαντες,
3272 2315 3467 2387 ἔρημοι
3507 2330 3605 2382 γε-

2016 2410 2234 2480 γονδτες
2289 2405 2366 2464 ὧν
2408 2410 2735 2481 ἐπεφέροντο
2780 2409 2918 2480 πρὸς
2965 2408 3177 2475 θυσίαν,
3222 2406 3607 2477 ἀνεκομίζοντο

2021 2502 2172 2575 μόλις
2204 2502 2285 2567 εἰς
2308 2502 2408 2573 τὴν
2435 2500 2669 2567 ἑαυτῶν.
2709 2500 2966 2570 Ἐγκαλεῖ
3002 2500 3188 2561 ,τοίνυν
3220 2501 3335 2563 τοῖς
3370 2498 3480 2553 ἀπὺ
3506 2501 3605 2569 τῆς

2018 2595 2231 2651 Γαλαὰδ
2258 2597 2286 2649 ὁ
2304 2594 2413 2650 τῶν
2435 2594 2571 2651 ὅλων
2592 2594 2895 2666 Δεσπότης,
2918 2594 3000 2649 ὅτι
3030 2594 3207 2648 καίτοι
3229 2591 3432 2663 μᾶλλον
3451 2589 3603 2659 ὀφεί-

2016 2686 2199 2750 λοντες
2227 2687 2304 2750 ὼς
2340 2685 2589 2752 Λευῖται,
2635 2680 3057 2758 καῖ’ἰερουργοὶ,
3096 2683 3190 2738 καὶ
3228 2683 3285 2737 τ’)
3340 2681 3604 2752 καθηγεῖο

2019 2779 2145 2834 σθαι
2187 2778 2297 2833 τῶν
2329 2778 2506 2834 ἄλλων
2538 2778 2818 2849 λαχόντες,
2863 2777 3008 2831 κατὰ
3056 2775 3147 2829 τὸν
3191 2772 3356 2846 νόμον
3394 2771 3605 2843 ἐναργῆ

2013 2874 2131 2936 τοῖς
2175 2870 2617 2942 πεπλανημένοις
2656 2870 2757 2943 τὴν
2794 2869 2897 2940 τῆς
2951 2868 3236 2932 εὐσεϐείας
3282 2868 3607 2937 ἀποφαίνειν

2015 2966 2156 3031 ὁδὸν,
2193 2966 2259 3018 ἐκ
2289 2963 2401 3018 τῶν
2423 2962 2683 3017 ἐναντίων
2710 2963 2807 3017 καὶ
2828 2961 3189 3033 κρύπτουσιν,
3219 2960 3357 3033 ὀρθά
3389 2961 3607 3032 φρονεῖν

2015 3055 2118 3109 οὐκ
2144 3053 2344 3116 ἐῶντες
2380 3052 2510 3116 τοὺς
2548 3051 2607 3119 ἐξ
2639 3051 2778 3116 ἰδίας
2808 3052 3026 3123 βουλῆς,
3059 3052 3227 3123 ἤγουν
3262 3051 3356 3105 καὶ
3393 3052 3460 3105 ἐκ
3496 3049 3601 3121 τῆς

2017 3144 2225 3201 ἀνωθεν
2260 3144 2546 3217 εὐμενείας
2595 3143 3108 3214 κατανενυγμένους
3153 3144 3233 3208 εἰς
3278 3142 3340 3196 τὸ
3385 3141 3604 3196 ἑλέσθαι

2022 3344 2043 3381 ι
2075 3327 2362 3400 ’Έκρυψαν
2399 3346 2417 3379 ι
2447 3327 2652 3394 τοίνυν,
2681 3326 2871 3398 φησὶν,
2907 3344 2928 3379 ι
2966 3328 3137 3411 ἰερεῖς
3163 3325 3282 3393 ὁδὸν
3316 3318 3545 3396 Κυρίου.
3576 3341 3597 3376 ι

2017 3419 2189 3497 Τοῦτο
2232 3420 2394 3474 πάλιν
2439 3420 2588 3473 ἐστὶν
2610 3419 2835 3497 ¹ἑτέρως
2886 3420 2949 3472 τὸ
2987 3418 3054 3473 δι’
3092 3417 3282 3489 ἐτέρου
3320 3419 3602 3489 προφήτου

2002 3512 2205 3585 σαφῶς
2245 3511 2568 3585 εἰρημένον·
2604 3508 2624 3563 ι
2659 3512 2723 3567 Ol
2763 3513 2928 3583 ἱερεῖς
2970 3511 3071 3565 οὐκ
3115 3506 3298 3565 εῑπανο
3328 3509 3439 3567 Ποῦ
3484 3510 3603 3563 ἔστι

2012 3609 2254 3682 Κύριος;
2284 3608 2381 3662 καὶ
2409 3608 2459 3661 οί
2489 3607 2841 3678 ἀντεχόμενοι
2869 3605 2964 3659 τοῦ
2995 3605 3161 3677 νόμου
3184 3604 3286 3658 οὐκ
3304 3601 3605 3673 ἠπίσταντό

1882 3702 1885 3727 ³
2000 3715 2103 3775 με,
2135 3700 2231 3753 καί⁹
2256 3698 2307 3751 οἱ
2338 3696 2860 3768 ποψένεξὴσέσουν
2899 3696 2979 3761 εἰς
3009 3695 3131 3766 ἐμέο
3163 3713 3183 3747 ⁸
3233 3692 3375 3747 Ἀλλ’
3403 3692 3464 3746 οὐ
3499 3689 3603 3761 μεθ’

1974 3789 2019 3864 ᾧ
2064 3790 2270 3862 κρύψαι
2307 3788 2408 3860 τὴν
2471 3788 2589 3841 ὁδὸν
2618 3786 2827 3859 Κυρίου
2861 3786 2957 3841 καὶ
3008 3785 3342 3841 ἀπεκτόνασι
3374 3782 3602 3853 Σίκιμα,

324 3886 514 3959 χερσὶν
542 3888 911 3961 ὑποφέροντες
954 3870 1297 3961 λῃστρικαῖς.
1329 3889 1428 3944 Διά
1476 3870 1586 3962 γάρ
1623 3870 1791 3975 τοῦτο
1824 3888 1920 3944 καὶ
1957 3872 2168 3959 ἔφασκε
2241 3888 2378 3959 πρὸς
2411 3884 2651 3953 Γαλαὰδ,
2684 3904 2702 3936 ι
2738 3885 2851 3941 Kal
2884 3886 2918 3958 ἡ
2980 3884 3134 3957 ἰσχύς
3173 3901 3269 3938 σου
3303 3883 3379 3947 ὡς
3408 3879 3603 3952 ἀνδρὸς

315 3998 599 4054 πειρατου.
643 3998 662 4034 ι
984 4006 987 4011 ·
1266 4006 1269 4009 ν
1412 4005 1419 4011 ο
1581 4056 1591 4059 _
1652 4004 1657 4009 ί
1714 4008 1719 4015 -
1766 4053 1773 4059 _

386 4064 642 4153 Perspiee
686 4083 867 4131 autem
898 4060 1170 4147 quomodo
1214 4056 1897 4132 recordationem'veteris

315 4152 558 4220 historiae
593 4152 736 4221 Deus
777 4164 941 4222 nobis
979 4176 1227 4234 renovat,
1266 4164 1623 4233 veterumque
1673 4155 1904 4217 delicto-

313 4244 435 4311 rum
480 4254 609 4311 Levi
640 4252 905 4313 meminit.
949 4256 1101 4324 Quod
1151 4242 1296 4323 dico,
1333 4266 1415 4311 est
1463 4240 1731 4325 ejusmodi
1783 4246 1905 4307 ruri

313 4360 454 4400 sum.
493 4345 628 4399 Dina
670 4344 865 4412 Iacob,
917 4346 1031 4402 sive
1064 4345 1301 4400 ~lsraelis
1348 4344 1454 4398 ﬁlia
1500 4344 1789 4413 (mutatum
1821 4332 1904 4397 est

311 4438 458 4492 enim
487 4438 560 4493 illi
595 4425 790 4494 nomen
820 4426 987 4493 Jacob
1012 4439 1065 4492 in
1100 4437 1262 4521 ιοιι,
1294 4422 1459 4490 ls'rael
1484 4435 1542 4507 ί)
1572 4449 1789 4505 egressa
1821 4443 1903 4490 est

2003 4072 2027 4104 -'
2074 4064 2229 4149 'Opa
2261 4063 2337 4149 6e
2363 4064 2513 4127 ὅπως
2549 4065 2630 4128 εἰς
2674 4063 2982 4134 ἀνάμνησιν
3031 4063 3133 4134 τῆς
3168 4061 3400 4133 ἀρχαίας
3448 4063 3601 4133 ἡμᾶς

2004 4148 2246 4226 ἱστορίας
2287 4148 2558 4225 ἀποφέρει
2602 4154 2758 4221 Θεὸς,
2806 4155 2900 4208 καὶ
2935 4153 3185 4214 παλαιῶν
3232 4152 3600 4224 ἐγκλημάτων

2001 4238 2373 4333 διαμέμνηται
2398 4246 2493 4300 τοῦ
2533 4247 2687 4301 Acut.
2726 4247 2886 4301 Ἐστι
2917 4246 2976 4300 δὲ
3008 4248 3037 4300 ὅ
3086 4262 3228 4317 φημι
3262 4246 3504 4301 τοιοῦτόν
3543 4264 3600 4300 τι

1986 4335 2351 4408 ’·πάλιν.“Δ’ίνα
2384 4336 2484 4405 μὲν
2514 4334 2624 4408 γάρ
2653 4337 2687 4407 ἡ
2711 4335 2803 4389 τοῦ
2846 4334 3067 4401 Ἰακὼϐ,
3098 4337 3218 4407 ἦτοι
3248 4334 3342 4401 τοῦ
3380 4336 3600 4406 Ἰσραὴλ

2005 4421 2736 4499 θυγάτῆρῑίμετωνόμασται
2765 4426 2874 4498 γὰρ
2909 4426 3104 4482 Ἰακὼϐ
3138 4429 3219 4491 είς
3254 4428 3313 4480 τὸ
3357 4426 3597 4497 Ἰσραὴλ)

311 4531 661 4601 οἰίιιιιοηιίοό
689 4518 925 4587 tentorio
959 4514 1152 4600 patris,
1173 4530 1317 4600 quod
1345 4529 1483 4584 filias
1513 4529 1894 4598 indigenarum

2013 4514 2470 4595 ὲξῆλθέποτετῆς
2506 4520 2600 4575 τοῦ
2627 4523 2835 4593 πατρὸς
2874 4520 3106 4592 σκηνῆς·
3138 4522 3459 4594 ἐπεθύμησε
3486 4526 3599 4596 γὰρ

312 4624 495 4678 videre
524 4632 768 4694 cuperet.
800 4623 932 4678 Erat
967 4634 1137 4701 porro
1181 4620 1233 4676 in
1268 4622 1544 4707 Sl‘ClllmlS.
1576 4621 1713 4675 Tum
1762 4634 1895 4693 con;

309 4727 497 4785 specta
550 4716 750 4788 puella,
781 4716 1006 4786 Emmor
1053 4712 1197 4769 ﬁlius
1246 4713 1468 4770 Sicltem
1502 4715 1569 4769 de
1601 4714 1896 4784 improviso

308 4821 677 4877 compressam
703 4796 1023 4877 virginitate
1056 4792 1225 4860 exuit.
1254 4805 1308 4860 ld
1321 4792 1681 4876 iniquissime
1710 4794 1893 4860 feren-l

308 4908 392 4955 tes
438 4882 861 4955 adolescentulis
908 4896 1290 4970 fratres-Levi
1327 4905 1382 4953 et
1414 4897 1661 4962 Simeon,
1715 4898 1893 4961 dolum

309 4996 552 5045 Struuut.
588 4978 913 5049 Sichimitas
937 4988 1222 5055 inducunt,
1255 4989 1331 5042 uti
1364 5003 1425 5044 se
1454 4990 1770 5045 circumcidi
1800 5000 1896 5059 pae

276 5068 537 5137 tiantur.
579 5081 699 5147 Quo
742 5080 909 5145 facto,
941 5080 1119 5135 adhuc
1165 5095 1196 5137 e
1245 5082 1471 5136 vulnere
1518 5083 1683 5137 etiam
1731 5091 1896 5151 atque

306 5174 472 5228 etiam
501 5174 956 5240 vehementerque
982 5170 1247 5237 dolentes,
1274 5172 1340 5225 ad
1381 5187 1546 5225 unum
1584 5186 1780 5227 omnes
1798 5169 1891 5239 ju-‘

307 5258 531 5334 gulant',
582 5255 727 5316 illud
780 5253 987 5330 patri,“
1026 5260 1378 5329 impotentem
1423 5274 1612 5314 eorum
1676 5261 1891 5315 iracun-

308 5354 451 5408 diam
517 5351 803 5420 castiganti
879 5351 1329 5421 respondentes,’
1368 5369 1386 5402 ι
1444 5351 1583 5405 Num
1623 5362 1886 5421 tanquam

307 5451 492 5498 scorto
524 5451 746 5496 utentur
796 5456 987 5498 sorore
1032 5443 1258 5497 nostra?
1291 5441 1672 5511 illujusmodi
1714 5443 1890 5498 bisto-

309 5537 446 5589 riam
465 5548 609 5589 nunc
641 5534 693 5587 in
725 5534 1050 5613 memoriam.
1077 5535 1232 5590 nobis
1258 5535 1477 5606 redigit,
1507 5550 1630 5589 cum
1655 5536 1888 5605 quadam

309 5622 638 5694 urbanitate,
685 5642 750 5684 ac
787 5626 1228 5683 dissimulatione
1274 5628 1481 5694 dicens,
1529 5647 1548 5679 ι
1597 5626 1891 5685 Ιιιιυιτοεθ-

370 5791 413 5820 θ’
450 5807 561 5866 Jer.
594 5826 655 5878 ιι,
684 5808 738 5864 8.
820 5810 1000 5881 κϐοιι.
1031 5807 1312 5875 xxxu,28.

2004 4615 2273 4680 ἰδεῖν“,τάς
2298 4610 2416 4676 ⁴τῶν
2454 4614 2744 4686 ἐγχωρίων
2792 4613 3133 4684 θυγατέρας.·
3168 4610 3277 4668 Ἦν
3309 4614 3365 4667 δέ
3402 4616 3459 4668 ἐν
3502 4617 3597 4668 Σισ-

2002 4708 2204 4779 κίμοις.
2246 4702 2378 4761 Εῑτα
2418 4706 2516 4778 τὴν
2556 4705 2826 4776 παρθένον
2866 4704 3044 4775 εὑρὼν
3080 4704 3313 4777 Ἑμμὼρ
3348 4708 3377 4760 ὁ
3411 4707 3599 4777 Συχὲμ

2001 4801 2151 4866 υίὸς,
2194 4800 2474 4871 ἀδοκήτως
2539 4797 2922 4862 κατεϐιάζετο·
2979 4798 3405 4869 διεπαρθένευσε
3460 4798 3593 4870 γάρ.

2001 4890 2473 4963 Δεδυσφορηκότες
2502 4889 2682 4943 τοίνυν
2719 4889 2857 4961 πρὸς
2898 4889 3058 4943 τοῦτο
3078 4890 3211 4957 ,λίαν
3244 4890 3295 4959 oi
3326 4890 3427 4959 τῆς
3464 4891 3596 4945 νεά-

2004 4984 2144 5048 νιδος
2189 4984 2439 5052 ἀδελφοὶ,
2481 4983 2613 5036 Λευῒ
2655 4998 2717 5035 τε
2744 4983 2841 5037 καὶ
2870 4982 3105 5054 Σιμεὼν,
3135 4982 3284 5037 δόλον
3311 4983 3593 5055 ἀρτύουοι.

2003 5076 2436 5147 Περιτέμνεσθαι
2467 5075 2577 5146 γὰρ
2613 5075 2901 5130 ἀνέπειθον
2928 5076 3058 5138 τοὺς
3084 5075 3193 5130 ἀπὸ
3225 5075 3490 5147 Σικίμων.
3518 5073 3596 5131 UB

1999 5165 2065 5238 δὴ
2107 5166 2411 5235 γεγονότος,
2440 5165 2740 5236 ἀλγοῦντας
2783 5166 2865 5227 ἔτι
2896 5164 3013 5221 ’καὶ
3038 5169 3171 5229 ταῖς
3200 5164 3418 5229 ὀδύναις
3450 5184 3593 5220 νενι-

2000 5262 2276 5331 κημένους
2320 5261 2489 5332 ἄρδην
2517 5260 2907 5326 ἀπεκτόνασιν,
2940 5260 3119 5313 ἐκεῖνο
3146 5258 3401 5327 λέγοντες
3428 5260 3568 5326 ἐγκα
3624 5265 3629 5269 ’

1997 5352 2177 5406 λοῦντι
2214 5353 2291 5424 τῷ
2329 5353 2499 5423 πατρὶ
2523 5352 2586 5406 τὸ
2611 5352 2865 5422 ἀχάλινον
2899 5353 2980 5414 εἰς
3006 5350 3210 5421 ms;-
3238 5369 3259 5402 ι
3295 5344 3593 5403 unumst

1997 5443 2171 5515 πόρνῃ
2215 5444 2511 5515 χρήσονται
2548 5445 2616 5513 τῇ
2659 5441 2860 5509 ἀδελφῇ
2910 5438 3103 5509 nam;
3128 5458 3150 5485 ›
3190 5438 3301 5503 Τῆς
3333 5430 3592 5500 τοιαύτης

1998 5536 2238 5608 ἱστορίας
2275 5537 2423 5606 ἡμᾶς
2473 5536 2552 5598 εἰς
2597 5528 2929 5597 ἀνάμνησιν
2958 5524 3228 5596 ἀποφέρει
3276 5522 3395 5587 νῦν,
3434 5523 3592 5593 Γμειτόι

1997 5644 2139 5692 τινος
2167 5628 2330 5699 ἤθους
2354 5627 2546 5694 λέγων,
2582 5641 2601 5675 ι
2642 5620 2969 5691 Ἐφόνευσαν
2997 5619 3223 5687 Σίκιμα,
3252 5619 3335 5673 ὅτι
3357 5616 3592 5688 ἀνομίαν
