3982 6450
337 371 446 428 I77

1272 377 1830 442 COMMENTARIUS
1868 383 1938 442 IN
1975 383 2212 447 OSEAM
2253 391 2706 451 I’ROPIIETAM.

3546 400 3653 459 I78

328 485 603 559 ἐποίησαν
636 488 696 542 ὲν
726 487 804 560 τῷ
831 491 964 563 οἴκῳ
1002 490 1236 565 Ἰσραήλ.
1264 515 1281 546 ι
1324 497 1515 565 Τοῦτο,
1555 503 1742 572 φησιν,
1779 504 1942 572 ἐγκα-

2055 522 2178 564 runt
2215 511 2481 580 Sichima,
2525 516 2652 584 quia
2706 515 3051 585 iniquitatem
3098 515 3346 571 fecerunt
3388 514 3443 570 in
3489 517 3653 571 domo

329 580 562 646 λοῦντες
604 583 756 650 τότε,
809 586 893 638 ὅτι
945 587 1480 660 πεπλημμελήκασιν
1526 596 1606 657 εἰς
1659 595 1749 649 τὸν
1800 593 1949 652 οἷκον

337 673 574 739 Ἰακὼϐ,
617 675 741 746 ἦτοι
789 677 884 730 τοῦ
937 679 1188 751 Ἰσραὴλ,
1233 681 1804 755 διαπαρθενεύσαντες
1853 690 1950 762 τὴν

325 764 574 830 νεάνιδα,
622 766 880 841 ταύτῃτοι
929 769 1022 822 καὶ
1065 773 1227 842 ἡμεῖς
1277 775 1664 848 ἀπεκτόναμεν
1716 779 1944 853 Σίκιμα.

337 858 508 914 Ἀλλά
538 856 638 913 νῦν
669 859 1083 925 ἐϐουλεύσαντο,
1113 865 1298 934 φησὶν,
1330 867 1663 941 ἐπιστρέψαι
1691 873 1832 943 πρὸς
1856 875 1948 929 τὸν

323 951 485 1015 οεὸν,
516 952 809 1023 ἀγαπῆσαι
839 953 909 1006 τὰ
948 955 1006 1006 ὲν
1037 955 1210 1027 νόμῳ,
1243 959 1536 1031 πληρῶσαι
1583 962 1799 1031 θυσίας,
1827 966 1948 1020 ἐπι-

322 1041 509 1096 τελεῖν
537 1044 752 1115 ἐορτάς,
784 1046 1152 1118 ἀποφοιτῆσαι
1189 1049 1375 1105 λοιπὸν
1398 1052 1509 1107 τῶν
1538 1055 1636 1126 τῆς
1660 1051 1947 1112 εἰδωλολα-

321 1132 518 1203 τρείας
542 1135 847 1207 λογισμῶν.
876 1137 943 1190 Τί
969 1133 1064 1191 οὖν
1097 1141 1145 1192 οἱ
1174 1140 1434 1210 Λευῗται;
1471 1164 1489 1197 ι
1517 1147 1805 1219 Ἔκρυῲαν
1849 1150 1947 1222 τὴν

325 1224 454 1279 ὁδὸν
506 1227 742 1298 Κυρίου,
785 1229 1086 1300 ἐφόνευσαν
1129 1234 1353 1307 Σίκιμα.
1383 1256 1401 1288 ι
1435 1239 1506 1291 Ἢ
1537 1239 1678 1311 τάχα
1709 1241 1806 1295 καὶ
1850 1241 1947 1296 νῦν

322 1319 591 1386 ἐγκαλεῖν
621 1321 860 1392 ἔχουσιν,
901 1324 983 1378 ὅτι
1034 1325 1266 1397 ἀνομίαν
1298 1330 1564 1400 ἐποίησαν
1611 1334 1668 1385 ἐν
1699 1332 1777 1404 τῷ
1809 1333 1945 1406 οἴκῳ

335 1414 597 1486 Ίσραήλ;
651 1416 790 1468 Ποία
826 1416 922 1470 καὶ
968 1415 1065 1472 νῦν
1115 1418 1348 1491 ὑϐρίσθη
1397 1425 1611 1491 νεᾶνις;
1656 1426 1736 1490 εἰς
1785 1427 1944 1480 ποίαν

321 1505 492 1558 Δίναν
553 1504 901 1577 ἐξήμαρτον;
949 1510 1079 1562 ποῖα
1126 1511 1428 1582 Σικιμιτῶν
1480 1515 1548 1568 τά
1585 1517 1940 1588 ἐγκλήματα;

320 1597 438 1649 τῶν
487 1597 873 1668 τετιμηκότων
918 1599 1075 1667 Θεὸν,
1119 1603 1229 1656 τῶν
1275 1605 1646 1676 ἠγαπηκότων
1696 1609 1765 1662 τά
1807 1611 1942 1683 ὀρθά

319 1689 520 1742 λοιπὸν
550 1688 774 1744 ἑλέσθαι
807 1695 1046 1762 φρονεῖν,
1081 1696 1172 1748 καὶ
1203 1697 1596 1768 ἀποπεραίνειν
1621 1702 1942 1771 ἐπείγεσθαι

317 1780 392 1831 τὰ
435 1781 497 1833 ὲν
536 1781 713 1852 νόμῳ.
753 1801 771 1834 ι
800 1783 1084 1856 Τεθέαμαι
1117 1805 1135 1838 ι
1165 1783 1370 1852 τοίνυν,
1400 1791 1567 1861 φησὶ,
1616 1810 1635 1843 ι
1667 1796 1941 1865 φρικωδε-

321 1873 538 1944 στάτην
588 1873 688 1943 τὴν
747 1876 869 1928 ἐκεῖ
931 1877 1190 1949 πορνείαν
1247 1878 1340 1932 τοῦ
1395 1881 1656 1955 Ἐφραῖμ.
1690 1903 1708 1936 ι
1755 1887 1943 1942 Κατα⁹

320 1963 567 2034 πλατείη
609 1964 721 2036 γὰρ
750 1966 816 2020 ἀν
845 1973 952 2033 τις,
996 1970 1092 2022 καὶ
1124 1957 1330 2043 σφόδρα
1375 1974 1629 2039 εἰκότως,
1673 1978 1947 2034 τοσούτων

319 2055 473 2126 ὀρῶν
505 2057 874 2124 ἀπονενευκὸς
906 2061 1006 2130 τῆς
1037 2062 1120 2125 είς
1151 2056 1285 2116 Θεὸν
1301 2057 1536 2138 ’ἀγάπης
1559 2064 1623 2121 ’τὸ
1651 2070 1796 2141 ἱερὸν
1852 2076 1949 2128 καὶ

319 2149 635 2204 ἀπόλεκτον
674 2153 855 2220 γένος,
885 2153 961 2218 ὠς
1002 2154 1080 2227 μὴ
1116 2156 1277 2224 μόνον
1322 2159 1520 2224 αὐτοὺς
1566 2161 1676 2216 τῶν
1707 2163 1947 2221 εἰδώλων

321 2246 565 2314 εὑρετὰς
607 2247 867 2316 γενέσθαι
910 2252 1025 2314 τοῖς
1066 2241 1284 2317 ἄλλοις,
1317 2253 1455 2309 ἀλλά
1495 2259 1588 2310 καὶ
1623 2258 1947 2316 διακωλύειν

322 2337 569 2404 αὐτοὺς,
607 2340 658 2392 εἰ
698 2339 921 2412 ἀγαπᾷν
955 2342 1161 2397 ἕλοιντο
1199 2345 1267 2399 τὰ
1307 2347 1402 2400 τοῦ
1443 2349 1604 2407 Θεοῦ.
1644 2370 1662 2404 t
1690 2353 1950 2426 Καταμε-

325 2428 557 2500 μίανται
601 2431 802 2496 τοίνυν,
835 2452 854 2484 ι
909 2435 1094 2506 φησὶν,
1151 2456 1169 2489 ι
1215 2437 1433 2512 Ἰσραὴλ
1497 2443 1596 2497 καὶ
1655 2443 1877 2511 Ἰούδας.
1924 2467 1943 2501 ι

322 2524 494 2576 Ὥστε
535 2526 632 2579 καὶ
665 2529 720 2580 εῖ
747 2545 802 2580 τι
838 2528 1060 2583 πάθοιεν
1100 2531 1208 2586 τῶν
1247 2535 1739 2608 προσδοκωμένων,
1781 2541 1950 2610 ἐγκα-

320 2616 491 2670 λείτω
532 2619 727 2690 μηδεὶς
759 2621 1163 2690 ἀγανακτοῦντι
1194 2624 1336 2699 Θεῷ.

399 2798 622 2867 Ἀρχου
662 2800 895 2871 τρυγᾶν
939 2804 1179 2872 σεαυτῷ
1209 2805 1280 2861 ἐν
1313 2806 1394 2874 τῷ
1439 2808 1827 2884 ἐπιστρέφειν
1867 2833 1948 2886 με

319 2888 443 2957 τὴν
467 2891 898 2960 αἰχμαλωσίαν
934 2896 1042 2953 τοῦ
1070 2899 1227 2954 λαοῦ
1248 2917 1391 2970 μου,
1433 2903 1505 2956 ἐν
1547 2903 1628 2971 τῷ
1656 2907 1949 2965 ἰάσασθαί

317 2997 394 3048 με
426 2979 540 3033 τόν
577 2983 864 3054 Ἰσραήλ.·
955 3009 961 3016 ·
1521 3015 1524 3019 ‘
1813 3057 1818 3060 .

393 3073 520 3126 38'.
561 3075 724 3131 Ἔστι
764 3077 930 3156 πάλιν
950 3080 978 3132 ὁ
1009 3079 1170 3151 λόγος
1205 3084 1346 3156 πρὸς
1369 3086 1463 3142 τὸν
1495 3090 1595 3160 τῆς
1627 3089 1840 3146 Γαλαὰδ
1871 3095 1948 3147 οἰ-

319 3167 560 3239 κήτορα.
597 3167 853 3222 Διδάσκει
890 3169 966 3239 δὲ,
995 3172 1077 3226 ὅτι
1120 3173 1265 3244 Ἐγὼ
1298 3176 1398 3248 μὲν
1429 3178 1688 3252 ἠρξάμην
1708 3183 1784 3246 ὡς
1815 3185 1947 3249 Θεὸς

321 3258 512 3349 ἰᾶσθαί
551 3275 613 3312 τε
665 3262 760 3316 καὶ
810 3263 1168 3336 ἐπιστρέφειν
1227 3269 1320 3323 τὸν
1370 3272 1615 3344 Ἰσραήλ.
1664 3277 1777 3329 Καὶ
1814 3279 1946 3346 γοῦν
1975 3296 2016 3349 ι]

317 3348 644 3422 ἐπεθύμουν
685 3353 968 3426 Σικιμῖται
1000 3358 1180 3413 λοιποὶ
1223 3362 1525 3434 ὑποφέρειν
1571 3365 1690 3438 Θεῷ
1720 3368 1812 3421 τὸν
1851 3372 1948 3424 ab-

317 3442 480 3517 χένοι,
512 3443 609 3496 καὶ
634 3444 813 3500 τελεῖν
842 3448 1061 3516 ἑορτάς,
1093 3451 1195 3515 τὰς
1231 3452 1333 3523 μὲν
1367 3454 1463 3507 τοῦ
1502 3456 1951 3528 Ἱεροϐοάμόὐκ-

317 3535 426 3602 έτι,
458 3533 559 3599 τὰς
587 3536 734 3590 κατά
760 3538 925 3610 νόμον
952 3539 1008 3593 δὲ
1045 3543 1268 3612 μᾶλλον,
1297 3546 1392 3598 καὶ
1419 3545 1521 3616 τῆς
1548 3547 1650 3601 οὐκ
1678 3543 1778 3602 οἷδ’
1799 3551 1949 3616 ὅπως

314 3623 715 3698 ἐξηυρημένης
756 3629 976 3701 ἀπάτης
1019 3631 1382 3705 ἀποδραμεῖν.
1436 3636 1511 3690 Σὺ
1545 3637 1602 3690 δὲ
1638 3639 1868 3706 αὐτοὺς,
1903 3635 1950 3696 ὧ

313 3717 658 3784 Γαλααδίτα,
706 3723 993 3794 μονονουχὶ
1023 3725 1118 3779 καὶ
1146 3726 1483 3802 ἀπέκειρας,
1529 3731 1650 3803 ἦτοι
1680 3734 1948 3807 τετρύγη-

313 3827 450 3876 κας,
485 3811 581 3864 καὶ
626 3812 862 3868 πλοῦτον
892 3816 1080 3871 ἄδικον
1110 3820 1356 3892 ἐποιήσω
1397 3822 1466 3877 τά
1504 3825 1615 3878 ἀπὸ
1667 3827 1943 3898 λῃστείας.

331 3904 646 3975 Ἐπιφωνεῖ
687 3907 745 3962 δὲ
795 3910 960 3965 πάλιν
1016 3913 1074 3966 ἐν
1119 3913 1240 3984 ἤθει
1290 3915 1373 3981 τὸ,
1421 3935 1440 3968 ι
1475 3919 1681 3991 Ἀρχου
1738 3923 1948 3994 τρυγᾷν

322 3996 574 4070 σεαυτῷ,
601 4017 618 4050 ι
673 4004 963 4073 μονονουχὶ
1018 4004 1261 4060 τοιοῦτόν
1307 4025 1360 4060 τι
1408 4006 1604 4078 λέγων,
1658 4011 1858 4082 μᾶλλον
1891 4014 1948 4067 δὲ

315 4090 429 4143 κᾶν
476 4093 526 4145 εί
572 4093 649 4166 μὴ
682 4093 854 4164 λέγοι,
885 4097 1102 4162 λεπτῶς
1147 4101 1530 4174 ὑπεμφαίνων,
1560 4106 1656 4159 ὅτι
1679 4106 1854 4176 Κάγὼ
1887 4109 1948 4163 σὲ

317 4186 633 4258 ποιήσομαι
667 4189 779 4244 τῶν
815 4190 1206 4264 κολαζομένων
1243 4195 1342 4268 τὴν
1374 4199 1574 4272 ἀρχήν.
1616 4201 1948 4272 Ἀρχόμενος

317 4276 435 4348 γὰρ
465 4278 789 4352 ἀποκείρειν
815 4280 908 4334 τὸν
948 4283 1187 4355 Ἰσραὴλ,
1220 4287 1316 4339 καὶ
1345 4291 1665 4365 ἀποτρυγᾷν
1691 4293 1818 4355 τοὺς
1846 4293 1947 4363 τῆς

317 4366 473 4421 οὕτω
509 4368 694 4441 δεινῆς
725 4373 1076 4444 ἀνοσιότητος
1103 4378 1487 4449 ἐπιτηδευτάς,
1516 4383 1854 4454 πρωτόλειόν
1885 4387 1944 4436 σε

321 4459 630 4532 ποιῆσομαι
676 4464 778 4534 τῆς
824 4466 1016 4538 ὀργῆς.
1063 4469 1276 4523 Είδέναι
1325 4465 1437 4543 γὰρ
1480 4475 1808 4542 ἀναγκαῖον,
1859 4477 1943 4530 ὅτι

315 4551 535 4615 Φούλας
562 4551 824 4622 βασιλεὺς
857 4557 1186 4626 Ἀσσυρίων,
1213 4562 1240 4612 ό
1267 4561 1487 4633 πρῶτος
1516 4564 1688 4620 ἐλθὼν
1714 4568 1942 4628 κατάτε

2053 602 2217 660 Israel
2253 607 2294 662 '.
2332 627 2350 658 ι
2387 607 2523 674 IIoc,
2577 608 2774 677 inquit,
2808 609 3134 678 OIleCICItICS
3167 617 3336 674 tunc;
3370 608 3494 678 quia
3525 624 3652 674 pec-

2053 707 2314 751 caverunt
2346 698 2396 752 in
2430 699 2647 753 domum
2674 697 2865 764 Jacob,
2913 700 3029 755 sive
3070 699 3259 764 Israel,
3294 699 3474 769 puella
3517 715 3652 755 eon«

2052 798 2325 858 stuprata,
2377 791 2586 847 idcirco
2632 803 2687 848 et
2737 807 2835 848 nos
2886 793 3129 848 Sicltima
3175 793 3498 848 occidimus.
3544 789 3652 846 Sed

2052 899 2194 938 nunc
2222 893 2554 949 statuerunt,
2583 887 2781 957 inquit,
2817 888 3059 942 converti
3090 886 3155 941 ad
3200 887 3390 949 Deum,
3425 885 3652 954 diligere

2051 976 2246 1047 legem,
2273 979 2587 1042 persolvere
2610 979 2902 1048 sacriﬁcia,
2933 993 3196 1050 peragere
3220 979 3338 1034 dies
3367 977 3561 1039 festos,
3593 976 3648 1029 itt

2053 1070 2289 1124 futurum
2323 1088 2350 1126 a
2380 1072 2808 1143 cogitationibus
2840 1072 3208 1142 superstitiosi
3251 1071 3477 1126 deorum
3523 1069 3644 1123 cul-

2053 1171 2137 1215 tus
2179 1161 2479 1217 discedere.
2532 1163 2674 1230 Quid
2723 1164 2788 1218 ad
2837 1163 2951 1218 haec
2987 1163 3228 1218 Levitae?
3262 1180 3280 1214 ‹
3329 1152 3651 1218 Αὸέροηιίε-

2049 1264 2174 1307 runt
2227 1253 2369 1308 viam
2424 1253 2681 1320 Domini,
2728 1239 3127 1312 interfecerunt
3181 1254 3510 1310 Sichimad
3565 1253 3650 1306 An

2048 1343 2282 1401 fortasse
2325 1349 2490 1400 etiam
2541 1361 2686 1402 nunc
2733 1362 2828 1402 eos
2881 1361 3144 1402 accusare
3195 1355 3449 1416 possunt,
3503 1346 3650 1414 quod

2049 1435 2393 1508 iniquitatem
2450 1435 2684 1515 fecerint
2741 1439 2797 1493 itt
2864 1440 3025 1496 domo
3071 1439 3280 1494 Israel?
3321 1437 3452 1506 Quae
3499 1438 3650 1492 enim

2047 1527 2226 1598 puella
2261 1538 2317 1584 et
2365 1529 2816 1600 nune-injuriose
2849 1539 3080 1586 tractata
3123 1531 3246 1587 est?
3278 1531 3330 1584 in
3364 1544 3526 1598 quam
3563 1527 3653 1581 Di-

2047 1636 2169 1674 natu
2195 1632 2560 1689 peccaverunt
2580 1623 2874 1692 ?qua2na_m
2898 1623 3316 1699 Sichimitarum
3352 1621 3597 1696 facinora
3622 1620 3646 1672 ἲ

2046 1712 2145 1779 Qui
2166 1711 2332 1767 Deum
2357 1714 2719 1783 houorarunt,
2738 1715 2828 1785 qui
2851 1716 2915 1771 de
2935 1716 3146 1786 reliquo
3178 1724 3388 1769 mutare
3408 1723 3648 1768 mentem

2048 1820 2244 1875 magna
2278 1806 2558 1862 voluntate
2585 1808 2972 1874 decreverunt,
3008 1819 3061 1863 et
3117 1808 3358 1865 studiose
3390 1817 3652 1876 pra‘stare

1977 1909 2168 1967 Bqum
2223 1897 2437 1968 legibus
2501 1899 2702 1955 divinis
2755 1901 3177 1972 praecipiuntur.
3229 1900 3410 1969 Inquit
3462 1898 3648 1968 igitur,

2056 2009 2074 2042 ι
2129 1987 2259 2046 Vidi
2328 1991 2403 2048 ibi
2483 1993 2755 2064 imprimis
2825 1993 3145 2049 horribilem
3231 1991 3648 2061 fornicationem

2050 2083 2335 2155 Ephraim.
2377 2104 2395 2138 ›
2425 2084 2798 2157 Obstupescat
2831 2096 3018 2142 autem
3053 2085 3324 2157 quispiam
3358 2093 3412 2140 et
3447 2085 3652 2153 mquis-

2050 2177 2213 2242 sime,
2247 2192 2481 2234 cernens
2517 2188 2770 2234 sanctum
2799 2189 2852 2235 et
2884 2179 3119 2234 electum
3147 2194 3327 2251 genus
3356 2179 3493 2232 adeo
3518 2178 3652 2232 cha-

2053 2268 2217 2324 ritate
2264 2285 2392 2341 erga
2441 2269 2612 2325 Deum
2658 2268 2882 2334 abiisse,
2932 2279 3130 2325 utnon
3164 2269 3338 2323 solum
3386 2267 3485 2336 ipsi
3529 2264 3653 2318 aliis

2050 2361 2192 2417 idola
2249 2362 2584 2427 invenerint,
2639 2362 2734 2418 sed
2777 2373 2831 2416 et
2858 2361 2996 2417 alios
3045 2376 3073 2415 a
3120 2359 3410 2429 diligendis
3449 2357 3650 2412 divinis

2052 2452 2422 2509 cohibuerint.
2480 2471 2499 2505 ι
2550 2453 2975 2508 Contaminatus
3019 2462 3102 2508 est
3155 2452 3345 2523 igitur,
3390 2469 3407 2502 ι
3451 2450 3646 2518 inquit,

2056 2563 2074 2597 ι
2111 2543 2329 2613 Israel,
2381 2555 2438 2601 et
2490 2544 2683 2602 Judas.
2721 2565 2740 2598 ι
2783 2546 2964 2612 Quare
3016 2547 3061 2600 si
3117 2547 3243 2616 quid
3291 2545 3457 2598 etiam
3503 2541 3651 2612 passi

2053 2637 2254 2694 fuerint
2281 2655 2496 2706 eorum,
2527 2656 2648 2711 qu:e
2687 2640 3024 2711 impendent,
3061 2639 3229 2694 Deum
3272 2637 3651 2708 indignantem

2050 2748 2211 2787 nemo
2241 2735 2585 2789 criminetur.
3034 2805 3037 2808 _

2122 2823 2289 2879 Vsus.
2327 2826 2413 2878 II.
2452 2824 2631 2894 Incipe
2662 2826 2986 2880 vindemiare
3019 2826 3115 2880 tibi
3140 2841 3260 2879 cum
3293 2834 3536 2878 converto
3558 2839 3652 2894 ego

2049 2918 2408 2986 captivitatem
2435 2918 2620 2988 populi
2646 2919 2771 2984 mei,
2812 2936 2932 2973 cum
2959 2935 3090 2974 sano
3119 2935 3211 2987 ego
3241 2917 3432 2974 Israel.

2121 3095 2311 3150 LXIX.
2347 3096 2542 3152 Sermo
2575 3113 2763 3154 rursus
2806 3099 2874 3154 ad
2923 3097 3287 3153 habitatorem
3329 3097 3534 3152 Galaad
3572 3099 3652 3152 di-

2053 3190 2248 3260 rigitur
2298 3191 2398 3246 hac
2436 3192 2731 3247 sententia.
2775 3192 2888 3262 Ego
2941 3193 3160 3263 quidem
3209 3193 3349 3262 coepi
3394 3203 3652 3261 tanquam

2055 3280 2197 3336 Deus
2241 3296 2463 3349 sanare,
2491 3291 2544 3338 et
2580 3291 2908 3339 convertere
2939 3283 3128 3340 Israel.
3160 3269 3400 3338 Proinde
3428 3271 3655 3354 cupiunt

2057 3373 2360 3429 Sichimitze
2386 3374 2452 3430 de
2489 3385 2694 3432 caetero
2729 3375 3006 3444 subjicere
3036 3376 3144 3432 Deo
3179 3378 3448 3442 cervices,
3480 3367 3654 3431 etce-

2055 3457 2414 3520 lehrare'dies
2471 3465 2657 3531 festos,
2694 3482 2800 3522 non
2857 3468 3091 3538 amplius
3127 3470 3345 3536 quidem
3397 3455 3471 3523 ab
3499 3466 3656 3524 Jero-

2053 3555 2213 3610 boam
2240 3555 2524 3611 institutos
2561 3553 2722 3613 illos:
2754 3557 2852 3613 sed
2886 3573 2913 3610 a
2971 3557 3087 3628 lege
3132 3568 3188 3632 et
3235 3575 3263 3613 a
3307 3559 3490 3613 nescio
3517 3574 3653 3628 quo-

2054 3649 2214 3702 modo
2244 3647 2457 3703 invecta
2489 3647 2704 3703 fallacia
2731 3646 3001 3719 refugere.
3037 3648 3119 3702 Tu
3150 3649 3308 3719 105
3338 3648 3520 3724 auteui
3549 3641 3655 3704 Ga-

2051 3739 2277 3806 Iaadita,
2347 3741 2744 3810 propemodum
2811 3750 2868 3796 et
2932 3741 3262 3807 detondisti,
3308 3734 3657 3822 sive'vinde—

2054 3833 2266 3898 miasti,
2319 3842 2374 3888 et
2416 3833 2709 3890 latrocinio
2751 3835 2974 3890 divitias
3026 3835 3258 3904 injustas
3301 3835 3654 3904 comparasti.

2050 3926 2335 3982 Acclamat
2371 3942 2538 3997 porro
2567 3942 2810 3992 rursum,
2847 3937 2901 3982 et
2931 3919 3071 3983 eum
3101 3914 3654 3998 'irrisione'quadam

2052 4019 2227 4084 illud,
2289 4039 2308 4072 ι
2369 4019 2552 4090 Incipe
2589 4010 2931 4074 vindemiare
2984 4021 3119 4085 tibi;
3170 4042 3188 4072 ι
3245 4021 3351 4076 tale
3393 4015 3656 4094 quiddam

2050 4113 2208 4181 quasi
2242 4111 2454 4179 dicens,
2484 4120 2579 4167 aut
2607 4111 2799 4166 saltem
2837 4110 3115 4166 subtiliter
3139 4113 3303 4166 tacite
3339 4100 3652 4165 insinuans.

2050 4203 2117 4259 Et
2168 4205 2269 4276 ego
2315 4214 2367 4261 te
2428 4204 2625 4260 faciam
2681 4195 2962 4274 primitias
2999 4196 3336 4275 punitorum.
3384 4200 3656 4282 Incipiens

2049 4288 2194 4353 enim
2225 4298 2521 4355 detondere
2542 4299 2730 4364 Israel,
2762 4310 2818 4355 et
2849 4299 3186 4354 vindetniare
3221 4297 3356 4352 adeo
3396 4297 3655 4352 nefandae

2052 4390 2354 4461 impietatis
2392 4401 2824 4457 consectatores,
2877 4389 3150 4461 primitias
3189 4399 3240 4444 te
3289 4385 3650 4466 faciam'ir'aa.

2050 4483 2345 4540 Sciendum
2406 4485 2552 4540 enim
2610 4483 2842 4539 Phulam
2900 4497 3084 4553 regem
3137 4483 3511 4560 AssyriOt'Um,
3560 4471 3655 4551 qui

2049 4579 2260 4648 primus
2293 4577 2603 4634 Samariam
2633 4588 2688 4634 et
2718 4577 2887 4633 Israel
2919 4577 3141 4643 invasit,
3171 4577 3380 4646 primas
3406 4567 3653 4647 captivas

314 4645 421 4716 τῆς
449 4647 769 4719 Σαμαρείας
800 4656 896 4704 καὶ
923 4652 1020 4705 τοῦ
1079 4654 1330 4725 Ἰσραὴλ,
1355 4655 1578 4728 πρώτας
1603 4658 1942 4731 ἀπεκόμισεν

2055 4673 2275 4728 duxisse
2327 4673 2504 4728 tribus
2538 4682 2689 4728 trans
2742 4661 3044 4752 Iordanem
3082 4681 3136 4726 et
3171 4686 3239 4726 ex
3273 4665 3518 4754 urbibus
3547 4670 3655 4740 illis

315 4739 399 4801 εἰς
451 4739 841 4810 αἰχμαλωσίαν
880 4744 981 4809 τὰς
1038 4746 1212 4818 πέραν
1258 4747 1353 4800 τοῦ
1415 4748 1684 4818 Ἰορδάνου
1738 4753 1942 4822 φυλάςζ,

315 4831 489 4894 Πόλις
530 4833 590 4886 δὲ
631 4829 700 4907 ἦν
729 4836 841 4890 τῶν
874 4839 1055 4892 ἐκεῖσε
1091 4840 1191 4910 μία
1223 4843 1320 4894 κα)⁸
1360 4842 1393 4914 ἡ
1443 4841 1678 4901 Γαλαάδ.
1727 4846 1942 4900 Οὐκοῦν

313 4924 517 4998 ὥσπερ
562 4928 698 5000 ἐμοῦ
732 4931 826 4984 τὸν
862 4933 1082 5004 Ἰσραὴλ
1124 4935 1582 5006 ἐπιστρέφοντος,
1627 4937 1940 5011 ἀρξαμένου

313 5035 380 5072 τε
433 5019 692 5075 ἰάσασθαι
726 5022 934 5089 λοιπὸν,
973 5026 1038 5078 σὺ
1087 5026 1472 5098 τετρύγηκας,
1516 5024 1561 5083 ὦ
1598 5031 1938 5100 Γαλααδῖτα,

317 5111 543 5184 σεαυτῷ
593 5112 664 5166 τά
711 5114 822 5168 ἀπὸ
856 5115 1148 5188 λῃστείαςο
1204 5117 1366 5197 οὕτω¹
1401 5121 1558 5193 κάγὼ
1607 5124 1942 5197 παραδιδοὺς

328 5205 651 5278 Ἀσσυρίοις
680 5208 773 5262 τὸν
811 5210 1052 5284 Ἰσραὴλ,
1089 5213 1148 5267 σὲ
1180 5195 1479 5287 ποιήσομαι
1508 5217 1618 5271 τῶν
1650 5195 1929 5289 πεμπομέ-

320 5316 431 5352 νων
466 5301 570 5373 τὴν
595 5299 872 5376 ἀπαρχήν.
1018 5324 1020 5328 ·
1179 5307 1183 5313 ’
1274 5327 1278 5332 ·

394 5391 650 5462 Συγγενῆ
687 5394 746 5448 δὲ
777 5395 848 5449 τὰ
885 5397 1088 5469 ἀρχαῖα
1119 5401 1231 5463 τοῖς
1265 5400 1376 5454 ἐπὶ
1402 5402 1627 5474 Χριστῷ
1661 5403 1772 5458 τῶν
1808 5405 1939 5460 ’ῐου-

316 5481 496 5534 δαίων
541 5483 888 5554 ἐγκλήματα.
930 5489 1148 5544 Ἑκάλει
1202 5492 1301 5562 μὲν
1348 5493 1458 5567 γάρ
1504 5494 1800 5566 σύμπαντα
1847 5498 1939 5570 τὸν

331 5573 563 5646 Ἰσραὴλ
601 5577 630 5629 ὁ
673 5577 808 5641 Θεὸς
833 5579 928 5632 καὶ
980 5580 1173 5653 Πατὴρ
1204 5586 1282 5648 είς
1312 5586 1374 5639 τὸ
1405 5588 1622 5641 ἐλέσοαι
1655 5589 1842 5644 λοιπὸν
1871 5591 1940 5646 τὰ

316 5665 541 5736 ἀμείνω
575 5670 818 5739 φρονεῖν,
844 5672 940 5725 καὶ
973 5673 1275 5746 καταλῆξαι
1311 5677 1411 5750 μὲν
1444 5680 1543 5752 τῆς
1573 5681 1628 5734 ἐν
1663 5682 1812 5754 νόμῳ
1843 5683 1939 5737 λα-

399 5848 420 5878 ’
452 5845 789 5914 Gcn.xxxw,
814 5849 902 5904 5i.

2053 4782 2216 4821 uuam
2276 4767 2444 4822 fuisse
2486 4757 2714 4823 Galaad.
2747 4749 3020 4834 Quocirca
3063 4755 3208 4821 sicut
3257 4749 3362 4820 me
3393 4763 3653 4820 Israclem

2050 4871 2424 4926 convertenle,
2458 4869 2514 4916 et
2545 4860 2842 4931 incipiente
2875 4875 3072 4916 sanare
3101 4860 3167 4914 de
3202 4845 3423 4940 caetero,
3458 4849 3511 4912 tu
3544 4843 3671 4946 vin:

2052 4954 2306 5010 demiasti
2342 4953 2463 5020 tibi,
2491 4967 2525 5009 ο
2569 4939 2883 5019 Galaadita,
2915 4967 3036 5023 quae
3078 4938 3375 5008 latrocinio
3405 4938 3665 5019 'acquis'i-i

2051 5046 2217 5114 visti;
2264 5047 2338 5101 ita
2380 5055 2436 5101 et
2475 5032 2600 5116 ego,
2633 5060 2777 5120 cum,
2805 5046 3085 5102 tradidero
3112 5033 3664 5120 Assyriis'lsrael,_te

2049 5132 2239 5196 eorum
2274 5139 2366 5211 qui
2404 5131 2748 5196 abducentur
2769 5139 3044 5210 primitias
3078 5123 3322 5194 reddam.
3394 5133 3399 5140 “
3451 5209 3456 5224 Ι
3501 5133 3540 5218 ἰ
3631 5199 3635 5206 ,

2118 5408 2360 5479 Antiqua
2391 5417 2572 5463 autem
2623 5405 2712 5462 illa
2757 5404 2964 5461 scelera
2997 5405 3226 5473 hisqure
3273 5401 3326 5455 in
3369 5400 3649 5457 Christum

2048 5499 2217 5556 Judazi
2265 5509 2697 5570 perpetrarunt,
2740 5507 2972 5569 cognata
3017 5504 3163 5551 sunt.
3206 5495 3452 5552 Vocabat
3499 5487 3648 5551 enim

2050 5594 2365 5648 universum
2423 5593 2680 5648 Israelent
2735 5592 2876 5647 Deus
2928 5600 2984 5646 ct
3045 5590 3232 5657 Pater,
3293 5599 3348 5643 ιιι
3390 5590 3651 5659 deinceps

2050 5686 2209 5741 aliter
2240 5686 2445 5740 sentire
2470 5695 2523 5739 et
2555 5683 2822 5741 desistere
2854 5699 2883 5740 a
2913 5683 3060 5739 cultu
3114 5683 3414 5739 secundum
3449 5671 3647 5751 legem,
