  <div class='ocr_page' id='page_1' title='image "/cluster/home/n/w/nwhite01/storage/ocr_20150623/71:no.4/coo.31924054869718/097.png"; bbox 0 0 3982 6492; ppageno 0'>
   <div class='ocr_carea' id='block_1_1' title="bbox 333 385 1905 450">
    <p class='ocr_par' dir='ltr' id='par_1_1' title="bbox 333 385 1905 444">
     <span class='ocr_line' id='line_1_1' title="bbox 333 385 1905 444; baseline -0.003 0"><span class='ocrx_word' id='word_1_1' title='bbox 333 388 438 444; x_wconf 75' lang='grc' dir='ltr'><strong>1Τ9</strong></span> <span class='ocrx_word' id='word_1_2' title='bbox 1366 385 1423 443; x_wconf 85' lang='lat' dir='ltr'><strong>S.</strong></span> <span class='ocrx_word' id='word_1_3' title='bbox 1463 385 1740 444; x_wconf 77' lang='lat' dir='ltr'><strong>CYRILLI</strong></span> <span class='ocrx_word' id='word_1_4' title='bbox 1778 385 1905 442; x_wconf 60' lang='grc' dir='ltr'><strong>ΑΒΕ</strong></span> 
     </span>
    </p>
   </div>
   <div class='ocr_carea' id='block_1_2' title="bbox 2034 385 3606 450">
    <p class='ocr_par' dir='ltr' id='par_1_2' title="bbox 2034 386 3606 450">
     <span class='ocr_line' id='line_1_2' title="bbox 2034 386 3606 450; baseline 0.003 -9"><span class='ocrx_word' id='word_1_5' title='bbox 2034 386 2248 445; x_wconf 64' lang='grc' dir='ltr'>ιοιιιιιι</span> <span class='ocrx_word' id='word_1_6' title='bbox 2289 388 2612 446; x_wconf 69' lang='lat' dir='ltr'><strong>ARCHIEP.</strong></span> <span class='ocrx_word' id='word_1_7' title='bbox 3269 443 3284 449; x_wconf 82' lang='lat'><strong>-</strong></span> <span class='ocrx_word' id='word_1_8' title='bbox 3501 390 3606 450; x_wconf 70' lang='grc'><strong>180</strong></span> 
     </span>
    </p>
   </div>
   <div class='ocr_carea' id='block_1_3' title="bbox 331 502 1903 576">
    <p class='ocr_par' dir='ltr' id='par_1_3' title="bbox 331 502 1903 574">
     <span class='ocr_line' id='line_1_3' title="bbox 331 502 1903 574; baseline -0.001 -16"><span class='ocrx_word' id='word_1_9' title='bbox 331 513 386 558; x_wconf 86' lang='lat' dir='ltr'><strong>et</strong></span> <span class='ocrx_word' id='word_1_10' title='bbox 409 519 508 573; x_wconf 91' lang='lat' dir='ltr'><strong>pro</strong></span> <span class='ocrx_word' id='word_1_11' title='bbox 533 517 599 558; x_wconf 89' lang='lat' dir='ltr'><strong>eo</strong></span> <span class='ocrx_word' id='word_1_12' title='bbox 635 516 833 558; x_wconf 90' lang='lat' dir='ltr'><strong>novum</strong></span> <span class='ocrx_word' id='word_1_13' title='bbox 866 509 1030 572; x_wconf 89' lang='lat' dir='ltr'><strong>atque</strong></span> <span class='ocrx_word' id='word_1_14' title='bbox 1063 502 1441 573; x_wconf 79' lang='lat' dir='ltr'><strong>evangelicum</strong></span> <span class='ocrx_word' id='word_1_15' title='bbox 1475 517 1765 574; x_wconf 77' lang='lat' dir='ltr'><strong>capessere</strong></span> <span class='ocrx_word' id='word_1_16' title='bbox 1799 503 1903 558; x_wconf 85' lang='lat' dir='ltr'><strong>vel-</strong></span> 
     </span>
    </p>
   </div>
   <div class='ocr_carea' id='block_1_4' title="bbox 2030 502 3602 576">
    <p class='ocr_par' dir='ltr' id='par_1_4' title="bbox 2030 503 3602 576">
     <span class='ocr_line' id='line_1_4' title="bbox 2030 503 3602 576; baseline 0.001 -20"><span class='ocrx_word' id='word_1_17' title='bbox 2030 503 2220 573; x_wconf 80' lang='grc' dir='ltr'>ιρείας,</span> <span class='ocrx_word' id='word_1_18' title='bbox 2267 504 2587 558; x_wconf 79' lang='grc' dir='ltr'><strong>ἀνθελέσθαι</strong></span> <span class='ocrx_word' id='word_1_19' title='bbox 2631 503 2686 558; x_wconf 89' lang='grc' dir='ltr'><strong>δέ</strong></span> <span class='ocrx_word' id='word_1_20' title='bbox 2750 504 2950 576; x_wconf 80' lang='grc' dir='ltr'>μᾶλλον</span> <span class='ocrx_word' id='word_1_21' title='bbox 2990 505 3203 576; x_wconf 80' lang='grc' dir='ltr'><strong>ἐκείνης</strong></span> <span class='ocrx_word' id='word_1_22' title='bbox 3235 505 3334 576; x_wconf 81' lang='grc' dir='ltr'>τὴν</span> <span class='ocrx_word' id='word_1_23' title='bbox 3377 504 3503 559; x_wconf 80' lang='grc' dir='ltr'>νέαν</span> <span class='ocrx_word' id='word_1_24' title='bbox 3543 521 3602 558; x_wconf 74' lang='grc' dir='ltr'><strong>τε</strong></span> 
     </span>
    </p>
   </div>
   <div class='ocr_carea' id='block_1_5' title="bbox 334 593 1906 668">
    <p class='ocr_par' dir='ltr' id='par_1_5' title="bbox 334 593 1906 654">
     <span class='ocr_line' id='line_1_5' title="bbox 334 593 1906 654; baseline 0.003 -5"><span class='ocrx_word' id='word_1_25' title='bbox 334 596 467 650; x_wconf 88' lang='lat' dir='ltr'><strong>lent.</strong></span> <span class='ocrx_word' id='word_1_26' title='bbox 530 593 726 650; x_wconf 84' lang='lat' dir='ltr'><strong>Verum</strong></span> <span class='ocrx_word' id='word_1_27' title='bbox 764 594 840 650; x_wconf 86' lang='lat' dir='ltr'><strong>illi</strong></span> <span class='ocrx_word' id='word_1_28' title='bbox 887 595 1330 652; x_wconf 86' lang='lat' dir='ltr'><strong>convertentibus</strong></span> <span class='ocrx_word' id='word_1_29' title='bbox 1375 607 1431 653; x_wconf 90' lang='lat' dir='ltr'><strong>et</strong></span> <span class='ocrx_word' id='word_1_30' title='bbox 1471 597 1794 654; x_wconf 87' lang='lat' dir='ltr'><strong>vocantibus</strong></span> <span class='ocrx_word' id='word_1_31' title='bbox 1845 599 1906 653; x_wconf 92' lang='lat' dir='ltr'><strong>ad</strong></span> 
     </span>
    </p>
   </div>
   <div class='ocr_carea' id='block_1_6' title="bbox 2031 593 3603 668">
    <p class='ocr_par' dir='ltr' id='par_1_6' title="bbox 2031 596 3603 668">
     <span class='ocr_line' id='line_1_6' title="bbox 2031 596 3603 668; baseline 0.001 -20"><span class='ocrx_word' id='word_1_32' title='bbox 2031 597 2110 648; x_wconf 69' lang='grc' dir='ltr'>ια).</span> <span class='ocrx_word' id='word_1_33' title='bbox 2140 596 2520 667; x_wconf 76' lang='grc' dir='ltr'>εὐαγγελικὴν.</span> <span class='ocrx_word' id='word_1_34' title='bbox 2587 596 2747 650; x_wconf 78' lang='grc' dir='ltr'>Ἀλλὰ</span> <span class='ocrx_word' id='word_1_35' title='bbox 2788 599 2899 660; x_wconf 85' lang='grc' dir='ltr'>τοῖς</span> <span class='ocrx_word' id='word_1_36' title='bbox 2933 597 3321 668; x_wconf 77' lang='grc' dir='ltr'><strong>ἐπιστρέφουσι</strong></span> <span class='ocrx_word' id='word_1_37' title='bbox 3375 596 3471 649; x_wconf 78' lang='grc' dir='ltr'><strong>καὶ</strong></span> <span class='ocrx_word' id='word_1_38' title='bbox 3504 615 3603 652; x_wconf 88' lang='grc' dir='ltr'>κα·-</span> 
     </span>
    </p>
   </div>
   <div class='ocr_carea' id='block_1_7' title="bbox 331 686 1903 760">
    <p class='ocr_par' dir='ltr' id='par_1_7' title="bbox 331 688 1903 760">
     <span class='ocr_line' id='line_1_7' title="bbox 331 688 1903 760; baseline 0.002 -19"><span class='ocrx_word' id='word_1_39' title='bbox 331 688 627 743; x_wconf 82' lang='lat' dir='ltr'><strong>sanitatem</strong></span> <span class='ocrx_word' id='word_1_40' title='bbox 653 688 1044 744; x_wconf 88' lang='lat' dir='ltr'><strong>obtinebantur</strong></span> <span class='ocrx_word' id='word_1_41' title='bbox 1091 704 1199 743; x_wconf 91' lang='lat' dir='ltr'><strong>non</strong></span> <span class='ocrx_word' id='word_1_42' title='bbox 1237 689 1608 748; x_wconf 73' lang='lat' dir='ltr'><strong>mediocriter.</strong></span> <span class='ocrx_word' id='word_1_43' title='bbox 1638 691 1903 760; x_wconf 76' lang='lat' dir='ltr'><strong>Scriptum</strong></span> 
     </span>
    </p>
   </div>
   <div class='ocr_carea' id='block_1_8' title="bbox 2029 686 3601 760">
    <p class='ocr_par' dir='ltr' id='par_1_8' title="bbox 2029 686 3601 757">
     <span class='ocr_line' id='line_1_8' title="bbox 2029 686 3601 757; baseline 0.001 -19"><span class='ocrx_word' id='word_1_44' title='bbox 2029 686 2298 757; x_wconf 64' lang='lat' dir='ltr'><strong>toupévm;</strong></span> <span class='ocrx_word' id='word_1_45' title='bbox 2340 688 2420 752; x_wconf 88' lang='grc' dir='ltr'><strong>είς</strong></span> <span class='ocrx_word' id='word_1_46' title='bbox 2476 687 2621 740; x_wconf 87' lang='grc' dir='ltr'>ῐασιν</span> <span class='ocrx_word' id='word_1_47' title='bbox 2673 687 3044 757; x_wconf 82' lang='grc' dir='ltr'><strong>ἀντέπραττον</strong></span> <span class='ocrx_word' id='word_1_48' title='bbox 3087 688 3147 742; x_wconf 87' lang='grc' dir='ltr'><strong>οὐ</strong></span> <span class='ocrx_word' id='word_1_49' title='bbox 3192 687 3451 757; x_wconf 78' lang='grc' dir='ltr'>μετρίως.</span> <span class='ocrx_word' id='word_1_50' title='bbox 3499 688 3601 740; x_wconf 86' lang='grc' dir='ltr'><strong>Γέ-</strong></span> 
     </span>
    </p>
   </div>
   <div class='ocr_carea' id='block_1_9' title="bbox 331 775 1903 849">
    <p class='ocr_par' dir='ltr' id='par_1_9' title="bbox 331 775 1903 849">
     <span class='ocr_line' id='line_1_9' title="bbox 331 775 1903 849; baseline 0.001 -18"><span class='ocrx_word' id='word_1_51' title='bbox 331 786 419 831; x_wconf 89' lang='lat' dir='ltr'><strong>est</strong></span> <span class='ocrx_word' id='word_1_52' title='bbox 453 777 654 847; x_wconf 88' lang='lat' dir='ltr'><strong>quippe</strong></span> <span class='ocrx_word' id='word_1_53' title='bbox 687 792 702 832; x_wconf 88' lang='lat'><strong>:</strong></span> <span class='ocrx_word' id='word_1_54' title='bbox 741 796 760 830; x_wconf 80' lang='grc' dir='ltr'><strong>ι</strong></span> <span class='ocrx_word' id='word_1_55' title='bbox 800 775 919 832; x_wconf 73' lang='lat' dir='ltr'><strong>Iam</strong></span> <span class='ocrx_word' id='word_1_56' title='bbox 967 779 1110 834; x_wconf 92' lang='lat' dir='ltr'><strong>enim</strong></span> <span class='ocrx_word' id='word_1_57' title='bbox 1145 780 1595 849; x_wconf 89' lang='lat' dir='ltr'><strong>conspiraverant</strong></span> <span class='ocrx_word' id='word_1_58' title='bbox 1631 779 1825 844; x_wconf 62' lang='lat' dir='ltr'><strong>Judaei,</strong></span> <span class='ocrx_word' id='word_1_59' title='bbox 1856 790 1903 833; x_wconf 84' lang='lat' dir='ltr'><strong>ut</strong></span> 
     </span>
    </p>
   </div>
   <div class='ocr_carea' id='block_1_10' title="bbox 2029 775 3601 849">
    <p class='ocr_par' dir='ltr' id='par_1_10' title="bbox 2029 775 3601 847">
     <span class='ocr_line' id='line_1_10' title="bbox 2029 775 3601 847; baseline 0.002 -20"><span class='ocrx_word' id='word_1_60' title='bbox 2029 790 2256 845; x_wconf 70' lang='grc' dir='ltr'>γραπται</span> <span class='ocrx_word' id='word_1_61' title='bbox 2285 776 2416 847; x_wconf 82' lang='grc' dir='ltr'>γὰρ,</span> <span class='ocrx_word' id='word_1_62' title='bbox 2458 776 2540 830; x_wconf 83' lang='grc' dir='ltr'>ὅτι</span> <span class='ocrx_word' id='word_1_63' title='bbox 2573 795 2591 826; x_wconf 83' lang='grc' dir='ltr'><strong>ι</strong></span> <span class='ocrx_word' id='word_1_64' title='bbox 2625 775 2763 847; x_wconf 84' lang='grc' dir='ltr'><strong>Ἤδη</strong></span> <span class='ocrx_word' id='word_1_65' title='bbox 2813 775 3095 830; x_wconf 79' lang='grc' dir='ltr'><strong>συνέθεντο</strong></span> <span class='ocrx_word' id='word_1_66' title='bbox 3134 777 3182 828; x_wconf 84' lang='grc' dir='ltr'><strong>οἰ</strong></span> <span class='ocrx_word' id='word_1_67' title='bbox 3217 775 3479 841; x_wconf 82' lang='grc' dir='ltr'>Ἰουδαῖοι,</span> <span class='ocrx_word' id='word_1_68' title='bbox 3515 777 3601 830; x_wconf 75' lang='grc' dir='ltr'>ἵνα</span> 
     </span>
    </p>
   </div>
   <div class='ocr_carea' id='block_1_11' title="bbox 331 861 1903 943">
    <p class='ocr_par' dir='ltr' id='par_1_11' title="bbox 331 868 1903 943">
     <span class='ocr_line' id='line_1_11' title="bbox 331 868 1903 943; baseline 0.004 -22"><span class='ocrx_word' id='word_1_69' title='bbox 331 868 376 922; x_wconf 89' lang='lat' dir='ltr'><strong>si</strong></span> <span class='ocrx_word' id='word_1_70' title='bbox 411 869 536 938; x_wconf 87' lang='lat' dir='ltr'><strong>quis</strong></span> <span class='ocrx_word' id='word_1_71' title='bbox 581 869 758 940; x_wconf 88' lang='lat' dir='ltr'><strong>ipsum</strong></span> <span class='ocrx_word' id='word_1_72' title='bbox 807 869 1160 928; x_wconf 91' lang='lat' dir='ltr'><strong>conﬁteretur</strong></span> <span class='ocrx_word' id='word_1_73' title='bbox 1198 871 1501 937; x_wconf 88' lang='lat' dir='ltr'><strong>Christum,</strong></span> <span class='ocrx_word' id='word_1_74' title='bbox 1533 880 1689 929; x_wconf 80' lang='lat' dir='ltr'><strong>extra</strong></span> <span class='ocrx_word' id='word_1_75' title='bbox 1733 873 1903 943; x_wconf 82' lang='lat' dir='ltr'><strong>Syna-</strong></span> 
     </span>
    </p>
   </div>
   <div class='ocr_carea' id='block_1_12' title="bbox 2025 861 3597 943">
    <p class='ocr_par' dir='ltr' id='par_1_12' title="bbox 2025 861 3597 938">
     <span class='ocr_line' id='line_1_12' title="bbox 2025 861 3597 938; baseline 0.002 -22"><span class='ocrx_word' id='word_1_76' title='bbox 2025 865 2110 919; x_wconf 59' lang='grc' dir='ltr'><strong>ἐάν</strong></span> <span class='ocrx_word' id='word_1_77' title='bbox 2137 883 2221 930; x_wconf 89' lang='grc' dir='ltr'><strong>τις</strong></span> <span class='ocrx_word' id='word_1_78' title='bbox 2256 866 2419 920; x_wconf 78' lang='grc' dir='ltr'>αὑτὸν</span> <span class='ocrx_word' id='word_1_79' title='bbox 2449 865 2756 938; x_wconf 75' lang='grc' dir='ltr'><strong>ὁμολογήσῃ</strong></span> <span class='ocrx_word' id='word_1_80' title='bbox 2780 867 2872 919; x_wconf 82' lang='grc' dir='ltr'><strong>τὸν</strong></span> <span class='ocrx_word' id='word_1_81' title='bbox 2900 865 3136 938; x_wconf 77' lang='grc' dir='ltr'>Χριστὸν</span> <span class='ocrx_word' id='word_1_82' title='bbox 3166 861 3328 930; x_wconf 82' lang='grc' dir='ltr'>εἶναι,</span> <span class='ocrx_word' id='word_1_83' title='bbox 3361 869 3597 922; x_wconf 82' lang='grc' dir='ltr'>ἀποσυν-</span> 
     </span>
    </p>
   </div>
   <div class='ocr_carea' id='block_1_13' title="bbox 288 945 1860 1035">
    <p class='ocr_par' dir='ltr' id='par_1_13' title="bbox 288 945 1860 1029">
     <span class='ocr_line' id='line_1_13' title="bbox 288 945 1860 1029; baseline 0.002 -13"><span class='ocrx_word' id='word_1_84' title='bbox 288 945 298 958; x_wconf 54' lang='grc'><strong>⁴</strong></span> <span class='ocrx_word' id='word_1_85' title='bbox 332 975 525 1029; x_wconf 78' lang='lat' dir='ltr'><strong>gogam</strong></span> <span class='ocrx_word' id='word_1_86' title='bbox 580 960 733 1016; x_wconf 89' lang='lat' dir='ltr'><strong>ﬁeret</strong></span> <span class='ocrx_word' id='word_1_87' title='bbox 758 959 802 1014; x_wconf 86' lang='grc'>³.</span> <span class='ocrx_word' id='word_1_88' title='bbox 841 978 860 1014; x_wconf 78' lang='grc' dir='ltr'><strong>ι</strong></span> <span class='ocrx_word' id='word_1_89' title='bbox 898 960 1208 1018; x_wconf 82' lang='lat' dir='ltr'><strong>Audiebant</strong></span> <span class='ocrx_word' id='word_1_90' title='bbox 1254 973 1438 1018; x_wconf 89' lang='lat' dir='ltr'><strong>autem</strong></span> <span class='ocrx_word' id='word_1_91' title='bbox 1483 979 1671 1021; x_wconf 88' lang='lat' dir='ltr'><strong>eorum</strong></span> <span class='ocrx_word' id='word_1_92' title='bbox 1707 964 1860 1019; x_wconf 68' lang='lat' dir='ltr'><strong>duces</strong></span> 
     </span>
    </p>
   </div>
   <div class='ocr_carea' id='block_1_14' title="bbox 2030 945 3602 1035">
    <p class='ocr_par' dir='ltr' id='par_1_14' title="bbox 2030 955 3602 1035">
     <span class='ocr_line' id='line_1_14' title="bbox 2030 955 3602 1035; baseline 0.001 -26"><span class='ocrx_word' id='word_1_93' title='bbox 2030 955 2228 1025; x_wconf 79' lang='grc' dir='ltr'>Ῑιγωγος</span> <span class='ocrx_word' id='word_1_94' title='bbox 2283 956 2529 1026; x_wconf 84' lang='grc' dir='ltr'>γένηται.</span> <span class='ocrx_word' id='word_1_95' title='bbox 2555 975 2576 1008; x_wconf 74' lang='grc' dir='ltr'><strong>ι</strong></span> <span class='ocrx_word' id='word_1_96' title='bbox 2610 957 2848 1011; x_wconf 81' lang='grc' dir='ltr'>Ἤκουον</span> <span class='ocrx_word' id='word_1_97' title='bbox 2890 957 2947 1011; x_wconf 82' lang='grc' dir='ltr'>δὲ</span> <span class='ocrx_word' id='word_1_98' title='bbox 2984 957 3078 1011; x_wconf 73' lang='grc' dir='ltr'>καὶ</span> <span class='ocrx_word' id='word_1_99' title='bbox 3135 959 3186 1014; x_wconf 75' lang='grc' dir='ltr'><strong>οἱ</strong></span> <span class='ocrx_word' id='word_1_100' title='bbox 3238 959 3369 1035; x_wconf 82' lang='grc' dir='ltr'>παρ’</span> <span class='ocrx_word' id='word_1_101' title='bbox 3413 959 3602 1021; x_wconf 83' lang='grc' dir='ltr'>αὐτοῖς</span> 
     </span>
    </p>
   </div>
   <div class='ocr_carea' id='block_1_15' title="bbox 285 1047 1857 1128">
    <p class='ocr_par' dir='ltr' id='par_1_15' title="bbox 285 1053 1856 1128">
     <span class='ocr_line' id='line_1_15' title="bbox 285 1053 1856 1128; baseline -0.003 -14"><span class='ocrx_word' id='word_1_102' title='bbox 285 1102 292 1114; x_wconf 93' lang='grc'><strong>.</strong></span> <span class='ocrx_word' id='word_1_103' title='bbox 335 1069 356 1104; x_wconf 80' lang='grc' dir='ltr'><strong>ι</strong></span> <span class='ocrx_word' id='word_1_104' title='bbox 396 1053 488 1110; x_wconf 69' lang='lat' dir='ltr'><strong>Va:</strong></span> <span class='ocrx_word' id='word_1_105' title='bbox 519 1054 694 1122; x_wconf 81' lang='lat' dir='ltr'><strong>vobis,</strong></span> <span class='ocrx_word' id='word_1_106' title='bbox 723 1053 932 1111; x_wconf 60' lang='lat' dir='ltr'><strong>Scriba:</strong></span> <span class='ocrx_word' id='word_1_107' title='bbox 957 1063 1014 1111; x_wconf 93' lang='lat' dir='ltr'><strong>et</strong></span> <span class='ocrx_word' id='word_1_108' title='bbox 1047 1054 1307 1112; x_wconf 83' lang='lat' dir='ltr'><strong>Pharisaei</strong></span> <span class='ocrx_word' id='word_1_109' title='bbox 1338 1057 1656 1128; x_wconf 76' lang='lat' dir='ltr'><strong>hypocritae,</strong></span> <span class='ocrx_word' id='word_1_110' title='bbox 1684 1057 1812 1128; x_wconf 83' lang='lat' dir='ltr'><strong>quia</strong></span> <span class='ocrx_word' id='word_1_111' title='bbox 1838 1064 1856 1110; x_wconf 91' lang='lat' dir='ltr'><strong>t</strong></span> 
     </span>
    </p>
   </div>
   <div class='ocr_carea' id='block_1_16' title="bbox 2029 1047 3601 1128">
    <p class='ocr_par' dir='ltr' id='par_1_16' title="bbox 2029 1047 3601 1123">
     <span class='ocr_line' id='line_1_16' title="bbox 2029 1047 3601 1123; baseline 0.003 -22"><span class='ocrx_word' id='word_1_112' title='bbox 2029 1047 2325 1120; x_wconf 63' lang='grc' dir='ltr'><strong>Ιλγοίομενοι,</strong></span> <span class='ocrx_word' id='word_1_113' title='bbox 2361 1067 2380 1100; x_wconf 77' lang='grc' dir='ltr'><strong>ι</strong></span> <span class='ocrx_word' id='word_1_114' title='bbox 2407 1049 2544 1103; x_wconf 80' lang='grc' dir='ltr'>Οὐαὶ</span> <span class='ocrx_word' id='word_1_115' title='bbox 2582 1050 2746 1120; x_wconf 84' lang='grc' dir='ltr'>ὑμῖν,</span> <span class='ocrx_word' id='word_1_116' title='bbox 2795 1048 3151 1122; x_wconf 86' lang='grc' dir='ltr'>Γραμματεῖς</span> <span class='ocrx_word' id='word_1_117' title='bbox 3185 1050 3280 1105; x_wconf 78' lang='grc' dir='ltr'>καὶ</span> <span class='ocrx_word' id='word_1_118' title='bbox 3316 1053 3601 1123; x_wconf 58' lang='grc' dir='ltr'>Φαρισαῖοι</span> 
     </span>
    </p>
   </div>
   <div class='ocr_carea' id='block_1_17' title="bbox 333 1139 1905 1219">
    <p class='ocr_par' dir='ltr' id='par_1_17' title="bbox 333 1145 1905 1219">
     <span class='ocr_line' id='line_1_17' title="bbox 333 1145 1905 1219; baseline 0.003 -21"><span class='ocrx_word' id='word_1_119' title='bbox 333 1146 474 1201; x_wconf 81' lang='lat' dir='ltr'><strong>listis</strong></span> <span class='ocrx_word' id='word_1_120' title='bbox 512 1145 720 1201; x_wconf 81' lang='lat' dir='ltr'><strong>clavem</strong></span> <span class='ocrx_word' id='word_1_121' title='bbox 749 1147 1013 1203; x_wconf 83' lang='lat' dir='ltr'><strong>scientiae.</strong></span> <span class='ocrx_word' id='word_1_122' title='bbox 1046 1146 1155 1202; x_wconf 77' lang='lat' dir='ltr'><strong>Nec</strong></span> <span class='ocrx_word' id='word_1_123' title='bbox 1175 1162 1272 1203; x_wconf 87' lang='lat' dir='ltr'><strong>vos</strong></span> <span class='ocrx_word' id='word_1_124' title='bbox 1300 1149 1667 1219; x_wconf 79' lang='lat' dir='ltr'><strong>ingredimini,</strong></span> <span class='ocrx_word' id='word_1_125' title='bbox 1698 1163 1798 1203; x_wconf 92' lang='lat' dir='ltr'><strong>nec</strong></span> <span class='ocrx_word' id='word_1_126' title='bbox 1827 1148 1905 1202; x_wconf 84' lang='lat' dir='ltr'><strong>in-</strong></span> 
     </span>
    </p>
   </div>
   <div class='ocr_carea' id='block_1_18' title="bbox 2025 1139 3597 1219">
    <p class='ocr_par' dir='ltr' id='par_1_18' title="bbox 2025 1139 3597 1213">
     <span class='ocr_line' id='line_1_18' title="bbox 2025 1139 3597 1213; baseline 0.002 -20"><span class='ocrx_word' id='word_1_127' title='bbox 2025 1140 2327 1212; x_wconf 64' lang='grc' dir='ltr'>ὅποκριταὶ,</span> <span class='ocrx_word' id='word_1_128' title='bbox 2361 1140 2442 1194; x_wconf 85' lang='grc' dir='ltr'><strong>ὅτι</strong></span> <span class='ocrx_word' id='word_1_129' title='bbox 2472 1139 2641 1213; x_wconf 67' lang='grc' dir='ltr'>ἤρατε</span> <span class='ocrx_word' id='word_1_130' title='bbox 2667 1141 2768 1213; x_wconf 82' lang='grc' dir='ltr'>τὴν</span> <span class='ocrx_word' id='word_1_131' title='bbox 2801 1140 2984 1197; x_wconf 80' lang='grc' dir='ltr'>κλεῖδα</span> <span class='ocrx_word' id='word_1_132' title='bbox 3009 1141 3107 1210; x_wconf 83' lang='grc' dir='ltr'>τῆς</span> <span class='ocrx_word' id='word_1_133' title='bbox 3145 1139 3422 1212; x_wconf 82' lang='grc' dir='ltr'>γνώσεως.</span> <span class='ocrx_word' id='word_1_134' title='bbox 3458 1141 3597 1196; x_wconf 74' lang='grc' dir='ltr'>Οῠτε</span> 
     </span>
    </p>
   </div>
   <div class='ocr_carea' id='block_1_19' title="bbox 330 1232 1902 1308">
    <p class='ocr_par' dir='ltr' id='par_1_19' title="bbox 330 1234 1902 1308">
     <span class='ocr_line' id='line_1_19' title="bbox 330 1234 1902 1308; baseline 0.001 -20"><span class='ocrx_word' id='word_1_135' title='bbox 330 1234 480 1302; x_wconf 79' lang='lat' dir='ltr'><strong>gredi</strong></span> <span class='ocrx_word' id='word_1_136' title='bbox 514 1234 760 1290; x_wconf 88' lang='lat' dir='ltr'><strong>volentes</strong></span> <span class='ocrx_word' id='word_1_137' title='bbox 813 1236 996 1291; x_wconf 80' lang='lat' dir='ltr'><strong>sinitis</strong></span> <span class='ocrx_word' id='word_1_138' title='bbox 1030 1237 1239 1292; x_wconf 88' lang='lat' dir='ltr'><strong>intrare</strong></span> <span class='ocrx_word' id='word_1_139' title='bbox 1271 1238 1314 1292; x_wconf 75' lang='grc'>⁵.</span> <span class='ocrx_word' id='word_1_140' title='bbox 1348 1255 1368 1291; x_wconf 76' lang='grc' dir='ltr'><strong>ι</strong></span> <span class='ocrx_word' id='word_1_141' title='bbox 1406 1237 1615 1292; x_wconf 91' lang='lat' dir='ltr'><strong>Traditi</strong></span> <span class='ocrx_word' id='word_1_142' title='bbox 1652 1246 1778 1292; x_wconf 85' lang='lat' dir='ltr'><strong>sunt</strong></span> <span class='ocrx_word' id='word_1_143' title='bbox 1807 1236 1902 1308; x_wconf 77' lang='lat' dir='ltr'><strong>igi-</strong></span> 
     </span>
    </p>
   </div>
   <div class='ocr_carea' id='block_1_20' title="bbox 2029 1232 3601 1308">
    <p class='ocr_par' dir='ltr' id='par_1_20' title="bbox 2029 1232 3601 1306">
     <span class='ocr_line' id='line_1_20' title="bbox 2029 1232 3601 1306; baseline -0.001 -20"><span class='ocrx_word' id='word_1_144' title='bbox 2029 1233 2172 1303; x_wconf 69' lang='grc' dir='ltr'>5μεῖς</span> <span class='ocrx_word' id='word_1_145' title='bbox 2192 1233 2523 1306; x_wconf 83' lang='grc' dir='ltr'><strong>εἰσέρχεσθε,</strong></span> <span class='ocrx_word' id='word_1_146' title='bbox 2548 1232 2671 1287; x_wconf 76' lang='grc' dir='ltr'>οὕτε</span> <span class='ocrx_word' id='word_1_147' title='bbox 2694 1233 2820 1297; x_wconf 83' lang='grc' dir='ltr'>τοὺς</span> <span class='ocrx_word' id='word_1_148' title='bbox 2841 1233 3255 1306; x_wconf 79' lang='grc' dir='ltr'>εἰσερχομένους</span> <span class='ocrx_word' id='word_1_149' title='bbox 3275 1234 3466 1304; x_wconf 75' lang='grc' dir='ltr'>ἀφίετε</span> <span class='ocrx_word' id='word_1_150' title='bbox 3490 1235 3601 1287; x_wconf 62' lang='grc' dir='ltr'>είσε</span> 
     </span>
    </p>
   </div>
   <div class='ocr_carea' id='block_1_21' title="bbox 333 1324 1905 1400">
    <p class='ocr_par' dir='ltr' id='par_1_21' title="bbox 333 1324 1905 1397">
     <span class='ocr_line' id='line_1_21' title="bbox 333 1324 1905 1397; baseline 0.003 -21"><span class='ocrx_word' id='word_1_151' title='bbox 333 1337 420 1379; x_wconf 82' lang='lat' dir='ltr'><strong>tur</strong></span> <span class='ocrx_word' id='word_1_152' title='bbox 443 1324 706 1392; x_wconf 85' lang='lat' dir='ltr'><strong>inimicis,</strong></span> <span class='ocrx_word' id='word_1_153' title='bbox 737 1335 792 1379; x_wconf 80' lang='lat' dir='ltr'><strong>et</strong></span> <span class='ocrx_word' id='word_1_154' title='bbox 821 1341 1016 1397; x_wconf 79' lang='lat' dir='ltr'><strong>graves</strong></span> <span class='ocrx_word' id='word_1_155' title='bbox 1045 1327 1492 1384; x_wconf 87' lang='lat' dir='ltr'><strong>debacchationis</strong></span> <span class='ocrx_word' id='word_1_156' title='bbox 1533 1326 1586 1381; x_wconf 90' lang='lat' dir='ltr'><strong>in</strong></span> <span class='ocrx_word' id='word_1_157' title='bbox 1632 1327 1905 1386; x_wconf 85' lang='lat' dir='ltr'><strong>Christum</strong></span> 
     </span>
    </p>
   </div>
   <div class='ocr_carea' id='block_1_22' title="bbox 2029 1324 3601 1400">
    <p class='ocr_par' dir='ltr' id='par_1_22' title="bbox 2029 1325 3601 1400">
     <span class='ocr_line' id='line_1_22' title="bbox 2029 1325 3601 1400; baseline 0.001 -22"><span class='ocrx_word' id='word_1_158' title='bbox 2029 1325 2204 1383; x_wconf 71' lang='grc' dir='ltr'>ιλθεῖν.</span> <span class='ocrx_word' id='word_1_159' title='bbox 2228 1343 2247 1377; x_wconf 78' lang='grc' dir='ltr'><strong>ι</strong></span> <span class='ocrx_word' id='word_1_160' title='bbox 2280 1325 2532 1384; x_wconf 88' lang='grc' dir='ltr'>Δέδονται</span> <span class='ocrx_word' id='word_1_161' title='bbox 2559 1326 2741 1380; x_wconf 83' lang='grc' dir='ltr'>τοίνυν</span> <span class='ocrx_word' id='word_1_162' title='bbox 2765 1325 3002 1400; x_wconf 80' lang='grc' dir='ltr'><strong>ἐχθροῖς,</strong></span> <span class='ocrx_word' id='word_1_163' title='bbox 3031 1327 3128 1385; x_wconf 67' lang='grc' dir='ltr'>καὶ</span> <span class='ocrx_word' id='word_1_164' title='bbox 3155 1325 3362 1398; x_wconf 76' lang='grc' dir='ltr'>πικρὰς</span> <span class='ocrx_word' id='word_1_165' title='bbox 3393 1327 3490 1398; x_wconf 82' lang='grc' dir='ltr'>τῆς</span> <span class='ocrx_word' id='word_1_166' title='bbox 3518 1328 3601 1389; x_wconf 81' lang='grc' dir='ltr'><strong>εἰς</strong></span> 
     </span>
    </p>
   </div>
   <div class='ocr_carea' id='block_1_23' title="bbox 333 1415 1905 1490">
    <p class='ocr_par' dir='ltr' id='par_1_23' title="bbox 333 1415 783 1484">
     <span class='ocr_line' id='line_1_23' title="bbox 333 1415 783 1484; baseline 0.009 -13"><span class='ocrx_word' id='word_1_167' title='bbox 333 1429 520 1484; x_wconf 72' lang='lat' dir='ltr'><strong>pmnas</strong></span> <span class='ocrx_word' id='word_1_168' title='bbox 545 1415 783 1475; x_wconf 79' lang='lat' dir='ltr'><strong>luerunt.</strong></span> 
     </span>
    </p>
   </div>
   <div class='ocr_carea' id='block_1_24' title="bbox 1505 1415 3077 1490">
    <p class='ocr_par' dir='ltr' id='par_1_24' title="bbox 2012 1417 3077 1490">
     <span class='ocr_line' id='line_1_24' title="bbox 2012 1417 3077 1490; baseline -0.004 -16"><span class='ocrx_word' id='word_1_169' title='bbox 2012 1417 2247 1490; x_wconf 77' lang='grc' dir='ltr'>Χριστὸν</span> <span class='ocrx_word' id='word_1_170' title='bbox 2275 1418 2561 1490; x_wconf 72' lang='grc' dir='ltr'>παροινίας</span> <span class='ocrx_word' id='word_1_171' title='bbox 2587 1417 2875 1489; x_wconf 81' lang='grc' dir='ltr'>ἐξῄτηνται</span> <span class='ocrx_word' id='word_1_172' title='bbox 2906 1417 3077 1482; x_wconf 83' lang='grc' dir='ltr'>δίκας.</span> 
     </span>
    </p>
   </div>
   <div class='ocr_carea' id='block_1_25' title="bbox 957 1551 2529 1610">
    <p class='ocr_par' dir='ltr' id='par_1_25' title="bbox 957 1551 1471 1610">
     <span class='ocr_line' id='line_1_25' title="bbox 957 1551 1471 1610; baseline -0.004 0"><span class='ocrx_word' id='word_1_173' title='bbox 957 1553 1110 1610; x_wconf 74' lang='lat' dir='ltr'><strong>CAP.</strong></span> <span class='ocrx_word' id='word_1_174' title='bbox 1165 1552 1270 1610; x_wconf 81' lang='lat' dir='ltr'><strong>VII.</strong></span> <span class='ocrx_word' id='word_1_175' title='bbox 1452 1551 1471 1575; x_wconf 82' lang='grc'><strong>⁸</strong></span> 
     </span>
    </p>
   </div>
   <div class='ocr_carea' id='block_1_26' title="bbox 1419 1551 2991 1610">
    <p class='ocr_par' dir='ltr' id='par_1_26' title="bbox 1452 1551 2991 1609">
     <span class='ocr_line' id='line_1_26' title="bbox 1452 1551 2991 1609; baseline -0.003 2"><span class='ocrx_word' id='word_1_176' title='bbox 1452 1551 1471 1575; x_wconf 80' lang='grc'><strong>⁸</strong></span> <span class='ocrx_word' id='word_1_177' title='bbox 2627 1553 2883 1609; x_wconf 71' lang='grc' dir='ltr'><strong>ΚΕΦΑΛ.</strong></span> <span class='ocrx_word' id='word_1_178' title='bbox 2919 1555 2991 1606; x_wconf 89' lang='grc' dir='ltr'><strong>Ζ’.</strong></span> 
     </span>
    </p>
   </div>
   <div class='ocr_carea' id='block_1_27' title="bbox 313 1660 1885 1737">
    <p class='ocr_par' dir='ltr' id='par_1_27' title="bbox 313 1664 1884 1737">
     <span class='ocr_line' id='line_1_27' title="bbox 313 1664 1884 1737; baseline -0.001 -13"><span class='ocrx_word' id='word_1_179' title='bbox 313 1722 315 1724; x_wconf 80' lang='lat'><strong>.</strong></span> <span class='ocrx_word' id='word_1_180' title='bbox 399 1666 566 1724; x_wconf 72' lang='lat' dir='ltr'><strong>Vens.</strong></span> <span class='ocrx_word' id='word_1_181' title='bbox 617 1666 670 1722; x_wconf 76' lang='lat' dir='ltr'><strong>i.</strong></span> <span class='ocrx_word' id='word_1_182' title='bbox 727 1664 796 1721; x_wconf 88' lang='lat' dir='ltr'><strong>Et</strong></span> <span class='ocrx_word' id='word_1_183' title='bbox 847 1666 1168 1722; x_wconf 72' lang='lat' dir='ltr'><strong>revelabitur</strong></span> <span class='ocrx_word' id='word_1_184' title='bbox 1218 1667 1475 1737; x_wconf 74' lang='lat' dir='ltr'><strong>iniquitas</strong></span> <span class='ocrx_word' id='word_1_185' title='bbox 1525 1665 1805 1737; x_wconf 81' lang='lat' dir='ltr'><strong>Ephraim,</strong></span> <span class='ocrx_word' id='word_1_186' title='bbox 1857 1684 1884 1722; x_wconf 88' lang='lat' dir='ltr'><strong>e</strong></span> 
     </span>
    </p>
   </div>
   <div class='ocr_carea' id='block_1_28' title="bbox 2025 1660 3597 1737">
    <p class='ocr_par' dir='ltr' id='par_1_28' title="bbox 2085 1660 3597 1737">
     <span class='ocr_line' id='line_1_28' title="bbox 2085 1660 3597 1737; baseline -0.005 -15"><span class='ocrx_word' id='word_1_187' title='bbox 2085 1667 2196 1724; x_wconf 75' lang='lat' dir='ltr'><strong>Kal</strong></span> <span class='ocrx_word' id='word_1_188' title='bbox 2237 1665 2812 1736; x_wconf 71' lang='grc' dir='ltr'><strong>ἀποκαλυφθήσεται</strong></span> <span class='ocrx_word' id='word_1_189' title='bbox 2853 1667 2892 1734; x_wconf 77' lang='grc' dir='ltr'>ἡ</span> <span class='ocrx_word' id='word_1_190' title='bbox 2940 1665 3141 1720; x_wconf 81' lang='grc' dir='ltr'>ἀδικία</span> <span class='ocrx_word' id='word_1_191' title='bbox 3190 1663 3462 1737; x_wconf 72' lang='grc' dir='ltr'>Ἐφραῒμ,</span> <span class='ocrx_word' id='word_1_192' title='bbox 3497 1660 3597 1716; x_wconf 77' lang='grc' dir='ltr'><strong>καί</strong></span> 
     </span>
    </p>
   </div>
   <div class='ocr_carea' id='block_1_29' title="bbox 329 1753 1901 1830">
    <p class='ocr_par' dir='ltr' id='par_1_29' title="bbox 329 1758 1901 1830">
     <span class='ocr_line' id='line_1_29' title="bbox 329 1758 1901 1830; baseline -0.001 -18"><span class='ocrx_word' id='word_1_193' title='bbox 329 1759 539 1814; x_wconf 78' lang='lat' dir='ltr'><strong>malitia</strong></span> <span class='ocrx_word' id='word_1_194' title='bbox 572 1758 857 1824; x_wconf 64' lang='lat' dir='ltr'><strong>Samaria’,</strong></span> <span class='ocrx_word' id='word_1_195' title='bbox 881 1761 1010 1829; x_wconf 86' lang='lat' dir='ltr'><strong>quia</strong></span> <span class='ocrx_word' id='word_1_196' title='bbox 1041 1768 1259 1826; x_wconf 78' lang='lat' dir='ltr'><strong>operata</strong></span> <span class='ocrx_word' id='word_1_197' title='bbox 1282 1768 1357 1813; x_wconf 75' lang='lat' dir='ltr'><strong>est</strong></span> <span class='ocrx_word' id='word_1_198' title='bbox 1385 1760 1682 1816; x_wconf 83' lang='lat' dir='ltr'><strong>mendacia.</strong></span> <span class='ocrx_word' id='word_1_199' title='bbox 1713 1758 1785 1814; x_wconf 85' lang='lat' dir='ltr'><strong>Et</strong></span> <span class='ocrx_word' id='word_1_200' title='bbox 1819 1759 1901 1830; x_wconf 78' lang='lat' dir='ltr'><strong>fur</strong></span> 
     </span>
    </p>
   </div>
   <div class='ocr_carea' id='block_1_30' title="bbox 2023 1753 3595 1830">
    <p class='ocr_par' dir='ltr' id='par_1_30' title="bbox 2023 1753 3595 1828">
     <span class='ocr_line' id='line_1_30' title="bbox 2023 1753 3595 1828; baseline -0.004 -14"><span class='ocrx_word' id='word_1_201' title='bbox 2023 1760 2262 1828; x_wconf 67' lang='grc' dir='ltr'>ἡκακία</span> <span class='ocrx_word' id='word_1_202' title='bbox 2317 1757 2676 1828; x_wconf 82' lang='grc' dir='ltr'>Σαμαρείας,</span> <span class='ocrx_word' id='word_1_203' title='bbox 2721 1755 2811 1812; x_wconf 85' lang='grc' dir='ltr'>ὅτι</span> <span class='ocrx_word' id='word_1_204' title='bbox 2843 1756 3164 1824; x_wconf 78' lang='grc' dir='ltr'>εἰργάσατο</span> <span class='ocrx_word' id='word_1_205' title='bbox 3210 1753 3411 1824; x_wconf 69' lang='grc' dir='ltr'>ψευδῆ</span> <span class='ocrx_word' id='word_1_206' title='bbox 3433 1794 3447 1819; x_wconf 87' lang='grc'><strong>,</strong></span> <span class='ocrx_word' id='word_1_207' title='bbox 3497 1753 3595 1808; x_wconf 80' lang='grc' dir='ltr'><strong>καί</strong></span> 
     </span>
    </p>
   </div>
   <div class='ocr_carea' id='block_1_31' title="bbox 328 1844 1900 1923">
    <p class='ocr_par' dir='ltr' id='par_1_31' title="bbox 328 1850 1899 1921">
     <span class='ocr_line' id='line_1_31' title="bbox 328 1850 1899 1921; baseline 0.001 -19"><span class='ocrx_word' id='word_1_208' title='bbox 328 1853 396 1904; x_wconf 84' lang='lat' dir='ltr'><strong>ad</strong></span> <span class='ocrx_word' id='word_1_209' title='bbox 439 1867 558 1905; x_wconf 83' lang='lat' dir='ltr'><strong>eum</strong></span> <span class='ocrx_word' id='word_1_210' title='bbox 601 1851 946 1920; x_wconf 77' lang='lat' dir='ltr'><strong>ingredietur,</strong></span> <span class='ocrx_word' id='word_1_211' title='bbox 978 1850 1275 1920; x_wconf 68' lang='lat' dir='ltr'><strong>exspoliari;</strong></span> <span class='ocrx_word' id='word_1_212' title='bbox 1310 1850 1448 1905; x_wconf 77' lang='lat' dir='ltr'><strong>latro</strong></span> <span class='ocrx_word' id='word_1_213' title='bbox 1489 1853 1546 1905; x_wconf 83' lang='lat' dir='ltr'><strong>in</strong></span> <span class='ocrx_word' id='word_1_214' title='bbox 1593 1851 1674 1904; x_wconf 85' lang='lat' dir='ltr'><strong>via</strong></span> <span class='ocrx_word' id='word_1_215' title='bbox 1712 1852 1899 1921; x_wconf 73' lang='lat' dir='ltr'><strong>ipsius,</strong></span> 
     </span>
    </p>
   </div>
   <div class='ocr_carea' id='block_1_32' title="bbox 2026 1844 3598 1923">
    <p class='ocr_par' dir='ltr' id='par_1_32' title="bbox 2026 1844 3598 1918">
     <span class='ocr_line' id='line_1_32' title="bbox 2026 1844 3598 1918; baseline -0.006 -11"><span class='ocrx_word' id='word_1_216' title='bbox 2026 1850 2270 1918; x_wconf 73' lang='grc' dir='ltr'>ιλέπτης</span> <span class='ocrx_word' id='word_1_217' title='bbox 2311 1847 2463 1916; x_wconf 78' lang='grc' dir='ltr'>πρὸς</span> <span class='ocrx_word' id='word_1_218' title='bbox 2513 1847 2699 1904; x_wconf 80' lang='grc' dir='ltr'>αὐτὸν</span> <span class='ocrx_word' id='word_1_219' title='bbox 2730 1847 3179 1905; x_wconf 77' lang='grc' dir='ltr'>εἰσελεύσεται.</span> <span class='ocrx_word' id='word_1_220' title='bbox 3219 1844 3598 1899; x_wconf 80' lang='grc' dir='ltr'>ἐκδιδύσκων</span> 
     </span>
    </p>
   </div>
   <div class='ocr_carea' id='block_1_33' title="bbox 326 1935 1898 2014">
    <p class='ocr_par' dir='ltr' id='par_1_33' title="bbox 326 1944 1619 2012">
     <span class='ocr_line' id='line_1_33' title="bbox 326 1944 1619 2012; baseline 0.004 -15"><span class='ocrx_word' id='word_1_221' title='bbox 326 1950 384 1997; x_wconf 74' lang='grc' dir='ltr'><strong>ιιι</strong></span> <span class='ocrx_word' id='word_1_222' title='bbox 414 1945 690 1999; x_wconf 76' lang='lat' dir='ltr'><strong>concinam</strong></span> <span class='ocrx_word' id='word_1_223' title='bbox 709 1944 861 2012; x_wconf 75' lang='lat' dir='ltr'><strong>quasi</strong></span> <span class='ocrx_word' id='word_1_224' title='bbox 887 1953 1160 1998; x_wconf 80' lang='lat' dir='ltr'><strong>cantantes</strong></span> <span class='ocrx_word' id='word_1_225' title='bbox 1185 1944 1344 1998; x_wconf 84' lang='lat' dir='ltr'><strong>corde</strong></span> <span class='ocrx_word' id='word_1_226' title='bbox 1362 1944 1619 2012; x_wconf 75' lang='lat' dir='ltr'><strong>ipsorum.</strong></span> 
     </span>
    </p>
   </div>
   <div class='ocr_carea' id='block_1_34' title="bbox 2024 1935 3596 2014">
    <p class='ocr_par' dir='ltr' id='par_1_34' title="bbox 2024 1935 3596 2014">
     <span class='ocr_line' id='line_1_34' title="bbox 2024 1935 3596 2014; baseline -0.02 3"><span class='ocrx_word' id='word_1_227' title='bbox 2024 1940 2245 2014; x_wconf 72' lang='grc' dir='ltr'><strong>ιιεστὴς</strong></span> <span class='ocrx_word' id='word_1_228' title='bbox 2281 1941 2352 1995; x_wconf 73' lang='grc' dir='ltr'><strong>ἐν</strong></span> <span class='ocrx_word' id='word_1_229' title='bbox 2387 1937 2463 2009; x_wconf 69' lang='grc' dir='ltr'><strong>τῇ</strong></span> <span class='ocrx_word' id='word_1_230' title='bbox 2511 1937 2629 2004; x_wconf 85' lang='grc' dir='ltr'><em>όδῷ</em></span> <span class='ocrx_word' id='word_1_231' title='bbox 2658 1937 2866 2003; x_wconf 85' lang='grc' dir='ltr'>αὐτοῦ,</span> <span class='ocrx_word' id='word_1_232' title='bbox 2912 1936 3072 2003; x_wconf 81' lang='grc' dir='ltr'>ὅπως</span> <span class='ocrx_word' id='word_1_233' title='bbox 3119 1935 3476 2004; x_wconf 76' lang='grc' dir='ltr'>συνᾴδωσιν</span> <span class='ocrx_word' id='word_1_234' title='bbox 3515 1936 3596 2006; x_wconf 83' lang='grc' dir='ltr'>ὠς</span> 
     </span>
    </p>
   </div>
   <div class='ocr_carea' id='block_1_35' title="bbox 2007 2029 2875 2105">
    <p class='ocr_par' dir='ltr' id='par_1_35' title="bbox 2007 2029 2875 2105">
     <span class='ocr_line' id='line_1_35' title="bbox 2007 2029 2875 2105; baseline -0.007 -17"><span class='ocrx_word' id='word_1_235' title='bbox 2007 2035 2258 2105; x_wconf 76' lang='grc' dir='ltr'>ᾄδοντες</span> <span class='ocrx_word' id='word_1_236' title='bbox 2293 2029 2370 2103; x_wconf 79' lang='grc' dir='ltr'>τῇ</span> <span class='ocrx_word' id='word_1_237' title='bbox 2404 2029 2619 2102; x_wconf 81' lang='grc' dir='ltr'>καρδίᾳ</span> <span class='ocrx_word' id='word_1_238' title='bbox 2656 2029 2875 2083; x_wconf 85' lang='grc' dir='ltr'>αὐτῶν.</span> 
     </span>
    </p>
   </div>
   <div class='ocr_carea' id='block_1_36' title="bbox 393 2139 1965 2216">
    <p class='ocr_par' dir='ltr' id='par_1_36' title="bbox 393 2139 1903 2214">
     <span class='ocr_line' id='line_1_36' title="bbox 393 2139 1903 2214; baseline -0.001 -14"><span class='ocrx_word' id='word_1_239' title='bbox 393 2140 561 2200; x_wconf 75' lang='lat' dir='ltr'><strong>LXX.</strong></span> <span class='ocrx_word' id='word_1_240' title='bbox 590 2139 774 2198; x_wconf 85' lang='lat' dir='ltr'><strong>Bonus</strong></span> <span class='ocrx_word' id='word_1_241' title='bbox 814 2148 1010 2197; x_wconf 89' lang='lat' dir='ltr'><strong>natura</strong></span> <span class='ocrx_word' id='word_1_242' title='bbox 1049 2151 1104 2197; x_wconf 90' lang='lat' dir='ltr'><strong>et</strong></span> <span class='ocrx_word' id='word_1_243' title='bbox 1152 2160 1170 2194; x_wconf 78' lang='grc' dir='ltr'><strong>ι</strong></span> <span class='ocrx_word' id='word_1_244' title='bbox 1206 2141 1438 2212; x_wconf 87' lang='lat' dir='ltr'><strong>patiens,</strong></span> <span class='ocrx_word' id='word_1_245' title='bbox 1484 2141 1809 2214; x_wconf 84' lang='lat' dir='ltr'><strong>longanimis</strong></span> <span class='ocrx_word' id='word_1_246' title='bbox 1852 2153 1903 2199; x_wconf 85' lang='lat' dir='ltr'><strong>et</strong></span> 
     </span>
    </p>
   </div>
   <div class='ocr_carea' id='block_1_37' title="bbox 2025 2139 3597 2216">
    <p class='ocr_par' dir='ltr' id='par_1_37' title="bbox 2077 2141 3597 2216">
     <span class='ocr_line' id='line_1_37' title="bbox 2077 2141 3597 2216; baseline -0.007 -14"><span class='ocrx_word' id='word_1_247' title='bbox 2077 2151 2155 2204; x_wconf 78' lang='grc' dir='ltr'><strong>θ’.</strong></span> <span class='ocrx_word' id='word_1_248' title='bbox 2209 2145 2434 2216; x_wconf 77' lang='grc' dir='ltr'>’Δγαθὺς</span> <span class='ocrx_word' id='word_1_249' title='bbox 2478 2142 2576 2215; x_wconf 73' lang='grc' dir='ltr'><strong>μὲν</strong></span> <span class='ocrx_word' id='word_1_250' title='bbox 2626 2141 2806 2211; x_wconf 83' lang='grc' dir='ltr'>φύσει,</span> <span class='ocrx_word' id='word_1_251' title='bbox 2867 2142 2962 2196; x_wconf 79' lang='grc' dir='ltr'><strong>καὶ</strong></span> <span class='ocrx_word' id='word_1_252' title='bbox 3010 2158 3028 2192; x_wconf 81' lang='grc' dir='ltr'><strong>ι</strong></span> <span class='ocrx_word' id='word_1_253' title='bbox 3085 2142 3439 2206; x_wconf 83' lang='grc' dir='ltr'>ἀνεξίκακος,</span> <span class='ocrx_word' id='word_1_254' title='bbox 3491 2157 3597 2210; x_wconf 79' lang='grc' dir='ltr'>μα-</span> 
     </span>
    </p>
   </div>
   <div class='ocr_carea' id='block_1_38' title="bbox 323 2229 1895 2308">
    <p class='ocr_par' dir='ltr' id='par_1_38' title="bbox 323 2229 1895 2302">
     <span class='ocr_line' id='line_1_38' title="bbox 323 2229 1895 2302; baseline -0.001 -14"><span class='ocrx_word' id='word_1_255' title='bbox 323 2233 556 2290; x_wconf 83' lang='lat' dir='ltr'><strong>multum</strong></span> <span class='ocrx_word' id='word_1_256' title='bbox 590 2232 906 2289; x_wconf 89' lang='lat' dir='ltr'><strong>misericors</strong></span> <span class='ocrx_word' id='word_1_257' title='bbox 937 2232 1042 2284; x_wconf 77' lang='grc'><strong>⁸-⁸»</strong></span> <span class='ocrx_word' id='word_1_258' title='bbox 1078 2230 1324 2302; x_wconf 82' lang='lat' dir='ltr'><strong>profecto</strong></span> <span class='ocrx_word' id='word_1_259' title='bbox 1340 2229 1584 2287; x_wconf 90' lang='lat' dir='ltr'><strong>omnium</strong></span> <span class='ocrx_word' id='word_1_260' title='bbox 1615 2229 1895 2296; x_wconf 79' lang='lat' dir='ltr'><strong>Dominus1</strong></span> 
     </span>
    </p>
   </div>
   <div class='ocr_carea' id='block_1_39' title="bbox 2021 2229 3593 2308">
    <p class='ocr_par' dir='ltr' id='par_1_39' title="bbox 2021 2229 3593 2308">
     <span class='ocr_line' id='line_1_39' title="bbox 2021 2229 3593 2308; baseline -0.004 -18"><span class='ocrx_word' id='word_1_261' title='bbox 2021 2235 2280 2308; x_wconf 74' lang='grc' dir='ltr'>ιρόϐυμός</span> <span class='ocrx_word' id='word_1_262' title='bbox 2310 2251 2369 2288; x_wconf 89' lang='grc' dir='ltr'><strong>τε</strong></span> <span class='ocrx_word' id='word_1_263' title='bbox 2403 2235 2496 2286; x_wconf 77' lang='grc' dir='ltr'><strong>καὶ</strong></span> <span class='ocrx_word' id='word_1_264' title='bbox 2538 2231 2842 2294; x_wconf 85' lang='grc' dir='ltr'>πολυέλεως</span> <span class='ocrx_word' id='word_1_265' title='bbox 2892 2249 2912 2283; x_wconf 76' lang='grc' dir='ltr'><strong>ι</strong></span> <span class='ocrx_word' id='word_1_266' title='bbox 2946 2231 3022 2295; x_wconf 84' lang='grc' dir='ltr'>ὡς</span> <span class='ocrx_word' id='word_1_267' title='bbox 3063 2230 3278 2302; x_wconf 81' lang='grc' dir='ltr'>ἀληθῶς</span> <span class='ocrx_word' id='word_1_268' title='bbox 3313 2232 3342 2284; x_wconf 86' lang='grc' dir='ltr'><strong>ὁ</strong></span> <span class='ocrx_word' id='word_1_269' title='bbox 3376 2229 3593 2284; x_wconf 66' lang='grc' dir='ltr'>πάντων</span> 
     </span>
    </p>
   </div>
   <div class='ocr_carea' id='block_1_40' title="bbox 323 2316 1895 2394">
    <p class='ocr_par' dir='ltr' id='par_1_40' title="bbox 323 2316 1895 2394">
     <span class='ocr_line' id='line_1_40' title="bbox 323 2316 1895 2394; baseline -0.002 -17"><span class='ocrx_word' id='word_1_270' title='bbox 323 2323 416 2394; x_wconf 85' lang='lat' dir='ltr'><strong>qui</strong></span> <span class='ocrx_word' id='word_1_271' title='bbox 445 2323 686 2392; x_wconf 86' lang='lat' dir='ltr'><strong>quandiu</strong></span> <span class='ocrx_word' id='word_1_272' title='bbox 727 2329 1018 2392; x_wconf 86' lang='lat' dir='ltr'><strong>peccantes</strong></span> <span class='ocrx_word' id='word_1_273' title='bbox 1051 2319 1265 2384; x_wconf 87' lang='lat' dir='ltr'><strong>tolerat,</strong></span> <span class='ocrx_word' id='word_1_274' title='bbox 1303 2318 1477 2374; x_wconf 86' lang='lat' dir='ltr'><strong>latent</strong></span> <span class='ocrx_word' id='word_1_275' title='bbox 1523 2329 1578 2374; x_wconf 92' lang='lat' dir='ltr'><strong>et</strong></span> <span class='ocrx_word' id='word_1_276' title='bbox 1604 2316 1895 2375; x_wconf 75' lang='lat' dir='ltr'><strong>&#39;occultan~</strong></span> 
     </span>
    </p>
   </div>
   <div class='ocr_carea' id='block_1_41' title="bbox 2017 2316 3589 2394">
    <p class='ocr_par' dir='ltr' id='par_1_41' title="bbox 2017 2316 3589 2393">
     <span class='ocr_line' id='line_1_41' title="bbox 2017 2316 3589 2393; baseline -0.005 -17"><span class='ocrx_word' id='word_1_277' title='bbox 2017 2323 2302 2393; x_wconf 71' lang='grc' dir='ltr'>Δεσπότης.</span> <span class='ocrx_word' id='word_1_278' title='bbox 2342 2320 2484 2374; x_wconf 82' lang='grc' dir='ltr'>Ἀλλ’</span> <span class='ocrx_word' id='word_1_279' title='bbox 2509 2319 2614 2384; x_wconf 78' lang='grc' dir='ltr'>ἕως</span> <span class='ocrx_word' id='word_1_280' title='bbox 2649 2319 2730 2372; x_wconf 77' lang='grc' dir='ltr'>ἔτι</span> <span class='ocrx_word' id='word_1_281' title='bbox 2760 2321 2874 2382; x_wconf 86' lang='grc' dir='ltr'>τοῖς</span> <span class='ocrx_word' id='word_1_282' title='bbox 2913 2318 3202 2372; x_wconf 83' lang='grc' dir='ltr'>πταίουσιν</span> <span class='ocrx_word' id='word_1_283' title='bbox 3243 2316 3589 2382; x_wconf 84' lang='grc' dir='ltr'>ἀνεξικακεῖ,</span> 
     </span>
    </p>
   </div>
   <div class='ocr_carea' id='block_1_42' title="bbox 323 2406 1895 2486">
    <p class='ocr_par' dir='ltr' id='par_1_42' title="bbox 323 2411 1895 2483">
     <span class='ocr_line' id='line_1_42' title="bbox 323 2411 1895 2483; baseline -0.002 -15"><span class='ocrx_word' id='word_1_284' title='bbox 323 2422 414 2468; x_wconf 89' lang='lat' dir='ltr'><strong>tur</strong></span> <span class='ocrx_word' id='word_1_285' title='bbox 441 2413 597 2482; x_wconf 89' lang='lat' dir='ltr'><strong>quasi</strong></span> <span class='ocrx_word' id='word_1_286' title='bbox 629 2428 818 2468; x_wconf 89' lang='lat' dir='ltr'><strong>eorum</strong></span> <span class='ocrx_word' id='word_1_287' title='bbox 854 2411 1079 2483; x_wconf 83' lang='lat' dir='ltr'><strong>ﬂagitia.</strong></span> <span class='ocrx_word' id='word_1_288' title='bbox 1115 2411 1221 2468; x_wconf 88' lang='lat' dir='ltr'><strong>Ubi</strong></span> <span class='ocrx_word' id='word_1_289' title='bbox 1253 2420 1434 2467; x_wconf 90' lang='lat' dir='ltr'><strong>autem</strong></span> <span class='ocrx_word' id='word_1_290' title='bbox 1467 2411 1754 2483; x_wconf 85' lang='lat' dir='ltr'><strong>ingruerit,</strong></span> <span class='ocrx_word' id='word_1_291' title='bbox 1788 2421 1895 2480; x_wconf 71' lang='lat' dir='ltr'><strong>po:-</strong></span> 
     </span>
    </p>
   </div>
   <div class='ocr_carea' id='block_1_43' title="bbox 2018 2406 3590 2486">
    <p class='ocr_par' dir='ltr' id='par_1_43' title="bbox 2018 2406 3590 2486">
     <span class='ocr_line' id='line_1_43' title="bbox 2018 2406 3590 2486; baseline -0.006 -17"><span class='ocrx_word' id='word_1_292' title='bbox 2018 2413 2447 2486; x_wconf 74' lang='grc' dir='ltr'>ιατακρύπτεταί</span> <span class='ocrx_word' id='word_1_293' title='bbox 2485 2430 2602 2476; x_wconf 87' lang='grc' dir='ltr'><strong>πως</strong></span> <span class='ocrx_word' id='word_1_294' title='bbox 2629 2409 2808 2464; x_wconf 84' lang='grc' dir='ltr'>αὐτῶν</span> <span class='ocrx_word' id='word_1_295' title='bbox 2828 2408 2908 2463; x_wconf 75' lang='grc' dir='ltr'>ἔτι</span> <span class='ocrx_word' id='word_1_296' title='bbox 2934 2409 3002 2464; x_wconf 81' lang='grc' dir='ltr'>τὰ</span> <span class='ocrx_word' id='word_1_297' title='bbox 3033 2409 3376 2480; x_wconf 81' lang='grc' dir='ltr'>ἐγκλήματα.</span> <span class='ocrx_word' id='word_1_298' title='bbox 3395 2406 3590 2471; x_wconf 71' lang='grc' dir='ltr'>Ἐπεξο</span> 
     </span>
    </p>
   </div>
   <div class='ocr_carea' id='block_1_44' title="bbox 322 2500 1894 2578">
    <p class='ocr_par' dir='ltr' id='par_1_44' title="bbox 322 2501 1894 2571">
     <span class='ocr_line' id='line_1_44' title="bbox 322 2501 1894 2571; baseline 0 -17"><span class='ocrx_word' id='word_1_299' title='bbox 322 2515 560 2571; x_wconf 78' lang='lat' dir='ltr'><strong>namque</strong></span> <span class='ocrx_word' id='word_1_300' title='bbox 607 2501 896 2565; x_wconf 80' lang='lat' dir='ltr'><strong>invexerit,</strong></span> <span class='ocrx_word' id='word_1_301' title='bbox 949 2509 1003 2556; x_wconf 88' lang='lat' dir='ltr'><strong>et</strong></span> <span class='ocrx_word' id='word_1_302' title='bbox 1055 2502 1340 2570; x_wconf 86' lang='lat' dir='ltr'><strong>quiescere</strong></span> <span class='ocrx_word' id='word_1_303' title='bbox 1403 2516 1512 2557; x_wconf 92' lang='lat' dir='ltr'><strong>non</strong></span> <span class='ocrx_word' id='word_1_304' title='bbox 1556 2501 1894 2568; x_wconf 77' lang='lat' dir='ltr'><strong>sustinuerit,</strong></span> 
     </span>
    </p>
   </div>
   <div class='ocr_carea' id='block_1_45' title="bbox 2021 2500 3593 2578">
    <p class='ocr_par' dir='ltr' id='par_1_45' title="bbox 2021 2500 3593 2578">
     <span class='ocr_line' id='line_1_45' title="bbox 2021 2500 3593 2578; baseline -0.003 -21"><span class='ocrx_word' id='word_1_305' title='bbox 2021 2507 2176 2571; x_wconf 70' lang='lat' dir='ltr'><strong>dvto;</strong></span> <span class='ocrx_word' id='word_1_306' title='bbox 2212 2506 2268 2559; x_wconf 85' lang='grc' dir='ltr'>δὲ</span> <span class='ocrx_word' id='word_1_307' title='bbox 2310 2506 2432 2578; x_wconf 70' lang='grc' dir='ltr'>ἤδη,</span> <span class='ocrx_word' id='word_1_308' title='bbox 2475 2505 2570 2576; x_wconf 75' lang='grc' dir='ltr'><strong>καὶ</strong></span> <span class='ocrx_word' id='word_1_309' title='bbox 2619 2503 2775 2566; x_wconf 82' lang='grc' dir='ltr'>δίκας</span> <span class='ocrx_word' id='word_1_310' title='bbox 2841 2501 3170 2572; x_wconf 82' lang='grc' dir='ltr'>ἐπάγοντος,</span> <span class='ocrx_word' id='word_1_311' title='bbox 3217 2501 3312 2556; x_wconf 73' lang='grc' dir='ltr'><strong>καὶ</strong></span> <span class='ocrx_word' id='word_1_312' title='bbox 3359 2500 3593 2570; x_wconf 76' lang='grc' dir='ltr'>ἠρεμεῖν</span> 
     </span>
    </p>
   </div>
   <div class='ocr_carea' id='block_1_46' title="bbox 324 2589 1896 2665">
    <p class='ocr_par' dir='ltr' id='par_1_46' title="bbox 324 2591 1896 2664">
     <span class='ocr_line' id='line_1_46' title="bbox 324 2591 1896 2664; baseline 0.001 -17"><span class='ocrx_word' id='word_1_313' title='bbox 324 2604 437 2650; x_wconf 85' lang='lat' dir='ltr'><strong>tum</strong></span> <span class='ocrx_word' id='word_1_314' title='bbox 465 2592 753 2648; x_wconf 80' lang='lat' dir='ltr'><strong>manifesta</strong></span> <span class='ocrx_word' id='word_1_315' title='bbox 790 2592 947 2658; x_wconf 90' lang='lat' dir='ltr'><strong>ﬁunt,</strong></span> <span class='ocrx_word' id='word_1_316' title='bbox 980 2601 1034 2648; x_wconf 91' lang='lat' dir='ltr'><strong>et</strong></span> <span class='ocrx_word' id='word_1_317' title='bbox 1075 2591 1238 2664; x_wconf 77' lang='lat'><strong>106</strong></span> <span class='ocrx_word' id='word_1_318' title='bbox 1262 2592 1416 2661; x_wconf 89' lang='lat' dir='ltr'><strong>quasi</strong></span> <span class='ocrx_word' id='word_1_319' title='bbox 1449 2592 1680 2649; x_wconf 82' lang='lat' dir='ltr'><strong>revelari</strong></span> <span class='ocrx_word' id='word_1_320' title='bbox 1713 2593 1896 2648; x_wconf 89' lang='lat' dir='ltr'><strong>viden-</strong></span> 
     </span>
    </p>
   </div>
   <div class='ocr_carea' id='block_1_47' title="bbox 2017 2589 3589 2665">
    <p class='ocr_par' dir='ltr' id='par_1_47' title="bbox 2017 2589 3589 2665">
     <span class='ocr_line' id='line_1_47' title="bbox 2017 2589 3589 2665; baseline -0.004 -16"><span class='ocrx_word' id='word_1_321' title='bbox 2017 2596 2103 2649; x_wconf 74' lang='grc' dir='ltr'>ιὺκ</span> <span class='ocrx_word' id='word_1_322' title='bbox 2146 2593 2502 2665; x_wconf 80' lang='grc' dir='ltr'>ἀνεχομένου,</span> <span class='ocrx_word' id='word_1_323' title='bbox 2535 2591 2721 2646; x_wconf 86' lang='grc' dir='ltr'>λοιπόν</span> <span class='ocrx_word' id='word_1_324' title='bbox 2753 2591 2904 2646; x_wconf 88' lang='grc' dir='ltr'>ἐστιν</span> <span class='ocrx_word' id='word_1_325' title='bbox 2953 2591 3196 2662; x_wconf 79' lang='grc' dir='ltr'>ἐναργῆ,</span> <span class='ocrx_word' id='word_1_326' title='bbox 3240 2589 3336 2644; x_wconf 78' lang='grc' dir='ltr'>καὶ</span> <span class='ocrx_word' id='word_1_327' title='bbox 3375 2591 3589 2644; x_wconf 81' lang='grc' dir='ltr'>ἀποκα-</span> 
     </span>
    </p>
   </div>
   <div class='ocr_carea' id='block_1_48' title="bbox 322 2682 1894 2758">
    <p class='ocr_par' dir='ltr' id='par_1_48' title="bbox 322 2682 1894 2752">
     <span class='ocr_line' id='line_1_48' title="bbox 322 2682 1894 2752; baseline 0 -13"><span class='ocrx_word' id='word_1_328' title='bbox 322 2694 436 2752; x_wconf 89' lang='lat' dir='ltr'><strong>tur,</strong></span> <span class='ocrx_word' id='word_1_329' title='bbox 469 2693 523 2740; x_wconf 88' lang='lat' dir='ltr'><strong>et</strong></span> <span class='ocrx_word' id='word_1_330' title='bbox 547 2691 754 2738; x_wconf 88' lang='lat' dir='ltr'><strong>tantum</strong></span> <span class='ocrx_word' id='word_1_331' title='bbox 793 2698 902 2738; x_wconf 87' lang='lat' dir='ltr'><strong>non</strong></span> <span class='ocrx_word' id='word_1_332' title='bbox 945 2682 1000 2738; x_wconf 91' lang='lat' dir='ltr'><strong>in</strong></span> <span class='ocrx_word' id='word_1_333' title='bbox 1044 2685 1282 2738; x_wconf 88' lang='lat' dir='ltr'><strong>medium</strong></span> <span class='ocrx_word' id='word_1_334' title='bbox 1323 2682 1612 2752; x_wconf 88' lang='lat' dir='ltr'><strong>producta.</strong></span> <span class='ocrx_word' id='word_1_335' title='bbox 1654 2686 1894 2740; x_wconf 85' lang='lat' dir='ltr'><strong>omnium</strong></span> 
     </span>
    </p>
   </div>
   <div class='ocr_carea' id='block_1_49' title="bbox 2020 2682 3592 2758">
    <p class='ocr_par' dir='ltr' id='par_1_49' title="bbox 2020 2682 3592 2758">
     <span class='ocr_line' id='line_1_49' title="bbox 2020 2682 3592 2758; baseline -0.003 -16"><span class='ocrx_word' id='word_1_336' title='bbox 2020 2687 2299 2744; x_wconf 68' lang='grc' dir='ltr'>ιύπτεσοαί</span> <span class='ocrx_word' id='word_1_337' title='bbox 2325 2703 2441 2750; x_wconf 88' lang='grc' dir='ltr'><strong>πως</strong></span> <span class='ocrx_word' id='word_1_338' title='bbox 2465 2686 2568 2757; x_wconf 68' lang='grc' dir='ltr'><strong>ἤδη</strong></span> <span class='ocrx_word' id='word_1_339' title='bbox 2589 2686 2755 2752; x_wconf 86' lang='grc' dir='ltr'>δοκεῖ,</span> <span class='ocrx_word' id='word_1_340' title='bbox 2783 2686 2944 2758; x_wconf 91' lang='grc' dir='ltr'>μόνον</span> <span class='ocrx_word' id='word_1_341' title='bbox 2967 2685 3023 2738; x_wconf 81' lang='grc' dir='ltr'><strong>δὲ</strong></span> <span class='ocrx_word' id='word_1_342' title='bbox 3049 2683 3171 2755; x_wconf 80' lang='grc' dir='ltr'>οὐχὶ</span> <span class='ocrx_word' id='word_1_343' title='bbox 3195 2684 3288 2738; x_wconf 63' lang='grc' dir='ltr'><strong>καί⁵</strong></span> <span class='ocrx_word' id='word_1_344' title='bbox 3313 2684 3394 2747; x_wconf 82' lang='grc' dir='ltr'><strong>είς</strong></span> <span class='ocrx_word' id='word_1_345' title='bbox 3427 2682 3592 2753; x_wconf 77' lang='grc' dir='ltr'>μέσον</span> 
     </span>
    </p>
   </div>
   <div class='ocr_carea' id='block_1_50' title="bbox 323 2774 1895 2850">
    <p class='ocr_par' dir='ltr' id='par_1_50' title="bbox 323 2774 1895 2846">
     <span class='ocr_line' id='line_1_50' title="bbox 323 2774 1895 2846; baseline 0 -14"><span class='ocrx_word' id='word_1_346' title='bbox 323 2775 501 2832; x_wconf 75' lang='lat' dir='ltr'><strong>oculis</strong></span> <span class='ocrx_word' id='word_1_347' title='bbox 527 2776 963 2846; x_wconf 88' lang='lat' dir='ltr'><strong>conspiciuntur.</strong></span> <span class='ocrx_word' id='word_1_348' title='bbox 999 2774 1132 2829; x_wconf 86' lang='lat' dir='ltr'><strong>Tale</strong></span> <span class='ocrx_word' id='word_1_349' title='bbox 1157 2783 1212 2830; x_wconf 92' lang='lat' dir='ltr'><strong>et</strong></span> <span class='ocrx_word' id='word_1_350' title='bbox 1242 2789 1386 2830; x_wconf 92' lang='lat' dir='ltr'><strong>nunc</strong></span> <span class='ocrx_word' id='word_1_351' title='bbox 1416 2774 1674 2844; x_wconf 85' lang='lat' dir='ltr'><strong>Ephraim</strong></span> <span class='ocrx_word' id='word_1_352' title='bbox 1713 2786 1769 2832; x_wconf 92' lang='lat' dir='ltr'><strong>et</strong></span> <span class='ocrx_word' id='word_1_353' title='bbox 1797 2776 1895 2832; x_wconf 86' lang='lat' dir='ltr'><strong>Sa-</strong></span> 
     </span>
    </p>
   </div>
   <div class='ocr_carea' id='block_1_51' title="bbox 2015 2774 3587 2850">
    <p class='ocr_par' dir='ltr' id='par_1_51' title="bbox 2015 2775 3587 2850">
     <span class='ocr_line' id='line_1_51' title="bbox 2015 2775 3587 2850; baseline -0.004 -16"><span class='ocrx_word' id='word_1_354' title='bbox 2015 2779 2250 2850; x_wconf 65' lang='grc' dir='ltr'>ἰιγμένα,</span> <span class='ocrx_word' id='word_1_355' title='bbox 2303 2781 2416 2842; x_wconf 86' lang='grc' dir='ltr'>τοῖς</span> <span class='ocrx_word' id='word_1_356' title='bbox 2478 2778 2732 2833; x_wconf 81' lang='grc' dir='ltr'>ἁπάντων</span> <span class='ocrx_word' id='word_1_357' title='bbox 2783 2779 3082 2849; x_wconf 80' lang='grc' dir='ltr'>ὀφθαλμοῖς</span> <span class='ocrx_word' id='word_1_358' title='bbox 3134 2776 3368 2848; x_wconf 81' lang='grc' dir='ltr'>ὁρᾶσθαι</span> <span class='ocrx_word' id='word_1_359' title='bbox 3423 2775 3587 2844; x_wconf 80' lang='grc' dir='ltr'>φιλεῖ,</span> 
     </span>
    </p>
   </div>
   <div class='ocr_carea' id='block_1_52' title="bbox 321 2865 1893 2943">
    <p class='ocr_par' dir='ltr' id='par_1_52' title="bbox 321 2865 1893 2940">
     <span class='ocr_line' id='line_1_52' title="bbox 321 2865 1893 2940; baseline 0.003 -19"><span class='ocrx_word' id='word_1_360' title='bbox 321 2869 508 2924; x_wconf 67' lang='lat' dir='ltr'><strong>marite</strong></span> <span class='ocrx_word' id='word_1_361' title='bbox 556 2867 796 2924; x_wconf 75' lang='lat' dir='ltr'><strong>futurum</strong></span> <span class='ocrx_word' id='word_1_362' title='bbox 843 2867 1097 2922; x_wconf 82' lang='lat' dir='ltr'><strong>aﬁirmat.</strong></span> <span class='ocrx_word' id='word_1_363' title='bbox 1147 2865 1215 2923; x_wconf 86' lang='lat' dir='ltr'><strong>Et</strong></span> <span class='ocrx_word' id='word_1_364' title='bbox 1249 2867 1511 2937; x_wconf 87' lang='lat' dir='ltr'><strong>Ephraim</strong></span> <span class='ocrx_word' id='word_1_365' title='bbox 1555 2868 1772 2940; x_wconf 87' lang='lat' dir='ltr'><strong>quidem</strong></span> <span class='ocrx_word' id='word_1_366' title='bbox 1802 2884 1893 2925; x_wconf 92' lang='lat' dir='ltr'><strong>no-</strong></span> 
     </span>
    </p>
   </div>
   <div class='ocr_carea' id='block_1_53' title="bbox 2021 2865 3593 2943">
    <p class='ocr_par' dir='ltr' id='par_1_53' title="bbox 2021 2866 3593 2943">
     <span class='ocr_line' id='line_1_53' title="bbox 2021 2866 3593 2943; baseline -0.006 -16"><span class='ocrx_word' id='word_1_367' title='bbox 2021 2872 2171 2927; x_wconf 82' lang='grc' dir='ltr'>Γοῦτο</span> <span class='ocrx_word' id='word_1_368' title='bbox 2201 2873 2296 2926; x_wconf 74' lang='grc' dir='ltr'>καὶ</span> <span class='ocrx_word' id='word_1_369' title='bbox 2339 2872 2435 2926; x_wconf 77' lang='grc' dir='ltr'>νῦν</span> <span class='ocrx_word' id='word_1_370' title='bbox 2486 2871 2706 2926; x_wconf 77' lang='grc' dir='ltr'>ἔσεσθαί</span> <span class='ocrx_word' id='word_1_371' title='bbox 2740 2889 2875 2943; x_wconf 83' lang='grc' dir='ltr'>φησι</span> <span class='ocrx_word' id='word_1_372' title='bbox 2916 2870 3058 2924; x_wconf 78' lang='grc' dir='ltr'>κατὰ</span> <span class='ocrx_word' id='word_1_373' title='bbox 3093 2870 3188 2925; x_wconf 82' lang='grc' dir='ltr'>τοῦ</span> <span class='ocrx_word' id='word_1_374' title='bbox 3229 2867 3470 2940; x_wconf 76' lang='grc' dir='ltr'>Ἔφραῖμ</span> <span class='ocrx_word' id='word_1_375' title='bbox 3499 2866 3593 2919; x_wconf 78' lang='grc' dir='ltr'>καὶ</span> 
     </span>
    </p>
   </div>
   <div class='ocr_carea' id='block_1_54' title="bbox 321 2956 1893 3034">
    <p class='ocr_par' dir='ltr' id='par_1_54' title="bbox 321 2956 1893 3029">
     <span class='ocr_line' id='line_1_54' title="bbox 321 2956 1893 3029; baseline 0.001 -16"><span class='ocrx_word' id='word_1_376' title='bbox 321 2959 470 3015; x_wconf 85' lang='lat' dir='ltr'><strong>mine</strong></span> <span class='ocrx_word' id='word_1_377' title='bbox 504 2959 607 3014; x_wconf 91' lang='lat' dir='ltr'><strong>hoc</strong></span> <span class='ocrx_word' id='word_1_378' title='bbox 652 2958 773 3014; x_wconf 90' lang='lat' dir='ltr'><strong>loco</strong></span> <span class='ocrx_word' id='word_1_379' title='bbox 803 2958 1010 3029; x_wconf 87' lang='lat' dir='ltr'><strong>regiam</strong></span> <span class='ocrx_word' id='word_1_380' title='bbox 1043 2959 1095 3012; x_wconf 92' lang='lat' dir='ltr'><strong>in</strong></span> <span class='ocrx_word' id='word_1_381' title='bbox 1127 2956 1372 3012; x_wconf 85' lang='lat' dir='ltr'><strong>Samaria</strong></span> <span class='ocrx_word' id='word_1_382' title='bbox 1407 2957 1604 3014; x_wconf 89' lang='lat' dir='ltr'><strong>tribum</strong></span> <span class='ocrx_word' id='word_1_383' title='bbox 1635 2959 1893 3027; x_wconf 89' lang='lat' dir='ltr'><strong>accipies,</strong></span> 
     </span>
    </p>
   </div>
   <div class='ocr_carea' id='block_1_55' title="bbox 2019 2956 3591 3034">
    <p class='ocr_par' dir='ltr' id='par_1_55' title="bbox 2019 2959 3591 3034">
     <span class='ocr_line' id='line_1_55' title="bbox 2019 2959 3591 3034; baseline -0.004 -18"><span class='ocrx_word' id='word_1_384' title='bbox 2019 2963 2104 3034; x_wconf 68' lang='grc' dir='ltr'><strong>τῆς</strong></span> <span class='ocrx_word' id='word_1_385' title='bbox 2133 2961 2466 3034; x_wconf 85' lang='grc' dir='ltr'>Σαμαρείας.</span> <span class='ocrx_word' id='word_1_386' title='bbox 2493 2964 2605 3018; x_wconf 83' lang='grc' dir='ltr'><strong>Καὶ</strong></span> <span class='ocrx_word' id='word_1_387' title='bbox 2632 2962 2723 3016; x_wconf 82' lang='grc' dir='ltr'><strong>τὸν</strong></span> <span class='ocrx_word' id='word_1_388' title='bbox 2751 2963 2850 3033; x_wconf 83' lang='grc' dir='ltr'>μὲν</span> <span class='ocrx_word' id='word_1_389' title='bbox 2881 2960 3121 3033; x_wconf 86' lang='grc' dir='ltr'>Ἐφραῒμ</span> <span class='ocrx_word' id='word_1_390' title='bbox 3153 2959 3342 3018; x_wconf 83' lang='grc' dir='ltr'>ἐνθάδε</span> <span class='ocrx_word' id='word_1_391' title='bbox 3377 2959 3591 3030; x_wconf 78' lang='grc' dir='ltr'>νοήσεις</span> 
     </span>
    </p>
   </div>
   <div class='ocr_carea' id='block_1_56' title="bbox 319 3046 1891 3126">
    <p class='ocr_par' dir='ltr' id='par_1_56' title="bbox 319 3048 1891 3122">
     <span class='ocr_line' id='line_1_56' title="bbox 319 3048 1891 3122; baseline 0.001 -18"><span class='ocrx_word' id='word_1_392' title='bbox 319 3064 386 3106; x_wconf 78' lang='grc' dir='ltr'>οι</span> <span class='ocrx_word' id='word_1_393' title='bbox 414 3065 521 3122; x_wconf 88' lang='lat' dir='ltr'><strong>qua</strong></span> <span class='ocrx_word' id='word_1_394' title='bbox 553 3050 659 3106; x_wconf 88' lang='lat' dir='ltr'><strong>orti</strong></span> <span class='ocrx_word' id='word_1_395' title='bbox 701 3048 1014 3116; x_wconf 84' lang='lat' dir='ltr'><strong>Jerohoam,</strong></span> <span class='ocrx_word' id='word_1_396' title='bbox 1048 3059 1104 3106; x_wconf 90' lang='lat' dir='ltr'><strong>et</strong></span> <span class='ocrx_word' id='word_1_397' title='bbox 1137 3064 1484 3106; x_wconf 88' lang='lat' dir='ltr'><strong>successores</strong></span> <span class='ocrx_word' id='word_1_398' title='bbox 1522 3050 1672 3118; x_wconf 86' lang='lat' dir='ltr'><strong>ejus;</strong></span> <span class='ocrx_word' id='word_1_399' title='bbox 1705 3049 1891 3106; x_wconf 89' lang='lat' dir='ltr'><strong>Sama-</strong></span> 
     </span>
    </p>
   </div>
   <div class='ocr_carea' id='block_1_57' title="bbox 2019 3046 3591 3126">
    <p class='ocr_par' dir='ltr' id='par_1_57' title="bbox 2019 3046 3591 3126">
     <span class='ocr_line' id='line_1_57' title="bbox 2019 3046 3591 3126; baseline -0.003 -20"><span class='ocrx_word' id='word_1_400' title='bbox 2019 3054 2100 3124; x_wconf 75' lang='grc' dir='ltr'><strong>τὴν</strong></span> <span class='ocrx_word' id='word_1_401' title='bbox 2133 3055 2193 3106; x_wconf 87' lang='grc' dir='ltr'><strong>ἐν</strong></span> <span class='ocrx_word' id='word_1_402' title='bbox 2226 3055 2293 3126; x_wconf 79' lang='grc' dir='ltr'>τῇ</span> <span class='ocrx_word' id='word_1_403' title='bbox 2335 3051 2618 3125; x_wconf 80' lang='grc' dir='ltr'>Σαμαρείᾳ</span> <span class='ocrx_word' id='word_1_404' title='bbox 2647 3052 2895 3124; x_wconf 83' lang='grc' dir='ltr'>βασιλίδα</span> <span class='ocrx_word' id='word_1_405' title='bbox 2936 3051 3129 3123; x_wconf 81' lang='grc' dir='ltr'>φυλὴν,</span> <span class='ocrx_word' id='word_1_406' title='bbox 3171 3050 3232 3118; x_wconf 81' lang='grc' dir='ltr'><strong>ἐξ</strong></span> <span class='ocrx_word' id='word_1_407' title='bbox 3257 3046 3326 3124; x_wconf 69' lang='grc' dir='ltr'><strong>ἧς</strong></span> <span class='ocrx_word' id='word_1_408' title='bbox 3369 3051 3591 3118; x_wconf 84' lang='grc' dir='ltr'>γέγονεν</span> 
     </span>
    </p>
   </div>
   <div class='ocr_carea' id='block_1_58' title="bbox 319 3140 1891 3216">
    <p class='ocr_par' dir='ltr' id='par_1_58' title="bbox 319 3140 1891 3213">
     <span class='ocr_line' id='line_1_58' title="bbox 319 3140 1891 3213; baseline -0.002 -14"><span class='ocrx_word' id='word_1_409' title='bbox 319 3143 413 3199; x_wconf 53' lang='lat' dir='ltr'><strong>rite</strong></span> <span class='ocrx_word' id='word_1_410' title='bbox 459 3151 640 3200; x_wconf 84' lang='lat' dir='ltr'><strong>autem</strong></span> <span class='ocrx_word' id='word_1_411' title='bbox 689 3144 959 3200; x_wconf 90' lang='lat' dir='ltr'><strong>vocabulo</strong></span> <span class='ocrx_word' id='word_1_412' title='bbox 1003 3142 1094 3213; x_wconf 92' lang='lat' dir='ltr'><strong>qui</strong></span> <span class='ocrx_word' id='word_1_413' title='bbox 1127 3143 1343 3197; x_wconf 74' lang='lat' dir='ltr'><strong>luerunt</strong></span> <span class='ocrx_word' id='word_1_414' title='bbox 1388 3141 1443 3198; x_wconf 90' lang='lat' dir='ltr'><strong>in</strong></span> <span class='ocrx_word' id='word_1_415' title='bbox 1481 3140 1755 3211; x_wconf 89' lang='lat' dir='ltr'><strong>Samaria,</strong></span> <span class='ocrx_word' id='word_1_416' title='bbox 1794 3143 1891 3198; x_wconf 78' lang='lat' dir='ltr'><strong>hoc</strong></span> 
     </span>
    </p>
   </div>
   <div class='ocr_carea' id='block_1_59' title="bbox 2019 3140 3591 3216">
    <p class='ocr_par' dir='ltr' id='par_1_59' title="bbox 2019 3141 3591 3216">
     <span class='ocr_line' id='line_1_59' title="bbox 2019 3141 3591 3216; baseline -0.004 -17"><span class='ocrx_word' id='word_1_417' title='bbox 2019 3143 2316 3216; x_wconf 78' lang='grc' dir='ltr'>Ἰεροϐοὰμ,</span> <span class='ocrx_word' id='word_1_418' title='bbox 2345 3147 2439 3198; x_wconf 60' lang='grc' dir='ltr'><strong>καὶ⁵</strong></span> <span class='ocrx_word' id='word_1_419' title='bbox 2464 3145 2514 3202; x_wconf 74' lang='lat' dir='ltr'><strong>of.</strong></span> <span class='ocrx_word' id='word_1_420' title='bbox 2543 3143 2665 3199; x_wconf 83' lang='grc' dir='ltr'>καθ’</span> <span class='ocrx_word' id='word_1_421' title='bbox 2689 3143 2835 3214; x_wconf 60' lang='grc' dir='ltr'>ἑξῆς</span> <span class='ocrx_word' id='word_1_422' title='bbox 2859 3144 3169 3215; x_wconf 77' lang='grc' dir='ltr'>Σαμάρειαν</span> <span class='ocrx_word' id='word_1_423' title='bbox 3195 3141 3252 3196; x_wconf 81' lang='grc' dir='ltr'>δὲ</span> <span class='ocrx_word' id='word_1_424' title='bbox 3283 3141 3408 3205; x_wconf 77' lang='grc' dir='ltr'>τοὺς</span> <span class='ocrx_word' id='word_1_425' title='bbox 3433 3142 3492 3194; x_wconf 85' lang='grc' dir='ltr'><strong>ἐν</strong></span> <span class='ocrx_word' id='word_1_426' title='bbox 3520 3142 3591 3215; x_wconf 78' lang='grc' dir='ltr'>τῇ</span> 
     </span>
    </p>
   </div>
   <div class='ocr_carea' id='block_1_60' title="bbox 315 3201 1887 3308">
    <p class='ocr_par' dir='ltr' id='par_1_60' title="bbox 315 3201 1887 3305">
     <span class='ocr_line' id='line_1_60' title="bbox 315 3201 1887 3305; baseline -0.003 -13"><span class='ocrx_word' id='word_1_427' title='bbox 315 3244 439 3304; x_wconf 86' lang='lat' dir='ltr'><strong>est,</strong></span> <span class='ocrx_word' id='word_1_428' title='bbox 481 3235 671 3292; x_wconf 88' lang='lat' dir='ltr'><strong>decem</strong></span> <span class='ocrx_word' id='word_1_429' title='bbox 718 3236 914 3291; x_wconf 88' lang='lat' dir='ltr'><strong>tribus.</strong></span> <span class='ocrx_word' id='word_1_430' title='bbox 962 3201 1286 3290; x_wconf 76' lang='lat' dir='ltr'><strong>Revelatum</strong></span> <span class='ocrx_word' id='word_1_431' title='bbox 1335 3248 1498 3305; x_wconf 88' lang='lat' dir='ltr'><strong>porro</strong></span> <span class='ocrx_word' id='word_1_432' title='bbox 1549 3233 1615 3289; x_wconf 89' lang='lat' dir='ltr'><strong>iri</strong></span> <span class='ocrx_word' id='word_1_433' title='bbox 1675 3201 1887 3304; x_wconf 74' lang='lat' dir='ltr'><strong>peccatu</strong></span> 
     </span>
    </p>
   </div>
   <div class='ocr_carea' id='block_1_61' title="bbox 2017 3201 3589 3308">
    <p class='ocr_par' dir='ltr' id='par_1_61' title="bbox 2017 3201 3589 3308">
     <span class='ocr_line' id='line_1_61' title="bbox 2017 3201 3589 3308; baseline -0.003 -18"><span class='ocrx_word' id='word_1_434' title='bbox 2017 3201 2315 3308; x_wconf 59' lang='grc' dir='ltr'>Σαμαρείᾇ,</span> <span class='ocrx_word' id='word_1_435' title='bbox 2334 3236 2600 3301; x_wconf 83' lang='grc' dir='ltr'>τουτέστι,</span> <span class='ocrx_word' id='word_1_436' title='bbox 2632 3201 2748 3302; x_wconf 44' lang='grc' dir='ltr'>τὰς.</span> <span class='ocrx_word' id='word_1_437' title='bbox 2773 3201 2908 3289; x_wconf 69' lang='grc' dir='ltr'>δέκα</span> <span class='ocrx_word' id='word_1_438' title='bbox 2940 3201 3140 3306; x_wconf 69' lang='grc' dir='ltr'>φυλάς.</span> <span class='ocrx_word' id='word_1_439' title='bbox 3177 3201 3589 3302; x_wconf 63' lang='grc' dir='ltr'><strong>’ΔποκαλυφϐήΞ</strong></span> 
     </span>
    </p>
   </div>
   <div class='ocr_carea' id='block_1_62' title="bbox 315 3323 1887 3398">
    <p class='ocr_par' dir='ltr' id='par_1_62' title="bbox 315 3323 1887 3398">
     <span class='ocr_line' id='line_1_62' title="bbox 315 3323 1887 3398; baseline -0.004 -14"><span class='ocrx_word' id='word_1_440' title='bbox 315 3341 505 3385; x_wconf 84' lang='lat' dir='ltr'><strong>eorum</strong></span> <span class='ocrx_word' id='word_1_441' title='bbox 540 3326 672 3382; x_wconf 88' lang='lat' dir='ltr'><strong>dicit</strong></span> <span class='ocrx_word' id='word_1_442' title='bbox 719 3335 944 3398; x_wconf 82' lang='lat' dir='ltr'><strong>prepter</strong></span> <span class='ocrx_word' id='word_1_443' title='bbox 971 3340 1166 3381; x_wconf 81' lang='lat' dir='ltr'><strong>causas</strong></span> <span class='ocrx_word' id='word_1_444' title='bbox 1209 3323 1630 3394; x_wconf 84' lang='lat' dir='ltr'><strong>hujuscemodi;</strong></span> <span class='ocrx_word' id='word_1_445' title='bbox 1671 3324 1800 3396; x_wconf 88' lang='lat' dir='ltr'><strong>quia</strong></span> <span class='ocrx_word' id='word_1_446' title='bbox 1845 3335 1887 3380; x_wconf 79' lang='lat' dir='ltr'><strong>el</strong></span> 
     </span>
    </p>
   </div>
   <div class='ocr_carea' id='block_1_63' title="bbox 2018 3323 3590 3398">
    <p class='ocr_par' dir='ltr' id='par_1_63' title="bbox 2018 3323 3590 3398">
     <span class='ocr_line' id='line_1_63' title="bbox 2018 3323 3590 3398; baseline -0.003 -16"><span class='ocrx_word' id='word_1_447' title='bbox 2018 3329 2190 3382; x_wconf 85' lang='grc' dir='ltr'>ιεσθαι</span> <span class='ocrx_word' id='word_1_448' title='bbox 2222 3328 2281 3382; x_wconf 87' lang='grc' dir='ltr'><strong>δέ</strong></span> <span class='ocrx_word' id='word_1_449' title='bbox 2321 3345 2456 3398; x_wconf 85' lang='grc' dir='ltr'>φησι</span> <span class='ocrx_word' id='word_1_450' title='bbox 2504 3325 2604 3392; x_wconf 81' lang='grc' dir='ltr'>τὰς</span> <span class='ocrx_word' id='word_1_451' title='bbox 2657 3325 2933 3398; x_wconf 80' lang='grc' dir='ltr'>ἁμαρτίας</span> <span class='ocrx_word' id='word_1_452' title='bbox 2977 3324 3178 3391; x_wconf 83' lang='grc' dir='ltr'>αὐτῶν,</span> <span class='ocrx_word' id='word_1_453' title='bbox 3235 3325 3324 3381; x_wconf 80' lang='grc' dir='ltr'><strong>διὰ</strong></span> <span class='ocrx_word' id='word_1_454' title='bbox 3374 3323 3590 3384; x_wconf 78' lang='grc' dir='ltr'>τοιάσδε</span> 
     </span>
    </p>
   </div>
   <div class='ocr_carea' id='block_1_64' title="bbox 319 3415 1891 3491">
    <p class='ocr_par' dir='ltr' id='par_1_64' title="bbox 319 3416 1891 3490">
     <span class='ocr_line' id='line_1_64' title="bbox 319 3416 1891 3490; baseline -0.003 -13"><span class='ocrx_word' id='word_1_455' title='bbox 319 3419 530 3490; x_wconf 84' lang='lat' dir='ltr'><strong>operati</strong></span> <span class='ocrx_word' id='word_1_456' title='bbox 576 3427 703 3474; x_wconf 89' lang='lat' dir='ltr'><strong>sunt</strong></span> <span class='ocrx_word' id='word_1_457' title='bbox 744 3418 1110 3483; x_wconf 86' lang='lat' dir='ltr'><strong>mendacium,</strong></span> <span class='ocrx_word' id='word_1_458' title='bbox 1153 3416 1356 3489; x_wconf 83' lang='lat' dir='ltr'><strong>algenti</strong></span> <span class='ocrx_word' id='word_1_459' title='bbox 1399 3425 1456 3472; x_wconf 92' lang='lat' dir='ltr'><strong>et</strong></span> <span class='ocrx_word' id='word_1_460' title='bbox 1508 3416 1620 3485; x_wconf 83' lang='lat' dir='ltr'><strong>jam</strong></span> <span class='ocrx_word' id='word_1_461' title='bbox 1663 3417 1891 3472; x_wconf 70' lang='lat' dir='ltr'><strong>rancida</strong></span> 
     </span>
    </p>
   </div>
   <div class='ocr_carea' id='block_1_65' title="bbox 2016 3415 3588 3491">
    <p class='ocr_par' dir='ltr' id='par_1_65' title="bbox 2016 3415 3588 3491">
     <span class='ocr_line' id='line_1_65' title="bbox 2016 3415 3588 3491; baseline 0 -17"><span class='ocrx_word' id='word_1_462' title='bbox 2016 3419 2155 3484; x_wconf 64' lang='grc' dir='ltr'>τινὰς</span> <span class='ocrx_word' id='word_1_463' title='bbox 2196 3418 2395 3485; x_wconf 89' lang='grc' dir='ltr'>αἰτίας,</span> <span class='ocrx_word' id='word_1_464' title='bbox 2425 3421 2512 3474; x_wconf 81' lang='grc' dir='ltr'><strong>ὅτι</strong></span> <span class='ocrx_word' id='word_1_465' title='bbox 2549 3419 2645 3474; x_wconf 73' lang='grc' dir='ltr'><strong>καὶ</strong></span> <span class='ocrx_word' id='word_1_466' title='bbox 2686 3418 3010 3491; x_wconf 68' lang='grc' dir='ltr'>εἰργάσαντο</span> <span class='ocrx_word' id='word_1_467' title='bbox 3047 3415 3240 3488; x_wconf 72' lang='grc' dir='ltr'>ψευδῆ,</span> <span class='ocrx_word' id='word_1_468' title='bbox 3277 3417 3492 3487; x_wconf 77' lang='grc' dir='ltr'>ψυχράν</span> <span class='ocrx_word' id='word_1_469' title='bbox 3527 3431 3588 3474; x_wconf 70' lang='grc' dir='ltr'><strong>τε</strong></span> 
     </span>
    </p>
   </div>
   <div class='ocr_carea' id='block_1_66' title="bbox 317 3505 1889 3583">
    <p class='ocr_par' dir='ltr' id='par_1_66' title="bbox 317 3507 1889 3574">
     <span class='ocr_line' id='line_1_66' title="bbox 317 3507 1889 3574; baseline -0.001 -11"><span class='ocrx_word' id='word_1_470' title='bbox 317 3510 638 3568; x_wconf 64' lang='lat' dir='ltr'><strong>idololatria</strong></span> <span class='ocrx_word' id='word_1_471' title='bbox 709 3509 895 3574; x_wconf 89' lang='lat' dir='ltr'><strong>dediti,</strong></span> <span class='ocrx_word' id='word_1_472' title='bbox 964 3515 1020 3566; x_wconf 89' lang='lat' dir='ltr'><strong>et</strong></span> <span class='ocrx_word' id='word_1_473' title='bbox 1082 3508 1321 3568; x_wconf 83' lang='lat' dir='ltr'><strong>artiﬁces</strong></span> <span class='ocrx_word' id='word_1_474' title='bbox 1395 3507 1524 3564; x_wconf 81' lang='lat' dir='ltr'><strong>facti</strong></span> <span class='ocrx_word' id='word_1_475' title='bbox 1591 3507 1889 3574; x_wconf 79' lang='lat' dir='ltr'><strong>idolorum1</strong></span> 
     </span>
    </p>
   </div>
   <div class='ocr_carea' id='block_1_67' title="bbox 2021 3505 3593 3583">
    <p class='ocr_par' dir='ltr' id='par_1_67' title="bbox 2021 3505 3593 3583">
     <span class='ocr_line' id='line_1_67' title="bbox 2021 3505 3593 3583; baseline -0.001 -17"><span class='ocrx_word' id='word_1_476' title='bbox 2021 3512 2097 3566; x_wconf 75' lang='grc' dir='ltr'><strong>ιαὶ</strong></span> <span class='ocrx_word' id='word_1_477' title='bbox 2139 3511 2307 3566; x_wconf 78' lang='grc' dir='ltr'>ἐωλον</span> <span class='ocrx_word' id='word_1_478' title='bbox 2339 3511 2594 3583; x_wconf 76' lang='grc' dir='ltr'>λατρείαν</span> <span class='ocrx_word' id='word_1_479' title='bbox 2627 3510 3102 3581; x_wconf 78' lang='grc' dir='ltr'>ἐπιτηδεύσαντες,</span> <span class='ocrx_word' id='word_1_480' title='bbox 3137 3510 3232 3563; x_wconf 78' lang='grc' dir='ltr'><strong>καὶ</strong></span> <span class='ocrx_word' id='word_1_481' title='bbox 3272 3505 3593 3579; x_wconf 70' lang='grc' dir='ltr'>τεχνουργοὶ</span> 
     </span>
    </p>
   </div>
   <div class='ocr_carea' id='block_1_68' title="bbox 315 3597 1887 3672">
    <p class='ocr_par' dir='ltr' id='par_1_68' title="bbox 315 3597 1887 3672">
     <span class='ocr_line' id='line_1_68' title="bbox 315 3597 1887 3672; baseline -0.003 -16"><span class='ocrx_word' id='word_1_482' title='bbox 315 3611 378 3656; x_wconf 85' lang='grc' dir='ltr'><strong>ιιι</strong></span> <span class='ocrx_word' id='word_1_483' title='bbox 448 3601 580 3656; x_wconf 80' lang='lat' dir='ltr'><strong>dixi.</strong></span> <span class='ocrx_word' id='word_1_484' title='bbox 647 3600 713 3656; x_wconf 83' lang='lat' dir='ltr'><strong>Et</strong></span> <span class='ocrx_word' id='word_1_485' title='bbox 768 3601 942 3656; x_wconf 77' lang='lat' dir='ltr'><strong>iurem</strong></span> <span class='ocrx_word' id='word_1_486' title='bbox 1017 3600 1171 3672; x_wconf 89' lang='lat' dir='ltr'><strong>(hoc</strong></span> <span class='ocrx_word' id='word_1_487' title='bbox 1249 3607 1334 3656; x_wconf 90' lang='lat' dir='ltr'><strong>est</strong></span> <span class='ocrx_word' id='word_1_488' title='bbox 1385 3599 1530 3655; x_wconf 87' lang='lat' dir='ltr'><strong>enim</strong></span> <span class='ocrx_word' id='word_1_489' title='bbox 1590 3597 1887 3668; x_wconf 74' lang='lat' dir='ltr'><strong>latronem]</strong></span> 
     </span>
    </p>
   </div>
   <div class='ocr_carea' id='block_1_69' title="bbox 2015 3597 3587 3672">
    <p class='ocr_par' dir='ltr' id='par_1_69' title="bbox 2015 3597 3587 3672">
     <span class='ocr_line' id='line_1_69' title="bbox 2015 3597 3587 3672; baseline -0.003 -18"><span class='ocrx_word' id='word_1_490' title='bbox 2015 3601 2284 3672; x_wconf 66' lang='grc' dir='ltr'>γεγονότες</span> <span class='ocrx_word' id='word_1_491' title='bbox 2310 3600 2569 3667; x_wconf 81' lang='grc' dir='ltr'>εἰδώλων,</span> <span class='ocrx_word' id='word_1_492' title='bbox 2613 3599 2868 3671; x_wconf 79' lang='grc' dir='ltr'>καθάπερ</span> <span class='ocrx_word' id='word_1_493' title='bbox 2895 3599 3052 3670; x_wconf 67' lang='grc' dir='ltr'>ἔφην,</span> <span class='ocrx_word' id='word_1_494' title='bbox 3077 3600 3172 3658; x_wconf 72' lang='grc' dir='ltr'>καὶ</span> <span class='ocrx_word' id='word_1_495' title='bbox 3207 3599 3290 3652; x_wconf 84' lang='grc' dir='ltr'><strong>ὅτι</strong></span> <span class='ocrx_word' id='word_1_496' title='bbox 3323 3597 3587 3666; x_wconf 83' lang='grc' dir='ltr'>κλέπτης,</span> 
     </span>
    </p>
   </div>
   <div class='ocr_carea' id='block_1_70' title="bbox 315 3687 1887 3766">
    <p class='ocr_par' dir='ltr' id='par_1_70' title="bbox 315 3691 1887 3764">
     <span class='ocr_line' id='line_1_70' title="bbox 315 3691 1887 3764; baseline -0.003 -13"><span class='ocrx_word' id='word_1_497' title='bbox 315 3691 384 3751; x_wconf 82' lang='lat' dir='ltr'><strong>ad</strong></span> <span class='ocrx_word' id='word_1_498' title='bbox 432 3707 526 3748; x_wconf 86' lang='lat' dir='ltr'><strong>eos</strong></span> <span class='ocrx_word' id='word_1_499' title='bbox 585 3692 985 3764; x_wconf 86' lang='lat' dir='ltr'><strong>ingressurum,</strong></span> <span class='ocrx_word' id='word_1_500' title='bbox 1036 3707 1136 3763; x_wconf 93' lang='lat' dir='ltr'><strong>pro</strong></span> <span class='ocrx_word' id='word_1_501' title='bbox 1190 3692 1494 3763; x_wconf 86' lang='lat' dir='ltr'><strong>ingressum</strong></span> <span class='ocrx_word' id='word_1_502' title='bbox 1535 3706 1680 3756; x_wconf 85' lang='lat' dir='ltr'><strong>esse,</strong></span> <span class='ocrx_word' id='word_1_503' title='bbox 1721 3700 1778 3748; x_wconf 91' lang='lat' dir='ltr'><strong>et</strong></span> <span class='ocrx_word' id='word_1_504' title='bbox 1814 3705 1887 3746; x_wconf 89' lang='lat' dir='ltr'><strong>re-</strong></span> 
     </span>
    </p>
   </div>
   <div class='ocr_carea' id='block_1_71' title="bbox 2004 3687 3576 3766">
    <p class='ocr_par' dir='ltr' id='par_1_71' title="bbox 2004 3687 3576 3766">
     <span class='ocr_line' id='line_1_71' title="bbox 2004 3687 3576 3766; baseline -0.004 -19"><span class='ocrx_word' id='word_1_505' title='bbox 2004 3692 2268 3758; x_wconf 86' lang='grc' dir='ltr'>τουτέστι,</span> <span class='ocrx_word' id='word_1_506' title='bbox 2307 3692 2512 3766; x_wconf 77' lang='grc' dir='ltr'>λῃστὴς</span> <span class='ocrx_word' id='word_1_507' title='bbox 2546 3693 2684 3764; x_wconf 77' lang='grc' dir='ltr'>πρὸς</span> <span class='ocrx_word' id='word_1_508' title='bbox 2709 3692 2872 3746; x_wconf 81' lang='grc' dir='ltr'>αὑτὸν</span> <span class='ocrx_word' id='word_1_509' title='bbox 2905 3691 3289 3756; x_wconf 82' lang='grc' dir='ltr'>εἰσελεύσεται,</span> <span class='ocrx_word' id='word_1_510' title='bbox 3314 3689 3436 3744; x_wconf 63' lang='grc' dir='ltr'><strong>ιίιντ)⁸</strong></span> <span class='ocrx_word' id='word_1_511' title='bbox 3456 3687 3576 3752; x_wconf 79' lang='grc' dir='ltr'>τοῦ,</span> 
     </span>
    </p>
   </div>
   <div class='ocr_carea' id='block_1_72' title="bbox 313 3780 1885 3859">
    <p class='ocr_par' dir='ltr' id='par_1_72' title="bbox 313 3786 1885 3859">
     <span class='ocr_line' id='line_1_72' title="bbox 313 3786 1885 3859; baseline 0.004 -21"><span class='ocrx_word' id='word_1_512' title='bbox 313 3786 609 3854; x_wconf 83' lang='lat' dir='ltr'><strong>quievisse,</strong></span> <span class='ocrx_word' id='word_1_513' title='bbox 632 3797 688 3844; x_wconf 90' lang='lat' dir='ltr'><strong>et</strong></span> <span class='ocrx_word' id='word_1_514' title='bbox 708 3789 995 3844; x_wconf 86' lang='lat' dir='ltr'><strong>divertisse</strong></span> <span class='ocrx_word' id='word_1_515' title='bbox 1023 3789 1091 3842; x_wconf 88' lang='lat' dir='ltr'><strong>ad</strong></span> <span class='ocrx_word' id='word_1_516' title='bbox 1125 3788 1276 3842; x_wconf 85' lang='lat' dir='ltr'><strong>illum</strong></span> <span class='ocrx_word' id='word_1_517' title='bbox 1303 3786 1482 3844; x_wconf 77' lang='lat' dir='ltr'><strong>furem</strong></span> <span class='ocrx_word' id='word_1_518' title='bbox 1505 3788 1885 3859; x_wconf 80' lang='lat' dir='ltr'><strong>exspoliantem</strong></span> 
     </span>
    </p>
   </div>
   <div class='ocr_carea' id='block_1_73' title="bbox 2018 3780 3590 3859">
    <p class='ocr_par' dir='ltr' id='par_1_73' title="bbox 2018 3780 3590 3856">
     <span class='ocr_line' id='line_1_73' title="bbox 2018 3780 3590 3856; baseline -0.004 -16"><span class='ocrx_word' id='word_1_519' title='bbox 2018 3786 2245 3856; x_wconf 69' lang='grc' dir='ltr'>εἰσῆλθε,</span> <span class='ocrx_word' id='word_1_520' title='bbox 2291 3786 2386 3839; x_wconf 76' lang='grc' dir='ltr'><strong>καὶ</strong></span> <span class='ocrx_word' id='word_1_521' title='bbox 2424 3786 2793 3853; x_wconf 82' lang='grc' dir='ltr'>ἀνεπαύσατο,</span> <span class='ocrx_word' id='word_1_522' title='bbox 2845 3785 2940 3839; x_wconf 75' lang='grc' dir='ltr'>καὶ</span> <span class='ocrx_word' id='word_1_523' title='bbox 2980 3784 3240 3841; x_wconf 83' lang='grc' dir='ltr'>κατέλυσε</span> <span class='ocrx_word' id='word_1_524' title='bbox 3275 3784 3407 3855; x_wconf 89' lang='grc' dir='ltr'>παρ’</span> <span class='ocrx_word' id='word_1_525' title='bbox 3437 3780 3590 3852; x_wconf 82' lang='grc' dir='ltr'>αὐτῷ</span> 
     </span>
    </p>
   </div>
   <div class='ocr_carea' id='block_1_74' title="bbox 313 3873 1885 3950">
    <p class='ocr_par' dir='ltr' id='par_1_74' title="bbox 313 3876 1885 3950">
     <span class='ocr_line' id='line_1_74' title="bbox 313 3876 1885 3950; baseline 0.002 -18"><span class='ocrx_word' id='word_1_526' title='bbox 313 3876 370 3932; x_wconf 87' lang='lat' dir='ltr'><strong>in</strong></span> <span class='ocrx_word' id='word_1_527' title='bbox 405 3877 513 3944; x_wconf 88' lang='lat' dir='ltr'><strong>via,</strong></span> <span class='ocrx_word' id='word_1_528' title='bbox 551 3886 611 3937; x_wconf 88' lang='lat' dir='ltr'><strong>ut</strong></span> <span class='ocrx_word' id='word_1_529' title='bbox 648 3892 717 3936; x_wconf 75' lang='lat' dir='ltr'><strong>ex</strong></span> <span class='ocrx_word' id='word_1_530' title='bbox 760 3879 864 3934; x_wconf 92' lang='lat' dir='ltr'><strong>hoc</strong></span> <span class='ocrx_word' id='word_1_531' title='bbox 891 3885 1176 3948; x_wconf 86' lang='lat' dir='ltr'><strong>appareat,</strong></span> <span class='ocrx_word' id='word_1_532' title='bbox 1208 3879 1406 3950; x_wconf 86' lang='lat' dir='ltr'><strong>inquit,</strong></span> <span class='ocrx_word' id='word_1_533' title='bbox 1439 3893 1533 3934; x_wconf 87' lang='lat' dir='ltr'><strong>eos</strong></span> <span class='ocrx_word' id='word_1_534' title='bbox 1564 3879 1769 3934; x_wconf 86' lang='lat' dir='ltr'><strong>habere</strong></span> <span class='ocrx_word' id='word_1_535' title='bbox 1802 3895 1885 3935; x_wconf 90' lang='lat' dir='ltr'><strong>c0t</strong></span> 
     </span>
    </p>
   </div>
   <div class='ocr_carea' id='block_1_75' title="bbox 2013 3873 3585 3950">
    <p class='ocr_par' dir='ltr' id='par_1_75' title="bbox 2013 3873 3585 3946">
     <span class='ocr_line' id='line_1_75' title="bbox 2013 3873 3585 3946; baseline -0.003 -18"><span class='ocrx_word' id='word_1_536' title='bbox 2013 3875 2262 3946; x_wconf 65' lang='grc' dir='ltr'>κλέπτης,</span> <span class='ocrx_word' id='word_1_537' title='bbox 2292 3874 2624 3929; x_wconf 80' lang='grc' dir='ltr'>ἐκδιδύσκων</span> <span class='ocrx_word' id='word_1_538' title='bbox 2651 3878 2708 3929; x_wconf 88' lang='grc' dir='ltr'><strong>ἐν</strong></span> <span class='ocrx_word' id='word_1_539' title='bbox 2737 3875 2841 3946; x_wconf 82' lang='grc' dir='ltr'><strong>ὀδῷ</strong></span> <span class='ocrx_word' id='word_1_540' title='bbox 2859 3890 2872 3904; x_wconf 77' lang='grc'><strong><em>⁸</em></strong></span> <span class='ocrx_word' id='word_1_541' title='bbox 2904 3875 2970 3930; x_wconf 80' lang='grc' dir='ltr'><strong>ἵν’</strong></span> <span class='ocrx_word' id='word_1_542' title='bbox 2996 3877 3062 3930; x_wconf 87' lang='grc' dir='ltr'><strong>ἐκ</strong></span> <span class='ocrx_word' id='word_1_543' title='bbox 3086 3875 3277 3929; x_wconf 90' lang='grc' dir='ltr'>τούτου</span> <span class='ocrx_word' id='word_1_544' title='bbox 3303 3873 3585 3943; x_wconf 82' lang='grc' dir='ltr'>φαίνηται,</span> 
     </span>
    </p>
   </div>
   <div class='ocr_carea' id='block_1_76' title="bbox 315 3966 1887 4043">
    <p class='ocr_par' dir='ltr' id='par_1_76' title="bbox 315 3970 1887 4043">
     <span class='ocr_line' id='line_1_76' title="bbox 315 3970 1887 4043; baseline -0.001 -17"><span class='ocrx_word' id='word_1_545' title='bbox 315 3983 643 4036; x_wconf 88' lang='lat' dir='ltr'><strong>consonum,</strong></span> <span class='ocrx_word' id='word_1_546' title='bbox 668 3971 991 4041; x_wconf 86' lang='lat' dir='ltr'><strong>conspirans</strong></span> <span class='ocrx_word' id='word_1_547' title='bbox 1021 3970 1292 4038; x_wconf 87' lang='lat' dir='ltr'><strong>videlicet,</strong></span> <span class='ocrx_word' id='word_1_548' title='bbox 1319 3981 1375 4028; x_wconf 92' lang='lat' dir='ltr'><strong>et</strong></span> <span class='ocrx_word' id='word_1_549' title='bbox 1408 3973 1650 4043; x_wconf 87' lang='lat' dir='ltr'><strong>ejusdem</strong></span> <span class='ocrx_word' id='word_1_550' title='bbox 1678 3981 1887 4027; x_wconf 91' lang='lat' dir='ltr'><strong>senten-</strong></span> 
     </span>
    </p>
   </div>
   <div class='ocr_carea' id='block_1_77' title="bbox 2014 3966 3586 4043">
    <p class='ocr_par' dir='ltr' id='par_1_77' title="bbox 2014 3966 3586 4038">
     <span class='ocr_line' id='line_1_77' title="bbox 2014 3966 3586 4038; baseline -0.001 -18"><span class='ocrx_word' id='word_1_551' title='bbox 2014 3966 2186 4038; x_wconf 74' lang='grc' dir='ltr'>ρησίν,</span> <span class='ocrx_word' id='word_1_552' title='bbox 2210 3969 2292 4020; x_wconf 79' lang='grc' dir='ltr'>ὅτι</span> <span class='ocrx_word' id='word_1_553' title='bbox 2324 3967 2652 4038; x_wconf 83' lang='grc' dir='ltr'>συνᾲδουσαν</span> <span class='ocrx_word' id='word_1_554' title='bbox 2681 3967 2865 4038; x_wconf 78' lang='grc' dir='ltr'>ἔχουσι</span> <span class='ocrx_word' id='word_1_555' title='bbox 2891 3967 2990 4036; x_wconf 73' lang='grc' dir='ltr'><strong>τὴν</strong></span> <span class='ocrx_word' id='word_1_556' title='bbox 3017 3968 3270 4038; x_wconf 85' lang='grc' dir='ltr'>καρδίαν,</span> <span class='ocrx_word' id='word_1_557' title='bbox 3296 3966 3586 4038; x_wconf 79' lang='grc' dir='ltr'>σύμφωνον</span> 
     </span>
    </p>
   </div>
   <div class='ocr_carea' id='block_1_78' title="bbox 316 4056 1888 4134">
    <p class='ocr_par' dir='ltr' id='par_1_78' title="bbox 316 4056 1888 4132">
     <span class='ocr_line' id='line_1_78' title="bbox 316 4056 1888 4132; baseline 0.001 -22"><span class='ocrx_word' id='word_1_558' title='bbox 316 4059 424 4114; x_wconf 62' lang='lat' dir='ltr'><strong>tiae.</strong></span> <span class='ocrx_word' id='word_1_559' title='bbox 455 4056 538 4114; x_wconf 88' lang='lat' dir='ltr'><strong>llli</strong></span> <span class='ocrx_word' id='word_1_560' title='bbox 568 4058 713 4114; x_wconf 88' lang='lat' dir='ltr'><strong>enim</strong></span> <span class='ocrx_word' id='word_1_561' title='bbox 737 4057 1167 4132; x_wconf 76' lang='lat' dir='ltr'><strong>Hierosolymam</strong></span> <span class='ocrx_word' id='word_1_562' title='bbox 1201 4063 1500 4117; x_wconf 87' lang='lat' dir='ltr'><strong>ascendere</strong></span> <span class='ocrx_word' id='word_1_563' title='bbox 1536 4061 1781 4116; x_wconf 90' lang='lat' dir='ltr'><strong>volentes</strong></span> <span class='ocrx_word' id='word_1_564' title='bbox 1800 4075 1888 4130; x_wconf 82' lang='lat' dir='ltr'><strong>per</strong></span> 
     </span>
    </p>
   </div>
   <div class='ocr_carea' id='block_1_79' title="bbox 2013 4056 3585 4134">
    <p class='ocr_par' dir='ltr' id='par_1_79' title="bbox 2013 4060 3585 4134">
     <span class='ocr_line' id='line_1_79' title="bbox 2013 4060 3585 4134; baseline -0.001 -19"><span class='ocrx_word' id='word_1_565' title='bbox 2013 4060 2260 4130; x_wconf 70' lang='grc' dir='ltr'>Βηλονότι,</span> <span class='ocrx_word' id='word_1_566' title='bbox 2283 4061 2378 4113; x_wconf 71' lang='grc' dir='ltr'><strong>καὶ</strong></span> <span class='ocrx_word' id='word_1_567' title='bbox 2401 4061 2783 4132; x_wconf 82' lang='grc' dir='ltr'>ὁμογνώμονα.</span> <span class='ocrx_word' id='word_1_568' title='bbox 2803 4063 2864 4115; x_wconf 85' lang='grc' dir='ltr'><strong>Οἱ</strong></span> <span class='ocrx_word' id='word_1_569' title='bbox 2892 4063 2990 4134; x_wconf 81' lang='grc' dir='ltr'>μὲν</span> <span class='ocrx_word' id='word_1_570' title='bbox 3009 4061 3118 4132; x_wconf 86' lang='grc' dir='ltr'>γὰρ</span> <span class='ocrx_word' id='word_1_571' title='bbox 3145 4061 3431 4132; x_wconf 88' lang='grc' dir='ltr'>ἐλῄστευον</span> <span class='ocrx_word' id='word_1_572' title='bbox 3459 4061 3585 4126; x_wconf 83' lang='grc' dir='ltr'>τοὺς</span> 
     </span>
    </p>
   </div>
   <div class='ocr_carea' id='block_1_80' title="bbox 312 4149 1884 4224">
    <p class='ocr_par' dir='ltr' id='par_1_80' title="bbox 312 4150 1884 4224">
     <span class='ocr_line' id='line_1_80' title="bbox 312 4150 1884 4224; baseline 0.001 -20"><span class='ocrx_word' id='word_1_573' title='bbox 312 4150 663 4208; x_wconf 86' lang='lat' dir='ltr'><strong>latrocinium</strong></span> <span class='ocrx_word' id='word_1_574' title='bbox 711 4153 1095 4224; x_wconf 88' lang='lat' dir='ltr'><strong>despoliabant</strong></span> <span class='ocrx_word' id='word_1_575' title='bbox 1125 4174 1137 4211; x_wconf 90' lang='lat'><strong>:</strong></span> <span class='ocrx_word' id='word_1_576' title='bbox 1184 4157 1239 4211; x_wconf 91' lang='lat' dir='ltr'><strong>hi</strong></span> <span class='ocrx_word' id='word_1_577' title='bbox 1271 4170 1395 4210; x_wconf 89' lang='lat' dir='ltr'><strong>cum</strong></span> <span class='ocrx_word' id='word_1_578' title='bbox 1436 4155 1569 4224; x_wconf 89' lang='lat' dir='ltr'><strong>ipsis</strong></span> <span class='ocrx_word' id='word_1_579' title='bbox 1601 4153 1779 4208; x_wconf 88' lang='lat' dir='ltr'><strong>scelus</strong></span> <span class='ocrx_word' id='word_1_580' title='bbox 1815 4151 1884 4206; x_wconf 30' lang='lat' dir='ltr'><strong>dit</strong></span> 
     </span>
    </p>
   </div>
   <div class='ocr_carea' id='block_1_81' title="bbox 2013 4149 3585 4224">
    <p class='ocr_par' dir='ltr' id='par_1_81' title="bbox 2013 4149 3585 4222">
     <span class='ocr_line' id='line_1_81' title="bbox 2013 4149 3585 4222; baseline 0 -20"><span class='ocrx_word' id='word_1_581' title='bbox 2013 4152 2058 4202; x_wconf 75' lang='grc' dir='ltr'><strong>ὲν</strong></span> <span class='ocrx_word' id='word_1_582' title='bbox 2079 4153 2190 4215; x_wconf 80' lang='grc' dir='ltr'>τοῖς</span> <span class='ocrx_word' id='word_1_583' title='bbox 2215 4150 2606 4222; x_wconf 83' lang='grc' dir='ltr'>Ἱεροσολύμοις</span> <span class='ocrx_word' id='word_1_584' title='bbox 2633 4151 2944 4206; x_wconf 79' lang='grc' dir='ltr'>ἀναϐαίνειν</span> <span class='ocrx_word' id='word_1_585' title='bbox 2966 4152 3250 4215; x_wconf 81' lang='grc' dir='ltr'>ἐθέλοντας</span> <span class='ocrx_word' id='word_1_586' title='bbox 3268 4169 3284 4184; x_wconf 80' lang='grc' dir='ltr'><strong>ο</strong></span> <span class='ocrx_word' id='word_1_587' title='bbox 3300 4153 3348 4204; x_wconf 88' lang='grc' dir='ltr'><strong>οἰ</strong></span> <span class='ocrx_word' id='word_1_588' title='bbox 3369 4151 3424 4203; x_wconf 79' lang='grc' dir='ltr'>δὲ</span> <span class='ocrx_word' id='word_1_589' title='bbox 3447 4149 3585 4221; x_wconf 83' lang='grc' dir='ltr'>πρὸς</span> 
     </span>
    </p>
   </div>
   <div class='ocr_carea' id='block_1_82' title="bbox 309 4241 1881 4320">
    <p class='ocr_par' dir='ltr' id='par_1_82' title="bbox 309 4241 1881 4320">
     <span class='ocr_line' id='line_1_82' title="bbox 309 4241 1881 4320; baseline -0.001 -22"><span class='ocrx_word' id='word_1_590' title='bbox 309 4245 610 4311; x_wconf 83' lang='lat' dir='ltr'><strong>videbant,</strong></span> <span class='ocrx_word' id='word_1_591' title='bbox 663 4245 1001 4320; x_wconf 89' lang='lat' dir='ltr'><strong>direptorum</strong></span> <span class='ocrx_word' id='word_1_592' title='bbox 1058 4263 1087 4304; x_wconf 87' lang='lat' dir='ltr'><strong>a</strong></span> <span class='ocrx_word' id='word_1_593' title='bbox 1133 4246 1438 4308; x_wconf 84' lang='lat' dir='ltr'><strong>latronibus</strong></span> <span class='ocrx_word' id='word_1_594' title='bbox 1517 4244 1684 4315; x_wconf 85' lang='lat' dir='ltr'><strong>impie</strong></span> <span class='ocrx_word' id='word_1_595' title='bbox 1730 4241 1881 4314; x_wconf 90' lang='lat' dir='ltr'><strong>parti-</strong></span> 
     </span>
    </p>
   </div>
   <div class='ocr_carea' id='block_1_83' title="bbox 2012 4241 3584 4320">
    <p class='ocr_par' dir='ltr' id='par_1_83' title="bbox 2012 4241 3584 4316">
     <span class='ocr_line' id='line_1_83' title="bbox 2012 4241 3584 4316; baseline -0.003 -21"><span class='ocrx_word' id='word_1_596' title='bbox 2012 4243 2196 4306; x_wconf 72' lang='grc' dir='ltr'>κύτους</span> <span class='ocrx_word' id='word_1_597' title='bbox 2232 4242 2547 4314; x_wconf 79' lang='grc' dir='ltr'>ἐμερίζοντο</span> <span class='ocrx_word' id='word_1_598' title='bbox 2586 4243 2656 4296; x_wconf 79' lang='grc' dir='ltr'>τὰ</span> <span class='ocrx_word' id='word_1_599' title='bbox 2698 4243 3039 4316; x_wconf 81' lang='grc' dir='ltr'>ἐγκλήματα,</span> <span class='ocrx_word' id='word_1_600' title='bbox 3070 4242 3179 4297; x_wconf 84' lang='grc' dir='ltr'>τῶν</span> <span class='ocrx_word' id='word_1_601' title='bbox 3221 4241 3584 4314; x_wconf 61' lang='grc' dir='ltr'>λελῃστευμὲς</span> 
     </span>
    </p>
   </div>
   <div class='ocr_carea' id='block_1_84' title="bbox 311 4332 1883 4409">
    <p class='ocr_par' dir='ltr' id='par_1_84' title="bbox 311 4338 481 4409">
     <span class='ocr_line' id='line_1_84' title="bbox 311 4338 481 4409; baseline 0.006 -17"><span class='ocrx_word' id='word_1_602' title='bbox 311 4338 481 4409; x_wconf 88' lang='lat' dir='ltr'><strong>cipes.</strong></span> 
     </span>
    </p>
   </div>
   <div class='ocr_carea' id='block_1_85' title="bbox 1242 4332 2814 4409">
    <p class='ocr_par' dir='ltr' id='par_1_85' title="bbox 1997 4332 2814 4403">
     <span class='ocr_line' id='line_1_85' title="bbox 1997 4332 2814 4403; baseline -0.001 -16"><span class='ocrx_word' id='word_1_603' title='bbox 1997 4352 2102 4396; x_wconf 85' lang='grc' dir='ltr'><strong>νων</strong></span> <span class='ocrx_word' id='word_1_604' title='bbox 2131 4333 2361 4396; x_wconf 85' lang='grc' dir='ltr'>ἀνοσίως</span> <span class='ocrx_word' id='word_1_605' title='bbox 2395 4332 2814 4403; x_wconf 87' lang='grc' dir='ltr'>μετεσχηκότες.</span> 
     </span>
    </p>
   </div>
   <div class='ocr_carea' id='block_1_86' title="bbox 379 4418 1951 4498">
    <p class='ocr_par' dir='ltr' id='par_1_86' title="bbox 379 4426 1892 4498">
     <span class='ocr_line' id='line_1_86' title="bbox 379 4426 1892 4498; baseline -0.003 -13"><span class='ocrx_word' id='word_1_606' title='bbox 379 4427 701 4486; x_wconf 88' lang='lat' dir='ltr'><strong>Gaudebant</strong></span> <span class='ocrx_word' id='word_1_607' title='bbox 740 4430 905 4486; x_wconf 90' lang='lat' dir='ltr'><strong>etiam</strong></span> <span class='ocrx_word' id='word_1_608' title='bbox 958 4430 1272 4486; x_wconf 73' lang='lat' dir='ltr'><strong>Judaeorum</strong></span> <span class='ocrx_word' id='word_1_609' title='bbox 1314 4428 1480 4485; x_wconf 85' lang='lat' dir='ltr'><strong>duces</strong></span> <span class='ocrx_word' id='word_1_610' title='bbox 1525 4435 1583 4482; x_wconf 88' lang='lat' dir='ltr'><strong>et</strong></span> <span class='ocrx_word' id='word_1_611' title='bbox 1627 4426 1892 4498; x_wconf 85' lang='lat' dir='ltr'><strong>magistri,</strong></span> 
     </span>
    </p>
   </div>
   <div class='ocr_carea' id='block_1_87' title="bbox 2011 4418 3583 4498">
    <p class='ocr_par' dir='ltr' id='par_1_87' title="bbox 2072 4418 3583 4494">
     <span class='ocr_line' id='line_1_87' title="bbox 2072 4418 3583 4494; baseline -0.007 -14"><span class='ocrx_word' id='word_1_612' title='bbox 2072 4422 2330 4494; x_wconf 85' lang='grc' dir='ltr'>Ἕχαιρον</span> <span class='ocrx_word' id='word_1_613' title='bbox 2364 4421 2423 4474; x_wconf 84' lang='grc' dir='ltr'>δὲ</span> <span class='ocrx_word' id='word_1_614' title='bbox 2452 4423 2546 4474; x_wconf 76' lang='grc' dir='ltr'>καὶ</span> <span class='ocrx_word' id='word_1_615' title='bbox 2570 4424 2618 4474; x_wconf 84' lang='grc' dir='ltr'><strong>οἰ</strong></span> <span class='ocrx_word' id='word_1_616' title='bbox 2649 4421 2758 4475; x_wconf 84' lang='grc' dir='ltr'>τῶν</span> <span class='ocrx_word' id='word_1_617' title='bbox 2800 4421 3069 4476; x_wconf 86' lang='grc' dir='ltr'>Ἰουδαίων</span> <span class='ocrx_word' id='word_1_618' title='bbox 3115 4418 3448 4492; x_wconf 68' lang='grc' dir='ltr'>καθηγηταὶ,</span> <span class='ocrx_word' id='word_1_619' title='bbox 3480 4434 3583 4470; x_wconf 88' lang='grc' dir='ltr'>πο-</span> 
     </span>
    </p>
   </div>
   <div class='ocr_carea' id='block_1_88' title="bbox 308 4511 1880 4596">
    <p class='ocr_par' dir='ltr' id='par_1_88' title="bbox 308 4517 1880 4589">
     <span class='ocr_line' id='line_1_88' title="bbox 308 4517 1880 4589; baseline -0.001 -17"><span class='ocrx_word' id='word_1_620' title='bbox 308 4534 434 4575; x_wconf 88' lang='lat' dir='ltr'><strong>cum</strong></span> <span class='ocrx_word' id='word_1_621' title='bbox 459 4521 749 4577; x_wconf 88' lang='lat' dir='ltr'><strong>credentes</strong></span> <span class='ocrx_word' id='word_1_622' title='bbox 777 4522 829 4576; x_wconf 88' lang='lat' dir='ltr'><strong>in</strong></span> <span class='ocrx_word' id='word_1_623' title='bbox 861 4521 1142 4578; x_wconf 86' lang='lat' dir='ltr'><strong>Christum</strong></span> <span class='ocrx_word' id='word_1_624' title='bbox 1178 4517 1390 4574; x_wconf 78' lang='lat' dir='ltr'><strong>nefarie</strong></span> <span class='ocrx_word' id='word_1_625' title='bbox 1424 4526 1880 4589; x_wconf 76' lang='lat' dir='ltr'><strong>oppugnarentur,</strong></span> 
     </span>
    </p>
   </div>
   <div class='ocr_carea' id='block_1_89' title="bbox 2007 4511 3579 4596">
    <p class='ocr_par' dir='ltr' id='par_1_89' title="bbox 2007 4511 3579 4586">
     <span class='ocr_line' id='line_1_89' title="bbox 2007 4511 3579 4586; baseline -0.004 -18"><span class='ocrx_word' id='word_1_626' title='bbox 2007 4515 2348 4586; x_wconf 65' lang='lat' dir='ltr'><strong>tepoupévwv</strong></span> <span class='ocrx_word' id='word_1_627' title='bbox 2381 4515 2628 4581; x_wconf 81' lang='grc' dir='ltr'>ἐκτόπως</span> <span class='ocrx_word' id='word_1_628' title='bbox 2661 4515 2769 4570; x_wconf 85' lang='grc' dir='ltr'><strong>τῶν</strong></span> <span class='ocrx_word' id='word_1_629' title='bbox 2803 4515 3168 4569; x_wconf 85' lang='grc' dir='ltr'>πιστευόντων</span> <span class='ocrx_word' id='word_1_630' title='bbox 3205 4517 3283 4578; x_wconf 86' lang='grc' dir='ltr'><strong>εἰς</strong></span> <span class='ocrx_word' id='word_1_631' title='bbox 3321 4511 3579 4583; x_wconf 76' lang='grc' dir='ltr'>Χριστὸν,</span> 
     </span>
    </p>
   </div>
   <div class='ocr_carea' id='block_1_90' title="bbox 309 4603 1881 4684">
    <p class='ocr_par' dir='ltr' id='par_1_90' title="bbox 309 4608 1881 4684">
     <span class='ocr_line' id='line_1_90' title="bbox 309 4608 1881 4684; baseline -0.001 -20"><span class='ocrx_word' id='word_1_632' title='bbox 309 4611 537 4684; x_wconf 87' lang='lat' dir='ltr'><strong>aliisque</strong></span> <span class='ocrx_word' id='word_1_633' title='bbox 575 4611 912 4668; x_wconf 90' lang='lat' dir='ltr'><strong>irruentibus</strong></span> <span class='ocrx_word' id='word_1_634' title='bbox 944 4624 1000 4667; x_wconf 90' lang='lat' dir='ltr'><strong>et</strong></span> <span class='ocrx_word' id='word_1_635' title='bbox 1037 4608 1495 4666; x_wconf 89' lang='lat' dir='ltr'><strong>latrocinantibus</strong></span> <span class='ocrx_word' id='word_1_636' title='bbox 1540 4623 1664 4663; x_wconf 89' lang='lat' dir='ltr'><strong>sese</strong></span> <span class='ocrx_word' id='word_1_637' title='bbox 1708 4608 1881 4664; x_wconf 75' lang='lat' dir='ltr'><strong>socios</strong></span> 
     </span>
    </p>
   </div>
   <div class='ocr_carea' id='block_1_91' title="bbox 2010 4603 3582 4684">
    <p class='ocr_par' dir='ltr' id='par_1_91' title="bbox 2010 4603 3582 4679">
     <span class='ocr_line' id='line_1_91' title="bbox 2010 4603 3582 4679; baseline -0.003 -18"><span class='ocrx_word' id='word_1_638' title='bbox 2010 4608 2092 4661; x_wconf 69' lang='grc' dir='ltr'>καὶ</span> <span class='ocrx_word' id='word_1_639' title='bbox 2139 4609 2388 4662; x_wconf 81' lang='grc' dir='ltr'>κοινωνοὶ</span> <span class='ocrx_word' id='word_1_640' title='bbox 2444 4606 2547 4678; x_wconf 82' lang='grc' dir='ltr'>τῆς</span> <span class='ocrx_word' id='word_1_641' title='bbox 2598 4603 2801 4679; x_wconf 73' lang='grc' dir='ltr'>ἑτέρων</span> <span class='ocrx_word' id='word_1_642' title='bbox 2858 4607 3048 4677; x_wconf 83' lang='grc' dir='ltr'>ἐφόδου</span> <span class='ocrx_word' id='word_1_643' title='bbox 3092 4623 3152 4659; x_wconf 92' lang='grc' dir='ltr'><strong>τε</strong></span> <span class='ocrx_word' id='word_1_644' title='bbox 3192 4605 3287 4659; x_wconf 77' lang='grc' dir='ltr'><strong>καὶ</strong></span> <span class='ocrx_word' id='word_1_645' title='bbox 3328 4604 3582 4676; x_wconf 80' lang='grc' dir='ltr'>λῃστείας</span> 
     </span>
    </p>
   </div>
   <div class='ocr_carea' id='block_1_92' title="bbox 307 4697 1879 4778">
    <p class='ocr_par' dir='ltr' id='par_1_92' title="bbox 307 4699 1879 4774">
     <span class='ocr_line' id='line_1_92' title="bbox 307 4699 1879 4774; baseline -0.001 -20"><span class='ocrx_word' id='word_1_646' title='bbox 307 4700 697 4774; x_wconf 81' lang='lat' dir='ltr'><strong>adjungehant,</strong></span> <span class='ocrx_word' id='word_1_647' title='bbox 737 4719 805 4762; x_wconf 78' lang='lat' dir='ltr'><strong>ex</strong></span> <span class='ocrx_word' id='word_1_648' title='bbox 858 4704 1100 4758; x_wconf 91' lang='lat' dir='ltr'><strong>ﬁdelium</strong></span> <span class='ocrx_word' id='word_1_649' title='bbox 1140 4699 1519 4770; x_wconf 88' lang='lat' dir='ltr'><strong>persecutione</strong></span> <span class='ocrx_word' id='word_1_650' title='bbox 1559 4700 1879 4769; x_wconf 88' lang='lat' dir='ltr'><strong>voluptatem</strong></span> 
     </span>
    </p>
   </div>
   <div class='ocr_carea' id='block_1_93' title="bbox 2009 4697 3581 4778">
    <p class='ocr_par' dir='ltr' id='par_1_93' title="bbox 2009 4697 3581 4778">
     <span class='ocr_line' id='line_1_93' title="bbox 2009 4697 3581 4778; baseline -0.003 -24"><span class='ocrx_word' id='word_1_651' title='bbox 2009 4701 2254 4769; x_wconf 65' lang='grc' dir='ltr'>ἐγίνοντο,</span> <span class='ocrx_word' id='word_1_652' title='bbox 2297 4700 2647 4772; x_wconf 84' lang='grc' dir='ltr'>διωκομένοις</span> <span class='ocrx_word' id='word_1_653' title='bbox 2681 4699 3005 4778; x_wconf 80' lang='grc' dir='ltr'>ἐφηδόμενοι</span> <span class='ocrx_word' id='word_1_654' title='bbox 3050 4702 3164 4764; x_wconf 84' lang='grc' dir='ltr'>τοῖς</span> <span class='ocrx_word' id='word_1_655' title='bbox 3202 4701 3444 4762; x_wconf 85' lang='grc' dir='ltr'>πιστοῖς,</span> <span class='ocrx_word' id='word_1_656' title='bbox 3487 4697 3581 4750; x_wconf 78' lang='grc' dir='ltr'>καὶ</span> 
     </span>
    </p>
   </div>
   <div class='ocr_carea' id='block_1_94' title="bbox 306 4789 1878 4866">
    <p class='ocr_par' dir='ltr' id='par_1_94' title="bbox 306 4793 1878 4866">
     <span class='ocr_line' id='line_1_94' title="bbox 306 4793 1878 4866; baseline 0.001 -18"><span class='ocrx_word' id='word_1_657' title='bbox 306 4794 607 4865; x_wconf 82' lang='lat' dir='ltr'><strong>capientes,</strong></span> <span class='ocrx_word' id='word_1_658' title='bbox 633 4807 688 4852; x_wconf 89' lang='lat' dir='ltr'><strong>et</strong></span> <span class='ocrx_word' id='word_1_659' title='bbox 715 4796 869 4866; x_wconf 89' lang='lat' dir='ltr'><strong>quasi</strong></span> <span class='ocrx_word' id='word_1_660' title='bbox 903 4795 1192 4866; x_wconf 86' lang='lat' dir='ltr'><strong>quemdam</strong></span> <span class='ocrx_word' id='word_1_661' title='bbox 1238 4793 1502 4849; x_wconf 89' lang='lat' dir='ltr'><strong>latronem</strong></span> <span class='ocrx_word' id='word_1_662' title='bbox 1539 4794 1796 4849; x_wconf 88' lang='lat' dir='ltr'><strong>Satanam</strong></span> <span class='ocrx_word' id='word_1_663' title='bbox 1829 4795 1878 4849; x_wconf 89' lang='lat' dir='ltr'><strong>in</strong></span> 
     </span>
    </p>
   </div>
   <div class='ocr_carea' id='block_1_95' title="bbox 2008 4789 3580 4866">
    <p class='ocr_par' dir='ltr' id='par_1_95' title="bbox 2008 4789 3580 4866">
     <span class='ocr_line' id='line_1_95' title="bbox 2008 4789 3580 4866; baseline -0.002 -21"><span class='ocrx_word' id='word_1_664' title='bbox 2008 4793 2196 4866; x_wconf 56' lang='grc' dir='ltr'>λῃστὴν</span> <span class='ocrx_word' id='word_1_665' title='bbox 2234 4791 2424 4866; x_wconf 82' lang='grc' dir='ltr'>ὥσπερ</span> <span class='ocrx_word' id='word_1_666' title='bbox 2455 4793 2578 4847; x_wconf 77' lang='grc' dir='ltr'>τινὰ</span> <span class='ocrx_word' id='word_1_667' title='bbox 2616 4793 2709 4846; x_wconf 86' lang='grc' dir='ltr'><strong>τὸν</strong></span> <span class='ocrx_word' id='word_1_668' title='bbox 2763 4793 3008 4848; x_wconf 84' lang='grc' dir='ltr'>Σατανᾶν</span> <span class='ocrx_word' id='word_1_669' title='bbox 3042 4795 3123 4856; x_wconf 78' lang='grc' dir='ltr'>εἰς</span> <span class='ocrx_word' id='word_1_670' title='bbox 3152 4789 3276 4845; x_wconf 79' lang='grc' dir='ltr'>νοῦν</span> <span class='ocrx_word' id='word_1_671' title='bbox 3311 4791 3405 4844; x_wconf 75' lang='grc' dir='ltr'>καὶ</span> <span class='ocrx_word' id='word_1_672' title='bbox 3440 4807 3580 4860; x_wconf 86' lang='grc' dir='ltr'>καρ-</span> 
     </span>
    </p>
   </div>
   <div class='ocr_carea' id='block_1_96' title="bbox 307 4879 1879 4959">
    <p class='ocr_par' dir='ltr' id='par_1_96' title="bbox 307 4888 1879 4959">
     <span class='ocr_line' id='line_1_96' title="bbox 307 4888 1879 4959; baseline 0 -19"><span class='ocrx_word' id='word_1_673' title='bbox 307 4888 551 4943; x_wconf 89' lang='lat' dir='ltr'><strong>animum</strong></span> <span class='ocrx_word' id='word_1_674' title='bbox 587 4898 643 4945; x_wconf 91' lang='lat' dir='ltr'><strong>et</strong></span> <span class='ocrx_word' id='word_1_675' title='bbox 672 4904 767 4946; x_wconf 91' lang='lat' dir='ltr'><strong>cor</strong></span> <span class='ocrx_word' id='word_1_676' title='bbox 791 4889 1171 4958; x_wconf 88' lang='lat' dir='ltr'><strong>suscipientes,</strong></span> <span class='ocrx_word' id='word_1_677' title='bbox 1207 4902 1301 4944; x_wconf 86' lang='lat' dir='ltr'><strong>eos</strong></span> <span class='ocrx_word' id='word_1_678' title='bbox 1334 4888 1481 4943; x_wconf 91' lang='lat' dir='ltr'><strong>omni</strong></span> <span class='ocrx_word' id='word_1_679' title='bbox 1513 4902 1674 4943; x_wconf 88' lang='lat' dir='ltr'><strong>sensu</strong></span> <span class='ocrx_word' id='word_1_680' title='bbox 1704 4888 1879 4959; x_wconf 86' lang='lat' dir='ltr'><strong>pieta-</strong></span> 
     </span>
    </p>
   </div>
   <div class='ocr_carea' id='block_1_97' title="bbox 2008 4879 3580 4959">
    <p class='ocr_par' dir='ltr' id='par_1_97' title="bbox 2008 4879 3580 4958">
     <span class='ocr_line' id='line_1_97' title="bbox 2008 4879 3580 4958; baseline -0.003 -21"><span class='ocrx_word' id='word_1_681' title='bbox 2008 4885 2109 4939; x_wconf 83' lang='lat' dir='ltr'><strong>iiatv</strong></span> <span class='ocrx_word' id='word_1_682' title='bbox 2144 4885 2447 4958; x_wconf 86' lang='grc' dir='ltr'>δεχόμενοι,</span> <span class='ocrx_word' id='word_1_683' title='bbox 2490 4887 2581 4939; x_wconf 85' lang='grc' dir='ltr'><strong>τὸν</strong></span> <span class='ocrx_word' id='word_1_684' title='bbox 2619 4885 2840 4957; x_wconf 82' lang='grc' dir='ltr'>ἀπάσης</span> <span class='ocrx_word' id='word_1_685' title='bbox 2872 4883 3154 4949; x_wconf 80' lang='grc' dir='ltr'>εὐσεϐείας</span> <span class='ocrx_word' id='word_1_686' title='bbox 3186 4883 3278 4936; x_wconf 80' lang='grc' dir='ltr'><strong>τὸν</strong></span> <span class='ocrx_word' id='word_1_687' title='bbox 3311 4883 3368 4936; x_wconf 85' lang='grc' dir='ltr'><strong>ἐν</strong></span> <span class='ocrx_word' id='word_1_688' title='bbox 3397 4879 3580 4934; x_wconf 61' lang='grc' dir='ltr'>αὐτοῖο</span> 
     </span>
    </p>
   </div>
   <div class='ocr_carea' id='block_1_98' title="bbox 310 4973 1882 5049">
    <p class='ocr_par' dir='ltr' id='par_1_98' title="bbox 310 4978 1882 5048">
     <span class='ocr_line' id='line_1_98' title="bbox 310 4978 1882 5048; baseline 0.002 -18"><span class='ocrx_word' id='word_1_689' title='bbox 310 4978 379 5032; x_wconf 91' lang='lat' dir='ltr'><strong>tis</strong></span> <span class='ocrx_word' id='word_1_690' title='bbox 415 4993 576 5048; x_wconf 90' lang='lat' dir='ltr'><strong>quem</strong></span> <span class='ocrx_word' id='word_1_691' title='bbox 627 4979 904 5036; x_wconf 85' lang='lat' dir='ltr'><strong>habebant</strong></span> <span class='ocrx_word' id='word_1_692' title='bbox 955 4981 1270 5044; x_wconf 89' lang='lat' dir='ltr'><strong>nudantem,</strong></span> <span class='ocrx_word' id='word_1_693' title='bbox 1304 4987 1364 5034; x_wconf 92' lang='lat' dir='ltr'><strong>ut</strong></span> <span class='ocrx_word' id='word_1_694' title='bbox 1395 4984 1449 5034; x_wconf 90' lang='lat' dir='ltr'><strong>et</strong></span> <span class='ocrx_word' id='word_1_695' title='bbox 1473 4994 1774 5035; x_wconf 89' lang='lat' dir='ltr'><strong>consonum</strong></span> <span class='ocrx_word' id='word_1_696' title='bbox 1810 4979 1882 5033; x_wconf 89' lang='lat' dir='ltr'><strong>illi</strong></span> 
     </span>
    </p>
   </div>
   <div class='ocr_carea' id='block_1_99' title="bbox 2002 4973 3574 5049">
    <p class='ocr_par' dir='ltr' id='par_1_99' title="bbox 2002 4973 3574 5049">
     <span class='ocr_line' id='line_1_99' title="bbox 2002 4973 3574 5049; baseline -0.004 -17"><span class='ocrx_word' id='word_1_697' title='bbox 2002 4979 2443 5049; x_wconf 72' lang='grc' dir='ltr'>Ξιπαμφιεννύντα</span> <span class='ocrx_word' id='word_1_698' title='bbox 2473 4979 2618 5043; x_wconf 80' lang='grc' dir='ltr'>νοῦν,</span> <span class='ocrx_word' id='word_1_699' title='bbox 2646 4979 2734 5032; x_wconf 74' lang='grc' dir='ltr'>ἵνα</span> <span class='ocrx_word' id='word_1_700' title='bbox 2776 4979 2872 5034; x_wconf 70' lang='grc' dir='ltr'><strong>καὶ</strong></span> <span class='ocrx_word' id='word_1_701' title='bbox 2915 4977 3205 5049; x_wconf 85' lang='grc' dir='ltr'>σύμφωνον</span> <span class='ocrx_word' id='word_1_702' title='bbox 3231 4976 3407 5046; x_wconf 75' lang='grc' dir='ltr'>ἔχοιεν</span> <span class='ocrx_word' id='word_1_703' title='bbox 3441 4973 3574 5045; x_wconf 70' lang='grc' dir='ltr'>πρὸς</span> 
     </span>
    </p>
   </div>
   <div class='ocr_carea' id='block_1_100' title="bbox 307 5063 1879 5144">
    <p class='ocr_par' dir='ltr' id='par_1_100' title="bbox 307 5063 1879 5139">
     <span class='ocr_line' id='line_1_100' title="bbox 307 5063 1879 5139; baseline 0.005 -25"><span class='ocrx_word' id='word_1_704' title='bbox 307 5077 402 5116; x_wconf 80' lang='lat' dir='ltr'><strong>cor</strong></span> <span class='ocrx_word' id='word_1_705' title='bbox 436 5063 721 5120; x_wconf 86' lang='lat' dir='ltr'><strong>haberent.</strong></span> <span class='ocrx_word' id='word_1_706' title='bbox 766 5066 1230 5132; x_wconf 86' lang='lat' dir='ltr'><strong>Quemadmodum</strong></span> <span class='ocrx_word' id='word_1_707' title='bbox 1265 5068 1408 5123; x_wconf 89' lang='lat' dir='ltr'><strong>enim</strong></span> <span class='ocrx_word' id='word_1_708' title='bbox 1443 5087 1462 5121; x_wconf 78' lang='grc' dir='ltr'><strong>ι</strong></span> <span class='ocrx_word' id='word_1_709' title='bbox 1503 5070 1594 5139; x_wconf 87' lang='lat' dir='ltr'><strong>qui</strong></span> <span class='ocrx_word' id='word_1_710' title='bbox 1646 5070 1879 5124; x_wconf 69' lang='lat' dir='ltr'><strong>adhaeret</strong></span> 
     </span>
    </p>
   </div>
   <div class='ocr_carea' id='block_1_101' title="bbox 2006 5063 3578 5144">
    <p class='ocr_par' dir='ltr' id='par_1_101' title="bbox 2006 5066 3578 5144">
     <span class='ocr_line' id='line_1_101' title="bbox 2006 5066 3578 5144; baseline -0.004 -18"><span class='ocrx_word' id='word_1_711' title='bbox 2006 5072 2154 5126; x_wconf 73' lang='grc' dir='ltr'>κύτὸν</span> <span class='ocrx_word' id='word_1_712' title='bbox 2188 5073 2288 5142; x_wconf 81' lang='grc' dir='ltr'>τὴν</span> <span class='ocrx_word' id='word_1_713' title='bbox 2323 5072 2571 5144; x_wconf 85' lang='grc' dir='ltr'>καρδίαν.</span> <span class='ocrx_word' id='word_1_714' title='bbox 2597 5071 2810 5144; x_wconf 76' lang='grc' dir='ltr'>Ὥσπερ</span> <span class='ocrx_word' id='word_1_715' title='bbox 2846 5073 2956 5142; x_wconf 85' lang='grc' dir='ltr'>γὰρ</span> <span class='ocrx_word' id='word_1_716' title='bbox 2985 5089 3003 5121; x_wconf 79' lang='grc' dir='ltr'><strong>ι</strong></span> <span class='ocrx_word' id='word_1_717' title='bbox 3046 5070 3103 5123; x_wconf 89' lang='grc' dir='ltr'>Ὁ</span> <span class='ocrx_word' id='word_1_718' title='bbox 3132 5069 3472 5138; x_wconf 86' lang='grc' dir='ltr'>κολλώμενος</span> <span class='ocrx_word' id='word_1_719' title='bbox 3499 5066 3578 5136; x_wconf 83' lang='grc' dir='ltr'>τῷ</span> 
     </span>
    </p>
   </div>
   <div class='ocr_carea' id='block_1_102' title="bbox 308 5153 1880 5233">
    <p class='ocr_par' dir='ltr' id='par_1_102' title="bbox 308 5153 1880 5225">
     <span class='ocr_line' id='line_1_102' title="bbox 308 5153 1880 5225; baseline 0.006 -20"><span class='ocrx_word' id='word_1_720' title='bbox 308 5153 440 5219; x_wconf 85' lang='lat' dir='ltr'><strong>Deo,</strong></span> <span class='ocrx_word' id='word_1_721' title='bbox 487 5171 625 5215; x_wconf 89' lang='lat' dir='ltr'><strong>unus</strong></span> <span class='ocrx_word' id='word_1_722' title='bbox 671 5156 897 5224; x_wconf 88' lang='lat' dir='ltr'><strong>spiritus</strong></span> <span class='ocrx_word' id='word_1_723' title='bbox 928 5166 1012 5213; x_wconf 89' lang='lat' dir='ltr'><strong>est</strong></span> <span class='ocrx_word' id='word_1_724' title='bbox 1062 5174 1184 5213; x_wconf 90' lang='lat' dir='ltr'><strong>cum</strong></span> <span class='ocrx_word' id='word_1_725' title='bbox 1218 5175 1283 5216; x_wconf 94' lang='lat' dir='ltr'><strong>eo</strong></span> <span class='ocrx_word' id='word_1_726' title='bbox 1310 5161 1354 5225; x_wconf 83' lang='grc'>⁷,</span> <span class='ocrx_word' id='word_1_727' title='bbox 1393 5179 1414 5213; x_wconf 76' lang='grc' dir='ltr'><strong>ι</strong></span> <span class='ocrx_word' id='word_1_728' title='bbox 1453 5161 1643 5218; x_wconf 88' lang='lat' dir='ltr'><strong>eodem</strong></span> <span class='ocrx_word' id='word_1_729' title='bbox 1702 5162 1880 5222; x_wconf 84' lang='lat' dir='ltr'><strong>modo.</strong></span> 
     </span>
    </p>
   </div>
   <div class='ocr_carea' id='block_1_103' title="bbox 2003 5153 3575 5233">
    <p class='ocr_par' dir='ltr' id='par_1_103' title="bbox 2003 5155 3575 5233">
     <span class='ocr_line' id='line_1_103' title="bbox 2003 5155 3575 5233; baseline 0.003 -19"><span class='ocrx_word' id='word_1_730' title='bbox 2003 5161 2183 5232; x_wconf 81' lang='grc' dir='ltr'>Κυρίῳ</span> <span class='ocrx_word' id='word_1_731' title='bbox 2214 5161 2270 5214; x_wconf 89' lang='grc' dir='ltr'>ἒν</span> <span class='ocrx_word' id='word_1_732' title='bbox 2298 5162 2517 5233; x_wconf 80' lang='grc' dir='ltr'>πνεῦμά</span> <span class='ocrx_word' id='word_1_733' title='bbox 2544 5163 2680 5229; x_wconf 85' lang='grc' dir='ltr'>ἐστι,</span> <span class='ocrx_word' id='word_1_734' title='bbox 2705 5181 2724 5213; x_wconf 73' lang='grc' dir='ltr'><strong>ι</strong></span> <span class='ocrx_word' id='word_1_735' title='bbox 2757 5161 2899 5215; x_wconf 78' lang='grc' dir='ltr'>κατὰ</span> <span class='ocrx_word' id='word_1_736' title='bbox 2923 5162 3014 5216; x_wconf 82' lang='grc' dir='ltr'><strong>τὸν</strong></span> <span class='ocrx_word' id='word_1_737' title='bbox 3044 5161 3226 5226; x_wconf 81' lang='grc' dir='ltr'>αὐτὸν,</span> <span class='ocrx_word' id='word_1_738' title='bbox 3251 5155 3426 5229; x_wconf 79' lang='grc' dir='ltr'>οἶμαι,</span> <span class='ocrx_word' id='word_1_739' title='bbox 3455 5157 3575 5229; x_wconf 77' lang='grc' dir='ltr'>τρό-</span> 
     </span>
    </p>
   </div>
   <div class='ocr_carea' id='block_1_104' title="bbox 305 5245 1877 5326">
    <p class='ocr_par' dir='ltr' id='par_1_104' title="bbox 305 5245 1877 5322">
     <span class='ocr_line' id='line_1_104' title="bbox 305 5245 1877 5322; baseline 0.004 -23"><span class='ocrx_word' id='word_1_740' title='bbox 305 5245 640 5322; x_wconf 69' lang='grc' dir='ltr'>ορίιιοι·,ι]ιιί</span> <span class='ocrx_word' id='word_1_741' title='bbox 678 5247 900 5304; x_wconf 64' lang='lat' dir='ltr'><strong>Satanae</strong></span> <span class='ocrx_word' id='word_1_742' title='bbox 945 5250 1204 5318; x_wconf 67' lang='lat' dir='ltr'><strong>adhaeret,</strong></span> <span class='ocrx_word' id='word_1_743' title='bbox 1239 5267 1406 5307; x_wconf 89' lang='lat' dir='ltr'><strong>unum</strong></span> <span class='ocrx_word' id='word_1_744' title='bbox 1451 5267 1573 5307; x_wconf 90' lang='lat' dir='ltr'><strong>eum</strong></span> <span class='ocrx_word' id='word_1_745' title='bbox 1627 5251 1744 5321; x_wconf 91' lang='lat' dir='ltr'><strong>ipso</strong></span> <span class='ocrx_word' id='word_1_746' title='bbox 1792 5267 1877 5307; x_wconf 82' lang='lat' dir='ltr'><strong>cor</strong></span> 
     </span>
    </p>
   </div>
   <div class='ocr_carea' id='block_1_105' title="bbox 2002 5245 3574 5326">
    <p class='ocr_par' dir='ltr' id='par_1_105' title="bbox 2002 5249 3574 5326">
     <span class='ocr_line' id='line_1_105' title="bbox 2002 5249 3574 5326; baseline -0.002 -22"><span class='ocrx_word' id='word_1_747' title='bbox 2002 5270 2096 5307; x_wconf 83' lang='grc' dir='ltr'><strong>πον</strong></span> <span class='ocrx_word' id='word_1_748' title='bbox 2152 5254 2243 5306; x_wconf 72' lang='grc' dir='ltr'>καὶ</span> <span class='ocrx_word' id='word_1_749' title='bbox 2283 5254 2310 5304; x_wconf 90' lang='grc' dir='ltr'>ὁ</span> <span class='ocrx_word' id='word_1_750' title='bbox 2343 5251 2420 5323; x_wconf 77' lang='grc' dir='ltr'><strong>τῷ</strong></span> <span class='ocrx_word' id='word_1_751' title='bbox 2455 5253 2668 5324; x_wconf 80' lang='grc' dir='ltr'>Σατανᾷ</span> <span class='ocrx_word' id='word_1_752' title='bbox 2717 5251 3054 5323; x_wconf 83' lang='grc' dir='ltr'>κολλώμενος</span> <span class='ocrx_word' id='word_1_753' title='bbox 3105 5252 3234 5326; x_wconf 88' lang='grc' dir='ltr'>μίαν</span> <span class='ocrx_word' id='word_1_754' title='bbox 3285 5249 3396 5316; x_wconf 70' lang='grc' dir='ltr'>ἕξει</span> <span class='ocrx_word' id='word_1_755' title='bbox 3439 5249 3574 5321; x_wconf 81' lang='grc' dir='ltr'>πρὸς</span> 
     </span>
    </p>
   </div>
   <div class='ocr_carea' id='block_1_106' title="bbox 309 5338 1881 5417">
    <p class='ocr_par' dir='ltr' id='par_1_106' title="bbox 309 5338 546 5392">
     <span class='ocr_line' id='line_1_106' title="bbox 309 5338 546 5392; baseline 0.008 -2"><span class='ocrx_word' id='word_1_756' title='bbox 309 5338 546 5392; x_wconf 82' lang='lat' dir='ltr'><strong>habebit.</strong></span> 
     </span>
    </p>
   </div>
   <div class='ocr_carea' id='block_1_107' title="bbox 987 5338 2559 5417">
    <p class='ocr_par' dir='ltr' id='par_1_107' title="bbox 1991 5345 2559 5417">
     <span class='ocr_line' id='line_1_107' title="bbox 1991 5345 2559 5417; baseline -0.004 -17"><span class='ocrx_word' id='word_1_757' title='bbox 1991 5345 2153 5400; x_wconf 84' lang='grc' dir='ltr'>αὐτὸν</span> <span class='ocrx_word' id='word_1_758' title='bbox 2181 5345 2279 5415; x_wconf 78' lang='grc' dir='ltr'><strong>τὴν</strong></span> <span class='ocrx_word' id='word_1_759' title='bbox 2312 5345 2559 5417; x_wconf 89' lang='grc' dir='ltr'>καρδίαν.</span> 
     </span>
    </p>
   </div>
   <div class='ocr_carea' id='block_1_108' title="bbox 381 5426 1953 5507">
    <p class='ocr_par' dir='ltr' id='par_1_108' title="bbox 381 5426 1884 5494">
     <span class='ocr_line' id='line_1_108' title="bbox 381 5426 1884 5494; baseline 0.004 -12"><span class='ocrx_word' id='word_1_760' title='bbox 381 5426 551 5482; x_wconf 75' lang='lat' dir='ltr'><strong>Vens.</strong></span> <span class='ocrx_word' id='word_1_761' title='bbox 583 5428 637 5484; x_wconf 74' lang='grc'>2.</span> <span class='ocrx_word' id='word_1_762' title='bbox 687 5429 878 5486; x_wconf 73' lang='lat' dir='ltr'><strong>Omne:</strong></span> <span class='ocrx_word' id='word_1_763' title='bbox 910 5434 1145 5490; x_wconf 77' lang='lat' dir='ltr'><strong>malitias</strong></span> <span class='ocrx_word' id='word_1_764' title='bbox 1179 5451 1361 5494; x_wconf 76' lang='lat' dir='ltr'><strong>eorum</strong></span> <span class='ocrx_word' id='word_1_765' title='bbox 1397 5437 1704 5489; x_wconf 76' lang='lat' dir='ltr'><strong>recordatus</strong></span> <span class='ocrx_word' id='word_1_766' title='bbox 1747 5451 1884 5488; x_wconf 75' lang='lat' dir='ltr'><strong>sum.</strong></span> 
     </span>
    </p>
   </div>
   <div class='ocr_carea' id='block_1_109' title="bbox 1995 5426 3567 5507">
    <p class='ocr_par' dir='ltr' id='par_1_109' title="bbox 2063 5430 3567 5507">
     <span class='ocr_line' id='line_1_109' title="bbox 2063 5430 3567 5507; baseline -0.003 -18"><span class='ocrx_word' id='word_1_767' title='bbox 2063 5436 2272 5503; x_wconf 82' lang='grc' dir='ltr'>Πάσας</span> <span class='ocrx_word' id='word_1_768' title='bbox 2304 5437 2411 5502; x_wconf 86' lang='grc' dir='ltr'>τὰς</span> <span class='ocrx_word' id='word_1_769' title='bbox 2442 5437 2657 5502; x_wconf 80' lang='grc' dir='ltr'>κακίας</span> <span class='ocrx_word' id='word_1_770' title='bbox 2679 5436 2878 5492; x_wconf 78' lang='grc' dir='ltr'>αὐτῶν</span> <span class='ocrx_word' id='word_1_771' title='bbox 2904 5437 3235 5507; x_wconf 75' lang='grc' dir='ltr'>ἐμνήσθην.</span> <span class='ocrx_word' id='word_1_772' title='bbox 3264 5434 3394 5487; x_wconf 74' lang='grc' dir='ltr'><strong>Νῦν</strong></span> <span class='ocrx_word' id='word_1_773' title='bbox 3431 5430 3567 5485; x_wconf 83' lang='grc' dir='ltr'>ἐκύ-</span> 
     </span>
    </p>
   </div>
   <div class='ocr_carea' id='block_1_110' title="bbox 308 5514 1880 5598">
    <p class='ocr_par' dir='ltr' id='par_1_110' title="bbox 308 5514 1880 5598">
     <span class='ocr_line' id='line_1_110' title="bbox 308 5514 1880 5598; baseline 0.006 -28"><span class='ocrx_word' id='word_1_774' title='bbox 308 5514 477 5574; x_wconf 77' lang='lat' dir='ltr'><strong>Nunc</strong></span> <span class='ocrx_word' id='word_1_775' title='bbox 501 5521 956 5581; x_wconf 85' lang='lat' dir='ltr'><strong>circumdederunt</strong></span> <span class='ocrx_word' id='word_1_776' title='bbox 981 5544 1070 5582; x_wconf 76' lang='lat' dir='ltr'><strong>eos</strong></span> <span class='ocrx_word' id='word_1_777' title='bbox 1101 5528 1443 5598; x_wconf 74' lang='lat' dir='ltr'><strong>cogitationes</strong></span> <span class='ocrx_word' id='word_1_778' title='bbox 1475 5543 1675 5592; x_wconf 82' lang='lat' dir='ltr'><strong>eorum,</strong></span> <span class='ocrx_word' id='word_1_779' title='bbox 1703 5537 1880 5580; x_wconf 82' lang='lat' dir='ltr'><strong>contra</strong></span> 
     </span>
    </p>
   </div>
   <div class='ocr_carea' id='block_1_111' title="bbox 1997 5514 3569 5598">
    <p class='ocr_par' dir='ltr' id='par_1_111' title="bbox 1997 5525 3569 5595">
     <span class='ocr_line' id='line_1_111' title="bbox 1997 5525 3569 5595; baseline -0.001 -12"><span class='ocrx_word' id='word_1_780' title='bbox 1997 5535 2240 5585; x_wconf 70' lang='grc' dir='ltr'>κλωσαν</span> <span class='ocrx_word' id='word_1_781' title='bbox 2275 5531 2498 5595; x_wconf 84' lang='grc' dir='ltr'>αὐτοὺς</span> <span class='ocrx_word' id='word_1_782' title='bbox 2532 5530 2605 5584; x_wconf 84' lang='grc' dir='ltr'>τὰ</span> <span class='ocrx_word' id='word_1_783' title='bbox 2643 5529 2957 5584; x_wconf 76' lang='grc' dir='ltr'>διαϐούλια</span> <span class='ocrx_word' id='word_1_784' title='bbox 3017 5527 3237 5593; x_wconf 80' lang='grc' dir='ltr'>αὐτῶν,</span> <span class='ocrx_word' id='word_1_785' title='bbox 3281 5525 3569 5589; x_wconf 74' lang='grc' dir='ltr'>ἀπέναντι</span> 
     </span>
    </p>
   </div>
   <div class='ocr_carea' id='block_1_112' title="bbox 307 5607 1879 5691">
    <p class='ocr_par' dir='ltr' id='par_1_112' title="bbox 307 5607 1032 5684">
     <span class='ocr_line' id='line_1_112' title="bbox 307 5607 1032 5684; baseline 0.017 -24"><span class='ocrx_word' id='word_1_786' title='bbox 307 5607 496 5674; x_wconf 73' lang='lat' dir='ltr'><strong>{aciem</strong></span> <span class='ocrx_word' id='word_1_787' title='bbox 521 5625 686 5664; x_wconf 86' lang='lat' dir='ltr'><strong>meam</strong></span> <span class='ocrx_word' id='word_1_788' title='bbox 713 5613 867 5684; x_wconf 68' lang='lat' dir='ltr'><strong>factm</strong></span> <span class='ocrx_word' id='word_1_789' title='bbox 888 5629 1032 5672; x_wconf 80' lang='lat' dir='ltr'><strong>sunt.</strong></span> 
     </span>
    </p>
   </div>
   <div class='ocr_carea' id='block_1_113' title="bbox 1213 5607 2785 5691">
    <p class='ocr_par' dir='ltr' id='par_1_113' title="bbox 1989 5620 2785 5691">
     <span class='ocr_line' id='line_1_113' title="bbox 1989 5620 2785 5691; baseline 0.001 -16"><span class='ocrx_word' id='word_1_790' title='bbox 1989 5621 2314 5691; x_wconf 75' lang='grc' dir='ltr'>προσώπου</span> <span class='ocrx_word' id='word_1_791' title='bbox 2343 5639 2456 5677; x_wconf 80' lang='grc' dir='ltr'><strong>αου</strong></span> <span class='ocrx_word' id='word_1_792' title='bbox 2487 5620 2785 5691; x_wconf 67' lang='grc' dir='ltr'>ἐγένοντο.</span> 
     </span>
    </p>
   </div>
   <div class='ocr_carea' id='block_1_114' title="bbox 377 5793 1949 5883">
    <p class='ocr_par' dir='ltr' id='par_1_114' title="bbox 377 5793 1949 5883">
     <span class='ocr_line' id='line_1_114' title="bbox 377 5793 1949 5883; baseline 0.002 -32"><span class='ocrx_word' id='word_1_793' title='bbox 377 5793 574 5852; x_wconf 78' lang='lat' dir='ltr'><strong>’Joan.</strong></span> <span class='ocrx_word' id='word_1_794' title='bbox 612 5796 802 5883; x_wconf 44' lang='lat'><strong>3,22.</strong></span> <span class='ocrx_word' id='word_1_795' title='bbox 881 5798 904 5832; x_wconf 71' lang='grc'><strong>⁸</strong></span> <span class='ocrx_word' id='word_1_796' title='bbox 929 5798 1116 5856; x_wconf 79' lang='lat' dir='ltr'><strong>Matth.</strong></span> <span class='ocrx_word' id='word_1_797' title='bbox 1180 5811 1336 5865; x_wconf 77' lang='lat' dir='ltr'><strong>mu,</strong></span> <span class='ocrx_word' id='word_1_798' title='bbox 1391 5795 1479 5854; x_wconf 73' lang='grc'><strong>15.</strong></span> <span class='ocrx_word' id='word_1_799' title='bbox 1554 5796 1627 5838; x_wconf 71' lang='grc' dir='ltr'><strong>³--σ</strong></span> <span class='ocrx_word' id='word_1_800' title='bbox 1661 5794 1773 5860; x_wconf 77' lang='lat' dir='ltr'><strong>Jocl</strong></span> <span class='ocrx_word' id='word_1_801' title='bbox 1810 5813 1864 5863; x_wconf 75' lang='grc' dir='ltr'><strong>ιι,</strong></span> <span class='ocrx_word' id='word_1_802' title='bbox 1907 5800 1949 5854; x_wconf 77' lang='grc' dir='ltr'>ιε</span> 
     </span>
    </p>
   </div>
   <div class='ocr_carea' id='block_1_115' title="bbox 1484 5793 3056 5883">
    <p class='ocr_par' dir='ltr' id='par_1_115' title="bbox 1554 5794 3056 5869">
     <span class='ocr_line' id='line_1_115' title="bbox 1554 5794 3056 5869; baseline 0.007 -21"><span class='ocrx_word' id='word_1_803' title='bbox 1554 5796 1627 5838; x_wconf 72' lang='grc' dir='ltr'><strong>³--σ</strong></span> <span class='ocrx_word' id='word_1_804' title='bbox 1661 5794 1773 5860; x_wconf 77' lang='lat' dir='ltr'><strong>Jocl</strong></span> <span class='ocrx_word' id='word_1_805' title='bbox 1810 5813 1864 5863; x_wconf 77' lang='grc' dir='ltr'>ι’,</span> <span class='ocrx_word' id='word_1_806' title='bbox 1907 5800 1997 5867; x_wconf 74' lang='lat' dir='ltr'><strong>l3;</strong></span> <span class='ocrx_word' id='word_1_807' title='bbox 2033 5802 2175 5865; x_wconf 77' lang='lat' dir='ltr'><strong>Psal.</strong></span> <span class='ocrx_word' id='word_1_808' title='bbox 2207 5816 2405 5867; x_wconf 58' lang='grc' dir='ltr'>ωιτν,</span> <span class='ocrx_word' id='word_1_809' title='bbox 2441 5800 2524 5860; x_wconf 80' lang='grc'><strong>15.</strong></span> <span class='ocrx_word' id='word_1_810' title='bbox 2598 5800 2616 5832; x_wconf 87' lang='grc'><strong>⁷</strong></span> <span class='ocrx_word' id='word_1_811' title='bbox 2652 5799 2668 5854; x_wconf 89' lang='lat' dir='ltr'><strong>l</strong></span> <span class='ocrx_word' id='word_1_812' title='bbox 2709 5801 2833 5857; x_wconf 81' lang='lat' dir='ltr'><strong>Cor.</strong></span> <span class='ocrx_word' id='word_1_813' title='bbox 2865 5816 2938 5869; x_wconf 88' lang='lat' dir='ltr'><strong>vt,</strong></span> <span class='ocrx_word' id='word_1_814' title='bbox 2973 5801 3056 5863; x_wconf 79' lang='grc' dir='ltr'>Π.</span> 
     </span>
    </p>
   </div>
  </div>
