3982 6516
189 356 294 414 185

1123 358 1676 416 εοιιιιΕΝτΑιιιυε
1719 360 1788 413 IN
1827 340 2057 416 osum
2100 351 2547 415 puerumau.

3378 350 3485 410 l86

187 473 495 545 καύματος,
527 473 640 527 ἀπὸ
669 473 772 544 τῆς
802 474 1020 544 φλογός.
1065 494 1084 526 ι
1124 479 1540 543 Διανενευκότες
1570 478 1678 550 γὰρ
1711 481 1790 542 εἰς

1907 479 2059 533 inissa
2102 476 2384 546 coquenda
2411 481 2633 543 paratos
2684 470 3012 525 referebant.
3059 467 3302 523 Flamma
3335 470 3482 523 enim

188 565 448 637 πορνείαν
490 565 592 636 τὴν
628 565 846 636 νοητὴν,
879 568 1046 638 ἤγουν
1077 569 1158 631 είς
1205 569 1511 624 ἀπόστασιν
1551 571 1648 641 τὴν
1678 570 1786 624 ἀπὸ

183 655 318 710 Θεοῦ
353 656 537 726 (τοῦτο
557 655 666 728 γὰρ
691 658 724 727 ἡ
756 659 1024 728 πορνεία),
1059 659 1330 725 κλιϐάνοις
1353 661 1600 716 ἐοίκεσαν
1631 665 1786 715 ἐκκε-

185 748 482 817 καυμένοις
514 748 616 819 ἤδη
642 767 781 812 πως,
815 752 909 802 καὶ
941 751 1181 822 ἑτοίμοις
1214 755 1293 817 είς
1332 754 1494 824 πέψιν
1519 748 1594 808 ὧν
1617 753 1680 808 ἄν
1705 771 1788 816 τις

181 839 436 910 ἐμϐάλοι.
497 841 703 910 Φλογὺς
750 842 861 913 γάρ
907 839 1046 914 ἦσαν
1097 847 1531 917 μεμεστωμένοι,
1581 846 1788 917 θερμῆς

183 933 457 1003 δηλονότι,
496 935 593 988 καὶ
621 936 785 988 οἱονεὶ
820 935 1257 1008 διακεκαυμένης
1284 937 1604 1008 ἐπιθυμίας.
1650 937 1788 990 Ἐοί⁹

181 1040 353 1077 κεσαν
381 1024 442 1077 δὲ
472 1025 571 1080 καὶ
601 1027 886 1098 φυράματι
902 1029 1145 1091 στέατος,
1161 1029 1336 1099 ἔχοντι
1357 1029 1455 1099 μὲν
1473 1030 1572 1101 ἤδη
1591 1028 1688 1100 τὴν
1705 1027 1793 1093 ζύ-

184 1133 316 1186 μην,
337 1116 655 1187 ζυμωθέντι
676 1118 733 1172 δὲ
755 1119 998 1184 τελείως,
1022 1122 1078 1174 ἐν
1097 1121 1278 1192 ἡμέρᾳ
1303 1120 1567 1190 βασιλέως
1588 1121 1788 1187 αὐτῶν,

181 1208 290 1270 ὅτε,
321 1210 586 1280 καθάπερ
621 1212 759 1282 ἔφην
784 1213 1004 1284 ἀρτίως,
1053 1213 1357 1282 ἀναφανδὸν
1398 1215 1678 1286 εἰρηκότος
1696 1214 1791 1268 τοῦ

191 1300 510 1372 Ίεροϐοάμ,
543 1303 626 1356 ὅτι
658 1304 766 1376 χρὴ
801 1303 950 1358 Θύειν
982 1308 1102 1368 ταῖς
1130 1305 1417 1376 δαμάλεσι,
1456 1307 1548 1360 καὶ
1578 1307 1676 1370 τὰς
1705 1309 1792 1360 ἐπ’

181 1389 370 1454 αὐτοῖς
423 1392 600 1446 τελεῖν
655 1395 873 1463 ἑορτὰς,
926 1393 1239 1463 ἐπεφώνουν
1289 1397 1457 1450 αὐτοί·
1499 1417 1518 1449 ι
1563 1397 1712 1470 Αὕτη
1757 1399 1790 1468 ή

179 1480 370 1553 ἡμέρα
422 1485 521 1538 τοῦ
576 1484 868 1556 βασιλέως,
911 1507 929 1539 ι
968 1489 1242 1561 καθάπερ,
1289 1490 1365 1554 ὡς
1410 1490 1570 1561 ἔφην,
1617 1491 1646 1543 ὁ
1691 1490 1792 1561 τῆς

183 1574 548 1643 παραδόσεως
579 1578 694 1649 ἔχει
730 1581 910 1649 λόγος.
947 1580 1080 1635 Τότε
1133 1583 1227 1636 καὶ
1259 1581 1514 1656 ἐζυμώθη
1550 1583 1790 1648 τελείως,

181 1668 496 1734 τουτέστιν,
523 1670 552 1724 ό
585 1671 744 1740 λόγος
774 1673 834 1741 ἐξ
867 1673 989 1726 ὅλου
1024 1673 1215 1743 γέγονε
1244 1677 1311 1745 τῇ
1335 1674 1626 1745 δυσσεϐείᾳ
1658 1676 1790 1729 κάτ-

1894 578 2052 624 erant
2102 569 2278 638 pleni,
2327 565 2554 621 ferventi
2608 564 2862 619 videlicet
2911 572 2965 616 et
3029 563 3177 616 velut
3230 562 3484 632 flagranti

1895 662 2211 730 cupiditate.
2261 660 2478 715 Similes
2526 659 2654 714 item
2709 672 2900 712 massae
2953 657 3180 710 habenti
3214 655 3328 724 jam
3377 657 3486 710 fcr-

1896 764 2170 820 mentum,
2233 753 2444 823 integre
2488 761 2667 806 autem
2715 750 3055 804 fermentata:
3103 750 3156 803 in
3207 749 3293 804 die
3343 747 3489 821 regis

1899 846 2180 916 ipsorum;
2222 855 2406 916 utpote
2435 859 2586 908 cum,
2643 852 2702 898 ut
2734 842 2895 896 modo
2933 842 3204 906 dicebam,
3252 839 3489 894 manife—

1900 937 2148 993 stissime
2177 938 2426 993 edicente
2448 935 2762 1002 Jeroboam,
2800 935 3222 991 sacrificandum
3250 949 3374 988 esse
3408 932 3484 987 vi-

1901 1028 2028 1084 tulis
2053 1029 2363 1098 etagendos
2385 1029 2438 1082 in
2455 1029 2714 1084 honorem
2743 1029 2981 1097 ipsorum
3006 1013 3123 1082 dies
3149 1027 3338 1090 festos,
3369 1039 3488 1079 suc-

1903 1122 2217 1179 clamarunt
2247 1124 2323 1177 illi
2359 1140 2414 1178 :t
2440 1121 2566 1177 Haec
2591 1121 2708 1176 dies
2741 1122 2908 1192 regis,
2935 1139 2953 1172 ι
2981 1128 3039 1174 ut
3069 1119 3326 1186 traditum
3349 1118 3492 1172 litte-

1901 1213 1976 1268 ris
1998 1215 2231 1272 aiebam.
2262 1214 2414 1268 Tunc
2454 1213 2840 1268 fermentatum
2863 1221 2946 1266 est
2967 1211 3228 1282 perfecte,
3251 1210 3353 1264 hoc
3382 1218 3488 1276 est,

1900 1321 2079 1360 sermo
2109 1307 2285 1361 editus
2334 1316 2418 1361 est
2451 1320 2518 1360 ex
2543 1319 2663 1359 asse
2685 1305 2906 1374 impius.
2953 1304 3124 1374 igitur
3149 1302 3479 1372 praeaceensi

1899 1398 2095 1453 animis
2136 1397 2470 1452 ferventibus
2509 1405 2564 1452 et
2605 1397 2998 1465 impotentibus
3043 1396 3111 1448 ad
3165 1405 3476 1464 transgres-

1896 1491 2103 1546 sionem
2141 1491 2551 1560 cupiditatibus,
2581 1489 2820 1560 etprius
2877 1487 3186 1543 fermentati
3221 1486 3456 1556 quedam

1899 1586 2059 1638 modo
2089 1584 2387 1638 secundum
2416 1583 2559 1636 hunc
2590 1583 2767 1651 ipsum
2817 1581 3036 1634 modum
3087 1579 3140 1633 in
3173 1579 3260 1634 die
3301 1578 3446 1648 regis
3469 1617 3488 1646 ,

1900 1675 1951 1730 in
1977 1685 2278 1730 extremam
2309 1675 2658 1744 impietatem
2695 1672 2934 1727 devoluti
2969 1682 3118 1728 sunt.

182 1776 328 1828 οχος.
395 1762 635 1828 Οὐκοῦν,
699 1767 1140 1836 προκεκαυμένοι
1173 1767 1263 1820 τὸν
1326 1766 1451 1820 νοῦν
1482 1770 1602 1831 ταῖς
1635 1768 1716 1832 είς
1786 1770 2100 1841 παράϐασιν
2167 1770 2396 1840 θερμαῖς
2445 1769 2539 1822 καὶ
2589 1767 2915 1831 ἀκαθέκτοις
2973 1749 3311 1836 ἐπιθυμίαις,
3353 1783 3491 1836 προ-

183 1848 541 1922 ζυμωθέντες
571 1855 627 1908 δὲ
656 1855 845 1928 ὥσπερ
873 1857 1016 1911 κατὰ
1043 1851 1232 1912 τοῦτον
1263 1856 1427 1914 αὑτὸν
1452 1858 1544 1912 τὸν
1572 1861 1772 1931 τρόπον
1804 1861 1863 1914 ὲν
1900 1861 2083 1934 ἡμέρᾳ
2109 1859 2396 1930 βασιλέως,
2439 1860 2519 1922 είς
2549 1857 2609 1912 τὸ
2641 1857 2743 1928 τῆς
2773 1857 3112 1930 φαυλότητος
3154 1857 3492 1915 κατώλισθον

185 1947 387 2016 πέρας.

249 2038 522 2092 Τοιοῦτόν
541 2055 595 2092 τι
618 2038 944 2111 δεδράκασιν
977 2039 1220 2094 Ἰουδαῖοι
1251 2041 1412 2095 πάλιν
1435 2040 1526 2097 ἐπὶ
1549 2040 1792 2113 Χριστῷ.

1968 2035 2101 2093 Tale
2145 2035 2404 2106 quiddam
2453 2044 2508 2091 et
2551 2033 2727 2092 Judaei
2777 2035 2834 2090 in
2880 2035 3165 2092 Christum
3218 2037 3487 2096 fecerunt.

183 2131 684 2201 Καταψευδόμενοι
738 2132 848 2205 γὰρ
899 2133 998 2201 τῆς
1046 2132 1204 2204 δόξης
1256 2133 1446 2200 αὐτοῦ,
1505 2135 1596 2187 καὶ
1650 2134 1794 2186 κατά

183 2221 368 2294 βραχὺ
400 2224 532 2285 τοὺς
583 2221 777 2294 ὄχλους
825 2223 1134 2289 ἑξέλκοντες
1177 2225 1280 2296 τῆς
1330 2227 1411 2290 είς
1450 2227 1611 2280 αὐτὸν
1653 2226 1791 2295 ἁγά-

183 2332 297 2385 πης
339 2316 392 2367 οἱ
424 2315 785 2386 Γραμματεῖς
844 2334 904 2369 τε
939 2319 1033 2371 καλ¹
1062 2320 1345 2389 Φαρισαῖοι
1385 2318 1792 2391 πεπορνεύκασι

182 2409 422 2479 νοητῶς,
457 2411 876 2480 ἀποστήσαντες
923 2409 1090 2463 αὑτοῦ
1136 2411 1236 2483 τὴν
1265 2413 1528 2480 ἀγελαίαν
1562 2411 1789 2482 πληθύν.

258 2500 566 2568 Ἤρξαντο
626 2505 677 2555 οἱ
736 2502 1027 2570 ἄρχοντες
1083 2504 1420 2573 θυμοῦσθαι
1470 2505 1540 2569 ἐξ
1599 2507 1792 2569 οἴνου,

182 2591 457 2655 ἐξέτεινε
518 2591 638 2659 τὴν
691 2593 863 2662 χεῖρα
923 2594 1110 2647 αὐτοῦ
1153 2598 1307 2664 μετὰ
1366 2596 1610 2666 λοιμῶν,
1648 2597 1796 2650 διότι

181 2685 631 2750 ἁνεκαύθησαν
663 2685 743 2751 ὡς
791 2686 1078 2751 κλίϐανος
1105 2691 1165 2742 αἱ
1204 2688 1438 2757 καρδίαι
1469 2688 1686 2746 αὐτῶν.

253 2777 377 2830 OA'.
425 2773 610 2839 Οἶνον,
641 2777 717 2841 ὡς
746 2777 942 2844 ἔοικεν,
970 2779 1156 2834 ἐνθάδε
1185 2783 1319 2852 φησι
1343 2781 1435 2834 τὸν
1465 2781 1522 2848 ἐξ
1549 2780 1794 2852 ἀμπέλου

182 2869 467 2940 Σώόμων,
505 2869 601 2922 τὸν
650 2872 1139 2941 καταμεθύσκοντα
1181 2873 1431 2944 καρδίας,
1464 2873 1558 2926 καὶ
1607 2871 1794 2926 ἐπιθο-

183 2960 386 3014 λοῦντα
435 2961 536 3014 τὸν
585 2961 734 3028 νοῦν,
786 2964 881 3016 καὶ
923 2964 1121 3034 ἀχλύος
1156 2965 1318 3018 αὐτὸν
1367 2965 1798 3034 ἁναπιμπλάντα

182 3055 282 3123 τῆς
311 3052 578 3123 ὀλεθρίου
614 3055 708 3107 καὶ
742 3053 1022 3126 βδελυρᾶς.
1060 3056 1553 3126 Δεδυσφορηκότων
1592 3055 1657 3127 δὴ
1704 3051 1799 3110 οὖν

183 3144 345 3209 ἐνίων
384 3144 483 3197 ἐπί
519 3161 581 3196 τε
608 3147 676 3216 τῇ
713 3145 824 3198 τῶν
867 3147 1155 3218 δαμάλεων
1196 3149 1537 3218 καινοτομία,
1567 3149 1659 3203 καὶ
1697 3148 1798 3220 μέν

181 3253 262 3290 τοι
310 3238 432 3290 τῶν
467 3237 702 3309 ἑορτῶν,
738 3238 1117 3310 παρεθήγοντο
1165 3241 1300 3310 πρὸς
1345 3241 1514 3312 ὀργὰς
1544 3241 1651 3296 τῶν
1697 3243 1799 3313 ἀρ-

183 3328 394 3398 χόντων
424 3329 596 3392 τινές.
622 3328 741 3391 Ἵνα
765 3330 821 3384 δὲ
859 3330 933 3402 μὴ
961 3331 1138 3403 ὁρῷτο
1166 3331 1274 3385 τῶν
1300 3335 1673 3404 σεσιγηκότων
1706 3334 1800 3388 καὶ

185 3423 468 3494 εὐσημεῖν
518 3422 621 3475 οὐκ
655 3423 1002 3494 ἀνεχομένων
1038 3426 1070 3494 ἡ
1102 3425 1520 3496 σωφρονεστέρα
1565 3426 1794 3498 πληθὺς,

186 3514 339 3567 αὐτοὶ
376 3516 498 3577 τοῖς
530 3513 714 3585 ὅχλοις
745 3514 844 3578 τὰς
877 3518 1065 3585 χεῖρας
1096 3517 1548 3582 συνεκτείνοντες,
1585 3518 1800 3589 ἐπειρώ-

186 3623 308 3668 νουν
343 3607 452 3660 καὶ
487 3604 573 3660 ἔτι
623 3606 910 3675 μειζόνως,
953 3625 972 3658 ι
1012 3607 1162 3680 Αὕτη
1212 3610 1244 3679 ἡ
1290 3609 1472 3679 ἡμέρα
1506 3608 1600 3662 τοῦ
1646 3610 1800 3680 βασι-

187 3696 336 3761 λέως,
380 3717 402 3749 ι
452 3698 553 3750 καὶ
600 3700 727 3762 τοὺς
772 3699 873 3768 τῆς
907 3699 1253 3769 ἀνοσιότητος
1301 3700 1626 3770 ἀπεδέχοντο
1675 3702 1799 3774 τρό-

192 3804 341 3851 πους.
379 3788 711 3860 Ὡργίζοντο
727 3788 906 3842 τοίνυν
940 3790 1369 3862 μεμεθυσμένοι,
1391 3793 1575 3862 φησιν,
1607 3792 1798 3864 ἀνοσία

201 3880 349 3952 μέθη,
389 3882 497 3934 καὶ
531 3883 649 3944 τοῖς
687 3881 764 3953 μὴ
810 3883 1160 3953 συντρέχουσι
1196 3886 1308 3945 τοῖς
1347 3883 1520 3946 οὕτως
1555 3887 1799 3956 αἰσχροῖς

189 3975 307 4037 τοὺς
355 3973 596 4038 ὀδόντας
629 3973 939 4045 ὲπέτριζον,
963 3975 1174 4044 λοιμοῖς
1223 3977 1653 4040 συνεκτείνοντες
1701 3979 1800 4041 τὰς

185 4065 404 4121 ἑαυτῶν
462 4069 684 4138 χεῖρας.
720 4069 961 4139 Λοιμοὺς
998 4069 1055 4122 δέ
1090 4087 1222 4141 φησι
1254 4071 1381 4133 τοὺς
1414 4069 1623 4141 ὄχλους.
1672 4070 1801 4122 Ἐπ-

179 4161 456 4234 εκρότουν
479 4161 615 4231 γὰρ,
637 4162 826 4232 φησὶν,
845 4163 918 4226 ὡς
939 4161 1094 4234 ἔφην,
1124 4163 1302 4217 καίτοι
1321 4165 1690 4233 παιδαγωγεῖν
1719 4167 1799 4234 είς

178 4253 487 4306 εὐσέϐειαν
520 4253 853 4323 ὀφείλοντες,
883 4254 976 4308 καὶ
1005 4253 1100 4326 τὴν
1131 4255 1224 4308 τοῦ
1256 4255 1627 4326 συμφέροντος
1671 4256 1802 4310 ἀνα-

175 4344 441 4414 καλύψαι
477 4344 691 4416 τρίϐον.
737 4344 880 4398 Ἀλλ’
906 4342 1047 4418 ἦσαν
1091 4346 1284 4418 θερμοὶ
1315 4349 1416 4417 τὴν
1446 4347 1675 4418 καρδίαν
1705 4349 1800 4412 καὶ

170 4438 371 4505 αὐτοὶ,
411 4437 574 4507 φησι,
610 4437 708 4508 τῆς
742 4438 822 4501 εἰς
859 4437 1172 4510 παράϐασιν
1203 4439 1499 4511 ἐπιθυμίας
1533 4441 1634 4512 τὴν
1681 4441 1800 4506 ὀλε-

169 4528 353 4606 θρίαν
385 4530 474 4591 εἰς
501 4529 628 4582 νοῦν
659 4528 945 4600 δεξάμενοι
981 4529 1177 4598 φλόγα.

254 4625 381 4678 Ἔν
413 4622 498 4687 τῷ
527 4623 974 4692 καταρῤάσσειν
998 4622 1241 4688 αὐτοὺς,
1277 4623 1433 4690 ὅλην
1462 4625 1580 4692 τὴν
1609 4624 1801 4688 νύκτα

1894 2129 2218 2184 Mcntientes
2255 2129 2402 2183 enim
2434 2137 2625 2182 contra
2654 2127 2883 2196 gloriam
2936 2129 3108 2199 ipsius
3136 2170 3151 2194 ,
3196 2133 3491 2200 paulatim-

1892 2237 1998 2292 que
2029 2221 2215 2276 turbas
2249 2221 2317 2276 ab
2355 2220 2473 2291 ejus
2517 2220 2812 2276 dilectione
2846 2220 3230 2278 abstrahentes
3268 2225 3476 2282 Scriba:

1893 2326 1949 2370 et
1994 2313 2280 2379 Pharisaei,
2319 2315 2571 2370 fornicati
2617 2322 2746 2369 sunt
2799 2315 3160 2384 spiritualiter
3213 2317 3486 2390 plebeiam

1895 2409 2298 2464 multitudinem
2333 2409 2400 2462 ab
2435 2409 2554 2478 ipso
2580 2416 2921 2464 avertentes.
3059 2475 3070 2484 _

1969 2500 2134 2556 Vsus.
2185 2501 2238 2556 5.
2271 2501 2551 2569 prerunt
2593 2502 2855 2568 principes
2896 2503 3074 2572 {urere
3121 2521 3153 2556 a
3201 2505 3342 2567 uiua,
3401 2521 3495 2559 ea:-

1895 2596 2056 2649 tendit
2086 2611 2298 2649 manum
2321 2611 2472 2649 suam
2496 2610 2612 2648 cum
2637 2594 2888 2664 pestibus,
2925 2596 3052 2665 quia
3082 2612 3331 2652 succensa
3369 2605 3494 2651 sunt

1894 2688 2048 2756 quasi
2078 2686 2318 2740 clibanus
2354 2686 2518 2740 corda
2548 2702 2756 2739 eorum.
3031 2747 3036 2752 ,

1969 2777 2204 2834 LXXIV.
2243 2776 2463 2842 Vinum,
2493 2785 2551 2832 ut
2603 2785 2854 2846 apparet,
2904 2776 3142 2846 appellat
3185 2777 3273 2832 hic
3313 2791 3376 2832 ex
3411 2777 3495 2831 vi-

1899 2885 1997 2926 nea
2034 2869 2396 2924 Sodomorum
2429 2868 2710 2923 inebrians
2749 2867 2939 2933 corda,
2979 2876 3033 2921 et
3065 2869 3295 2921 turbans
3339 2883 3492 2921 men-

1901 2974 2049 3029 tem,
2093 2978 2326 3033 eamque
2387 2961 2694 3031 perniciosa
2734 2968 2787 3014 et
2841 2961 3209 3016 abomiuanda
3244 2960 3483 3031 caligine

1900 3055 2151 3125 implens.
2183 3054 2518 3122 Quibusdam
2556 3053 2722 3124 igitur
2761 3052 3061 3106 novitatem
3094 3051 3390 3106 vitulorum
3417 3051 3495 3104 ius

1903 3148 2300 3214 troduetorum,
2339 3157 2500 3217 atque
2533 3146 2697 3201 etiam
2749 3147 2883 3201 festa
2919 3145 3195 3214 indignius
3260 3143 3486 3198 ferenti-

1901 3241 2024 3306 bus,
2058 3239 2307 3295 nonnulli
2335 3239 2610 3310 principes
2666 3238 2750 3293 ira
2798 3246 3142 3293 exarserunt.
3189 3234 3269 3290 Ne
3300 3245 3488 3291 autem

1908 3333 2226 3399 tacentium,
2254 3342 2309 3387 et
2342 3332 2564 3388 laudare
2595 3346 2700 3386 non
2736 3330 3128 3386 sustinentium
3155 3339 3328 3386 emtas
3358 3345 3483 3400 pru-

1902 3425 2116 3482 dentior
2152 3433 2454 3495 putaretur,
2494 3423 2595 3494 ipsi
2625 3439 2748 3478 cum
2791 3423 2990 3493 populo
3045 3437 3240 3478 manus
3292 3431 3493 3476 exten-

1903 3520 2095 3574 dentes
2154 3509 2533 3573 acclamabant
2580 3517 2813 3572 validius
2865 3517 3047 3572 adhuc
3078 3533 3092 3570 :
3129 3534 3148 3568 ι
3191 3515 3315 3570 Ιίιεο
3360 3516 3481 3570 dies

1903 3612 2045 3682 regis
2076 3651 2090 3676 ,
2129 3629 2147 3662 ι
2189 3611 2348 3681 ιιο
2372 3619 2428 3664 et
2462 3624 2646 3664 mores
2678 3608 2879 3678 impios
2925 3607 3319 3678 approbabunt.
3374 3605 3490 3660 Ira-

1903 3703 2195 3757 scebantur
2251 3703 2434 3772 itaque
2493 3699 2770 3767 inebriati,
2822 3700 3020 3771 inquit,
3073 3697 3340 3753 ebrietate
3367 3711 3490 3752 sce-

1905 3795 2096 3859 lerata,
2133 3804 2186 3850 et
2221 3811 2387 3864 super
2422 3796 2488 3849 iis
2531 3794 2623 3864 qui
2681 3796 2732 3848 in
2773 3803 2881 3847 tam
2928 3793 3070 3863 turpi
3106 3793 3321 3863 negotio
3375 3805 3488 3845 non

1904 3886 2222 3942 conferrent
2280 3902 2545 3956 operam,
2581 3886 2834 3940 dentibus
2896 3884 3230 3948 stridebant,
3292 3898 3488 3938 uiantis

1906 3994 2035 4034 suas
2084 3993 2206 4032 cum
2260 3977 2507 4047 pestibus
2579 3977 2955 4032 extendentes.
3009 3976 3199 4031 Pestes
3257 3975 3493 4046 appellat

1905 4067 2226 4137 popularem
2275 4065 2660 4135 frequentiam.
2725 4065 3146 4136 Applaudebant
3190 4065 3360 4128 enim,
3408 4065 3491 4118 in-

1903 4163 2041 4231 quit,
2072 4170 2130 4214 ut
2165 4159 2275 4214 dixi
2305 4199 2320 4225 ,
2360 4173 2673 4229 quanquam
2699 4158 2838 4213 alios
2888 4159 3110 4214 erudire
3139 4158 3206 4212 ad
3245 4157 3493 4212 rationes

1904 4255 2120 4325 pietatis
2174 4262 2230 4309 et
2283 4252 2539 4307 utilitatis
2587 4252 2691 4307 iter
2742 4253 2984 4322 pandere
3041 4250 3323 4306 deberent.
3382 4248 3492 4305 Sed

1905 4347 2186 4402 fervebant
2238 4345 2495 4401 cordibus
2551 4356 2599 4400 et
2662 4345 2816 4416 ipsi,
2902 4343 3120 4413 inquit,
3179 4342 3492 4413 perniciosa

1903 4441 2124 4496 ﬂamma
2181 4437 2498 4508 cupiditatis
2561 4435 2848 4491 deficiendi
2901 4433 2956 4490 in
3013 4434 3256 4488 animqu
3321 4435 3494 4489 intro-

1904 4549 2094 4590 tmssa.

1976 4625 2140 4681 Vens.
2171 4624 2223 4678 6.
2269 4621 2404 4679 Cum
2453 4621 2554 4691 ipsi
2583 4622 3011 4690 pra’cipitarent,
3067 4630 3233 4673 totum
3288 4629 3493 4674 noctem

165 4713 392 4766 ὕπνου
443 4712 699 4781 Ἐφραῒμ
748 4713 1136 4781 ἀνεπλήσθη.
1169 4713 1328 4782 Πρωῒ
1363 4711 1638 4782 ἐγενήθη,
1694 4715 1793 4770 ἁν-

1907 4736 2088 4781 somno
2134 4717 2386 4785 Ephraim
2441 4717 2669 4782 repletus
2716 4725 2812 4767 est.
2853 4713 3010 4767 Mane
3060 4712 3260 4782 factum
3303 4723 3408 4778 est,
3441 4722 3492 4767 et

164 4807 419 4873 εκαύθη
461 4804 547 4870 ὠς
577 4804 770 4872 πιερὸς
805 4804 1044 4874 φέγγος.

239 4901 387 4954 OE'.
419 4896 628 4968 Ἐφην,
653 4898 734 4950 ὅτι
764 4896 1016 4968 περιδεὴς
1041 4892 1110 4966 ἦν
1139 4896 1274 4964 ἄγαν
1299 4897 1327 4949 ὁ
1353 4895 1616 4969 θεομισὴς
1647 4897 1801 4967 Ἰερο-

167 4990 352 5060 σοάμ,
409 4989 473 5040 ὲν
521 4987 714 5056 μόναις
766 4985 841 5040 ὢν
871 4987 952 5040 ἔτι
997 4990 1119 5050 ταῖς
1152 4986 1376 5058 σκέψεσι
1415 4989 1523 5042 τῶν
1567 4989 1798 5043 ἀνοσίων

162 5080 814 5156 ὲγχειρημάτων.ᾬετο
839 5081 967 5152 γὰρ,
1001 5081 1095 5134 καὶ
1130 5081 1604 5150 σφόδραῖείκότως,
1634 5083 1797 5150 ἀγαν-

1905 4813 2148 4866 incensus
2196 4822 2270 4864 est
2306 4808 2438 4864 velut
2479 4808 2615 4877 ignis
2648 4809 2843 4860 lumen.

1978 4901 2189 4957 LXXV.
2236 4902 2441 4966 Monui,
2493 4900 2807 4963 Jeroboam,
2858 4915 3071 4954 summo
3121 4912 3398 4956 versatum
3438 4902 3493 4955 in

1904 5003 2076 5057 metu,
2111 4993 2234 5048 dum
2265 4993 2444 5046 adhuc
2485 4992 2551 5046 de
2600 4991 2769 5060 impio
2812 4993 3060 5046 facinore
3115 4993 3494 5063 aggrediundo

1903 5087 2249 5144 deliberaret.
2284 5085 2680 5154 Suspicabatur
2731 5084 2904 5150 enim,
2970 5096 3024 5140 et
3063 5085 3282 5154 quidem
3305 5086 3496 5140 rectis-

158 5177 462 5246 ακτήσειν
510 5171 604 5224 τὸν
662 5171 900 5242 Ἰσραὴλ,
971 5173 1019 5224 εἰ
1069 5170 1384 5225 διαπύθοιτό
1432 5191 1485 5226 τι
1532 5172 1793 5240 τοιοῦτον,

154 5269 262 5324 καὶ
288 5265 422 5320 τῶν
451 5263 731 5333 πατρῴων
772 5263 908 5316 ἐθῶν
935 5265 1033 5333 τὴν
1055 5264 1369 5336 παράϐασιν
1405 5267 1505 5319 οὐκ
1529 5267 1586 5320 ἐν
1614 5265 1798 5338 μικρῷ

157 5357 527 5431 ποιήσεσθαι
559 5355 726 5427 λόγῳ.
768 5357 983 5426 Ἐπειδὴ
1012 5358 1070 5410 δὲ
1101 5362 1537 5431 προσπεφώνηκε
1566 5360 1664 5428 μὲν
1685 5363 1799 5424 τοῖς

156 5454 367 5524 ὖχλοις
418 5447 614 5513 αὐτὸς,
671 5449 754 5501 ὅτι
804 5449 910 5520 χρὴ
958 5452 1080 5512 ταῖς
1135 5451 1402 5519 δαμάλεσι
1449 5455 1796 5523 προσκυνεῖνο

159 5548 556 5618 προσήκαντο
585 5543 646 5596 δὲ
675 5543 929 5610 ἀσμένως
957 5543 1056 5615 τὴν
1085 5543 1276 5612 σκέψιν
1318 5544 1497 5610 αὐτοὶ,
1529 5545 1620 5598 καὶ
1662 5547 1797 5612 ὁμοῦ

159 5641 286 5702 τοῖς
324 5636 610 5708 ἄρχουσιν
637 5637 993 5705 ἐπεκράτουν,
1037 5637 1110 5699 ὼς
1141 5636 1277 5707 ὀρθὰ
1313 5638 1414 5691 καὶο
1448 5639 1799 5709 συμφέροντα

163 5731 415 5803 φρονεῖν
469 5743 534 5780 τε
597 5728 692 5781 καὶ
735 5727 871 5799 δρᾷν
919 5727 1208 5799 ᾑρημένον
1261 5729 1472 5800 ἀπέστη
1508 5730 1799 5800 δειμάτων,

164 5819 637 5898 ἀποκεχώρηκεν
681 5819 937 5890 ὑποψίας,
975 5818 1214 5890 εῠθυμός
1248 5839 1304 5875 τε
1337 5822 1559 5877 διετέλει
1597 5823 1800 5891 λοιπον,

1905 5177 2063 5245 sime,
2119 5193 2262 5249 aegre
2327 5176 2567 5230 laturum
2630 5173 2849 5243 Israel,
2894 5177 2937 5230 si
2989 5178 3119 5241 quid
3176 5176 3492 5246 hnjusmodi

1905 5269 2250 5340 comperiret,
2290 5267 2702 5338 patriorumque
2735 5267 2937 5321 rituum
2983 5267 3340 5321 violationem
3375 5279 3481 5318 non

1908 5363 2301 5431 neglecturum.
2364 5360 2658 5430 Postquam
2716 5371 2897 5414 autem
2952 5357 3208 5427 populum
3259 5357 3374 5425 ipse
3422 5356 3490 5410 de

1905 5454 2089 5508 vitulis
2121 5453 2414 5509 aderandis
2452 5451 2822 5520 compellavit,
2869 5459 2924 5504 et
2979 5450 3213 5518 cogitata
3250 5449 3368 5519 ejus
3418 5447 3488 5502 li-

1906 5549 2097 5601 benter
2129 5546 2487 5609 admiserunt,
2517 5553 2573 5601 et
2602 5544 2764 5599 simul
2795 5557 2916 5596 cum
2956 5541 3294 5612 principibus
3333 5543 3490 5610 plau-

1905 5655 2024 5693 sum
2054 5654 2220 5708 super
2243 5653 2308 5694 eo
2347 5639 2631 5701 dederunt,
2670 5647 2926 5704 tanquam
2959 5633 3216 5702 quijusta
3250 5644 3305 5690 et
3367 5634 3488 5691 fru—

1897 5740 2088 5787 ctuosa
2120 5747 2246 5785 cum
2284 5744 2500 5801 sapere,
2534 5739 2646 5784 tum
2677 5727 3273 5794 facereinstituisseut,
3309 5737 3488 5784 terro-

1896 5840 2012 5879 rem
2047 5822 2319 5899 deposuit,
2377 5822 2745 5894 snspicionem
2793 5807 3011 5891 abjecit‘,
3076 5821 3487 5890 tranquilloque
