3982 6508
504 365 607 417 087

1526 365 1580 422 S.
1626 368 1903 422 CYR'LLI
1945 363 2415 422 ALEXANDRINI
2455 359 2772 417 ARCHIEP.
3655 361 3746 413 133

501 479 759 546 deinceps
807 476 991 532 animo
1039 484 1094 533 et
1131 478 1492 546 iucunditatis
1537 484 1700 552 pleno
1759 486 2071 554 permansit.

2186 481 2280 535 καὶ
2321 479 2536 552 τρυφῆς
2579 474 2648 550 ἦν
2687 477 2888 540 πλέως.
2921 475 3128 530 Οὐκουν
3155 491 3214 526 εν
3243 472 3320 542 τῷ
3362 474 3750 544 καταρρἀσσειν

503 572 688 640 Itaque
716 571 840 625 dum
894 572 995 640 ipsi
1048 575 1476 642 praecipitarent,
1514 577 1618 631 hoc
1675 588 1798 643 est,
1834 587 2078 646 tempore

503 663 614 727 ille,
642 665 856 731 quando
891 662 944 717 in
993 665 1287 733 perniciem
1333 673 1388 721 et
1438 666 1720 722 interitum
1769 670 2078 740 prmeipites

502 753 948 819 devolvebantur,
977 766 1281 811 annuentes
1315 766 1370 812 et
1419 760 1782 816 assentientes
1829 761 1925 822 illi,
1969 761 2079 814 dis-

502 845 918 915 t-essionernque
953 862 984 901 a
1036 849 1332 904 dileclione
1364 865 1493 921 erga
1539 851 1705 907 Deum
1735 853 2074 922 amplecten-

503 943 604 1000 tes,
636 943 786 1000 tunc,
814 938 1010 1008 inquit,
1039 938 1440 1008 Epliraim,ltoc
1471 953 1576 1010 est,
1604 958 1634 998 e
1653 946 1794 999 tribu
1821 943 2075 1012 Epltraim

503 1035 798 1093 prognatus
833 1025 1146 1094 Jeroboam,
1200 1047 1219 1082 ι
1261 1040 1427 1086 totam
1479 1045 1692 1090 noctem
1733 1035 2008 1088 dormivit.
2051 1053 2070 1088 ι

500 1115 578 1168 Ac
603 1116 649 1170 si
675 1116 881 1173 diceret
909 1134 922 1170 :
947 1117 1080 1172 Cum
1100 1130 1258 1175 antea
1287 1137 1352 1177 ex
1379 1123 1662 1180 timoribus
1695 1135 1750 1181 et
1772 1127 2080 1196 suspicione

500 1207 832 1277 evigilasset,
866 1225 995 1265 cura
1020 1212 1133 1281 jam
1166 1229 1372 1271 vacuus
1427 1216 1494 1273 de
1536 1228 1735 1274 caetero
1769 1220 2074 1291 triumpha-

501 1298 595 1352 bat
621 1301 839 1370 gaudio,
868 1311 923 1357 et
953 1304 1100 1358 molli
1137 1305 1188 1358 in
1236 1307 1434 1362 lectulo
1481 1317 1594 1364 tota
1636 1320 1793 1364 nocte
1830 1327 2076 1381 somnum

503 1391 792 1458 carpebat;
843 1402 928 1446 ast
953 1393 1043 1448 ubi
1097 1396 1256 1452 terris
1303 1400 1512 1454 reddita
1555 1401 1645 1456 lux.
1693 1411 1808 1468 est,
1865 1403 2080 1461 fervore

502 1482 638 1536 alios
667 1487 962 1552 superavit.
1002 1506 1019 1539 ι
1064 1487 1374 1546 Sncccnsus
1409 1501 1492 1546 est
1537 1496 1682 1548 enim
1733 1498 1886 1565 quasi
1941 1498 2080 1567 ignis

501 1575 681 1630 lumen
718 1592 812 1632 seu
843 1577 1083 1646 llamma,
1125 1601 1143 1635 ι
1181 1598 1398 1653 unaque
1433 1600 1554 1640 cum
1593 1587 1790 1656 p0pulo
1820 1589 2077 1654 incaluit;

499 1682 597 1723 nec
644 1669 710 1723 ad
759 1680 1016 1740 punctum
1086 1677 1345 1745 temporis
1396 1693 1508 1732 rem
1563 1679 1936 1749 prolatandum
1967 1699 2078 1737 .ra-

499 1770 624 1826 tus,
673 1763 811 1816 mira
863 1764 1146 1820 alacritate
1202 1768 1448 1825 nefandae
1494 1771 1790 1828 molitionis
1832 1789 1967 1844 opus
2013 1775 2078 1829 ad

497 1851 748 1907 effectum
781 1854 954 1923 palam
983 1857 1260 1924 perduxit.

569 1941 736 1999 Vens.
798 1945 850 2000 7.
906 1946 1099 2002 Omnes
1146 1951 1391 2019 calefacti
1443 1961 1606 2016 sunt,
1649 1955 1802 2024 quasi
1837 1954 2078 2010 clibanus

498 2036 659 2087 corda
699 2052 879 2090 eorum
908 2077 922 2101 ,
963 2051 1009 2093 et
1057 2040 1395 2096 comederunt
1421 2044 1630 2110 judices
1679 2062 1822 2100 suos.
1883 2045 2078 2100 Omnes

497 2141 640 2194 reges
667 2143 846 2181 eorum
873 2131 1193 2197 ceciderunt,
1232 2148 1336 2186 non
1367 2144 1480 2188 erat
1511 2135 1654 2190 inter
1680 2136 1801 2190 illos
1825 2137 2076 2193 invocans

494 2219 563 2270 ad
583 2232 683 2272 me.

567 2308 807 2387 LXXVI.
844 2312 983 2367 Vera
1008 2313 1174 2383 igitur
1203 2331 1322 2384 quae
1345 2317 1478 2381 dixi,
1503 2318 1799 2373 calefactus
1831 2329 1912 2375 est
1929 2320 2076 2374 enim

493 2401 844 2456 detestandus
869 2400 1180 2472 Jeroboam,
1204 2414 1257 2461 et
1278 2393 1575 2462 succ'eusus
1600 2419 1655 2462 ut
1679 2407 1891 2462 ﬂamma
1913 2409 2073 2480 ignis.

493 2487 632 2544 Num
670 2491 833 2560 igitur
874 2494 1017 2548 illius
1055 2504 1261 2550 tantum
1305 2497 1494 2554 audaci
1529 2497 1771 2553 facinore
1824 2501 2076 2569 impietas

492 2596 552 2637 se
576 2585 882 2640 continuit?
914 2586 1069 2657 ιιι
1096 2587 1467 2659 Nequaquam,
1491 2592 1601 2656 ait;
1628 2609 1646 2642 ι
1673 2583 1918 2648 calefacti
1947 2605 2077 2648 sunt

489 2674 634 2728 enim
677 2690 903 2742 omnes,
963 2696 982 2730 ι
1027 2679 1192 2734 etiam
1245 2695 1596 2738 successores
1637 2681 1775 2750 ejus,
1819 2692 1878 2738 et
1917 2684 2076 2739 istius

489 2765 686 2821 caloris
713 2768 980 2825 exitiosus
1030 2771 1168 2841 ignis
1211 2787 1402 2828 omnes
1449 2789 1638 2830 eorum
1685 2776 1896 2846 judices
1947 2791 2075 2833 cou-

487 2858 753 2926 sumpsit,
785 2869 839 2913 et
868 2874 1022 2929 reges
1056 2878 1179 2917 eum
1208 2875 1424 2920 secutos
1476 2866 1721 2922 sustulit.
1772 2866 1888 2923 Non
1925 2871 2070 2923 enim

489 2947 593 3004 fuit
624 2951 765 3005 inter
792 2952 932 3017 illos,
974 2956 1062 3023 qui
1101 2971 1187 3011 me
1226 2957 1459 3013 adorare
1517 2959 1700 3028 vellet,
1748 2970 1803 3016 et
1853 2962 2074 3016 univer~

488 3056 671 3096 sorum
709 3041 817 3098 Deo
855 3047 1270 3115 supplicandum
1300 3065 1583 3121 censeret,
1635 3063 1689 3109 et
1713 3055 1778 3110 de
1819 3069 1944 3110 vera
1982 3070 2073 3110 co-

487 3139 732 3208 gnitione
772 3140 863 3195 Dei
904 3145 1380 3201 condecoraretur.

558 3316 724 3373 Vens.
761 3319 813 3374 8.
846 3318 1106 3390 Ephraim
1133 3323 1186 3376 in
1221 3323 1427 3392 populis
1461 3326 1571 3380 suis
1608 3327 2065 3384 commiscebatur.

487 3407 748 3474 Ephraim
792 3410 965 3480 factus
1009 3426 1084 3469 eu
1143 3417 1552 3486 subcinericius,
1602 3421 1694 3492 qui
1743 3437 1848 3474 non
1893 3437 2068 3476 rever-

484 3511 658 3554 satur.

557 3589 822 3646 LXXVII.
861 3591 1116 3650 Graviter
1149 3597 1626 3671 vituperat,penes
1670 3585 1806 3671 quos
1834 3615 1902 3656 ex
1928 3602 2068 3657 tribu

483 3682 742 3754 prraim
794 3687 968 3742 honor
1005 3688 1189 3759 regius
1221 3698 1339 3744 erat
1381 3693 1432 3745 in
1464 3691 1736 3758 Samaria,
1767 3694 1858 3764 qui
1886 3693 2062 3750 nihilo

485 3778 680 3832 melius
738 3794 899 3848 quam
960 3781 1204 3846 subditi,
1239 3790 1293 3836 et
1350 3783 1520 3836 infimi
1591 3786 1796 3855 quique
1839 3786 2066 3841 animati

482 3874 667 3921 essent
698 3885 712 3934 ;
762 3869 856 3922 sed
887 3871 938 3922 in
975 3870 1230 3924 omnibus
1265 3887 1386 3926 cum
1421 3873 1527 3928 illis
1573 3887 1982 3946 congruerent,
2015 3887 2070 3932 et

483 3956 586 4010 levi
625 3967 900 4012 momento
935 3975 1258 4030 quocunque
1287 3979 1389 4017 una
1425 3965 1761 4034 auferentur,
1796 3982 1919 4022 cum
1948 4007 1964 4032 ,
2011 3977 2070 4022 ut

483 4053 647 4104 duces
677 4065 740 4104 ac
772 4051 1043 4122 principes
1093 4055 1158 4108 ad
1206 4056 1460 4112 virtutem
1503 4060 1697 4126 praeire
1733 4062 1914 4130 potius
1947 4099 1962 4124 ,
2015 4069 2070 4113 et

481 4144 550 4197 ad
605 4144 832 4198 salutem
885 4143 1099 4202 illorum
1159 4151 1488 4217 pertinentia
1543 4152 1841 4220 perfectius
1898 4151 2070 4205 subli-

483 4236 732 4307 miusque
789 4241 1101 4309 perspicere
1126 4256 1219 4296 eos
1275 4253 1576 4312 oporteret,
1631 4245 1779 4311 quod
1840 4243 2068 4298 minimc

481 4330 843 4399 praestabant:
875 4347 1058 4387 verum
1087 4335 1584 4389 commiscebantur
1619 4336 1778 4405 vulgo
1801 4377 1815 4400 ,
1879 4337 2065 4390 eadem

480 4432 536 4477 et
574 4423 768 4493 azquali
800 4427 1076 4480 dementia
1109 4442 1300 4481 omnes
1338 4436 1705 4496 aegrotantes;
1766 4430 2065 4496 pertinacia

482 4515 707 4585 insuper
743 4521 796 4572 in
833 4518 1186 4586 improbitate
1218 4528 1270 4574 et
1322 4523 1665 4573 contumacia
1721 4521 2025 4577 voluntatis
2048 4563 2064 4588 ,

2178 573 2395 635 αὐτοὺς,
2418 572 2684 635 τουτέστι,
2726 571 2846 622 κατ’
2870 570 3044 622 ἐκεῖνο
3070 565 3285 637 καιροῦ,
3315 566 3402 618 ὅτε
3432 565 3746 621 κατέπιπτον

2179 669 2257 730 είς
2303 665 2522 736 δλεθρον
2557 664 2651 716 καὶ
2686 661 2982 724 ἀπώλειαν,
3031 658 3522 728 συγκατανεύοντές
3576 676 3632 711 τε
3663 661 3749 713 καὶ

2181 758 2556 820 συναινοῦντες
2585 755 2751 826 αὐτῷ,
2783 755 2878 807 καὶ
2909 754 3007 824 τῆς
3038 753 3117 814 είς
3145 749 3276 804 Θεὸν
3309 749 3526 820 ἀγάπης
3562 750 3751 819 τιμῶν-

2178 867 2269 914 τες
2313 849 2412 920 τὴν
2459 847 2792 920 παράϐασιν,
2827 845 2947 898 τότε
2994 843 3180 913 φησὶν,
3218 843 3247 894 ὁ
3304 839 3564 910 Ἐφςαῒμ,
3609 858 3751 894 τουτ-

2180 942 2351 1008 ἐστιν,
2407 943 2436 995 ὀ
2488 942 2552 994 ἐκ
2587 938 2758 1009 φυλῆς
2792 935 3030 1008 Ἐφραῖμ
3072 932 3372 1005 Ὶεροὸοὰμ,
3409 949 3426 983 t
3463 932 3588 1002 ὅλην
3621 934 3754 985 ὲκοι-

2183 1033 2330 1106 μήθη
2382 1034 2482 1104 τὴν
2532 1032 2720 1086 νύκτα.
2772 1049 2792 1082 ι
2851 1030 3074 1099 Ὅμοιον
3121 1026 3198 1089 ὡς
3255 1027 3304 1077 εί
3357 1023 3525 1091 λέγοιο
3569 1023 3753 1077 Καίτοι

2180 1129 2347 1181 πάλαι
2377 1126 2749 1198 διεγρηγορὼς
2777 1125 2840 1177 ὲκ
2871 1122 3142 1191 δειμάτων
3164 1118 3258 1173 καὶ
3281 1115 3536 1186 ὑποψίας,
3566 1116 3756 1184 ἄφρον·

2179 1234 2264 1280 τις
2300 1215 2377 1270 ὢν
2435 1215 2646 1286 ἐτρύφα
2693 1213 2899 1278 λοιπὸν,
2933 1212 3026 1266 καὶ
3063 1211 3121 1263 ὲν
3165 1208 3437 1280 μαλακαῖς
3474 1201 3542 1277 ἦν
3582 1206 3755 1268 εὐναῖς

2179 1309 2308 1378 ὅλην
2339 1309 2438 1378 τὴν
2467 1307 2639 1361 νύκτα
2676 1305 3038 1375 κοιμώμενος,
3083 1301 3269 1372 ἐπειδὴ
3299 1299 3356 1353 δὲ
3383 1297 3526 1370 πρωῒ
3553 1297 3754 1366 γέγονε,

2181 1399 2507 1472 Θερμότερος
2540 1394 2608 1469 ἦν
2637 1397 2746 1449 τῶν
2779 1395 3011 1450 ἅλλων.ι
3035 1389 3335 1461 Ἀνεκαύθη
3363 1389 3470 1460 γὰρ
3491 1388 3565 1451 ὡς
3596 1387 3759 1458 πυρὸς

2181 1493 2399 1561 φέγγος,
2437 1510 2454 1542 ι
2493 1491 2587 1544 καὶ
2633 1492 2742 1553 τοῖς
2770 1487 2950 1558 δχλοις
2985 1481 3466 1554 συνεθερμαίνετο,
3497 1480 3605 1532 οὐδ’
3645 1479 3760 1530 ὅσον

2180 1585 2354 1636 εἰπεῖν
2389 1580 2701 1652 μελλησμοῦ
2743 1579 2841 1649 τὴν
2880 1576 3134 1631 ὑπόθεσιν
3161 1574 3350 1640 ἀξιῶν,
3391 1571 3507 1625 ἀλλ’
3555 1573 3633 1634 εἰς
3671 1571 3760 1623 πέ-

2184 1692 2282 1747 ρας
2327 1675 2498 1741 ἅγων,
2529 1674 2622 1726 καὶ
2659 1671 2803 1741 μάλα
2844 1669 3162 1741 προθύμως,
3196 1666 3306 1722 τῶν
3335 1665 3567 1720 ἀνοσίων
3599 1666 3764 1734 ἔγχει·

2185 1767 2444 1838 ρημάτων
2472 1765 2568 1834 τὴν
2596 1759 2879 1827 ἀνάδειξιν.

2254 1943 2487 2008 Πάντες
2509 1941 2980 2012 ἐθερμάνθησαν,
3003 1942 3084 2008 ὡς
3116 1943 3405 2007 κλίϐανος
3437 1943 3500 1995 αἱ
3535 1939 3764 2008 καρδίαι

2184 2033 2402 2097 αὐτῶν,
2440 2033 2540 2088 καὶ
2569 2033 2908 2104 κατέφαγον
2943 2034 3086 2100 τοὺς
3119 2033 3322 2102 κριτὰς
3359 2032 3584 2089 αὐτῶν.
3617 2032 3766 2086 Πάν-

2184 2143 2283 2192 τες
2317 2130 2370 2180 οἱ
2395 2125 2680 2192 ,βασιλεῖς
2709 2125 2910 2181 αὐτῶν
2938 2126 3185 2192 ἕπεο-ον,
3215 2128 3326 2181 οὐκ
3355 2123 3436 2197 ἦν
3465 2127 3537 2180 ἐν
3574 2125 3769 2192 αὐτοῖς

2185 2219 2218 2270 ό
2249 2216 2731 2286 ἐπικαλούμενος
2757 2217 2906 2284 πρός·
2931 2234 3029 2286 με.

2254 2310 2389 2378 OG".
2443 2308 2642 2380 ’Δληθῆ
2671 2309 2768 2378 μὲν
2787 2305 2878 2363 οὖν
2909 2308 3052 2382 ἅπερ
3085 2309 3245 2379 ἔφην·
3273 2308 3650 2379 τεθέρμανται
3672 2305 3773 2377 γὰρ

2182 2402 2233 2455 οἱ
2261 2401 2406 2470 ἀμφὶ
2435 2401 2526 2454 τὸν
2569 2401 2842 2472 ἐπάρατον
2890 2400 3194 2472 Ἰεροὸοὰμ,
3245 2401 3344 2454 καὶ
3401 2399 3773 2469 ἀνεκαύθησαν

2181 2494 2258 2558 ὡς
2293 2494 2461 2564 πυρὸς
2492 2494 2716 2563 φέγγος.
2747 2477 2874 2564 Ἆρ’
2911 2489 3003 2547 οὖν
3038 2495 3200 2565 μέχρι
3229 2494 3339 2547 τῶν
3372 2495 3572 2564 ὲκείνῳ
3605 2491 3776 2546 τετολ-

2187 2587 2445 2659 μημένων
2471 2588 2539 2640 τὰ
2576 2588 2678 2657 τῆς
2708 2585 3024 2649 δυσσεϐείας
3060 2585 3456 2657 προϐέϐηκεν;
3488 2583 3772 2656 Οὐδαμῶς,

2184 2675 2369 2746 φησίνο
2395 2695 2412 2728 ι
2435 2675 2850 2748 ὲθερμάνθησαν
2865 2675 2975 2748 γὰρ
3005 2676 3224 2742 πάντες,
3253 2694 3271 2727 t
3293 2677 3405 2730 καὶ
3425 2679 3474 2732 οἱ
3500 2678 3617 2748 μετ’
3649 2675 3783 2729 ἐκεῖ·

2183 2784 2271 2822 νον
2302 2767 2402 2832 ἔτι,
2435 2768 2529 2821 καὶ
2559 2769 2658 2838 τῆς
2687 2767 2940 2839 τοιαύτης
2971 2767 3274 2839 θερμασίας
3302 2768 3384 2823 ἐδ
3418 2769 3662 2838 ὀλέθριον
3683 2764 3784 2838 πῦρ

2181 2859 2399 2923 πάντας
2433 2859 2533 2929 μὲν
2567 2859 2747 2913 αὐτῶν
2784 2859 3128 2932 δεδαπάνηκε
3174 2861 3302 2924 τοὺς
3359 2860 3580 2932 κριτὰς,
3611 2859 3780 2913 ἀνεῖλε

2180 2951 2237 3004 δὲ
2286 2953 2378 3003 καὶ
2421 2951 2630 3014 πάντας
2678 2952 2804 3015 τοὺς
2849 2951 3087 3022 καθεξῆς
3141 2955 3260 3023 μετ’
3299 2954 3516 3006 ἐκεῖνον
3565 2952 3778 3024 βεϐασι-

2178 3042 2459 3106 λευκότας.
2498 3043 2572 3095 Ού
2608 3043 2715 3112 γὰρ
2742 3037 2810 3113 ἦν
2842 3045 2900 3096 ὲν
2932 3045 3115 3104 αὐτοῖς
3139 3046 3168 3097 ὁ
3203 3047 3547 3115 προσκυνεῖν
3586 3041 3781 3095 ἐθέλων

2181 3135 2304 3206 ἐμὲ,
2339 3135 2434 3188 καὶ
2456 3135 2546 3188 τὸν
2571 3134 2681 3188 τῶν
2711 3135 2847 3189 ὅλων
2876 3135 3009 3189 Θεὸν
3034 3135 3386 3208 ὲκλιπαρεῖν,
3417 3134 3654 3208 ἀληθοῦς
3677 3134 3782 3188 θεο-

2105 3239 2147 3296 c
2183 3227 2422 3297 γνωσίας
2457 3226 2596 3297 ἔχων
2626 3229 2715 3297 ἐφ’
2746 3227 2928 3299 ἑαυτῷ
2952 3228 3018 3282 τὰ
3045 3229 3374 3299 αὐχήματα.

2259 3317 2506 3386 Ἐφραῒμ
2569 3319 2640 3372 ἐν
2692 3319 2819 3386 τοῖς
2870 3319 3043 3386 λαοῖς
3090 3318 3282 3373 αὑτοῦ
3351 3319 3782 3390 συνεμίγνυτα

2185 3413 2434 3484 Ἔφραϊμ
2467 3412 2707 3483 ἐγένετο
2744 3414 3078 3486 ἐγκρυφίας
3116 3414 3189 3469 οὐ
3231 3415 3781 3485 μετατρεςρόμενος.

2242 3589 2360 3646 OZ'.
2402 3589 2720 3661 Καταψέγει
2749 3589 2872 3644 λίαν
2915 3591 3046 3654 τοὺς
3088 3589 3155 3643 ἐκ
3189 3589 3380 3661 φυλῆς
3419 3591 3671 3664 Ἐφρατμ
3698 3590 3788 3658 τὴν

2181 3682 2431 3754 βασιλίδα
2479 3683 2645 3754 τιμὴν
2679 3682 3032 3753 ἀνημμένους
3062 3682 3157 3736 ἐπὶ
3199 3683 3300 3738 τὸν
3345 3686 3578 3757 Ἰσραὴλ
3620 3686 3678 3739 ὲν
3727 3685 3789 3754 τῇ

2171 3777 2499 3848 Σαμαρείᾳ,
2543 3777 2620 3840 ὡς
2675 3775 2833 3829 οὐδὲν
2882 3776 3107 3846 ἄμεινον
3155 3775 3268 3829 τῶν
3323 3778 3437 3831 ὑπὸ
3490 3781 3653 3850 χεῖρα
3710 3778 3795 3830 καὶ

2170 3869 2441 3938 ἀγελαὶων
2493 3873 2716 3939 φρονεῖν
2773 3867 3067 3932 εἰωθότας·
3107 3868 3226 3922 ἀλλ’
3273 3873 3360 3935 εἰς
3423 3871 3577 3928 ἅπαν
3619 3871 3797 3932 αὐτοῖς

2173 3961 2502 4024 συνθέοντάς
2527 3978 2589 4013 τε
2619 3961 2715 4015 καὶ
2767 3961 3331 4032 συναποφερομένους
3375 3964 3650 4030 εὐκόλως,
3683 3963 3798 4017 καί-

2169 4070 2251 4106 τοι
2285 4053 2439 4117 δέον,
2489 4053 2565 4115 ὡς
2604 4053 2975 4124 ἡγουμένους,
3017 4053 3281 4121 ποδηγεῖν
3323 4055 3412 4118 είς
3458 4055 3523 4108 τὸ
3572 4053 3792 4124 ἀγαθὸν,

2171 4147 2265 4197 καὶ
2291 4144 2652 4214 ὑψηλοτέραις
2683 4145 3006 4214 διασκέφεσι
3033 4144 3094 4197 τὸ
3123 4144 3321 4197 τελοῦν
3353 4147 3554 4211 αὐτοῖς
3588 4149 3671 4211 είς
3701 4162 3799 4198 σω·

2170 4237 2367 4306 τηρίαν
2421 4239 2574 4308 ὀρᾷν.
2640 4236 2800 4291 Ἀλλὰ
2842 4235 3002 4290 τοῦτο
3045 4235 3144 4306 μὲν
3185 4238 3291 4290 οὐκ
3334 4239 3555 4310 ἔδρων·
3617 4254 3797 4292 συναν-

2171 4329 2445 4399 εφύροντο
2475 4329 2533 4382 δὲ
2571 4332 2683 4394 τοῖς
2720 4328 2922 4399 ὄχλοις,
2968 4328 3097 4398 μίαν
3154 4329 3203 4381 οί
3257 4330 3481 4396 πάντες
3521 4331 3620 4386 καὶ
3681 4330 3797 4399 ἴσην

2172 4420 2589 4493 ἀρρωστοῦντες
2622 4421 2722 4492 τὴν
2756 4419 3016 4473 ἀϐουλίαν
3044 4460 3060 4485 ,
3107 4420 3204 4474 καὶ
3235 4422 3386 4492 πρός
3425 4439 3497 4491 γε
3548 4422 3708 4477 τοῦτο
3743 4419 3799 4471 τὸ

2170 4513 2406 4584 ἔμμονον
2434 4515 2515 4577 είς
2541 4515 2880 4584 φαυλότητα,
2917 4513 3014 4567 καὶ
3053 4513 3489 4587 ἀμεταποίητον
3519 4517 3623 4588 τῆς
3669 4511 3805 4584 γνὼ-

481 4607 696 4676 penitus
723 4623 830 4663 non
882 4608 1231 4673 dimittentis,
1287 4623 1406 4677 qure
1433 4607 1614 4664 facere
1641 4609 1944 4673 statuisset,
1986 4620 2066 4665 ta-

2185 4625 2303 4678 qu,
2333 4607 2392 4660 οὑ
2424 4607 2754 4678 μεθιεμένης
2803 4605 3084 4669 παντελῶς
3111 4645 3126 4670 ,
3174 4599 3255 4660 ὧν
3300 4609 3372 4662 ἂν
3423 4608 3615 4664 ἕλοιτο
3650 4609 3810 4680 δρᾷν,

483 4701 639 4754 metsi
671 4717 732 4756 ea
766 4712 972 4771 pestem
1004 4711 1059 4756 et
1089 4700 1371 4756 interitum
1394 4701 1501 4757 illis
1544 4701 1824 4758 afferrent.
1864 4702 2064 4758 Panem

481 4793 664 4864 itaque
737 4795 1159 4850 subcinericium
1220 4810 1325 4849 non
1383 4805 1724 4850 reversatum
1795 4797 2060 4867 Epltraim

480 4884 680 4940 factum
718 4901 840 4941 esse
893 4896 1162 4952 autumat,
1207 4904 1335 4944 usus
1383 4889 1622 4960 imagine
1682 4905 1774 4945 seu
1809 4892 2065 4961 exemplo

478 4993 680 5046 panum
705 4993 869 5047 super
894 4977 1164 5047 lapidibus
1198 4990 1526 5047 assatorum,
1556 4996 1692 5050 quos
1720 4983 1823 5035 nisi
1853 4997 2061 5045 verses,

479 5071 641 5140 plane
689 5070 863 5135 exuri,
910 5070 1095 5140 etiam
1128 5071 1344 5127 inutiles
1400 5073 1612 5140 videri,
1665 5081 1720 5126 et
1769 5074 1912 5142 quod
1949 5073 2066 5129 esui

478 5173 596 5216 crat
632 5163 910 5228 idoneum,
943 5162 1231 5218 immodica
1275 5163 1493 5218 flamma
1534 5166 1806 5234 corrumpi
1844 5181 2066 5221 necesse

477 5261 580 5308 est.

552 5430 716 5486 Vens.
737 5433 790 5486 9.
818 5432 1170 5490 L'omederunt
1203 5438 1366 5492 alieni
1397 5437 1530 5491 vires
1562 5455 1673 5508 ejus
1695 5479 1711 5506 ,
1746 5439 1854 5508 ipse
1889 5449 2066 5492 autem

482 5527 844 5595 noncognovit
879 5543 898 5581 :
937 5512 1140 5582 ειεαηὶ
1168 5530 1522 5601 eﬂluruerunt,
1575 5540 1626 5585 et
1671 5532 1780 5601 ipse
1822 5548 1924 5585 non
1970 5548 2062 5584 co-

482 5619 678 5686 gnovt't.

559 5709 836 5766 LXXVI“.
888 5714 1110 5769 Alienos
1148 5715 1391 5771 nominat
1434 5716 1766 5788 alienigenas
1798 5759 1812 5783 ,
1867 5726 1922 5771 et
1967 5730 2064 5769 ex—

494 5808 663 5867 teros,
693 5801 886 5858 Persas
910 5818 1063 5873 puta,
1097 5816 1150 5861 et
1179 5806 1416 5864 confines
1475 5808 1714 5872 illorum,
1744 5808 2061 5874 vicinosque

2173 4700 2274 4754 κᾶν
2303 4701 2351 4753 εἰ
2385 4699 2607 4770 ὀλέθρου
2639 4697 2876 4769 πρόξενα
2905 4698 2998 4752 καὶ
3040 4698 3327 4765 ἀπωλείας
3390 4704 3592 4768 αὐτοῖς
3629 4702 3744 4757 ὑπά
3759 4723 3815 4775 ρ-

2172 4811 2257 4864 χει
2290 4792 2469 4848 ταυτί.
2519 4791 2858 4858 Ἐγκρυφίαν
2897 4790 2963 4862 δὴ
2997 4786 3092 4844 οὖν
3142 4790 3203 4843 ού
3260 4795 3814 4868 μεταστρεφόμενον

2170 4883 2500 4955 γεγενῆσθαί
2544 4900 2676 4953 φησι
2712 4882 2802 4937 τὸν
2844 4881 3107 4954 Ἐφραῒμ,
3142 4881 3221 4945 ὡς
3253 4884 3320 4951 ἐξ
3353 4887 3606 4953 εἰκόνος,
3640 4888 3815 4959 ἤγουν

2171 4976 2618 5048 παραδείγματος
2656 4975 2765 5030 τῶν
2804 4974 2898 5027 ὲπὶ
2935 4973 3106 5036 λίθοις
3158 4974 3533 5046 ὀπτωμένων
3584 4976 3772 5048 ἄρτων
3803 5011 3812 5031 ι

2171 5067 2286 5133 οὓς,
2325 5069 2371 5120 εί
2416 5069 2490 5138 μή
2537 5085 2620 5130 τις
2656 5066 3045 5138 μεταστρέφοι,
3093 5067 3252 5119 πᾶσα
3316 5069 3526 5141 δήπως
3587 5061 3805 5138 ἀνάγκη

2165 5160 2640 5233 καταφρύττεσθαί
2692 5177 2753 5212 τε
2815 5159 2910 5213 καὶ
2967 5158 3230 5230 ἀχρείους
3278 5163 3538 5233 ὁρᾶσθαι
3594 5163 3801 5225 λοιπὸν,

2165 5255 2261 5308 καὶ
2324 5256 2391 5327 τῇ
2447 5253 2546 5324 τῆς
2599 5252 2796 5322 φλογὸς
2856 5251 3089 5325 ἀφθονίᾳ
3136 5251 3502 5324 ζημιοῦσθαι
3553 5258 3617 5312 τὸ
3677 5254 3806 5312 ἐδώ-

2162 5346 2336 5416 διμον.

2235 5432 2587 5503 Κατέφαγον
2623 5433 2929 5499 ἀλλότριοι
2959 5429 3075 5499 τὴν
3110 5433 3314 5502 ἰσχὺν
3347 5439 3582 5502 αὑτοῦ,
3622 5437 3803 5503 αὐτὸς

2163 5526 2231 5580 δὲ
2253 5529 2365 5581 οὐκ
2407 5529 2590 5597 Era-ar
2641 5527 2740 5580 καὶ
2791 5526 2993 5582 πολιαὶ
3045 5525 3432 5597 ἐξήνθησαν
3472 5531 3667 5598 αὐτῷ,
3705 5531 3800 5585 καὶ

2164 5620 2348 5686 αὐτὸς
2374 5622 2485 5673 οὐκ
2515 5619 2687 5689 ἔγνω.

2239 5715 2367 5765 Oll'.
2428 5712 2766 5781 Ἀλλοτρίους
2823 5711 3078 5785 ὀνομάζει
3117 5712 3255 5778 τοὺς
3295 5715 3661 5788 ἀλλοφύλους
3710 5717 3799 5770 καὶ

2167 5806 2529 5878 ἑτερογενεῖς,
2576 5805 2786 5875 Πέρσας
2846 5806 2909 5875 δὴ
2961 5806 3142 5872 λέγω,
3207 5808 3315 5861 καὶ
3376 5813 3514 5875 τοὺς
3559 5811 3796 5882 ὁμόρους
