3982 6452
165 354 261 410 189

1101 343 1663 403 COMMENTARIUS
1704 342 1770 398 ΙΝ
1811 342 2049 401 OSEAM
2092 342 2549 403 PROPHETAM.

3376 352 3481 410 190

162 468 347 529 αὐτοῖς
373 506 389 529 ,
445 465 543 519 καὶ
575 464 827 534 γείτονας
876 463 1209 527 Μωαϐίτας,
1272 462 1366 517 καὶ
1412 461 1777 533 Ἰδουμαίους,

1915 461 2175 532 Ioabitas,
2240 474 2294 520 et
2338 463 2629 528 Idumaeos,
2675 472 2729 520 et
2776 464 3040 537 Syrorum
3099 474 3351 536 gentem,
3386 470 3480 537 qui

164 560 251 614 καὶ
279 558 356 613 τὰ
388 558 584 628 Σύρων
623 555 797 626 ἔθνη,
839 556 889 609 οἳ
933 556 1219 627 μονονουχὶ
1257 555 1660 626 κατεδηδόκασι
1691 554 1783 609 τὸν

173 653 443 723 Ἑφραῖμ.
492 651 717 721 Ἐπειδὴ
743 650 857 721 γὰρ
886 650 1049 721 ἄρτον
1088 649 1253 705 αὑτὸν
1299 647 1608 720 ἐγκρυφίαν
1652 646 1782 719 ἔφη,

166 746 485 818 μεμένηκεν
521 746 582 799 ἐν
614 747 682 815 τῇ
734 744 832 798 τοῦ
862 743 1026 811 λόγου
1068 744 1270 813 τροπῇ.
1314 742 1488 812 Ἰσχὺν
1514 741 1573 818 δέ
1616 740 1785 795 αὑτοῦ

162 815 289 907 ima;
320 834 429 907 τὴν
476 834 725 907 ἀριθμοῦ
765 833 1057 906 κρείττονα
1089 832 1325 905 πληθύν.
1361 815 1788 904 Πολυανδροῦσα

161 930 262 1000 γὰρ
292 929 425 985 λίαν
454 931 492 1001 ἠ
523 928 696 1001 φυλὴ,
734 928 975 1001 μάλιστα
1003 926 1100 982 τοῦ
1139 925 1408 1000 Ἐφραῖμ,
1439 926 1534 981 καὶ
1575 924 1789 996 ὑψηλὴν

162 1024 248 1077 ἐπὶ
280 1022 472 1095 τούτῳ
502 1022 608 1094 τὴν
648 1023 828 1094 ὀφρὺν
868 1022 1249 1085 ἀνατείνουσα,
1285 1019 1436 1091 δεινὴ
1469 1020 1565 1074 καὶ
1590 1020 1791 1073 ἀναντ-

166 1115 475 1186 αγώνιστος
504 1115 649 1188 ᾤετό
698 1134 807 1172 που
838 1117 936 1171 καὶ
970 1116 1157 1180 αὐτοῖς
1189 1114 1412 1169 ἔσεσθαι
1439 1115 1555 1177 τοῖς
1603 1112 1793 1167 ’Δσσυο

169 1207 292 1280 ρίων
333 1207 721 1279 καθηγηταῖς,
747 1208 870 1279 ἦτοι
896 1208 1246 1278 στρατηγοῖς.
1278 1202 1499 1275 Ἐπειδὴ
1526 1202 1584 1256 δέ
1614 1218 1792 1272 παρα·

168 1303 428 1371 γεγόνασι
446 1301 547 1356 τὸν
564 1303 689 1355 κατ’
707 1302 891 1355 αὐτῶν
920 1302 1189 1373 ἀράμενοι
1207 1299 1463 1367 πόλεμον,
1483 1294 1693 1349 ἀκονιτὶ
1714 1294 1793 1348 δε-

166 1394 503 1465 δαπάνηται,
530 1395 631 1449 καὶ
650 1395 850 1465 ἡγοντο
871 1393 1007 1466 πρὸς
1032 1390 1437 1464 αἰχμαλωσίαν.
1456 1387 1621 1453 Ἀλλ’,
1646 1387 1794 1441 «Οὐκ

166 1488 324 1558 ἔγνω,
349 1507 373 1541 ι
401 1488 571 1561 φησὶ,
601 1488 913 1555 τουτέστιν,
939 1487 1041 1541 οὐκ
1080 1486 1337 1556 ἐνενόησε
1369 1484 1470 1554 τῆς
1506 1481 1794 1553 συμφορᾶς

166 1578 257 1651 τὴν
282 1581 503 1647 αἰτίαν,
539 1580 726 1634 καίτοι
748 1579 870 1634 δέον
898 1580 1065 1635 αὑτὸν
1095 1579 1199 1634 κᾶν
1234 1577 1366 1647 γοῦν
1393 1576 1485 1631 διὰ
1511 1574 1620 1628 τῶν
1656 1590 1795 1644 συμο

167 1670 488 1743 ϐεϐηκότων
526 1672 667 1729 ίὲναι
702 1673 844 1745 πρὸς
872 1673 1151 1745 αἴσθησιν.
1182 1674 1250 1727 Ὃ
1283 1671 1394 1744 γάρ
1432 1671 1532 1741 οὐχ
1573 1670 1792 1741 ὁρᾶται,

168 1767 434 1831 πολλάκις
486 1767 558 1821 ἐκ
608 1766 965 1840 προμηθείας
1014 1768 1074 1820 ἐν
1120 1765 1421 1835 ὀφθαλμοῖς
1478 1764 1688 1817 ἱστᾶσιν
1737 1761 1792 1813 αἱ

173 1862 380 1931 πεῖραι.
418 1860 539 1913 Καὶ
573 1860 803 1931 ἄμεινον
834 1859 934 1931 μὲν
968 1859 1030 1912 τὸ
1069 1856 1551 1914 κατασκέπτεσθαι
1579 1856 1640 1910 τὸ
1664 1871 1795 1926 συμ-

172 1954 354 2025 ᾳέρον,
392 1952 501 2024 τὴν
530 1956 737 2023 πεῖραν
776 1954 879 2006 οὐκ
908 1952 1303 2023 ἀναμένοντας.
1330 1950 1393 2004 Εἰ
1421 1950 1479 2004 δέ
1504 1950 1567 2021 δὴ
1600 1948 1793 2002 τούτου
1846 1950 1853 1956 “

169 2047 383 2117 γένοιτο
439 2047 545 2100 καὶ
576 2047 957 2118 ἀφαμαρτεῖν,
996 2045 1110 2100 ἀλλ’
1160 2040 1253 2099 οὖν
1303 2043 1597 2097 πεπονθόσι
1632 2060 1793 2114 περι-

168 2139 324 2195 έσται
360 2138 563 2194 λοιπὸν
589 2140 653 2194 τὸ
683 2138 787 2193 κᾶν
815 2140 873 2206 ἐξ
898 2138 1067 2209 αὐτῆς
1098 2136 1361 2192 δύνασθαι
1386 2139 1525 2191 νοεῖν
1555 2135 1651 2207 τῆς
1684 2136 1795 2188 πεί-

170 2253 267 2310 ρας
297 2238 365 2291 τὸ
401 2236 715 2304 ἀναγκαῖον
746 2234 842 2287 καὶ
873 2232 1222 2304 ὀνησιιρόρον.
1259 2231 1375 2285 Οὐκ
1428 2230 1571 2301 ἔγνω
1594 2228 1793 2293 τοίνυν,

169 2328 364 2400 φησιν,
417 2331 448 2383 ό
483 2325 760 2397 Ἐφραῒμ,
805 2325 986 2378 καίτοι
1025 2324 1475 2395 πεπολιωμένος,
1520 2324 1793 2388 τουτέστι,

169 2418 395 2491 μακροῦ
433 2417 823 2487 διαγεγονότος
846 2416 1063 2488 χρόνου,
1082 2413 1179 2468 καὶ
1214 2416 1315 2468 οὐκ
1333 2413 1607 2478 ἀνικάνως
1640 2413 1797 2484 ἔχον-

166 2528 256 2577 τος
306 2514 392 2576 εἰς
424 2512 492 2566 τὸ
542 2509 840 2565 παιδεῦσαι
876 2508 1087 2574 λοιπὸν,
1124 2508 1220 2562 καὶ
1250 2509 1546 2563 ἀναπεῖσαι
1580 2506 1793 2577 μαθεῖν,

166 2604 291 2660 τίνα
314 2605 385 2675 δὴ
428 2605 643 2677 τρόπον
666 2604 855 2667 αὐτοῖς
882 2600 952 2656 τά
985 2602 1168 2656 τοιάδε
1208 2600 1549 2672 συμϐέϐηκε.
1576 2600 1687 2655 Καὶ
1712 2601 1794 2653 ὅτι

168 2699 607 2771 προσκέκρουκε
657 2697 741 2768 τῷ
789 2695 1080 2760 διασώζειν
1141 2694 1422 2767 ἰσχύοντι,
1457 2695 1651 2759 δεινοῖς
1702 2695 1799 2749 καὶ

168 2793 467 2865 ἀδοκήτοις
492 2791 791 2847 ἐνώλισθον
820 2793 1034 2851 κακοῖς.

234 2888 352 2942 Καὶ
400 2883 931 2951 ταπεινωθήσεται
974 2882 1012 2951 ὴ
1049 2883 1218 2951 ὕϐρις
1255 2880 1363 2936 τοῦ
1414 2881 1653 2949 Ἰσραὴλ
1712 2882 1801 2946 εὶς

170 2979 517 3048 πρόσωπον
547 2974 765 3041 αὑτοῦ,
804 2972 907 3027 καὶ
938 2974 1052 3027 οὐκ
1081 2972 1473 3042 ἐπέστρεψαν
1494 2971 1645 3041 πρὸς
1684 2972 1799 3025 Κύ-

167 3089 303 3143 ριον
328 3069 450 3125 τόν
479 3070 637 3124 Θεὸν
668 3066 895 3135 αὐτῶν,
932 3067 1031 3122 καί
1061 3068 1175 3122 οὐκ
1204 3064 1576 3135 ἐξεζήτησαν
1612 3064 1803 3120 αὑτὸν

170 3159 423 3217 ἐνπᾶονι
461 3158 727 3224 τούτοις.

235 3249 370 3308 09'.
422 3246 767 3320 Ἕρμηνεύει
817 3247 1005 3317 σαφῶς
1026 3246 1164 3319 ὅπερ
1207 3245 1336 3316 ἔφη.
1379 3245 1456 3299 Τὸ
1501 3244 1632 3318 γὰρ,
1685 3246 1803 3300 Οὐκ

174 3343 352 3414 ιγνω,
405 3341 603 3395 καίτοι
657 3338 1075 3410 πεπολιωμένος
1125 3340 1153 3391 ὁ
1199 3336 1478 3409 Ἐφραῒμ,
1524 3336 1811 3409 διατρανοί

180 3436 362 3492 πάλιν.
406 3434 482 3488 Ἦ
525 3432 642 3504 γὰρ
675 3431 857 3503 ὕϐρις,
887 3432 1045 3503 φησι,
1080 3429 1178 3484 τοῦ
1223 3429 1463 3501 Ἰσραὴλ,
1494 3430 1805 3491 τουτέστιν,

182 3528 579 3600 ἠάπόστασις,
615 3527 686 3596 ἢν
726 3524 988 3594 νενόηκεν
1035 3523 1096 3589 ἐξ
1139 3522 1465 3594 ὑπεροψίας,
1515 3521 1580 3575 δι’
1610 3522 1679 3592 ἣν
1716 3522 1812 3577 καὶ

182 3620 559 3678 ἀπονένευκεν
585 3618 681 3670 ἐπὶ
710 3616 868 3682 θεοὺς
909 3616 1250 3688 ἀλλοτρίους,
1280 3616 1373 3668 τὸν
1420 3614 1581 3684 φύσει
1624 3631 1683 3668 τε
1718 3614 1813 3667 καὶ

185 3714 395 3786 ἀληθῶς
446 3711 747 3783 ἀτιμάζων
790 3711 959 3775 Θεὸν,
995 3710 1490 3782 ἀποστραφήσεται
1530 3709 1609 3772 είς
1641 3707 1814 3779 πρόσ-

194 3826 319 3863 ωπον
346 3808 562 3862 αὑτοῦ.
594 3806 826 3876 Ὅμοιον
859 3803 935 3869 ὡς
964 3805 1013 3857 εί
1046 3802 1218 3871 λέγοι·
1254 3802 1508 3874 Ὕϐρεως
1536 3799 1687 3871 αὑτῷ
1717 3801 1813 3854 καὶ

187 3901 407 3972 ἀτιμίας
461 3900 835 3970 ἀναφανεῖται
886 3896 1171 3968 πρόξενος.
1222 3895 1394 3949 Τοῦτο
1454 3894 1563 3964 γάρ
1618 3893 1679 3946 τὸ
1731 3894 1812 3958 είς

181 3996 487 4068 πρόσωπόν
518 4009 671 4057 τινος
710 3990 1159 4063 ἀποστρέφεσθαί
1190 4006 1268 4043 τι.
1312 3986 1475 4041 Ἀλλά
1522 3986 1699 4041 καίτοι
1743 3986 1815 4040 τὰ

180 4091 361 4146 τοιάδε
386 4086 721 4154 πεπονθὼς,
750 4087 916 4141 πάλιν
942 4086 1044 4138 οὐκ
1069 4084 1211 4154 ἔγνω
1234 4084 1389 4145 Θεὸν,
1416 4081 1541 4136 οὔτε
1576 4080 1683 4153 μὴν
1696 4080 1813 4160 ,τῆς

181 4183 317 4256 πρὸς
356 4184 541 4239 αὑτὸν
575 4181 918 4251 ἐπιστροφῆς
942 4177 1230 4231 ἐποιοῦντο
1262 4176 1443 4245 λόγον.
1467 4174 1707 4245 Σκληρολ⁵
1732 4173 1812 4237 δὲ,

1892 567 2104 613 tantum
2142 574 2250 614 non
2290 560 2633 613 devoratum
2675 559 2964 628 prraim.
3011 560 3283 626 Quoniam
3336 562 3484 616 enim

1890 652 2069 723 ipsum
2130 668 2328 723 panem
2388 653 2822 708 subcinericium
2871 654 3189 723 appellavit,
3233 654 3490 709 consistit

1892 748 1944 801 in
1973 747 2225 803 oratione
2250 747 2483 815 tropica,
2540 746 3120 816 innumerabilemque
3180 747 3490 801 multitudi-

1891 856 2015 896 nem
2047 840 2219 895 robur
2262 839 2383 909 ejus
2446 848 2748 910 nuncupat.
2788 837 3092 895 Numerosa
3152 838 3297 892 enim
3358 838 3491 891 viris

1893 944 2238 1000 unaqmeque
2264 930 2462 997 tribus,
2492 930 2796 1000 praesertim
2832 928 3250 999 Epltraimitica,
3280 926 3411 994 fuit,
3436 935 3493 980 et

1891 1024 1965 1080 ob
1997 1024 2051 1079 id
2082 1024 2436 1093 supercilium
2465 1022 2686 1090 tollens,
2717 1021 3123 1079 formidabilem
3149 1030 3205 1076 et
3230 1020 3489 1075 invictam

1895 1116 1980 1171 vel
2015 1117 2149 1187 ipsis
2180 1116 2533 1188 Assyriorum
2581 1115 2705 1170 belli
2751 1114 3008 1179 ducibus,
3059 1112 3177 1169 sive
3239 1112 3483 1181 impera-

1898 1212 2108 1267 toribus
2132 1226 2192 1267 se
2215 1210 2333 1266 l‘ore
2381 1210 2778 1267 arbitrabatur.
2838 1208 2942 1277 Qui
2977 1208 3070 1263 ubi
3102 1214 3356 1275 suscepta
3393 1219 3494 1259 ex-

1896 1304 2173 1374 peditione
2200 1304 2520 1369 adfuerunt,
2568 1317 2708 1374 quas
2756 1301 2869 1357 dixi
2916 1299 3094 1356 tribus
3151 1298 3291 1353 citra
3349 1294 3493 1352 ditii—

1896 1398 2155 1455 cultatem
2198 1398 2475 1462 contritae,
2530 1404 2586 1453 et
2644 1411 2744 1468 pro
2765 1394 2999 1465 captivis
3040 1393 3291 1447 abducta!
3336 1397 3487 1445 sunt.

1898 1491 2028 1557 Sed,
2055 1510 2074 1543 ι
2106 1506 2211 1545 non
2240 1492 2519 1561 cognovit,
2544 1507 2563 1541 ι
2585 1489 2784 1559 inquit,
2810 1488 2913 1542 hoc
2944 1495 3052 1551 est,
3090 1484 3250 1555 112
3271 1495 3496 1538 causam

1898 1581 2231 1637 calamitatis
2269 1597 2374 1636 non
2412 1581 2707 1650 cogitavit;
2739 1579 2956 1635 tametsi
2994 1577 3193 1633 saltem
3229 1591 3298 1630 ex
3326 1588 3497 1630 even-

1901 1678 1970 1731 tis
1992 1675 2049 1731 in
2089 1676 2207 1746 ejus
2240 1674 2612 1745 cognitionem
2659 1673 2851 1729 venire
2895 1671 3101 1727 debuit.
3160 1667 3315 1736 Quod
3350 1666 3497 1721 enim

1902 1770 2085 1824 animo
2115 1784 2224 1824 non
2264 1768 2502 1835 videtur,
2561 1778 2940 1836 saepenumero
2986 1760 3327 1832 experientia
3370 1768 3500 1812 ante

1903 1864 2092 1921 oculos
2125 1862 2431 1919 constituit.
2469 1861 2537 1917 Et
2592 1867 2813 1931 praestat
2842 1874 2952 1913 non
2977 1864 3297 1925 exspectata
3334 1865 3502 1919 expe-

1906 1954 2103 2010 rientia
2151 1953 2583 2024 circumSpicere
2636 1951 2768 2021 quid
2824 1948 3119 2005 conducat.
3185 1946 3229 1999 A
3293 1958 3402 2013 quo
3454 1941 3501 1994 si

1906 2048 2169 2105 aberrare
2204 2049 2511 2117 contingat,
2544 2048 2651 2102 hoc
2679 2055 2859 2101 tamen
2892 2042 3226 2113 relinquitur
3252 2081 3266 2106 ,
3296 2045 3357 2093 ut
3385 2040 3500 2107 ipsa

1905 2144 2242 2217 experientia
2280 2141 2414 2213 quid
2453 2138 2602 2196 facto
2636 2154 2776 2210 Opus
2814 2137 2908 2202 sit,
2944 2135 3189 2206 quidque
3214 2130 3499 2201 expediat,

1908 2238 2215 2309 intelligere
2266 2235 2566 2307 possimus.
2620 2231 2807 2302 Inquit
2856 2229 3047 2300 igitur,
3079 2231 3202 2285 Non
3248 2222 3505 2293 cognovit

1906 2333 2191 2403 Ephraim,
2222 2331 2479 2403 quamvis
2512 2327 2669 2385 canis
2716 2339 2996 2398 aspersus,
3050 2322 3155 2378 hoc
3182 2328 3288 2387 est,
3344 2318 3505 2386 longo
3534 2392 3535 2395 η

1909 2435 2153 2496 tempore
2182 2423 2390 2495 elapso,
2419 2423 2564 2493 quod
2603 2435 2700 2477 eos
2749 2418 3023 2491 potuisset
3061 2424 3252 2486 postea
3291 2412 3492 2467 docere

1908 2528 1963 2575 ct
1995 2516 2259 2574 credibile
2284 2515 2502 2582 facere,
2536 2527 2778 2584 quonam
2820 2511 2982 2566 modo
3006 2509 3123 2563 haec
3150 2506 3284 2577 ipsis
3321 2503 3498 2559 conti—

1909 2610 2119 2682 geriut;
2148 2618 2200 2665 et
2222 2606 2351 2678 quia
2382 2606 2717 2663 offenderint
2746 2617 2915 2675 penes
2936 2614 3101 2672 quem
3129 2607 3216 2655 est
3254 2597 3426 2661 salus,
3454 2594 3507 2648 in

1906 2702 2114 2759 atrocia
2137 2709 2192 2757 et
2212 2702 2589 2770 inexspectata
2615 2697 2759 2752 mala
2782 2694 3069 2751 incidisse.

1979 2882 2149 2938 Vsus.
2185 2880 2273 2937 10.
2310 2879 2381 2934 Et
2403 2877 2781 2934 humiliabitur
2810 2874 3016 2947 injuria
3040 2870 3216 2927 Israel
3240 2822 3294 2923 ξίν
3320 2868 3507 2939 faciem

1908 2978 2045 3049 ejus,
2084 2987 2132 3032 et
2166 2993 2270 3031 non
2302 2974 2495 3030 reversi
2532 2982 2656 3027 sunt
2685 2970 2753 3025 ad
2785 2968 3074 3023 Dominum
3094 2964 3276 3056 \Deum
3301 2974 3507 3026 eorum,

1908 3085 1955 3129 et
1984 3088 2087 3126 non
2114 3070 2468 3141 quasiverunt
2492 3082 2614 3122 eum
2641 3065 2699 3119 in
2729 3062 2972 3119 omnibus
3002 3060 3106 3114 his.

1983 3244 2226 3303 LXXIX.
2280 3244 2442 3299 Clare
2487 3241 2887 3311 interpretatur
2949 3232 3099 3306 quod
3145 3231 3309 3287 dixit.
3372 3227 3510 3284 Nam

1910 3358 2009 3398 cur
2041 3355 2152 3395 non
2178 3334 2500 3409 cognoverit
2524 3330 2812 3403 Ephraim,
2837 3329 2969 3384 licet
2999 3338 3174 3382 canus
3206 3363 3223 3388 ,
3254 3321 3517 3388 deinceps

1912 3434 2178 3490 declarat.
2213 3429 2417 3500 Iniuria
2458 3427 2605 3483 enim
2633 3422 2824 3488 Israel,
2876 3420 3075 3489 inquit,
3114 3416 3219 3471 hoc
3242 3422 3348 3478 est,
3399 3412 3509 3466 dis-

1912 3525 2113 3592 cessio,
2137 3538 2299 3594 quam
2322 3537 2391 3577 ex
2416 3518 2671 3589 superbia
2704 3515 3000 3571 meditatus
3020 3520 3126 3575 est,
3156 3516 3213 3565 et
3246 3506 3319 3562 ob
3343 3519 3511 3575 quam

1912 3620 2080 3675 etiam
2114 3617 2182 3672 ad
2213 3616 2345 3671 deos
2380 3612 2592 3668 alienos
2639 3606 2960 3673 declinavit,
3020 3612 3220 3659 natura
3269 3609 3323 3656 et
3354 3595 3506 3653 veri—

1914 3722 2026 3766 tate
2056 3710 2228 3766 Deum
2265 3714 2619 3779 aspernatus,
2661 3710 3021 3759 convertetur
3061 3697 3115 3753 in
3147 3694 3345 3750 faciem
3372 3690 3513 3759 ejus.

1915 3803 2081 3872 Quasi
2113 3804 2282 3866 dicat,
2307 3797 2564 3871 lnjuriam
2595 3806 2652 3851 et
2683 3800 3063 3862 contemptum
3091 3790 3141 3844 ei
3171 3801 3367 3857 parere
3400 3798 3518 3837 ma-

1916 3898 2114 3953 nifeste
2139 3894 2414 3950 videbitur
2452 3908 2467 3949 ε
2514 3892 2618 3945 hoc
2648 3890 2794 3944 enim
2841 3895 2944 3953 est,
2988 3883 3045 3939 in
3095 3881 3292 3937 faciem
3342 3877 3516 3933 alicu-

1908 3989 2000 4062 jus
2039 3987 2285 4047 converti
2310 3983 2613 4055 quidpiam.
2646 3979 2755 4036 Sed
2792 3989 2847 4033 et
2877 3979 2983 4032 ista
3021 3989 3236 4044 passus,
3265 3972 3511 4026 nondum

1917 4082 2171 4155 cognovit
2196 4080 2402 4143 Deum;
2453 4090 2523 4131 nc
2555 4088 2689 4127 mea:
2720 4071 2787 4125 ad
2832 4070 2956 4124 illos
3014 4065 3391 4122 conversionis
3426 4077 3517 4115 ra-

1920 4180 2124 4235 tionem
2148 4175 2449 4235 duxerunt,
2478 4168 2682 4238 asperi,
2720 4176 2776 4221 et
2806 4161 3138 4217 inﬂexibiles
3161 4199 3177 4224 ,
3222 4166 3278 4212 et
3310 4157 3361 4209 in
3398 4166 3520 4209 ειυ-

177 4247 267 4331 κάὶ
288 4278 596 4344 ἄτεγκτοι,
634 4247 904 4327 καὶ-πολῖ)
952 4270 1239 4334 νοσοῦντες
1264 4270 1326 4323 τὸ
1378 4268 1683 4338 ἀφιλόθεον,
1720 4266 1803 4322 atat

1919 4271 2010 4326 dio
2041 4283 2172 4337 erga
2213 4267 2384 4321 Deum
2424 4258 2763 4317 imbecillimi
2800 4257 2966 4311 etiam
3011 4255 3064 4309 in
3109 4252 3243 4323 ipsis
3284 4247 3522 4303 miseriis

177 4371 231 4422 ἐν
258 4370 464 4430 αὐτοῖς
490 4365 768 4439 ὁρώμενοι
796 4366 911 4428 τοῖς
948 4364 1165 4427 δεινοῖς,
1206 4360 1594 4432 Ἀναισθησίας
1628 4360 1685 4413 δὲ
1718 4361 1817 4431 τῆς

177 4464 431 4533 ἐσχάτης
482 4460 746 4531 ἔγκλημα
778 4457 953 4521 τουτὶ,
988 4457 1082 4510 καὶ⁴
1114 4457 1213 4528 τῆς
1243 4458 1323 4520 είς
1369 4454 1525 4526 λῆξιν
1572 4452 1816 4526 ἡκούσης

178 4554 535 4627 ἁδελτηρίας
562 4552 843 4618 ἀπόδειξις
871 4553 1131 4625 ἐναργής.

246 4649 374 4706 Καὶ
404 4644 494 4719 ἦν
516 4647 775 4717 Ἐφραῒμ
800 4647 883 4713 ὡς
914 4642 1244 4713 περιστερὰ
1268 4642 1479 4709 ἄνους,
1497 4642 1611 4695 οὐκ
1639 4639 1819 4710 ἔχου-

178 4760 259 4798 σα
294 4740 598 4811 καρδίαν.
630 4739 1330 4810 Αἴππτονὲπεκαλεῖτο,
1351 4736 1448 4790 καὶ
1481 4736 1569 4800 είς
1600 4735 1823 4788 Ἀσσυ-

175 4838 363 4904 ρίους
410 4835 870 4903 ἐπορεύθησαν.
905 4834 1118 4900 Καθὼς
1162 4833 1240 4887 ἂν
1281 4829 1653 4899 πορεύωνται
1697 4828 1824 4880 ἐπι-

182 4930 354 4985 ειελῶ
400 4928 504 4984 ἐπ’
532 4927 764 4995 αὐτοὺς
804 4929 872 4982 τὸ
924 4928 1175 4983 δίκτυόν
1197 4944 1340 4998 μου.
1378 4926 1590 4992 Καθὼς
1619 4922 1691 4976 τὰ
1723 4936 1827 4976 περ

1846 4552 1893 4608 D

1919 4370 2268 4435 apparentes,
2311 4366 2368 4414 et
2402 4356 2547 4426 quod
2583 4352 2818 4409 extremi
2874 4347 3120 4420 stuporis
3165 4344 3360 4400 vitium
3412 4349 3518 4405 est,

1919 4468 1976 4513 et
1998 4454 2315 4514 stoliditatis
2338 4451 2564 4508 evidens
2593 4452 3008 4519 argumentum.

1992 4650 2158 4705 Vens.
2197 4644 2401 4713 11,12.
2472 4640 2539 4695 Et
2583 4646 2701 4694 erat
2751 4634 3009 4706 Ephraim
3069 4631 3223 4704 quasi
3274 4625 3525 4683 columba

1922 4744 2203 4814 insipiens,
2242 4756 2347 4793 non
2397 4735 2595 4789 habens
2637 4748 2749 4787 cor.
2784 4718 3084 4800 ng‘yptum
3116 4724 3417 4787 invocabat,
3479 4733 3526 4776 et

1922 4841 1992 4893 ad
2025 4834 2272 4906 Assyrios
2301 4831 2433 4884 ibat.
2466 4828 2619 4883 Sicut
2650 4824 2838 4880 iuerint
2869 4821 3082 4875 mittam
3110 4833 3268 4887 super
3289 4833 3376 4870 eos
3411 4826 3519 4868 rete

1924 4944 2121 4983 meum.
2155 4922 2309 4979 Sicut
2339 4918 2581 4975 volatilia
2615 4916 2731 4972 caeli
2755 4913 3040 4969 detraham
3066 4928 3177 4966 eos.
3222 4907 3529 4978 Corripiam

179 5023 355 5079 τεινὰ
413 5019 531 5075 τοῦ
584 5020 853 5091 οὐρανοῦ
910 5020 1149 5085 κατάξω
1201 5020 1449 5085 αὐτούς.
1504 5020 1803 5074 Παιδεύσιι

1929 5040 2016 5079 eos
2048 5022 2101 5076 in
2129 5018 2321 5074 auditu
2346 5011 2708 5071 tribulationis
2734 5010 2994 5080 ipsorum.

176 5115 426 5179 αὐτοὺς
467 5112 542 5167 ἐν
573 5111 733 5182 ἀκοῇ
771 5110 885 5182 τῆς
914 5114 1184 5182 θλίψεως
1218 5109 1439 5165 αὐτῶν.

249 5209 341 5263 Πν.
403 5208 756 5277 Ἀναμνῆσαι
782 5205 867 5259 δεῖ
899 5205 1063 5260 πάλιν
1092 5205 1202 5259 τῶν
1226 5204 1634 5277 γεγραμμένων
1660 5205 1719 5259 ἐν
1750 5205 1818 5275 τῇ

175 5300 439 5371 τετάρτῃ
473 5297 588 5351 τῶν
619 5297 947 5352 Βασιλειῶν’
987 5299 1295 5371 συνήσομεν
1317 5297 1426 5368 γάρ
1458 5297 1697 5361 εὐκόλως
1724 5295 1822 5349 ὡδὶ

176 5393 294 5445 τῶν
347 5390 749 5463 προκειμένων
782 5391 874 5443 τὸν
914 5391 1064 5445 νοῦν.
1107 5391 1270 5463 Ὠσηέ
1310 5390 1491 5445 τοίνυν
1536 5390 1651 5453 υίὸς
1687 5388 1823 5443 Ἢλά

183 5483 604 5556 βεϐασίλευκεν
650 5484 709 5535 ἐν
757 5483 1047 5556 Σαμαρείᾳ
1096 5484 1189 5537 ἐπὶ
1234 5483 1326 5537 τὸν
1383 5482 1627 5554 Ἰσραήλ.
1678 5481 1824 5554 Πρὸς

185 5578 388 5633 τοῦτον
416 5576 696 5647 ἀγγέλους
720 5578 981 5648 πέπομφε
1032 5576 1440 5652 Σαλαμανασάρ
1470 5576 1818 5649 ὁἈσσόριος,

187 5673 257 5728 τά
301 5669 532 5745 συνήθη
577 5669 729 5743 δῶρα
781 5670 1255 5745 τυραννικώτερον
1282 5670 1537 5740 ἐξαιτῶν,
1568 5670 1729 5745 μόνον
1765 5670 1822 5725 δὲ

2000 5200 2219 5259 LXXX.
2281 5199 2340 5255 In
2396 5194 2719 5255 memoriam
2769 5192 2951 5248 denuo
3000 5184 3367 5245 revocandum
3420 5189 3531 5245 est,

1929 5300 2076 5373 quod
2140 5296 2406 5368 scriptum
2464 5298 2649 5349 exstat
2686 5298 2884 5360 quarto
2919 5285 3126 5355 Regum
3180 5299 3195 5336 :
3247 5278 3328 5334 sic
3381 5275 3529 5327 enim

1931 5369 2091 5447 facile
2120 5387 2477 5458 intelligimus
2517 5383 2648 5454 quid
2696 5380 2803 5438 sibi
2848 5378 3015 5434 verba
3057 5374 3290 5430 recitata
3334 5369 3530 5424 velint.

1930 5490 2071 5539 Usee
2116 5480 2285 5552 igitur
2332 5478 2478 5533 ﬁlius
2524 5475 2619 5531 Ela
2673 5471 2935 5544 reguavit‘
2983 5469 3037 5523 in
3079 5463 3327 5523 Samaria
3366 5474 3528 5552 super

1928 5575 2100 5631 Israel
2136 5550 2178 5606 ἷι
2217 5592 2232 5629 :
2267 5572 2333 5626 ad
2367 5584 2529 5641 quem
2554 5566 2776 5621 nuntios
2824 5561 2974 5619 misit
3020 5556 3374 5615 Salmanasar
3422 5550 3530 5609 As-

1932 5674 2137 5740 syrius,
2194 5672 2456 5722 consueta
2518 5672 2752 5717 munera
2800 5654 3132 5727 imperiosus
3179 5650 3409 5723 exigens
3466 5661 3528 5703 ευ

264 5858 306 5891 ¹¹
352 5854 425 5912 IV
458 5853 597 5925 Reg.
639 5870 774 5921 xvn,
816 5854 865 5911 I.
