3982 6460
512 349 605 404 191

1502 346 1561 403 s.
1603 345 1876 404 manu
1916 345 2392 403 ALEXANDRINI
2431 327 2749 403 menter.
2862 336 2877 374 ῖ

3664 319 3790 392 1'92

511 460 895 537 propemodum
957 458 1120 513 etiam
1181 458 1391 514 tributa
1444 458 1629 515 lsraeli
1682 461 1961 531 imponere
2001 476 2092 514 cu-

2197 460 2318 532 ούχί
2366 460 2459 515 καὶ
2508 459 2863 530 δασμολογεῖν
2910 442 3114 512 ἐθέλων
3162 457 3255 510 τὸν
3310 434 3545 529 Ἰσραήλ.
3609 433 3670 505 ’ὁ
3705 448 3789 531 "es

513 551 689 619 piens.
725 548 881 619 113
907 548 1044 603 Osee
1070 549 1329 607 servitute
1350 560 1595 606 recusata
1627 552 1693 605 ad
1726 553 2091 608 resistendum

512 653 638 694 sese
667 642 1018 708 comparabat
1048 681 1063 706 ,
1091 642 1135 696 si
1178 640 1334 698 ,l‘or‘te
1385 645 1451 698 ad
1482 658 1635 698 arma
1669 645 1921 701 lsraelem
1951 658 2098 699 com-

518 729 768 794 pelleret.
832 731 1031 786 Deinde
1110 733 1177 787 ad
1246 732 1852 806 SegorJEgyptiorum
1915 750 2094 805 regem

512 824 715 878 auxilia
761 825 990 893 petitum
1027 824 1205 889 misit,
1229 827 1373 895 quod
1397 841 1457 882 se
1504 828 1599 883 illo
1626 828 1917 897 adiuvante
1939 868 1954 893 ,
1989 828 2088 882 As-

514 913 662 981 syrio
692 914 1027 983 superiorem
1077 915 1192 971 fore
1229 917 1552 985 conﬁderet.
1579 916 1661 974 Ob
1696 919 1800 973 hoc
1839 917 2097 988 Assyrius

516 1003 721 1071 ingenti
747 1004 934 1059 dolore
980 1014 1037 1060 et.
1083 1007 1373 1063 iracundia
1408 1009 1733 1076 cuncitatus,
1769 1009 1965 1064 bellum
2006 1007 2097 1064 1s~

518 1094 649 1148 raeli
682 1094 833 1159 facit,
863 1103 919 1150 et
946 1094 1086 1152 Osee
1115 1099 1279 1166 capit,
1323 1105 1379 1153 et
1414 1114 1538 1154 cum
1581 1106 1648 1154 eo
1682 1109 1886 1169 'captus
1932 1099 2096 1154 Israel

520 1182 768 1239 Samaria
862 1187 1157 1254 emigrare
1200 1189 1431 1258 cogitur.
1508 1190 1694 1260 Itaque
1759 1191 1939 1246 factus
2013 1200 2098 1245 est

518 1272 769 1343 thraim
806 1286 863 1330 ut
895 1278 1145 1332 columba
1183 1278 1658 1358 insipientissima,
1714 1283 2007 1337 non-bene
2040 1292 2098 1338 et

514 1375 816 1434 Opportune
841 1368 1088 1437 simplex.
1126 1369 1357 1426 Proinde
1386 1380 1441 1426 et
1489 1372 1761 1437 Christus,
1807 1392 1826 1425 ι
1876 1373 2091 1438 Estote,

519 1459 713 1527 inquit,
744 1461 1037 1528 prudentes
1067 1461 1207 1516 sicut
1238 1471 1540 1532 serpentes,
1572 1473 1628 1518 et
1653 1465 1939 1535 simplices.
1959 1466 2100 1520 sicut

520 1550 787 1604 columbae
818 1551 881 1603 ¹².
948 1550 1157 1606 illorum
1189 1554 1389 1622 quippe
1414 1546 1733 1623 simplicitas
1756 1570 1879 1610 cum
1916 1556 2098 1610 animo

517 1640 729 1695 liberali
761 1643 956 1697 merito
985 1645 1206 1698 maximi
1237 1644 1483 1699 facienda
1509 1654 1613 1700 est.
1646 1646 1886 1702 Absente
1914 1653 2094 1701 autem

516 1733 827 1801 prudentia,
864 1735 1187 1804 simplicitas
1223 1738 1709 1804 detrimentosa,et
1744 1738 1975 1792 stultitia
2018 1739 2090 1793 'de

2203 553 2454 605 ἀνένευσε
2489 552 2588 622 τὴν
2625 550 2892 613 δουλείαν,
2935 547 3166 620 ἐμελέτα
3199 546 3267 600 δέ
3299 544 3499 616 μᾶλλον
3545 541 3644 612 τὴν
3694 541 3795 592 ἀν-

2200 643 2468 705 τίστασιν,
2514 642 2620 696 κᾶν
2672 645 2720 695 εἰ
2772 642 2945 694 ἐλοιτο
2997 638 3159 710 τυχὸν
3188 638 3279 691 τὸν
3333 634 3574 706 πολέμου
3620 633 3792 702 νόμον

2202 728 2575 799 ἐπιθέσθαιτῷ
2610 729 2846 800 Ἰσραήλ.
2884 724 3018 782 Εῐτα
3044 726 3180 799 πρὸς
3196 724 3401 798 Σηγὼρ
3423 722 3797 794 ἐπρεσϐεύετο

2200 820 2295 873 τὸν
2337 820 2616 888 Αἰγύπτου
2666 819 2979 891 τύραννον,
3022 818 3343 890 ἐπικουρίαν
3384 816 3573 872 αἰτῶν.
3623 815 3796 886 ’ῼήθη

2202 911 2333 983 γάρ,
2364 913 2445 965 ὅτι
2474 911 2756 983 περιέσται
2791 912 2891 965 σὺν
2922 910 3070 982 αὐτῷ
3101 911 3199 982 τῆς
3231 907 3536 980 Ἀσσυρίων
3582 906 3794 978 χειρός.

2204 1002 2349 1075 Πρὸς
2376 1002 2630 1062 τοῦτο,δέ
2671 1002 2908 1073 μάλιστα
2948 1001 3324 1072 λελυπημένος
3368 1000 3598 1063 ἐκεῖνος,
3637 997 3799 1049 πόλε-

2207 1110 2307 1165 μον
2338 1094 2554 1167 αἴρεται
2595 1090 2741 1149 κατά
2787 1091 2886 1149 ’τοῦ
2931 1086 3165 1167 Ἰσραήλ.
3201 1088 3335 1147 Εἶτα
3372 1092 3600 1161 γέγονεν
3644 1087 3802 1156 αὐτῷ

2201 1189 2387 1253 δοῦλος
2448 1190 2644 1260 Ὠσηὲ,
2691 1189 3028 1261 δορύληπτος
3064 1189 3122 1242 δὲ
3179 1188 3276 1240 σὺν
3312 1183 3462 1255 αὐτῷ
3496 1183 3588 1237 καὶ
3630 1179 3801 1241 αὐτὸς

2203 1280 2515 1352 ἀπῳκίξετο
2549 1282 2651 1353 τῆς
2678 1281 2994 1352 Σαμαρείας
3022 1282 3051 1333 6
3079 1275 3542 1350 ἰσραήλ.οὐκοῦν
3565 1274 3801 1343 γέγονεν

2216 1372 2457 1444 Ἐφραίμ
2496 1373 2574 1437 ὡς
2597 1372 2903 1443 ἀνουστάτη
2938 1370 3262 1444 περιστερὰ,
3292 1370 3393 1424 οὐκ
3423 1367 3516 1421 ἐπὶ
3549 1363 3700 1436 καλῷ
3736 1360 3802 1414 τὸ

2203 1466 2460 1537 ἀκέραιον
2496 1465 2655 1536 ἔχων.
2693 1466 2984 1536 Τοιγάρτοι
3015 1464 3110 1518 καὶ
3154 1465 3183 1517 6
3213 1460 3470 1532 Χριστὸς,
3499 1457 3790 1520 «Γίνεσθε,

2204 1558 2359 1628 φησί,
2386 1548 2639 1627 φρόνιμοι
2672 1555 2805 1609 ὡσεὶ
2836 1556 3010 1625 ὄφεις,
3043 1555 3138 1607 καὶ
3158 1554 3409 1623 ἀκέραιοι
3446 1552 3521 1613 ὡς
3540 1550 3597 1604 αἱ
3625 1565 3793 1619 περι-

2206 1647 2416 1717 στεραί.
2448 1665 2466 1697 ι
2495 1645 2762 1716 Ἀπλότης
2809 1644 2908 1714 μὲν
2941 1644 3050 1716 γάρ
3079 1642 3249 1712 ἠθῶν,
3278 1640 3373 1695 καὶ
3406 1639 3467 1693 τὸ
3499 1637 3795 1708 ἐλεύθερον

2206 1738 2480 1809 φρόνημα,
2510 1733 2699 1807 γένοιτ’
2724 1729 2795 1791 ἂν
2827 1730 3053 1800 εἰκότως
3073 1734 3167 1789 τοῦ
3190 1732 3393 1797 παντὸς
3426 1732 3575 1798 ἄξιον
3600 1731 3793 1800 λόγου.

515 1833 716 1880 cretero
784 1828 1055 1882 censenda
1118 1837 1219 1883 est.
1272 1829 1540 1897 insipiens
1604 1831 1768 1900 igitur
1817 1829 2092 1899 Ephraim.

2199 1829 2474 1892 Συνέσεως
2510 1829 2567 1882 δὲ
2603 1829 2886 1899 ἀπούσης,
2941 1828 3005 1881 τὸ
3059 1827 3265 1882 ἁπλοῦν
3316 1825 3639 1897 ἐπιδήμιον,
3689 1822 3789 1876 καὶ

517 1915 761 1982 Quonam
796 1919 1012 1973 tandem
1043 1919 1200 1974 modo
1221 1919 1244 1973 ?
1269 1919 1572 1976 lnvocabat'
1592 1922 1738 1976 enim
1783 1920 2090 1992 Egyptios,

516 2006 611 2059 sed
648 2006 757 2061 ibat
782 2008 1025 2076 captivus
1051 2008 1118 2061 ad
1148 2007 1422 2078 Assyrios,
1450 2023 1574 2063 cum
1614 2007 1786 2080 Segor
1828 2010 2092 2064 auxilium

517 2107 807 2165 apportare
833 2114 940 2153 non
968 2099 1190 2155 valeret.
1214 2099 1284 2154 Et
1307 2102 1579 2170 quomodo
1619 2116 1726 2156 non
1764 2102 2088 2172 expediebat

513 2182 811 2258 supernum
842 2181 1051 2260 potius,
1086 2190 1506 2262 inexpugnabile
1529 2233 1544 2257 ,
1591 2178 1756 2264 quam
1798 2194 2096 2249 humanum

513 2296 761 2349 (interere
788 2282 1142 2357 praesidium?
1178 2282 1413 2357 Proinde
1440 2292 1494 2338 et
1533 2284 1914 2340 universorum
1947 2285 2090 2340 Deus

488 2382 610 2438 'per
643 2371 876 2427 lsaiam:
916 2390 936 2424 ι
972 2356 1063 2427 vée
1088 2373 1177 2441 qtti
1209 2356 1544 2429 descendunt
1600 2376 1653 2428 in
1693 2374 1989 2446 lEgyptum
2022 2378 2090 2431 ad

515 2462 799 2527 auxilium,
818 2464 871 2518 in
896 2464 1051 2534 equis
1068 2465 1405 2520 confidentes
1423 2475 1477 2520 et
1500 2465 1553 2519 in
1570 2456 1900 2522 curribus“.
1931 2487 1951 2520 ι
1979 2468 2095 2523 Non

513 2561 691 2608 autem
728 2554 930 2623 absque
954 2554 1138 2609 divino
1164 2562 1299 2609 nutu
1327 2555 1530 2610 auxilia
1554 2556 1794 2625 ipsorum
1825 2556 2098 2615 defecisse

508 2645 765 2707 ostendit,
816 2661 939 2700 cum
999 2647 1077 2701 ait
1124 2660 1203 2714 se,
1273 2662 1602 2718 quocunque
1651 2648 1885 2713 iverint,
1925 2650 2099 2705 instar

510 2736 949 2805 passerculorum
981 2752 1073 2792 eos
1136 2739 1515 2794 detracturum
1546 2777 1561 2801 ,
1612 2734 1761 2794 velut
1814 2753 2093 2809 sagenam,

510 2835 606 2879 aut
632 2835 749 2880 rete
792 2826 1228 2896 superiaciendo,
1265 2842 1365 2883 nec
1421 2828 1655 2903 sinendo.
1692 2829 1953 2901 gloriari;
1999 2832 2092 2886 sed

510 2915 658 2969 velut
687 2929 754 2969 ex
783 2914 894 2969 alto
927 2916 981 2969 in
1016 2916 1238 2984 terram,
1265 2919 1368 2973 hoc
1397 2927 1504 2987 est,
1538 2933 1569 2973 a
1595 2920 1833 2997 sublimi
1862 2931 1918 2978 et
1949 2923 2094 2980 elato

509 3006 805 3075 supercilio
852 3007 919 3061 ad
983 3007 1241 3078 lugubres
1290 3019 1346 3066 et
1395 3013 1670 3067 modestas
1708 3014 2091 3084 cogitationes,

509 3106 565 3153 et
592 3112 713 3166 quae
742 3098 987 3154 hostibus
1016 3086 1292 3166 subjectos
1318 3086 1547 3157 deceant
1569 3102 1908 3159 deducendo.
1932 3105 2095 3177 ‘Suh-

502 3185 707 3256 jungit,
746 3205 767 3240 ι
801 3186 1108 3259 Corripiam
1140 3206 1237 3246 eos
1284 3192 1339 3246 in
1380 3193 1570 3249 auditu
1607 3195 1976 3252 tribulationis
2009 3199 2093 3270 ip-

507 3295 714 3345 eorum,
752 3299 773 3334 ι
812 3280 943 3336 illud
974 3282 1286 3353 signiﬁcare
1319 3284 1528 3350 volens,
1556 3295 1617 3339 nt
1657 3286 1791 3342 mihi
1847 3289 2088 3346 videtur.

509 3372 839 3426 Futurorum
873 3371 1042 3441 ipsam
1066 3374 1463 3443 experientiam
1516 3391 1764 3433 rumores
1794 3380 2090 3434 antecede-

506 3462 664 3526 bant,
693 3470 748 3516 et
780 3462 985 3517 auditio
1023 3464 1285 3519 terribilis
1333 3479 1524 3520 omnes
1570 3467 1623 3520 in
1668 3466 1915 3522 Samaria
1955 3484 2089 3524 con-

506 3554 811 3611 sternabat.
845 3554 1297 3627 Corripiebantur
1330 3550 1544 3625 itaque,
1602 3556 1831 3628 iamiam
1863 3560 1997 3629 ipsis
2031 3560 2087 3614 in

506 3647 814 3703 cervicibus
846 3640 1087 3701 futuram"
1133 3647 1542 3703 tribulationem
1591 3650 1898 3707 audientes.
1937 3650 2090 3720 Quod

508 3734 553 3789 si
584 3734 921 3803 sapuisseut,
953 3742 1009 3788 ct
1066 3734 1170 3788 hoc
1220 3734 1324 3789 illis
1352 3736 1419 3789 ad
1474 3738 1886 3819 conversionem
1910 3739 2093 3809 isnﬂ‘e-

506 3825 696 3882 cisset.
733 3825 841 3882 Sed
871 3842 991 3880 cum
1025 3826 1095 3881 ab
1121 3827 1444 3896 accipiendo
1498 3810 1689 3886 dolore
1709 3810 1897 3889 essent
1953 3832 2090 3891 alie-

506 3917 737 3984 nissimi,
769 3932 836 3972 ne
869 3917 984 3987 ipsa
1004 3902 1233 3989 quidem
1263 3919 1601 3988 experientia
1628 3932 1757 3977 sunt
1798 3921 2090 3995 commoti,

505 4009 686 4064 animo
706 4009 994 4080 praefracto
1021 4019 1076 4066 et
1095 4010 1294 4077 ferreo,
1312 4021 1366 4066 et
1396 4014 1464 4068 ab
1496 4014 1876 4070 incredulitate
1898 4006 2119 4068 aﬂ'ecto‘

501 4101 757 4171 pessime.

2152 1922 2155 1927 ’
2204 1921 2385 1991 μωρία
2425 1919 2487 1973 τὸ
2516 1919 2707 1990 χρῆμα
2738 1918 2945 1973 λοιπόν.
2982 1919 3180 1982 Ἀνσυς
3214 1916 3279 1988 δὴ
3318 1911 3411 1970 οὖν
3447 1918 3477 1969 6
3522 1912 3791 1984 Ἐφραῒμ,

2201 2012 2337 2076 πῶς,
2384 2012 2419 2082 ἢ
2454 2013 2577 2065 τίνα
2625 2011 2857 2083 τρόπον;
2899 2009 3255 2064 Ἐπεκαλεῖτο
3313 2003 3412 2079 μὲν
3461 2007 3568 2076 γὰρ
3613 2005 3787 2073 Αἰγυ-

2199 2102 2410 2164 πτίουςζ
2456 2100 2595 2154 Ἀλλ’
2630 2100 2876 2166 ἐϐάδιζον
2908 2098 3246 2170 αἰχμάλωτοι
3271 2095 3409 2168 πρὸς
3436 2094 3782 2164 Ἀσσυρίους,

2198 2193 2560 2264 ἀτονήσαντος
2605 2193 2684 2255 εἰς
2717 2188 3041 2262 ἐπικουρίαν
3072 2187 3168 2241 τοῦ
3222 2184 3439 2257 Σηγώρ.
3488 2182 3621 2238 Εἶτα
3667 2182 3791 2247 πῶς

2197 2286 2299 2339 οὐκ
2327 2287 2550 2356 ἄμεινον
2583 2280 2668 2354 ἦν’
2693 2282 2842 2355 αὐτῷ
2894 2282 2969 2354 μὴ
3001 2281 3096 2353 τὴν
3129 2280 3189 2345 ἐξ
3220 2277 3523 2351 ἀνθρώπων
3557 2275 3791 2346 μᾶλλον,

2198 2375 2334 2429 ἀλλά
2361 2375 2457 2445 τὴν
2486 2373 2694 2429 ἄνωθεν
2725 2372 2820 2427 καὶ
2872 2369 3322 2438 ἀκαταγὼνιστον
3351 2363 3583 2436 ζητῆσαι
3620 2378 3784 2433 φρον-

2196 2467 2350 2535 τίδας
2382 2467 2676 2538 Τοιγάρτοι
2708 2467 2807 2520 καῖ
2844 2463 3083 2532 ἔφασκεν
3130 2463 3158 2515 6
3203 2460 3311 2514 τῶν
3344 2458 3481 2512 ὅλων
3526 2455 3661 2519 Θεὸς
3697 2453 3794 2511 διὰ

2198 2559 2384 2629 φωνῆς
2411 2558 2659 2613 Ἡσαΐου·
2714 2576 2733 2627 ι
2769 2557 2904 2610 Οὐαὶ
2937 2558 2985 2609 οἱ
3020 2552 3444 2615 καταϐαίνοντες
3486 2551 3567 2613 είς
3611 2546 3791 2615 Αἰγυ-

2197 2668 2331 2704 πτον
2356 2650 2451 2702 ἐπὶ
2477 2648 2754 2720 βοήθειαν,
2807 2648 2858 2700 oi
2881 2647 2968 2715 ἐφ’
2999 2646 3189 2708 ἵπποις
3223 2641 3545 2715 πεποιθότες
3574 2639 3669 2693 καὶ
3697 2637 3791 2707 ἐφ’

2196 2742 2459 2815 ἅρμασιν.
2494 2761 2511 2793 ι
2547 2742 2672 2795 Ὀτι
2699 2741 2755 2794 δέ
2797 2740 2859 2793 ού
2903 2739 3026 2809 δίχα
3054 2737 3190 2791 Θεοῦ
3230 2735 3324 2790 καὶ
3344 2737 3396 2806 ’ἠ
3428 2733 3538 2787 τῶν
3567 2733 3791 2801 ἐπαμυο

2195 2836 2393 2889 νόντων
2420 2835 2605 2897 αὐτοῖς
2646 2832 2915 2903 ἠσθένησε
2955 2830 3104 2902 χεὶρ,
3152 2829 3422 2898 δέδειχεν,
3468 2825 3663 2887 εἰπὼν,
3709 2822 3790 2885 ὡς

2194 2927 2428 2998 ὅποιπερ
2460 2925 2525 2979 ἂν
2567 2921 2944 2995 πορεύωνται,
2988 2920 3291 2992 στρουθίων
3320 2917 3520 2981 αὐτοὺς
3558 2911 3789 2977 κατάξει

2194 3017 2370 3088 δίκην,
2393 3016 2609 3070 δίκτυον
2639 3013 2829 3085 ὥσπερ
2855 3014 2889 3086 ἢ
2915 3014 3061 3067 λίνον
3090 3009 3418 3073 ἐπιϐάλλων,
3456 3007 3551 3061 καὶ
3584 3003 3789 3069 ἀλαζο-

2196 3109 2448 3164 νεύεσθαι
2505 3109 2605 3179 μὲν
2653 3106 2755 3160 οὐκ
2807 3104 3003 3175 ἐφιεὶς,
3056 3099 3442 3171 κατακομίζων
3485 3097 3541 3152 δέ
3591 3096 3790 3167 ὥσπερ

2198 3201 2395 3271 ὑψόθεν
2420 3202 2502 3264 εἰς
2527 3200 2650 3270 γῆν,
2674 3196 2975 3261 τουτέστιν,
3015 3194 3076 3262 ἐξ
3107 3193 3311 3267 ὀφρύος
3334 3192 3435 3261 τῆς
3472 3191 3612 3259 ἄγαν
3643 3188 3787 3258 ὑψη-

2195 3289 2296 3359 λῆς
2338 3289 2432 3343 καὶ
2470 3287 2813 3359 ἐπηρμένης
2838 3287 2921 3349 εἰς
2958 3284 3175 3356 οἰκτρὸν
3234 3282 3330 3336 καί⁸
3386 3279 3607 3351 μέτριον
3646 3275 3788 3347 φρό-

2194 3395 2368 3448 νημα,
2400 3378 2495 3432 καὶ
2516 3378 2652 3448 ὅπερ
2675 3377 2742 3430 ἂν
2772 3374 2972 3447 πρέπει
2999 3376 3115 3437 τοῖς
3155 3372 3261 3456 ῦπδ
3300 3372 3461 3442 χεῖρα
3500 3365 3789 3456 γεγονόσιν

2193 3466 2424 3538 ἐχθρῶν.
2462 3460 2599 3520 Εἶτά
2642 3480 2831 3535 φησιν,
2865 3465 2946 3518 ὅτι
2988 3480 3008 3515 ι
3050 3455 3336 3516 Παιδεύσω
3371 3457 3568 3518 αὐτοὺς
3605 3456 3664 3508 ἐν
3715 3455 3790 3525 τῇ

2194 3560 2332 3630 ἀκοῇ
2387 3556 2489 3627 τῆς
2542 3556 2776 3626 θλίψεως
2809 3554 3010 3617 αὐτῶν,
3053 3573 3073 3606 ι
3124 3551 3301 3606 ἐκεῖνό
3354 3566 3481 3612 που,
3527 3543 3788 3617 καθάπερ

2199 3642 2434 3718 ἐγῷμαι,
2479 3646 2675 3717 δηλοῦν
2724 3645 2944 3699 ἐθέλων.
2986 3641 3352 3716 Προεϐάδιζον
3385 3639 3483 3710 μὲν
3532 3636 3641 3706 γὰρ
3683 3634 3787 3705 τῆς

2198 3739 2396 3809 πείρας
2421 3737 2590 3806 αὐτῆς
2619 3736 2731 3788 τῶν
2750 3735 3025 3806 ἐσομένων
3042 3734 3090 3787 οἰ
3114 3731 3355 3804 θρύλλοι,
3380 3728 3475 3782 καὶ
3500 3724 3789 3797 φρικώδης
3818 3782 3823 3787 _

2188 3830 2326 3902 ἀκοὴ
2379 3828 2669 3884 κατεπτόει
2702 3844 2804 3881 που
2861 3828 3071 3890 πάντας
3118 3827 3177 3879 ἐν
3223 3820 3526 3894 Σαμαρείᾳ.
3565 3814 3789 3871 Οὐκοῦν

2192 3904 2579 3987 ἐπαιδεύοντο,
2611 3918 2710 3988 τὴν
2749 3920 2873 3972 ὅσον
2915 3917 3127 3973 οὐδέπω
3171 3914 3551 3988 παρεσομένην
3592 3910 3786 3975 αὐτοῖς

2192 4012 2482 4076 ἀκούοντες
2516 4009 2717 4080 θλίψιν.
2761 4009 2902 4062 Ἀλλ’
2956 4009 3115 4081 εἴπερ
3162 4004 3309 4080 ἦσαν,
3337 4006 3513 4075 σοφοὶ,
3544 4004 3784 4076 ἤρκεσεν

2194 4105 2262 4158 ἂν
2289 4102 2474 4168 αὐτοῖς
2503 4103 2584 4165 εἰς
2623 4086 2962 4172 ἐπιστροφῆν
2994 4101 3090 4154 καὶ
3122 4100 3297 4154 τοῦτο.
3344 4097 3684 4168 Δυσάλγητοι
3720 4093 3781 4149 δὲ

500 4151 650 4258 δντες
705 4192 850 4257 λίαν,
888 4192 1011 4246 οὐδὲ
1055 4192 1155 4264 τὴν
1207 4194 1401 4265 πεῖραν
1458 4193 1631 4265 αὐτὴν
1681 4170 2114 4263 δεδυσώπηνται,
2156 4196 2390 4271 σκληρόν
2435 4151 2496 4249 τε
2541 4194 2637 4248 καὶ
2704 4151 3042 4265 deputies-0v,
3092 4193 3189 4247 καὶ
3236 4192 3370 4246 πολὺ
3414 4188 3675 4244 νοσοῦντα
3716 4185 3779 4240 τὸ
3814 4222 3843 4229 η

498 4284 723 4349 ἀπειθὲς
750 4284 967 4354 ἔχοντες
997 4282 1144 4336 νοῦν.

570 4327 721 4349 .-.υ-ς
750 4327 866 4354 Ἃ-.
887 4327 964 4345 .-,
1007 4327 1144 4336 .--η

570 4375 737 4431 Vens.
776 4373 863 4428 15.
904 4370 991 4427 Va:
1025 4373 1127 4435 eis,
1162 4372 1413 4441 quoniam
1448 4356 1747 4426 resilieru‘nt
1777 4364 1809 4427 α
1840 4391 1941 4429 me.
1979 4375 2089 4430 Mi-

2226 4332 2231 4335 ’
2269 4350 2413 4429 om
2454 4327 2681 4441 αὺτᾎῖς,
2717 4346 2806 4428 δτέ
2842 4338 3271 4442 sexenas;
3296 4371 3398 4425 ἀπ’
3438 4341 3605 4441 ἐμοῦ.
3650 4340 3777 4422 sa.

498 4467 604 4522 seri
638 4474 790 4526 sunt.
821 4462 1073 4534 quoniam
1107 4458 1264 4530 impie
1297 4471 1514 4530 egerunt
1548 4454 1605 4514 in
1639 4452 1738 4516 me.

569 4552 1047 4610 LXXXI.Causam
1073 4552 1332 4606 malorum
1360 4550 1525 4605 fuisse
1548 4551 1680 4620 ipsis
1702 4553 2087 4611 discessionem

498 4666 529 4705 a
563 4651 693 4714 Deo,
719 4648 881 4703 etiam
912 4647 996 4702 bis
1040 4643 1225 4699 verbis
1277 4642 1471 4712 aperit.
1526 4642 1689 4714 lla;
1726 4645 2088 4712 Quemadmo-

496 4739 623 4795 dum
649 4739 794 4795 enim
821 4738 914 4807 qui
943 4736 1265 4804 corporibus
1318 4742 1607 4800 argrotant,
1639 4735 1741 4790 sibi
1772 4738 2085 4793 morborum

496 4829 861 4884 cruciantenta
896 4826 1191 4880 accersisse
1224 4824 1642 4889 convincuntur,
1680 4826 1725 4880 si
1764 4829 2001 4884 medicos
2024 4836 2087 4895 et

494 4922 891 4976 medicamenta
934 4917 1186 4971 sedandis
1233 4916 1600 4985 pellendisque
1642 4916 1918 4976 doloribus
1960 4920 2080 4977 ido-

496 5026 596 5067 nea
630 5007 969 5080 respuerint;
1001 5008 1075 5061 ita”
1103 5024 1200 5063 nos
1226 5022 1439 5078 quoque
1464 5011 1719 5067 charitati
1749 5027 1875 5082 erga
1910 5012 2076 5069 Deum
2106 5009 2115 5023 ³

493 5109 709 5158 nosmet
741 5099 1152 5166 subtrahentes,
1192 5115 1295 5157 non
1330 5102 1675 5158 mediocriter
1707 5103 2072 5173 peccabimus.

483 5194 625 5248 Nam
663 5191 755 5261 qui
794 5191 961 5245 Deum
1001 5190 1251 5255 oﬂ‘endit,
1290 5207 1411 5247 eum
1455 5195 1598 5266 quod
1638 5193 2074 5265 salvare'queat,

483 5282 616 5339 nihil
652 5291 757 5338 est.
788 5279 924 5348 Quia
959 5281 1123 5351 igitur
1151 5298 1178 5336 a
1217 5283 1324 5339 Deo
1353 5284 1708 5355 aufugerunt,
1743 5286 1943 5342 idcirco
1974 5288 2077 5340 nti-

484 5374 590 5428 ~eri
644 5379 703 5428 et
746 5371 1034 5426 maledicti.
1077 5372 1213 5439 Quia
1250 5388 1381 5428 vero
1432 5374 1593 5444 impie
1639 5384 1888 5444 egerunt,
1931 5374 2075 5446 quod
2112 5436 2117 5443 _

483 5464 649 5522 faisos
683 5464 812 5547 deos
846 5467 1173 5531 adorarunt,
1207 5465 1531 5537 divinosque
1566 5468 1672 5523 illis
1709 5467 1945 5524 honores
1979 5469 2076 5524 tri-

483 5551 746 5620 buerunt,
771 5553 1123 5624 subiacebunt
1150 5571 1248 5609 vae.
1279 5576 1296 5608 ι
1330 5554 1543 5611 Etenim
1572 5558 1617 5613 si
1646 5557 1904 5615 clauserit
1930 5558 2073 5616 Deus
2116 5562 2121 5567 ‘

556 5728 600 5758 ¹¹
632 5726 821 5784 Matth.
857 5746 911 5797 ι,
960 5731 1040 5785 ιθ.
1123 5732 1167 5763 ’³
1194 5731 1298 5786 lsa.
1337 5748 1483 5797 εχει,
1522 5733 1572 5787 l.

2152 4536 2159 4547 ι
2189 4465 2355 4519 law!
2380 4461 2558 4527 εἰσιν,
2601 4464 2689 4518 ὅτι
2715 4464 3036 4532 ἠσέϐησαν
3062 4464 3151 4526 εἰς
3186 4459 3311 4530 ἐμέ.

2259 4557 2387 4609 ΠΝ.
2407 4556 2528 4610 Ὅτι
2551 4557 2823 4629 πρόφασις
2844 4556 3028 4632 αὐτοῖς
3045 4552 3153 4606 τῶν
3172 4551 3360 4606 δεινῶν
3388 4550 3450 4605 τὸ
3469 4544 3779 4622 ἀποστῆναι

2187 4649 2345 4715 Θεοῦ,
2364 4652 2457 4704 καὶ
2471 4651 2559 4706 διὰ
2578 4651 2782 4704 τούτων
2808 4651 2940 4719 ἡμῖν
2961 4642 3282 4717 καθίστησιν
3305 4642 3782 4717 ἐναργές.”ονπερ
3822 4706 3827 4713 ,

2187 4741 2298 4813 γάρ
2325 4728 2527 4813 τρόπον
2574 4742 2626 4793 οἱ
2680 4738 3094 4812 ἀρρωστοῦντες
3139 4737 3508 4824 σωματικῶς,
3559 4726 3780 4824 ἑαυτοῖς

2188 4835 2471 4907 παραίτιοι
2500 4826 2786 4903 γεγονότες
2814 4834 2912 4903 τῆς
2948 4831 3058 4885 τῶν
3094 4829 3419 4908 νοσημάτων
3447 4822 3783 4900 ἀγριότητος

2187 4924 2364 4978 ἁλοῖεν
2401 4922 2487 4987 ἂν,
2528 4925 2578 4976 εί
2616 4922 2690 4993 μὴ
2733 4922 3105 4994 παραδέχοντο
3131 4920 3259 4983 τοὺς
3282 4918 3541 4990 ἰατροὺς,
3575 4920 3674 4974 καλ⁸
3704 4919 3776 4973 τά

2183 5014 2251 5069 δι’
2281 5007 2355 5069 ὧν
2398 5015 2464 5067 ἂν
2490 5005 2736 5068 δύναιντο
2788 4998 3219 5076 κατευνάζεσθαι
3255 5011 3316 5065 τὸ
3362 5009 3589 5065 λυποῦνο
3625 5008 3776 5065 οὕτω
3828 5078 3831 5081 _

2183 5107 2275 5161 καὶ
2300 5108 2461 5178 ἡμεῖς
2476 5107 2575 5177 τῆς
2595 5094 2675 5171 εἰς
2700 5096 2834 5161 Θεὸν
2861 5105 3082 5175 ἀγάπης
3104 5102 3332 5168 ἑαυτοὺς
3358 5094 3774 5177 ἐκκομίζοντες,

2180 5197 2243 5250 ού
2270 5197 2506 5268 μετρίως
2537 5197 2907 5268 ἀδικήσωμεν.
2938 5195 3110 5262 Σώζει
3142 5197 3251 5265 γὰρ
3283 5193 3435 5248 οὐδὲν
3465 5192 3557 5245 τὸν
3598 5205 3771 5261 προσ-

2174 5286 2437 5360 κρούοντα
2470 5287 2609 5360 Θεῷ.
2670 5290 2794 5343 Ὅτι
2838 5282 3021 5343 ’τοίνυν
3066 5287 3554 5359 ἀποδεδραμήκασι
3590 5280 3770 5344 Θεοῦ,

2170 5377 2429 5451 ταύτῃτοι
2464 5378 2688 5432 δείλαιοι
2748 5379 2843 5432 καὶ
2872 5368 3163 5447 ἐπάρατσι.
3192 5370 3664 5451 Δεδυσσεϐηκότὲς
3684 5370 3769 5436 δὲ,

2170 5467 2261 5522 διά
2288 5486 2353 5539 γε
2379 5469 2474 5523 τοῦ
2525 5459 2994 5542 προσκυνεῖντοῖς
3020 5468 3397 5540 ψευδωνύμως
3437 5466 3582 5529 θεοῖς
3604 5503 3621 5530 ,
3670 5462 3767 5517 καὶ

2170 5561 2437 5622 ἀνάπτειν
2474 5563 2657 5629 αὐτοῖς
2697 5562 2758 5617 τὸ
2809 5562 2997 5633 σέϐας,
3048 5561 3432 5618 ὑποκείσονται
3478 5558 3558 5631 τῷ
3615 5556 3767 5617 οὐαί.
3804 5632 3813 5635 _
