3982 6494
163 354 257 411 193

1093 354 1654 414 COMMENTARIUS
1690 354 1755 409 IN
1791 355 2024 413 OSEAM
2067 359 2518 416 PROPIIETAM.

3374 363 3480 419 194

164 491 180 524 ι
202 469 327 525 Ἐὰν
349 470 466 542 γὰρ
488 471 685 545 κλείσῃ
713 470 857 525 κατὰ
877 469 1170 543 ἀνθρώπου
1202 472 1356 538 Θεὸς,
1383 473 1466 536 τίς
1491 473 1724 541 άνοίξει;
1751 495 1767 526 ι

1886 486 2070 532 contra
2105 480 2406 546 hominem,
2435 480 2559 548 quis
2589 477 2894 548 aperiet”?
2925 498 2942 530 ι
2979 487 3036 533 ut
3070 480 3335 550 scriptum
3373 491 3476 539 est.

157 563 290 618 κατὰ
319 563 384 615 τὸ
411 564 833 634 γεγραμμένον.

231 693 382 762 Ἐγὼ
415 691 488 745 δὲ
522 693 968 762 ἐλυτρωσὰμην
998 691 1246 760 αὐτοὺς,
1287 694 1461 748 αὐτοὶ
1513 694 1584 747 δὲ
1629 711 1772 747 κατ-

152 784 480 852 ελὰλησαν
521 787 652 841 κατ’
706 786 856 856 ἐμοῦ
898 783 1136 854 ψευδῆ,
1192 784 1293 838 καὶ
1342 787 1456 839 οὐκ
1505 786 1776 853 ἐϐόησαν

153 877 301 945 πρός
348 893 432 946 με
474 880 535 932 αἱ
587 874 831 946 καρδίαι
869 875 1091 939 αὐτῶν,
1117 875 1256 929 ἀλλ’
1291 875 1329 942 ἢ
1379 873 1684 935 ὼλόλυζον
1706 874 1776 928 ἐν

155 967 283 1034 ταῖς
347 969 594 1035 κοίταις
631 967 857 1035 αὐτῶν,
900 967 1000 1022 ἐπὶ
1037 967 1185 1034 σίτῳ
1229 965 1329 1021 καὶ
1369 967 1514 1030 οἴνῳ
1539 965 1775 1020 κατετέ-

153 1076 402 1129 μνθντο.
489 1128 492 1131 ι

219 1192 358 1246 HB’.
388 1193 518 1248 Ὀτι
539 1195 652 1255 τοῖς
677 1191 918 1246 ἑκάστου
946 1191 1422 1265 πλημμελήμασιν
1452 1194 1774 1266 ἰσομέτρους

157 1286 352 1356 ἐπάγει
402 1286 510 1350 τὰς
544 1285 726 1350 δίκας,
767 1287 1102 1358 ὑπεμφαίνει
1163 1286 1348 1340 πάλιν.
1392 1288 1773 1357 Κατειρήκασι

157 1379 257 1452 γάρ
295 1377 404 1432 τοῦ
435 1379 874 1450 λυτρωσαμένου
912 1375 1074 1442 Θεοῦ,
1117 1379 1213 1431 καὶ
1247 1378 1306 1444 ἐξ
1347 1378 1496 1432 οἴκου
1529 1378 1774 1443 δουλείας

157 1474 528 1545 ὲξαγηοχότος
566 1492 583 1523 ι
616 1473 676 1525 ὲν
730 1472 874 1543 χειρὶ
950 1473 1226 1544 κραταιᾷ,
1277 1472 1371 1524 καὶ
1422 1472 1481 1524 ἐν
1526 1471 1772 1542 βραχίονι

160 1567 373 1637 ὑψηλῷ,
391 1586 409 1618 ι
435 1564 588 1618 καθὰ
619 1564 958 1635 γέγραπται,
980 1565 1080 1633 καί¹
1098 1565 1198 1634 τῆς
1226 1563 1543 1631 Αἰγυπτίων
1575 1564 1769 1616 πλεον-

157 1657 302 1721 εξίας
370 1653 835 1724 ὲκκεκομικὸτος.
906 1653 1302 1723 Κατελάλησαν
1352 1653 1408 1706 δὲ
1464 1654 1562 1722 τῆς
1614 1653 1773 1723 δόξης

157 1746 342 1813 αὑτοῦ,
380 1745 485 1808 τὰς
513 1745 657 1816 ὑπὲρ
686 1739 761 1798 ὧν
803 1746 868 1798 ἂν
902 1745 1125 1798 πάθοιεν
1171 1745 1448 1814 εὐφημίας
1484 1747 1595 1808 τοῖς
1639 1746 1776 1799 άκα-

158 1841 377 1912 Θάρτοις
431 1839 779 1897 ἀνάπτοντες
836 1836 1095 1908 δαίμοσι,
1145 1837 1238 1890 καὶ
1278 1838 1393 1900 τοῖς
1437 1836 1619 1906 ἔργοις
1667 1837 1774 1890 τῶν

161 1932 352 2003 χειρῶν
383 1929 500 1983 τῶν
534 1928 703 1990 ἰδίων,
727 1928 984 2000 καθάπερ
1011 1929 1202 2000 ἀμέλει
1237 1923 1776 2001 με’μοσχοποιηκότες

159 2025 288 2078 κατὰ
322 2023 436 2092 τὴν
464 2023 697 2094 ἔρημον,
737 2022 1026 2092 μονονουχὶ
1072 2022 1162 2074 τὸν
1215 2021 1500 2094 λυτρωτὴν
1545 2023 1777 2087 ἀνοσίως

155 2113 642 2188 περιυϐρίζοντες,
677 2112 738 2178 ἐξ
790 2112 1138 2184 ἀποπληξίας
1171 2113 1414 2182 ἔφασκον
1436 2132 1447 2144 ·
1479 2133 1496 2163 ι
1531 2108 1690 2167 Οὗτοι
1726 2115 1775 2167 οἱ

156 2211 256 2266 θεοί
290 2227 421 2275 σου,
460 2206 710 2278 Ἰσραὴλ,
743 2207 943 2269 οἵτινες
972 2207 1252 2278 ἀνήγαγόν
1291 2224 1350 2259 σε
1381 2209 1444 2260 ὲκ
1475 2207 1580 2278 γῆς
1605 2207 1775 2276 Αξγύ-

155 2324 304 2359 mou.
347 2324 370 2356 ι
419 2302 629 2374 ’Ὕϐρις
681 2296 775 2355 οῦν
816 2301 958 2372 ἄρα,
1009 2302 1106 2354 καὶ
1159 2302 1415 2373 παροινία
1461 2292 1646 2355 λοιπον
1696 2302 1776 2366 εἰς

153 2398 312 2460 Θεὸν,
365 2396 468 2449 καὶ
528 2394 1331 2466 ἐναργεστάτηκατάῤῥησις,
1388 2394 1449 2448 τὸ
1511 2395 1776 2463 γλυπτοῖς

154 2490 250 2558 καὶ,
269 2489 547 2563 δαίμοσιν
583 2484 868 2540 ἀναθεῖναι
913 2485 976 2538 τὸ
1024 2485 1211 2551 σέϐας,
1263 2487 1357 2539 καὶ
1387 2487 1573 2550 αὐτοῖς
1603 2505 1774 2559 προσ-

153 2583 303 2651 άγειν
351 2582 430 2634 τὰ
463 2579 832 2652 χαριστήρια,
879 2577 974 2632 καὶ
1025 2578 1128 2649 τῆς
1171 2579 1435 2634 ἀνωτάτω
1471 2579 1629 2651 δόξης
1675 2580 1775 2650 τὴν

154 2675 436 2747 ὑπεροχὴν
465 2672 873 2737 καταϐιϐάζειν
908 2673 988 2744 εἰς
1018 2672 1180 2726 αὐτά.
1219 2669 1332 2726 Καὶ
1361 2673 1484 2742 οὐχὶ
1511 2672 1573 2745 δὴ
1613 2673 1775 2743 μόνον

155 2769 532 2839 κατειρήκασι
569 2765 668 2819 τοῦ
715 2764 877 2829 Θεοῦ,
915 2764 1170 2838 καθάπερ
1203 2765 1341 2834 ἔφην
1377 2766 1606 2838 ἀρτίως.
1638 2765 1777 2819 ἀλλὰ

93 2864 102 2875 ⁸
154 2863 241 2915 καί
273 2860 607 2914 ἀπένευσαν
642 2856 925 2920 παντελῶς
979 2856 1070 2910 τοῦ
1104 2857 1209 2911 κᾶν
1246 2858 1376 2927 γοῦν
1424 2857 1636 2911 οἴεσθαι
1673 2859 1769 2929 μό-

155 2969 256 3016 νον,
291 2953 383 3006 ὅτι
413 2949 555 3022 παρ’
589 2947 763 3003 αὐτοῦ
803 2951 918 3012 τοῖς
951 2951 1009 3002 ἐν
1043 2948 1235 3020 κόσμῳ
1272 2949 1338 3002 τά
1373 2948 1621 3019 ζωαρκῆ.
1647 2967 1667 3000 ι
1700 2949 1772 3002 Ub

152 3047 253 3118 γὰρ
289 3045 612 3117 βεϐοήκασι
642 3042 781 3115 πρός
815 3059 906 3113 με,
940 3043 1128 3113 φησιν,
1173 3045 1227 3097 αἱ
1274 3043 1494 3116 καρδίαι
1519 3043 1720 3107 αὐτῶν,
1752 3063 1772 3096 ι

151 3138 463 3202 τουτέστιν,
499 3135 660 3190 οὐδὲν
702 3133 1040 3206 ἐξεζήτησαν
1075 3137 1208 3207 παρ’
1252 3135 1410 3208 ἐμοῦ,
1445 3135 1622 3190 καίτοι
1663 3135 1778 3189 δια-

150 3231 398 3303 κείμενοι
466 3229 569 3282 καὶ
634 3229 1104 3292 πεπιστευκότες,
1172 3229 1253 3281 ὅτι
1318 3229 1520 3293 παντὸς
1570 3228 1776 3297 ἀγαθοῦ

151 3322 419 3395 χορηγός·
454 3322 584 3391 εἰμι
619 3321 760 3375 καὶ,
790 3320 979 3392 δοτήρ.
1033 3321 1156 3374 Ὅτι
1202 3320 1259 3373 δὲ
1308 3319 1438 3390 βοῆς
1489 3321 1551 3373 οὐ
1604 3321 1777 3374 δεῖται

153 3413 295 3478 Θεὸς.
333 3411 658 3474 διαθέσεως
687 3411 744 3464 δὲ
786 3411 989 3481 μᾶλλον
1022 3414 1121 3483 τῆς
1154 3414 1233 3474 εἰς
1260 3410 1386 3465 νοῦν
1409 3413 1501 3465 καὶ
1525 3413 1776 3480 καρδίαν,

155 3507 239 3560 καὶ
286 3506 385 3560 διὰ
431 3503 654 3559 τούτων
703 3503 989 3574 εἰσόμεθα.
1048 3502 1260 3558 Οὐκοῦν
1313 3503 1437 3556 οὕτε
1482 3484 1778 3575 βεϐοήκασι

157 3598 282 3670 πρὸς
301 3598 456 3652 Θεόν
475 3611 490 3626 ⁸
517 3595 661 3651 ἀλλὰ
679 3595 788 3668 γὰρ
819 3598 913 3650 καὶ
943 3595 1375 3650 άπονενεύκασιν
1403 3596 1674 3667 ἀχαλίνως
1700 3599 1780 3660 εἰς

157 3693 421 3756 meum;
449 3689 849 3761 φιλοσαρκίας,
882 3689 958 3752 ὡς
990 3689 1086 3743 καὶ
1116 3687 1393 3752 ὀλολύζειν
1422 3690 1515 3742 ἐπὶ
1547 3690 1776 3753 κοίταις.

163 3786 408 3857 Δίςχρῶν
471 3783 533 3836 δὲ
582 3782 807 3854 τρόπων
847 3781 1128 3847 ἀπόδειξις·
1167 3780 1230 3834 τὸ
1269 3781 1461 3852 χρῆμά
1503 3783 1641 3846 ἐστι,
1683 3784 1779 3836 καὶ

167 3881 251 3947 τῆς
280 3881 360 3944 εἰς
397 3875 678 3948 πορνείαν
718 3875 1061 3950 ἐπιπλήκτου
1095 3875 1290 3946 ῥοπῆς,
1319 3873 1417 3928 καὶ
1455 3873 1546 3928 νοῦ
1581 3875 1780 3930 κεκλα-

156 3971 346 4040 σμένου
378 3970 533 4040 πρὸς
564 3967 780 4039 ἡδονάς.
816 3966 1028 4039 Πρέποι
1056 3965 1100 4020 δ’
1127 3965 1193 4019 ἂν
1223 3965 1406 4035 μόνοις
1437 3967 1516 4029 εἰς
1547 3967 1780 4038 αἰσχρὰν

149 4059 287 4113 οὕτω
336 4060 448 4114 καὶ
483 4058 906 4130 βδελυρωτάτην
928 4058 1043 4126 ἕξιν
1075 4057 1414 4112 κατολισθεῖν
1440 4061 1554 4122 τοῖς
1576 4060 1643 4114 τὰ
1670 4061 1779 4116 τῶν

145 4152 362 4224 ἀνδρῶν
420 4152 714 4222 ἐξαίρετα,
773 4152 912 4222 πρὸς
947 4151 1018 4212 τά
1063 4151 1173 4206 τῶν
1227 4153 1471 4220 γυναίων
1522 4153 1649 4225 ἔθη,
1686 4156 1781 4208 καὶ

146 4249 463 4318 σχήματα,
500 4245 599 4299 καὶ
646 4243 835 4313 φωνὰς
883 4243 1317 4309 καταϐιάζεσθαι
1355 4247 1776 4318 μεμελετηκόσι.

141 4339 452 4393 Γυναικίαι
491 4337 552 4391 δὲ
596 4328 766 4401 οῦτοι,
809 4338 906 4390 καὶ
960 4337 1095 4390 πολὺ
1144 4337 1266 4391 λίαν
1317 4338 1776 4410 ὲκτεθηλυμένοι,

141 4434 232 4486 καὶ
259 4435 353 4496 εἰς
386 4431 556 4501 λῆξιν
595 4431 829 4500 ἥκοντες
857 4430 956 4501 τῆς
984 4432 1043 4483 ἐν
1075 4430 1388 4501 ἀνθρώποις
1414 4433 1776 4505 ἀκαθαρσίας.

140 4528 209 4582 Τό
234 4546 308 4596 γε
351 4525 607 4598 μὴν.ὲπ’
647 4523 780 4595 οἴνῳ
823 4525 916 4578 καὶ
947 4524 1079 4596 σίτῳ
1123 4526 1571 4597 κατατέμνεσθαι
1600 4527 1780 4594 λέγειν

1950 705 2115 760 Vens.
2154 705 2242 760 Η.
2280 701 2393 775 Ego
2437 719 2555 758 vero
2593 700 2789 755 redemi
2823 716 2930 766 eos,
2970 700 3071 769 ipsi
3107 708 3282 753 autem
3318 699 3483 752 locuti

1877 805 2213 851 suntconlra
2245 811 2328 848 me
2359 794 2672 857 mendacia;
2701 802 2747 845 et
2782 807 2886 844 non
2922 790 3279 845 clamauerunt
3308 790 3377 842 ad
3403 805 3486 842 me

1877 890 2038 943 corda
2073 903 2254 942 eorum
2273 906 2296 952 ,δ
2322 887 2412 940 sed
2447 886 2725 939 ululabant
2761 885 2812 938 in
2845 882 3110 936 cubilibus
3142 881 3274 935 suis.
3311 862 3484 949 Super

1878 981 2144 1050 frumento
2169 989 2216 1034 et
2247 980 2368 1034 vino
2397 977 2829 1032 concidebamur.

1948 1194 2220 1254 LXXX".
2263 1198 2506 1252 lnsinnat
2533 1195 2688 1258 item,
2715 1209 2773 1248 se
2803 1193 3228 1264 uniuscujusque
3257 1201 3482 1262 peccata

1877 1293 2100 1361 paribus
2133 1291 2310 1361 pcenis
2340 1289 2548 1344 ulcisci.
2580 1287 2828 1342 Oblocuti
2861 1276 2991 1341 sunt
3021 1285 3164 1340 enim
3198 1285 3476 1339 liberatori

1877 1398 1976 1438 suo
2011 1383 2152 1448 Deo,
2198 1383 2286 1450 qui
2328 1395 2423 1434 eos
2462 1381 2528 1434 de
2568 1380 2729 1435 domo
2767 1377 3050 1432 servitutis
3091 1376 3310 1439 eduxit,
3360 1393 3378 1426 ι
3431 1376 3481 1428 in

1878 1491 2038 1529 manu
2067 1475 2295 1543 potenti,
2322 1481 2376 1528 ct
2403 1473 2625 1527 brachio
2653 1472 2868 1527 excelso
2889 1472 2955 1535 ",
2997 1491 3013 1523 ι
3047 1472 3192 1525 sicut
3217 1471 3481 1538 scriptum

1877 1577 1980 1631 est,
2007 1576 2060 1621 et
2086 1582 2115 1621 e
2146 1567 2429 1620 dominatu
2453 1565 2834 1635 Egyptiorum
2867 1562 3188 1633 asportavit.
3219 1562 3483 1616 Detraxe-

1880 1669 2006 1714 runt
2042 1670 2222 1713 autem
2260 1662 2326 1712 de
2360 1659 2534 1729 gloria
2571 1658 2723 1727 ejus,
2761 1656 2950 1711 laudes
2981 1671 3081 1725 pro
3116 1656 3357 1724 acceptis
3389 1657 3484 1709 be-

1880 1751 2090 1807 neﬁciis
2135 1751 2362 1820 impuris
2407 1750 2782 1810 darmouibus,
2825 1758 2880 1802 et
2921 1748 3177 1816 operibus
3223 1761 3482 1801 manuum

1880 1858 2104 1898 suarum
2143 1844 2476 1908 tribuentes;
2506 1841 2651 1897 sicut
2680 1856 2874 1910 nempe
2902 1856 3024 1894 cum
3051 1841 3278 1894 vitulum
3313 1841 3366 1894 in
3394 1854 3485 1894 so-

1810 1901 1850 1957 Β
1882 1935 2111 1989 litudine
2152 1934 2443 1998 fecissent,
2489 1931 2880 2003 propemodum
2926 1931 3273 1984 liberatorem
3319 1929 3484 1998 impie

1879 2040 1933 2084 ct
1958 2028 2352 2083 contumeliose
2377 2027 2810 2096 proscindentes,
2834 2039 2898 2078 ex
2926 2026 3162 2079 amentia
3187 2023 3440 2078 dicebant
3467 2040 3480 2076 :

1882 2137 1900 2168 ι
1941 2118 2002 2172 1·Ιί
2040 2129 2166 2172 sunt
2199 2119 2272 2173 dii
2311 2119 2408 2182 tui,
2447 2117 2634 2182 lsrael,
2669 2116 2760 2184 qui
2797 2115 3103 2169 eduxerunt
3142 2124 3193 2168 te
3229 2115 3295 2168 de
3333 2125 3482 2167 terra

1876 2210 2096 2283 IEgypti
2131 2211 2191 2264 Μ.
2241 2230 2260 2262 ›
2308 2209 2507 2279 lnjuria
2552 2210 2716 2280 igitur
2754 2218 2810 2263 et
2851 2207 3175 2277 contumelia
3218 2207 3270 2260 in
3313 2205 3481 2260 Deum

1879 2307 2102 2360 minium
2146 2304 2305 2359 dubia
2360 2303 2717 2374 opprobratio
2757 2309 2870 2368 est,
2908 2299 3252 2369 sculptilibus
3295 2310 3351 2353 et
3386 2297 3469 2351 dte

1876 2399 2128 2454 monibus
2163 2397 2368 2453 cultum
2405 2396 2645 2450 divinum
2685 2394 3026 2466 impendere,
3072 2392 3246 2462 iisque
3281 2391 3486 2461 gratias

1877 2492 2118 2569 referre,
2148 2500 2202 2546 et
2233 2505 2505 2561 supremae
2534 2489 2723 2560 gloria;
2751 2485 3135 2551 excellentiam
3168 2485 3231 2550 ad
3263 2498 3358 2540 eos
3389 2484 3486 2538 de-

1878 2585 2075 2642 rivare.
2114 2575 2224 2639 Nec
2260 2583 2436 2638 solum
2483 2581 2624 2636 male
2667 2579 2831 2634 locuti
2874 2588 3000 2634 sunt
3049 2577 3178 2643 Deo,
3219 2588 3278 2630 ut
3322 2576 3484 2630 modo

1877 2677 2020 2743 dixi;
2054 2678 2148 2734 sed
2182 2676 2344 2731 etiam
2381 2675 2556 2745 ipsam
2594 2673 2928 2743 opinionem,
2961 2669 3215 2744 omnibus
3252 2669 3302 2722 in
3347 2670 3485 2722 orbe

1878 2781 2145 2824 terrarum
2181 2768 2549 2822 animantibus
2582 2767 2705 2819 vitae
2738 2762 3049 2828 necessaria
3079 2763 3146 2816 ab
3178 2776 3243 2815 eo
3276 2762 3478 2829 imper-

1879 2863 1986 2928 tiri,
2017 2863 2228 2932 penitus
2256 2861 2590 2927 abjecerunt.
2627 2875 2646 2908 ι
2685 2856 2797 2910 Non
2829 2855 2975 2911 enim
3012 2855 3388 2909 clamaverunt
3413 2853 3481 2906 ad

1877 2969 1991 3022 me,
2024 2954 2233 3023 inquit,
2263 2951 2426 3007 corda
2458 2966 2680 3013 eorum,
2719 2968 2736 2999 ι
2777 2949 2876 3002 hoc
2907 2957 3022 3012 est,
3055 2945 3188 3003 nihil
3217 2944 3487 3014 quaesive-

1879 3057 2004 3101 runt
2030 3063 2058 3100 a
2082 3062 2168 3120 me
2189 3044 2444 3116 quamvis
2467 3044 2754 3106 sentirent,
2780 3047 2834 3094 et
2857 3041 3168 3103 crederent,
3196 3053 3282 3092 me
3305 3036 3486 3092 omnis

1877 3138 2004 3193 boni
2040 3136 2505 3208 suppeditatorem
2539 3148 2602 3186 ac
2632 3131 2979 3202 prtchitorem
3010 3143 3152 3183 esse.
3186 3129 3356 3181 Deum
3385 3141 3485 3179 au-

1805 3263 1847 3320 c
1884 3243 1990 3285 tem
2025 3247 2131 3284 non
2164 3243 2326 3299 egere
2357 3227 2630 3289 clamore,
2662 3225 2756 3278 sed
2785 3221 2982 3276 aﬂ‘ectu
3018 3220 3197 3290 potius
3228 3217 3396 3274 animi
3431 3224 3486 3270 et

1887 3323 2090 3389 cordis,
2115 3324 2278 3376 etiam
2308 3320 2438 3374 hinc
2466 3330 2876 3386 cognoscemus.
2904 3313 3046 3388 Ergo
3073 3324 3249 3380 neque
3272 3307 3484 3362 clama-

1889 3425 2082 3470 verunt
2118 3417 2184 3468 ad
2229 3415 2438 3474 Deum;
2484 3412 2594 3464 imo
2631 3409 2960 3477 impotentes
2996 3407 3064 3459 ab
3100 3419 3164 3457 eo
3201 3402 3266 3456 ad
3304 3399 3486 3456 studia

1887 3511 2070 3563 carnis
2114 3507 2328 3562 sordida
2374 3503 2744 3574 deﬂoret-unt,
2792 3510 2850 3552 ut
2896 3498 3060 3552 etiam
3114 3495 3381 3548 ulularent
3431 3496 3505 3556 ιιι¹

1889 3602 2156 3656 cubilibus
2188 3600 2300 3655 suis
2329 3617 2342 3653 :
2373 3612 2480 3668 qua
2511 3612 2569 3651 re
2600 3593 2728 3648 foedi
2765 3607 2946 3654 mores
2988 3599 3042 3644 et
3073 3588 3365 3659 propensio
3396 3600 3486 3639 ca-

1888 3695 2151 3766 stigabilis
2183 3695 2249 3750 ad
2280 3693 2722 3754 fornicationem,
2752 3697 2807 3743 et
2843 3685 3004 3756 115
3037 3700 3187 3739 mens
3218 3681 3390 3736 fracta
3420 3679 3487 3734 ad

1889 3789 2196 3858 Voluptates
2247 3788 2675 3848 demonstratur.
2731 3781 2813 3836 Ad
2871 3776 3178 3846 huiusmodi
3236 3784 3488 3843 turpem,

1889 3883 2236 3948 maximeque
2261 3879 2658 3952 exsecrandum
2689 3874 2930 3929 habitum
2957 3869 3135 3925 delabi
3155 3882 3250 3922 eos
3275 3875 3485 3935 tantum

1888 3973 2166 4037 convenit,
2200 3971 2292 4041 qui
2324 3987 2446 4041 qua:
2476 3969 2718 4021 virorum
2754 3964 3054 4036 peculiaria
3088 3969 3236 4026 sunt,
3267 3959 3334 4012 ad
3367 3973 3486 4010 mo-

1892 4083 2005 4130 res,
2063 4076 2118 4122 et
2169 4064 2432 4126 habitus,
2469 4070 2522 4115 et
2566 4075 2726 4127 voces
2782 4057 3110 4110 feminarum
3161 4054 3488 4134 detorquere

1889 4156 2314 4222 contenderunt.
2343 4154 2407 4209 Hi
2441 4150 2926 4216 suntmuliebres,
2955 4155 3009 4200 ct
3041 4147 3284 4207 immane
3311 4158 3487 4210 quan-

1892 4261 2014 4308 tum.
2048 4248 2366 4313 effeminati,
2415 4256 2468 4302 et
2515 4246 2766 4300 humana:
2811 4237 3170 4294 immunditia)
3213 4233 3486 4303 fastigium

1892 4354 2098 4400 tenent.
2120 4343 2272 4414 Quod
2295 4340 2496 4414 dicitur
2517 4352 2612 4392 eos
2640 4349 2804 4404 super
2828 4332 3104 4402 frumento
3127 4335 3181 4396 et
3206 4325 3332 4382 vino
3359 4339 3490 4378 con-

1889 4438 1997 4493 cidi
2021 4477 2035 4502 ,
2071 4437 2219 4490 illmn
2242 4474 2258 4500 ,
2290 4434 2506 4503 opinor,
2542 4444 2759 4485 sensum
2799 4427 2980 4480 habet.
3015 4421 3234 4477 Gratias
3267 4429 3490 4488 agentes

1890 4532 2050 4587 idolis
2087 4529 2200 4586 suis
2234 4538 2459 4598 propter
2490 4526 2686 4578 uberes
2723 4533 2977 4591 agrorum
3017 4521 3335 4586 proventus,
3374 4510 3488 4562 fru-

135 4621 372 4684 αὐτοὺς,
394 4620 608 4682 ἐκεῖνο,
645 4613 802 4688 οἶμαι
838 4634 962 4680 που,
1002 4616 1350 4688 παραδηλοῦν
1383 4617 1578 4672 ἔοικεν.
1608 4620 1776 4690 Εὐχα-

1892 4635 2154 4687 mentum,
2189 4623 2433 4691 inquam,
2466 4619 2757 4679 etvintttn,
2788 4627 2907 4684 qua:
2940 4617 3200 4664 vocantur
3230 4606 3487 4677 mysteria

136 4713 485 4785 ριστοῦντες
533 4710 802 4781 γὰρ,,τοῐς
859 4710 1073 4763 ἑαυτῶν
1125 4709 1370 4775 εἰδώλοις
1420 4712 1513 4764 ἐπὶ
1559 4715 1679 4776 ταῖς
1727 4712 1788 4777 ἐξ

134 4804 339 4875 ἀγρῶν
377 4799 750 4870 εὐκαρπεαις,
787 4801 923 4873 σίτῳ
945 4818 1028 4865 τε,
1057 4801 1221 4872 φημὶ,
1247 4803 1342 4855 και
1369 4805 1483 4866 τοῖς
1505 4801 1564 4866 ἐξ
1599 4803 1784 4874 ἀμπέ-

135 4895 253 4963 λου,
306 4897 423 4959 τὰς
483 4894 834 4964 καλουμένας
888 4893 1112 4957 τελετάς
1173 4895 1520 4966 ἐπιτηδεύειν
1567 4895 1782 4966 ἤθελον.

112 4983 266 5068 ,οἷον
313 4985 732 5050 ἐνθουσιῶντές
777 5003 836 5038 τε
885 4986 981 5039 καὶ
1031 4985 1388 5057 μαινόμεναι
1433 4988 1527 5040 καὶ
1582 4987 1785 5058 σιδήρῳ

105 5082 201 5138 -τά
240 5083 494 5154 στέρνα,
539 5080 638 5134 καὶ
684 5080 858 5150 ἄμφω
913 5079 992 5151 τῷ
1040 5081 1190 5151 χεῖρε
1234 5081 1638 5150 χαράττοντες,
1689 5082 1784 5134 καὶ

128 5178 382 5238 ἀτόπως
409 5175 562 5246 τάχα
589 5173 650 5228 τὸ
698 5173 833 5228 ἴδιον
882 5168 1024 5244 αἷμα
1077 5175 1366 5244 μονονουχὶ
1418 5173 1784 5238 καταθύοντες

126 5274 249 5335 τοῖς
290 5269 605 5338 γλυπτοῖς,
640 5269 730 5321 ἐπ’
771 5268 979 5340 ἐσχάτῃ
1009 5268 1195 5321 λοιπὸν
1233 5268 1518 5340 άφιλοθεῖᾳ
1555 5285 1779 5336 κατεγι-

124 5364 462 5424 νώσκοντο.
503 5359 742 5424 Τούτοις
786 5378 892 5414 που
942 5362 1082 5432 τάχα
1122 5363 1214 5414 καὶ
1255 5361 1545 5432 προφήτης
1592 5360 1779 5430 ἕτερος

124 5455 473 5529 ἐπιμειὸιᾷ,
502 5453 708 5520 λέγων·
742 5470 759 5503 ι
797 5451 1011 5506 eum:
1050 5450 1395 5523 ἀνθρώπους·
1437 5450 1628 5521 μόσχοι
1671 5451 1781 5522 γὰρ

123 5548 578 5604 ἐκλελοίπασιν.
615 5565 635 5598 ι
684 5543 873 5598 Ἱκανὰ
903 5545 959 5597 δὲ
1005 5544 1074 5598 τὰ
1107 5545 1284 5598 τοιάδε
1335 5543 1668 5598 καταλυπεῖν
1699 5545 1780 5596 ὅτι

129 5643 406 5715 μάλιστα
466 5639 564 5695 τὸν
615 5637 728 5693 τῶν
775 5638 916 5692 ὅλων
968 5637 1466 5704 κατεξουσιάζοντα
1514 5636 1682 5700 Θεὸν,

204 5825 258 5857 ’δ
299 5823 420 5878 lsa.
463 5836 602 5884 xxn,
630 5817 722 5874 22.
806 5821 845 5850 ¹⁵
880 5817 1016 5874 Psal.
1052 5835 1250 5881 cxxsv,
1279 5818 1361 5874 l2.

1443 5817 1484 5849 ¹⁶
1526 5817 1692 5872 Exod.
1732 5831 1906 5877 xxx”,
1939 5801 1997 5867 7t.

1887 4715 2137 4772 studiose.
2160 4711 2536 4784 celebrabant,
2567 4718 2621 4761 et
2652 4707 2798 4761 velut
2831 4719 2858 4756 a
2897 4704 3008 4756 Deo
3039 4696 3224 4757 alllati,
3259 4706 3309 4763 et
3342 4695 3492 4749 iusa-

1890 4808 2134 4874 nientes,
2170 4806 2318 4861 ferro
2350 4817 2567 4874 quoque
2597 4807 2821 4870 pectora
2851 4796 3152 4863 ambasque
3182 4805 3378 4862 manus
3411 4790 3494 4843 in-

1887 4901 2167 4962 ciderunt,
2213 4906 2267 4952 ct
2308 4896 2589 4968 proprium
2639 4882 2998 4962 sanguinem,
3037 4885 3234 4947 credo,
3260 4889 3491 4946 ,tantttm

1889 5007 1994 5046 non
2031 4988 2377 5059 sculptilibus
2412 4983 2658 5054 improbe
2693 4982 3104 5048 sacrificantes,
3140 4982 3364 5046 propter
3397 4988 3491 5026 ex-

1892 5094 2123 5140 tremam
2175 5083 2431 5150 deinceps
2474 5095 2502 5133 a
2546 5079 2658 5134 Deo
2708 5075 3088 5134 alienationem
3139 5071 3490 5124 damnantur.

1892 5177 2002 5231 llos
2033 5163 2259 5230 forsitan
2289 5182 2343 5228 et
2374 5172 2515 5248 alius
2545 5171 2807 5241 propheta
2840 5167 3054 5230 irridet,
3078 5164 3313 5231 dicens;
3341 5176 3360 5208 ι
3390 5156 3494 5208 Ιιιι-

1893 5266 2093 5321 molate
2125 5264 2407 5329 homines,
2445 5261 2598 5317 vituli
2638 5261 2785 5317 enim
2827 5258 3146 5314 defecerunt
3173 5254 3236 5312 υ.
3275 5269 3300 5323 ι»
3339 5247 3490 5303 Talia

1890 5361 1956 5413 ad
1992 5360 2157 5413 Deum
2187 5357 2368 5412 omnia
2402 5364 2670 5425 potestate
2696 5350 3248 5422 comprehendentem
3279 5355 3492 5398 summe

1890 5449 2213 5504 irritandum
2259 5448 2394 5502 satis
2434 5445 2646 5512 valent,
2687 5443 2773 5497 cui
2816 5441 3023 5512 gratias
3068 5450 3230 5510 agere
3277 5431 3491 5502 potius,

1891 5558 2050 5611 quam
2075 5539 2487 5595 convenientem
2517 5537 2742 5608 gloriam
2775 5535 2932 5604 lignis
2958 5541 3013 5588 ct
3039 5528 3307 5600 lapidibus
3330 5522 3496 5582 stulte

1893 5635 2136 5690 tribuere
2166 5633 2544 5688 conveniebat.
2695 5615 2699 5621 ’

2080 5814 2118 5844 ³⁷
2155 5812 2281 5868 Osc.
2319 5826 2437 5872 xm,
2473 5807 2532 5862 9..
