3982 6472
581 325 688 381 I95

1609 325 1667 383 S.
1708 327 1981 384 CYRILLI
2009 328 2479 391 ALEXANDRINI
2515 335 2833 395 ARCIIIISI’.
3731 351 3823 411 196

578 437 778 510 μᾶλλον
809 437 917 494 ἔδει
943 440 1244 512 προσάγειν
1273 442 1345 497 τά
1385 443 1738 516 χαριστήρια,
1771 447 1866 501 καὶ
1895 449 2017 519 οὐχὶ
2059 449 2158 521 τὴν
2197 453 2348 523 αὐτῷ
2411 458 2732 528 πρέπουσαν
2787 459 2946 525 δόξαν
2971 461 3268 533 ἀπονέμειν
3293 460 3534 530 ἀϐούλως
3564 465 3728 534 ξύλοις
3773 489 3823 524 τε

575 530 668 581 καί
701 528 890 593 λίθοις.

645 662 806 717 Vens.
835 663 922 717 13.
948 662 1163 719 Eruditi
1185 677 1305 720 sunt
1331 667 1384 720 in
1408 685 1510 734 me,
1531 680 1577 724 et
1599 687 1693 742 ego
1719 674 2010 744 confertam"
2037 680 2157 731 θνα·
2189 643 2232 698 Α

568 753 686 805 chia
721 768 937 817 eorum,
971 764 1019 808 et
1054 764 1239 808 contra
1275 773 1356 811 me
1389 760 1746 828 cogitaverunt
1781 764 1945 820 mala.
1978 766 2161 822 Aversi

567 854 687 897 sunt
724 846 780 900 in
808 846 974 912 nihil,
1003 847 1134 916 facti
1162 858 1285 903 sunt
1313 852 1466 921 quasi
1496 869 1653 908 arcus
1683 865 1950 912 extensus.

637 1086 922 1144 LXXXIII.
963 1089 1122 1146 Aliud
1149 1093 1346 1162 ingrati
1373 1094 1538 1148 animi
1567 1095 1774 1150 crimen
1805 1095 1908 1154 illis
1935 1098 2154 1170 objicit,

568 1181 762 1249 impios
799 1183 1238 1254 negligentesque
1275 1186 1673 1243 demonstrans.
1709 1188 1823 1260 Ego
1860 1192 2038 1257 enim,
2077 1193 2159 1248 in-

565 1272 716 1337 quit,
764 1287 1074 1340 quanquam
1124 1273 1250 1327 olim
1301 1274 1436 1328 nihil
1483 1291 1512 1328 a
1564 1275 1738 1332 brutis
1785 1279 2154 1336 animantibus

567 1363 900 1426 differentes,
929 1375 983 1420 et
1010 1365 1465 1434 imperitissimos,
1496 1377 1549 1424 et
1579 1369 1695 1440 lege
1725 1370 1958 1437 institui,
1987 1383 2041 1428 et
2067 1389 2153 1429 sa-

567 1455 793 1520 pientes,
823 1467 877 1510 et
908 1457 1154 1513 utilitatis
1186 1475 1404 1527 gnaros,
1437 1471 1491 1516 et
1520 1463 1658 1516 viam
1683 1462 1926 1532 iustitiae,
1956 1476 2010 1521 et
2036 1481 2150 1521 om-

566 1561 686 1598 nem
715 1547 972 1601 decentia:
1003 1559 1206 1603 rectam
1240 1552 1770 1609 administrationem
1803 1558 2041 1613 scientes
2072 1560 2151 1614 ef-

563 1635 699 1699 feci,
746 1645 805 1690 ut
852 1637 958 1705 iam
1004 1641 1168 1693 etiam
1217 1643 1357 1710 apud
1403 1658 1463 1698 se
1507 1646 1800 1714 gaudentes
1847 1648 2090 1702 dicerent
2134 1669 2146 1704 :

565 1744 584 1776 ι
621 1727 768 1781 Beati
799 1743 988 1785 sumus
1014 1729 1201 1794 Israel,
1230 1733 1484 1800 quoniam
1515 1751 1634 1804 qua:
1664 1737 1856 1806 placita
1889 1749 2017 1792 sunt
2048 1740 2149 1793 Do-

562 1819 730 1880 mino,
760 1830 888 1873 nota
922 1833 1048 1874 sunt
1079 1824 1232 1877 nobis
1253 1825 1350 1877 η.»
1384 1825 1568 1896 Neque
1598 1829 1682 1882 hic
1711 1828 1825 1897 ejus
1851 1845 1973 1901 erga
2007 1833 2148 1902 ipsos

561 1911 917 1965 beneﬁcentia
953 1915 1192 1981 quievit;
1228 1916 1324 1970 sed
1363 1919 1581 1988 insuper
1615 1919 1962 1986 fortissimos,
1994 1934 2047 1976 et
2079 1926 2146 1979 ad

559 2003 806 2070 quemvis
831 2005 1206 2060 adversarium
1231 2008 1606 2064 debellandqu
1630 2011 1868 2067 valentes
1892 2016 2141 2070 reddidit.
2182 2051 2220 2104 Β

557 2094 752 2148 Multas
798 2095 996 2164 quippe
1038 2112 1369 2168 magnasque
1403 2110 1590 2168 gentes
1623 2103 1743 2157 sine
1777 2103 1960 2159 labore
1999 2107 2149 2162 devi-

555 2195 764 2241 cerunt.
789 2184 1149 2244 Nihilominus
1177 2189 1229 2243 in
1259 2205 1344 2245 me
1374 2192 1559 2247 talium
1590 2193 1851 2250 bonorum
1881 2197 2016 2267 ipsis
2045 2215 2147 2254 au-

553 2287 757 2331 ctorem
791 2279 1037 2348 perversi
1073 2283 1429 2348 exstiterunt,
1467 2294 1870 2356 contemptores
1897 2289 2148 2346 videlicet

552 2379 609 2423 et
637 2371 967 2438 desertores,
997 2380 1052 2426 et
1080 2375 1384 2430 aversionis
1414 2377 1550 2430 ratio
1578 2377 1682 2432 illis
1711 2379 1763 2433 in
1795 2380 2023 2436 nihilum
2056 2398 2145 2439 re-

551 2458 704 2512 cidit.
731 2459 877 2514 Nihil
906 2462 1049 2516 enim
1082 2464 1298 2532 penitus
1327 2473 1411 2519 est
1437 2480 1502 2519 ex
1535 2467 1756 2522 materia
1788 2469 1890 2524 sub
1917 2485 2138 2527 sensum

550 2551 778 2607 cadente
805 2552 1171 2608 manufactum
1200 2555 1580 2614 simulacrum.
1604 2559 1683 2613 Ac
1709 2559 1756 2614 si
1782 2561 1998 2628 quidem
2027 2579 2142 2620 nic-

549 2643 681 2698 liora
720 2645 1086 2714 reperissent,
1117 2658 1302 2716 posset
1337 2651 1704 2721 transgressio
1737 2653 1977 2723 ipsortnn
2011 2672 2140 2725 pro-

547 2734 801 2790 babiliter
833 2736 1070 2792 defendi.
1107 2740 1373 2806 Quoniam
1411 2750 1594 2796 autem
1635 2758 1757 2797 cum
1797 2743 1908 2801 Deo
1945 2747 2140 2802 collata

547 2828 680 2882 nihil
708 2839 856 2892 sunt,
892 2830 1056 2902 116
1077 2833 1187 2887 ista
1218 2849 1470 2903 prorsus,
1500 2836 1600 2891 nisi
1637 2837 1778 2893 risus
1807 2847 1864 2894 et
1893 2839 2138 2907 fatuitas,

544 2926 603 2971 et
635 2933 972 2988 quaecunque
1007 2922 1200 2977 horum
1235 2923 1432 2979 similia
1453 2964 1469 2989 ,
1501 2926 1803 2983 aversionis
1833 2943 1946 2986 sua
1980 2933 2140 2987 ratio-

548 3023 671 3062 nem
718 3009 1074 3066 verisimilem
1131 3014 1333 3069 nullam
1387 3016 1606 3074 habent.
1653 3017 1840 3091 Itaque
1885 3023 1952 3077 ad
2007 3024 2139 3078 nihil

545 3099 720 3153 aversi
748 3111 896 3154 sunt.
924 3103 1003 3156 Ad
1033 3103 1150 3159 haec
1178 3105 1301 3159 facti
1331 3115 1457 3160 sunt
1489 3123 1508 3159 ι
1539 3117 1599 3163 ιιι
1621 3124 1783 3166 arcus
1804 3122 2080 3176 extensus,
2115 3134 2132 3166 ι

549 3207 654 3245 non
684 3207 742 3246 se
771 3195 1155 3252 submitteutes
1185 3198 1250 3251 ad
1283 3201 1690 3267 paenitentiam,
1726 3218 1829 3258 non
1863 3206 2140 3261 remitten-

548 3295 627 3338 tes
654 3285 1032 3356 intentionem,
1056 3303 1162 3359 qua
1187 3292 1254 3346 ad
1284 3303 1492 3348 tantum
1519 3294 1758 3350 dedecus
1783 3295 2136 3353 dementiam-

2343 677 2826 748 Ἐπαιδεύθησαν
2877 678 2948 734 ἐν
2978 677 3108 751 ἐμοὶ
3131 722 3145 746 ,
3199 683 3298 736 καί
3337 681 3453 753 ἐγὼ
3504 690 3829 761 κατίσχυσα

2270 771 2414 836 τοὺς
2439 772 2776 842 βραχίονας
2825 773 3046 838 αὐτῶν,
3089 774 3188 828 καὶ
3221 776 3308 842 εἰς
3347 775 3453 845 ἐμὲ
3487 778 3830 850 ἐλογίσαηο

2268 864 2503 932 πονηρά
2570 864 3079 934 Ἀπεστράςςησαν
3106 867 3194 933 εις
3225 867 3428 932 οὐδὲν,
3460 869 3730 940 ἐγένοντο
3759 875 3832 942 ὠς

2266 956 2448 1021 τόξον
2476 955 2890 1026 ἐντεταμένον.

2337 1088 2460 1144 Ill".
2503 1088 2730 1158 Ἕτερον
2781 1087 2966 1152 αὐτοῖς
3017 1077 3344 1158 ἀχαριστίας
3390 1087 3567 1144 αὐτῶν
3617 1091 3828 1147 ἐπισυν-

2265 1179 2424 1232 άπτει
2456 1177 2697 1247 τρόπον,
2759 1177 3009 1241 ἀνοσίους
3057 1178 3217 1240 ὄντας
3272 1179 3366 1231 καί.
3411 1178 3828 1251 όλιγογνώμονας

2263 1269 2598 1338 ἀποφαίνων.
2620 1267 2761 1339 Ἐγὼ
2774 1269 2873 1340 μὲν
2900 1269 3032 1340 γὰρ,
3059 1271 3214 1339 φησί,
3234 1269 3412 1323 καίτοι
3439 1271 3604 1324 πάλαι
3633 1273 3828 1343 κτηνῶν

2261 1363 2472 1431 ἀλόγων
2498 1362 2891 1430 ’διενεγκόντας
2923 1361 3076 1415 οὐδὲν
3103 1363 3198 1415 καὶ
3235 1362 3529 1426 ἀσυνέτους
3553 1363 3708 1426 ὅντας
3745 1381 3829 1417 κο·

2265 1455 2412 1524 μιδῇ,
2452 1455 2546 1507 καὶ
2575 1454 2724 1524 νόμῳ
2755 1453 3149 1523 πεπαίδευμαι,
3181 1453 3275 1507 καὶ
3324 1457 3519 1522 σοφοὺς
3561 1456 3823 1522 ἀπέδειξα,

2261 1545 2440 1598 καὶτὸ
2486 1545 2769 1616 συμφέρον
2817 1544 3045 1608 εἰδότας,
3083 1545 3176 1598 καὶ
3217 1544 3317 1615 τὴν
3365 1547 3463 1616 τῆς
3499 1545 3827 1622 δικαιοσύνης

2256 1635 2393 1697 ὁδὸν,
2425 1635 2520 1688 καὶ
2545 1635 2766 1707 ἀπάσης
2802 1633 3101 1704 εὐκοσμίας
3134 1635 3476 1705 κατόρθωσιν
3513 1637 3611 1690 οὐκ
3641 1641 3826 1712 ἠγνοη-

2254 1727 2452 1790 κότας,
2501 1725 2577 1790 ὡς
2616 1727 2716 1798 ήδη
2766 1725 2861 1778 καὶ
2903 1725 3083 1794 λέγειν
3127 1726 3420 1797 χαίροντας
3461 1727 3546 1797 ἐφ’
3598 1730 3822 1798 ἑαυτοῖς,

2195 1812 2201 1818 ’
2262 1835 2280 1867 ‹
2323 1817 2599 1888 Μακάριοί
2652 1819 2840 1887 ἐσμεν,
2888 1817 3125 1889 Ἰσραὴλ,
3171 1817 3255 1870 ὅτι
3302 1818 3374 1872 τά
3420 1820 3626 1891 ἀρεστά
3652 1821 3825 1892 Κυρίῳ

2253 1909 2474 1977 γνωστά
2506 1911 2637 1980 ἡμῖν
2661 1909 2797 1962 ἐστι.
2827 1928 2845 1961 ι
2882 1909 2993 1962 Καὶ
3022 1909 3081 1962 ού
3111 1909 3276 1980 μέχρι
3306 1908 3514 1964 τούτων
3546 1911 3612 1966 τὰ
3636 1913 3728 1984 τῆς
3753 1915 3824 1977 εἰς

2254 2001 2458 2064 αὐτοὺς
2486 2001 2678 2069 γέγονε
2708 1999 3021 2070 φιλοτιμίας
3047 2015 3061 2031 ο
3107 1999 3242 2054 ἀλλά
3275 2000 3388 2072 γὰρ
3432 2001 3825 2073 ἀλκιμωτάτους

2249 2091 2544 2162 ἀπέφηνα,
2597 2093 2693 2146 καὶ
2749 2090 2952 2155 ἱκανῶς
2999 2090 3224 2162 ἔχοντας
3278 2093 3420 2163 πρὸς
3473 2092 3533 2145 τὸ
3583 2093 3822 2148 δύνασθαι

2250 2183 2448 2246 παντὸς
2494 2182 2782 2236 καταθλεῖν
2817 2182 2911 2236 τοῦ
2964 2182 3224 2252 πολεμεῖν
3272 2183 3554 2248 ἐθέλοντος
3586 2186 3676 2238 καὶ
3707 2185 3821 2240 ἀνθ-

2247 2275 2563 2344 εστηκότος.
2592 2275 2930 2345 Νενικήκασι
2963 2275 3074 2346 γὰρ
3099 2274 3228 2346 ἔθνη
3265 2275 3445 2330 πολλὰ
3478 2277 3572 2330 καὶ
3609 2277 3820 2348 μεγάλα,

2247 2366 2526 2419 καὶτοῦτο
2548 2365 2812 2437 ἀμογητί.
2849 2365 2990 2418 Ἀλλ’
3018 2369 3098 2430 εἰς
3127 2367 3226 2438 ἐμὲ
3256 2367 3347 2421 τὸν
3377 2367 3637 2423 τοιούτων
3661 2369 3825 2432 αὐτοῖς

2245 2459 2446 2530 δοτῆρα
2482 2459 2616 2512 Θεὸν
2669 2460 2927 2527 γεγόνασι
2982 2461 3244 2531 πονηροὶ,
3288 2463 3705 2536 καταφρονηταὶ
3747 2462 3825 2532 δη-

2246 2551 2419 2604 λονότι
2450 2552 2547 2604 καὶ
2574 2551 2880 2605 ἀποστάται
2903 2567 2916 2581 ·
2941 2552 3036 2604 καὶ
3062 2552 3090 2604 ὁ
3109 2552 3310 2620 τρόπος
3365 2554 3550 2618 αὐτοῖς
3586 2554 3678 2626 τῆς
3708 2554 3827 2607 ἀποο

2246 2645 2490 2716 στροφῆς
2543 2644 2766 2713 γέγονεν
2816 2647 2896 2709 εἰς
2927 2644 3101 2699 οὐδέν.
3143 2645 3308 2699 Οὐδὲν
3353 2648 3466 2718 γὰρ
3521 2646 3654 2710 ὅλως
3691 2647 3746 2700 τὸ
3771 2644 3822 2710 ἐξ

2246 2736 2380 2806 ὖλης
2401 2736 2664 2808 αἰσθητῆς
2697 2737 3080 2810 χειροποίητον
3103 2736 3353 2807 ἄγαλμα.
3396 2739 3536 2792 Ἀλλ’
3558 2739 3608 2792 εἰ
3635 2739 3729 2809 μέν
3747 2753 3820 2790 τοι

2242 2827 2302 2880 τὸ
2330 2827 2555 2898 ἄμεινον
2603 2828 2940 2898 εὑρήκασιν,
2986 2826 3100 2899 ἔχοι
3157 2827 3225 2881 ἂν
3257 2827 3492 2893 εἰκότως
3538 2831 3631 2883 καὶ
3681 2827 3820 2898 λόγον

2245 2921 2432 2986 αὐτοῖς
2476 2923 2510 2993 ἡ
2566 2920 2901 2993 παράϐασις.
2950 2919 3171 2994 Ἐπειδὴ
3203 2919 3261 2974 δὲ
3312 2921 3460 2996 πρὸς
3510 2921 3641 2976 Θεὸν
3684 2920 3822 2992 οὐδὲν

2243 3012 2523 3077 παντελῶς
2553 3012 2624 3067 τὰ
2649 3012 2852 3078 τοιάδε,
2890 3011 3171 3084 γελοιότης
3206 3013 3264 3066 δὲ
3293 3013 3393 3068 καὶ
3419 3013 3709 3086 ἡλιθιότης,
3737 3013 3821 3066 καί

2239 3107 2342 3158 ὅσα
2368 3103 2581 3170 τούτοις
2614 3103 2802 3172 ἐγγὺς,
2827 3103 3003 3168 οὐδεὶς
3032 3105 3216 3169 αὐτοῖς
3239 3105 3364 3160 ἐστι
3392 3104 3553 3174 λόγος
3575 3104 3672 3176 τῆς
3703 3106 3822 3156 ἀπο-

2243 3198 2506 3269 στροφῆς,
2559 3198 2794 3267 πιθανὴν
2854 3197 2994 3269 ἔχων
3049 3199 3252 3255 αἰτίαν.
3304 3199 3521 3254 Οὐκοῦν
3569 3201 3646 3262 εἰς
3684 3197 3821 3252 οὐδὲν

2238 3293 2691 3362 ἀπεστράφησαν.
2728 3291 2993 3360 Γεγόνασι
3039 3293 3097 3346 δὲ
3141 3292 3277 3365 πρὸς
3322 3293 3544 3358 τούτοις
3573 3293 3666 3347 καὶ
3710 3311 3727 3343 ι
3754 3290 3821 3354 ὡς

544 3391 652 3445 que
681 3389 1064 3445 pervenerunt.
1122 3382 1416 3439 Sciendum
1448 3400 1613 3456 porro
1651 3387 1787 3444 alios
1815 3388 2135 3459 interpretes

2249 3383 2392 3450 τόξον
2419 3384 2794 3455 ἐντεταμένον,
2825 3404 2842 3436 ι
2873 3384 2934 3437 οὐ
2967 3383 3274 3456 χαλώμενοι
3308 3387 3450 3460 πρὸς
3474 3387 3817 3458 μετάγνωσιν,

543 3469 812 3534 edidisse,
854 3489 874 3522 ι
917 3471 1042 3528 facti
1085 3486 1214 3530 sunt
1254 3483 1312 3530 ut
1351 3492 1511 3533 arcus
1553 3479 1606 3532 in
1647 3482 1982 3536 contrarium
2019 3499 2137 3538 ver-

2249 3477 2294 3530 ιύ
2345 3476 2705 3546 καθυφιέντες
2743 3477 2961 3532 τουτουῒ
3009 3477 3104 3531 τοῦ
3137 3478 3274 3551 πρὸς
3319 3480 3598 3554 τοσαύτην
3645 3477 3821 3540 αὐτοὺς

542 3573 654 3624 sus,
685 3577 706 3612 ο
736 3575 831 3616 seu
858 3563 1121 3620 obversus
1145 3576 1204 3621 ut
1229 3577 1488 3638 praeterea
1519 3569 1794 3640 quidpiam
1823 3572 2134 3642 hujusmodi

2249 3567 2602 3639 Ξιποφέροντος
2633 3567 2896 3640 αἰσχύνην
2943 3567 3038 3620 καὶ
3091 3567 3384 3626 ἀϐουλίαν.
3428 3571 3624 3626 ’ἰστέον
3651 3569 3723 3635 δὲ,
3751 3570 3821 3623 ὅτι

541 3649 738 3706 fecisse
775 3652 940 3710 Israel
977 3655 1391 3728 intelligeretur.
1427 3660 1574 3725 Quos
1608 3662 1754 3716 enim
1792 3663 1970 3731 potius
2009 3679 2134 3720 cou-

2249 3659 2388 3713 τοῦτο
2410 3659 2862 3734 διερμηνεύοντες
2887 3659 3255 3715 ἐκδεὸώκασιν
3283 3662 3498 3738 ἕτεροι,
3518 3681 3538 3717 ι
3561 3662 3823 3734 Ἐγένοντο

541 3743 794 3798 veniebat
830 3747 987 3815 quasi
1027 3763 1216 3804 arcum
1253 3763 1442 3805 contra
1479 3753 1664 3811 hostes
1704 3755 1943 3822 intendi,
1975 3766 2030 3814 et
2063 3761 2130 3812 ad

2249 3747 2306 3810 ἱις
2329 3747 2484 3811 τόξον
2523 3748 3025 3820 ἀντεστραμμένον,
3061 3768 3081 3802 ι
3129 3750 3218 3804 ἵνα
3248 3767 3310 3806 τι
3341 3753 3591 3808 τοιοῦτον
3633 3768 3824 3822 πεπρα·

539 3839 956 3904 Oppugnandum
989 3848 1208 3908 paratos
1234 3842 1410 3897 valide
1439 3843 1622 3912 ferire,
1652 3861 1758 3901 non
1791 3848 2131 3904 animadver-

2249 3839 2346 3907 (ὼς
2371 3839 2560 3908 νοῆται
2595 3839 2758 3894 πάλιν
2786 3841 2816 3892 ό
2859 3840 3097 3912 Ἰσραήλ.
3133 3841 3248 3908 Οὓς
3286 3847 3403 3918 γὰρ
3448 3846 3559 3901 ἔδει
3611 3844 3817 3918 μᾶλλον,

541 3936 756 3990 terunt,
787 3945 894 3996 quo
927 3940 1088 4000 pacto
1121 3935 1445 4005 semetipsos
1476 3937 1619 3993 velut
1650 3941 1866 3996 emissis
1896 3942 1966 3996 ab
1995 3956 2124 3996 arcu

2249 3929 2500 4002 ιιαθάπερ,
2544 3947 2598 3983 τι
2631 3930 2806 3995 τόξον,
2864 3932 3198 3987 ἐντείνεσθαι
3246 3940 3372 3991 κατ’
3428 3937 3642 4010 ἐχθρῶν
3673 3975 3688 4002 ,
3738 3933 3818 3988 καί

536 4017 751 4084 sagittis
779 4019 977 4076 acerbe
1007 4021 1375 4082 vulnerarent.
1407 4026 1576 4082 Deum
1607 4031 1751 4085 enim
1783 4029 2124 4086 oﬂendentes

2249 4023 2450 4075 ἰάλλειν
2479 4023 2713 4086 εὐτόνως
2756 4023 2883 4088 τοὺς
2920 4025 3315 4082 ἀντανίσταθαι
3360 4028 3816 4101 μεμελετηκότας,

530 4106 681 4172 juxta
719 4110 905 4165 modos
932 4110 1044 4178 jam
1077 4113 1254 4169 dictos
1283 4117 1411 4183 quid
1439 4117 1585 4172 aliud
1616 4134 1778 4188 agere
1804 4119 2126 4174 convincat:-

2249 4113 2577 4185 Ξιαλελήθασι
2624 4116 2765 4183 σφᾶς
2807 4116 3003 4180 αὐτοὺς
3046 4117 3212 4170 οἰονεί
3238 4119 3416 4186 τόξων
3467 4121 3620 4174 ἀκίσι
3668 4119 3819 4187 πλήτο

537 4209 642 4264 tnr,
676 4215 838 4269 quam
877 4213 1070 4258 contra
1113 4209 1436 4277 semetipsos
1474 4224 1600 4263 suas
1639 4226 1857 4267 armare
1894 4213 2128 4266 manus?

2249 4221 2421 4269 ιοντες
2479 4208 2722 4276 πικραῖς.
2760 4207 2880 4278 Θεῷ
2914 4209 3024 4280 γάρ
3075 4211 3545 4283 προσκρούοντες,
3581 4210 3723 4267 κατά
3760 4222 3816 4276 γε

531 4291 659 4356 τοὺς
718 4293 819 4365 ἤδη
881 4298 1320 4368 προειρημένους
1380 4301 1636 4372 τρόπους,
1685 4302 1738 4355 τί
1787 4302 2023 4374 δρῶντες
2058 4303 2246 4373 ἓτερον
2285 4299 2462 4354 ἁλοῖεν
2513 4299 2616 4362 ἂν,
2674 4299 2708 4369 ἢ
2755 4299 2876 4352 καθ’
2932 4301 3142 4355 ἑαυτῶν
3177 4302 3280 4366 τὰς
3345 4304 3485 4369 ιδίας
3525 4304 3818 4370 ὁπλίζοντες

532 4403 755 4457 χειρας;

603 4477 812 4534 Poterit
847 4489 1030 4536 autem
1064 4485 1207 4550 quod
1244 4486 1582 4555 propositum
1616 4496 1702 4544 est
1735 4489 1803 4544 ad
1843 4489 2122 4546 declarau-

2296 4486 2489 4540 Νοοῖτο
2519 4486 2563 4540 δ’
2608 4485 2672 4540 ἂν
2705 4485 2764 4539 τὸ
2800 4487 3182 4559 προκείμενον,
3214 4491 3384 4564 εἴπερ
3417 4509 3497 4565 τῳ
3528 4493 3696 4560 δοκεῖ,
3735 4488 3819 4545 καὶ

530 4569 683 4634 dum,
717 4572 763 4626 si
793 4573 1028 4643 cuipiam
1063 4576 1318 4644 placebit,
1348 4589 1403 4633 et
1435 4579 1594 4634 aliter
1622 4581 1870 4655 intelligi.
1901 4582 2120 4638 Univer-

2249 4579 2348 4634 ιαθ’
2380 4580 2568 4651 ἕτερον
2597 4579 2817 4652 τρόπον.
2872 4579 2932 4633 '0
2975 4581 3073 4652 μὲν
3099 4582 3206 4653 γὰρ
3239 4583 3354 4636 τῶν
3384 4585 3529 4638 ὅλων
3561 4584 3694 4648 Θεὸς
3737 4584 3815 4637 lv-

530 4676 714 4716 sorum
759 4679 996 4734 namque
1040 4666 1181 4722 Deus
1223 4668 1478 4724 Israelem
1522 4672 1682 4728 veluti
1728 4690 1913 4730 arcum
1956 4692 2114 4731 suum

2252 4689 2427 4725 τεινεν
2455 4671 2738 4734 οἰονείπως
2766 4672 2858 4726 τὸν
2894 4672 3112 4744 Ἰσραὴλ
3133 4674 3210 4737 ὡς
3247 4675 3389 4728 ἴδιον
3419 4676 3602 4742 τόξον,
3638 4679 3701 4747 τῇ
3731 4672 3819 4727 τοῦ

529 4751 781 4817 intendit,
805 4754 1002 4810 diaboli
1029 4759 1368 4827 tyrannidem
1395 4774 1572 4831 pugna
1597 4762 1892 4830 lacessens,
1915 4775 1970 4821 et
1992 4782 2114 4821 eum

2249 4763 2469 4818 ιιαϐόλου
2499 4763 2775 4834 τυραννίδι
2801 4764 3129 4834 μαχόμενος,
3161 4766 3264 4820 ’καὶ
3297 4770 3365 4840 τῇ
3401 4769 3506 4840 τῆς
3549 4766 3820 4822 εἰδωλολα-

529 4841 882 4900 idololatrica:
913 4846 1228 4915 impostura:
1255 4867 1553 4922 opponens.
1585 4855 1744 4913 Solus
1771 4860 1915 4914 enim
1947 4861 2116 4916 Israel

2249 4862 2409 4932 ’ρείας
2438 4859 2749 4926 ἁντεξάγων
2787 4856 2993 4930 ἀπάτῃ.
3031 4858 3208 4921 Μόνος
3232 4858 3350 4928 γὰρ
3375 4863 3443 4915 ἐκ
3474 4862 3694 4916 πάντων
3722 4859 3819 4912 τῶν

526 4947 594 4988 ex
631 4936 885 4992 omnibus
922 4941 1176 5009 gentibus
1215 4960 1313 5014 per
1347 4948 1535 5003 orbem
1579 4950 1926 5018 universum,
1960 4955 2112 5024 juxua

2249 4954 2329 5008 ινά
2355 4956 2535 5008 πᾶσαν
2560 4950 2660 5022 τὴν
2685 4949 3015 5021 οἰκουμένην
3049 4948 3214 5002 ἐθνῶν
3245 4953 3275 5004 ό
3311 4953 3562 5024 Ἰσραὴλ,
3602 4951 3741 5005 κατά
3761 4965 3818 5017 γε

527 5035 765 5080 mentem
805 5027 940 5098 legis
977 5033 1192 5102 repulsa
1233 5036 1498 5094 idolorum
1539 5043 1856 5099 adoratione
1895 5057 2108 5110 natura,

2252 5046 2296 5117 ᾦ
2323 5046 2476 5115 νόμῳ
2526 5043 2740 5105 δοκοῦν,
2787 5042 3076 5095 ἀπεσείετο
3120 5042 3219 5112 μὲν
3275 5046 3380 5116 τὴν
3433 5047 3550 5101 τῶν
3592 5044 3818 5099 εἰδώλων

3828 4819 3838 4862 l

524 5126 580 5169 et
609 5132 794 5172 revera
830 5122 1199 5183 universitatis
1232 5129 1456 5186 Domino
1483 5132 1728 5191 addictus
1753 5144 1808 5193 et
1832 5152 2113 5194 consecra-

2249 5134 2613 5208 προσκύνησιν,
2646 5131 2969 5202 προσέκειτο
2999 5131 3054 5186 δὲ
3077 5132 3154 5202 τῷ
3181 5133 3353 5200 φύσει
3381 5153 3444 5190 τε
3489 5135 3586 5190 καὶ
3613 5131 3818 5204 ἀληθῶς

490 5231 492 5233 >
528 5215 614 5260 tus
649 5217 786 5263 erat.
826 5209 934 5267 Sed
979 5215 1034 5269 in
1077 5220 1412 5276 contrarium
1451 5225 1592 5279 versi
1637 5237 1784 5282 sunt.
1822 5229 1922 5296 Qui
1965 5232 2109 5285 enim

2249 5227 2324 5280 ῶν
2351 5227 2487 5280 ὅλων
2513 5224 2776 5295 Δεσπότῃ.
2809 5223 2948 5277 Ἀλλ’
2973 5224 3277 5296 ἐτράποντο
3304 5229 3450 5297 πρὸς
3473 5231 3536 5282 τὸ
3561 5225 3812 5281 ἐναντίον.

527 5293 654 5348 illud
683 5294 868 5353 facere
900 5301 1185 5371 debebant,
1221 5323 1319 5377 pro
1348 5310 1515 5381 gloria
1547 5315 1814 5372 idolorum
1845 5293 1969 5374 cum
2002 5319 2110 5375 Deo

2249 5318 2280 5370 ti
2329 5317 2438 5388 γὰρ
2469 5318 2645 5370 ἐκεῖνο
2675 5293 2938 5386 πράττειν
2986 5315 3322 5385 ὀφείλοντες,
3369 5319 3517 5388 ὑπὲρ
3565 5318 3667 5388 τῆς
3714 5315 3814 5368 τῶν

525 5399 920 5453 pugnaverunt.
959 5393 1108 5453 Facti
1148 5411 1274 5455 sunt
1313 5402 1497 5472 igitur,
1534 5413 1593 5462 ιιι
1615 5397 1787 5468 arcus
1822 5411 2118 5482 obversus,

2251 5407 2453 5462 ἰδώλων
2480 5409 2636 5480 δόξης
2673 5407 3092 5478 πεπολεμήκασι
3118 5407 3196 5478 τῷ
3228 5409 3378 5480 Θεῷ.
3413 5411 3678 5479 Γεγόνασι
3710 5407 3813 5462 τοί-

521 5479 750 5547 sagittas
779 5483 830 5538 in
860 5491 1194 5546 contrarium
1227 5495 1546 5568 dirigentes.
2090 5479 2100 5482 η

2249 5519 2312 5554 υν
2333 5500 2410 5564 ὡς
2438 5501 2591 5565 τόξον
2622 5499 3126 5570 ἀντεστραμμένον,
3165 5501 3400 5574 ἐναντίᾳ
3442 5501 3720 5574 χρώμενοι
3748 5500 3808 5569 τῇ

2213 5609 2415 5662 τυςειᾳ.

591 5736 636 5770 ⁸⁸
663 5737 875 5797 Β.ιι“ιι‹;Ιι
909 5760 983 5813 tv,
1011 5751 1064 5802 4.
