3982 6454
252 349 350 406 197

1193 340 1753 397 COMMENTARIUS
1796 343 1861 395 IN
1908 342 2142 398 OSEAM
2186 342 2639 397 PIiOl‘llE'IAM.

3480 352 3578 406 l98

317 463 665 522 Πεσοῦνται
700 461 772 514 ἐν
800 460 1077 529 ῥομφαίᾳ
1121 463 1175 513 οὶ
1217 458 1508 530 ἄρχοντες
1540 459 1760 529 αὐτῶν,
1786 460 1859 513 δι’

2038 462 2199 517 Vsus.
2234 462 2323 516 16.
2357 461 2559 514 Cadent
2598 463 2651 514 in
2689 461 2868 526 gladio
2906 462 3176 529 principes
3210 478 3421 530 eorum,
3452 484 3575 536 pro-

244 554 656 619 ἀπαιδευσίας
687 550 985 621 γλώσσης
1015 550 1237 605 αὐτῶν.

246 657 457 712 [ΙΔ’.Οὑ
479 654 625 710 κατὰ
655 655 817 726 μόνον
858 646 1000 717 ἣξει,
1042 646 1200 715 φησὶ,
1238 645 1350 700 τῶν
1391 647 1502 710 τοῖς
1534 645 1859 717 ἡγουμένοις

243 739 702 811 ὑπεστρωμένων
748 753 820 790 τα
863 736 924 801 ἐξ
969 735 1165 807 ὀργῆς,
1214 734 1593 806 καταλήψεται
1628 733 1723 797 δὲ,
1768 733 1861 786 καὶ

243 838 397 907 μάλα
430 835 681 904 γοργῶς,
707 832 801 885 καὶ
836 832 963 894 τοὺς
994 833 1118 895 ταῖς
1150 829 1415 883 ἀνωτάτω
1440 831 1632 899 τιμαῖς
1667 829 1860 899 ἐντρυ-

242 930 350 1000 φᾷν
381 926 671 987 εἰωθότας.
712 921 1018 977 Πεσοῦνται
1047 922 1157 994 γὰρ
1198 922 1257 975 ὲν
1293 920 1558 992 ῥομφαίᾳ,
1593 920 1687 973 καὶ
1726 919 1861 990 πρό-

242 1038 416 1090 φασις
467 1019 625 1073 ἕσται
652 1015 749 1069 τοῦ
805 1014 1003 1069 παθεῖν
1058 1015 1280 1077 αὐτοὺς,
1343 1014 1443 1083 τῆς
1496 1009 1752 1081 γλώσσης
1802 1010 1862 1063 τὸ

240 1113 505 1183 ἀσελγές.
551 1108 912 1164 Ἀπαιδευσία
944 1108 1054 1178 γὰρ
1105 1105 1328 1177 ἀληθῶς
1378 1106 1441 1159 τὸ
1483 1102 1562 1174 τῷ
1596 1103 1739 1174 ξύλῳ
1773 1102 1863 1155 λέ-

240 1226 392 1279 γειν,
436 1225 455 1258 ι
490 1204 626 1268 Θεός
668 1219 772 1274 μου
810 1197 859 1254 εἶ
888 1201 985 1254 σύ·
1020 1202 1115 1256 καὶ
1148 1201 1228 1272 τῷ
1272 1199 1429 1270 λίθῳ,
1458 1199 1533 1252 Σὺ
1561 1197 1862 1270 ὲγέννησάς

243 1319 631 1465 μ,εἱιζρμόσειε
673 1391 718 1445 δ’
753 1388 819 1443 ἂν
850 1384 910 1443 εὖ
945 1388 1093 1458 μάλα
1131 1386 1227 1441 καὶ
1258 1384 1327 1439 τὰ
1357 1383 1535 1438 τοιάδε
1565 1383 1748 1453 λέγειν
1782 1381 1862 1453 τῷ

252 1474 663 1557 Ἐ’μμανουὴλ,
717 1482 839 1537 καθ’
892 1476 954 1536 οὗ
998 1481 1097 1551 τὴν
1154 1478 1482 1533 ἀπαίδευτον
1538 1476 1861 1547 κεκινήκασι

241 1580 509 1650 γλῶσσαν
575 1579 626 1631 οἱ
670 1575 1025 1648 Γραμματεῖς
1058 1589 1119 1625 τε
1177 1571 1274 1625 καὶ
1321 1571 1633 1641 Φαρισαῖοι,
1682 1568 1861 1621 καίτοι

240 1672 610 1735 παιδεύοντός
656 1688 717 1725 τε
748 1670 844 1724 καὶ
870 1666 1283 1737 κατισχύοντος,
1312 1664 1473 1735 δῆλον
1498 1663 1554 1717 δὲ
1577 1663 1661 1715 ὅτι
1691 1679 1858 1715 πνευ⁹

244 1765 534 1840 ματικῶς.
561 1759 665 1818 ’Ὧν
720 1763 876 1818 οὐδὲν
912 1759 1406 1829 ὑπολογισάμενοι,
1442 1758 1539 1811 καὶ
1581 1756 1862 1827 ἀπεστρά-

1964 565 2081 621 pter
2108 556 2435 621 imperitiam
2468 555 2666 624 lingua:
2696 570 2901 608 eorum.

2038 644 2324 700 LXXXIV.
2370 645 2487 700 Non
2529 658 2716 700 contra
2762 646 2909 700 solos
2952 644 3293 716 principibus
3330 646 3581 705 subditos

1968 736 2050 790 ira
2086 736 2369 806 suppliciis
2404 737 2623 803 szcviel;
2656 737 3085 807 comprehendet
3126 738 3320 803 etiam,
3353 748 3409 793 et
3438 739 3580 794 velo.

1966 828 2204 894 cissime,
2235 830 2326 899 qui
2358 830 2409 883 in
2441 830 2675 886 summis
2711 830 3011 884 honoribus
3037 843 3168 884 suas
3201 830 3405 886 habere
3436 831 3560 886 volu

1966 935 2144 993 ptates
2176 936 2601 982 consueverunt.
2627 945 2646 978 ι
2677 926 2889 982 Cadent
2917 927 3062 981 enim
3087 926 3140 979 in
3174 925 3415 996 gladio,»
3437 929 3579 998 quod

1966 1017 2167 1070 malum
2220 1017 2325 1072 illis
2371 1020 2554 1088 pariet
2602 1018 2803 1088 linguae
2850 1021 3205 1088 protervitas.
3249 1020 3389 1076 Vere
3434 1020 3579 1075 enim

1965 1107 2195 1160 stultitia
2239 1118 2356 1177 est,
2394 1108 2541 1181 ligno
2582 1109 2767 1166 dicere
2806 1129 2819 1165 :
2863 1128 2883 1163 ι
2927 1110 3072 1169 Deus
3109 1125 3266 1169 meus
3301 1126 3359 1168 es
3399 1121 3491 1178 tu;
3526 1122 3581 1167 et

1964 1197 2129 1269 lapidi
2164 1218 2178 1255 :
2208 1200 2290 1255 Tu
2324 1215 2411 1257 me
2441 1204 2679 1273 genuisti
2706 1205 2773 1257 ³⁸.
2815 1223 2836 1257 ι

2036 1380 2186 1436 Talia
2219 1392 2273 1437 et
2311 1382 2631 1441 Emmanuel
2666 1394 2791 1456 apte
2825 1386 3009 1449 dicet,
3052 1386 3104 1440 in
3141 1401 3304 1455 quem
3341 1385 3581 1455 linguam

1969 1475 2274 1545 imperitam
2308 1488 2595 1532 moverunt
2622 1478 2831 1533 Scriba:
2858 1489 2912 1532 et
2946 1478 3233 1545 Pharisaei,
3263 1493 3579 1547 quanquam

1965 1580 2061 1620 eos
2091 1567 2426 1621 erudientem
2462 1578 2517 1623 et
2549 1568 2994 1633 conﬁrmantem,
3027 1567 3388 1638 spiritualitcr
3420 1567 3582 1619 nimi-

1967 1672 2109 1711 rum.
2133 1657 2375 1723 Quorum
2409 1659 2545 1713 nihil
2575 1657 2927 1731 reputantes,
2960 1671 3013 1715 et
3041 1662 3220 1717 aversi
3252 1670 3377 1715 sunt
3403 1661 3469 1713 ad
3500 1660 3581 1713 ni-

1968 1748 2040 1802 hil
2082 1750 2363 1820 (conversi
2401 1764 2528 1808 sunt.
2564 1757 2765 1825 quippe
2802 1758 2869 1811 ad
2905 1755 3187 1810 doctrinas
3226 1765 3280 1809 et
3319 1755 3578 1808 mandata

239 1876 433 1932 φησαν
461 1860 547 1921 εἰς
601 1856 779 1911 οὐδέν.
825 1855 1161 1926 Ἐτράποντο
1208 1854 1318 1921 γὰρ
1364 1853 1444 1915 είς
1487 1849 1859 1912 διδασκαλίας,

1977 1843 2247 1897 hominum
2272 1845 2363 1913 '°),
2423 1857 2479 1902 et
2515 1848 2645 1903 facti
2682 1858 2813 1904 sunt
2848 1859 2905 1903 ιιι
2942 1864 3106 1904 arcus
3141 1849 3196 1902 in
3231 1847 3575 1902 contrarium

239 1952 573 2023 ἐντάλματα
603 1947 933 2021 ἀνθρώπων.
966 1949 1077 2002 Καὶ
1107 1946 1403 2016 γεγόνασιν
1433 1944 1510 2008 ὡς
1539 1943 1696 2008 τόξον
1728 1943 1863 1995 ἀντ·

239 2043 663 2118 εστραμμὲνον,
720 2041 1012 2113 βάλλοντες
1039 2040 1270 2104 ἀνοσίως
1301 2038 1392 2091 τὸν
1422 2036 1631 2092 ἑαυτῶν
1659 2034 1866 2089 Δεσπό-

238 2158 367 2209 την,
417 2129 485 2191 οὗ
544 2135 751 2207 μᾶλλον
804 2133 1413 2207 ὲχρῆνώπεραθλῆσαι
1449 2128 1723 2199 γενικῶς,
1769 2125 1865 2180 καὶ

238 2234 406 2305 νικᾷν
438 2228 773 2299 ἐπείγεσθαι
809 2229 938 2291 τοὺς
971 2229 1487 2298 ἀντιτεταγμένους,
1518 2224 1659 2279 καθὰ
1695 2222 1789 2275 καὶ
1814 2220 1864 2273 oi

240 2325 352 2379 τῶν
386 2323 818 2377 πιστευσάντων
849 2324 1065 2392 γνήσιοι
1098 2320 1360 2394 μαθηταί.

866 2458 1123 2513 ΚΕΦΑΛ.
1167 2459 1250 2513 Η’.

316 2568 520 2639 Οὗτος
550 2574 587 2626 d
620 2569 975 2641 φαυλισμὲς
998 2566 1199 2623 αὐτῶν
1227 2568 1300 2622 ἐν
1334 2567 1414 2639 τῇ
1444 2568 1744 2639 Αἰγύπτῳ,
1777 2571 1867 2637 εις

239 2658 490 2713 κόλπον
525 2658 750 2712 αὐτῶν.
801 2657 900 2725 Ὠς
942 2654 1043 2726 γῆ,
1074 2657 1157 2722 ὼς
1202 2656 1380 2723 ἀετὸς
1423 2658 1518 2711 ἐπ’
1552 2654 1722 2713 οἷκον
1745 2662 1863 2713 Κυ-

234 2753 401 2820 ρίου,
438 2751 578 2806 ἀνθ’
607 2744 697 2804 ὧν
733 2750 1092 2819 παρέϐησαν
1116 2748 1233 2818 τὴν
1270 2749 1569 2820 διαθήκην
1595 2769 1738 2821 μου,
1768 2751 1867 2806 καὶ

240 2845 400 2900 κατὰ
438 2843 555 2899 τοῦ
584 2844 777 2914 νόμου
805 2843 1148 2913 ἠσέϐησαν.

326 3051 468 3105 Περ,
554 3046 815 3117 Ἀσαφῶς
873 3046 974 3118 μὲν
1032 3045 1155 3101 λίαν
1215 3045 1436 3119 εἴρηται
1513 3048 1708 3115 ταυτὶ,
1766 3049 1868 3119 τῆς

252 3143 562 3216 Ἐϐραίων,
596 3141 855 3213 καθάπερ
886 3134 1128 3211 ἐγῷμαι,
1159 3142 1346 3211 φωνῆς
1374 3139 1575 3211 πολλὴν
1604 3142 1867 3212 ἐμποιού-

1972 1951 2165 1992 versus
2200 1938 2468 1994 scelerate
2503 1938 2790 1996 Dominum
2829 1957 2986 1997 suum
3021 1940 3303 2005 ferientes,
3340 1956 3438 2011 pro
3474 1954 3581 2009 quo

1975 2028 2153 2097 potius
2183 2030 2413 2087 viriliter
2448 2032 2607 2103 117
2641 2043 2881 2101 certare,
2915 2044 2969 2089 et
3002 2035 3070 2089 ad
3106 2033 3455 2089 adversarios
3489 2048 3582 2086 su-

1975 2122 2279 2191 perandos,
2325 2124 2468 2179 sicut
2512 2139 2583 2179 es
2630 2126 2985 2182 credentibus
3030 2124 3278 2197 germani
3328 2123 3582 2195 discipuli

1974 2216 2108 2269 dare
2138 2230 2261 2271 sese
2292 2216 2619 2272 debuerunt.

2609 2463 2764 2521 CAP.
2822 2464 2957 2519 Vill.

2048 2574 2217 2630 Vsus.
2252 2575 2443 2633 iJsla
2486 2576 2835 2633 subsannatio
2892 2594 3073 2632 eorum
3105 2578 3162 2632 in
3209 2586 3352 2631 terra
3404 2575 3581 2648 Egy-

1974 2676 2087 2735 pto,
2113 2670 2167 2722 in
2189 2669 2363 2722 sinum
2396 2685 2599 2723 eorum.
2639 2668 2809 2735 Quasi
2840 2679 3003 2733 terra,
3037 2668 3191 2737 quasi
3217 2667 3397 2737 aquila
3424 2684 3583 2736 super

1975 2760 2190 2813 domum
2243 2759 2476 2825 Domini,
2530 2776 2626 2829 pro
2674 2775 2737 2813 eo
2769 2760 2912 2830 quod
2951 2762 3269 2829 transgressi
3317 2768 3443 2814 sunt
3499 2770 3579 2814 ιε·
3631 2770 3637 2775 ·

1974 2860 2295 2905 stamentum
2341 2866 2536 2918 meum,
2580 2860 2630 2907 et
2699 2860 2891 2905 contra
2959 2849 3123 2921 legem
3194 2866 3361 2905 meam
3420 2851 3581 2919 impie

1974 2954 2213 3017 egerunt.

2050 3059 2319 3116 LXXXV.
2360 3060 2509 3130 Haec,
2573 3071 2635 3117 ut
2699 3076 2802 3134 ego
2864 3062 3065 3129 sentio,
3096 3061 3279 3131 lingua
3350 3060 3578 3117 Hebraea

1975 3154 2371 3211 obscurissime
2404 3154 2608 3226 scripta
2640 3164 2787 3222 sunt,
2826 3156 2970 3211 unde
3002 3155 3396 3226 interpretibus
3438 3156 3576 3209 mul-

242 3254 346 3309 σης
367 3238 495 3299 τοῖς
524 3233 954 3305 διερμηνεύουσι
974 3233 1073 3304 τὴν
1102 3233 1447 3303 δυσχέρειαν.
1494 3234 1786 3306 Ἑπόμενοι
1808 3236 1864 3290 δὲ

1977 3258 2025 3302 ta
2065 3246 2363 3302 difﬁcultas
2408 3225 2687 3316 obiicitur.
2726 3248 2838 3304 Nos
2868 3262 2999 3304 vero
3075 3225 3366 3303 sententia:
3429 3248 3582 3303 ordi-

240 3333 409 3402 ἡμεῖς
425 3332 498 3401 τῇ
512 3327 627 3381 τῶν
640 3326 933 3399 νοημάτων
946 3326 1074 3393 τάξε
1084 3344 1119 3390 ι,
1140 3325 1200 3380 τὸ
1214 3328 1293 3390 εἰς
1309 3325 1435 3381 νοῦν
1452 3320 1587 3398 ἧκον
1607 3329 1632 3381 ὲ
1642 3327 1734 3397 ροῦ
1743 3346 1866 3399 μεν.

244 3443 263 3476 ι
293 3420 479 3487 Οὗτος
514 3421 700 3476 τοίνυν
730 3422 759 3474 ό
791 3420 1106 3491 φαυλισμδς
1140 3420 1343 3484 αὐτῶν,
1376 3439 1395 3471 ι
1436 3421 1626 3492 φησιν,
1656 3442 1673 3472 ι
1706 3423 1766 3474 ὲν
1794 3424 1866 3494 γῇ

237 3514 543 3584 Αἰγύπτῳ,
575 3531 594 3565 ι
617 3510 922 3575 τουτέστιν,
942 3510 1246 3583 ἐπειδήπερ
1262 3512 1288 3563 ὲ
1297 3509 1365 3582 μὲ
1384 3513 1476 3566 τὸν
1491 3511 1579 3564 ἀεὶ
1602 3510 1865 3578 σώζοντα,

241 3609 334 3662 καὶ
366 3605 737 3673 παιδεύοντα,
758 3603 856 3659 καὶ
886 3603 1337 3674 ἀκαταγώνιστον
1350 3604 1572 3659 τιθέντα
1597 3607 1709 3669 τοῖς,
1735 3606 1869 3659 ανθ-

242 3700 551 3774 επηκόσιν
603 3698 889 3770 (ὲνίσχυσα
917 3699 1029 3769 γὰρ
1081 3696 1305 3768 αὑτοὺς)
1346 3697 1727 3770 ὲξεφαύλησαν
1768 3698 1859 3751 ἀν-

243 3792 435 3857 οσίως,
472 3790 784 3861 δαιμονίοις
819 3789 917 3860 μὲν
936 3788 1308 3860 ἀπονέμοντες
1330 3786 1609 3861 λατρείας,
1640 3788 1869 3859 ἐπιθαρ-

243 3887 528 3957 σήσαντες
552 3883 609 3935 δὲ
640 3881 740 3935 καὶ
771 3884 839 3953 τῇ
871 3880 983 3935 τῶν
1017 3880 1334 3950 Αἰγυπτίων
1371 3882 1465 3951 γῇ,
1497 3880 1594 3933 καὶ
1622 3880 1866 3951 ἀποχρή-

241 3995 359 4032 σειν
397 3976 599 4038 αὐτοῖς
648 3976 729 4039 τίς
780 3973 1085 4046 εὐημερίας
1128 3972 1230 4038 τὰς
1282 3973 1495 4027 ἐκεῖθεν
1545 3975 1867 4046 ἐπικουρίας

238 4073 515 4142 οἰόμενοι,
550 4067 812 4142 ταύτῃτοι
844 4068 940 4121 καὶ
987 4069 1067 4133 είς
1108 4067 1310 4121 κόλπον
1359 4065 1540 4121 αὐτῶν
1584 4068 1866 4140 ἀποστρα-

236 4168 491 4236 φήσεται
520 4161 584 4215 τὸ
607 4160 942 4231 ἐγχείρημα,
979 4161 1073 4214 καὶ
1097 4160 1195 4230 τῆς
1228 4160 1441 4213 ἑαυτῶν
1465 4159 1867 4224 εἰκαιοὸουλίας

233 4257 344 4311 οὐκ
400 4255 627 4325 ἀγαθὰς
661 4255 994 4326 εὑρήσουσιν
1040 4254 1299 4325 ἀμοιϐάς.
1361 4253 1757 4325 Ἀπολήψονται
1808 4254 1865 4308 δὲ

234 4347 515 4418 καθάπερ
547 4348 629 4409 εἰς
660 4345 866 4399 κόλπον
898 4345 1000 4409 τὰς
1020 4345 1201 4409 δίκας.
1239 4344 1398 4412 ’Ἥξει
1425 4345 1552 4417 γὰρ,
1584 4346 1727 4417 ἥξει,
1761 4364 1867 4418 φη-

234 4442 351 4505 σὶν,
374 4441 409 4493 ὁ
450 4438 822 4511 καταδῃώσας
862 4439 1081 4505 αὐτοὺς,
1106 4438 1216 4493 τῶν
1253 4439 1557 4512 Ἀσσυρίων
1604 4441 1633 4493 ὁ
1662 4438 1863 4509 τύραν-

236 4551 331 4597 νος
363 4531 619 4604 ἀριθμοῦ
635 4532 928 4603 κρείττονα
946 4532 1045 4604 τήν
1063 4531 1173 4585 τῶν
1199 4532 1453 4603 μαχίμων
1469 4532 1608 4603 ἔχων
1628 4533 1859 4603 πληθύν.

236 4627 417 4692 Ἥξει
453 4642 517 4678 τε
542 4627 731 4690 αὐτοῖς
765 4625 843 4689 ὡς
869 4625 969 4696 ὅλη
1005 4626 1099 4696 γῆ,
1124 4627 1219 4679 καὶ
1242 4625 1394 4698 χώρα
1416 4627 1511 4679 καὶ
1537 4627 1757 4699 πατρὶς,
1778 4627 1869 4681 ἵνα

233 4736 325 4781 τις
354 4718 553 4788 οἴηται
584 4716 687 4788 τὴν
710 4716 942 4788 Περσῶν
977 4718 1073 4771 καὶ
1096 4718 1299 4789 Μήδων
1321 4717 1451 4789 ὅλην
1469 4716 1527 4784 ἐξ
1549 4718 1670 4771 ὅλου
1701 4736 1868 4789 μετα-

238 4812 457 4883 στῆναι
486 4808 702 4881 χώραν,
732 4810 829 4864 καὶ
850 4812 932 4874 εἰς
960 4810 1280 4883 Σαμάρειαν
1318 4810 1495 4865 ἐλθεῖν
1514 4829 1527 4842 ο
1556 4811 1718 4865 τοῦτό
1752 4813 1869 4865 ἐστι

236 4904 325 4968 τὸ,
373 4921 395 4955 ι
438 4901 519 4965 ώς
544 4902 639 4971 γῆ.
674 4920 694 4953 ι
732 4900 895 4967 Ἥξει
919 4901 979 4956 δὲ
1006 4905 1101 4956 καὶ
1129 4902 1206 4968 ὠς
1229 4905 1258 4958 ὁ
1289 4902 1453 4967 ἀετὸς
1477 4905 1554 4968 είς
1583 4899 1732 4958 οἷκον
1758 4906 1864 4958 Κυ-

239 4996 389 5067 ρίου,
445 4993 756 5060 τουτέστιν,
806 4995 1186 5066 ἁναπτήσεται
1231 4996 1319 5049 ἐπ’
1363 4996 1528 5051 αὐτὸν
1584 4995 1712 5061 ὀξὺς
1778 4998 1872 5052 καὶ

234 5087 427 5152 δεινὸς
482 5085 579 5139 τὸν
615 5086 745 5140 ναὸν
778 5085 876 5141 τοῦ
928 5087 1087 5155 Θεοῦ,
1140 5088 1236 5143 καὶ
1285 5090 1721 5161 καταδραμείται
1768 5090 1867 5161 τῆς

250 5179 441 5234 Ἰούδα
492 5178 774 5250 βασιλείας
822 5180 918 5234 καὶ
966 5180 1076 5235 τῶν
1146 5181 1561 5253 Ἱεροσολύμων,
1604 5182 1869 5255 ἁρπάζων

234 5271 523 5341 ἀμογητὶ,
556 5272 652 5325 καὶ
674 5272 1032 5344 ἀποκομίζων
1062 5274 1143 5336 εἰς
1165 5273 1264 5342 τὴν
1289 5274 1508 5329 ἑαυτοῦ.
1539 5274 1738 5346 Πρώτη
1769 5276 1869 5347 μὲν

234 5366 358 5436 γὰρ
388 5366 426 5435 ἡ
474 5365 841 5435 Σαμαρειτῶν
887 5367 1235 5439 πεπόρθηται
1282 5367 1458 5441 χώρα,
1490 5369 1585 5424 καὶ
1628 5371 1687 5423 ὲν
1725 5372 1864 5442 αὐτῇ

236 5474 353 5510 που
385 5454 615 5520 πάντως
647 5457 677 5508 ὁ
719 5457 962 5529 Ἰσραήλ.
998 5459 1269 5529 ’Ὕστερον
1293 5460 1350 5514 δὲ
1378 5462 1474 5515 καὶ
1515 5462 1654 5535 αὑτὴ
1679 5462 1867 5517 λοιπὸν

237 5550 275 5620 ή
302 5548 608 5619 διαὸόητος
632 5549 847 5621 ἐλήφθη
876 5550 1057 5617 πόλις,
1086 5553 1174 5621 ἐφ’
1287 5554 1383 5608 καὶ
1410 5556 1439 5608 ό
1463 5556 1869 5627 προφήτηςἹε-

238 5644 454 5713 (δαμίας
490 5642 738 5715 ἐθρήνει,
767 5643 975 5713 λέγων·
1007 5663 1027 5698 ι
1061 5645 1189 5710 Πῶς
1213 5646 1437 5702 ἐκάθισε
1484 5649 1620 5721 μόνη
1647 5651 1681 5723 ή
1710 5650 1865 5714 πόλις

332 5823 377 5853 ¹⁹
412 5820 517 5879 lsa.
548 5838 610 5890 tt,
648 5823 740 5879 27.
822 5825 867 5855 ὀ
903 5823 1094 5881 Matth.
1127 5840 1217 5891 xv,
1247 5825 1303 5882 9.

1973 3350 2095 3391 nem
2132 3347 2450 3406 sequentes,
2485 3339 2631 3406 quod
2662 3339 2716 3393 in
2751 3349 2988 3393 mentem
3040 3339 3271 3405 venerit,
3310 3338 3576 3394 dicemus.

1972 3430 2151 3500 lnquit
2215 3432 2402 3503 igitur,
2442 3449 2462 3483 ι
2494 3431 2604 3486 lsta
2665 3431 3025 3487 subsannatio
3086 3446 3275 3488 eorum
3330 3431 3383 3487 in
3433 3440 3579 3487 terra

1971 3522 2229 3594 Egypto,
2264 3541 2286 3577 ι
2320 3524 2424 3579 hoc
2463 3532 2566 3591 est,
2606 3533 2898 3594 postquam
2944 3539 3028 3580 me
3080 3538 3300 3594 semper
3359 3539 3582 3580 servan-

1973 3626 2078 3671 tem
2131 3632 2266 3682 eos,
2326 3625 2381 3672 et
2417 3618 2761 3673 erudientem
2794 3658 2808 3682 ,
2873 3628 2931 3673 et
2988 3617 3058 3673 ab
3102 3618 3433 3673 adversariis
3502 3618 3579 3672 in-

1970 3707 2145 3765 victos
2183 3717 2530 3779 praestantem
2564 3708 2583 3779 (
2609 3709 2961 3764 corroboravi
3018 3708 3166 3763 enim
3212 3708 3355 3775 eos)
3409 3708 3578 3779 impie

1969 3802 2473 3865 subsannaverunt,
2513 3802 2788 3857 daemones
2821 3817 2920 3872 pro
2956 3801 3065 3858 diis
3116 3800 3382 3867 colentes,
3418 3811 3476 3856 et
3515 3801 3577 3855 tl-

1968 3893 2166 3946 derunt
2204 3900 2364 3947 teme
2413 3890 2839 3962 Egyptiorum,
2881 3903 2940 3948 et
2983 3893 3183 3949 auxilia
3225 3893 3438 3948 illorum
3470 3892 3575 3947 sibi

1969 3983 2035 4039 ad
2082 3998 2398 4053 prosperam
2436 3985 2566 4038 vitae
2598 3984 2971 4041 conditionem
3018 3984 3313 4040 suffectura
3360 3984 3576 4055 judica-

1970 4085 2119 4141 runt,
2166 4075 2374 4131 idcirco
2422 4075 2478 4130 in
2516 4076 2699 4131 sinum
2753 4090 2944 4130 eorum
2996 4087 3308 4132 revertetur
3349 4086 3580 4133 conatus

1966 4181 2184 4235 eorum,
2220 4177 2275 4223 et
2306 4168 2637 4223 temeritatis
2682 4183 2794 4222 suae
2850 4168 3157 4223 mercedem
3221 4183 3327 4223 non
3377 4169 3577 4225 bonam

1970 4258 2248 4315 invenient
2274 4277 2288 4326 ;
2320 4258 2471 4315 velut
2502 4259 2645 4314 enim
2669 4259 2720 4313 in
2754 4259 2932 4315 sinum
2956 4272 3149 4331 poenas
3166 4259 3447 4330 recipient.
3484 4259 3582 4316 Ve-

1970 4354 2082 4408 niet
2150 4352 2465 4423 siquidem,
2517 4352 2738 4418 veniet,
2797 4352 3003 4422 inquit,
3043 4352 3136 4422 qui
3196 4353 3435 4408 vastabit
3485 4368 3581 4410 eos

1967 4444 2319 4514 Assyriorum
2380 4455 2649 4517 tyrannus
2700 4460 2823 4501 cum
2867 4445 3256 4501 innumerabili
3308 4447 3577 4513 exercitu,

1968 4539 2263 4609 venietque
2309 4539 2443 4610 ipsis
2494 4552 2550 4594 ut
2585 4548 2693 4593 tota
2732 4538 2905 4605 terra,
2929 4548 2985 4595 et
3043 4541 3218 4610 regio,
3265 4550 3321 4595 et
3371 4541 3575 4610 patria,

1966 4638 2031 4685 ut
2067 4632 2194 4700 quis
2224 4629 2515 4686 Persarum
2563 4643 2618 4688 et
2651 4631 2930 4687 Medorum
2983 4640 3150 4686 totam
3183 4646 3215 4688 e
3252 4642 3365 4687 toto
3399 4633 3578 4702 regio-

1970 4738 2095 4777 nem
2128 4723 2412 4794 migrasse,
2444 4727 2580 4779 etin
2636 4724 2942 4780 Samariam
3016 4725 3233 4780 venisse
3280 4725 3575 4780 existimet.

1970 4812 2083 4870 Hoc
2107 4816 2244 4881 vult,
2288 4818 2430 4885 quod
2462 4817 2682 4884 dicitur,
2724 4836 2743 4869 ι
2773 4818 2933 4888 quasi
2966 4826 3136 4874 terra.
3173 4835 3193 4869 ι
3227 4817 3424 4873 Veniet
3452 4821 3579 4872 item

1977 4925 1996 4959 ι
2026 4908 2180 4977 quasi
2211 4908 2391 4979 aquila
2434 4911 2486 4964 iu
2526 4910 2746 4965 domum
2786 4910 3039 4979 Domini,
3098 4930 3118 4964 ι
3148 4910 3255 4968 hoc
3289 4919 3396 4978 est,
3432 4912 3583 4966 subi-

1974 5012 2060 5056 tus
2098 5010 2154 5057 et
2187 5001 2446 5057 terribilis
2479 5005 2739 5074 templum
2782 5004 2877 5059 Dei
2922 5003 3210 5070 involabit,
3252 5014 3309 5060 et
3348 5021 3577 5074 regnum

1976 5092 2149 5162 Iudas,
2183 5103 2348 5167 atque
2380 5093 2814 5168 Hierosolymam
2851 5098 3186 5164 incursabit,
3243 5098 3382 5153 citra
3432 5098 3582 5151 labo-

1980 5202 2093 5243 rem
2139 5190 2375 5258 rapiens,
2410 5200 2464 5244 et
2514 5191 2568 5245 in
2605 5206 2832 5261 regnum
2883 5207 3042 5247 suum
3089 5199 3405 5261 exportans.
3457 5189 3582 5244 Pri-

1973 5296 2121 5337 mum
2197 5282 2343 5337 enim
2412 5283 2812 5339 Samaritarum
2886 5285 3038 5356 regio
3103 5282 3580 5352 depOpulationem

1972 5374 2160 5441 subiit,
2215 5386 2270 5430 et
2302 5376 2354 5430 in
2384 5391 2445 5431 ea
2494 5378 2682 5446 utique
2742 5377 2927 5432 Israel.
2964 5376 3320 5433 Postmodnm
3374 5380 3430 5428 et
3488 5373 3581 5430 illa

1973 5467 2244 5523 celebrata
2284 5469 2414 5524 urbs
2443 5482 2599 5540 capta
2660 5480 2765 5535 est,
2807 5485 2969 5539 quam
3007 5479 3063 5523 et
3101 5468 3368 5539 propheta
3422 5464 3581 5523 Jere-

1971 5562 2110 5616 mias
2140 5560 2377 5625 deﬂevit,
2414 5562 2500 5617 his
2530 5577 2658 5617 usus
2676 5562 2856 5617 verbis
2885 5581 2898 5614 :
2930 5580 2948 5614 ι
2980 5561 3264 5629 Quomodo
3287 5562 3440 5617 sedet
3461 5561 3578 5616 sola

1970 5655 2162 5712 civitas
2207 5654 2365 5725 plena
2408 5656 2623 5725 pepulis
2647 5655 2670 5707 ?
2696 5655 2949 5727 princeps
2986 5654 3394 5727 provinciarum
3432 5655 3573 5708 ίειιιιν
