3982 6458
465 345 568 403 I99

1453 341 1509 398 S.
1551 337 1828 396 CYIIILLI
1872 335 2349 398 ALEXANDIIINI
2390 337 2709 410 ARCIIIEP.

3627 344 3736 405 τοι)

459 467 558 524 θοι,
597 457 881 513 tributaria
908 458 1007 509 “.s
1041 456 1177 524 Quin
1213 457 1354 510 enim
1403 471 1506 511 una
1556 473 1684 512 cum
1742 458 1874 513 urbe
1929 472 2031 512 cre-

2152 461 2183 530 ὴ
2228 460 2657 532 πεπληθυσμένη
2699 460 2874 527 λαῶν,
2909 460 3148 530 ἄρχουσα
3174 461 3234 514 ἐν
3262 460 3467 532 χώραις
3498 463 3734 534 ἐγενήθη

462 555 665 603 matum
706 547 775 601 sit
806 545 1084 614 templum,
1124 545 1266 600 nulla
1299 555 1382 600 est
1405 546 1695 602 dubitatio.
1732 547 1906 616 Atque
1935 551 2048 602 haec

459 637 566 692 illis
617 637 886 700 evenient,
917 637 1111 704 inquit,
1133 638 1258 705 quia
1291 636 1530 690 divinum
1572 637 1893 706 transgressi
1923 645 2048 690 sunt

461 735 865 793 testamentum,
892 736 946 780 et
975 737 1164 780 contra
1199 727 1370 796 legem
1407 727 1473 780 de
1517 742 1619 796 qua
1653 727 1911 790 diximus,
1943 727 2047 778 im-

459 821 548 888 pie
608 827 855 889 cgeruut.
919 817 1154 874 Omnino
1213 818 1356 872 enim
1437 833 1531 886 per
1588 817 2046 887 sapientissimum

457 911 679 982 Moysen
717 911 974 966 divinitus
1015 909 1174 965 eﬂ'ata
1236 910 1678 980 parviducentcs,
1739 910 1902 963 vitam
1950 925 2047 977 pro

457 1005 680 1060 libidine
713 1020 809 1059 sua
841 1005 1149 1074 transigEre
1192 1005 1563 1068 conabantur,
1595 1011 1649 1057 et
1694 1002 1855 1072 118
1885 1003 2046 1072 quili-

455 1098 547 1150 bet
595 1096 880 1151 arbitrium
935 1111 1092 1151 suum
1132 1105 1188 1150 et
1233 1097 1567 1167 religionem,
1610 1102 1666 1149 et
1705 1093 1876 1163 legem
1930 1095 2037 1150 sibi

455 1191 754 1243 statuebat.
1961 1211 1964 1213 λ

528 1279 692 1335 Vens.
735 1279 790 1346 2,
819 1281 873 1338 ὅ.
898 1279 986 1333 Me
1023 1278 1349 1345 clamabunt,
1381 1281 1541 1346 Deus,
1565 1285 1902 1354 cognovimus
1931 1291 1980 1336 te
2019 1299 2039 1346 ;

452 1372 578 1440 quia
649 1370 820 1426 Israel
888 1372 1107 1442 projecit
1186 1374 1343 1438 bona,
1416 1374 1692 1430 inimicum
1781 1375 2042 1442 persecuti

452 1474 594 1517 ειιηῑ.

522 1553 807 1610 LXXXVI.
859 1554 1035 1624 Super
1079 1554 1356 1610 frumento
1399 1565 1452 1612 et
1515 1558 1643 1612 vino
1712 1558 1936 1622 concisi,
1987 1567 2041 1612 et

451 1648 745 1702 immundis
804 1647 1135 1703 daemonibus
1194 1648 1362 1703 festos
1408 1648 1530 1704 dies
1580 1660 1918 1720 peragentes,
1948 1650 2040 1717 qui

449 1740 709 1795 cordibus
749 1739 861 1794 suis
907 1739 973 1793 ad
1023 1739 1191 1792 Deum
1249 1755 1366 1795 non
1416 1740 1806 1804 clamaverunt,
1864 1756 2039 1811 neque

2149 551 2230 612 εἰς
2278 551 2462 622 φόρον.
2503 569 2522 602 ι
2557 551 2680 604 Ὅτι
2706 552 2815 622 γὰρ
2867 551 3215 622 συνεπρήσθη
3260 555 3328 624 τῇ
3376 553 3532 606 πόλει
3567 555 3662 608 καὶ
3707 557 3740 608 ὁ

2147 642 2297 705 ναὸς,
2329 642 2628 713 οὐδαμόθεν
2649 643 2970 713 ἀμφίλογον.
3005 642 3190 696 Ταῦτα
3223 643 3280 696 δὲ
3309 645 3493 707 αὐτοῖς
3520 644 3734 716 συμϐή-

2150 748 2321 796 σεται,
2361 735 2544 803 φησὶν,
2574 735 2656 786 ὅτι
2685 733 2783 803 τὴν
2815 733 2964 786 θείαν
2996 732 3420 804 παραϐεϐήκασι
3443 733 3733 804 διαθήκην,

2147 825 2242 877 καὶ
2288 826 2564 895 ἠσέϐησαν
2607 829 2750 880 κατὰ
2791 826 2885 880 τοῦ
2925 825 3249 897 λαληθέντος
3287 827 3474 896 νόμου.
3522 825 3734 892 Ὀλίγου

2145 913 2254 984 γὰρ
2287 917 2563 979 παντελῶς
2602 916 2880 981 ἀξιοῦντες
2905 917 3065 985 λόγου
3108 917 3177 971 τὰ
3208 917 3296 970 διὰ
3318 917 3412 970 τοῦ
3453 917 3734 985 πανσόφου

2145 1005 2392 1069 Μωσέως
2421 1007 2848 1077 τεθεσπισμένα,
2875 1011 2988 1072 τοῖς
3035 1009 3186 1073 ἰδίοις
3224 1007 3493 1078 θελήμασ.
3541 1006 3763 1077 διαζῆν¹

2145 1098 2498 1162 ἐσπούδαζον,
2541 1101 2635 1152 καὶ
2679 1100 2910 1164 ἕκαστος
2938 1101 3000 1154 τὸ
3046 1100 3256 1164 δοκοῦν,
3289 1099 3386 1153 καὶ
3433 1097 3737 1169 θρητκείας

2143 1193 2346 1264 τρόπον
2375 1192 2676 1259 ἐποιοῦντο,
2705 1195 2800 1246 καὶ
2836 1194 3020 1264 νόμον.

2228 1283 2365 1352 Ἐμὲ
2387 1284 2800 1350 κεκράξονται,
2829 1288 2862 1340 ὁ
2898 1285 3062 1352 Θεὸς,
3112 1285 3457 1356 ἐγνώκαμέν
3495 1300 3589 1338 σε’
3638 1282 3734 1342 ὅτι

2159 1369 2409 1444 Ἰσραὴλ
2461 1376 2885 1444 ἀπεστρέψατο
2925 1377 3140 1445 ἀγαθὰ,
3191 1375 3410 1446 ἐχθρὸν
3452 1373 3734 1428 κατεδίω-

2111 1459 2122 1468 “
2145 1465 2277 1530 ξαν.

2217 1556 2360 1622 ΗΕΓ.
2398 1555 2462 1607 Οἱ
2500 1556 2592 1609 ἐπὶ
2643 1556 2774 1628 σίτῳ
2818 1557 2912 1611 καὶ
2944 1557 3074 1628 οϊνῳ
3111 1558 3600 1626 κατατεμνόμενοι,
3635 1555 3738 1608 καὶ

2142 1651 2255 1711 τοῖς
2280 1647 2610 1719 ἀκαθάρτοις
2630 1649 2850 1720 δαίμοσι
2881 1649 3162 1714 τελοῦντες
3182 1649 3280 1712 τὰς
3298 1648 3510 1718 ἑορτὰς,
3537 1649 3587 1700 oi
3609 1650 3736 1710 ταῖς

2144 1737 2356 1792 ἑαυτῶν
2383 1737 2631 1809 καρδίαις
2658 1739 2719 1791 οὐ
2755 1738 3079 1810 βεϐοηκότες
3106 1738 3246 1810 πρὸς
3272 1738 3425 1803 Θεὸν,
3454 1737 3577 1790 οὐδὲ
3620 1737 3734 1807 μὴν

448 1831 628 1886 euntis
675 1847 862 1885 eorutn
915 1831 1294 1899 prosperitatis
1356 1831 1692 1903 largitorem,
1749 1842 1804 1888 et
1861 1844 2031 1888 custo-

2143 1829 2515 1896 ἐπεγνωκότες
2540 1829 2629 1882 τὸν
2659 1828 2839 1898 πάσης
2871 1828 3055 1892 αὐτοῖς
3097 1827 3352 1899 εὐθηνίας
3403 1827 3602 1897 δοτῆρα
3637 1828 3736 1879 καὶ

452 1922 576 1976 dem
626 1933 1020 1992 cognoverunt,
1052 1937 1227 1993 neque
1257 1923 1452 1980 debitis
1475 1940 1597 1979 eum
1641 1925 1830 1997 gratiis
1867 1926 2040 1980 hono-

453 2023 662 2079 rarunt,
697 2014 952 2085 quoniam
987 2015 1038 2068 in
1067 2030 1247 2070 rerum
1286 2016 1654 2071 secundarum
1687 2017 2042 2086 amplitudine

447 2119 572 2160 eum
629 2107 955 2172 nescierunt,
1004 2105 1194 2160 saltem
1245 2107 1439 2173 scient,
1470 2107 1560 2162 ubi
1615 2123 1734 2175 quae
1784 2124 1878 2163 eos
1929 2125 2042 2162 ma-

448 2203 578 2249 nent
605 2195 918 2265 paticntur;
957 2204 1009 2250 et
1033 2198 1228 2250 cumin
1257 2195 1490 2252 infelicis
1520 2197 1730 2252 consilii
1768 2198 1849 2252 sui
1889 2214 2042 2254 acer-

445 2287 574 2342 bum
628 2295 685 2342 et
735 2287 1094 2344 aversandum
1141 2288 1300 2343 ﬁnem
1332 2290 1671 2354 devenerint,
1704 2289 2040 2358 clamabunt,

444 2383 503 2430 et
532 2376 622 2431 vix
681 2377 895 2430 tandem
937 2377 1262 2432 invocabunt
1304 2395 1410 2445 me,
1451 2380 1811 2436 horribilibus
1861 2391 1916 2436 et
1963 2392 2042 2438 te-

448 2467 688 2522 terrimis
740 2468 1139 2523 calamitatibus
1175 2471 1441 2542 oppressi.
1482 2472 1560 2526 Ac
1611 2473 1757 2528 velut
1786 2475 2040 2531 consilia-

446 2559 525 2612 ria
570 2561 737 2612 ascita
783 2562 1096 2614 eorumdetu
1149 2561 1413 2616 malorum
1474 2563 1838 2632 experientia,
1909 2576 2038 2622 tunc

441 2649 726 2704 stultitiam
750 2665 902 2706 suam
925 2653 1278 2716 accusabunt,
1313 2653 1440 2708 illud
1479 2654 1706 2711 forsitan
1761 2657 2036 2712 dicentes:

449 2759 469 2794 ι
496 2740 663 2796 Israel
689 2741 914 2812 projecit
959 2745 1122 2800 bona.
1149 2765 1168 2796 ι
1200 2743 1337 2799 Cum
1392 2748 1538 2801 enim
1601 2746 1788 2802 liceret
1836 2763 1899 2802 ea
1940 2749 2041 2803 ha-

444 2835 598 2900 bere,
632 2833 795 2903 idque
837 2827 1068 2901 affatim,
1111 2849 1233 2890 cum
1302 2836 1414 2892 Deo
1467 2839 1856 2906 constabilitos,
1890 2849 1943 2893 et
1987 2841 2036 2894 ei

441 2923 637 2992 placita
678 2924 732 2978 in
780 2939 919 2994 Opus
948 2926 1202 2981 conferre
1233 2930 1434 2996 enisos,
1465 2945 1484 2979 ι
1521 2928 1798 2984 inimicum
1853 2945 2036 3000 perse-

439 3015 553 3070 cuti
587 3027 754 3082 sunt,
787 3035 806 3069 ι
848 3017 954 3072 hoc
1021 3027 1126 3083 est,
1164 3027 1373 3073 tantum
1429 3035 1538 3074 non
1600 3030 1790 3089 sponte
1825 3037 1921 3076 sua
1968 3023 2036 3078 ad

442 3107 696 3163 inimicos
757 3119 1154 3174 cucurrerunt,
1209 3109 1266 3165 et
1310 3111 1409 3164 sub
1475 3121 1799 3179 potestatem
1866 3113 2030 3166 Deum

443 3198 750 3254 odientium
793 3198 1000 3254 redacti
1020 3209 1170 3267 sunt,
1201 3214 1416 3270 semper
1445 3208 1686 3256 tuentem
1712 3203 2031 3258 etadversa-

442 3291 544 3347 riis
594 3290 929 3346 valentiores
981 3291 1326 3356 reddentem,
1359 3307 1590 3362 quorum
1635 3293 2032 3349 defectionibus

440 3384 620 3440 fuerat
651 3385 914 3440 irritatus.
942 3382 1412 3453 Sapientissimum
1442 3384 1606 3454 igitur
1631 3399 1864 3453 vereque
1901 3386 2033 3440 utile

439 3475 645 3532 factum
707 3476 970 3530 malorum
1032 3475 1426 3545 experientiam
1492 3490 1599 3530 non
1663 3485 2028 3545 exspectare;

439 3567 533 3621 sed
578 3566 756 3621 adhuc
794 3566 1074 3620 absentem
1121 3567 1407 3635 repudiare
1442 3575 1496 3619 et
1531 3567 1768 3620 aversari
1828 3568 2028 3636 potius,

439 3669 492 3714 et
529 3658 919 3714 antevertendo
949 3657 1018 3712 ad
1052 3656 1418 3714 conducibilia
1486 3658 1861 3728 perspicienda
1895 3673 2028 3714 con-

437 3752 679 3805 tendere.
1316 3818 1319 3821 .

511 3839 678 3896 Vsus.
717 3839 768 3894 4.
796 3839 1152 3908 Sibimetipsis
1187 3848 1558 3910 regnaverunt,
1594 3848 1775 3895 etnon
1820 3857 1912 3909 per
1948 3857 2030 3896 me

434 3934 697 4002 principes
732 3935 1063 3996 exstiterunt,
1101 3941 1148 3985 et
1187 3948 1292 3986 non
1327 3932 1691 3986 indicaverunt
1731 3932 1880 3986 mihi.
1931 3933 2032 3986 Ar-

434 4035 648 4093 gentum
674 4042 828 4079 suum
873 4035 1149 4080 et'aurum
1199 4041 1355 4080 suum
1414 4025 1645 4094 fecerunt
1695 4025 1794 4080 sibi
1858 4024 2026 4092 idola,

436 4125 492 4168 ut
548 4116 868 4178 dispereunt.
1779 4159 1782 4162 .

507 4205 818 4261 LXXXVII.
873 4204 987 4260 Non
1025 4207 1274 4278 agnoscit
1323 4221 1553 4277 regnum
1583 4215 1641 4262 et
1681 4204 2024 4272 Jeroboami,

435 4307 489 4354 et
524 4298 856 4368 reliquorum
907 4299 1164 4368 deinceps
1200 4313 1388 4368 regum
1442 4299 1604 4353 Israel
1634 4298 1689 4352 in
1738 4296 1983 4351 Samaria
2009 4337 2025 4362 ,

435 4389 686 4458 quamvis
724 4388 837 4456 ipse
871 4402 1128 4459 expresse
1177 4387 1401 4452 dixerit,
1432 4405 1450 4438 ι
1479 4387 1514 4441 Α
1543 4401 1629 4441 me
1671 4385 1876 4440 factum
1931 4394 2028 4466 est

2144 1919 2432 1989 πρύτανιν,
2473 1919 2586 1973 ἀλλ’
2622 1920 2744 1973 οὐδὲ
2772 1923 2895 1984 ταῖς
2939 1920 3314 1991 καθηκούσαις
3356 1916 3737 1989 εὐχαριστίαις

2141 2011 2517 2080 τετιμηκότες,
2551 2012 2850 2084 ἐπειδήπερ
2876 2014 2934 2065 ἐν
2960 2012 3039 2083 τῷ
3079 2011 3272 2066 πλάτει
3299 2014 3398 2081 τῆς
3425 2009 3734 2081 εὐημερίας

2141 2101 2473 2170 ἠγνοήκασιν
2507 2101 2688 2167 αὐτὸν,
2724 2101 2838 2155 ἀλλ’
2869 2098 2962 2156 οῦν
2992 2099 3228 2154 εἴσονται
3272 2099 3534 2161 παθόντες
3557 2097 3594 2151 ἃ.
3623 2097 3730 2162 δεῖ,

2141 2191 2236 2244 καὶ
2260 2190 2359 2261 τῆς
2391 2191 2596 2246 ἑαυτῶν
2633 2192 2954 2255 δυσϐουλίας
2981 2195 3059 2258 είς
3107 2190 3302 2261 πικρόν
3331 2207 3388 2242 τε
3419 2189 3512 2243 καὶ
3551 2187 3730 2242 ἀπευ-

2142 2282 2269 2336 κτὸν
2306 2283 2660 2356 καταίροντες
2697 2284 2871 2352 τέλος,
2919 2283 3298 2356 κεκράξονται,
3344 2283 3437 2336 καὶ
3471 2279 3731 2334 ἐπικαλέ-

2143 2393 2325 2429 σονται
2380 2377 2554 2447 μόλις,
2591 2377 2791 2441 δειναῖς
2838 2395 2897 2431 τε
2952 2377 3047 2430 καὶ
3084 2376 3406 2446 ἀνηκέστοις
3451 2371 3731 2444 ἐνολισθή⁴

2142 2484 2334 2531 σαντες
2371 2471 2700 2540 συμφοραῖς.
2743 2468 3054 2538 Σύμόουλον
3089 2468 3144 2522 δὲ
3187 2466 3376 2537 ὥσπερ
3407 2464 3504 2536 τὴν
3545 2463 3730 2517 αὐτῶν

2138 2559 2246 2614 τῶν
2284 2559 2476 2613 δεινῶν
2525 2560 2810 2630 δεξάμενοι
2860 2563 3077 2630 πεῖραν,
3121 2559 3562 2630 κατηγορήσουσι
3605 2557 3730 2609 τότε

2137 2651 2238 2721 τῆς
2261 2650 2469 2704 ἑαυτῶν
2501 2652 2777 2722 εὐηθείας,
2811 2653 2987 2706 ἐκεῖνό
3015 2669 3115 2705 που
3143 2651 3416 2720 λέγοντες,
3446 2669 3464 2701 ι
3508 2648 3731 2719 Ἰσραὴλ

2139 2744 2520 2815 ἀπεστρέψατο
2562 2745 2762 2812 ἀγαθά,
2811 2762 2830 2797 ι
2883 2743 3032 2810 Ἐξὸν
3083 2744 3194 2814 γὰρ
3228 2743 3373 2814 ἔχειν
3415 2741 3574 2807 αὐτὰ,
3629 2739 3729 2794 καὶ

2137 2834 2296 2887 τοῦτο
2336 2835 2627 2900 πλουσίως,
2675 2835 3102 2908 ἐρηρεισμένους
3157 2833 3296 2906 μετὰ
3329 2832 3487 2900 Θεοῦ,
3520 2831 3614 2887 καὶ
3655 2829 3740 2886 τα

2138 2927 2287 2997 αὐτῷ
2305 2927 2567 2982 δοκοῦντα
2590 2928 2959 2999 διαπεραίνειν
2985 2923 3043 2981 εὖ
3072 2926 3219 2998 μάλα
3239 2925 3725 2992 διεσπουδακότας,

2143 3034 2162 3068 ι
2187 3017 2312 3088 Ἐχθ
2323 3017 2412 3088 ρὸν
2440 3018 2826 3085 κατεδίωξαν,ι
2853 3019 3121 3084 τουτέστι,
3143 3019 3426 3090 μονονουχὶ
3455 3019 3546 3070 καὶ
3568 3017 3728 3070 ἑκόν-

2137 3125 2230 3172 τες
2261 3109 2416 3162 αὑτοὶ
2442 3109 2818 3183 δεδραμήκασι
2853 3111 2990 3183 πρὸς
3025 3101 3276 3184 ἐχθροὺς,
3306 3112 3398 3166 καὶ⁵
3425 3111 3528 3164 ὑπὸ
3561 3113 3728 3182 χεῖρε.

2135 3202 2392 3272 γεγόνασι
2441 3204 2550 3258 τῶν
2596 3207 3004 3278 μεμισηκὸτων,
3042 3208 3134 3262 τὸν
3167 3210 3255 3264 ἀεὶ
3295 3208 3536 3273 σώζοντα
3563 3207 3723 3273 Θεὸν,

2133 3298 2227 3350 καὶ
2254 3297 2513 3367 ἀμείνους
2556 3298 2773 3352 τιθέντα
2800 3300 2910 3352 τῶν
2953 3299 3386 3371 ἀνθεστηκότων,
3420 3303 3540 3364 ταῖς
3584 3301 3728 3352 ἀπο-

2134 3390 2381 3452 στασίαις
2409 3390 2798 3462 λελυπηκότες.
2858 3393 3142 3462 Πάνσοφον
3179 3389 3272 3447 οὖν
3311 3394 3419 3465 ἄρα
3457 3394 3552 3447 καὶ
3590 3394 3722 3464 6w;-

2134 3480 2352 3552 σιφόρον
2372 3481 2609 3552 ἀληθῶς,
2635 3483 2696 3536 τὸ
2721 3483 2796 3554 μὴ
2814 3483 2912 3555 τὴν
2931 3483 3040 3538 τῶν
3059 3484 3247 3538 δεινῶν
3267 3483 3579 3555 ἐκδέχεσθαι
3610 3487 3731 3538 ἰτεῖ⁴

2136 3589 2234 3641 ραν
2251 3573 2677 3644 ’,παραιτεῖσθαι
2723 3574 2779 3628 δὲ
2828 3575 3029 3645 μᾶλλον
3073 3576 3318 3629 ἀποῦσαν
3345 3575 3448 3639 ἔτι,
3489 3575 3583 3629 καὶ
3612 3577 3730 3645 πρὸ

2131 3663 2300 3734 αὐτῆς
2336 3665 2654 3732 ἐπείγεσθαι
2693 3666 2988 3736 καταθρείν
3020 3666 3081 3719 τὸ
3117 3666 3417 3738 συμφέρον.

2213 3838 2485 3906 Ἑαυτοῖς
2513 3838 2941 3904 ἐϐασίλευσαν,
2976 3840 3073 3894 καὶ
3106 3843 3178 3895 οὐ
3223 3841 3295 3895 δι’
3326 3841 3472 3911 ἐμοῦ
3501 3839 3725 3912 ἤρξαθ’

2131 3929 2230 3983 καὶ
2260 3932 2372 3984 οὐκ
2406 3929 2741 3999 ἐγνώρισάν
2768 3947 2893 3999 μοι.
2953 3932 3022 3986 Τὸ
3072 3931 3356 4001 ἀργύριον
3394 3931 3593 3985 αὐτῶν
3618 3933 3727 3985 καὶ

2129 4021 2196 4074 τὸ
2227 4023 2488 4090 χρυσίον
2505 4021 2705 4075 αὐτῶν
2727 4022 3026 4092 ἐποίησαν
3054 4023 3259 4088 αὐτοῖς
3288 4022 3527 4087 εἴδωλα,
3556 4022 3726 4088 ὅπως

2131 4111 2667 4180 ἐξολοθρευθῶσιν.

2201 4205 2324 4258 IIZ'.
2373 4206 2642 4275 Ἀρνεῖται
2687 4207 2788 4279 τὴν
2835 4207 3114 4278 βασιλείαν
3165 4207 3265 4276 τήν
3307 4223 3365 4260 τε
3409 4205 3505 4259 τοῦ
3545 4205 3720 4276 Ἰερο-

2130 4295 2297 4366 6οὰμ,
2314 4297 2528 4351 καὶτῶν
2546 4299 2781 4369 καθεξῆς
2795 4300 3260 4370 βεϐασιλευκότων
3276 4300 3368 4352 ἐπὶ
3382 4299 3472 4352 τὸν
3497 4299 3720 4370 Ἰσραὴλ

2130 4389 2187 4441 ἐν
2227 4390 2294 4459 τῇ
2341 4389 2644 4462 Σαμαρείᾳ,
2700 4392 2874 4446 καίτοι
2904 4393 3198 4465 διαρρήδην
3233 4392 3394 4455 αὐτὸς
3448 4389 3718 4462 είρηκὼς,

434 4483 659 4536 verbum
697 4481 800 4536 hoc
834 4482 936 4544 “,s
987 4491 1043 4535 et
1073 4480 1309 4534 minatus
1334 4479 1406 4534 sit
1443 4479 1721 4534 Salomoni
1759 4477 1884 4548 ipsi,
1932 4479 2023 4548 qui

2142 4479 2212 4530 in
2248 4497 2267 4529 ι
2307 4480 2445 4551 Παρ’
2478 4481 2612 4550 ἐμοῦ
2646 4481 2835 4550 γέγονε
2861 4483 2921 4536 τὸ
2945 4485 3096 4555 ρἧα
3123 4483 3310 4536 τοῦτο·
3351 4501 3370 4534 ι
3408 4481 3717 4552 ἀπειλήσας

451 4571 774 4642 alienigenis
825 4571 1145 4624 mulieribus
1171 4570 1484 4632 obsecutus,
1513 4568 1770 4636 templum
1801 4578 1854 4623 et
1900 4583 2024 4623 aras

2142 4567 2186 4621 Ξὲ
2217 4569 2313 4621 καὶ
2337 4567 2484 4638 αὐτῷ
2513 4569 2785 4640 Σολομῶνι
2817 4572 2936 4634 ταῖς
2959 4571 3069 4624 τῶν
3099 4571 3412 4639 ἀλλοφύλων
3437 4570 3716 4639 γυναικῶν

436 4664 651 4718 illarum
702 4664 1013 4719 numinibus
1040 4669 1440 4724 construxerat,
1493 4660 1579 4715 his
1609 4661 1789 4715 verbis
1820 4675 1835 4714 :
1871 4679 1890 4713 ι
1925 4662 2014 4716 Di-

434 4757 675 4811 scindam
725 4769 950 4825 regnum
979 4764 1152 4815 tuum,
1187 4760 1242 4806 et
1266 4751 1407 4806 dabo
1445 4751 1573 4807 illud
1607 4767 1765 4808 servo
1807 4763 1895 4808 tuo
1913 4754 2013 4810 ⁸⁸.»

433 4847 576 4916 Quid
621 4847 866 4902 dicemus
915 4843 1127 4915 igitur?
1176 4841 1519 4914 falsiloquum
1574 4859 1696 4900 esse
1739 4845 2023 4902 universo-

435 4955 554 4992 rum
585 4937 796 4994 Deum?
825 4936 998 4992 absit!
1035 4935 1216 5005 potius
1237 4936 1304 4989 ad
1330 4945 1529 4990 reetnm
1554 4935 1824 4991 dictorum
1861 4937 2019 4994 intel-

434 5031 710 5102 ligentiam
764 5043 864 5084 nos
897 5027 1165 5093 dabimus,
1198 5027 1502 5098 cegitantes
1548 5027 1699 5082 illud.
1739 5027 2012 5098 Scriptum

405 5105 411 5115 ’
433 5134 518 5179 est
537 5124 615 5174 ἐς
644 5123 794 5176 «Non
813 5120 1113 5175 estmalum
1140 5121 1194 5175 in
1218 5122 1455 5185 civitate,
1476 5123 1616 5189 quod
1638 5135 1742 5175 non
1763 5121 1886 5176 fecit
1911 5122 2015 5176 Dn-

433 5217 636 5269 minus.
670 5228 692 5262 ι
714 5211 910 5264 Malum
939 5211 1174 5280 appellat
1193 5208 1558 5266 atllictiouem.
1588 5209 1695 5264 [les
1724 5215 1866 5264 enim
1886 5211 2018 5266 alias

434 5308 549 5376 ipse
567 5321 663 5358 sua
687 5302 959 5358 sententia
979 5317 1041 5356 ac
1065 5301 1345 5356 voluntate
1370 5300 1504 5356 facit
1529 5316 1542 5355 :
1574 5301 1735 5372 119
1749 5302 1882 5357 alias
1901 5302 2019 5358 ﬁeri

364 5457 368 5462 _
435 5398 720 5465 permittit,
749 5406 806 5450 ut
860 5396 1050 5465 puniat
1084 5394 1366 5466 quosdam,
1396 5399 1613 5450 tametsi
1649 5397 1784 5450 citra
1836 5395 2019 5448 volun-

435 5499 600 5542 tatem
650 5489 766 5557 ejus
801 5489 947 5544 ﬁant.
989 5488 1126 5557 Quia
1161 5504 1290 5544 vero
1338 5506 1458 5544 cum
1508 5490 1797 5559 prohibere
1826 5490 2016 5558 possit,

433 5577 1255 5655 sinitquidpiamdispensatorie
1284 5596 1658 5651 szepenutnct'o
1681 5578 1819 5644 ﬁeri,
1854 5579 2018 5634 etiam

2123 4660 2550 4732 ὰκολουθήσαντι
2607 4661 2875 4732 γνώμαις,
2929 4665 3024 4716 καὶ
3074 4665 3276 4734 τεμένη
3339 4665 3434 4718 καὶ
3495 4655 3718 4733 βωμοὺς

2121 4755 2232 4816 τοῖς
2276 4753 2502 4807 ἐκείνων
2551 4754 2890 4824 σεϐάσμασιν
2939 4754 3330 4820 ἀνατεθεικότι,
3383 4755 3467 4809 ὅτι
3500 4773 3518 4806 ι
3555 4758 3718 4826 Διαρ-

2123 4843 2273 4915 ῥήξω
2314 4845 2414 4914 τὴν
2447 4844 2724 4915 βασιλείαν
2765 4863 2880 4912 σου,
2910 4850 3002 4903 καὶ
3034 4847 3192 4903 δώσω
3233 4847 3403 4919 αὐτὴν
3434 4846 3513 4918 τῷ
3540 4847 3718 4919 δούλῳ

2123 4954 2238 4991 σου.
2271 4957 2290 4990 ι
2322 4937 2389 4991 Τί
2415 4933 2507 4992 οῦν
2529 4939 2796 5010 ἐροῦμεν;
2826 4943 3100 5013 ψευδοεπῆ
3127 4941 3218 4994 τὸν
3241 4941 3348 4994 τῶν
3371 4941 3508 4994 ὅλων
3537 4940 3672 4992 Θεόν
3698 4959 3715 5005 ;

2121 5028 2214 5100 Μὴ
2244 5028 2484 5096 γένοιτο·
2518 5030 2899 5101 τετραψόμεθα
2932 5031 2988 5084 δὲ
3038 5031 3238 5101 μᾶλλον
3267 5031 3361 5084 ἐπὶ
3406 5030 3466 5083 τὸ
3512 5031 3714 5102 χρῆναι

2121 5121 2340 5191 φρονεῖν
2402 5121 2599 5193 ὀρθῶς,
2661 5123 3043 5195 περινοοῦντες
3099 5125 3295 5178 ἐκεῖνο.
3352 5124 3712 5192 Γέγραπται,

2123 5230 2142 5263 ι
2179 5211 2270 5281 Μή
2303 5213 2418 5265 ἐστι
2443 5214 2612 5267 κακία
2641 5215 2700 5268 ἐν
2724 5215 2897 5277 πόλει,
2930 5216 2996 5286 ἣν
3023 5214 3229 5285 Κύριος
3252 5215 3354 5268 οὐκ
3385 5214 3646 5284 ἐποίησε;
3687 5233 3707 5266 ι

2119 5303 2332 5358 Κακίαν
2348 5304 2404 5357 δὲ
2429 5306 2579 5375 λέγει
2604 5306 2701 5378 τὴν
2732 5308 2995 5382 κάκωσιν.
3024 5308 3104 5361 Τὰ
3133 5307 3231 5378 μὲν
3258 5306 3368 5378 γὰρ
3393 5306 3502 5359 τῶν
3532 5323 3709 5374 πραγ-

2125 5396 2310 5467 μάτων
2340 5399 2501 5463 αύτὸς
2537 5401 2658 5453 κατ’
2687 5400 2824 5453 ἰδίαν
2850 5400 3146 5470 ἐργάζεται
3174 5399 3420 5470 γνώμην,
3443 5399 3512 5452 τὰ
3533 5398 3590 5450 δὲ
3615 5401 3711 5451 καὶ

2121 5490 2364 5557 γίνεσθαι
2401 5495 2698 5564 συγχωρεῖ,
2731 5493 2974 5555 κολάζων
3004 5493 3177 5557 τινὰς,
3215 5491 3318 5546 κᾶν
3341 5494 3388 5544 εἰ
3417 5489 3711 5561 πράττοιτό

2121 5599 2238 5646 πως
2271 5583 2611 5654 ἀνεθελήτως
2645 5585 2815 5656 αὐτῷ.
2862 5586 3080 5657 Ἐπειδὴ
3118 5587 3175 5640 δὲ
3207 5584 3436 5639 κωλύειν
3474 5583 3709 5653 δυνάμε-

503 5762 549 5796 ¹¹
573 5759 771 5819 Thren.
816 5780 854 5830 ι,
886 5765 930 5819 1.
1008 5766 1051 5797 ²¹
1081 5761 1143 5818 Ill
1179 5763 1311 5833 Reg.
1343 5779 1436 5827 λιι,
1469 5761 1557 5815 30.
1637 5761 1683 5792 ’³
1715 5760 1775 5814 Ill
1816 5761 1946 5833 Reg.
1978 5780 2026 5816 xu

2142 5766 2174 5817 ί.
2257 5765 2298 5794 ⁹¹⁴
2328 5765 2492 5817 Amm
2523 5781 2602 5828 ru,
2641 5767 2671 5814 o‘
