3982 6458
255 380 350 437 201

1195 383 1752 442 LOMMENTARIUS
1795 385 1858 440 lN
1887 385 2121 441 OSEAM
2160 387 2608 445 PROPHETAM.

3449 402 3558 461 20:!

253 512 364 562 νος,
391 495 585 567 ὲφίησί
630 515 685 550 τι
737 498 834 553 καὶ⁵
869 498 1117 568 γίνεσθαι
1164 502 1428 567 πολλάκις
1478 504 1838 575 οἰκονομικῶς

1967 504 2085 560 haec
2145 506 2398 574 operari,
2459 522 2758 578 eorumque
2820 521 3009 566 auctor
3069 511 3286 567 dicitur.
3354 514 3553 570 Exem—

251 586 327 649 ὡς
348 587 519 652 αὐτὸς
548 589 818 661 ὑπάρχων
850 590 1091 662 ἐργάτης
1117 593 1212 646 καὶ
1237 593 1443 648 τούτων
1465 594 1701 662 λέγεται.
1730 590 1857 648 Οἷον

251 679 364 749 (ἐπ’
408 678 580 734 αὐτὸν
609 680 720 751 γὰρ
767 681 870 753 ἤδη
913 683 1004 736 τὸν
1047 683 1341 755 Σολομῶνα
1371 685 1725 757 βαδιοῦμεθα)
1771 687 1859 740 δέ-

246 766 392 820 δωκε
425 768 529 838 μὲν
559 768 672 839 γὰρ
687 769 838 840 αὑτῷ
880 772 974 824 τὸν
1013 773 1079 825 ἐκ
1125 772 1290 827 λίθων
1314 776 1372 828 ὲν
1409 778 1522 838 τοῖς
1563 775 1857 846 Ἱεροσολύ-

249 876 377 930 μοις
431 860 836 932 ἀναδείμασθαι
895 863 1043 930 ναὸν,
1097 866 1262 934 σοφὸν
1304 866 1580 931 ἀπετέλει,
1623 867 1716 919 καὶ
1766 866 1854 918 ἐπ’

243 952 576 1023 ἀσυγκρίτῳ
619 954 836 1007 συνέσει
870 955 1172 1029 διαπρεπῆ.
1213 959 1415 1032 Ἔργον
1452 959 1611 1011 τοῦτο
1634 958 1732 1029 τῆς
1758 959 1856 1012 αὐ-

243 1037 339 1092 τοῦ
372 1041 630 1112 γνώμης.
668 1042 1105 1116 Συγκεχώρηκεν
1140 1046 1306 1102 αὺτοῦ
1352 1049 1585 1120 ῥαγῆναι
1623 1049 1724 1120 τὴν
1755 1048 1854 1120 βα-

244 1131 480 1196 σιλείαν,
513 1133 616 1187 οὐκ
639 1135 803 1200 αὐτὸς
833 1137 913 1202 είς
946 1136 1105 1192 τοῦτο
1132 1139 1273 1193 κατά
1299 1138 1526 1210 γνώμην
1560 1141 1697 1194 ίδίαν
1719 1143 1855 1194 ἀπο·

243 1224 433 1295 φέρων
481 1226 553 1279 τά
605 1227 934 1300 πράγματα,
985 1231 1212 1286 σιωπῶν
1258 1232 1315 1286 δὲ
1359 1233 1570 1306 ὥσπερ,
1622 1235 1717 1288 καὶ
1762 1235 1854 1288 ἐπὶ

238 1322 354 1382 τοῖς
386 1319 742 1391 ἀϐουλήτοις,
776 1321 864 1377 διὰ
911 1321 1012 1395 τὴν
1065 1325 1201 1396 πρὸς
1247 1325 1410 1380 αὑτὸν
1454 1327 1850 1399 ἀγανάκτησιν.

239 1412 463 1466 Οὐκοῦν
494 1415 545 1466 εί
577 1414 673 1468 καὶ
703 1415 1097 1486 βεϐασίλευκεν
1135 1419 1444 1491 Ἱεροδοάμ.
1489 1421 1584 1475 καὶ
1629 1422 1679 1473 οἱ
1719 1419 1852 1472 καο-

238 1503 392 1573 εξῆς,
419 1504 544 1557 ἀλλ’
575 1507 699 1579 οὐχ).
735 1507 793 1560 δὲ
819 1509 1038 1574 πάντως
1066 1510 1202 1565 Θεοῦ
1239 1512 1604 1574 συννεύοντος.
1637 1513 1718 1566 Τὰ
1743 1513 1852 1582 γὰρ

238 1594 297 1660 ἐξ
321 1596 504 1667 ὀργῆς
533 1598 635 1668 τῆς
661 1599 801 1671 πρός
825 1618 979 1664 τινας
1027 1602 1104 1666 ὼς
1133 1603 1189 1654 ἐν
1215 1602 1436 1657 κολάσει
1459 1602 1848 1673 συμϐαίνοντα,

237 1690 445 1760 τρόπον
473 1690 668 1763 ἓτερον
698 1693 835 1763 ἔχει,
871 1694 967 1746 καὶ
990 1695 1090 1747 οὐκ
1118 1695 1182 1748 ἂν
1213 1697 1385 1748 νοοῖτο
1407 1695 1634 1749 τοιαῦτα
1663 1693 1847 1764 τυχὸν,

234 1782 402 1836 ὁποῖά
430 1800 540 1854 περ
563 1784 632 1839 ἂν
661 1785 746 1855 εἴη
777 1785 845 1838 τά
866 1784 1011 1838 κατά
1040 1784 1298 1858 βούλησιν
1322 1786 1561 1852 ἀληθῶς.
1605 1785 1850 1849 Ἑαυτοῖς

1961 596 2033 667 pli
2064 612 2225 652 causa
2252 597 2273 670 (
2299 608 2358 655 ut
2389 601 2456 655 ad
2489 600 2836 657 Salomonem
2873 605 3156 661 veniamus
3189 604 3382 678 )dedit
3438 595 3514 664 illi
3537 650 3551 675 ,

1959 687 2026 744 de
2045 689 2583 761 lapidihustemplum
2615 692 3005 768 Hierosolymis
3032 698 3310 767 excitare;
3343 699 3554 768 sapien-

1961 781 2032 834 tia
2079 779 2536 848 perfectissimum
2597 794 2652 840 et
2711 786 3122 858 incomparabili
3192 790 3548 862 intelligentia

1958 874 2306 942 conspicuum
2367 874 2618 930 reddidit.
2656 876 2803 946 Opus
2840 879 2943 934 hoc
2996 877 3097 934 fuit
3129 881 3424 936 voluntatis
3468 884 3551 951 ip-

1958 961 2092 1017 sius.
2146 961 2401 1020 Permisit
2444 966 2562 1037 ejus
2612 983 2837 1038 regnum
2884 971 3079 1035 scindi,
3130 989 3235 1026 non
3284 973 3398 1042 ipse
3440 973 3549 1028 huc

1957 1051 2232 1110 voluntate
2281 1071 2377 1111 sua
2410 1072 2523 1113 rem
2557 1060 2880 1129 perducens,
2906 1064 2996 1116 scd
3025 1073 3246 1134 propter
3296 1064 3547 1134 indigna-

1956 1143 2160 1199 tionem
2210 1147 2471 1205 adversus
2505 1151 2702 1222 ipsum,
2732 1156 2887 1222 quasi
2939 1171 3103 1225 super
3169 1156 3548 1212 involuntariis

1960 1243 2163 1290 tacens.
2221 1229 2585 1303 Quamobrem
2635 1243 2734 1296 etsi
2795 1254 3092 1315 regnarunt
3147 1244 3435 1301 Jerohoam
3492 1256 3548 1300 et

1955 1340 2300 1385 successores
2336 1321 2473 1401 ejus,
2515 1349 2621 1389 non
2649 1343 2828 1390 tamen
2849 1328 2960 1392 Deo
2990 1337 3152 1407 plane
3206 1339 3546 1409 approbante

1956 1429 2265 1488 regnarunt.
2293 1421 2422 1490 Quae
2453 1423 2597 1477 enim
2637 1441 2704 1480 ex
2733 1425 2812 1480 ira
2861 1427 3152 1483 adversum
3189 1430 3402 1501 aliquos
3427 1431 3544 1486 loco

1952 1525 2128 1578 poena:
2173 1513 2515 1584 contingunt,
2551 1513 2710 1570 aliam
2745 1519 3012 1574 rationem
3051 1520 3272 1586 habent,
3301 1537 3402 1577 nec
3426 1539 3545 1593 pos.

1954 1611 2080 1655 sunt
2135 1602 2274 1658 forte
2322 1603 2447 1658 talia
2499 1605 2747 1676 intelligi,
2785 1608 2968 1678 qualia
3021 1623 3140 1680 quae
3174 1626 3298 1668 vere
3349 1627 3544 1668 secun-

1954 1691 2081 1746 dum
2129 1693 2458 1749 voluntatem
2509 1695 2664 1752 ﬁunt.
2695 1699 3060 1771 Sibimetipsis
3088 1701 3273 1772 igitur,
3305 1718 3410 1757 non
3446 1718 3546 1772 per

1955 1795 2041 1837 me
2097 1794 2410 1855 regnarunt.
2460 1785 2757 1858 Postquam
2821 1800 3006 1845 autem
3059 1793 3331 1862 principes
3373 1795 3544 1849 exsti-

234 1873 537 1944 τοιγαροῦν
570 1873 1019 1944 βεδασιλεύκασι,
1055 1877 1150 1932 καὶ
1178 1879 1240 1931 οὐ
1267 1878 1337 1931 δι’
1362 1878 1519 1949 ἐμοῦ.
1555 1877 1772 1948 Ἐπειδὴ
1794 1876 1838 1930 δὲ

1955 1879 2156 1939 terunt,
2187 1884 2393 1931 tantum
2424 1893 2532 1932 non
2557 1881 2834 1937 nesciente
2863 1881 2974 1938 Deo
3006 1889 3023 1954 (
3050 1885 3200 1953 quod
3235 1886 3379 1941 enim
3406 1902 3543 1956 prie.

240 1959 445 2036 ἦρξαν,
469 1967 762 2039 μονονουχὶ
794 1969 930 2041 μηδὲ
965 1970 1265 2038 ἐγνωκότος
1286 1969 1420 2024 Θεοῦ
1448 1970 1530 2041 (τὸ
1557 1969 1666 2042 γάρ
1699 1969 1851 2040 παρά

1953 1974 2037 2020 ter
2069 1964 2186 2034 ejus
2221 1969 2547 2026 sententiam
2596 1971 2676 2038 fit,
2716 1989 2816 2029 nec
2846 1975 2990 2031 scire
3030 1977 3249 2046 quidem
3280 1978 3540 2050 videtur),

234 2055 474 2128 γνώμην
531 2057 656 2111 οὐδὲ
703 2058 906 2113 είδέναι
953 2059 1144 2130 δοκεῖ),
1199 2061 1425 2129 γέγονεν
1468 2061 1701 2132 ἀσθενὴς
1757 2059 1838 2114 καλ

1951 2055 2261 2114 debilitatus
2299 2070 2356 2115 et
2389 2075 2697 2134 expugnata
2744 2066 2922 2123 facilis
2956 2070 3130 2124 evasit
3175 2072 3537 2141 principatus,

231 2149 519 2214 εὐάλωτος
549 2154 582 2222 ἡ
623 2153 789 2224 ἀρχὴ,
845 2153 940 2206 καὶ
973 2154 1246 2218 ἀνικάνως
1281 2153 1477 2225 ἔχουσα
1526 2153 1665 2224 πρὸς
1699 2153 1849 2206 ἀντί-

231 2258 453 2307 στασιν,
493 2245 589 2297 καὶ
643 2243 933 2309 διασώζειν
973 2245 1070 2316 οὐχ
1098 2242 1188 2298 οἷά
1232 2263 1292 2298 τε
1331 2246 1459 2309 τοὺς
1502 2243 1846 2315 ὑπεζευγμέ-

228 2350 382 2395 νους.
421 2351 439 2384 ι
474 2334 557 2386 Δι’
588 2335 757 2389 αὐτοῦ
793 2335 902 2408 γάρ
941 2333 1181 2405 βασιλεῖς
1228 2336 1592 2407 βασιλεύουσι,
1631 2337 1725 2391 καὶ
1754 2337 1846 2389 τύ-

230 2443 425 2497 ραννοι
485 2427 752 2498 κρατοῦσι
795 2430 920 2499 γῆς.
962 2447 980 2480 ι
1018 2429 1137 2482 ’Ὁτι
1194 2427 1249 2482 δὲ
1290 2428 1490 2500 πολλὴν
1531 2429 1622 2481 ἐπὶ
1669 2432 1843 2500 τούτῳ

227 2517 487 2571 νοσοῦσιν
539 2518 928 2590 ἀναισθησίαν,
978 2521 1071 2574 καὶ
1122 2523 1234 2585 τοῖς
1264 2521 1466 2575 δοθεῖσι
1511 2521 1662 2594 παρά
1705 2521 1841 2576 Θεοῦ

227 2609 373 2680 πρὸς
422 2610 522 2682 τὴν
577 2612 703 2665 κατ’
732 2612 898 2666 αὐτοῦ
946 2613 1125 2686 λύπην
1160 2615 1483 2688 ἐχρήσαντο,
1542 2615 1744 2686 μᾶλλον
1784 2615 1842 2671 δὲ

226 2702 326 2756 καὶ
375 2705 460 2767 εἰς
499 2703 726 2776 ὄλεθρον
769 2705 879 2758 τῶν
935 2705 1082 2760 ἰδίων
1125 2706 1338 2778 ψυχῶν,
1383 2705 1619 2772 ἐδίδαξεν
1648 2707 1838 2762 εἰπών’

229 2813 248 2846 ι
294 2795 372 2848 Τὸ
400 2795 674 2867 ἀργύριον
697 2797 900 2864 αὐτῶν,
944 2797 1041 2852 καὶ
1070 2797 1129 2850 τὸ
1159 2799 1386 2870 χρυσίον
1423 2800 1685 2870 ἐποίησαν
1711 2802 1838 2854 ἐαυ-

222 2890 339 2952 τοῖς
374 2888 602 2956 εἴδωλα,
652 2890 802 2952 ὅπως
846 2889 1324 2962 ὲξολοθρευθῶσιν.
1360 2909 1378 2942 ι
1416 2890 1580 2945 Ὅθεν
1626 2891 1735 2963 γὰρ
1770 2887 1838 2964 ἦν

222 2979 432 3042 αὐτοὺς
472 2978 788 3049 εὐδοκιμεῖν
838 2978 1122 3047 δύνασθαι,
1159 2981 1637 3053 κατοικτείροντας
1684 2982 1837 3036 ἀδελ-

223 3074 379 3141 φοὺς,
411 3072 675 3126 ἐντεῦθεν
701 3073 822 3145 Θεῷ
851 3073 1276 3146 προσκρούουσι,
1310 3075 1405 3128 καὶ
1432 3075 1530 3146 τῆς
1565 3075 1838 3146 σωτηρίας

219 3165 312 3216 τὸν
341 3165 562 3234 τρόπον
585 3166 976 3234 μετανιστᾶσιν
996 3166 1241 3230 ἀϐούλως
1279 3165 1370 3220 ἐπί
1402 3182 1466 3235 γε
1494 3166 1555 3220 τὸ
1585 3166 1646 3233 ἐξ
1669 3167 1834 3221 αὑτοῦ

219 3256 544 3311 διόλλυσθαι
569 3257 702 3310 δεῖν.

303 3349 670 3417 Ὰπότριψαι
715 3351 826 3404 τὸν
863 3350 1107 3420 μόσχον
1143 3369 1280 3416 σου,
1321 3350 1640 3420 Σαμάρεια,
1688 3365 1836 3422 παρ-

219 3441 470 3508 ωξύνθη
497 3445 533 3495 ὁ
567 3445 758 3512 θυμός
780 3460 902 3512 μου
931 3445 1024 3496 ἐπ’
1045 3442 1226 3510 αὐτῷ.
1255 3445 1404 3511 Ἕως
1441 3444 1605 3511 τίνος
1645 3446 1716 3498 οὐ
1743 3444 1831 3514 μὴ

220 3530 530 3586 δύνωνται
557 3532 990 3602 καθαρισθῆναι
1013 3535 1084 3588 ἐν
1110 3534 1192 3600 τῷ
1235 3535 1488 3605 Ἰσραήλ
1503 3553 1521 3600 ;
1549 3534 1656 3589 Kal
1686 3535 1833 3588 αὐτὸ

222 3620 453 3675 τέκτων
481 3622 768 3690 ἐποίησε,
801 3622 900 3676 καὶ
939 3625 1009 3677 οὺ
1041 3625 1186 3691 Θεός
1216 3625 1369 3690 ἐστι,
1399 3624 1549 3679 διότι
1584 3624 1835 3679 πλανῶν

222 3709 293 3785 ἦν
312 3717 347 3768 ό
373 3715 632 3783 μόσχος
660 3731 798 3781 σου,
840 3717 1156 3785 Σαμάρεια.

288 3807 426 3860 ΠΗ’.
479 3806 575 3870 Ὠς
618 3803 747 3874 εὖγε
791 3806 858 3877 δὴ
906 3807 1028 3861 λίαν
1079 3809 1140 3861 τὸ
1175 3828 1192 3859 ι
1248 3809 1549 3880 ἀπότριῲαι
1601 3828 1620 3860 ι
1661 3810 1831 3880 φησὶ,

223 3895 288 3960 ὡς
314 3899 415 3952 ἐπὶ
456 3897 704 3968 κηλίδος,
733 3899 827 3951 καὶ
859 3899 1162 3970 μολυσμοῦ,
1196 3901 1289 3953 καὶ
1316 3901 1416 3971 τῆς
1444 3901 1679 3973 ἐσχάτης
1699 3901 1834 3955 ἀκκ-

221 3989 497 4060 θαρσίαςί
531 3991 706 4044 Τοῦτο
748 3991 860 4063 γὰρ
903 3991 1120 4063 ἀληθῶς
1161 3993 1261 4063 τῆς
1311 3992 1728 4066 εἰδωλολατρίας
1773 3995 1834 4048 τὸ

215 4083 318 4153 χρῆ
329 4101 436 4153 μα,
445 4081 720 4154 βδελυρὰν
735 4099 795 4135 τε
833 4083 928 4136 καὶ
949 4085 1252 4155 κάκοσμον,
1273 4085 1366 4138 καὶ
1389 4085 1656 4158 aa.quan
1665 4087 1832 4156 μένην

215 4175 373 4245 παρά
396 4174 527 4244 Θεῷ
558 4175 659 4244 τὴν
681 4173 777 4228 τοῦ
799 4173 1118 4244 ἀκαθάρτου
1148 4174 1328 4246 ψυχὴν
1351 4177 1670 4231 ἀποτελοῦν.
1696 4178 1766 4230 Συ
1775 4197 1834 4248 μ⁹

213 4265 473 4320 δουλεύει
524 4266 594 4337 δὴ
623 4262 719 4319 οὖν
759 4267 834 4330 ὡς
876 4267 1294 4339 φιλοικτίρμων,
1333 4269 1428 4322 καὶ
1470 4269 1695 4338 ἀγαθὸς,
1734 4288 1832 4342 με-

208 4360 546 4414 τατξθεσθαι
573 4358 713 4431 πρὸς
737 4360 800 4412 τὸ
821 4359 1069 4430 ἄμεινον,
1105 4361 1200 4415 καὶ¹
1229 4359 1707 4424 ἀποσκευάζεσθαι
1735 4363 1833 4435 τὴν

206 4454 412 4525 ὀργὴν,
451 4453 551 4505 καὶ
588 4451 688 4514 τὰς
725 4448 835 4505 τῶν
869 4451 1304 4522 συμϐησομένων
1335 4453 1515 4516 αίτίας
1558 4457 1832 4526 περιστεῖ-

1949 2158 2005 2202 et
2029 2149 2099 2204 ad
2132 2150 2495 2208 resistendum
2531 2155 2856 2224 imbecillus,
2896 2171 2951 2215 et
2978 2159 3246 2231 impotens
3291 2165 3356 2218 ad
3383 2175 3539 2218 tuen-

1948 2238 2045 2294 dos
2096 2241 2388 2312 subjectos.
2437 2262 2456 2296 ι
2487 2244 2592 2302 Per
2647 2248 2824 2318 ipsum
2870 2250 3016 2306 enim
3078 2267 3233 2322 reges
3288 2264 3536 2324 regnant,

1947 2337 2001 2383 et
2035 2327 2248 2402 tyranni
2309 2334 2661 2392 dominantur
2697 2349 2856 2395 terra:
2885 2341 2988 2395 ³⁵.»
3023 2339 3175 2412 Ipsos
3201 2352 3380 2398 autem
3409 2360 3540 2412 pro-

1947 2427 2129 2489 pterea
2161 2424 2328 2480 multa
2373 2427 2646 2486 dementia
2688 2430 2962 2501 laborare,
3010 2444 3064 2490 et
3094 2435 3310 2491 donatis
3345 2453 3372 2490 a
3426 2437 3538 2492 Deo

1944 2511 2013 2567 ad
2046 2514 2223 2584 ipsum
2266 2518 2622 2589 irritandam,
2672 2524 2781 2580 imo
2841 2527 2910 2581 ad
2958 2527 3263 2582 animarum
3313 2544 3535 2584 suarum

1941 2607 2240 2678 perniciem
2278 2613 2499 2682 abusos,
2553 2618 2742 2672 docuit
2785 2620 2856 2673 ita
2890 2635 2905 2672 :
2943 2639 2962 2671 ι
2995 2623 3293 2692 Argentum
3343 2633 3398 2678 et
3433 2639 3535 2678 au-

1944 2714 2064 2754 rum
2096 2717 2251 2758 suum
2275 2703 2523 2762 fecerunt
2565 2709 2669 2764 sibi
2701 2710 2868 2778 idola,
2905 2721 2966 2766 ut
2997 2713 3325 2784 dispereant.
3366 2733 3386 2768 ι
3417 2715 3534 2771 Un-

1944 2794 2011 2850 de
2045 2794 2191 2851 enim
2229 2796 2439 2854 laudari
2496 2811 2753 2871 poterant
2791 2803 2860 2858 ab
2906 2805 3181 2873 omnibus,
3214 2822 3281 2863 ex
3312 2809 3534 2866 miseri-

1941 2887 2126 2942 cordia
2165 2888 2220 2943 in
2251 2888 2449 2948 fratres
2494 2904 2804 2964 erogantes,
2847 2897 2970 2951 inde
3014 2898 3182 2954 Deum
3229 2898 3531 2974 oﬂendunt,

1940 2985 1995 3030 et
2027 2977 2447 3036 instrumentum
2493 2983 2685 3040 salutis
2715 2988 2779 3041 ad
2809 2988 3036 3044 exitium
3062 2989 3189 3046 inde
3232 2991 3336 3048 sibi
3381 3009 3532 3050 com~

1941 3067 2246 3136 parandum
2275 3071 2421 3128 fatue
2458 3085 2801 3133 convertunt.

2010 3352 2177 3411 Vens.
2225 3359 2280 3424 5,
2319 3357 2372 3414 6.
2416 3357 2610 3418 Exiere
2655 3367 2878 3422 vitulum
2911 3379 3082 3438 tuum,
3113 3372 3384 3446 Samaria,
3413 3395 3532 3434 con-

1937 3447 2128 3501 citatus
2167 3460 2242 3503 eu
2277 3450 2429 3521 [uror
2463 3470 2611 3509 meus
2643 3473 2801 3526 super
2828 3476 2908 3515 eo.
2952 3462 3233 3537 Usquequo
3282 3487 3386 3525 non
3437 3490 3533 3541 po-

1937 3550 2112 3595 terunt
2163 3547 2443 3601 emundari
2496 3548 2551 3602 in
2595 3547 2812 3606 Israel?
2853 3550 2925 3608 Et
2954 3557 3051 3610 hoc
3084 3560 3282 3628 artifex
3312 3565 3455 3630 fecit,
3485 3577 3531 3620 et

1939 3649 2042 3686 non
2099 3633 2237 3688 Deus
2282 3647 2381 3703 est,
2419 3640 2543 3709 quia
2578 3644 2830 3698 seduceus
2868 3656 2981 3699 erat
3017 3649 3211 3705 vitulus
3253 3663 3396 3717 tuus,
3430 3655 3530 3710 Sa-

1936 3740 2130 3779 maria.

2007 3814 2341 3874 LXXXVII].
2379 3820 2550 3887 Quam
2604 3825 2744 3881 belle
2796 3839 2851 3882 et
2897 3837 3308 3891 accommodate
3353 3837 3532 3909 inquit

1943 3926 1962 3959 r
1986 3918 2193 3974 extere,
2225 3928 2245 3961 ι
2279 3915 2432 3982 quasi
2461 3916 2527 3969 de
2566 3922 2776 3973 macula
2805 3927 2860 3975 et
2907 3923 3339 3993 inquinamento,
3377 3948 3439 3986 ac
3464 3933 3529 3989 de

1935 4009 2181 4055 extrema
2235 4005 2488 4074 quapiam
2521 4009 2782 4076 spurcitie
2827 4011 3181 4083 loqueretur!
3218 4018 3358 4076 Vere
3381 4024 3526 4078 enim

1935 4092 2240 4149 idololatria
2286 4094 2389 4151 ista
2445 4096 2881 4168 abominandam,
2930 4113 2984 4159 et
3017 4109 3156 4163 male
3177 4109 3436 4178 olentem,
3473 4125 3530 4170 et

1935 4183 2178 4240 odiosam
2229 4187 2370 4256 apud
2407 4185 2574 4242 Deum
2618 4191 2880 4248 immundi
2913 4197 3149 4252 animam
3191 4199 3346 4257 facit.
3388 4203 3526 4260 Sua-

1936 4276 2027 4329 det
2059 4274 2224 4347 igitur
2254 4289 2312 4332 ut
2351 4279 2666 4337 misericors
2697 4291 2750 4338 et
2802 4285 2978 4342 bonus
3019 4290 3318 4348 transferre
3350 4312 3410 4351 se
3456 4299 3524 4353 ad

1935 4369 2187 4438 meliora,
2226 4381 2282 4426 et
2323 4373 2537 4428 amoliri
2570 4373 2733 4442 iram,
2769 4385 2826 4432 et
2850 4393 3051 4438 causas
3076 4382 3381 4443 futurorum
3426 4404 3521 4445 co-

1935 4459 2124 4549 hibere
2167 4462 2235 4516 de
2273 4473 2496 4532 castero,
2531 4477 2586 4521 et
2615 4469 2935 4537 poenitentia
2977 4475 3276 4542 praecidere
3341 4482 3518 4549 mala,

205 4544 298 4599 λαι
321 4544 547 4606 λοιπὸν,
574 4543 671 4594 καὶ
691 4545 809 4607 ταῖς
836 4542 1246 4612 μεταγνώσεσιν
1267 4544 1536 4614 ἀνακόψαι
1558 4547 1628 4599 τὰ
1651 4545 1824 4612 δεινὰ,

1945 4537 2097 4629 [20
2145 4573 2269 4615 sero
2324 4561 2518 4618 saltem
2590 4565 2998 4636 resipiscentes.
3049 4569 3280 4642 Propter
3344 4573 3520 4645 ipsum

208 4636 314 4691 κᾶν
353 4635 499 4705 γοῦν
526 4634 629 4703 ὀψὲ
656 4634 1078 4706 διεκνήψαντας.
1121 4636 1240 4688 Ἐπ’
1263 4636 1412 4707 αὑτῷ
1447 4636 1557 4708 γὰρ
1585 4637 1827 4707 δηλονότι

205 4730 285 4800 τῷ
327 4730 530 4800 μόσχῳ
587 4725 943 4798 παρωξύνθαι
979 4728 1136 4797 φησὶ,
1179 4727 1417 4792 δεικνὺς,
1465 4729 1547 4781 ὅτι
1595 4730 1826 4802 παρίησι

211 4817 310 4888 μὲν
345 4817 469 4870 ἐσθ’
506 4818 600 4870 ὅτε
651 4816 1037 4888 φιλάνθρωπος
1083 4817 1160 4871 ὢν
1207 4818 1275 4872 τὰ
1302 4818 1361 4884 ἐξ
1405 4818 1690 4885 ἀσθενείας
1729 4823 1828 4894 τῆς

208 4909 581 4982 ἀνθρωπίνης
609 4909 954 4982 πταίσματα,
986 4909 1208 4972 κυλάζει
1230 4910 1287 4964 δὲ
1321 4911 1533 4976 πάντως
1559 4909 1659 4986 τὴν
1692 4915 1830 4969 ἀπο-

209 5003 488 5074 στροφήν.
523 4999 823 5054 Δύσοιστόν
856 5018 914 5054 τε
946 5003 1183 5055 ποιεῖται
1215 5003 1315 5074 τὴν
1357 5004 1466 5058 τῶν
1497 5005 1827 5078 ὑϐριζόντων

205 5096 545 5156 ἀπόνευσιν,
577 5093 659 5156 εῖς
705 5110 770 5162 γε
801 5092 862 5146 τὸ
903 5095 1124 5166 χρῆναι,
1158 5096 1323 5166 φημὶ,
1373 5101 1486 5161 τοῖς
1531 5087 1829 5170 δαιμονίοις

203 5186 576 5254 προσκυνεῖν.
611 5184 793 5256 Μέχρι
837 5184 947 5257 γὰρ
977 5185 1121 5249 τίνος
1153 5187 1212 5239 ὲν
1253 5187 1566 5261 ἀκαθαρσίᾳ
1603 5191 1825 5260 γεγονό-

201 5295 296 5341 τες
323 5274 745 5346 ἁμεταποίητοι
775 5279 1021 5346 μενεῖτε;
1067 5278 1228 5340 Ποῖος
1271 5279 1401 5348 ὑμῖν
1433 5281 1662 5351 ἀρκέσει
1704 5300 1825 5337 και-

207 5369 300 5438 ρδς
347 5371 429 5431 είς
455 5367 560 5438 τὴν
585 5368 688 5437 τῆς
710 5367 964 5436 εὐηθείας
985 5369 1246 5423 ἀπόθεσιν
1271 5387 1285 5436 ;
1307 5373 1370 5424 ’Ὀ
1396 5371 1505 5444 γὰρ
1526 5376 1823 5444 εἰργάσατο

203 5461 453 5525 τέκτων,
481 5457 616 5510 Θεὸν
645 5453 786 5511 εἶναι
819 5461 1108 5513 πιστεύετε
1129 5479 1143 5493 ·
1171 5465 1265 5516 καὶ
1295 5465 1354 5516 τὸ
1381 5464 1627 5534 ὠφελοῦν
1649 5470 1819 5537 οὐδὲν,

202 5550 567 5614 ἀποκομίζον
592 5550 648 5604 δὲ
683 5550 885 5613 μᾶλλον
909 5551 1030 5605 δλεθ
1041 5570 1152 5623 ρον,
1179 5556 1272 5608 καὶ
1295 5555 1594 5624 ἀπώλειαν,
1627 5579 1682 5615 σε
1693 5564 1822 5616 πτίνν

203 5645 465 5711 ἡγεῖσθε,
500 5644 599 5696 καὶ
631 5643 981 5712 ἀξιόληπτον.
1034 5647 1220 5718 Πλανᾷ
1261 5650 1370 5722 γὰρ
1400 5654 1427 5705 ό
1476 5653 1694 5726 μόσχος,
1728 5657 1822 5709 καὶ

204 5741 294 5791 ἱτε
304 5750 403 5804 ρον
438 5733 619 5789 οὐδέν.

275 5851 328 5886 ³⁸
364 5851 533 5908 Prov.
573 5867 693 5914 vm,
730 5854 816 5908 15.

541 5948 818 6010 ΡΑτιιοι.
872 5947 992 6012 Gtt.
1044 5949 1249 6012 LXXI.

1931 4652 2078 4706 enim
2117 4652 2344 4709 vitulum
2371 4656 2579 4712 scilicet
2612 4673 2673 4715 se
2727 4660 3068 4718 concitatum
3098 4666 3256 4739 dicit,
3329 4681 3522 4726 oeten-

1932 4741 2067 4798 deus
2094 4758 2154 4799 se
2195 4760 2588 4817 nonnunquam
2641 4751 2836 4807 delicta
2877 4769 2946 4809 ex
2994 4755 3230 4813 humana
3280 4759 3523 4817 imbecil-

1933 4832 2084 4890 litate
2111 4837 2346 4893 admissa
2392 4855 2460 4895 ex
2503 4841 2842 4914 benignitate
2879 4848 3165 4916 prattcrire
3188 4890 3203 4916 ,
3237 4851 3331 4906 sed
3363 4868 3523 4908 aver-

1933 4925 2140 4983 sionetn
2199 4933 2424 4988 omnino
2485 4935 2700 5004 punire.
2749 4935 3140 4996 Protervorum
3184 4953 3363 5000 autem
3428 4951 3521 5004 de-

1931 5019 2278 5077 clinationem
2333 5026 2399 5078 ad
2448 5026 2703 5082 colendos
2776 5029 3053 5088 danttones
3121 5033 3520 5094 intolerandam

1929 5112 2098 5169 ducit.
2155 5113 2450 5185 Quousque
2501 5119 2643 5173 enim
2701 5120 2754 5175 in
2807 5121 3206 5181 immunditiam
3269 5128 3518 5201 delapsi,

1927 5201 2293 5261 immutabiles
2357 5210 2691 5267 manebitis?
2748 5212 2904 5281 Quod
2972 5216 3126 5273 vobis
3177 5228 3389 5290 tempus
3451 5227 3518 5279 ad

1924 5292 2296 5363 deponendam
2339 5296 2642 5354 fatuitatem
2675 5302 2914 5366 sufﬁcit?
2944 5303 3097 5372 Quod
3129 5309 3272 5363 enim
3320 5313 3517 5368 artifex

1932 5383 2229 5443 fabricatus
2283 5398 2386 5454 est,
2415 5391 2574 5446 deum
2629 5408 2752 5448 esse
2790 5395 3056 5464 creditis;
3092 5407 3146 5453 et
3189 5402 3330 5471 quod
3379 5405 3515 5459 nihil

1931 5488 2173 5549 prodest,
2200 5481 2308 5536 imo
2343 5493 2547 5552 pestem
2601 5495 2655 5540 et
2694 5485 2973 5545 interitum
3035 5490 3213 5561 affert,
3251 5511 3518 5554 veneran-

1932 5571 2058 5624 dum
2090 5571 2634 5641 amplectendumque
2662 5575 2922 5632 statuitis.
2951 5577 3175 5636 Seducit
3210 5582 3354 5640 enim
3387 5586 3520 5643 vitu-

1933 5663 2035 5729 lus,
2065 5663 2206 5718 aliud
2245 5664 2377 5718 nihil
2411 5663 2551 5720 valet
3549 5667 3553 5677 ’
