3982 6478
500 338 606 392 205

501 548 764 603 subversio
805 567 983 604 eorum
1015 551 1260 615 suscipiet
1291 567 1370 604 ea.
1411 550 1709 617 Manipulus
1744 567 1845 602 non
1887 551 2080 603 habens

497 639 656 700 vires,
684 650 736 691 ut
763 641 928 712 faciat
959 639 1210 707 farinam.
1245 639 1303 694 Si
1329 650 1501 694 autem
1529 641 1728 708 fecerit,
1783 639 1943 694 alieni
1990 656 2080 693 co-

497 731 698 783 medent
727 747 868 784 eam.

573 816 864 873 LXXXIX.
903 818 1266 875 Similitudiue
1300 819 1532 888 quadam
1590 819 1792 874 frustra
1834 818 1888 873 in
1941 817 2081 888 agri-

509 910 727 964 cultura
770 910 1174 976 laborantium,
1227 909 1460 965 infelicis
1527 925 1712 964 eorum
1768 907 1978 963 consilii
2029 915 2084 962 et

499 1003 662 1057 stulii
723 1018 979 1072 vanorum
1023 1019 1200 1058 rerum
1249 1003 1456 1057 exitum
1493 1001 1888 1055 infructuosum
1946 998 2081 1055 sub-

505 1093 728 1148 indicat.
790 1092 846 1148 In
895 1094 960 1148 iis
999 1095 1142 1148 enim
1186 1094 1322 1148 velle
1373 1093 1635 1162 quosdam
1687 1091 1927 1146 laborem
1989 1105 2082 1159 po-

503 1198 656 1250 nere,
690 1194 743 1237 et
769 1184 1171 1252 superstitionis
1202 1183 1470 1238 interdum
1502 1183 1786 1251 diligenter
1847 1181 1924 1236 uti
1980 1196 2085 1235 eae-

504 1275 768 1329 remouiis
813 1275 1308 1344 auatliematisque,
1365 1284 1419 1329 et
1483 1273 1766 1342 sacriﬁciis
1823 1272 2079 1328 honorem

506 1366 793 1433 exhibere,
822 1365 950 1419 nihil
985 1365 1147 1422 fuerit
1180 1366 1345 1432 aliud,
1388 1381 1548 1436 quam
1570 1374 1730 1418 vento
1770 1372 2081 1433 corruptum

495 1472 680 1510 semen
696 1457 980 1527 colligere;
1010 1471 1040 1511 e
1077 1473 1182 1526 quo
1213 1457 1309 1526 qui
1332 1456 1561 1521 laborat,
1583 1456 1867 1510 utilitatem
1890 1468 2082 1510 conse-

497 1548 588 1616 qui
612 1547 813 1601 nullam
839 1549 1032 1619 possit.
1054 1547 1183 1614 Quae
1206 1549 1350 1603 enim
1384 1548 1546 1602 studii
1567 1547 1884 1602 idololatrici
1913 1561 2084 1601 remu-

497 1641 754 1693 neratio!
808 1650 901 1694 aut
945 1654 1066 1709 qua:
1109 1639 1508 1709 esculptilibus
1553 1639 1957 1694 commoditas?
1989 1648 2083 1692 aut

491 1747 730 1800 quonam
790 1733 951 1787 modo
1001 1731 1333 1786 recreabuut
1378 1732 1710 1802 quempiam,
1751 1746 1872 1800 qua:
1910 1730 2083 1784 omni-

1539 338 1596 393 S.
1636 336 1911 392 CYRlLLI
1948 336 2419 393 ALEXANDRINI
2455 338 2778 395 ARCHIEP.

573 455 739 513 Vens.
782 457 832 512 7.
873 459 1010 524 Quia
1067 468 1315 526 corrupta
1367 467 1514 512 vento
1571 461 1980 525 seminaverunt,
2028 454 2076 513 ei
2111 472 2152 526 Α

3648 344 3745 399 90's

2255 461 2383 514 Ὅτι
2427 463 2804 531 ἀνεμόφθορα
2841 461 3132 530 ἕσπειραν
3157 502 3170 526 ,
3210 463 3307 516 καὶ
3347 463 3384 528 ἡ
3439 482 3745 534 καταστρο-

2182 551 2267 619 φὴ
2294 550 2492 605 αὐτῶν
2505 551 2806 616 ἐκδέξεται
2827 553 2998 607 αὐτά.
3015 553 3248 622 Δρᾶγμα
3273 556 3384 608 οὐκ
3405 555 3548 624 ἕχον
3578 559 3747 628 ἰσχὺν

2184 639 2294 693 τοῦ
2333 639 2583 709 ποιῆσαι
2623 643 2902 712 ἄλευρον.
2949 645 3083 698 Ἐὰν
3133 645 3200 698 δὲ
3234 646 3333 699 καί
3365 647 3610 715 ποιήσῃ,
3649 650 3721 703 ἀλ

2181 731 2403 796 λότριοι
2433 733 2874 802 καταφάγυνται
2909 737 3074 790 αὑτό.

2253 822 2378 876 118'.
2427 824 2515 888 Ὡς
2559 824 2617 890 ἐξ
2663 825 2979 895 ὁμοιότητος
3017 827 3125 880 τῶν
3175 829 3298 898 εἰκῆ
3350 829 3656 900 καμνόντων
3695 832 3748 882 ὲν

2183 913 2530 981 γεωπονίαις,
2576 917 2674 986 τῆς
2706 916 2930 988 ἐνούσης
2956 919 3138 981 αὐτοῖς
3173 918 3509 984 δυσϐουλίας,
3539 923 3628 974 καὶ
3657 923 3747 990 τῆς

2183 1007 2314 1075 περὶ
2361 1006 2428 1058 τὰ
2461 1006 2668 1074 μάταια
2721 1009 2958 1076 σπουδῆς
2981 1009 3042 1063 τὸ
3079 1010 3328 1080 ἄκαρπον
3369 1011 3636 1082 ὑποδηλοῖ.
3682 1015 3749 1066 Τὸ

2182 1093 2293 1164 γὰρ
2322 1094 2410 1146 ἐπ’
2442 1094 2624 1158 αὐτοῖς
2649 1097 2830 1148 πονεῖν
2878 1096 3092 1152 ἑλέσθαι
3122 1098 3294 1163 τινας,
3330 1099 3606 1169 ’ἐπιμελῶς
3645 1101 3747 1152 ἔσθ’

2182 1185 2270 1237 ὅτε
2297 1183 2645 1253 θρησκεύειν,
2692 1184 3008 1256 ἀναθήμασί
3053 1204 3113 1239 τε
3171 1189 3264 1241 καί⁵
3310 1187 3522 1250 θυσίαις
3573 1191 3747 1258 τιμᾷν,

2182 1274 2267 1345 εἴη
2305 1273 2371 1326 ἂν
2417 1273 2605 1345 ἓτερον
2655 1275 2826 1340 οὐδὲν,
2871 1276 2904 1346 ἥ
2947 1276 3039 1329 τὸν
3085 1277 3274 1348 ἀνέμῳ
3319 1277 3750 1348 κατεφθαρμένοι

2185 1365 2530 1438 συναγείρειν
2562 1367 2785 1438 σπόρον,
2811 1367 2964 1421 οὐδὲν
2989 1369 3179 1438 ὀνῆσαι
3209 1369 3484 1434 παντελῶς
3515 1369 3602 1423 τὸν
3635 1389 3750 1423 ποι-

2182 1451 2350 1506 οῦντα
2380 1453 2696 1525 δυνάμενον.
2726 1456 2864 1508 Ποία
2925 1456 3032 1528 γὰρ
3061 1457 3328 1521 ἀντίδοσις
3351 1457 3452 1526 τῆς
3487 1460 3565 1522 εἰς
3605 1459 3750 1512 εἰδω-

2182 1543 2469 1618 λολατρίαν
2501 1548 2771 1618 σπουδῆς;
2797 1548 2829 1619 ἢ
2856 1549 2986 1602 ποία
3011 1549 3163 1621 παρὰ
3202 1549 3454 1618 γλυπτῶν
3483 1550 3691 1622 bimam;
3719 1551 3750 1620 ἦ

2183 1637 2324 1691 κατὰ
2349 1637 2467 1691 τίνα
2500 1638 2697 1712 τρόπον
2722 1639 3050 1710 εὐφρανοῦσί
3075 1658 3228 1705 τινας
3259 1641 3296 1695 ἂ
3325 1641 3407 1696 δεῖ
3440 1643 3650 1706 πάντως
3669 1643 3751 1695 ἐλ-

2185 1728 2296 1782 θεῖν
2325 1730 2406 1793 εἰς
2449 1733 2868 1804 καταστροφήν;
2911 1732 3151 1787 Ἑοίκασι
3188 1733 3367 1788 τοίνυν
3405 1735 3454 1788 οί
3497 1734 3564 1788 τὰ
3585 1735 3751 1789 τοιάδε

493 1837 569 1878 uo
629 1824 990 1878 subvertenda
1025 1822 1192 1877 sunt?
1241 1822 1425 1892 Itaque
1471 1823 1563 1892 qui
1592 1822 1718 1876 talia
1751 1821 1927 1876 facere
1948 1837 2076 1876 con-

2185 1825 2359 1875 ποιεῖν
2381 1821 2654 1889 εἰωθότες,
2684 1825 2777 1876 καὶ
2803 1826 2922 1888 ταῖς
2946 1823 3180 1879 εἰδώλων
3206 1829 3392 1896 τιμαῖς
3424 1825 3751 1888 ἀνατιθέντες

455 1919 460 1922 ’
492 1926 809 1979 sueveruut,
839 1924 891 1970 et
930 1917 1128 1969 seriam
1177 1929 1400 1985 operam
1453 1913 1607 1968 idolis
1661 1913 1861 1978 dicant,
1891 1927 2075 1968 eorum

492 2005 745 2060 videntur
777 2006 999 2069 similes,
1026 2005 1114 2074 qui
1166 2020 1195 2059 a
1229 2014 1390 2060 vento
1432 2014 1684 2074 corrupta
1717 2005 2074 2074 semiuarunt,

492 2099 876 2167 spicarumque
936 2096 1208 2166 manipulo
1266 2096 1591 2151 frumentum
1665 2110 1769 2150 non
1815 2095 2072 2159 habenti,

493 2201 549 2246 et
597 2191 663 2245 ad
718 2205 872 2245 usum
921 2189 1108 2243 farime
1163 2187 1386 2242 minime
1442 2187 1590 2242 facti.
1642 2185 1795 2252 Quod
1833 2186 1880 2241 si
1947 2185 2077 2255 quid

491 2283 657 2337 etiam
711 2280 1087 2351 praestiterint,
1125 2279 1230 2334 hoc
1254 2290 1363 2344 est,
1396 2279 1642 2348 quamvis
1672 2277 1842 2332 videri
1868 2278 2078 2347 possint

494 2375 678 2443 aliquo
714 2373 870 2427 modo
900 2373 1024 2428 boni
1065 2381 1119 2427 et
1163 2373 1360 2427 sinceri
1395 2373 1542 2426 circa
1583 2386 1745 2441 opera
1803 2369 2078 2426 seductio-

492 2471 621 2524 nis:
661 2478 716 2523 et
767 2469 867 2522 hoc
917 2467 969 2520 in
1015 2467 1222 2520 alienos
1280 2466 1349 2520 ab
1388 2464 1528 2534 ipsis
1581 2463 1913 2529 conferetur,
1964 2461 2076 2518 Deo

463 2559 624 2613 'vero
675 2558 992 2627 neutiquam
1039 2555 1232 2626 gaudio
1261 2555 1384 2608 erit.
1416 2553 1634 2608 Alienos
1672 2553 1914 2608 nominat
1943 2550 2076 2607 falso

491 2650 711 2705 nomine
741 2647 1038 2718 appellatos
1059 2647 1210 2702 deos.
1241 2643 1404 2699 Caret
1435 2645 1602 2714 igitur
1631 2643 1778 2699 omni
1821 2641 2075 2699 mercede

489 2751 548 2798 et
619 2741 860 2812 probitas
931 2747 1113 2793 nostra
1185 2737 1236 2791 in
1299 2737 1404 2802 bis,
1475 2751 1596 2803 quae
1649 2736 1790 2790 Deus
1842 2735 2075 2798 odit;et

491 2847 673 2888 mores
711 2831 836 2885 boni
869 2830 934 2883 ad
967 2844 1154 2883 verum
1197 2828 1394 2882 homuu
1443 2842 1545 2880 non
1575 2828 1900 2890 eminentes,
1932 2840 2074 2879 scir-

491 2940 590 2996 per
630 2935 684 2979 et
727 2923 1050 2977 omnimodis
1091 2922 1158 2976 ab
1187 2937 1251 2976 co
1295 2921 1778 2990 reprehendemur.

571 3015 733 3070 Vens.
793 3013 847 3078 8,
893 3013 946 3068 9.
989 3012 1281 3078 Absorptus
1334 3020 1411 3065 est
1467 3011 1654 3075 Israel,
1718 3026 1854 3063 nunc
1900 3010 2072 3079 fartus

491 3115 569 3162 est
614 3105 668 3158 in
713 3103 950 3172 gentibus
999 3100 1151 3170 quasi
1184 3115 1272 3152 vas
1313 3099 1521 3164 inuti!e,
1564 3101 1686 3168 quia
1735 3097 1835 3166 ipsi
1886 3114 2071 3151 ascen-

2183 1913 2244 1968 τὸ
2267 1914 2610 1986 σπούδασμα,
2633 1919 2744 1980 τοῖς
2770 1916 3086 1989 σπείρουσιν
3114 1918 3584 1988 ἀνεμόφθορα,καὶ
3601 1919 3750 1972 ἀστα-

2183 2006 2329 2076 χύων
2360 2005 2654 2076 δράγματι,
2703 2008 2846 2059 σῖτον
2897 2007 2997 2060 οὐκ
3036 2006 3234 2077 ἔχοντι,
3269 2007 3366 2061 καὶ
3409 2009 3489 2070 εἰς
3531 2006 3748 2079 ἀλεύρου

2183 2096 2371 2167 χρείαν
2404 2097 2464 2150 ού
2501 2097 2876 2168 πεποιημένῳ.
2908 2097 3052 2151 Εἰδέ
3075 2099 3137 2170 δή
3167 2116 3219 2152 τι
3257 2099 3356 2152 καὶ
3394 2099 3601 2168 γένοιτο
3631 2097 3749 2169 παρ’

2181 2185 2382 2252 αὐτῶν,
2413 2187 2687 2252 τουτέστι,
2710 2187 2812 2239 κᾶν
2845 2188 2894 2240 εἰ
2919 2186 3129 2253 δόξειάν
3145 2204 3262 2252 πως
3287 2183 3433 2242 εἶναι
3463 2188 3747 2251 σπουδαῖοι,

2183 2277 2278 2330 καὶ
2310 2277 2524 2348 γνήσιοι
2559 2279 2689 2347 περὶ
2719 2277 2788 2330 τὰ
2821 2280 2920 2349 τῆς
2954 2279 3162 2349 πλάνης
3193 2278 3356 2350 ἔργα,
3383 2279 3476 2333 καὶ
3505 2279 3657 2332 τοῦτο
3679 2278 3752 2340 εἰς

2183 2367 2498 2438 ἀλλοτρίους
2545 2369 2836 2437 γενήσεται
2866 2369 2998 2439 παρ’
3050 2353 3249 2431 αὐτῶν,
3303 2373 3668 2440 κατευφρανεῖ
3701 2368 3752 2420 δὲ

2181 2455 2314 2509 Θεὸν
2356 2456 2478 2509 κατ’
2506 2456 2698 2510 οὐδένα
2741 2457 2966 2524 τρόπον.
3009 2459 3357 2528 Ἀλλοτρίους
3384 2460 3443 2513 δέ
3483 2476 3612 2529 φησι
3642 2458 3755 2518 τοὺς

2181 2546 2572 2618 ψευδωνύμους
2613 2548 2791 2613 ϐεούς.
2832 2550 3097 2620 Ἀμισθον
3123 2546 3216 2604 οῦν
3239 2551 3356 2620 ἀρα
3387 2549 3654 2613 παντελῶς
3673 2549 3758 2603 καὶ

2181 2638 2243 2692 τὸ
2283 2639 2568 2692 σπουδαῖον
2595 2640 2777 2711 ἡμῶν,
2827 2641 2885 2693 ἐν
2919 2642 3033 2704 τοῖς
3075 2640 3305 2694 λυποῦσι
3363 2642 3518 2708 Θεὸν,
3545 2644 3634 2694 καὶ
3670 2639 3760 2709 τῆς

2181 2733 2486 2796 ἐπιεικείας
2513 2733 2564 2785 οἱ
2599 2734 2792 2804 τρόποι
2835 2735 3087 2800 πάντοτε,
3121 2735 3218 2788 καὶ
3244 2735 3476 2799 πάντως
3497 2733 3761 2801 διαϐεϐλή-

2182 2841 2366 2878 σονται
2417 2826 2547 2895 παρ’
2593 2826 2762 2896 αὐτῷ,
2805 2827 2908 2898 τῆς
2956 2826 3050 2880 τοῦ
3096 2827 3302 2896 ἀγαθοῦ
3367 2828 3755 2888 διεκπίπτοντες

2182 2916 2377 2986 θήρας.

2253 3007 2563 3075 Κατεπόθη
2607 3008 2876 3076 Ἰσραὴλ,
2922 3010 3040 3064 νῦν
3073 3011 3313 3080 ἐγένετο
3341 3012 3412 3064 ἐν
3450 3010 3572 3077 τοῖς
3606 3011 3754 3064 ἔθνε-

2180 3115 2284 3151 σιν
2311 3098 2392 3164 ὡς
2415 3097 2638 3166 σκεῦος
2667 3098 2998 3168 ἄχρηστον,
3037 3100 3126 3154 ὅτι
3155 3103 3330 3156 αὐτοὶ
3360 3103 3659 3168 ἀνέϐησαν
3678 3102 3754 3164 εἰς

492 3201 679 3254 derunt
726 3199 794 3250 ad
832 3195 1093 3265 Assyrios.
1128 3192 1376 3260 Reﬂoruit
1406 3210 1497 3262 per
1525 3195 1752 3258 seipsum
1799 3189 2072 3260 Epitraim,

2193 3189 2563 3257 Ἀσσυρίους.
2628 3191 2938 3247 Ἀνέθαλεν
3025 3193 3155 3247 καθ’
3213 3193 3438 3249 ἑαυτὸν
3492 3193 3750 3262 Ἐφραῒμ.

491 3305 714 3343 munera
776 3287 1093 3351 dilexerunt,
1156 3295 1430 3352 propterea
1507 3284 1785 3338 tradentur
1840 3283 1893 3336 in
1958 3297 2078 3353 gen-

494 3379 655 3434 tibus.

567 3471 722 3539 121
774 3467 884 3524 XC.
937 3469 1270 3538 Ahsorplum
1313 3468 1444 3522 dicit
1471 3465 1749 3533 Israclem,
1778 3477 1834 3520 ut
1859 3465 2079 3519 misera-

492 3562 602 3617 bile
685 3561 1025 3632 naufragium
1095 3559 1449 3628 perpessum,
1503 3557 1656 3613 etin
1726 3566 2075 3628 peccatorum

497 3667 727 3707 suorum
773 3651 1028 3707 ﬂuctibus
1065 3650 1410 3714 suil‘ocatum,
1449 3663 1513 3704 ac
1553 3649 1699 3704 velut
1736 3649 1802 3704 ad
1871 3658 2076 3718 petram

491 3743 790 3813 quamdam
852 3742 1048 3796 divinae
1085 3742 1179 3795 ine
1247 3739 1564 3809 impulsibus
1605 3740 1816 3795 allisum
1870 3739 2076 3796 contri-

493 3846 736 3905 tumque.
779 3836 886 3890 Aut
945 3845 1094 3889 certe
1144 3833 1299 3903 juxta
1364 3835 1524 3888 aliam
1575 3833 2076 3903 interpretationem

491 3928 808 3997 absorptum
891 3926 1022 3982 dicit
1067 3927 1221 3997 quasi
1275 3927 1342 3980 ah
1397 3925 1641 3981 horribili
1689 3933 1744 3980 et
1784 3923 2076 3979 insatiabili

491 4021 728 4075 dracone
791 4017 1344 4075 Nabuchodonosore.
1416 4017 1509 4074 Sic
1565 4019 1709 4072 enim
1784 4026 1867 4072 est
1933 4017 2075 4084 apud

489 4108 654 4164 alium
687 4118 999 4163 sanctorum
1052 4109 1460 4180 prophetarum,
1497 4108 1548 4160 in
1589 4119 1816 4176 persona
1862 4104 2076 4158 lsraelis

482 4199 595 4268 jam
631 4199 850 4267 captivi,
897 4208 954 4253 et
984 4198 1218 4253 dominis
1249 4198 1362 4253 suis
1391 4196 1681 4251 servientis
1722 4209 1736 4246 :
1773 4212 1792 4244 ‹
1827 4193 2078 4248 Comedit

489 4305 596 4352 me,
627 4289 810 4345 divisit
847 4305 950 4355 me,
1006 4288 1538 4359 comprehenderunt
1584 4300 1669 4337 me
1726 4284 1960 4338 tenebrae
1998 4295 2077 4338 te-

485 4396 645 4437 nues.
717 4379 1216 4436 Nabuchodonosor
1294 4392 1386 4432 rex
1454 4374 1746 4446 Babylonis
1795 4373 2076 4429 absorbuit

2183 3279 2342 3348 δῶρα
2375 3280 2722 3350 ἠγάπησαν,
2755 3282 2852 3337 διὰ
2905 3284 3078 3339 τοῦτο
3130 3285 3656 3356 παραδοθήσονται
3690 3283 3751 3335 ἐν

2181 3372 2307 3438 τοῖς
2343 3375 2568 3427 ἔθνεσι.

2253 3466 2323 3529 ιη’.
2375 3461 2805 3516 Καταπεπόσθαι
2831 3461 2965 3534 φησὶ
3007 3463 3096 3517 τὸν
3148 3463 3393 3535 Ἰσραὴλ,
3428 3464 3503 3527 ὡς
3541 3459 3750 3531 οἰκτρὰν

2181 3543 2550 3626 ὑπομείναντα
2572 3554 2859 3624 ναυαγίαν,
2898 3555 2991 3608 καὶ
3021 3557 3132 3618 τοῖς
3161 3555 3267 3608 τῶν
3307 3555 3454 3609 ίδίων
3491 3549 3757 3624 ἁμαρτιῶν

2180 3647 2610 3715 ἐναποπνιγέντα
2629 3645 2860 3717 κύμασι,
2885 3647 2978 3700 καὶ
3005 3645 3194 3716 ὥσπερ
3220 3647 3338 3700 τινὶ⁵
3369 3647 3547 3717 πέτρα
3568 3645 3675 3706 τοῖς
3702 3642 3758 3692 ἐκ

2181 3738 2333 3802 θείας
2385 3739 2555 3810 ὀργῆς
2602 3739 2870 3808 κινήμασι
2931 3738 3506 3810 περιτεθραυσμένον.
3572 3737 3760 3802 Ἤγουν

2179 3831 2274 3884 καὶ
2299 3829 2420 3884 καθ’
2449 3830 2636 3900 ἕτερον
2677 3831 2901 3900 τρόπον,
2939 3831 3372 3886 καταπεπόσθαι
3399 3831 3563 3902 φησὶν
3593 3826 3762 3887 αὑτὸν,

2178 3917 2254 3981 ὡς
2301 3917 2407 3970 ὑπὸ
2438 3917 2614 3970 δεινοῦ
2683 3920 2778 3971 καὶ
2829 3918 3108 3988 ἀπλήστου
3145 3918 3470 3990 δράκοντος,
3517 3916 3610 3970 τοῦ
3657 3916 3763 3968 Να-

2178 4011 2582 4082 ϐουχοδονόσορ.
2630 4012 2771 4082 Ἔφη
2822 4013 2930 4080 γὰρ
2967 4008 3070 4066 ὧδε
3115 4015 3208 4067 καὶ
3255 4015 3448 4084 ἕτερος
3487 4014 3620 4083 ἡμῖν
3663 4008 3758 4061 τῶν

2178 4099 2349 4168 ἁγίων
2386 4101 2704 4172 προφητῶν,
2753 4102 2813 4154 τὸ
2858 4103 2950 4156 τοῦ
3012 4103 3226 4175 Ἰσραὴλ
3268 4106 3564 4176 πρόσωπον
3601 4098 3760 4168 ἑαυτῷ

2178 4188 2478 4260 περιτιθεὶς
2503 4230 2517 4254 ,
2545 4192 2863 4262 δορικτήτου
2896 4211 2954 4247 τε
2991 4194 3143 4259 ὄντος
3170 4196 3298 4267 ἤδη,
3326 4197 3422 4250 καὶ
3451 4200 3564 4258 τοῖς
3591 4191 3758 4247 ἑλοῦσι

2175 4279 2541 4346 δουλεύοντος
2574 4302 2591 4335 ι
2618 4285 2911 4354 Κατέφαγέ
2945 4304 3035 4356 με,
3066 4289 3367 4359 ἐμερίσατό
3389 4306 3484 4359 με,
3511 4282 3760 4342 κατέλαϐέ

2181 4388 2248 4440 με
2287 4373 2477 4436 σκότος
2506 4373 2722 4429 λεπτόν.
2768 4375 3240 4449 Ναϐουχοδονόσορ
3283 4380 3545 4449 βασιλεὺς
3593 4374 3754 4429 816's-

486 4487 576 4527 me
611 4474 767 4541 quasi
822 4474 1010 4540 draco,
1069 4470 1313 4540 implevit
1377 4478 1623 4522 ventrem
1666 4481 1822 4522 suum
1872 4483 1900 4520 a
1953 4466 2073 4520 cibo

2183 4462 2370 4526 λὼνος,
2410 4464 2638 4517 κατέπιέ
2687 4484 2754 4536 με
2786 4467 2860 4531 ὡς
2891 4468 3127 4540 δράκων,
3181 4470 3393 4543 ἔπλησε
3441 4473 3542 4542 τὴν
3573 4467 3762 4523 κοιλίαν

487 4576 607 4615 meo
636 4563 735 4615 “.i
770 4562 863 4617 Est
891 4571 946 4617 et
983 4561 1182 4628 alioqui
1222 4573 1431 4621 verum,
1485 4557 1779 4610 draconem
1835 4556 2070 4612 multici-

487 4653 650 4721 pitem
702 4655 970 4707 cbaritate
1004 4655 1056 4705 in
1092 4651 1259 4704 Deum
1312 4647 1626 4703 excidentes
1679 4647 1901 4702 sorbere
1937 4663 2069 4716 quo-

486 4747 795 4805 dammodo,
829 4754 886 4798 et
939 4758 1094 4797 suum
1157 4740 1258 4794 sibi
1314 4741 1493 4794 cibum
1546 4738 1768 4804 facere;
1819 4755 1976 4806 quem
2015 4750 2070 4793 et

487 4835 774 4888 Psaimista
811 4834 943 4888 dicit
983 4847 1166 4886 eseam
1213 4831 1396 4884 datum
1441 4829 1651 4899 populis
1698 4828 2068 4899 x’Etbiopibus.

428 4919 432 4923 ”
483 4927 662 4993 lnquit
691 4925 836 4977 enim
872 4942 885 4977 :
919 4942 937 4974 ι
969 4922 1047 4976 Tu
1093 4921 1407 4991 confregisti
1451 4931 1615 4989 caput
1661 4921 1933 4986 draconis,
1967 4924 2064 4976 de-

485 5015 611 5068 disti
649 5028 773 5066 eum
821 5027 1000 5066 escam
1042 5011 1252 5079 populis
1281 5010 1628 5080 {Ethiopibus
1652 5013 1750 5067 ηδ
1787 5012 1886 5078 Qui
1918 5013 2063 5066 enim

486 5104 836 5175 nigerrimam
886 5111 941 5156 et
975 5102 1111 5155 lucis
1142 5102 1330 5156 orbam
1361 5103 1415 5155 in
1448 5103 1642 5174 seipsis
1692 5113 1928 5156 mentem
1965 5103 2062 5155 ha-

483 5198 634 5260 bent,
661 5195 783 5262 jure
805 5191 1088 5262 Ethiopes
1117 5204 1169 5248 et
1203 5193 1427 5264 intelligi
1458 5207 1510 5248 et
1547 5194 1650 5249 dici
1693 5209 1720 5246 a
1747 5195 1904 5248 nobis
1932 5193 2062 5262 ipsis

483 5298 540 5342 et
562 5303 592 5341 a
621 5287 732 5340 Deo
746 5294 987 5353 possunt.
1012 5283 1077 5338 lli
1097 5284 1472 5354 muttieipitem
1499 5287 1785 5339 draconem
1815 5294 2062 5352 pascunt,

485 5379 696 5447 ipsique
733 5376 972 5430 vicissim
1015 5378 1082 5431 ab
1109 5391 1176 5431 eo
1213 5387 1530 5445 pascuntur.
1578 5394 1598 5427 ι
1634 5376 1936 5444 Absorptus
1983 5384 2065 5428 est

487 5468 652 5536 igitur
697 5461 884 5533 Israel,
922 5477 975 5522 et
1017 5466 1192 5522 factus
1237 5477 1319 5521 est.
1371 5469 1511 5520 inter
1573 5477 1760 5534 gentes
1807 5474 2059 5530 tanquam

484 5571 582 5614 vas
627 5558 867 5614 inutile.»
897 5558 1176 5614 Abduetus
1227 5559 1369 5613 enim
1402 5559 1468 5612 ad
1500 5557 1755 5626 Assyrios
1785 5567 1837 5611 et
1879 5555 2058 5612 Medos

553 5743 600 5776 ³⁸
625 5741 736 5799 Jer.
769 5759 844 5807 LI,
879 5743 967 5797 54.
1045 5742 1088 5774 ²⁷
1122 5739 1261 5796 Psal.
1291 5754 1483 5806 tum,
1523 5739 1605 5792 Η.

2179 4555 2342 4608 αὑτοῦ
2369 4556 2476 4609 ἀπὸ
2505 4559 2603 4629 τῆς
2626 4560 2832 4630 τροφῆς
2859 4579 2980 4632 μου.
3013 4581 3032 4614 ι
3080 4564 3307 4634 Ἀληθὲς
3337 4566 3393 4619 δὲ
3420 4567 3516 4620 καὶ
3552 4563 3764 4632 ἐτέρως.

2177 4649 2252 4713 ὡς
2284 4651 2621 4722 καταρῤοφεῖ
2640 4654 2842 4722 τρόπον
2867 4655 2987 4708 τινὰ
3012 4657 3140 4719 τοὺς
3166 4657 3267 4728 τῆς
3285 4660 3369 4722 είς
3396 4659 3532 4711 Θεὸν
3559 4658 3764 4724 ἀγάπης

2177 4739 2563 4806 ἐκπίπτοντας,
2617 4743 2712 4795 καὶ
2765 4743 2904 4797 ἰδίαν
2945 4749 3180 4800 ποιεῖται
3218 4751 3434 4820 τροεεὴν
3478 4751 3506 4802 ό
3553 4743 3762 4799 πολυκέ-

2179 4830 2346 4898 φαλος
2381 4831 2620 4902 δράκων,
2650 4832 2708 4885 ὃν
2739 4835 2832 4886 καὶ
2859 4836 2891 4906 ἡ
2922 4835 3017 4888 τοῦ
3042 4837 3357 4904 Ψάλλοντος
3389 4840 3544 4910 φωνὴ
3581 4837 3764 4910 βρῶμα

2172 4921 2414 4976 διδόσθαι
2459 4925 2592 4992 φησὶ
2625 4923 2775 4987 λαοῖς
2816 4929 2932 4988 τοῖς
2979 4928 3212 4997 Αἰθίοψι.
3255 4951 3273 4981 ι
3301 4932 3376 4982 Σὺ
3396 4933 3528 5002 γὰρ,
3619 4929 3761 4997 φησὶ.

2176 5012 2509 5076 συνέθλασας
2574 5014 2672 5083 τὴν
2725 5015 2966 5087 κεφαλὴν
3027 5019 3120 5071 τοῦ
3169 5020 3476 5090 δράκοντος
3508 5039 3521 5050 ·
3568 5019 3764 5078 ἔδωκας

2173 5103 2336 5156 αὑτὸν
2369 5103 2566 5174 βρῶμα
2601 5105 2752 5170 λαοῖς
2798 5111 2911 5171 τοῖς
2951 5109 3219 5179 Αἰθίοψιν.
3248 5131 3268 5164 ι
3326 5114 3391 5165 Oi
3427 5113 3539 5182 γὰρ
3582 5109 3762 5180 μελάν-

2171 5211 2332 5248 τατον
2372 5195 2587 5265 ἔχοντες
2629 5197 2687 5251 ἕν
2725 5217 2787 5268 γε
2825 5201 2888 5272 δὴ
2939 5201 3122 5270 σφίσιν
3171 5203 3388 5270 αὐτοῖς,
3429 5205 3524 5258 καὶ
3558 5197 3761 5270 ἀνρεγγῆ

2170 5286 2261 5338 τὸν
2306 5286 2451 5351 νοῦν,
2522 5289 2776 5354 Αἰθίοπες
2827 5293 3053 5355 εἰκότως
3117 5294 3210 5346 καὶ
3278 5297 3472 5348 νοοῖντ’
3537 5295 3622 5353 ἂν,
3676 5289 3762 5342 καὶ

2169 5375 2408 5443 λέγοιντο
2436 5379 2572 5448 πρός
2600 5395 2660 5430 τε
2693 5381 2848 5450 ήμῶν
2872 5381 3072 5445 αὐτῶν,
3103 5383 3196 5435 καὶ
3230 5385 3389 5454 παρὰ
3421 5382 3578 5436 Θεοῦ.
3612 5372 3760 5433 Οὗτοι

2167 5466 2428 5538 τρέφουσι
2471 5469 2562 5521 τὸν
2610 5471 2983 5540 πολυκέφαλον
3030 5473 3326 5544 δράκοντα,
3379 5474 3476 5527 καὶ
3523 5471 3671 5525 αὐτοὶ
3709 5467 3760 5520 δὲ

2167 5559 2328 5615 αὐτὸν
2389 5560 2664 5616 σιτοῦνται
2727 5561 2910 5616 πάλιν.
2982 5565 3430 5620 «Καταπέποται
3493 5564 3672 5618 τοίνυν
3727 5554 3754 5605 ὅ
