3982 6458
256 317 362 373 205)

1197 309 1756 368 COMMENTARIUS
1800 309 1866 364 ΙΝ
1907 308 2138 366 OSEAM
2180 307 2627 365 PROPIIETAM.

3452 318 3564 370 90b

266 431 510 502 Ἰσραὴλ,
567 430 660 484 καὶ
711 428 934 499 γέγονεν
988 431 1047 483 ἐν
1107 433 1221 496 τοῖς
1271 431 1480 484 ἔθνεσιν
1533 430 1608 493 ὡς
1675 428 1856 491 σκεῦος

1972 427 2145 482 evasit
2189 427 2394 482 inutilis
2456 427 2693 496 penitus,
2730 441 2790 480 ex
2841 441 3027 482 eorum
3084 429 3310 486 cerebro
3373 446 3568 503 Sapere

251 525 555 594 ἄχρηστον.
605 542 623 573 ι
695 522 1173 593 ’Λπενηνεγμένος
1230 522 1338 593 γὰρ
1395 523 1474 586 είς
1539 520 1865 592 Ἀσσυρίους

252 618 346 669 καὶ
393 616 640 687 Μήδους,
688 616 968 686 ἠχρειὼθη
1022 616 1322 679 παντελῶς,
1377 615 1445 667 τὰ
1495 613 1728 676 ἐκείνοις
1777 611 1864 664 δο-

252 707 457 759 κοῦντα
492 709 714 778 φρονεῖν
752 709 894 775 τάχα
946 724 1049 761 που
1095 707 1470 777 βεϐιασμένος.
1514 706 1740 774 ΙἪγουν,
1783 707 1863 758 ὅτι

251 800 448 868 γέγονε
497 798 695 863 σκεῦος
739 800 1056 870 ἄχρηστον,
1101 799 1363 871 ταύτῃτοι
1404 798 1499 852 καὶ
1561 796 1862 866 κατεπόθη,

249 893 346 944 καὶ
375 892 477 962 τὴν
506 893 840 962 ἐνεγκοῦσαν
872 893 1054 962 ἀφεὶς,
1092 894 1484 963 μετεςοῖτησεν
1512 893 1592 956 εἰς
1621 891 1688 944 τὰ
1712 890 1862 962 ἔθνη.

248 985 480 1037 Τοιοῦτό
510 986 564 1038 τί
593 1003 760 1056 φησιν
803 987 831 1038 ό
868 986 1088 1039 πάντων
1109 985 1390 1058 Δεσπότης
1416 985 1513 1039 καὶ
1551 983 1640 1038 διὰ
1683 983 1866 1053 φωνῆς

260 1076 561 1145 Ἰερεμίου,
606 1076 737 1148 περί
774 1094 921 1141 τινος
955 1077 1066 1130 τῶν
1109 1081 1167 1130 ἐν
1209 1077 1496 1150 Σαμαρείᾳ
1550 1076 1866 1146 βεϐασιλευ-

243 1168 428 1222 κότων
489 1169 584 1220 ἐπὶ
629 1169 720 1221 τὸν
781 1167 1020 1240 Ἰσραήλ*
1087 1188 1105 1220 ι
1144 1168 1430 1239 Ἤτιμὼθη
1492 1169 1748 1238 Ἰεχονίας
1789 1167 1865 1232 ὡς

246 1259 473 1322 σκεῦος,
507 1256 570 1314 οὗ
596 1262 698 1314 οὐκ
739 1259 854 1314 ἐστι
886 1261 1266 1332 χρεία¹αυτοῦ,
1325 1261 1406 1314 ὅτι
1441 1261 1726 1332 ἐξερρίφη,
1769 1262 1865 1313 καὶ

245 1352 525 1422 ἐξεϐλήθη
555 1355 637 1416 εἰς
668 1357 792 1424 γῆν,
823 1355 890 1425 ἢν
915 1356 1015 1407 οὐκ
1055 1355 1194 1424 ᾔδει.
1245 1354 1340 1424 Γῆ,
1369 1353 1463 1422 γῆ,
1501 1353 1666 1406 ἄκουε
1706 1353 1864 1417 λόγον

245 1445 490 1516 Κυρίου,
519 1446 734 1515 γράψον
764 1445 856 1497 τὸν
880 1445 1052 1514 ἄνδρα
1081 1443 1272 1496 τοῦτον
1298 1444 1641 1514 ἐκκήρυκτον
1664 1441 1867 1512 ἄνθρω-

245 1557 372 1592 πον.
429 1557 449 1589 ι
499 1536 811 1608 Ἦχρειὼθη
859 1537 1040 1589 τοίνυν
1084 1537 1112 1590 ὁ
1175 1535 1412 1607 Ἰσραὴλ,
1458 1536 1552 1589 καὶ
1589 1535 1862 1607 ἠτιμώθη.

241 1630 384 1682 Ποία
433 1629 546 1700 γὰρ
594 1627 757 1698 χρεία
804 1627 986 1698 ψυχῆς
1031 1626 1111 1698 τῷ
1155 1626 1276 1697 Θεῴ
1323 1626 1708 1698 πλανωμένης.
1771 1627 1864 1679 καὶ⁵

240 1722 762 1793 φιλαμαρτήμονος,
793 1721 888 1772 καὶ
924 1719 1339 1790 ἁποτρεχούστις
1373 1719 1613 1782 εὐκόλως
1641 1721 1722 1782 εἰς
1751 1719 1860 1772 πᾶν

1969 520 2196 574 forsitan
2247 520 2584 590 compulsus.
2616 520 2725 574 Aut
2755 534 2890 577 sane
2933 522 3058 591 quia
3108 521 3285 579 factus
3336 536 3422 580 est
3472 529 3572 580 vas

1972 611 2180 678 inutile,
2232 612 2433 668 idcirco
2475 622 2530 668 et
2559 615 2854 684 absorptns
2895 621 2998 680 est,
3061 624 3114 669 ct
3151 615 3336 671 relicta
3385 619 3565 686 patria

1970 705 2036 756 ad
2071 717 2259 775 gentes
2296 707 2729 778 lransmigravit.
2765 705 2954 762 Simile
2984 707 3114 777 quid
3155 710 3232 763 ait
3262 710 3427 780 etiam
3464 726 3564 780 per

1968 796 2262 853 Jeremiam
2286 801 2528 854 omnium
2566 800 2832 856 Dominus
2864 802 2931 857 de
2958 803 3191 870 quodam
3230 818 3355 874 rege
3385 805 3562 860 Israe-

1976 890 2040 944 lis
2075 891 2128 944 in
2173 891 2418 946 Samaria
2447 912 2502 949 ει
2541 893 2903 948 lnhonoratns
2937 905 3022 949 cst
3065 893 3374 963 Jechonias,
3408 899 3563 966 quasi

1971 997 2064 1036 vas
2124 983 2280 1051 cujus
2323 1001 2429 1040 non
2488 995 2574 1040 est
2615 1001 2746 1040 usus
2801 986 2940 1054 ejus,
2983 973 3109 1056 quia
3163 987 3438 1058 proiectus
3477 1000 3564 1046 est

1970 1077 2022 1129 in
2070 1085 2271 1132 terram
2311 1093 2472 1146 quam
2509 1079 2808 1133 nesciebat.
2839 1078 3030 1146 Terra,
3067 1090 3238 1146 terra,
3279 1083 3403 1135 audi
3439 1098 3562 1138 ver-

1970 1171 2094 1223 bum
2139 1169 2374 1224 Domini.
2407 1170 2599 1226 Scribe
2639 1173 2812 1226 virum
2867 1173 3030 1226 istum
3092 1173 3403 1229 abdicatum
3459 1176 3562 1230 lto-

1969 1261 2168 1314 minem
2193 1259 2291 1315 η.»
2333 1260 2532 1318 Factus
2560 1271 2644 1317 est
2675 1262 2842 1333 igitur
2871 1263 3078 1317 inutilis
3115 1273 3168 1318 et
3204 1264 3564 1320 inlionoratus

1971 1352 2153 1408 Israel.
2200 1354 2330 1422 Qum
2363 1370 2597 1425 namque
2625 1356 2832 1410 utilitas
2853 1357 2923 1411 ab
2954 1357 3135 1410 anima
3170 1356 3264 1411 Dei
3292 1357 3559 1412 desertri-

1969 1462 2050 1507 ce,
2091 1457 2145 1500 et
2182 1448 2423 1516 peccatis
2453 1447 2657 1513 dedita,
2709 1458 2764 1504 et
2802 1448 2964 1504 facile
2993 1450 3046 1504 in
3092 1463 3255 1504 omne
3314 1465 3486 1519 genus
3530 1465 3562 1504 a

1971 1538 2176 1592 ratione
2214 1539 2626 1594 abhorrentium
2679 1541 3076 1611 praecipitante,
3119 1551 3177 1596 et
3205 1541 3351 1612 quod
3385 1541 3560 1596 malo-

1970 1645 2087 1684 rum
2132 1641 2295 1700 capnt
2333 1639 2415 1685 est
2435 1671 2449 1692 ,
2494 1646 2522 1684 a
2553 1632 2818 1687 servitute
2849 1631 2944 1686 Dei
2973 1647 3096 1687 sese
3122 1639 3432 1698 avertente,
3458 1646 3559 1687 ex-

1967 1725 2257 1790 spectanda
2295 1723 2615 1791 cstiQnam
2657 1724 2824 1794 igitur
2861 1725 2930 1780 ob
2962 1739 3184 1779 causam
3220 1725 3337 1780 haec
3366 1739 3562 1794 passus

236 1813 426 1866 ὁτιοῦν
459 1813 573 1865 τῶν
601 1813 874 1876 ἐκτόπων,
915 1813 1010 1866 καὶ
1030 1814 1111 1874 είς
1137 1812 1198 1864 τὸ
1225 1813 1444 1865 πάντων
1469 1811 1730 1864 ἐπέκεινα
1752 1810 1856 1864 τῶν

1967 1822 2048 1867 est
2090 1814 2306 1869 Israel?
2345 1831 2364 1864 α
2396 1814 2529 1882 Quia
2594 1815 2696 1883 ipsi
2747 1815 3132 1870 ascenderunt.
3167 1832 3184 1864 ι
3233 1813 3315 1867 Ad
3379 1813 3564 1868 hostes

235 1905 458 1969 κακῶν,
503 1905 605 1974 τῆς
636 1905 742 1957 ὑπὸ
773 1903 908 1957 Θεοῦ
945 1903 1191 1966 δουλείας
1223 1905 1326 1974 τὴν
1359 1903 1716 1974 ἀποστροφήν
1749 1921 1765 1968 ;
1798 1903 1864 1955 Τί

234 1996 333 2054 οὖν
362 2001 396 2069 ἡ
425 1998 584 2052 αἰτία
617 1997 712 2050 τοῦ
745 1996 814 2050 τὰ
837 1997 1017 2051 τοιάδε
1049 1997 1283 2067 πάσχειν
1305 1995 1396 2048 τὸν
1421 1995 1675 2067 Ἰσραήλς
1708 1995 1864 2047 ι”Οτι

236 2093 402 2146 αὐτοὶ
436 2090 740 2160 ἀνέϐησαν.
771 2110 789 2142 ι
821 2091 1128 2160 Μονονουχὶ
1173 2089 1305 2160 γὰρ,
1344 2089 1529 2159 φησὶν,
1573 2086 1863 2158 αὐτόμολοι

235 2184 628 2256 δεδραμήκασι
660 2183 796 2255 πρὸς
829 2181 1076 2252 ἐχθρούς.
1111 2181 1304 2251 Πῶς,ἢ
1329 2181 1450 2233 τίνα
1479 2179 1720 2250 τρόπον;
1761 2181 1860 2232 Δε-

235 2277 420 2340 διότες
447 2277 560 2345 γὰρ
588 2276 690 2346 τὴν
725 2274 952 2328 ἐκείνων
990 2273 1204 2342 ἔφοδον,
1253 2273 1316 2326 οὐ
1346 2272 1444 2342 τὴν
1479 2271 1615 2324 Θεοῦ
1663 2271 1864 2342 μᾶλλον

236 2369 578 2442 ἐπικουρίαν
637 2368 887 2439 ἐζήτουν,
953 2365 1482 2438 μετα-γινώσκοντες.
1543 2365 1751 2434 Δώροις
1803 2364 1864 2418 δὲ

239 2464 452 2534 μᾶλλον
510 2463 975 2532 μεταπεπείκασι,
1031 2461 1422 2533 κατηρεμῆσαι
1481 2460 1680 2532 βραχὺ,
1742 2457 1864 2516 εἶτα

235 2556 339 2627 τὴν
383 2556 604 2609 τοιάνδε
636 2554 854 2625 σκέψιν,
884 2554 960 2617 ὡς
990 2554 1206 2608 εἰκαίαν
1232 2555 1418 2617 αὐτοῖς
1450 2553 1738 2627 ἐσομένην,
1767 2554 1863 2607 καὶ

234 2649 545 2719 ἄχρηστον,
576 2649 805 2720 διαγελᾷ
833 2648 1045 2720 τρόπον
1075 2647 1221 2713 τινὰ,
1253 2647 1428 2715 λέγων
1468 2647 1598 2716 περὶ
1635 2645 1746 2699 τῶν
1797 2647 1864 2700 ἐκ

235 2744 419 2814 φυλῆς
451 2743 704 2816 Ἐφροῖμ
737 2744 1231 2814 βεϐασιλευκότων,
1265 2745 1314 2797 οἳ
1350 2743 1444 2797 καὶ
1469 2741 1619 2815 δῶρα
1648 2743 1864 2814 πεπόμ-

232 2853 374 2903 φασι
431 2839 553 2900 τοῖς
607 2837 915 2908 ’Λσσυρίων
979 2837 1268 2907 τυράννοις
1301 2851 1317 2869 ο
1373 2855 1391 2888 ι
1429 2837 1683 2890 Ἀνέθαλε
1726 2837 1864 2897 ,καθ’

232 2928 433 2983 ἑαυτὸν
487 2929 756 3001 Ἐφραῖμ.
788 2947 806 2981 ι
871 2930 1098 2999 Ὅμοιον
1151 2930 1227 2993 ὡς
1290 2930 1339 2982 εἰ
1389 2928 1580 2998 λέγοι·
1635 2929 1862 2983 Μέλλων

231 3023 616 3076 ἐκκόπτεσθαι
645 3022 900 3094 καθάπερ
925 3040 975 3076 τι
1003 3023 1252 3094 στέλεχος
1280 3025 1308 3076 ὁ
1333 3024 1396 3076 ὲκ
1422 3022 1592 3094 φυλῆς
1621 3021 1860 3094 Ἑφραῒμ

231 3109 681 3178 βεϐασιλευκὼς,
723 3112 818 3164 καὶ
859 3108 971 3165 οἷον
1007 3113 1111 3165 ὑπο
1145 3113 1318 3184 πυρὸς
1353 3113 1454 3182 τῆς
1491 3112 1642 3177 θείας
1687 3113 1862 3184 ὀργῆς

1967 1905 2120 1972 quasi
2160 1905 2302 1960 ultro
2358 1906 2791 1977 transfugerunt.
2831 1906 2936 1974 Qui
2973 1906 3239 1961 tandem?
3279 1903 3559 1961 Timentes

1967 1997 2113 2050 enim
2140 1997 2353 2052 illorum
2383 1998 2768 2068 irruptionem,
2791 2016 2919 2065 non,
2943 2009 3002 2055 ut
3018 1999 3376 2069 parerat,Dei
3402 2015 3560 2070 opem

1966 2089 2298 2158 poenitentes
2360 2100 2762 2160 poposcerunt;
2829 2091 2926 2147 sed
2999 2091 3317 2147 muneribus
3380 2093 3562 2163 potius

1969 2179 2074 2234 illis
2104 2181 2661 2250 persuaseruntaliud
2685 2221 2702 2247 ,
2734 2191 2794 2236 ut
2822 2183 3159 2252 aliquantum
3192 2184 3558 2254 quiescerent.

1971 2271 2172 2327 Deinde
2202 2273 2579 2344 hujuscemodi
2617 2273 2908 2330 consilium
2964 2282 3022 2329 ut
3078 2290 3277 2329 vanum
3319 2275 3452 2344 ipsis
3508 2284 3564 2329 et

1968 2363 2162 2418 inutile
2201 2363 2443 2420 futurum
2496 2365 2686 2421 irridet
2720 2367 2904 2437 aliquo
2957 2369 3138 2433 modo,
3179 2366 3339 2437 122
3371 2366 3562 2421 dicens

1967 2457 2034 2512 de
2089 2457 2310 2528 regibus
2371 2475 2438 2514 ex
2475 2459 2618 2515 tribu
2663 2460 2945 2530 Epltraim,
2974 2461 3066 2530 qui
3110 2469 3164 2515 et
3224 2459 3368 2515 dona
3397 2462 3564 2534 Assy-

1967 2549 2175 2605 riorum
2209 2552 2457 2624 tyrannis
2498 2553 2766 2607 miserunt
2795 2570 2812 2608 :
2848 2570 2867 2605 ι
2897 2551 3164 2608 Reﬂornit
3195 2568 3294 2624 per
3322 2553 3560 2624 seipsum

1966 2642 2249 2712 Epltraim.
2286 2663 2305 2698 ι
2340 2646 2417 2700 Ac
2462 2645 2508 2700 si
2545 2646 2687 2701 dicat
2723 2663 2738 2699 :
2778 2645 3192 2702 Exscindcndus
3240 2647 3381 2701 sicut
3408 2656 3563 2701 truno

1965 2750 2064 2790 cus
2109 2751 2203 2791 rex
2260 2737 2326 2792 de
2388 2737 2530 2793 tribu
2573 2737 2857 2807 Epltraim,
2888 2746 2945 2792 et
3002 2748 3260 2809 tanquam
3313 2739 3382 2794 ab
3437 2739 3564 2810 igne

1965 2829 2162 2883 divina:
2237 2830 2333 2885 ira:
2384 2833 2811 2897 consumendus,
2860 2832 3104 2888 reﬂoruit
3161 2848 3258 2904 per
3293 2835 3559 2903 seipsum.

1966 2921 2069 2977 hoc
2102 2931 2208 2987 est,
2246 2923 2368 2978 sine
2411 2939 2533 2990 me;
2561 2932 2618 2980 et
2668 2924 3057 2995 aspirationem
3096 2940 3270 2980 meam
3303 2941 3411 2982 non
3462 2925 3562 2979 ha-

1965 3012 2122 3082 bens,
2154 3015 2366 3084 putavit
2415 3028 2475 3071 se
2499 3016 2796 3083 victurum,
2831 3025 2888 3073 et
2940 3017 3152 3072 radices
3196 3016 3336 3073 altas
3403 3026 3562 3072 actu-

1967 3123 2110 3175 rum,
2187 3117 2244 3164 et
2295 3110 2548 3164 thronum
2616 3125 2778 3165 suum
2843 3125 2949 3166 non
3018 3110 3370 3166 amissurum.
3418 3110 3563 3165 Emit

231 3203 764 3274 καταμαραίνεσθαι
792 3244 807 3268 ,
863 3205 1092 3258 ἀνέθαλε
1128 3205 1255 3258 καθ’
1285 3205 1498 3270 ἑαυτὸν,
1553 3206 1854 3268 τουτέστιν,

1967 3200 2111 3256 enim
2138 3199 2458 3256 dilationem
2491 3201 2625 3256 mali
2657 3203 2723 3257 ad
2757 3210 2970 3272 tempus
2997 3203 3296 3268 modicum,
3336 3212 3564 3258 conten-

228 3296 371 3366 ἐμοῦ
409 3297 561 3365 δίχα,
595 3297 690 3350 καὶ
713 3296 1023 3367 σύμπνοιαν
1053 3297 1151 3368 τὴν
1183 3297 1324 3368 ἐμὴν
1354 3298 1454 3352 οὐκ
1483 3297 1641 3369 ἔχων,
1675 3297 1850 3370 ᾠήθη,

229 3389 424 3458 φησὶν,
468 3389 554 3441 ὃτι
586 3387 838 3459 ζήσεται,
896 3391 990 3443 καὶ
1016 3389 1178 3442 δώσει
1208 3389 1364 3460 ῥίζαν
1403 3390 1484 3453 είς
1525 3389 1711 3461 βάθος,
1759 3391 1854 3444 καὶ

226 3479 339 3530 τῶν
370 3479 528 3532 ἰδίων
555 3481 656 3532 οὐκ
679 3481 1107 3552 ἁπολισθήσεται
1134 3481 1360 3552 θρόνων.
1397 3481 1716 3554 Ἑξεπρίατο
1741 3483 1850 3555 γὰρ

227 3571 585 3642 πρόσκαιρόν
649 3589 708 3624 τε
770 3575 864 3626 καὶ
917 3573 1104 3645 ὀλίγην
1160 3574 1458 3647 άνάϐλησιν
1501 3576 1598 3628 τοῦ
1655 3574 1850 3640 κακοῦ,

228 3660 380 3733 δῶρα
415 3655 726 3732 ἀγαπήσας
771 3664 835 3716 οὐ
883 3663 1136 3734 δέχεσθαι
1180 3664 1405 3735 μᾶλλον,
1447 3663 1586 3718 ἀλλὰ
1624 3665 1847 3718 διδόναι.

228 3757 337 3810 Καὶ
371 3756 432 3809 τί
471 3757 538 3809 τὸ
580 3757 864 3824 ἐντεῦθεν;
926 3758 1116 3828 ὄφελος
1162 3757 1262 3828 μὲν
1303 3757 1478 3823 οὐδὲν,
1533 3757 1848 3829 παραδοθή-

1970 3301 2060 3346 tus
2098 3293 2237 3347 dona
2275 3309 2382 3348 non
2430 3294 2704 3363 accipere,
2747 3295 2842 3350 sed
2872 3295 3022 3351 dare.
3055 3294 3195 3361 Quid
3229 3294 3400 3350 inde?
3439 3293 3563 3351 Uti-

1963 3385 2091 3441 litas
2127 3385 2299 3441 nulla.
2356 3385 2670 3442 Tradentur
2735 3397 2919 3444 autem
2970 3389 3238 3460 gentibus,
3275 3397 3330 3442 et
3366 3402 3464 3458 per
3495 3402 3558 3445 ea

1962 3495 2084 3550 quae
2114 3479 2297 3535 futura
2328 3490 2455 3536 sunt
2497 3489 2851 3552 cognoscent,
2883 3481 3155 3537 neminem
3186 3483 3572 3552 regerminare'

1964 3587 2061 3641 per
2112 3586 2192 3639 se,
2227 3588 2402 3643 neque
2454 3574 2714 3644 prodesse
2749 3573 2919 3629 Deum
2969 3573 3370 3630 oﬂ‘endentibus
3415 3574 3557 3630 dona

1962 3665 2094 3719 dare
2147 3665 2438 3733 hostibus;
2494 3665 2654 3736 paulo
2683 3673 2806 3736 post
2854 3666 3000 3721 enim
3052 3665 3318 3737 supplicio
3369 3664 3559 3734 subia-

1958 3755 2180 3812 cebunt.

233 3865 423 3902 σονται
457 3848 519 3901 δὲ
550 3851 665 3912 τοῖς
691 3850 896 3916 ἔθνεσι,
940 3852 1036 3905 καὶ
1077 3851 1145 3906 δι’
1188 3851 1370 3904 αὐτῶν
1400 3851 1706 3922 μαθήσουσι
1777 3851 1885 3904 τῶν
1927 3847 2385 3920 συμϐησομένων,
2414 3851 2490 3913 ὡς
2511 3851 2612 3904 οὐκ
2639 3850 2706 3905 ἄν
2769 3867 2854 3913 τις
2887 3850 3146 3905 ἀναθάλοι
3177 3851 3299 3906 καθ’
3339 3850 3556 3916 ἑαυτὸν,

225 3940 333 3992 οὐδ’
369 3941 440 3993 ἂν
488 3940 709 4012 ὀνήσειε
759 3943 889 4005 τοὺς
943 3942 1063 4014 Θεῷ
1111 3942 1558 4014 προσκρούοντας
1602 3943 1664 3997 τὸ
1696 3942 1848 4013 δῶρα
1883 3941 2086 3996 διδόναι
2120 3943 2236 4004 τοῖς
2293 3941 2511 4014 ἐχθροῖς
2545 3956 2563 3971 ⁸
2605 3942 2992 3998 ὑποκείσονται
3029 3943 3159 4016 γὰρ,
3203 3947 3296 3999 καὶ
3329 3947 3431 4000 οὐκ
3475 3947 3557 4009 εἰς

227 4033 488 4106 μακρὰν,
520 4037 589 4104 τῇ
624 4034 772 4106 δίκῃ.

292 4127 437 4181 Νῦν
451 4125 812 4196 εἰσδέξομαι
833 4127 1079 4194 αὐτοὺς,
1110 4129 1209 4181 καὶ
1233 4127 1581 4182 κοπὰσουσι
1610 4125 1849 4197 μικρὸν,

219 4219 333 4273 τοῦ
365 4220 574 4288 χρίειν
606 4220 881 4284 βασιλέα
909 4221 1008 4274 καί
1036 4220 1356 4290 ἄρχοντας.

295 4313 428 4378 μιν.
484 4311 756 4383 Ἀπάσης,
797 4312 873 4376 ὡς
915 4312 1046 4376 ἔπος
1086 4315 1284 4374 εἰπεῖν,
1348 4313 1448 4382 τῆς
1488 4310 1583 4365 τοῦ
1633 4311 1848 4385 Ἰσραὴλ

217 4403 586 4474 φαυλότητος
639 4404 926 4474 παραίτιοι
977 4403 1272 4472 γεγόνασιν
1316 4405 1366 4455 οἱ
1401 4405 1466 4456 ἐκ
1526 4401 1700 4472 φυλῆς
1755 4402 1850 4455 τοῦ

231 4495 494 4568 Ἐφραῒμ
543 4497 634 4548 ἐπ’
683 4497 883 4560 αὐτοὺς
947 4495 1423 4572 βεδασιλευκὸτες.
1478 4494 1703 4565 Πρῶτος
1749 4491 1849 4562 μὲν

219 4593 336 4662 γὰρ
378 4591 410 4641 ὁ
452 4590 732 4659 ἐπάρατος
787 4587 1072 4660 Ἰεροϐοᾶμ
1116 4592 1214 4659 τῆς
1243 4585 1584 4649 ἀποστασίας
1619 4585 1848 4653 γέγονεν

218 4684 496 4755 εὑρετὴς,
547 4685 815 4753 δαμάλεις
863 4683 1049 4746 αὐτοῖς
1097 4683 1410 4754 ἀναστήσας
1470 4680 1698 4751 χρυσᾶς.
1753 4679 1847 4731 καὶ

214 4777 332 4830 τῶν
384 4776 752 4846 καλουμένων
803 4775 1047 4847 ὑψηλῶν,
1095 4774 1368 4838 τουτέστι,
1411 4773 1521 4826 τῶν
1559 4773 1618 4824 ἐν
1665 4771 1840 4841 ὄρεσι,

217 4870 317 4922 καὶ
377 4867 603 4939 βουνοῖς
637 4867 880 4937 τεμενῶν
927 4866 1195 4929 καθιστὰς
1236 4867 1422 4936 ἱερεῖς,
1461 4865 1586 4928 τοὺς
1631 4864 1732 4918 οὑκ
1780 4865 1845 4915 ἐκ

218 4961 405 5031 φυλῆς
447 4957 604 5020 Λευῒ,
644 4958 760 5011 ἀλλ’
792 4958 906 5011 ὅσοι
932 4957 1137 5029 μᾶλλον
1165 4975 1184 5008 ι
1225 4957 1528 5028 Ἐπλήρουν
1561 4955 1660 5027 τὴν
1689 4956 1847 5026 χεῖρα

219 5052 439 5109 αὑτῶν.
467 5068 486 5102 ι
539 5049 684 5102 κατὰ
723 5049 785 5102 τὸ
820 5049 1230 5121 γεγραμμένον.
1274 5044 1408 5103 Εἶτα
1457 5049 1574 5118 μετ’
1615 5050 1846 5115 ἐκεῖνον,

215 5145 332 5198 τῶν
377 5143 691 5214 Ἀσσυρίων
723 5142 1216 5213 προσδοκωμένων,
1265 5141 1322 5194 ἐν
1348 5140 1526 5212 καιρῷ
1556 5139 1656 5210 τῆς
1693 5140 1850 5210 βασι-

217 5239 380 5303 λείας
406 5237 664 5308 Μαναῖμ,
705 5236 1035 5307 πεπόμφασι
1072 5236 1354 5306 χρήματα,
1387 5233 1670 5295 πείθοντες
1709 5233 1848 5284 ἀπο-

221 5331 464 5403 σχέσθαι
504 5329 608 5399 τῆς
657 5332 781 5401 γῆς.
824 5328 1097 5402 Ταύτῃτοι
1141 5325 1367 5390 δικαίως
1398 5328 1431 5396 ἡ
1471 5325 1593 5379 θεία
1624 5325 1848 5393 γέγονεν

220 5422 435 5494 ἀπειλὴ
462 5420 612 5476 κατὰ
639 5420 742 5490 τῆς
781 5420 1086 5490 βασιλείας,
1129 5419 1228 5487 τῆς
1267 5419 1332 5470 ἐκ
1381 5417 1555 5487 φυλῆς
1603 5413 1848 5485 Ἐφραῒμ

218 5513 616 5586 γεγενημένης
664 5513 760 5566 ἐπὶ
817 5512 908 5565 τὸν
970 5511 1207 5583 Ἰσραήλ.
1273 5529 1290 5560 ι
1320 5507 1435 5562 Νῦν
1488 5507 1596 5578 γάρ
1645 5507 1848 5569 αὐτοὺς

220 5608 571 5677 εἰσδέξομαι,
604 5625 623 5658 ι
666 5606 855 5677 φησὶν,
900 5604 1000 5675 οὐχ
1023 5603 1097 5668 ὼς
1131 5603 1335 5675 τρόπον
1363 5601 1587 5672 ἔχοντας
1616 5597 1844 5669 ἀγαθὸν,

295 5779 345 5811 ’⁸
386 5787 502 5845 Jer.
547 5806 683 5857 xxtt,
718 5788 921 5845 28-50.
1001 5787 1046 5822 ¹⁹
1082 5785 1148 5841 ιιι
1182 5784 1315 5854 Reg.
1354 5799 1474 5852 xm,
1509 5784 1598 5841 5'5.

2037 4116 2202 4173 Vrsas.
2230 4117 2320 4174 10.
2355 4115 2409 4170 Ν
2415 4134 2514 4171 um:
2531 4119 2816 4188 suscipiam
2842 4138 2952 4187 eos,
2977 4133 3024 4177 el
3047 4125 3315 4192 quiescent
3336 4141 3553 4195 parum,

1961 4226 2018 4263 ιιι
2046 4221 2244 4280 angam
2275 4227 2446 4279 regem
2473 4221 2522 4264 et
2557 4211 2841 4284 principes.

2029 4301 2164 4357 XCI.
2212 4300 2404 4359 Omnis
2433 4303 2794 4373 improbitatis
2819 4306 3007 4373 Israel,
3049 4307 3309 4364 utdicam
3336 4312 3552 4380 paucis,

1958 4385 2404 4460 causa’fuerunt,
2437 4394 2527 4465 qui
2584 4394 2651 4450 de
2713 4395 2855 4450 tribu
2906 4396 3166 4467 Ephraim
3210 4414 3432 4471 regnum
3497 4405 3553 4459 in

1959 4497 2056 4538 eos
2129 4493 2446 4540 tenuerunt.
2509 4484 2725 4541 Primus
2783 4488 2928 4541 enim
2987 4494 3363 4548 exsecrandus
3407 4494 3555 4549 Jero—

1958 4575 2119 4630 boam
2171 4577 2458 4645 apostasia:
2507 4577 2756 4633 inventor
2782 4577 2909 4647 fuit,
2942 4584 3162 4651 quando
3194 4582 3326 4653 ipsis
3377 4587 3554 4640 erexit

1957 4669 2093 4723 duos
2121 4668 2341 4735 vitulos,
2395 4678 2450 4725 et
2511 4675 2724 4725 excelsa
2777 4687 2900 4741 qua:
2954 4683 3239 4742 vocantur,
3289 4685 3394 4732 hoc
3447 4686 3550 4742 est,

1955 4761 2152 4831 templa
2183 4761 2236 4816 in
2273 4763 2546 4818 montibus
2590 4773 2642 4818 et
2677 4763 2931 4829 collibus,
2957 4766 3266 4823 constitutis
3296 4772 3555 4825 sacerdo-

1958 4853 2099 4908 tibus
2151 4855 2242 4924 qui
2273 4870 2377 4911 non
2405 4866 2560 4910 erant
2608 4858 2675 4910 de
2709 4857 2851 4912 tribu
2902 4856 3053 4927 Levi,
3091 4861 3186 4916 sed
3226 4862 3316 4932 qui
3365 4863 3547 4934 potius

1963 4965 1982 4998 ι
2022 4947 2312 5018 implerent
2362 4963 2580 5003 manum
2635 4964 2788 5004 suam
2821 4952 2866 4984 ’θ
2898 4991 2912 5016 ,
2958 4971 2976 5003 ι
3027 4961 3086 5009 ut
3129 4955 3392 5026 scriptum
3443 4965 3546 5011 est.

1957 5038 2162 5095 Deinde
2201 5049 2321 5110 post
2377 5039 2553 5106 illum,
2620 5056 2740 5095 cum
2790 5042 3000 5114 Assyrii
3059 5054 3544 5116 exspectarentur,

1959 5142 2220 5202 regnante
2253 5131 2520 5197 Manaim,
2553 5134 2817 5190 miserunt
2859 5137 3142 5205 pecunias,
3201 5139 3402 5209 quibus
3451 5153 3546 5193 eos

1957 5241 1987 5278 a
2019 5224 2342 5279 vastitudine
2375 5223 2660 5280 inferenda
2699 5227 3035 5283 abstinerent
3065 5229 3128 5282 '°.
3169 5229 3348 5295 Quare
3380 5230 3548 5284 meri-

1957 5331 2009 5375 to
2040 5320 2200 5375 mina:
2251 5329 2441 5375 contra
2493 5335 2741 5391 regnum,
2773 5333 2839 5374 ex
2877 5319 3016 5373 tribu
3077 5318 3334 5389 Epltraim
3381 5333 3548 5388 super

1953 5411 2117 5466 Israel
2150 5410 2455 5466 institutum
2489 5411 2751 5466 divinitus
2805 5411 3083 5466 intentata:
3143 5417 3290 5464 sunt.
3332 5427 3352 5462 ι
3395 5409 3549 5466 Nunc

1951 5503 2097 5559 enim
2133 5518 2228 5559 eos
2260 5505 2554 5573 suscipiam
2580 5543 2596 5571 ,
2621 5522 2640 5556 ι
2674 5504 2868 5574 inquit,
2901 5519 3007 5558 non
3029 5511 3086 5557 ut
3106 5503 3243 5558 bene
3282 5517 3548 5574 moratos,

1953 5610 2128 5666 neque
2171 5595 2515 5668 utoptimam
2567 5595 2783 5653 vivendi
2815 5596 2958 5653 viam
3021 5597 3318 5668 ingressos,
3372 5613 3552 5672 neque

1687 5783 1732 5814 ⁸⁰
1762 5780 1829 5838 ιν
1863 5779 1998 5851 Reg.
2040 5794 2130 5846 xv,
2163 5778 2254 5835 l9.
