3982 6492
413 394 519 452 207

1456 390 1513 447 S.
1554 389 1829 446 CYRILLI
1869 387 2342 447 ALEXANDIUNI
2379 388 2702 447 ARCUIEP.

3570 396 3680 453 ἓϋὸ

415 510 666 584 legalium
730 509 1100 567 institutorum
1134 507 1378 577 cupidos,
1412 508 1506 564 sed
1553 518 1612 563 ut
1642 517 1922 565 corrector
1953 524 1980 562 e

2109 505 2231 560 οὐδὲ
2268 504 2344 569 ὼς
2372 506 2573 576 ἄριστα
2603 505 2751 576 βιοῦν
2777 506 3085 579 ἑλομένους,
3128 507 3254 564 οὔτε
3289 509 3399 582 μὴν
3429 513 3572 566 κατά
3599 512 3693 568 τὶν

413 615 604 672 poenas
630 600 874 670 exigens,
903 606 960 655 et
984 596 1092 667 iam
1137 595 1202 651 ad
1232 596 1499 667 judicium
1534 611 1754 652 vocans.
1783 596 2003 666 Suppli-

412 693 498 748 cia
531 690 699 756 enim,
755 705 878 760 quae
911 689 1083 744 iratus
1150 686 1498 753 inveherent,
1528 688 1804 757 praeterito
1863 696 2001 741 tem-

411 796 549 853 pore
598 796 667 837 ex
718 779 1135 837 mansuetudine
1182 778 1391 835 distuli.
1456 777 1565 835 Sed
1593 778 1777 835 tNunc
1825 778 2002 835 susci-

410 876 555 944 piam
585 888 701 941 eos,
744 891 763 926 ι
794 873 988 945 inquit,
1020 880 1078 927 ut
1113 871 1377 927 malorum
1413 870 1747 941 experientia
1791 869 2003 926 discant

411 966 630 1021 tandem
671 979 731 1020 se
785 965 885 1019 sub
939 963 1190 1032 Domino,
1229 977 1329 1018 nec
1364 971 1515 1017 extra
1559 974 1779 1015 manum
1825 974 2000 1014 meam

415 1073 561 1115 esse.
618 1056 734 1113 Non
775 1065 954 1112 autem
989 1070 1181 1126 poenas
1215 1055 1431 1111 diutius
1463 1054 1685 1109 dilatum
1712 1053 1799 1120 iri,
1851 1062 2001 1108 certo

423 1159 678 1216 testatur,
706 1150 906 1205 utendo
932 1148 1200 1219 particula
1248 1163 1411 1204 nunc.
1456 1146 1705 1216 Suscepti
1749 1145 1914 1216 igitur
1944 1154 1998 1199 ut

413 1241 800 1311 corripiantur,
834 1242 1089 1310 deinceps
1118 1253 1324 1308 ungere
1384 1253 1565 1309 regem
1619 1248 1673 1294 et
1722 1236 1998 1307 principes

423 1333 711 1389 desistent.
744 1330 986 1401 Assyriis
1037 1343 1277 1400 namque
1304 1338 1361 1386 et
1389 1328 1560 1385 Medis
1591 1326 2002 1393 servientes,ad

408 1440 573 1493 opera
608 1423 891 1491 apostasia;
937 1419 1330 1490 frequentanda
1381 1420 1526 1490 quod
1589 1418 1807 1474 tandem
1829 1418 2001 1475 otium

406 1515 695 1577 baberent,
724 1511 881 1582 123
915 1512 1275 1567 lamentantes
1315 1509 1618 1575 assidue,et
1658 1509 2002 1581 inexspecta-

408 1613 517 1659 tam
581 1602 949 1659 calamitatem
1012 1599 1393 1669 deplorantes?
1454 1598 1745 1657 Sciendum
1796 1608 1998 1673 autem,

406 1703 699 1765 postquam
762 1693 938 1766 Cyrus
1011 1692 1296 1763 Catnbysae
1360 1692 1503 1747 illius
1550 1691 1804 1748 lsraelem
1862 1691 2001 1746 libe-

2105 597 2271 668 νόμον
2303 596 2580 661 πολιτείας
2609 597 2950 668 ἐφιεμένους,
2983 600 3100 654 ἀλλ’
3138 601 3216 665 ὡς
3246 602 3560 675 παιδευτὴς,
3595 606 3693 660 καὶ

2101 687 2257 751 δίκας
2286 686 2471 750 αίτῶν,
2508 687 2604 741 καὶ
2634 688 2738 741 ὑπὸ
2767 689 2945 760 κρίσιν
2974 690 3074 761 ἤδη
3103 690 3305 746 καλῶν.
3333 693 3566 764 Παρῆκα
3591 694 3694 764 μὲν

2102 777 2213 850 γὰρ
2236 778 2296 845 ἐξ
2323 778 2662 851 ἡμερότητος
2688 780 2770 843 είς
2808 779 3099 851 ὑπέρθεσιν
3127 782 3195 834 τὰ
3226 783 3291 836 ὲκ
3324 782 3474 847 θείας
3492 784 3688 853 ὀργῆς,

2102 868 2247 924 κατὰ
2263 869 2355 924 τὸν
2382 870 2484 940 ἢδη
2515 872 2883 942 παρῳχηκότα
2911 872 3122 942 καιρόν.
3153 872 3313 928 Ἀλλὰ
3347 872 3470 926 (νῦν
3493 875 3694 939 αὐτοὺς

2101 960 2435 1032 εἰσδέξομαι,
2460 979 2479 1013 ι
2521 963 2705 1033 φησὶν,
2760 962 2848 1017 ἵνα
2891 965 2957 1035 τῇ
2987 962 3095 1016 τῶν
3131 963 3319 1018 δεινῶν
3351 965 3519 1037 πείρᾳ
3552 982 3691 1037 μανο

2102 1050 2308 1106 θάνωσι
2344 1052 2518 1123 μόλις,
2553 1053 2635 1107 ὅτι
2684 1052 2780 1106 καὶ
2828 1053 2933 1106 ὑπὸ
2978 1054 3248 1123 δεσπότην
3283 1055 3413 1119 eici,
3460 1056 3553 1109 καὶ
3589 1055 3694 1124 τῆς

2102 1143 2246 1213 ἐμῆς
2274 1143 2377 1197 οὐκ
2412 1142 2518 1209 ἔξω
2555 1144 2757 1215 χειρός.
2794 1144 2917 1198 Ὅτι
2947 1143 3027 1208 δὲ,
3060 1145 3163 1199 οὐκ
3193 1147 3274 1210 είς
3294 1145 3594 1214 ἀνάδλησιν
3620 1147 3692 1201 τὰ

2099 1233 2162 1299 ἐξ
2201 1234 2396 1305 ὀργῆς,
2423 1234 2504 1288 ἐτι
2540 1235 3026 1308 πεπληροφόρηκε,
3057 1235 3229 1305 λέγων
3275 1237 3358 1301 τὸ,
3399 1237 3513 1290 νῦν.
3562 1238 3691 1291 Εἰσ-

2054 1322 2378 1394 ·δεχθέντες
2431 1325 2496 1396 δὴ
2555 1320 2648 1378 οὖν
2703 1325 2791 1379 ἶνα
2855 1325 3236 1392 παιδεύωνται,
3312 1327 3691 1381 πεπαύσονται

2099 1414 2287 1470 λοιπὸν
2311 1415 2406 1470 τοῦ
2428 1417 2605 1488 χρίειν
2630 1416 2858 1488 βασιλέα
2885 1417 2981 1471 καὶ
3023 1418 3309 1488 ἄρχοντας.
3333 1416 3690 1480 Δουλεύοντες

2098 1507 2210 1579 γὰρ
2249 1508 2556 1580 ’Δσσυρίοις
2583 1510 2681 1563 καὶ
2707 1509 2932 1580 Μήδοις,
2959 1510 3116 1564 ποίαν
3140 1508 3249 1581 γὰρ
3279 1509 3438 1580 ἔσχον
3489 1510 3689 1581 σχολὴν

2097 1598 2169 1654 τὰ
2191 1600 2291 1672 τῆς
2318 1601 2659 1665 ἀποστασίας
2687 1600 2825 1673 ἔργα
2852 1600 3115 1672 πληροῦν,
3141 1601 3259 1670 οἵγε
3288 1602 3382 1655 καὶ
3408 1600 3689 1670 κατοιμώ-

2098 1689 2286 1758 ζοντες
2351 1694 2652 1759 διετέλουν,
2702 1695 2799 1749 καὶ
2845 1694 2945 1766 τὴν
3000 1693 3261 1765 ἀδόκητον
3316 1692 3688 1763 κατεθρήνουν

404 1802 527 1841 rum
550 1787 782 1853 dimisit,
804 1801 910 1841 non
940 1786 1106 1842 fuisse
1136 1794 1330 1840 unctos
1363 1784 1416 1839 in
1457 1783 1705 1839 Samaria
1749 1783 1818 1839 de
1852 1781 1987 1837 tribu

2101 1785 2428 1855 συμφοράν;
2485 1785 2683 1838 ’ἰστέον
2728 1784 2785 1838 δὲ
2815 1785 2919 1849 ὅτι,
2953 1783 3093 1855 μετὰ
3155 1783 3217 1837 τὸ
3255 1784 3465 1838 ἀνεῖναι
3501 1782 3703 1854 Κῦρον,

409 1876 695 1948 Ephraim,
732 1877 827 1931 sed
852 1890 1051 1933 censos
1100 1877 1169 1932 ab
1198 1889 1308 1931 uno
1344 1875 1476 1947 i“8°
1502 1889 1712 1941 θίηυθδν
1745 1872 1987 1930 mel-080'

2098 1839 2194 1930 τοῦ
2230 1839 2548 1947 ’Καμϐύσου
2600 1874 2701 1945 τῆς
2754 1839 3132 1946 αἰχμαλωσίας
3181 1874 3272 1930 τὸν
3325 1874 3563 1945 Ἰσραὴλ,
3593 1839 3686 1926 ὀὐ

407 1968 570 2038 lymis
599 1969 666 2025 de
700 1968 841 2023 tribu
883 1966 1020 2023 Juda
1068 1968 1438 2038 regnantibus.
1488 1966 1607 2022 Non
1665 1967 1810 2023 enim
1854 1965 1987 2025 ultra

2095 1964 2420 2037 κεχρίκασιν
2466 1967 2527 2019 ὲν
2576 1966 2865 2038 Σαμαρείᾳ
2910 1967 3038 2030 τοὺς
3075 1968 3141 2020 ὲκ
3186 1965 3364 2036 φυλῆς
3419 1963 3681 2035 Ἐφρατμ,

402 2058 621 2113 divisim
677 2058 1013 2121 habitabant,
1055 2058 1148 2112 sed
1179 2056 1573 2129 Hierosolymis
1616 2057 1875 2113 universi.
1909 2056 1987 2112 ln-

2092 2055 2208 2110 ἀλλ’
2237 2055 2326 2125 ὑφ’
2348 2054 2446 2109 ἕνα
2477 2056 2677 2121 πάντες
2701 2059 2958 2126 γεγόνασι
2983 2057 3171 2126 ζυγὸν,
3204 2056 3594 2127 βασιλευόντων
3622 2057 3683 2107 ἐν

400 2149 530 2221 cipit
563 2130 743 2204 autem
775 2149 984 2218 primus
1014 2158 1140 2218 post
1164 2149 1536 2220 captivitatem
1567 2157 1751 2203 tenere
1771 2158 1985 2203 utrum-

2099 2146 2498 2219 Ἱεροσολύμοις
2525 2149 2633 2203 τῶν
2655 2149 2713 2216 ἐξ
2747 2148 2916 2203 ’ἰούδα
2943 2150 3136 2220 φυλῆς.
3168 2149 3542 2220 Κατῳκήκασι
3572 2147 3686 2217 γὰρ

402 2250 510 2303 que
536 2251 785 2306 regnum,
832 2234 1022 2302 Israel,
1053 2241 1297 2305 Inquam,
1326 2247 1377 2291 et
1409 2235 1574 2305 luda,
1597 2237 1713 2292 sive
1744 2226 1985 2292 omnium

2086 2238 2275 2293 οὐκέτι
2350 2240 2719 2313 διῃρημένως,
2804 2241 2920 2295 ἀλλ’
2974 2243 3032 2295 ὲν
3103 2243 3216 2304 τοῖς
3286 2239 3684 2313 Ἰεροσολύμοις

398 2326 686 2382 duodecim
749 2326 1012 2392 tribuum,
1070 2328 1373 2384 Zorobabel
1429 2328 1576 2385 illius
1631 2326 1894 2385 Salatbiel
1928 2329 1987 2386 de

2099 2329 2358 2394 ἅπαντες.
2390 2332 2652 2402 ΙἈρχεται
2675 2330 2732 2385 δὲ
2773 2332 2985 2404 πρῶτος
3022 2331 3162 2403 μετὰ
3206 2333 3331 2395 τοὺς
3364 2331 3465 2401 τῆς
3514 2331 3683 2399 αίχμ-

399 2418 542 2472 tribu
593 2415 731 2474 Jnda
757 2418 824 2481 ³⁸,
855 2417 984 2474 Jesu
1016 2418 1126 2474 ﬁlio
1170 2418 1397 2478 Josedec
1474 2420 1719 2490 principe
1784 2421 1987 2477 ordinis

2099 2422 2338 2488 αλωσίας
2369 2424 2594 2495 καιροὺς
2619 2423 2721 2494 τῆς
2750 2425 2838 2477 ἐπ’
2871 2426 3075 2495 ἀμφοῖν
3118 2424 3421 2496 βασιλείας,
3451 2423 3595 2493 φημὶ
3618 2420 3688 2490 δὴ

397 2505 642 2575 Levitici,
678 2518 733 2566 et
772 2512 969 2566 summi
1011 2510 1299 2568 sacerdotii
1349 2511 1718 2567 ministerium
1762 2512 1987 2568 admini-

2097 2514 2197 2568 τοῦ
2234 2533 2295 2569 τε
2336 2515 2553 2587 Ἰσραὴλ
2604 2516 2700 2569 καὶ⁵
2741 2516 2836 2569 τοῦ
2877 2516 3070 2581 Ἰούδα,
3121 2516 3239 2587 ῆτοι
3290 2514 3480 2569 πασῶν
3507 2511 3686 2576 ἁπαξ-

403 2608 634 2655 strante.
2095 2602 2282 2667 απλῶς
2307 2603 2415 2657 τῶν
2441 2604 2761 2657 δυοκαίδεκα
2798 2604 2980 2674 φυλῶν
3008 2604 3311 2677 Ζοροϐάϐελ
3342 2606 3370 2658 ὁ
3400 2603 3491 2657 τοῦ
3508 2604 3685 2656 Σαλα.

399 2693 614 2765 θιὴλὲκ
642 2686 817 2766 φυλῆς
859 2693 1051 2761 Ἰούδα,
1083 2694 1196 2751 τῶν
1266 2696 1575 2752 Λευιτῖκῶν
1644 2694 2059 2768 καθηγουμένου
2095 2697 2414 2768 ταγμάτων,
2470 2698 2566 2752 καὶ
2619 2702 2719 2770 τήν
2766 2698 2868 2768 τῆς
2928 2697 3343 2771 ἀρχιερωσύνης
3398 2694 3685 2752 διέποντος

396 2788 744 2863 λειτουργίαν
804 2790 981 2862 Ἰησοῦ
1029 2789 1127 2844 τοῦ
1188 2790 1454 2858 Ἰωσεδὲκ,
1505 2790 1600 2845 τοῦ
1651 2791 1843 2863 ἱερέως
1892 2791 1988 2846 τοῦ
2026 2792 2286 2862 μεγάλου.

471 2879 639 2937 νεκε.
671 2882 761 2949 11,
798 2882 888 2938 12.
919 2882 1063 2948 Quia
1093 2884 1462 2954 multiplicauit
1508 2884 1763 2956 Eplimim
1793 2887 1987 2941 altaria

2164 2888 2293 2941 Ὅτι
2368 2886 2715 2953 ἐπλήθυνεν
2794 2886 3046 2957 Ἐφραῒμ
3109 2882 3510 2953 θυσιαστήρια
3589 2886 3683 2950 εις

393 2975 450 3030 in
474 2975 869 3046 peccataJarta
900 2983 1023 3029 sunt
1049 2976 1097 3029 ei
1121 2978 1319 3032 altaria
1347 2977 1563 3032 dilecta.
1591 2977 1902 3032 Describam
1940 2983 1987 3037 ei

2090 2978 2402 3048 ἁμαρτίας,
2453 2977 2733 3049 ἐγένοντο
2779 2978 2940 3044 αὐτῷ
2989 2976 3391 3046 θυσιαστήρία
3441 2977 3681 3046 ἠγαπη-

394 3068 807 3135 πιιιιιὶιιιάὶιιεηι,
849 3079 896 3125 et
921 3069 1156 3140 legitima
1184 3086 1385 3127 eorum.
1417 3068 1483 3126 In
1517 3069 1692 3128 aliena
1730 3081 1969 3141 repntata

2086 3070 2261 3138 μέγα.
2293 3068 2667 3140 Καταγράψω
2716 3069 2876 3136 αὐτῷ
2906 3069 3161 3141 πλῆθος,
3218 3068 3316 3122 καὶ
3345 3069 3418 3123 τὰ
3456 3067 3683 3136 νόμιμα

394 3170 518 3216 sunt
546 3163 595 3217 ei
618 3160 819 3216 altaria
846 3163 1059 3219 dilecta.

2086 3157 2307 3213 αὐτῶν.
2357 3161 2461 3225 Είς
2488 3161 2777 3228 ἀλλότρια
2809 3162 3224 3232 ἐλογίσθησαν
3254 3157 3416 3225 αὐτῷ
3461 3161 3682 3212 θυσια-

2081 3250 2303 3321 στήρια
2332 3236 2405 3305 τὰ
2426 3251 2804 3322 ﬁrmauit-Era.

465 3312 624 3394 χαι.
652 3337 885 3395 Causam
917 3338 1146 3411 profert,
1184 3350 1407 3413 propter
1444 3356 1609 3413 qnam
1656 3341 1802 3412 iuste
1829 3353 1983 3410 pote-

2150 3312 2265 3413 ιιῖιο.
2323 3312 2645 3414 Ἐξηγείταῖ
2679 3341 2777 3415 τὴν
2820 3340 3023 3408 αἰτίαν,
3075 3339 3141 3396 δι’
3187 3340 3254 3412 ἢν
3302 3338 3523 3403 εἰκότως
3559 3337 3680 3401 τοῖς

395 3429 673 3513 σαεξ-θεῖε
699 3430 917 3486 tollatur
940 3431 992 3486 in
1015 3431 1505 3503 posterum.Longe
1523 3433 1755 3503 plurima
1780 3434 1981 3505 quippe

393 3519 588 3574 altaria
613 3519 667 3574 in
691 3527 933 3590 peccata,
950 3535 1044 3577 seu
1071 3521 1151 3577 ad
1172 3523 1507 3592 peccandum
1540 3523 1672 3579 fecit
1699 3524 1978 3594 Epitraim.

395 3609 660 3688 Tangitur
690 3612 839 3682 prior
865 3611 1177 3683 Jeroboam,
1207 3613 1301 3686 qui
1334 3614 1401 3670 de
1428 3612 1569 3671 tribu
1602 3615 1856 3685 prraim
1885 3632 1981 3671 na-

396 3709 483 3759 tus
507 3704 770 3773 regnavit,
807 3712 864 3760 et
898 3705 990 3776 qui
1021 3720 1148 3761 eum
1179 3702 1372 3762 ordine
1401 3716 1755 3776 exceperunt,
1777 3707 1979 3779 quique

392 3792 450 3867 in
485 3792 634 3869 omni
676 3803 861 3850 monte
883 3802 938 3849 et
963 3795 1106 3851 colle
1137 3809 1264 3851 aras
1297 3795 1634 3853 daemonibus
1659 3805 1976 3864 erexerunt,

392 3893 450 3946 ct
501 3883 772 3963 lsraelitas
803 3885 872 3941 ad
923 3886 1345 3963 sacriﬁcandum
1386 3887 1740 3945 induxerunt.
1773 3888 1981 3946 Deinde

311 3957 517 4033 cum
530 3990 692 4045 super
705 3957 842 4034 adeo
862 3979 1098 4037 infandis
1124 3957 1457 4037 facinoribus
1486 3980 1669 4037 dolere
1696 3974 1977 4046 deberent,

388 4084 421 4121 ι
442 4060 869 4139 multiplicat-unt
902 4071 1052 4128 enim
1083 4071 1277 4127 altaria
1311 4072 1366 4129 in
1404 4083 1683 4143 peccata,»
1707 4069 1978 4137 fecerunt,

394 4159 590 4230 inquit,
610 4161 816 4219 etiam:
844 4162 1073 4231 dilecta,
1105 4172 1161 4220 et
1191 4164 1414 4234 insuper
1436 4163 1493 4220 in
1518 4160 1695 4219 aliena
1728 4173 1981 4235 reputata

391 4256 523 4305 sunt
540 4248 634 4317 illi,
648 4269 668 4304 ι
696 4250 884 4322 utique
902 4251 1210 4333 prralm,c
1224 4251 1415 4308 altaria
1440 4252 1984 4324 dilectanSigniticat

392 4337 553 4410 plane
584 4339 636 4395 in
668 4340 837 4396 veteri
856 4340 1225 4409 tabernaculo,
1252 4342 1367 4398 sive
1392 4339 1786 4414 Hierosolymis
1817 4344 1871 4399 in
1900 4343 1983 4399 di-

390 4431 518 4486 vino
537 4429 732 4502 templo
760 4432 954 4502 posita.
979 4426 1151 4487 Erant
1172 4440 1354 4488 autem
1380 4431 1509 4498 duo,
1537 4446 1702 4488 unum
1736 4432 1981 4505 victima-

386 4537 513 4577 rum
564 4524 616 4578 in
663 4523 842 4596 primo
893 4538 989 4581 seu
1025 4525 1303 4580 exteriore
1346 4524 1718 4591 tabernaculo,
1749 4524 1980 4582 alterum

395 4611 761 4692 thymiamatis
786 4628 1032 4678 aureum,
1059 4613 1114 4668 in
1145 4612 1388 4670 secundo
1412 4621 1468 4667 et
1494 4614 1690 4670 intimo
1724 4615 1975 4670 taberna-

392 4703 516 4760 culo
533 4702 599 4759 ³³.
633 4686 797 4759 Multa
833 4704 998 4777 igitur
1019 4717 1218 4775 regum
1241 4703 1707 4772 Ephraimitarum
1728 4704 1974 4762 scelera:

392 4795 629 4865 primum
662 4796 901 4866 quidem,
932 4794 1058 4864 quia
1083 4793 1516 4865 multiplicarunt
1543 4794 1735 4853 altaria
1767 4795 1823 4852 in
1854 4811 1977 4868 pec-

395 4895 553 4945 cata;
583 4893 791 4954 postea,
818 4868 944 4953 quia
973 4893 1030 4941 et
1067 4882 1263 4939 dilecta
1294 4883 1566 4952 fecerunt,
1600 4882 1671 4940 ob
1717 4900 1837 4954 quae
1858 4887 1981 4957 jure

395 4974 684 5029 lamentari
713 4983 768 5029 et
800 4964 986 5046 lugere
1023 4973 1357 5042 debuissent,
1390 4984 1448 5031 ut
1478 4977 1572 5049 qui
1605 4976 1776 5034 Deum
1807 4968 1980 5035 offen—

394 5069 633 5135 dissent;
688 5075 745 5123 et
781 5067 927 5136 quod
970 5066 1148 5138 majus
1185 5074 1292 5134 est,
1326 5076 1387 5122 ut
1425 5068 1517 5138 qui
1571 5068 1624 5124 in
1669 5071 1978 5127 vecordiam

394 5161 679 5228 abiissent,
724 5159 1010 5237 alienaque
1045 5159 1326 5216 duxissent
1375 5159 1572 5217 dilecta
1597 5160 1814 5230 altaria,
1858 5179 1980 5236 quae

325 5262 333 5271 ‘
397 5253 534 5310 adeo
557 5252 786 5324 diligere
828 5259 884 5325 et
904 5250 1052 5306 omni
1082 5252 1387 5308 reverentia
1404 5252 1657 5323 prosequi
1686 5255 1977 5311 convenie-

396 5345 508 5401 bat.
540 5343 886 5416 lnterjectum
920 5351 1004 5401 est
1040 5352 1260 5399 autem:
1292 5363 1311 5397 ι
1334 5343 1672 5413 Describam,
1720 5360 1816 5402 seu
1845 5361 1979 5403 cun-

398 5434 632 5490 scribam
660 5435 719 5509 ei
743 5434 1142 5509 multitudinem
1165 5446 1221 5490 et
1245 5434 1485 5511 legitima
1516 5436 1653 5507 ejus.
1673 5456 1695 5492 ι
1731 5436 1976 5505 Quonam

398 5526 607 5584 sensu?
640 5526 801 5599 ι,εά
827 5525 1218 5605 Multitudinem
1258 5528 1403 5585 enim
1454 5528 1745 5595 altarium,
1778 5529 1975 5600 inquit,

400 5617 456 5674 in
496 5628 719 5689 peccata
748 5621 816 5676 ab
860 5619 996 5692 ipsis
1029 5629 1487 5678 constructorum.
1523 5630 1579 5679 et
1605 5621 1847 5694 legitima
1890 5618 1978 5680 eo-

471 5789 520 5827 “
546 5789 749 5852 lEsdr.
779 5806 859 5861 Ill,
892 5789 948 5850 8.
1022 5793 1067 5827 ³¹
1106 5792 1277 5850 Exod.
1319 5808 1408 5861 ιι,
1436 5792 1526 5849 27.

2080 3435 2425 3507 βασιλεύουσι
2465 3437 2527 3489 τὸ
2575 3435 2968 3489 ἅποπεσεῖσθαι
2996 3435 3095 3504 τῆς
3120 3434 3295 3506 ἀρχῆς
3324 3432 3454 3496 δεῖν,
3481 3430 3681 3500 ἐπιφέ-

2082 3544 2162 3598 ρει
2185 3526 2389 3582 λοιπόν.
2419 3522 2652 3580 Πλεῖστα
2674 3526 2774 3598 μὲν
2804 3526 2912 3596 γὰρ
2939 3526 3038 3580 ὅσα
3072 3524 3455 3595 θυσιαστήρια,
3489 3521 3557 3575 τὰ
3592 3524 3681 3586 είς

2078 3619 2357 3691 ἁμαρτίας
2381 3617 2680 3688 πεποίηται
2711 3616 2789 3688 τῷ
2825 3617 3083 3687 Ἐφραῖμ.
3121 3617 3319 3669 ’Ἃπτει
3355 3614 3412 3668 δὲ
3450 3617 3478 3668 ὁ
3513 3612 3679 3682 λόγος

2078 3710 2174 3764 καὶ
2195 3710 2288 3764 ἐπὶ
2316 3709 2408 3765 τὸν
2433 3710 2650 3779 πρῶτον
2686 3709 2992 3780 Ἱεροὸοαμ,
3025 3709 3115 3764 τὸν
3143 3710 3206 3763 ὲκ
3231 3706 3405 3778 φυλῆς
3420 3704 3620 3776 Ἐφραῒ
3634 3724 3681 3776 μ

2081 3798 2498 3871 βασιλεύσαντα,
2532 3798 2629 3852 καὶ
2659 3801 2778 3870 μετ’
2810 3802 3020 3854 ἐκεῖνον
3055 3801 3137 3864 είς
3174 3800 3299 3862 τοὺς
3348 3797 3569 3868 ἐφεξῆς,
3618 3796 3677 3849 οἶ

2080 3892 2141 3944 ἐν
2167 3889 2284 3962 δρει
2306 3889 2471 3944 παντὶ
2493 3890 2587 3944 καὶ
2621 3888 2794 3961 βουνῷ
2826 3890 3045 3962 βωμοὺς
3075 3890 3390 3953 ἀνιστάντες
3415 3890 3528 3952 τοῖς
3548 3886 3677 3941 δαί-

2083 3997 2230 4052 μοσι,
2262 3978 2412 4035 θύειν
2444 3978 2661 4035 ἔπειθον
2688 3981 2815 4044 τοὺς
2840 3981 2900 4049 ἐξ
2949 3982 3182 4053 Ἰσραήλ.
3214 3975 3347 4034 Εἶτα
3379 3979 3680 4033 λυπεῖσθαί

2079 4066 2196 4120 δέον
2221 4067 2312 4120 ἐπὶ
2337 4069 2452 4132 τοῖς
2472 4066 2642 4133 οὕτως
2663 4069 2914 4135 ὲκτόποις
2933 4071 3184 4142 ὲπιχειρή
3193 4086 3380 4142 μασιν,
3415 4090 3435 4122 ι
3466 4069 3679 4140 Ἐπλή-

2080 4146 2246 4211 θύναν
2269 4156 2378 4228 γὰρ
2402 4158 2762 4233 θυσιαστήρια
2784 4160 2855 4215 τὰ
2874 4161 2953 4226 είς
2970 4161 3263 4233 ἁμαρτίας,
3279 4181 3296 4214 ι
3321 4162 3673 4233 ἐποιήσαντο,

2080 4248 2269 4322 φησὶν,
2307 4249 2446 4305 αὐτὰ
2476 4251 2573 4304 καὶ
2611 4271 2629 4304 ι
2669 4252 3051 4324 Ἦγαπημένα,
3085 4254 3179 4307 καὶ
3200 4251 3426 4323 προσέτι
3458 4249 3676 4313 τούτοις

2081 4342 2161 4405 εις
2212 4340 2471 4413 ἀλλότρια
2516 4343 2877 4416 ἐλογίσθησαν
2903 4343 3053 4416 αὐτῷ
3154 4343 3342 4416 (δῆλον
3373 4342 3430 4396 δὲ
3459 4342 3542 4395 ὅτι
3595 4340 3675 4411 τῷ

2095 4430 2379 4504 Ἐφραίμ)
2436 4432 2803 4506 θυσιαστήρια
2862 4432 2931 4489 τὰ
2984 4429 3557 4504 ἠγαπημένα.ιΔηλοῐ
3612 4427 3674 4483 δὲ

2086 4521 2309 4586 πάντως
2333 4522 2400 4577 τὰ
2424 4523 2483 4577 ὲν
2511 4526 2579 4595 τῇ
2611 4524 2817 4596 ἀρχαία
2841 4527 3037 4596 σκηνῇ,
3066 4524 3234 4595 ἤγουν
3260 4524 3319 4577 ὲν
3345 4524 3460 4585 τοῖς
3504 4521 3672 4590 Ἰερο-

2089 4613 2364 4685 σολύμοις,
2419 4614 2478 4668 ὲν
2520 4614 2600 4687 τῷ
2637 4614 2767 4686 θείῳ
2799 4613 3034 4686 κείμενα
3082 4613 3217 4684 ναῷ.
3270 4612 3374 4666 Δύο
3433 4610 3489 4664 δὲ
3526 4605 3675 4680 ἦσαν

2085 4707 2266 4772 ταυτὶ,
2286 4705 2347 4759 τὸ
2370 4705 2468 4778 μὲν
2493 4706 2603 4761 τῶν
2635 4705 3044 4778 καρπωμάτων,
3079 4708 3137 4761 ὲν
3162 4707 3228 4776 τῇ
3256 4702 3447 4775 πρώτῃ
3472 4703 3669 4773 σκηνῇ.

2082 4798 2143 4852 τὸ
2175 4798 2233 4852 δὲ
2268 4798 2457 4870 ἕτερον
2486 4796 2584 4852 τοῦ
2614 4796 2959 4870 θυμιάματος
2982 4799 3042 4851 τὸ
3065 4794 3324 4869 χρυσοῦν,
3357 4796 3413 4848 ἐν
3441 4797 3507 4867 τῇ
3547 4793 3673 4846 δευ-

2078 4891 2236 4963 τέρᾳ,
2266 4893 2362 4946 xa't
2383 4890 2659 4945 ἐσωτάτω.
2682 4889 2861 4945 Πολλὰ
2884 4887 3175 4960 τοιγαροῦν
3203 4888 3312 4941 τῶν
3342 4884 3401 4953 ἐξ
3429 4881 3674 4955 Ἐφραῒμ

2080 4983 2547 5056 βεδασιλευκότων
2609 4981 2679 5036 τὰ
2733 4980 3074 5052 ἐγκλήματα·
3128 4977 3349 5050 πρῶτον
3418 4975 3518 5047 μὲν
3584 4975 3672 5028 ὅτι

2077 5076 2388 5148 ὲπλήθυναν
2430 5058 2793 5147 θυσιαστῆρια
2827 5076 2908 5138 είς
2939 5072 3248 5144 ἁμαρτίαςο
3295 5065 3416 5123 εἶτα
3452 5068 3533 5121 ὅτι
3573 5067 3670 5119 καὶ

2076 5166 2413 5239 ὴγαπημένα
2455 5166 2800 5239 πεποίηνται,
2834 5164 2924 5231 τὰ,
2954 5164 3041 5234 ἐφ’
3077 5157 3160 5226 οἷς
3182 5158 3250 5234 ἦν
3283 5160 3432 5224 εἰκὸς
3469 5157 3671 5228 ὀλοφύ-

2084 5257 2275 5330 ρεσθαι
2305 5258 2400 5313 καὶ
2436 5248 2676 5329 θρηνεῖν,
2725 5257 2802 5319 ὡς
2842 5251 3360 5327 προσκεκρουκότας
3393 5266 3406 5281 ·
3462 5247 3559 5302 καὶ
3607 5246 3671 5299 τὸ

2083 5349 2165 5403 ἔτι
2198 5348 2407 5418 μεῖζον,
2439 5349 2517 5414 ὡς
2541 5346 2962 5412 ἀπονενευκότες
2985 5346 3065 5409 εἰς
3090 5344 3369 5408 ἀπόνοιαν,
3408 5339 3671 5409 ἀλλότρια

2084 5440 2410 5513 πεποίηνται
2456 5440 2528 5494 τὰ
2579 5438 2915 5511 ὴγαπημένα
2947 5436 3348 5507 θυσιαστήρια,
3396 5431 3441 5486 ἃ
3495 5430 3669 5501 ἐχρῆν

2082 5530 2258 5598 οὕτως
2291 5533 2514 5604 ἀγαπᾷν
2556 5531 2653 5585 καὶ
2694 5530 2755 5583 ὲν
2793 5528 2955 5585 παντὶ
2997 5525 3266 5582 ποιεῖσθαι
3305 5521 3670 5593 λόγῳ.Προσ-

2082 5622 2308 5695 ἔρριπτε
2340 5621 2399 5677 δὲ
2425 5621 2514 5676 διὰ
2549 5622 2716 5693 μέσου
2768 5616 2829 5674 τό
2854 5637 2868 5652 °
2907 5640 2926 5673 ι
2961 5614 3317 5689 Καταγράψω
3344 5609 3492 5683 αὒτῷ
3523 5607 3667 5681 πλῆ-
