3982 6452
271 358 381 415 2.1:)
1219 368 1782 433 COMMENTARIUS
1820 377 1885 433 lN
1930 378 2168 437 OSEAM
2212 382 2670 442 PROPHETAM.
3499 388 3614 449 2l0

274 477 395 539 υος,
421 470 522 526 καὶ
549 472 619 525 τὰ
648 476 862 544 νόμιμα
890 475 1083 530 αὑτοῦ.
1113 498 1129 530 ι
1176 482 1287 535 Καὶ
1313 483 1367 535 τί
1397 485 1642 541 τοιοῦτον
1686 470 1890 563 ύποδη-

2006 511 2145 563 rum,
2180 498 2283 553 hoc
2305 510 2410 567 eSI,
2440 512 2705 571 praeterea
2735 500 2977 573 legitima
3028 505 3269 575 ipsorum
3314 507 3610 578 sacriﬁcia,

270 565 396 629 λοῖς
438 564 513 617 Τὸ
572 565 681 636 γάρ
722 584 807 620 τοι
858 568 1085 638 πλῆθος,
1128 573 1283 644 φησι,
1341 574 1450 630 τῶν
1496 580 1576 642 είς
1623 580 1890 654 ἁμαρτίας

2010 586 2128 642 sive
2158 590 2559 647 sacriﬁciorum
2605 602 2873 662 tempora,
2898 601 2990 648 aut
3032 597 3243 661 modos,
3278 597 3476 666 quibus
3515 598 3615 653 im-

270 656 465 719 αὐτοῖς
510 658 908 727 πεποιημένων
948 658 1379 736 θυσιαστηρίων,
1426 668 1521 721 καὶ
1570 671 1640 723 τά
1694 672 1890 744 νόμιμα

2008 695 2174 751 puras
2226 685 2578 741 caerimonias
2623 688 2935 743 tractabant
2966 690 3421 758 (concidebantur
3467 696 3616 748 enim

267 750 481 813 αὐτῶν,
544 752 825 817 τουτέστι,
880 755 1048 809 πάλιν
1098 757 1199 820 τὰς
1250 759 1437 825 αὐτοῖς
1494 768 1890 838 νενομισμένας

2007 788 2172 843 super
2216 777 2497 833 frumento
2538 790 2592 833 et
2633 780 2784 849 vino,
2808 791 2863 837 et
2913 784 3018 837 alia
3055 785 3314 839 nonnulla
3367 786 3489 842 istis
3524 801 3617 841 co-

269 842 494 907 θυσίας,
537 844 659 916 ἦτοι
708 845 838 910 τοὺς
886 847 998 900 τῶν
1043 848 1248 904 θυσιῶν
1288 855 1514 921 καιροὺς
1558 856 1591 927 ἦ
1637 859 1890 931 τρόπους¹

2006 842 2170 935 gnata
2204 869 2390 927 facere
2420 873 2762 944 studebant),
2796 877 2851 932 in
2893 890 3117 950 peccata
3151 880 3280 950 ipsis
3324 891 3381 936 ct
3415 880 3613 937 delicta

268 939 397 992 καθ’
454 938 554 1003 οὒς
605 939 708 1004 τὰς
758 941 1025 1014 βεϐήλους
1077 945 1363 1017 προσῆγον
1434 948 1662 1015 τελετὰς
1721 951 1740 1015 (
1764 972 1890 1008 κατ-

2006 966 2289 1019 conscriha
2300 983 2347 1019 ιη
2358 1008 2370 1021 .

268 1029 571 1100 ετέμνοντο
606 1030 717 1101 γὰρ
764 1032 859 1084 ἐπὶ
908 1032 1041 1105 σίτῳ
1077 1035 1172 1088 καὶ
1212 1036 1363 1107 οἴνῳ,
1408 1039 1504 1092 καὶ
1545 1041 1713 1114 ἕτερα
1752 1045 1891 1099 ἅττα
1924 1048 2139 1117 τούτοις
2182 1057 2404 1113 ἐοικότα
2465 1060 2601 1133 δρᾷν
2628 1061 3009 1134 ἐσπούδαζον)
3055 1067 3137 1131 εἰς
3182 1065 3459 1139 ἁμαρτίας
3492 1066 3595 1119 αὑ-

264 1128 385 1187 τοῖς
420 1125 773 1197 καταγράψω
802 1126 873 1180 τὰ
903 1127 1251 1202 ἐγκλήματα.
2501 1125 2513 1131 1
2545 1125 2557 1133 '
2884 1125 2898 1129 ν
2990 1125 3001 1134 1
3116 1125 3129 1131 τ
3222 1125 3236 1139 '
3304 1125 3315 1139 .
3439 1125 3455 1131 v
3621 1133 3633 1223 ί

336 1216 560 1285 Χρῆμα
622 1216 686 1288 δὴ
727 1215 822 1271 οὖν
873 1223 1165 1292 σωτήριον,
1222 1223 1285 1277 τὸ
1318 1226 1429 1281 τῶν
1477 1229 1640 1284 θείων
1675 1232 1890 1304 ἔχεσθαι

2078 1239 2331 1297 Salutare
2354 1244 2539 1315 itaque
2562 1247 2764 1307 divinis
2799 1248 3066 1304 altaribus
3098 1252 3469 1318 adluercre,ct
3493 1269 3629 1322 quin.

265 1310 714 1380 θυσιαστηρίων,
762 1312 859 1365 καὶ
914 1317 1335 1384 μεταποιεῖσθαι
1387 1320 1496 1373 τῶν
1548 1324 1703 1397 παρὰ
1732 1324 1890 1393 Θεοῦ,

2006 1340 2133 1385 sunt
2188 1347 2217 1386 a
2267 1334 2400 1403 Deo,
2429 1351 2742 1406 capessere,
2781 1355 2883 1396 nec
2922 1341 3155 1395 aliorum
3190 1358 3460 1412 qua-rere,
3493 1362 3615 1415 qtise

267 1401 363 1453 καὶ
408 1401 489 1471 μὴ
526 1402 713 1471 ζητεῖν
744 1404 814 1456 τὰ
846 1404 1073 1476 ἐτέρων,
1102 1406 1139 1461 ἃ
1169 1410 1263 1463 καὶ
1286 1409 1436 1466 ἔστιν
1471 1416 1553 1477 είς
1585 1416 1889 1487 ἁμαρτίαν.

2006 1423 2056 1478 in
2083 1436 2364 1493 peccatum
2398 1438 2546 1487 sunt.
2570 1430 2681 1488 lloc
2715 1432 2920 1488 faciunt
2945 1451 3054 1491 non
3079 1436 3611 1507 sinceriChristiani,

266 1494 445 1546 Τοῦτο
525 1494 777 1549 ποιοῦσιν
829 1499 877 1551 oi
933 1499 1009 1570 μὴ
1070 1502 1312 1573 γνησίως
1378 1507 1889 1578 χριστιανίζοντες,

2006 1519 2089 1587 qui
2121 1530 2243 1589 post
2272 1522 2568 1578 salutarem
2606 1525 2937 1597 baptismum
2988 1530 3055 1583 ad
3104 1534 3531 1592 consuetudines
3558 1546 3615 1591 et

267 1589 651 1653 ἑκπὶπτοντες
699 1590 757 1643 δὲ
806 1592 949 1662 μετά
995 1593 1056 1648 τὸ
1103 1598 1375 1670 σωτήριον
1420 1600 1709 1674 βάπτισμα
1754 1606 1890 1678 πρὸς

2006 1611 2409 1670 observationes
2455 1615 2707 1672 ethnicas
2737 1617 3059 1675 delabuntur
3092 1640 3105 1677 :
3142 1624 3345 1693 quibus
3370 1641 3610 1684 consen-

267 1685 362 1754 ἔθη
414 1686 514 1737 καὶ
562 1690 989 1760 παρατηρήσεις
1044 1691 1367 1764 Ἑλληνικὰς
1396 1739 1410 1761 ,
1461 1693 1544 1764 οἷς
1597 1700 1890 1758 ἀκόλουθον

2006 1710 2221 1759 laneum
2250 1714 2334 1761 est
2365 1708 2622 1765 occinere
2647 1709 2776 1766 illud
2811 1711 2966 1766 Pauli
2994 1733 3007 1769 :
3033 1714 3180 1771 «Non
3214 1719 3440 1787 potestis
3460 1736 3613 1776 men-

264 1781 449 1832 εἰπεῖν
484 1781 549 1834 τὸ
576 1781 666 1836 διὰ
702 1783 800 1853 τῆς
840 1784 936 1838 τοῦ
978 1785 1193 1840 Παύλου
1239 1791 1463 1860 φωνῆς’
1505 1812 1523 1845 ι
1554 1794 1630 1849 Οὐ
1667 1795 1890 1851 δύνασθε

2006 1812 2081 1853 sa:
2101 1797 2312 1856 Domini
2340 1802 2636 1874 participes
2651 1818 2794 1879 esse,
2810 1815 2862 1860 et
2893 1823 3095 1863 mensa:
3110 1810 3573 1869 dmtttoniorum”.
3588 1834 3605 1867 ι

263 1872 564 1944 τραπέζης
620 1875 833 1947 Κυρίου
884 1878 1161 1950 μετέχειν,
1227 1884 1323 1936 καὶ
1365 1886 1653 1959 τραπέζης
1704 1888 1890 1960 δαιμο-

2006 1891 2313 1958 Quinetiam
2350 1896 2442 1966 qui
2477 1872 2764 1954 sceleratis
2792 1900 3065 1957 hicreticis
3098 1917 3159 1957 se
3193 1904 3524 1975 adjungunt,
3555 1918 3611 1961 et

266 1966 427 2020 νὶων.
460 1985 481 2017 ι
531 1966 645 2020 Καὶ
707 1968 817 2039 μὴν
878 1972 973 2025 καὶ
1025 1973 1076 2025 οἱ
1131 1975 1245 2039 τοῖς
1297 1976 1537 2041 ἀνοσίοις
1598 1982 1890 2053 αἱρετικοῖς

2006 1998 2123 2056 qua:
2151 1986 2293 2055 apud
2327 1987 2474 2059 ipsos
2498 1996 2649 2055 sunt,
2687 1991 2941 2048 altarium
2972 1966 3276 2066 participes.
3299 1966 3453 2064 ﬁunt,
3487 1966 3611 2069 qui-

269 2060 711 2131 συναπτόμενοι,
771 2064 871 2116 καὶ
908 2063 1017 2118 τῶν
1058 2068 1192 2137 παρ’
1241 2068 1429 2135 αὐτοῖς
1485 2070 1890 2145 θυσιαστηρίων

2006 2078 2102 2133 bus
2124 2094 2253 2135 vere
2287 2080 2341 2135 in
2379 2079 2554 2137 aliena
2583 2081 2728 2138 facta
2757 2094 2889 2140 sunt
2926 2085 3121 2141 altaria
3159 2087 3393 2153 dilecta;
3426 2090 3611 2145 multi-

270 2154 628 2224 μετέχοντες,
684 2148 766 2218 οἷς
832 2157 928 2210 καὶ
986 2160 1129 2213 κατά
1180 2159 1449 2231 ἀλήθειαν
1495 2165 1578 2231 εἰς
1631 2166 1890 2239 ἀλλότρια

2006 2170 2271 2241 plicarunt
2313 2174 2460 2231 enim
2503 2175 2607 2231 sibi
2644 2176 2838 2231 altaria
2872 2177 2926 2233 in
2966 2188 3215 2257 peccata,
3256 2181 3465 2255 Agnum
3506 2198 3608 2239 ev-

266 2246 624 2317 ὲγενήθησαν
657 2246 1029 2319 θυσιαστήρια
1055 2250 1124 2305 τὰ
1146 2253 1506 2327 ήγαπημένα.
1553 2258 1890 2333 Ἐπλήθυναν

2006 2273 2084 2320 tra
2130 2280 2349 2321 sacrum
2383 2276 2439 2324 ct
2486 2269 2731 2325 divinum
2781 2269 2947 2337 ovile,
2984 2272 3285 2331 Ecclesiam
3330 2275 3603 2342 videlicet,

265 2341 380 2411 γὰρ
442 2341 666 2405 ἑαυτοῖς
720 2341 791 2394 τὰ
842 2343 924 2407 είς
987 2344 1289 2417 ἁμαρτίας,
1353 2348 1460 2415 ἔξω
1524 2351 1748 2418 θύοντες
1804 2354 1890 2408 τὸν

2006 2359 2406 2417 sacriﬁcantes.

265 2433 469 2502 ἀμνὸν,
504 2433 607 2504 τῆς
646 2434 804 2506 ίερᾶς
850 2452 909 2489 τε
939 2439 1032 2491 καὶ
1069 2437 1223 2504 θείας
1256 2441 1450 2513 αὐλῆς,
1486 2446 1759 2514 τουτέστι,
1796 2447 1896 2518 τῆς

279 2526 647 2597 Ἐκκλησίας.

334 2618 500 2671 Διότι
555 2618 666 2671 ἐὰν
722 2620 956 2675 θύσωσι
988 2622 1230 2688 θυσίαν,
1285 2625 1386 2678 καὶ
1435 2625 1673 2696 φάγωσι
1725 2630 1890 2697 κρέα,

262 2710 489 2777 Κύριος
524 2711 600 2765 οὺ
639 2711 1043 2780 προσδέξεται
1088 2715 1261 2770 αὑτά.
1305 2718 1437 2773 Νῦν
1471 2722 1894 2791 μνησθήσεται

261 2802 376 2867 τὰς
406 2801 658 2870 ἀδικίας
693 2804 918 2872 αὐτῶν,
948 2807 1048 2861 καὶ
1092 2807 1409 2879 ἐκδικήσει
1456 2812 1562 2880 τὰς
1596 2815 1894 2886 ἁμαρτίας

260 2891 495 2946 αὐτῶν.

335 2986 458 3053 LJ".
503 2986 631 3041 Ὅτι
679 2988 942 3059 γεγόνασι
993 2992 1099 3045 καὶ
1155 2993 1538 3066 πεπλήθυνται
1587 2998 1740 3071 παρά
1793 3006 1891 3053 τοῦ

273 3080 531 3152 Ίίφραῒμ
561 3081 629 3134 τὰ
659 3082 738 3146 εἰς
767 3083 1049 3156 ἁμαρτίας
1079 3086 1467 3161 θυσιαστήρια,
1516 3091 1611 3145 καὶ
1643 3092 1731 3155 διὰ
1762 3091 1892 3145 τού·-

255 3192 371 3227 των
406 3170 471 3226 εὖ
516 3174 665 3244 μάλα
700 3175 874 3247 δηλοῖ.
920 3178 989 3231 Ἃ
1023 3179 1133 3251 γὰρ
1182 3180 1394 3246 Θύουσι,
1436 3186 1625 3256 φησὶν,
1653 3187 1715 3239 οὐ
1766 3186 1889 3256 Θεῷ
1917 3160 1961 3220 C

260 3265 499 3335 μᾶλλον,
526 3267 667 3321 ἀλλά
694 3270 810 3332 τοῖς
837 3269 946 3324 τῶν
978 3272 1217 3327 εἰδώλων
1252 3276 1509 3344 τεμένεσι
1541 3280 1670 3350 παρ’
1706 3282 1889 3336 αὐτῶν

254 3360 674 3430 προσφέρεται.
710 3361 831 3416 Κᾶν
860 3363 1193 3434 ἑορτάζωσιν
1224 3367 1317 3429 ἐπὶ
1345 3372 1466 3433 ταῖς
1491 3360 1728 3439 θυσίαις,
1760 3393 1887 3446 τρο-

255 3450 379 3517 ςῶν
408 3450 445 3518 ἣ
476 3450 662 3502 ποτῶν
685 3452 1198 3527 ἀναπιμπλάμενοι,
1247 3461 1385 3531 πρὸς
1424 3462 1558 3517 Θεὸν
1603 3464 1663 3518 τὸ
1698 3470 1890 3539 χρῆμα

253 3543 436 3596 οῷδέν.
474 3544 553 3596 Οὐ
585 3544 696 3615 γὰρ
732 3546 883 3618 αὐτῷ
919 3548 1137 3603 τελοῦσι
1179 3552 1279 3623 τὴν
1312 3556 1642 3627 πανήγυριν,
1690 3560 1773 3613 ὅτι
1817 3559 1889 3614 τά

255 3638 335 3697 εἰς
364 3635 539 3701 δόξαν
574 3637 872 3709 δαιμονίων
900 3643 1277 3714 πραττόμενα,
1316 3650 1440 3699 κατ’
1469 3648 1661 3702 οὐδένα
1684 3652 1888 3722 τρόπον

258 3732 645 3803 ππραδέξαιτο
673 3734 739 3786 ἂν
776 3735 808 3804 ἡ
838 3733 958 3788 θεία
993 3754 1052 3789 τε
1097 3737 1191 3789 καὶ
1222 3739 1499 3811 ἀκήρατος
1524 3742 1707 3810 φύσις.
1735 3745 1889 3816 [ἰαρ-

2071 2654 2238 2709 Vstts.
2270 2654 2358 2710 15.
2414 2655 2555 2720 Quia
2584 2672 2631 2711 st
2659 2655 3049 2712 mtmolaverint
3076 2658 3328 2723 hostium,
3360 2671 3406 2714 et
3432 2677 3607 2715 came—

1996 2747 2170 2802 derint
2229 2762 2452 2810 carnes,
2502 2745 2762 2802 Dominus
2831 2765 2938 2803 non
2989 2752 3238 2820 suscipiet
3295 2769 3377 2807 ea.
3447 2751 3605 2808 Num:

1997 2840 2366 2895 recordabitur
2406 2839 2719 2911 iniquitates
2748 2857 2956 2908 eorum,
2986 2851 3037 2897 et
3079 2842 3367 2899 ulciscerer
3389 2857 3607 2915 peccata

1997 2950 2205 2989 eorum.

2066 3026 2249 3083 XCIII.
2306 3026 2478 3083 Facta
2529 3035 2584 3083 et
2634 3026 2993 3100 multiplicata
3040 3045 3165 3087 esse
3219 3031 3289 3087 ab
3345 3031 3611 3102 Ephraim

1996 3120 2191 3175 altaria
2241 3121 2296 3176 in
2346 3130 2597 3188 peccata,
2657 3124 2823 3177 etiam
2878 3122 2965 3178 his
3011 3123 3291 3180 evidenter
3343 3125 3603 3181 ostendit.

1995 3214 2128 3282 Qua:
2156 3217 2304 3272 enim
2330 3215 2670 3283 sacriﬁcant,
2700 3216 2903 3286 inquit,
2937 3231 3045 3271 non
3080 3217 3191 3272 Deo
3218 3216 3412 3286 magis,
3438 3231 3602 3285 quam

1994 3307 2263 3363 idolorum
2296 3309 2543 3365 delubris
2578 3310 2646 3364 ab
2677 3310 2813 3381 ipsis
2852 3309 3183 3377 offeruntur.
3212 3311 3393 3381 Atque
3434 3311 3602 3365 etiam

1992 3396 2037 3452 si
2093 3398 2236 3453 diem
2302 3399 2507 3455 festum
2559 3400 2612 3454 in
2672 3398 2962 3455 sacrificiis
3027 3400 3152 3455 cibo
3225 3409 3320 3453 aut
3381 3400 3604 3470 potione

1991 3491 2246 3561 completi
2291 3492 2575 3557 duxerint,
2626 3492 2763 3548 nihil
2813 3493 2920 3548 hoc
2959 3491 3026 3547 ad
3060 3491 3256 3548 Deum.
3296 3489 3419 3548 Non
3451 3492 3598 3546 enim

1996 3583 2095 3651 ipsi
2146 3586 2468 3656 panegyrim
2520 3600 2617 3641 seu
2667 3584 3049 3640 celebritatem
3100 3584 3418 3643 instituunt.
3470 3584 3602 3650 Quae

1996 3688 2235 3743 namque
2268 3674 2335 3729 ad
2363 3676 2672 3731 dmutonum
2698 3674 2929 3746 gloriam
2973 3675 3130 3741 ﬁttnt,
3162 3675 3346 3729 divina
3369 3674 3598 3728 immor-

1993 3765 2228 3836 talisque
2262 3778 2457 3823 natura
2496 3769 2645 3825 nullo
2678 3769 2841 3824 modo
2867 3766 3145 3833 admittit;
3177 3767 3312 3837 quin
3343 3768 3594 3823 irritatur

261 3826 520 3889 οξύνεται
568 3826 628 3880 δὲ
684 3826 890 3897 μᾶλλον
935 3829 1011 3893 ὡς
1053 3829 1381 3905 ὑϐρισμένη.
1438 3835 1617 3889 Μόνον
1664 3837 1721 3890 δὲ
1765 3839 1889 3909 οὐχὶ

2006 3826 2195 3921 totius,
2232 3866 2292 3912 ut
2318 3857 2578 3928 iniuriam
2614 3872 2791 3928 passa,
2828 3866 2884 3913 et
2920 3865 3134 3912 tantum
3176 3872 3283 3912 nou
3322 3856 3489 3919 invita
3530 3856 3599 3912 ad

258 3921 351 3973 Jul.
377 3922 486 3991 οὐχ
518 3920 725 3975 ἑκοῦσα
751 3921 1148 3988 καταϐιάζεται
1180 3926 1320 3999 πρός
1348 3945 1412 3996 γε
1450 3929 1512 3982 τὸ
1551 3931 1752 4002 χρῆναι
1778 3931 1889 3986 λοι-

2006 3966 2184 4019 )(Bnas
2229 3952 2337 4007 huc
2383 3966 2505 4007 eam
2553 3951 2980 4021 provocantihus
3030 3966 3098 4006 ex
3153 3952 3232 4004 ira
3276 3950 3597 4023 infligentlas

254 4015 359 4066 τὴν
428 4016 552 4076 τοῖς
601 4016 684 4078 είς
733 4014 896 4069 τοῦτο
956 4017 1216 4072 καλοῦσιν
1270 4020 1443 4093 ὀργῆς
1499 4024 1728 4092 ἐπάγειν
1788 4026 1888 4091 τὰς

2006 4044 2252 4116 ttligitur,
2298 4057 2355 4101 et
2398 4046 2467 4100 ad
2516 4043 2916 4100 recordandqu
2958 4043 3026 4097 de
3073 4052 3277 4098 cmlero
3322 4044 3594 4111 omnium,

250 4110 440 4175 δίκας,
484 4110 582 4163 καὶ
606 4110 796 4164 λοιπὸν
840 4111 976 4164 ξέναι
1007 4112 1144 4183 πρὸς
1176 4113 1485 4185 ἀνάμνησιν
1529 4118 1766 4183 πάντων,
1810 4118 1888 4183 ὡς

2006 4144 2052 4189 ιι
2082 4110 2249 4192 verbo
2274 4135 2479 4200 dicam,
2509 4149 2631 4204 qua:
2659 4148 2689 4187 a
2722 4130 3166 4200 delinquentibus
3206 4133 3261 4187 in
3289 4148 3349 4188 se
3379 4143 3590 4202 patrata

249 4203 391 4266 ἔπος
450 4205 654 4267 εἰπεῖν,
705 4204 816 4257 τῶν
865 4207 980 4268 τοῖς
1032 4206 1435 4278 προσκρούουσι
1488 4211 1888 4283 πεπλημμελη-

2006 4239 2141 4282 sunt.
2172 4226 2328 4294 Quod
2357 4228 2448 4283 ubi
2482 4203 2689 4282 factum
2729 4224 2916 4289 fuerit,
2949 4225 3244 4280 vehemens
3275 4226 3381 4280 erit
3418 4225 3591 4292 furor,

252 4298 470 4365 μένων.
499 4292 577 4351 Ub
602 4297 667 4367 δὴ
698 4299 1014 4366 γεγονότος,
1047 4300 1190 4363 ὀξεῖς
1213 4302 1262 4353 οἱ
1293 4300 1478 4373 θυμοὶ,
1524 4304 1677 4376 παρὰ
1718 4306 1888 4370 πόδας

2006 4329 2120 4375 tute
2149 4292 2319 4390 pedes
2352 4318 2614 4387 vindicta,
2644 4326 2701 4373 et
2728 4333 2889 4375 nemo
2918 4318 3011 4390 qui
3036 4300 3260 4386 eripiat.
3293 4334 3311 4367 ι
3346 4315 3593 4370 Ilorren-

249 4391 285 4459 ή
344 4389 503 4458 δίκη,
541 4388 637 4441 καὶ
672 4388 850 4454 οὐδεὶς
902 4391 932 4443 ὁ
981 4390 1392 4463 ἐξαιρούμενος.
1459 4412 1479 4446 ι
1507 4395 1746 4468 Φοὸερὸν
1792 4394 1887 4453 οὖν

2006 4412 2118 4467 Ium
2150 4388 2339 4485 igitur
2387 4412 2634 4469 incidere
2696 4414 2751 4468 in
2805 4427 3002 4469 manus
3064 4411 3159 4468 Dei
3205 4409 3441 4465 viventis
3465 4408 3532 4463 ³⁸.
3567 4429 3587 4462 ι

246 4482 369 4554 ἄρα
432 4481 498 4533 τὸ
533 4482 803 4551 ἐμπεσεῖν
843 4484 923 4546 εἰς
956 4486 1148 4555 χεῖρας
1188 4485 1325 4539 Θεοῦ
1365 4486 1571 4554 ζῶντος
1599 4529 1615 4543 .
1641 4509 1660 4540 ι
1699 4492 1879 4562 Προσ-

2006 4507 2161 4563 Decet
2182 4507 2384 4577 magis,
2412 4517 2471 4562 et
2502 4508 2641 4562 citra
2672 4505 3139 4577 comparationem
3177 4504 3373 4559 melius
3402 4515 3507 4568 est,
3539 4511 3593 4557 et

245 4579 383 4646 ήκει
418 4574 481 4627 δὲ
522 4575 751 4645 μᾶλλον.
792 4576 891 4629 καὶ
917 4576 1145 4648 ἄμεινον
1176 4578 1551 4651 ἀσυγκρίτως,
1579 4583 1675 4635 καὶ
1699 4585 1883 4657 πάσης

2006 4615 2203 4655 minem
2261 4574 2423 4656 nobis
2481 4574 2813 4656 felicitatem
2863 4598 3153 4665 conciliat,
3210 4597 3324 4651 Deo
3382 4597 3590 4651 hostias

247 4670 392 4740 ἡμῖν
420 4668 733 4741 εὐημερίας
759 4668 1042 4741 πρόξενον,
1066 4671 1147 4735 τὸ,
1180 4671 1302 4744 Θεῷ
1338 4675 1640 4745 προσάγειν
1668 4675 1881 4747 θυσίας,

2006 4687 2205 4757 ιίΐεττθ,
2241 4688 2559 4759 spirituales
2587 4690 2868 4755 nimirum,
2894 4696 2952 4744 et
2985 4688 3087 4758 ipsi
3122 4686 3405 4742 celebrare
3428 4687 3593 4749 festa.
3620 4712 3624 4722 ι

248 4761 653 4831 πνευματικὰς
702 4761 975 4833 δηλονότι,
1035 4764 1131 4818 καὶ
1181 4766 1332 4837 αὐτῷ
1371 4766 1617 4838 πληροῦν
1663 4770 1878 4841 ἑορτὰς,

2006 4783 2153 4837 vitam
2188 4792 2339 4838 recte
2371 4783 2731 4849 instituendo,
2763 4789 2819 4837 et
2844 4781 2928 4837 vel
2958 4781 3213 4837 minimas
3234 4780 3405 4836 animi
3436 4779 3557 4836 labe
3580 4792 3604 4827 δ

244 4853 510 4909 διαϐιοῦν
533 4853 719 4926 ὀρθῶς
752 4856 1091 4928 ᾑρημένους,
1127 4858 1223 4912 καὶ
1255 4859 1317 4911 τὸ
1341 4860 1483 4916 κατά
1506 4877 1559 4914 τι
1580 4859 1715 4932 γοῦν
1744 4862 1882 4927 ὅλως

2006 4891 2212 4933 II'OI'SIIS
2242 4876 2580 4946 repellenda.

246 4948 581 5003 διαπίπτειν
616 4947 1159 5014 ἀποσπουδάζοντας.

316 5039 507 5094 Αὐτοὶ
558 5040 629 5093 δὲ
693 5045 785 5107 εἰς
830 5043 1143 5113 Αἴγυπτον
1188 5043 1607 5117 ἀπέστρεψαν,
1659 5050 1760 5105 και
1806 5050 1877 5105 ἐν

2058 5056 2219 5128 125
2251 5055 2364 5125 Ipsi
2398 5072 2519 5113 vero
2558 5057 2613 5111 in
2656 5054 2953 5127 zEgyptum
2990 5053 3226 5111 conversi
3254 5060 3399 5117 sunt,
3439 5061 3487 5106 et
3529 5051 3586 5104 in

262 5134 621 5204 'Acm'vpiorc
642 5134 949 5202 ἀκάθαρτα
975 5134 1293 5205 φάγονται.

2006 5147 2217 5217 Issyriis
2245 5149 2521 5202 immunda
2554 5147 2848 5203 comedent.

326 5232 447 5294 LA’.
481 5227 741 5280 Δίτιᾶται
768 5227 956 5294 πάλιν,
978 5229 1054 5293 ὡς
1074 5230 1384 5285 ἀνούστατά
1415 5249 1474 5286 τε
1523 5234 1618 5288 καὶ
1643 5236 1875 5301 ἀνοσίως

2054 5238 2237 5296 XCIV.
2296 5239 2535 5295 Rursum
2586 5253 2685 5295 eos
2733 5237 2789 5294 in
2831 5236 3262 5329 reprehensione
3300 5230 3473 5329 ponit,
3524 5239 3580 5283 ut

248 5320 463 5391 κομιδῇ
518 5318 716 5392 διαζῇν
769 5322 1079 5390 ἐθέλοντας,
1120 5324 1216 5377 καὶ
1259 5324 1493 5380 εἰσάπαν
1533 5328 1873 5400 ἠγνοηκότας

2006 5331 2072 5401 [ui
2134 5330 2585 5400 insipientissitne
2636 5337 2694 5385 et
2748 5328 3079 5398 impiissime
3144 5324 3310 5380 vitam
3372 5320 3582 5421 agitare

246 5414 356 5484 τὴν
380 5414 483 5465 τοῦ
516 5413 900 5485 συμφέροντος
925 5416 1136 5487 τρίὸον.
1186 5416 1330 5487 Ἐγὼ
1361 5418 1462 5489 μὲν
1508 5419 1638 5492 γὰρ,
1680 5423 1869 5494 φησὶν,

2006 5424 2393 5489 :onstituerint,
2435 5432 2493 5478 et
2539 5421 2635 5495 qui
2684 5421 2937 5478 semitam
2974 5416 3228 5481 utilitatis
3272 5413 3593 5508 ignorat-int

248 5508 338 5569 εις
376 5504 545 5558 τοῦτο
572 5504 804 5577 γνώμης
845 5507 1247 5579 ὲνηνεγμένους
1286 5510 1497 5575 λοιπὸν,
1546 5512 1871 5583 ὑπενεγκεῖν

2006 5521 2223 5575 lenitus.
2261 5517 2375 5588 Ego
2421 5516 2669 5587 quidem,
2703 5513 2907 5585 inquit,
2949 5513 3005 5567 in
3041 5525 3161 5567 eam
3202 5520 3440 5565 mentem
3464 5506 3574 5577 jam

248 5598 541 5670 ἠπείλησα
574 5598 698 5663 ταῖς
724 5601 939 5670 ὀργαῖς,
974 5602 1070 5654 καὶ
1103 5602 1417 5674 ἐκδικήσειν
1454 5604 1554 5669 τὰς
1593 5606 1871 5678 ἁμαρτίας

2006 5610 2176 5667 lelatis
2208 5612 2407 5666 iratum
2451 5610 2571 5668 fore
2600 5622 2688 5664 me
2714 5607 3082 5664 comminatus
3117 5619 3264 5670 sum,
3298 5613 3354 5659 et
3396 5602 3578 5658 vindi-

246 5691 468 5755 αὐτῶν,
519 5692 615 5745 καὶ
673 5694 1199 5767 ἀναμνησθήσεσθαι
1247 5696 1431 5762 πάσας
1484 5697 1585 5764 τὰς
1638 5701 1871 5773 ἀνομίας

2006 5713 2226 5760 :aturum
2267 5711 2494 5774 peccata
2550 5716 2765 5764 eorum.
2823 5710 2879 5759 et
2924 5699 3340 5758 recordaturum
3386 5707 3578 5753 omnes

2306 5852 2333 5867 ε

332 5870 428 5927 ³³1
467 5870 596 5927 Cor.
637 5889 690 5940 χ,
719 5872 813 5928 εο.
892 5875 937 5906 ³⁸
971 5870 1134 5932 llchr.
1176 5892 1230 5946 κ,
1264 5877 1353 5933 5].
