3982 6456
425 391 524 448 ΕΗ

1461 394 1518 451 S.
1561 394 1837 453 CYRILLI
1870 394 2343 458 ALEXANDRINI
2388 403 2705 466 ARCllIEP.

3599 416 3708 472 Ξ.)ῖῖ

429 511 749 582 iniquitates
806 524 1016 568 corum.
1072 512 1141 569 Et
1192 512 1510 585 incipiebat,
1563 516 1707 586 quod
1767 517 2011 574 futurum

2136 521 2317 577 ιὺτῶν.
2342 523 2453 578 Καὶ
2482 519 2549 595 ἦν
2574 525 2633 578 ἐν
2669 526 2865 597 ἀρχαῖς
2895 525 2955 579 τὸ
2982 525 3355 599 συμϐήσεσθαι
3393 532 3704 602 ’προσδοκῶ⁴

428 602 890 673 exspectabatur,
952 612 1194 661 terrente
1244 604 1358 674 jam
1410 605 1666 663 lsraelcm
1721 608 1901 677 bello,
1957 619 2012 665 et

432 696 604 751 ferme
632 696 744 766 jam
775 697 1113 767 provinciam
1147 697 1461 755 invadente.
1501 699 1705 756 Deinde
1739 714 1861 757 cum
1887 715 2009 771 sup-

431 786 683 856 plicando
712 796 769 843 et
811 789 1185 861 resipiscendo
1230 789 1401 845 Deum
1446 790 1698 862 mitigare
1729 792 2010 856 deberent,

433 880 698 951 aliterque
731 882 799 936 ad
840 881 956 950 ejus
994 881 1390 951 beneplacitum
1423 884 1649 947 erudiri,
1693 893 1748 939 et
1788 899 2016 939 conver-

435 974 589 1027 sione
634 973 700 1026 ad
754 972 976 1029 meliora
1023 974 1156 1028 iram
1189 975 1429 1042 ejusdem
1477 973 1720 1039 ﬂectere,
1759 986 2013 1043 tanquam

434 1063 502 1118 ad
542 1063 889 1120 utilissimum
921 1065 1201 1135 quiddam,
1238 1079 1293 1124 et
1326 1069 1470 1122 unde
1517 1067 1745 1122 liberari
1773 1077 2016 1137 possent,

438 1156 614 1211 aversi
646 1165 775 1212 sunt
800 1156 855 1211 in
883 1156 1199 1228 IEgyptum,
1234 1158 1509 1213 hominem
1544 1157 1881 1230 Egyptium,
1911 1175 2016 1212 non

437 1244 629 1312 Deum,
689 1249 933 1303 subsidio
981 1261 1259 1313 vocantes,
1310 1267 1330 1300 ‹
1365 1263 1562 1304 carnes
1609 1264 1874 1319 equorum
1893 1250 1960 1317 ⁸⁸,
1994 1270 2013 1303 ι

435 1338 590 1407 juxta
623 1338 983 1410 Scripturam.
1022 1360 1040 1393 ι
1071 1341 1231 1410 Atqui
1261 1353 1366 1395 non
1400 1340 1637 1396 salvabit
1665 1355 1763 1395 rex
1796 1351 2021 1413 propter

442 1431 666 1486 multam
711 1434 990 1499 virtutem,
1041 1443 1097 1489 et
1150 1436 1302 1507 gigas
1353 1452 1459 1493 non
1510 1436 1743 1493 salvabit
1801 1447 2023 1508 propter

441 1526 841 1582 multitudinem
906 1526 1241 1585 fortitudinis
1306 1546 1455 1599 suae;
1505 1529 1669 1586 fallax
1730 1547 1903 1601 equus
1954 1532 2023 1587 ad

436 1618 671 1675 salutem
692 1619 760 1674 ³⁸.
791 1619 1000 1677 Bonum
1035 1622 1312 1679 conlidere
1338 1623 1392 1679 in
1416 1622 1668 1691 Domino,
1698 1639 1860 1695 quam
1895 1639 2025 1679 con-

436 1711 609 1768 lidere
641 1713 695 1768 in
730 1713 1043 1771 hominibus
1065 1713 1133 1771 ⁸⁷.
1164 1733 1182 1766 ι
1218 1712 1363 1770 Nihil
1391 1726 1574 1770 autern
1608 1716 1687 1770 eis
1718 1724 1827 1769 tam
1857 1724 2025 1770 teme-

439 1805 646 1861 rarium
707 1806 993 1862 consilium
1054 1806 1347 1877 profuisse,
1409 1808 1545 1875 ipsa,
1612 1806 1807 1877 inquit,
1863 1819 2026 1876 expe-

440 1990 703 2060 Assyrios
737 2000 902 2061 atque
942 1991 1154 2057 Medos,
1197 2010 1216 2045 ι
1247 1993 1320 2047 ibi
1354 1991 1629 2046 immunda
1661 1991 1963 2053 comedent,
1999 2008 2018 2041 ι

443 2082 547 2137 hoc
573 2092 681 2149 est,
708 2098 881 2137 aevum
912 2087 1199 2140 traducent
1234 2084 1438 2154 rejecta
1477 2099 1596 2153 quae
1621 2084 1864 2140 restabat
1896 2100 2025 2155 erga

443 2177 615 2249 legem
650 2179 973 2243 reverentia,
1024 2189 1080 2233 et
1112 2179 1330 2250 quidvis
1370 2178 1507 2234 citra
1553 2192 1768 2233 omnem
1800 2191 2027 2246 scrupuo

443 2271 552 2325 lum
586 2271 951 2327 comedentes.
992 2270 1099 2326 Sed
1149 2270 1373 2342 objiciet
1418 2270 1654 2325 fortasse
1701 2269 1968 2338 quispiam
2006 2285 2023 2322 :

441 2359 726 2428 Quomodo
782 2361 887 2416 hoc
938 2359 1194 2430 scrupulo
1234 2374 1357 2416 esse
1413 2358 1672 2415 Israelitis
1720 2359 1928 2425 potuit,
1976 2359 2022 2413 si

442 2449 665 2522 quidem
698 2449 866 2508 falsos
905 2451 1035 2507 deos
1068 2451 1324 2507 colendos
1346 2450 1741 2521 susceperant?
1771 2448 2022 2519 Respon-

444 2545 636 2600 demus
695 2544 836 2602 huic.
872 2543 1205 2614 quaaslioni,
1260 2542 1314 2597 in
1364 2555 1610 2598 errorem
1668 2556 1727 2597 se
1785 2541 2026 2597 induisse

443 2637 827 2703 concorditer;
853 2639 950 2693 sed
974 2637 1027 2692 in
1052 2636 1252 2692 animis
1278 2650 1467 2692 eorum
1495 2634 1672 2691 adhuc
1692 2626 2024 2705 aliquantam

441 2727 860 2786 sollicitudinem
899 2727 1038 2800 legis
1080 2727 1438 2798 superfuisse,
1477 2736 1532 2782 et
1576 2741 1671 2783 eos
1717 2741 1747 2780 a
1788 2724 2029 2781 Judaicis

443 2820 932 2878 consuetudinibus
976 2835 1083 2876 non
1129 2821 1197 2876 ad
1230 2835 1460 2889 unguem
1507 2819 1852 2887 discessisse,
1887 2827 2029 2873 tam-

444 2912 553 2969 etsi
592 2913 648 2968 in
681 2911 947 2967 idolorum
991 2911 1207 2980 templis
1237 2925 1427 2981 preces
1466 2912 1841 2981 conciperent.
1882 2910 2030 2976 Quo-

444 3004 598 3060 circa
625 3013 679 3060 et
708 3004 900 3059 beatus
933 3004 1196 3073 propheta
1227 3002 1374 3058 Elias
1406 3012 1466 3056 ut
1490 3001 1704 3058 duobus
1732 3000 2028 3071 poplitibus

446 3092 846 3159 claudicantes,
885 3102 941 3149 et
991 3108 1168 3163 neque
1217 3091 1351 3147 Baal
1395 3095 1639 3161 omnino,
1690 3106 1867 3161 neque
1917 3090 2027 3145 Deo

447 3184 692 3255 perfecte
714 3186 997 3242 adhaerere
1014 3183 1257 3240 volentes
1275 3183 1569 3255 aliquando
1592 3182 1944 3253 reprehendit
1957 3180 2023 3236 ³⁸.

450 3275 651 3334 Verum
686 3278 939 3335 redactus
968 3278 1021 3332 in
1064 3278 1432 3349 captivitatem
1477 3274 1668 3340 lsrael,
1702 3274 1835 3345 legis
1870 3288 2026 3329 reve-

384 3389 395 3399 -
449 3368 677 3424 rentiatn
706 3368 950 3426 funditus
976 3369 1194 3442 abiecit,
1217 3385 1397 3427 mores
1424 3378 1481 3425 et
1508 3369 1655 3439 leges
1679 3365 2025 3422 dominorum

450 3477 673 3517 suorum
716 3463 1044 3519 necessitate
1093 3465 1316 3521 adactus
1349 3478 1604 3535 sequens.
1642 3462 1712 3518 Et
1741 3462 1867 3527 hoc,
1909 3458 2031 3529 api-

450 3570 594 3623 nor,
650 3564 769 3621 est,
812 3557 954 3626 quod
1011 3567 1068 3612 et
1125 3558 1242 3629 ipse
1289 3558 1543 3613 Christus
1583 3555 1722 3611 dixit
1769 3572 1784 3609 :
1822 3572 1840 3605 ι
1869 3551 2028 3609 Omni

406 3690 409 3693 .
457 3648 673 3705 habenti
710 3649 947 3716 dabitur,
990 3659 1046 3707 et
1092 3649 1411 3705 abundabit.
1463 3648 1545 3703 Ab
1593 3663 1660 3704 eo
1706 3657 1887 3702 autem
1938 3644 2032 3715 qui

457 3754 565 3796 non
613 3740 798 3806 habet,
840 3751 895 3796 et
925 3743 1067 3812 quod
1118 3742 1328 3797 videtur
1371 3741 1590 3805 habere,
1645 3737 1924 3794 auferetur
1963 3737 2032 3790 ab

454 3833 611 3889 eo”.
649 3851 670 3887 ι
727 3832 844 3889 Non
898 3843 1027 3889 sunt
1082 3834 1244 3905 igitur
1291 3835 1450 3888 nobis
1490 3831 1795 3902 spernenda
1850 3830 2035 3884 divina

457 3926 818 3995 charismata;
866 3928 961 3982 sed
1006 3941 1127 3997 qua:
1180 3923 1528 3981 habuerimus
1567 3939 1598 3978 a
1642 3924 1774 3987 Deo,
1814 3922 2035 3977 maximi

455 4019 800 4075 aestimanda.
843 4017 978 4073 Nam
1027 4018 1076 4074 si
1121 4017 1271 4074 cordi
1321 4017 1477 4074 nobis
1523 4015 1748 4082 fuerint,
1799 4016 2038 4070 libenter

455 4111 631 4183 gratia
679 4122 735 4167 et
781 4112 980 4166 donum
1034 4111 1089 4166 in
1149 4106 1305 4165 nobis
1354 4108 1641 4165 habitabit.
1709 4107 1803 4161 Sin
1858 4114 2038 4158 autem

457 4204 639 4276 ignavi
688 4215 744 4259 et
791 4203 1007 4260 remissi
1072 4203 1127 4257 iu
1187 4216 1254 4257 eo
1315 4197 1676 4256 custodiendo
1732 4196 2038 4258 fuerimus,

459 4295 635 4365 ipsum
671 4309 896 4363 prorsus
933 4294 1192 4350 avolabit.

532 4385 694 4457 126
727 4385 889 4442 Vens.
915 4384 1003 4441 14.
1041 4385 1105 4439 Et
1129 4384 1322 4438 oblitus
1352 4390 1430 4436 est
1454 4378 1629 4435 Israel
1656 4378 1771 4446 ejus
1797 4377 1887 4447 qui
1918 4373 2043 4446 fecit

459 4476 634 4533 illum.
668 4477 735 4531 Et
764 4479 1162 4549 adiﬁcarerunt
1187 4475 1338 4545 fana.
1378 4472 1443 4526 Et
1473 4469 1647 4525 ludas
1677 4467 2045 4536 multiplicauit

2120 630 2300 685 μενον,
2332 615 2769 680 καταπτοοῦντος
2796 617 2896 689 ἤδη
2930 617 3023 671 τὸν
3066 620 3287 692 Ἰσραὴλ
3318 621 3411 674 τοῦ
3440 622 3705 693 πολέμου,

2118 706 2212 758 καὶ
2252 708 2541 778 μονονουχὶ
2584 710 2652 780 τῇ
2706 709 2861 781 χώρᾳ
2905 710 3323 781 προϐάλλοντος.
3375 710 3529 779 Εἶτα,
3589 716 3709 768 δέον

2119 795 2317 861 αὐτοὺς
2362 796 2537 860 λιταῖς
2567 815 2628 851 τε
2665 799 2759 851 καὶ
2795 798 3207 868 μεταγνώσεσιν
3259 801 3709 872 ἐκμειλίσσεσθσιι

2118 887 2271 953 Θεὸν,
2307 889 2402 942 καί
2427 890 2918 959 μεταπαιδεύεσθαι
2952 892 3051 962 μὲν
3076 892 3137 946 τὸ
3171 893 3363 948 δοκοῦν
3390 895 3559 965 αὐτῷ,
3587 880 3715 959 ταῖς

2118 980 2173 1034 δὲ
2199 981 2278 1045 εἰς
2303 980 2363 1034 τὸ
2392 981 2615 1053 ἄμεινον
2645 984 2980 1057 ἀναδρομαῖς
2994 986 3360 1040 ἐπιδυσωπεῖν
3394 989 3492 1057 τὴν
3515 988 3709 1057 ὀργὴν,

2120 1072 2195 1133 ὡς
2228 1073 2320 1127 ἐπί
2348 1091 2401 1126 τι
2431 1073 2537 1127 τῶν
2571 1074 2711 1144 ἄγαν
2740 1077 3025 1148 χρησίμων
3057 1078 3338 1143 ἐξελέσθαι
3395 1079 3712 1149 δυναμένων

2122 1164 2343 1229 αὐτοὺς,
2391 1166 2742 1237 ἀπέστρεψαν
2781 1170 2861 1231 εἰς
2914 1170 3206 1239 Αἴγυπτον,
3284 1170 3572 1234 καλοῦντες
3628 1174 3712 1237 εἰς

2124 1255 2448 1328 ἐπικουρίαν
2524 1257 2811 1330 ἄνθρωπον
2885 1260 3205 1328 Αἰγύπτιον,
3286 1262 3381 1315 καὶ
3437 1264 3497 1315 ού
3554 1262 3710 1316 Θεόν.

2131 1364 2150 1400 ι
2178 1345 2392 1401 Ἵππων
2442 1349 2715 1420 σάρκας.»
2754 1349 2896 1404 κατά
2941 1351 3003 1405 τὸ
3040 1352 3451 1423 γεγραμμένον.
3506 1372 3524 1403 ε
3568 1351 3711 1405 Ἀλλ’

2125 1440 2187 1493 οὐ
2223 1439 2458 1505 σώζεται
2498 1440 2755 1512 βασιλεὺς
2787 1442 2876 1497 διά
2910 1444 3111 1514 πολλὴν
3140 1444 3392 1515 δύναμιν,
3427 1446 3521 1498 καὶ
3548 1444 3713 1514 γίγας

2125 1533 2187 1585 οὐ
2220 1532 2531 1604 σωθήσεται
2560 1534 2619 1587 ἐν
2643 1532 2839 1603 πλήθει
2868 1533 3052 1605 ἰσχύος
3082 1532 3272 1597 αὑτοῦ,
3306 1534 3506 1606 ψευδὴς
3546 1537 3716 1599 ἵππος

2127 1624 2206 1687 εἰς
2254 1624 2548 1697 σωτηρίαν.
2603 1625 2833 1694 Ἀγαθὸν
2887 1626 3208 1681 πεποιθέναι
3261 1629 3353 1681 ἐπὶ
3393 1629 3619 1699 Κύριον,
3675 1628 3711 1699 ἢ

2129 1716 2448 1771 πεποιθέναι
2491 1717 2577 1771 ἐπ’
2612 1717 2922 1789 ἄνθρωπον.
2948 1738 2966 1771 ι
2996 1720 3119 1774 Ὅτι
3149 1719 3205 1773 δὲ
3232 1720 3313 1783 εἰς
3344 1720 3498 1773 οὐδὲν
3529 1722 3719 1784 αὐτοῖς

2128 1808 2237 1862 τῶν
2261 1808 2576 1877 ἀναγκαίων
2603 1809 2671 1864 τὰ
2699 1810 2800 1881 τῆς
2829 1811 3066 1875 τοιᾶσδε,
3101 1812 3287 1881 φησὶν,
3316 1812 3719 1876 εἰκαιοϐου).ίας

323 1932 329 1937 -
441 1898 638 1952 rientia
692 1898 954 1969 magistra
1009 1908 1363 1969 cognoscent.
1416 1897 1699 1968 Deportati
1759 1899 1903 1954 enim
1956 1897 2023 1952 ad

2136 1904 2449 1975 ἐκϐέϐηκεν,
2507 1903 2567 1969 ἐξ
2608 1905 2782 1975 αὐτῆς
2829 1905 3066 1959 εἴσονται
3106 1904 3206 1974 τῆς
3251 1903 3469 1976 πείρας,
3509 1904 3718 1957 ἀποκο-

2130 1995 2415 2066 μισθέντες
2455 1994 2566 2066 γάρ
2609 1997 2691 2058 εἰς
2755 1996 3076 2066 Ἀσσυρίους
3111 1995 3208 2048 καὶ
3253 1995 3493 2065 Μήδους,
3552 2013 3571 2045 ι
3601 1996 3723 2047 ἐκεῖ

2126 2087 2415 2159 ἀκάθαρτα
2445 2088 2729 2155 φάγονται,
2756 2107 2773 2138 ι
2800 2086 3069 2151 τουτέστι,
3093 2084 3477 2139 διαϐιώσονται
3505 2086 3604 2155 τῆς
3636 2086 3721 2151 εἰς

2125 2178 2218 2232 τὸν
2246 2179 2407 2249 νόμον
2443 2176 2625 2241 αἰδοῦς
2651 2177 3018 2241 ἀποϐαλόντες
3051 2178 3111 2230 τὸ
3135 2176 3412 2247 λείψανον,
3453 2177 3546 2229 καὶ
3575 2178 3720 2244 ἀφυ-

2126 2272 2341 2336 λάκτως
2368 2271 2641 2336 ἐσθίοντες
2658 2271 2717 2325 τὸ
2741 2270 3077 2342 παρατυχόν.
3127 2269 3267 2323 Ἀλλ’
3302 2270 3433 2330 ἴσως
3464 2270 3582 2340 ἐρεῖ
3608 2283 3717 2330 τις⁶

2127 2363 2255 2429 Πῶς
2284 2363 2442 2418 τοῦτο
2465 2363 2770 2432 λελύπηκεν
2805 2363 2870 2416 ἂν
2895 2361 3021 2424 τοὺς
3055 2359 3113 2428 ἐξ
3163 2359 3399 2433 Ἰσραὴλ,
3432 2359 3722 2412 εἰδωλολα-

2125 2460 2277 2529 τρεϊν
2310 2457 2633 2525 ἐλομένους;
2665 2454 2809 2526 Πρὸς
2840 2452 3017 2508 ταῦτά
3060 2470 3260 2523 φαμεν,
3289 2453 3371 2505 ὅτι
3404 2452 3723 2522 πεπλάνην-

2126 2566 2218 2603 ται
2273 2548 2372 2620 μὲν
2419 2546 2889 2618 ὁμολογουμένως,
2938 2545 3051 2598 ἀλλ’
3084 2540 3152 2616 ἦν
3205 2562 3289 2609 τις
3341 2545 3532 2606 αὐτοῖς
3578 2544 3724 2598 κατά

2127 2639 2254 2696 νοῦν
2275 2639 2357 2694 ἐτι
2385 2638 2561 2711 μικρά
2580 2637 2674 2693 τοῦ
2697 2639 2864 2709 νόμου
2898 2638 3138 2710 φροντὶς,
3167 2637 3262 2691 καὶ
3289 2638 3397 2692 τῶν
3412 2637 3725 2693 Ἰουδαϊκῶν

2130 2734 2269 2787 ἐθῶν
2296 2731 2396 2786 οὐκ
2416 2729 2727 2785 ἀπώλισθον
2750 2729 3050 2791 παντελῶς,
3082 2728 3261 2782 καίτοι
3288 2728 3726 2800 προσκυνοῦντες

2128 2828 2187 2881 ἐν
2221 2826 2334 2889 τοῖς
2365 2824 2474 2879 τῶν
2504 2822 2739 2877 εἰδώλων
2771 2825 2937 2885 ναοῖς.
2965 2820 3235 2893 Ταύτῃτοι
3265 2822 3359 2874 καί
3388 2823 3417 2875 ό
3450 2818 3725 2890 μακάριος

2130 2917 2420 2990 προφήτης
2480 2915 2683 2980 Ἠλιοῦ,
2728 2914 2806 2977 ὡς
2852 2914 3004 2968 δυσὶν
3039 2912 3253 2982 ἰγνύαις
3286 2911 3725 2982 ἐπιχωλεύοντας

2129 3008 2425 3083 κατῃτιᾶτό
2474 3025 2604 3062 ποτε
2631 3047 2646 3072 ,
2706 3007 2801 3062 καί
2857 2992 2994 3079 μήτε
3038 3006 3115 3077 τῷ
3180 3005 3330 3059 Βάαλ
3388 3003 3723 3075 ὁλοτρόπως,

2132 3101 2270 3171 μήτε
2326 3099 2434 3171 μὴν
2470 3098 2590 3169 Θεῷ
2626 3098 2849 3161 τελείως
2878 3096 3236 3168 προσκεῖσθαι
3268 3092 3723 3165 βεϐουλημένους.

2131 3189 2342 3245 Οὐκοῦν
2364 3188 2606 3259 γεγονὼς
2635 3188 2980 3261 αἰχμάλωτος
3023 3189 3052 3241 ό
3099 3187 3336 3259 Ἰσραὴλ,
3376 3183 3727 3254 ἀποϐέϐληκε

2130 3282 2351 3347 τελείως
2377 3282 2477 3354 τὴν
2506 3282 2588 3344 εἰς
2617 3279 2709 3334 τὸν
2734 3280 2899 3351 νόμον
2919 3280 3069 3343 αἰδῶ,
3095 3282 3209 3343 τοῖς
3240 3279 3348 3333 τῶν
3375 3276 3729 3350 κρατούντων

2129 3373 2278 3427 ἔθεσί
2308 3389 2389 3438 τε,
2440 3371 2538 3426 καὶ
2563 3371 2771 3443 νόμοις,
2808 3370 2885 3435 ὡς
2929 3370 2989 3438 ἐξ
3018 3371 3265 3441 ἀνάγκης
3292 3371 3574 3440 ἑπόμενος.
3610 3368 3732 3422 Καὶ

2129 3464 2307 3529 τοῦτο,
2334 3459 2509 3535 οἶμαι,
2561 3463 2713 3516 ἐστὶν
2760 3461 2789 3515 ὃ
2818 3463 2912 3516 καί
2957 3463 3122 3527 αὐτὸς
3181 3464 3285 3535 ἔφη
3333 3462 3592 3532 Χριστὸς,
3639 3459 3733 3515 δτι

2138 3576 2157 3609 ι
2182 3556 2356 3611 Παντί
2401 3556 2479 3627 τῷ
2511 3555 2689 3627 ἔχοντι
2718 3556 3028 3627 δοθήσεται,
3071 3556 3166 3609 καὶ
3203 3554 3730 3626 περισσευθήσεται.

2145 3650 2279 3703 Ἀπὸ
2299 3649 2355 3703 δὲ
2385 3647 2480 3702 τοῦ
2509 3651 2583 3719 μὴ
2614 3648 2856 3717 ἔχοντος,
2890 3647 2985 3701 καὶ
3005 3647 3032 3700 ὃ
3057 3647 3206 3701 δοκεῖ
3235 3647 3400 3717 ἔχειν,
3426 3646 3733 3718 ἀρθήσεται

2136 3740 2233 3795 ἀπ’
2258 3737 2446 3793 αὐτοῦ.
2462 3758 2479 3791 ι
2506 3741 2598 3791 Δεῖ
2614 3738 2677 3808 δὴ
2712 3734 2806 3791 οὖν
2828 3739 2936 3809 ἄρα
2960 3738 3070 3792 τῶν
3099 3737 3257 3792 θείων
3278 3739 3425 3808 ἡμᾶς
3443 3734 3732 3808 χαρισμά-

2136 3848 2243 3887 των
2304 3831 2379 3902 μὴ
2427 3831 2823 3898 καταφρονεῖν
2884 3828 2999 3883 ἀλλ’
3046 3822 3123 3884 ὧν
3174 3829 3241 3882 ἂν
3295 3829 3512 3899 ἔχοιμεν
3572 3829 3735 3898 παρά

2137 3924 2297 3989 Θεοῦ,
2336 3924 2586 3977 πλεῖστον
2617 3922 2741 3975 ὅσον
2784 3922 3056 3977 ποιεῖσθαι
3104 3922 3281 3992 λόγον.
3329 3919 3734 3992 [πεφροντικόσι

2146 4016 2243 4087 μὲν
2269 4014 2379 4086 γὰρ
2413 4013 2863 4084 ἐμφυλοχωρήσει
2902 4014 2962 4068 τὸ
2993 4013 3260 4087 χάρισμα.
3286 4014 3349 4067 Εἰ
3377 4011 3433 4065 δὲ
3464 4012 3733 4084 ρᾴθυμοι,

2141 4106 2237 4159 καὶ
2284 4103 2744 4167 ἀναπεπτωκότες
2782 4104 2912 4183 περὶ
2957 4103 3091 4157 αὐτὸ
3122 4102 3406 4175 γινόμεθα,
3454 4100 3549 4155 καὶ
3591 4099 3736 4155 αύτδ

2141 4197 2206 4269 δὴ
2242 4196 2460 4259 πάντως
2490 4196 2885 4268 άποπτήσεται.

2216 4370 2329 4427 Kal
2348 4371 2670 4427 ἐπελάθετο
2708 4369 2957 4439 Ἰσραὴλ
2986 4369 3093 4425 τοῦ
3119 4369 3493 4436 ποιήσαντος
3515 4368 3731 4424 αὐτόν.

2146 4462 2257 4517 Kal
2288 4462 2684 4531 ᾠκοδόμησαν
2718 4460 2959 4530 τεμένη.
3004 4460 3113 4515 Kal
3157 4459 3388 4524 Ἰοίόας
3421 4457 3735 4524 ἐπλήθυνε

459 4570 612 4625 urbe:
648 4582 904 4627 muratos.
952 4569 1024 4623 Et
1069 4570 1280 4626 mittam
1317 4565 1491 4635 ignem
1537 4562 1592 4616 in
1637 4561 1870 4616 civitates
1904 4559 2029 4628 ejus,

2146 4550 2358 4621 πόλεις
2400 4552 2867 4622 τετειχισμένας.
2904 4550 3016 4605 Καὶ
3044 4549 3431 4616 ἐξαποστελῶ
3472 4548 3592 4619 πῦρ
3640 4550 3736 4616 εἰς

460 4672 508 4715 et
538 4661 805 4717 devorabit
837 4659 1181 4730 fundamenta
1207 4655 1446 4709 illarum.

536 4836 693 4892 XCV.
734 4833 908 4889 Ambo
952 4844 1116 4901 regna
1151 4830 1423 4901 objurgat,
1469 4826 1751 4893 Samaria,
1798 4829 2042 4898 inquam,

461 4937 520 4984 et
538 4928 699 4994 luda,
729 4939 924 4997 nempe
944 4924 1089 4994 qupd
1131 4931 1216 4979 est
1237 4919 1654 4992 Hierosolymis.
1686 4918 1825 4987 Quid
1861 4928 2043 4973 autem

465 5018 629 5074 ambo
652 5015 904 5081 fecerint,
943 5012 1234 5068 videndum
1262 5021 1320 5068 et
1351 5010 1729 5081 exponendum
1762 5017 1864 5065 est.
1907 5006 2044 5063 Cum

466 5110 670 5167 bellum
711 5114 1140 5176 exspectaretur,
1176 5112 1231 5160 et
1274 5113 1450 5158 terror
1492 5100 1880 5172 propemodum
1913 5098 2047 5168 ipsis

470 5200 679 5258 foribus
730 5198 1062 5263 immineret,
1117 5204 1504 5266 oporteretque
1564 5201 1674 5246 tum
1718 5191 2043 5255 Samaritae,

470 5302 589 5349 tum
625 5293 691 5347 de
726 5291 869 5346 tribu
897 5288 1036 5345 Juda
1067 5296 1357 5357 regnantes
1381 5301 1410 5339 a
1436 5285 1546 5339 Deo
1577 5282 1865 5339 Salvatore
1897 5281 2048 5337 auxi-

471 5386 607 5442 lium
655 5396 919 5454 quaerere,
973 5382 1018 5438 si
1068 5380 1369 5451 quidemet
1414 5377 1630 5433 inutiles
1670 5385 1725 5432 et
1777 5375 2051 5444 improbas

473 5476 829 5546 cogitationes
877 5487 1008 5529 suas
1071 5477 1379 5534 mutarent,
1434 5476 1491 5524 et
1544 5482 1667 5522 eum
1717 5465 2052 5536 pmnitentiis

473 5567 676 5635 colere,
721 5568 952 5638 amplius
993 5565 1419 5635 omnipotentem
1470 5560 1755 5617 Dominum
1790 5562 2053 5615 adversus

474 5673 541 5716 se
571 5660 879 5716 irritabant.
915 5659 1081 5714 Israel
1116 5657 1286 5723 enim,
1330 5655 1431 5710 hoc
1481 5662 1589 5722 est,
1621 5654 1807 5709 decem
1852 5651 2049 5718 tribus,

2144 4647 2253 4714 τὰς
2300 4648 2512 4712 πόλεις
2580 4644 2800 4711 αὑτοῦ,

2147 4738 2366 4795 αὐτῶν.

2222 4832 2334 4899 με’.
2354 4830 2717 4902 Ἀμφοτέραις
2744 4829 3065 4898 ἐπιπλήττει
3088 4829 3207 4892 ταῖς
3232 4825 3550 4897 βασιλείαις,
3576 4825 3643 4895 τῇ
3671 4841 3737 4878 τε

2150 4924 2209 4975 ἐν
2237 4919 2543 4991 Σαμαρείᾳ,
2583 4919 2748 4989 φημὶ,
2783 4918 2876 4971 καὶ
2900 4921 2967 4989 τῇ
2998 4917 3092 4972 τοῦ
3140 4916 3331 4981 Ἰούδα,
3359 4915 3626 4978 τουτέστι,
3664 4917 3736 4986 τῇ

2150 5010 2286 5083 οὔσῃ
2310 5010 2451 5064 κατά
2473 5009 2573 5080 τὴν
2587 5008 2962 5079 Ἰερουσαλήμ.
2995 5008 3060 5061 Τί
3086 5007 3193 5079 γὰρ
3218 5008 3387 5078 ἄμφω
3413 5005 3736 5077 δεδράκασι,

2151 5101 2491 5172 καταθρῆσαί
2536 5117 2595 5153 τε
2651 5100 2769 5170 ἅμα
2805 5099 2901 5153 καὶ
2940 5100 3116 5151 εἰπεῖν
3174 5098 3494 5165 ἀναγκαῖον.
3553 5095 3739 5165 Προσ-

2149 5191 2457 5262 δοκωμένου
2502 5188 2612 5261 γὰρ
2649 5189 2869 5243 ἔσεσθαι
2910 5188 3005 5241 τοῦ
3050 5187 3310 5258 πολέμου,
3347 5185 3632 5257 μονονουγί
3675 5183 3739 5237 δὲ

2153 5283 2248 5337 καὶ
2282 5281 2368 5337 ἐπ’
2399 5282 2592 5345 αὑταῖς
2633 5281 2735 5352 ήδη
2772 5281 3058 5349 γεγονότος
3098 5282 3218 5343 ταῖς
3256 5278 3450 5350 θύραις
3496 5275 3592 5330 τοῦ
3624 5275 3739 5329 δείο

2156 5391 2347 5445 ματος,
2381 5373 2500 5427 δέον
2521 5374 2720 5436 αὐτοὺς
2744 5373 2871 5435 τούς
2910 5389 2970 5426 τε
3016 5374 3075 5428 ἐν
3109 5372 3415 5445 Σαμαρείᾳ,
3465 5370 3560 5424 καὶ
3604 5370 3737 5433 τοὺς

2154 5462 2534 5533 βασιλεύοντας
2559 5463 2624 5515 ἐκ
2647 5461 2820 5531 φυλῆς
2859 5461 3046 5527 Ἰούδα,
3076 5462 3177 5531 τὴν
3203 5461 3354 5532 παρά
3376 5459 3514 5513 Θεοῦ
3538 5458 3739 5524 σώζον-

2152 5571 2244 5620 τος
2297 5553 2622 5625 ἐπικουρίαν
2650 5551 2857 5623 ζητεῖν,
2889 5555 2938 5605 εἰ
2976 5552 3261 5618 ἐκτύπους,
3296 5551 3390 5605 καὶ
3434 5550 3738 5620 ἀνωφελεῖς

2153 5648 2452 5719 ἐτράποντο
2474 5644 2720 5717 γνώμας,
2741 5646 2836 5699 καὶ
2858 5647 2976 5709 ταῖς
3007 5643 3381 5717 μεταγνώσεσι
3408 5642 3737 5716 θεραπεύειν

2889 4643 3291 4714 καταφάγεται
3343 4643 3417 4697 τὰ
3484 4641 3738 4711 θεμέλια

546 5824 590 5855 ³³
625 5836 819 5892 Ezech.
861 5851 1043 5901 \SVIX,
1073 5832 1163 5888 20.
1241 5832 1285 5865 ³⁸
1318 5830 1463 5889 Psal.
1488 5845 1661 5895 χχιιι,
1687 5796 1777 5901 ἷϐ,
1804 5830 1888 5884 l7.
1966 5829 2007 5861 ³⁷

2136 5825 2185 5883 d.
2237 5840 2403 5895 cxvn,
2440 5822 2491 5879 8.
2572 5823 2615 5856 ³⁸
2649 5819 2715 5878 lli
2748 5821 2878 5894 Reg.
2918 5838 3052 5880 xvm
3076 5820 3169 5880 21.
3257 5823 3302 5857 ⁸⁸
3325 5821 3458 5880 Luc.
3489 5835 3605 5891 xtx,
3636 5818 3730 5876 26.
