3982 6486
385 298 494 359 235
1029 360 1038 368 _
1425 302 1487 359 S.
1526 297 1802 358 CYRlLLI
1843 300 2313 359 ALEXANDRINI
2352 303 2674 365 ARCHIEP.
3565 307 3669 367 216

388 439 415 468 κ
459 415 644 472 vitulis
673 424 728 472 et
761 431 791 472 a
824 414 976 481 Baal,
1011 430 1326 488 quanquam
1356 417 1494 472 nihil
1531 418 1729 473 darent
1756 420 1979 488 petenti-

2105 422 2236 491 ιαρά
2273 422 2410 477 Θεοῦ
2459 425 2678 495 μᾶλλον,
2728 425 2862 478 ἀλλά
2892 425 2960 480 τὰ
2986 426 3050 479 ἐκ
3083 426 3191 479 τῶν
3220 424 3528 495 δαμάλεων,
3568 428 3665 482 καὶ

394 511 515 562 bus.
549 510 809 574 Quaenam
853 523 983 579 ergo
1009 511 1131 564 data
1163 523 1259 564 seu
1291 523 1517 566 munera
1552 511 1622 567 ab
1659 511 1791 580 ipsis
1820 513 1977 564 amb-

2105 515 2260 568 Ξάαλ·
2293 516 2471 569 καίτοι
2498 516 2750 571 διδόντων
2773 521 2886 581 τοῖς
2918 516 3162 571 αἰτοῦσιν
3186 516 3360 571 οὐδέν.
3407 517 3530 569 Ἐπὶ
3558 518 3670 573 τίσι

399 597 622 651 ιειιιιηιῖ
665 617 683 649 ι
715 598 893 669 Super
931 612 1150 652 omnem
1198 612 1382 652 aream
1430 597 1715 653 frumenti.
1750 617 1768 651 ι
1814 596 1980 666 lmpie

2105 608 2138 662 ἑὲ
2170 610 2301 680 παρ’
2331 609 2511 663 αὐτῶν
2540 609 2723 680 ἐζήτει
2746 609 2996 681 δόματα;
3053 627 3072 661 ι
3111 610 3236 663 Ἐπὶ
3272 610 3451 663 πάντα
3475 609 3660 662 ἅλωνα

400 686 664 755 siquidem
719 698 774 741 et
822 689 1145 758 insipienter
1192 687 1368 743 visum
1424 698 1510 744 est
1555 689 1636 745 eis
1688 688 1757 743 ab
1820 689 1980 745 idolis

2105 700 2252 753 πίτου.
2306 718 2325 752 ι
2372 700 2579 754 Ἐδόκει
2628 700 2739 772 γὰρ
2787 698 3020 764 ἀνοσίως
3059 701 3244 763 αὐτοῖς
3286 699 3383 753 xai.
3427 699 3672 763 ἀϐούλως

403 777 654 833 inanibus
699 777 919 848 frugum
950 779 1160 849 copiam
1201 793 1270 833 ex
1304 779 1454 850 agris
1493 788 1701 849 petere,
1738 791 1797 834 ut
1843 780 1975 836 dixi.

2105 794 2178 859 τὰς
2226 793 2287 859 ἐξ
2334 792 2523 865 ἀγρῶν
2568 794 2741 847 αἰτεῖν
2794 791 3126 863 εὐκαρπίας,
3164 789 3240 856 ὡς
3274 790 3430 861 ἔφην,
3461 793 3526 845 ὲκ
3562 790 3673 846 τῶν

400 867 657 932 Quaesivit
692 868 857 937 igitur
886 868 1053 926 Israel
1093 870 1217 925 data
1266 885 1363 926 seu
1398 870 1664 927 beneﬁcia
1697 872 1766 927 ab
1797 871 1976 927 idolis.

2105 887 2342 941 ῐιακενῶν
2370 884 2751 956 σεϐασμάτωψ
2796 903 2814 936 ι
2843 885 2969 955 'Ap'
3015 879 3110 938 οὖν
3140 883 3323 955 ἐζήτει
3360 886 3526 954 μὲννὸ
3565 885 3674 937 ’ῐσρ

400 965 481 1015 An
517 978 648 1017 vero
680 964 973 1032 petitiones
999 962 1048 1017 ei
1074 970 1379 1017 evenerunt
1413 977 1482 1018 ex
1502 963 1809 1018 sententia?
1834 959 1980 1017 Nihil

2105 980 2221 1051 ιαὴλ
2252 978 2405 1051 παρά
2443 977 2552 1033 τῶν
2600 975 2835 1031 εἰδώλων
2878 976 2949 1031 τὰ
2990 976 3220 1049 δόματα.
3271 977 3571 1047 Ἑκϐέϐηκε
3613 975 3674 1029 δὲ

402 1058 603 1112 minus.
648 1075 667 1108 ι
698 1056 837 1111 Area
870 1057 1037 1121 enim,
1079 1065 1137 1111 et
1162 1056 1400 1111 torcular
1430 1071 1537 1111 non
1574 1056 1829 1127 cognovit
1860 1070 1977 1121 eos,

2105 1069 2230 1142 ιύτῷ
2268 1071 2387 1126 κατ’
2418 1070 2585 1141 εὐχὴν
2631 1069 2702 1122 τὰ
2747 1069 3060 1139 αίτήματα;
3102 1066 3401 1139 Οΰμενουν.
3436 1087 3454 1120 ι
3490 1067 3677 1121 Ἀλων

399 1157 457 1202 et
485 1148 670 1203 vinum
701 1148 914 1217 decepit
951 1161 1066 1202 eos.
1110 1167 1128 1199 ι
1165 1146 1242 1200 Ac
1278 1147 1549 1201 neminem
1588 1146 1830 1202 discendi
1859 1156 1979 1201 stu-

2105 1165 2214 1235 rdtp,
2248 1164 2344 1218 καὶ
2372 1162 2532 1234 ληνὸς
2558 1162 2661 1215 οὐκ
2694 1159 2838 1230 ἔγνω
2869 1161 3091 1227 αὐτοὺς,
3134 1161 3231 1215 καὶ
3265 1161 3294 1212 ὁ
3324 1155 3467 1222 οἶνος
3508 1157 3679 1228 ἐψεύ-

401 1238 693 1293 ιιῑοείοιειιι
722 1238 890 1293 latent
926 1236 1277 1308 pestilentiae,
1320 1236 1637 1293 sterilitates
1666 1246 1723 1292 et
1756 1237 1980 1293 siccita-

2105 1270 2211 1310 ιατο
2240 1253 2456 1319 αὐτούς.
2501 1274 2519 1307 ι
2548 1254 2706 1313 Ἔστι
2747 1255 2805 1308 δὲ
2835 1254 2988 1309 οὐδὲν
3026 1252 3137 1307 τῶν
3189 1250 3680 1323 φιλομαθεστέρων

404 1341 488 1386 tes
544 1330 755 1401 longae,
815 1346 934 1400 quae
995 1329 1299 1385 Samariam
1351 1335 1709 1399 occuparunt.
1771 1326 1981 1397 Lapsus

2105 1348 2402 1420 ιμφίλογον,
2451 1348 2533 1400 ὅτι
2574 1345 2753 1416 λοιμοὶ
2808 1345 3100 1416 γεγόνασιν
3137 1345 3195 1398 ὲν
3238 1344 3305 1419 τῇ
3365 1342 3679 1413 Σαμαρείᾳ,

402 1430 486 1477 est
525 1436 656 1493 ergo
686 1436 803 1492 spe,
832 1437 936 1475 non
969 1422 1197 1493 adeptus
1226 1433 1348 1489 qua;
1375 1419 1622 1488 petebat.
1661 1418 1728 1473 Et
1757 1419 1984 1489 insuper

2105 1414 2309 1512 ιιρορίαι
2359 1454 2417 1492 τε
2472 1439 2568 1493 καὶ
2613 1414 2897 1510 ἀϐροχίαιή
2928 1434 3162 1508 μακραί.
3219 1414 3543 1504 Ἠμάρτηκε
3608 1430 3684 1503 δὴ

403 1512 472 1568 ab
501 1513 617 1582 ipsa
646 1521 790 1568 terra
836 1520 1027 1568 sancta
1073 1520 1442 1576 recesserunt,
1482 1519 1539 1566 et
1574 1510 1808 1581 ingressi
1856 1518 1983 1565 sunt

2105 1525 2174 1585 νῦν
2194 1510 2432 1594 Ἵὲλπίδος,
2462 1528 2521 1582 οῦ
2545 1519 2728 1582 λαϐὼν
2746 1528 2816 1583 τὰ
2840 1527 3119 1597 αἰτήματα
3137 1541 3154 1556 ³
3177 1522 3275 1578 καὶ
3303 1523 3529 1591 προσέτι
3548 1521 3681 1575 τού-

404 1603 723 1675 Αῑᾳγριιιηι,
772 1613 833 1660 ιιι
881 1605 1160 1674 regionem
1220 1603 1526 1670 munitam,
1591 1601 1681 1656 ubi
1739 1599 1983 1672 pluribus

2105 1639 2180 1694 :tp,
2205 1620 2297 1675 καὶ
2320 1618 2491 1691 αὐτῆς
2512 1618 2799 1690 ἀπῴχοντο
2831 1619 2933 1688 τῆς
2969 1616 3131 1686 ἁγίας
3160 1616 3283 1686 γῆς,
3307 1614 3402 1668 xai.
3427 1611 3686 1682 εἰσῆλθον

402 1696 571 1752 etiam
603 1697 706 1752 diis
744 1698 1075 1767 servierunt,
1112 1697 1256 1752 Mille
1287 1696 1434 1751 enim
1469 1695 1524 1750 in
1561 1693 1802 1765 Egypto
1837 1692 1978 1748 idola

2105 1692 2165 1780 :i;
2185 1713 2480 1782 Αἴγυπτον,
2511 1712 2587 1773 ὡς
2619 1713 2700 1774 εἰς
2731 1708 2916 1781 χώραν
2948 1707 3388 1780 τετειχισμένην,
3435 1706 3532 1760 καὶ
3562 1705 3685 1770 τοῖς

402 1788 745 1854 visebantur,
788 1798 846 1845 et
890 1790 1183 1845 colentium
1239 1790 1358 1859 ipsa
1402 1785 1633 1843 miriﬁca
1674 1788 1742 1842 de
1793 1799 1983 1841 eorum

2105 1771 2167 1863 ετὶ
2197 1771 2406 1863 πλείοσι
2440 1771 2582 1869 θεοῖς
2612 1771 2923 1875 έλάτρεῦον.
2967 1771 3157 1874 Μυρία
3192 1771 3393 1872 γὰρ
3418 1801 3476 1853 ὲν
3511 1796 3688 1866 Αίγύ-

403 1881 645 1971 Wf’m‘“
671 1881 877 1950 opinio'
1085 1880 1307 1971 “lisias
1330 1879 1535 1971 qui???
1561 1877 1771 1971 {‘{libus
1801 1876 1986 1971 (ξηνῆδ
2087 1917 2207 1971 πτῳ
2229 1900 2298 1954 τὰ
2320 1898 2658 1969 σεϐάσματα,
2683 1895 2778 1949 καὶ
2799 1894 2912 1948 τῶν
2942 1892 3358 1966 θεραπευόντων
3380 1890 3520 1944 αὐτὰ
3551 1889 3687 1942 θαυ-

400 1969 511 2025 '-.evi
547 1970 765 2038 negotio
791 1972 1074 2026 commode
1103 1969 1431 2026 elﬁciebant.
1467 1966 1632 2022 Vetiti
1661 1975 1791 2022 sunt
1819 1965 1987 2035 igitur

2105 1965 2269 2061 ιαστή
2298 2005 2383 2054 τις
2410 1965 2680 2058 ὑπόληψις
2715 1986 2811 2040 ἐπὶ
2840 1965 3206 2049 δυναστείαις,
3243 1983 3319 2048 ὡς
3357 1985 3480 2046 ταῖς
3519 1999 3689 2053 μαγι-

406 2064 572 2118 etiam
625 2062 877 2118 habitare
909 2062 964 2117 in
998 2072 1140 2115 terra
1170 2079 1198 2115 a
1230 2061 1340 2117 Deo
1386 2060 1581 2124 electa,
1623 2073 1784 2130 quam
1818 2056 1988 2113 idolo-

2105 2084 2212 2145 ιαῖς
2239 2056 2555 2154 ἐμπειρίαις
2573 2056 2766 2135 πάντα
2789 2076 3094 2149 κατορθοῦν
3120 2075 3364 2138 εὐκόλως
3383 2074 3688 2144 δεδυνημέ-

409 2170 529 2209 rum
560 2154 782 2225 regione
807 2162 1237 2210 commutarunt.
1277 2153 1383 2210 Sed
1409 2152 1657 2222 quamvis
1702 2152 1805 2206 hoc
1844 2149 1984 2204 fece-

2105 2194 2215 2231 ρων.
2247 2149 2608 2247 ’Ᾱπειρὴκασι
2631 2172 2696 2244 δὴ
2719 2169 2814 2226 οῦν
2829 2172 2891 2225 τδ
2907 2171 3185 2224 κατοικεῖν
3212 2171 3272 2222 ὲν
3299 2170 3366 2238 τῇ
3395 2167 3689 2237 ἀπολέκτῳ

409 2244 542 2309 rint,
588 2243 903 2313 tnigrabunt
947 2243 1015 2297 ad
1066 2242 1342 2312 Assyrios.
1382 2259 1402 2293 ι
1435 2240 1550 2296 Non
1599 2239 1843 2295 libabant
1882 2239 1986 2294 Do«

2105 2269 2242 2341 παρά
2267 2267 2387 2338 Θεῷ
2408 2239 2518 2337 ﬁ,
2544 2265 2640 2319 καὶ
2665 2239 2766 2325 τὴν
2800 2264 2911 2319 τῶν
2959 2260 3197 2317 εἰδώλων
3230 2259 3536 2330 ἠλλάξαντο
3567 2258 3685 2329 χώ-

409 2336 579 2393 ιιιίιιο.
616 2355 634 2389 ι
675 2337 945 2408 Congesta
989 2336 1135 2390 enim
1188 2335 1242 2389 in
1285 2334 1530 2390 torcular
1570 2331 1749 2388 fructu
1793 2332 1987 2398 vineae,

2105 2331 2215 2430 ραν.
2256 2331 2394 2412 Ἀλλ’
2417 2331 2601 2412 εῑῄκαί
2642 2352 2803 2410 τοῦτο
2841 2354 3158 2426 δεδράκασι,
3196 2350 3508 2423 βαδιοῦνται
3545 2351 3692 2421 πρὸς

410 2427 677 2496 primitias
701 2427 946 2483 libabant
985 2427 1238 2493 dmmoni,
1273 2440 1378 2480 non
1412 2424 1544 2490 Deo,
1585 2424 1729 2480 unde
1760 2438 1990 2492 accepe-

410 2528 554 2575 rant.
588 2519 920 2579 Dedicabant
947 2518 1109 2573 etiam
1148 2531 1337 2586 panes,
1382 2524 1443 2571 ut
1474 2516 1747 2587 primitias
1775 2516 1990 2570 messis.

409 2614 483 2666 At
521 2612 664 2671 enim
708 2612 761 2666 in
810 2609 1326 2667 contaminationem
1363 2618 1417 2664 et
1460 2608 1894 2678 profanatiOuem
1929 2623 1993 2662 ea

410 2715 500 2755 res
529 2701 660 2770 ipsis
701 2701 875 2764 cedet,
921 2700 1117 2769 inquit,
1154 2709 1206 2755 et
1251 2707 1307 2753 ut
1347 2714 1517 2768 panes
1565 2699 1745 2754 luctus
1775 2709 1993 2767 reputa-

2104 2449 2422 2522 Ἀσσυρίους
2473 2466 2492 2499 ι
2527 2447 2641 2500 Οὐκ
2686 2445 2944 2500 ἔσπενδον
2974 2443 3053 2514 τῷ
3087 2443 3299 2516 Κυρίῳ.
3354 2462 3373 2494 ι
3412 2443 3684 2510 Συνενεγο

2094 2543 2283 2607 κόντες
2304 2541 2414 2612 γὰρ
2445 2542 2502 2597 ὲν
2533 2541 2717 2611 ληνοῖς
2741 2538 2835 2593 τὸν
2857 2538 2916 2605 ἐξ
2946 2537 3196 2609 ἀμπέλου
3225 2537 3460 2607 καρπὸν,
3491 2533 3693 2587 ἔσπεν-

2093 2635 2182 2690 δον
2208 2637 2318 2698 τοῖς
2340 2632 2560 2703 δαίμοσι
2584 2630 2683 2695 τὰς
2712 2629 2989 2702 ἀπαρχὰς,
3016 2628 3114 2682 καὶ
3140 2628 3265 2699 οὐχὶ
3292 2626 3372 2698 τῷ
3386 2627 3531 2680 δόντι
3545 2623 3689 2695 Θεῷ.

2109 2727 2395 2795 Ἀνέφερον
2428 2723 2486 2777 δὲ
2516 2723 2610 2776 καὶ
2651 2723 2873 2793 ἄρτους,
2923 2718 2998 2783 ὠς
3030 2721 3090 2772 ὲν
3127 2718 3349 2789 ἀπαρχῇ
3400 2712 3690 2786 θερισμοῦ.

412 2798 634 2857 buntur,
671 2807 791 2862 quae
839 2790 1162 2859 oﬁ'eruntnr,
1215 2791 1319 2846 hoc
1361 2800 1463 2854 est,
1513 2791 1898 2857 abominanda,
1940 2799 1991 2844 et

2105 2790 2253 2885 Πλὴν.
2280 2790 2361 2878 εἰς
2394 2790 2814 2885 μολυσμὸν-καὶ
2854 2809 3156 2881 βεϐήλωσιν
3184 2807 3244 2861 τὸ
3272 2807 3464 2878 χρῆμα
3502 2806 3696 2869 αὐτοῖς

412 2881 663 2952 profana,
690 2891 748 2938 et
789 2880 1003 2938 odiosa.
1034 2880 1146 2937 Cur
1182 2881 1296 2936 ita?
1324 2881 1434 2937 Lex
1465 2883 1610 2937 enim
1659 2883 1991 2936 immundum

2105 2880 2408 2980 γενήσεται,
2451 2880 2608 2975 φησί,
2644 2903 2741 2958 καὶ
2764 2901 2841 2965 ὡς
2871 2880 3073 2972 ἄρτους
3113 2900 3348 2964 πένθους
3393 2897 3696 2965 καταλογι-

415 2974 766 3041 decernebat,
813 2975 906 3044 qui
953 2975 1414 3045 appropinquaret
1450 2984 1666 3029 ntortuo
1689 2971 1756 3026 “.
1787 2972 1991 3042 Appro-

2105 2971 2362 3072 σθήσεται
2387 2971 2992 3066 τάπροσκομιζόμενα,
3033 2992 3305 3056 τουτέστι,
3346 2988 3578 3061 βδελυρά
3605 3003 3693 3052 τε,

412 3066 706 3135 piuquaret
757 3075 969 3130 autem,
1030 3075 1125 3120 aut
1171 3082 1267 3136 per
1312 3066 1592 3136 sanguinis
1642 3065 1991 3121 communita-

2105 3065 2446 3161 καιβέοηλα,
2488 3065 2583 3141 και
2616 3065 3004 3155 ἀπηχθημένα.
3050 3080 3152 3136 Διά
3199 3082 3361 3136 ποίαν
3414 3077 3631 3143 αἰτίαν;
3665 3078 3699 3131 e

416 3168 550 3223 tem,
590 3167 684 3212 aut
729 3172 826 3228 per
877 3159 1052 3229 ipsum
1104 3170 1432 3218 contactum.
1484 3161 1787 3234 Oportebat
1837 3163 1991 3232 igitur

2106 3159 2269 3257 νόμος
2315 3182 2414 3254 μὲν
2438 3179 2548 3251 γὰρ
2579 3176 2893 3249 ἀκάθαρτον
2941 3177 3118 3228 ἐποίει
3160 3171 3254 3227 τὸν
3289 3170 3580 3241 ἐγγίζοντα
3606 3185 3705 3223 νει·

414 3261 618 3319 genere
645 3254 1000 3322 pr0piuquos,
1034 3264 1128 3309 aut
1165 3256 1368 3311 amicos
1408 3271 1748 3312 mortuorum
1780 3266 1991 3326 propter

2107 3254 2245 3352 κρῷ·
2284 3274 2573 3344 ἐγγίζοντα
2607 3271 2686 3335 δὲ,
2716 3268 2749 3340 ἢ
2775 3267 2897 3322 καθ’
2919 3268 3153 3339 αἵματος
3172 3264 3502 3352 οἰκειότητα,
3524 3262 3707 3352 ἤγουν

416 3344 623 3400 luctum
652 3347 1036 3410 contaminari,
1069 3356 1327 3403 curantes
1369 3358 1666 3415 mortuum,
1697 3357 1749 3401 et
1774 3348 1915 3415 justa
1950 3347 1991 3401 ei

2107 3344 2209 3425 sit
2234 3368 2354 3424 κατ’
2385 3364 2553 3435 αὐτὴν
2571 3362 2671 3432 τὴν
2695 3359 2791 3414 τοῦ
2812 3359 3069 3429 σώματος
3091 3356 3259 3428 ἁφήν.
3282 3351 3394 3411 Ἦν
3413 3349 3506 3409 οὖν
3527 3351 3707 3421 ἀνάγο

421 3436 604 3491 facere
642 3437 941 3507 cupientes.
999 3437 1066 3493 Et
1106 3448 1263 3494 erant
1307 3439 1582 3494 immunda
1639 3438 1842 3504 omnia,
1883 3451 1991 3506 qua

2109 3480 2179 3532 κη
2210 3460 2335 3522 τοὺς
2374 3455 2513 3510 κατά
2540 3454 2697 3522 γένος
2721 3450 2908 3521 ἐγγὺς,
2937 3449 2972 3522 ἢ
3006 3448 3196 3517 φίλους
3233 3445 3344 3500 τῶν
3377 3442 3708 3513 τετελευτηο

419 3527 497 3582 illi
531 3527 668 3583 forte
716 3531 1044 3601 attigissent.
1083 3531 1246 3588 Panis
1299 3533 1484 3602 itaque
1529 3531 1708 3586 luctus
1758 3541 1863 3599 est,
1909 3533 1991 3600 qui

2111 3527 2281 3610 κότων
2311 3550 2404 3604 ἐπὶ
2455 3546 2534 3618 τῷ
2580 3545 2771 3600 πένθει
2820 3542 3154 3616 μιαίνεσθαι,
3210 3539 3574 3610 περιέποντας
3605 3534 3710 3589 τὸν

421 3627 695 3673 mortuum
720 3619 1027 3691 lugentibus
1053 3623 1346 3692 apponitur
1374 3622 1428 3676 iu
1456 3622 1803 3687 alimentum,
1838 3636 1991 3689 quem

2110 3645 2325 3717 νεκρὸν,
2352 3641 2446 3695 καὶ
2474 3638 2605 3713 δρᾷν
2631 3636 2916 3698 ἐθέλοντας
2930 3634 3016 3688 ἐπ’
3041 3630 3192 3703 αὐτῷ
3214 3631 3282 3685 τὰ
3301 3625 3705 3697 νενομισμένα·

421 3710 504 3766 vel
536 3719 757 3781 gustare
794 3711 1141 3766 durissimum
1170 3712 1480 3778 videbatur,
1526 3709 1877 3782 pollutionem
1920 3726 1991 3765 su-

2112 3697 2291 3791 πάντα
2315 3697 2373 3786 δὲ
2397 3726 2466 3803 ἦν
2494 3697 2781 3799 ἀκάθαρτα
2812 3697 2907 3780 ὧν
2929 3725 2996 3779 ἂν
3045 3697 3244 3785 αὐτοὺς
3274 3719 3474 3790 συνέϐη
3505 3717 3708 3786 θίγειν.

424 3817 523 3871 per
569 3813 785 3875 mortuo
822 3803 1061 3872 eﬁugere
1116 3803 1437 3859 nitentibus.
1499 3803 1696 3859 Polluti
1749 3803 1914 3874 igitur
1951 3813 1991 3859 et

2117 3826 2183 3879 Ἀ
2195 3840 2315 3896 ρτος
2340 3818 2433 3875 οὖν
2473 3817 2702 3881 πένθους
2728 3816 2756 3889 δ
2785 3815 2897 3878 τοῖς
2921 3811 3178 3867 πενθοῦσι
3207 3809 3401 3881 νεκρὸν
3435 3804 3714 3876 παρακείο

426 3893 710 3961 abiiciendi
745 3895 908 3949 etiam
959 3894 1056 3964 ipsi
1087 3910 1273 3965 panes,
1308 3894 1502 3966 inquit,
1539 3896 1629 3965 qui
1666 3895 1784 3951 loco
1816 3895 1991 3963 primi-

2119 3885 2276 3988 μενος
2303 3917 2384 3978 εἰς
2432 3910 2668 3984 τροφήν·
2723 3898 2785 3960 οὗ
2837 3905 2932 3960 καὶ
2969 3901 3364 3973 ἀπογεύεσθαι,
3422 3898 3715 3953 πάνδεινον

428 3987 627 4041 tiarum
682 3987 874 4041 messis
922 3985 1084 4040 oblati
1137 3983 1357 4052 fnetiut,
1409 4003 1429 4037 ι
1463 3996 1518 4042 et
1568 3987 1659 4058 qui
1720 3987 1983 4042 comedun

2117 3983 2295 4063 tam.
2310 4007 2422 4070 τοῖς
2446 3983 2835 4074 παραιτεῖσθαι
2861 3994 3264 4070 μεμελετηκόσι
3291 3992 3384 4046 τὸν
3409 3990 3506 4045 ἐπὶ
3523 3988 3717 4061 νεκρῷ

427 4091 544 4143 eos,
573 4076 896 4146 pollucutur.
934 4097 952 4130 ι
991 4076 1161 4133 Utiles
1186 4091 1366 4135 autem
1401 4078 1580 4150 potius
1606 4084 1765 4133 erunt
1798 4076 1991 4129 anima-

2121 4100 2418 4174 μολυσμόν.
2454 4095 2657 4169 Μιαροί
2698 4090 2990 4164 τοιγαροῦν
3024 4091 3120 4143 καὶ
3146 4086 3441 4157 ἀπόϐλητοι
3479 4083 3575 4138 καὶ
3603 4082 3714 4137 αὐ-

429 4170 530 4225 bns
562 4170 826 4240 ipsorum,
878 4170 932 4225 id
976 4181 1079 4235 est,
1114 4171 1178 4225 ad
1226 4185 1378 4226 esum
1426 4171 1689 4239 ipsorum.
1720 4186 1738 4219 ‹
1768 4164 1884 4219 Non
1927 4167 1991 4218 ius

2116 4164 2219 4256 τοὶ,
2247 4164 2432 4264 φήσιν,
2459 4190 2511 4241 οἱ
2539 4164 2717 4260 ἄρτοι,
2749 4184 2911 4256 οἵπερ
2942 4182 3008 4236 ἂν
3038 4177 3494 4252 προσκομισθεῖεν
3529 4175 3607 4239 ὡς
3650 4175 3716 4227 έν

427 4261 742 4328 gredieutur
783 4263 928 4319 enim
973 4262 1028 4317 in
1061 4262 1278 4318 domum
1324 4259 1631 4316 Domini“.
1665 4276 1685 4309 ι
1721 4256 1991 4313 Seieuduu

2119 4256 2344 4355 ἀπαρχῇ
2384 4256 2592 4352 θερῶν.⁷
2623 4296 2640 4329 ι
2679 4277 2789 4332 Καὶ
2818 4279 2867 4329 οἱ
2900 4272 3174 4333 ἐσθίοντες
3209 4270 3428 4331 αὐτοὺς,
3473 4264 3712 4355 μιανθή-

430 4368 596 4421 porro
631 4354 803 4424 legem
854 4368 1071 4424 quoque
1112 4353 1380 4423 primitias
1428 4350 1646 4417 messis,
1686 4349 1991 4418 manipulos

2122 4349 2344 4427 scvtati:
2371 4389 2388 4420 ι
2429 4349 2686 4421 Ἔσονται
2713 4366 2771 4418 δὲ
2799 4364 3062 4436 χρήσιμοι
3111 4357 3310 4431 μᾶλλον
3352 4358 3472 4420 ταῖς
3507 4354 3713 4424 ψυχαῖς

430 4464 538 4517 que
575 4458 631 4505 et
659 4464 853 4521 panem
902 4451 956 4504 in
991 4448 1318 4505 sacriﬁcium
1362 4444 1546 4500 offerri
1581 4444 1903 4514 praecepisse
1941 4442 1989 4475 "'

2120 4461 2319 4521 αὐτῶν,
2370 4459 2667 4523 τουτέστιν,
2691 4457 2771 4519 εἰς
2797 4453 2998 4526 βρῶσιν
3029 4450 3232 4514 αὐτοῖς.
3277 4467 3296 4500 ι
3326 4447 3441 4500 Οὐκ
3471 4443 3716 4498 εἰσελεύ·

427 4540 550 4595 Jim
599 4556 729 4598 vero
762 4540 947 4600 Israel.
997 4554 1118 4611 quae
1171 4536 1277 4592 sibi
1312 4533 1482 4607 gloria
1524 4533 1621 4589 Dei
1665 4532 1991 4599 vindicabat,

2125 4570 2306 4608 σονται
2335 4551 2443 4624 γάρ
2474 4551 2553 4614 εἰς
2590 4545 2739 4602 οἷκον
2781 4546 3007 4616 Κυρίου.
3050 4560 3069 4595 ι
3103 4539 3318 4595 Εἰδέναι
3349 4538 3407 4592 δὲ
3455 4536 3583 4610 χρὴ,
3629 4535 3715 4588 ὅτι

432 4630 740 4687 simulacris
775 4629 1061 4694 offerebat,
1097 4625 1209 4681 Deo
1255 4625 1385 4679 licet
1422 4622 1709 4679 manifeste
1750 4623 1968 4678 dicente

2122 4646 2217 4700 καὶ
2249 4645 2277 4698 ὁ
2314 4622 2508 4715 νόμος,
2561 4638 2815 4712 ἀπαρχὴν
2850 4633 3137 4708 θερισμοῦ,
3169 4628 3461 4703 δράγματά
3494 4644 3556 4680 τε
3617 4625 3715 4679 καὶ

442 4742 460 4769 ι
490 4721 732 4777 Gloriam
782 4735 961 4776 meam
1009 4717 1167 4772 alteri
1203 4731 1311 4770 non
1365 4715 1526 4783 dabo,
1571 4729 1747 4785 neque
1789 4715 1991 4769 virtute

2125 4736 2288 4809 ἄρτον
2305 4734 2602 4806 προσάγειν
2632 4730 2880 4784 ἐκέλευεν
2906 4728 2986 4791 εἰς
3015 4723 3225 4780 θυσίαν.
3273 4719 3623 4791 Μετεκόμισε
3656 4715 3720 4769 δὲ
3836 4790 3843 4797 ἢ

433 4827 583 4868 ineas
612 4814 918 4868 simulacris
934 4810 1001 4866 ⁸⁵⁸.
1031 4828 1050 4862 ι

2124 4830 2154 4883 ὁ
2193 4827 2409 4900 Ἰσραὴλ
2439 4825 2508 4879 τά
2535 4825 2614 4888 εἰς
2643 4823 2805 4891 δόξαν
2838 4818 2978 4875 Θεοῦ
3025 4822 3141 4883 τοῖς
3190 4817 3473 4886 γλυπτοῖς.
3514 4810 3719 4866 Καίτοι

2125 4917 2262 4971 Θεοῦ
2303 4917 2553 4984 λέγοντος
2586 4911 2832 4986 ἐναργῶς
2853 4928 2867 4944 ο
2899 4931 2917 4963 ι
2952 4908 3064 4981 Τὴν
3092 4908 3250 4973 δόξαν
3290 4921 3394 4977 μου
3437 4903 3610 4973 ἑτέρῳ
3651 4901 3716 4954 οὐ

2128 5004 2438 5067 δώσω,οὐδὲ
2464 5003 2563 5067 τὰς
2593 5002 2796 5074 ἀρετάς
2830 5017 2933 5072 μου
2961 5000 3075 5062 τοῖς
3100 4996 3377 5068 γλυπτοῖς.
3409 5011 3428 5045 ι

508 5103 774 5173 Quocirca
807 5101 874 5156 ad
910 5099 1078 5154 vitam
1110 5098 1518 5153 sustentandam
1554 5097 1814 5168 requisita
1842 5112 1873 5151 a
1908 5097 1991 5152 Dei

2200 5096 2410 5153 Οὐκοῦν
2441 5097 2738 5164 ἀναγκαῖον
2773 5095 2949 5147 αἰτεῖν
2985 5090 3137 5162 παρά
3166 5086 3302 5143 Θεοῦ
3340 5086 3412 5140 τὰ
3464 5080 3714 5154 ζωαρκῆ,

435 5196 667 5268 petenda
719 5204 866 5261 sunt,
900 5192 1374 5262 conﬁtendumque
1400 5192 1572 5262 ipsum
1612 5206 1735 5246 esse
1772 5191 1991 5247 datoreu

2129 5191 2225 5244 καὶ
2274 5187 2439 5244 αὐτὸν
2494 5188 2779 5259 ὁμολογεῖν
2829 5184 3035 5257 δοτῆρα
3077 5182 3175 5236 καὶ
3212 5177 3449 5251 χορηγὸν
3494 5176 3720 5268 ἀπάσης

436 5265 492 5346 et
538 5288 848 5360 largitorem
895 5285 1076 5341 omnis
1107 5283 1372 5340 ubertatis
1408 5293 1628 5349 nostra),
1670 5283 1785 5338 sive
1834 5282 1922 5336 illa
1955 5296 1991 5337 at

2128 5283 2260 5353 ἡμῖν
2311 5280 2617 5353 εὐκαρπίας
2671 5277 2993 5349 σωματικῆς
3031 5274 3127 5329 καὶ
3179 5268 3560 5342 πνευματικῆς
3590 5282 3605 5296 ’
3653 5265 3720 5320 οὐ

439 5358 664 5452 corpus,
698 5381 813 5433 sive
838 5378 903 5432 ad
945 5376 1195 5447 spiritum
1228 5375 1520 5443 pertineat.
1560 5372 1670 5429 Nec
1700 5375 1843 5455 enim
1885 5374 1989 5428 aliu

2126 5374 2236 5445 γάρ
2267 5374 2413 5429 ἐστιν
2440 5373 2627 5445 ἔτερος
2661 5371 2790 5441 παρ’
2821 5368 2985 5423 αὐτὸν
3017 5364 3273 5433 ὑετίζων,
3620 5375 3721 5455 γε·

439 5450 754 5543 cstprazter
785 5470 935 5525 illum
969 5469 1059 5540 qui
1093 5464 1323 5538 pluat",
1366 5472 1425 5518 ut
1463 5465 1726 5535 scriptum
1771 5450 1893 5531 est;
1925 5479 1991 5521 se

2126 5465 2466 5536 γραμμένον,
2491 5462 2629 5518 ἀλλά
2655 5463 2768 5525 τοῖς
2794 5460 2959 5514 αὐτοῦ
2984 5460 3245 5531 νεύμασι,
3266 5454 3361 5509 καὶ
3383 5453 3453 5507 τὰ
3467 5450 3540 5543 ,ἐξ
3556 5450 3725 5543 ᾠρῶν

441 5541 576 5619 nutu
610 5562 726 5633 ejus
761 5564 940 5635 fruges
972 5560 1306 5631 temporibus
1345 5558 1457 5613 suis
1487 5559 1600 5613 ruri
1645 5556 1937 5625 exsistunt,
1967 5573 1991 5614 ε

2124 5556 2335 5629 ἀνίσχει
2361 5558 2481 5610 κατ’
2520 5554 2746 5625 ἀγροὺς,
2777 5553 2872 5604 καὶ
2911 5552 3011 5623 τῆς
3040 5549 3252 5608 ἀνωθεν
3296 5541 3549 5613 εὐλογίας
3583 5541 3741 5614 ἀνα--⁸

400 5760 406 5779 ε
512 5741 559 5782 ⁴⁸
590 5746 747 5805 Num.
782 5767 895 5813 χιχ,
922 5750 1012 5804 22.
1089 5747 1134 5781 “
1175 5747 1339 5803 Exod.
1378 5762 1534 5819 um,
1572 5747 1655 5804 19.
1736 5746 1777 5780 "
1804 5744 1977 5803 Levit.
2011 5759 2105 5812 vtt,
2144 5742 2230 5807 ll,
2267 5742 2350 5799 l2.
2424 5744 2471 5776 “
2503 5740 2607 5797 lsa.
2641 5740 2847 5803 tht.8.
2927 5741 2968 5772 ⁸⁷
3000 5738 3112 5796 Jcr.
3152 5746 3273 5795 HV.
3302 5728 3394 5785 Ὧι
