3982 6454
248 279 346 333 ΞΠ

1186 281 1747 343 COMMENTARIUS
1786 282 1859 342 IN
1894 284 2131 347 OSEAM
2170 287 2619 350 PROPIIE'I‘AM.

3451 305 3559 360 ‘2I8

248 397 639 471 πιμπλάμεθα,
676 400 768 454 τδν
796 400 986 475 νοητὸν
1019 404 1183 475 ἄρτον
1212 406 1559 478 τρεφόμενοι,
1593 410 1688 461 καὶ
1709 404 1850 463 οἶνον

1962 430 2192 483 superna
2254 418 2635 471 benedictione
2686 418 2979 487 replemur,
3024 437 3166 491 pane
3213 425 3313 479 sub
3358 427 3558 479 intelli-

248 492 467 562 ἔχοντες
495 492 590 545 τὸν
622 494 682 560 ἐξ
713 495 975 566 οὐρανοῦ,
1007 515 1027 547 ι
1068 496 1173 550 Τὸν
1224 499 1589 570 εὐφραίνοντα
1621 502 1852 573 καρδίαν

246 583 561 655 ἀνθρώπου.
603 604 621 636 ι
661 586 849 640 Ταῦτα
881 591 1096 659 φρονεῖν
1125 590 1418 661 ᾑρημένοι,
1449 594 1854 665 κατοικήσομεν

248 677 344 748 τὴν
402 677 573 745 ἁγίαν
612 678 741 747 γῆν.
812 680 1083 749 Ἑσόμεθα
1136 686 1242 754 γὰρ
1284 684 1421 752 μετὰ
1455 684 1615 748 Θεοῦ,
1667 687 1761 739 καὶ
1794 689 1853 740 ἐν

260 765 581 837 Ἀσσυρίοις
612 767 904 839 ἀκάθαρτα
935 770 995 821 οὐ
1051 770 1362 841 φαγόμεθα.
1430 773 1853 828 Κατασόσκουσι

244 857 353 927 γὰρ
378 857 439 911 ἐν
466 857 839 929 ἁκαθαρσίαις
863 858 990 922 τοὺς
1025 860 1354 930 προσιόντας
1385 861 1569 926 αὐτοῖς
1614 880 1632 915 ι
1669 864 1733 917 Οί
1759 882 1853 917 κοο

245 949 635 1022 σμοκράτορες
668 952 764 1003 τοῦ
798 951 997 1015 αἰῶνος
1016 952 1232 1017 τούτου,
1264 952 1335 1006 τὰ.
1372 956 1723 1027 πνευματικὰ
1754 957 1853 1028 τῆς

243 1043 517 1114 πονηρίας
552 1044 612 1095 ἐν
637 1045 751 1105 τοῖς
779 1045 1147 1115 ἐπουρανίοις.
1183 1066 1203 1098 ι

317 1135 380 1188 Τί
418 1134 719 1202 ποιήσετε
736 1135 807 1189 ἐν
832 1134 1023 1205 ἡμέρᾳ
1047 1141 1458 1210 πανηγύρεως,
1491 1140 1591 1195 καὶ
1620 1141 1691 1196 ἐν
1711 1141 1854 1213 ἠμέ-

236 1243 373 1294 ιαις
411 1224 634 1294 ἑορτῆς
664 1227 889 1295 Κυρίου
909 1244 929 1291 ;

311 1321 431 1384 ιιῑι.
453 1318 680 1390 Ἐπειδὴ
696 1319 805 1391 γάρ
829 1322 908 1384 εἰς
931 1319 1112 1388 τοῦτο,
1132 1322 1290 1392 φησί,
1317 1322 1854 1379 καθίκεσθεδυσϐου-

236 1407 358 1472 λίας
403 1409 507 1461 καὶ
552 1409 951 1480 ἀσεϐημάτων,
997 1411 1248 1485 βδελυροὶ
1296 1412 1354 1467 δὲ
1389 1412 1534 1467 οὕτω
1566 1414 1848 1484 γεγόνατε,

238 1504 334 1555 καὶ
365 1502 790 1575 ἁπηχθημὲνοι,
822 1507 975 1569 ποῖος
1003 1505 1133 1576 ὑμῖν
1164 1506 1274 1575 ἄρα
1318 1506 1577 1579 βοηθήσει
1608 1509 1848 1579 τρόπος;

236 1596 349 1666 ῆτί
383 1596 744 1669 πεπραχότες
794 1600 889 1652 καὶ
939 1598 1389 1671 βουλευσάμενοι,
1436 1601 1540 1672 τῆς
1572 1600 1716 1656 οὕτω
1744 1602 1853 1657 δει-

234 1690 332 1759 νῆς
368 1690 468 1743 καὶ
508 1692 719 1763 ἀγρίας
763 1692 1055 1747 ἐκνεύσετε
1106 1698 1431 1767 συμφορᾶς,
1468 1698 1595 1750 ὅταν
1654 1699 1688 1770 ἡ
1740 1696 1849 1770 ἐμὴ

1958 508 2193 575 gentiam
2243 510 2478 563 cadente
2528 510 2744 575 nutriti,
2795 523 2851 565 et
2902 513 3088 567 vinum
3137 516 3405 571 habentes
3440 534 3555 571 ca:-

1955 597 2113 665 Ieste,
2148 616 2166 650 t
2199 602 2340 669 quod
2380 601 2622 655 Letilicat
2665 618 2761 655 cor
2809 604 3127 660 hominis".
3158 625 3177 657 ι
3225 604 3299 659 Ita
3352 606 3553 675 aﬂ‘ecti,

1957 697 2160 743 terram
2214 701 2462 745 sanctam
2518 692 2909 749 habitabimus.
2959 694 3177 751 Erimus
3226 701 3370 751 enim
3430 713 3569 753 cum.

1957 781 2092 848 Deo,
2144 792 2199 837 et
2248 784 2396 838 inter
2442 783 2699 857 Assyrios
2741 786 3041 842 immundis
3089 804 3194 842 non
3242 805 3553 846 vescemur.

1954 872 2196 931 Pascnnt
2246 876 2391 931 enim
2454 877 2507 932 in
2567 878 2929 934 immunditiis
2985 882 3051 933 ad
3114 896 3175 935 se
3230 884 3553 939 accedentes

1960 970 2284 1041 «principes
2339 972 2521 1026 mundi
2584 972 2767 1042 hujus,
2821 972 3129 1043 spiritualia
3189 976 3444 1045 nequitia:
3499 978 3553 1031 in

1954 1060 2269 1118 cmlestibus
2289 1062 2357 1117 “.
2395 1082 2415 1117 ι

2030 1150 2192 1223 129
2238 1152 2379 1219 Quid
2407 1155 2615 1222 facietis
2655 1157 2710 1211 in
2741 1157 2826 1212 die
2870 1170 3176 1226 conventus,
3208 1171 3254 1215 et
3284 1163 3337 1214 in
3373 1161 3555 1219 diebus

1953 1242 2302 1299 solemnitatis
2362 1245 2621 1302 Domini?

2023 1334 2233 1394 XCVII.
2265 1338 2531 1402 Quoniam
2564 1341 2709 1395 enim
2737 1341 2841 1397 huc
2870 1359 3043 1414 usque
3071 1345 3212 1400 male
3243 1346 3398 1403 vobis
3423 1362 3555 1401 con-

1953 1427 2180 1485 sulendo
2206 1441 2259 1485 et
2292 1430 2459 1501 impie
2487 1434 2697 1502 agendo
2750 1439 3118 1505 processistis,
3170 1440 3415 1508 adeoque
3461 1440 3557 1493 de-

1954 1522 2235 1578 testabiles
2268 1531 2322 1577 et
2355 1525 2529 1579 odiosi
2578 1527 2866 1592 evasistis,
2914 1545 3151 1599 quonam
3200 1531 3360 1584 modo
3399 1532 3552 1588 vobis

1952 1617 2338 1670 Sttccurrctur?
2364 1626 2456 1671 aut
2480 1618 2609 1686 quid
2642 1619 2935 1689 incipietis,
2971 1622 3171 1691 quidve
3200 1624 3411 1677 consilii
3462 1639 3553 1679 ca-

1954 1710 2137 1778 pietis,
2168 1719 2225 1763 ut
2257 1720 2364 1764 tam
2390 1710 2562 1765 diram
2595 1721 2646 1767 et
2675 1722 2913 1768 atrocem
2950 1715 3310 1771 calamitatem
3329 1714 3552 1786 ell'ugia-

231 1781 463 1852 τελῆται
522 1786 858 1858 πανήγυρις,
913 1785 1266 1851 δαπανῶντος
1308 1788 1402 1841 τοῦ
1447 1788 1689 1861 πολέμου
1723 1791 1850 1855 τοὺς

1962 1803 2047 1869 Iis,
2082 1803 2301 1872 quando
2332 1804 2543 1859 scilicet
2578 1804 2723 1860 bello
2759 1804 3080 1861 absumente
3110 1808 3202 1876 qui
3258 1821 3343 1861 me
3376 1807 3550 1861 oﬂ‘en-

232 1875 644 1947 λελυπηκότας;
676 1876 887 1931 Οὐκοῦν
926 1877 1123 1949 ἑορτὴν
1158 1878 1294 1931 ἰδίαν
1338 1880 1598 1951 ὀνομάζει
1635 1881 1665 1932 ό
1694 1880 1849 1947 Θεὸς,

229 1969 322 2021 τὸν
350 1970 549 2041 καιρὸν
577 1970 844 2041 δηλονότι,
873 1971 1075 2025 καθ’ὃν
1102 1973 1129 2023 ὁ
1156 1972 1379 2046 Ἰσραὴλ
1400 1974 1669 2037 ἐξαιτοῖτο
1696 1974 1853 2053 δίκας

230 2060 340 2114 τῶν
372 2063 458 2125 εἰς
492 2062 661 2116 αὐτὸν
688 2064 1277 2135 πεπλημμελημένων.

300 2156 427 2226 Χρὴ
452 2156 764 2227 τοιγαροῦν
797 2157 876 2228 μὴ
898 2156 1090 2221 ἁπλῶς
1120 2156 1181 2210 τὸ
1205 2155 1399 2210 δοκοῦν
1428 2156 1852 2228 ἀπερισκέπτως

229 2248 530 2311 ἐπιτελεῖν,
568 2250 666 2302 καὶ
692 2251 810 2312 τοῖς
842 2249 1114 2319 παροῦσιν
1139 2248 1462 2319 ἐφήδεσθαι,
1500 2249 1850 2321 συναρπαζο-

232 2340 438 2411 μένους
503 2345 628 2405 ταῖς
680 2341 1002 2413 ἐπιθυμίαις
1048 2343 1129 2405 εἰς
1180 2342 1241 2395 τὸ
1290 2340 1662 2413 προσκρούειν
1707 2340 1848 2412 Θεῷ,

232 2435 573 2506 περιαθρείν
638 2433 697 2487 δὲ
752 2432 956 2504 μᾶλλον
985 2432 1083 2487 καὶ
1116 2433 1185 2486 τά
1210 2432 1472 2502 ἐσόμενα,
1515 2432 1612 2484 καὶ
1638 2430 1853 2485 διεκδύ-

229 2548 345 2585 νειν
380 2527 711 2596 ἐπείγεσθαι
742 2527 812 2582 τά
847 2528 914 2581 ἐκ
938 2527 1091 2590 Θείας
1124 2526 1317 2598 ὀργῆςσ
1349 2525 1587 2597 ἐσόμεθα
1616 2526 1729 2598 γὰρ
1756 2523 1851 2581 οὓ-

227 2641 307 2679 τω
335 2622 523 2692 σοφοὶ,
554 2622 650 2676 καὶ
674 2620 786 2675 τῶν
814 2619 1210 2693 συμφερόντων
1241 2620 1632 2691 ἐπιστήμονες.

299 2803 413 2856 Διὰ
434 2799 620 2856 τοῦτο
650 2798 786 2855 ἰδοὺ
808 2799 1171 2869 πορεύονται
1198 2798 1269 2853 ἐκ
1306 2798 1716 2867 ταλαιπωρίας
1751 2798 1851 2853 Al-

228 2900 500 2969 τύπτου,
527 2894 628 2950 καί
658 2893 969 2959 ἐκδέξεται
1001 2892 1227 2958 αὐτοὺς
1254 2892 1510 2961 Μέμφις,
1544 2890 1645 2945 καὶ
1668 2889 1851 2959 θάψει

229 2990 467 3058 αὐτοὺς
522 2987 807 3059 Μαχμάς.
867 2988 937 3041 Τὸ
993 2985 1282 3057 ἀργύριον
1351 2982 1552 3039 αὐτῶν
1600 2981 1851 3050 ὄλεθρος

226 3080 732 3152 κληρονομήσει,
808 3079 1063 3136 ἄκανθαι
1129 3078 1202 3131 ἐν
1269 3076 1396 3143 τοῖς
1449 3074 1850 3146 σκηνώμασιν

226 3176 460 3232 αὐτῶν.

302 3270 438 3338 εΗν.
471 3265 915 3340 Καταδῃούντων
944 3265 1045 3339 τὴν
1082 3267 1400 3337 Σαμάρειαν
1435 3266 1547 3320 τῶν
1591 3265 1851 3319 Βαϐυλω-

226 3366 389 3429 νίων,
413 3364 467 3416 οἰ
499 3362 785 3431 διαφυγεῖν
820 3360 1169 3432 ἰσχύσαντες,
1224 3360 1380 3431 μόλις
1412 3359 1737 3431 ἀπέδραμον
1770 3360 1853 3421 εἰς

226 3461 333 3531 τὴν
349 3455 707 3527 Αἰγυπτίων,
721 3455 889 3509 Ἀλλά
904 3456 1000 3509 καὶ
1022 3454 1193 3526 αὐτὴν
1210 3454 1443 3508 ἑλόντων
1463 3454 1564 3527 τὴν
1580 3454 1853 3524 Ἰερουσα-

226 3546 367 3616 λὴμ,
407 3545 469 3597 ἐν
509 3542 729 3613 χρόνοις
772 3540 873 3610 τῆς
911 3539 1180 3611 Ἰερεμίου
1230 3540 1610 3612 προφητείας,
1662 3536 1853 3607 εὐαρί-

1876 3161 1924 3223 C

1957 1894 2169 1959 derant,
2194 1896 2486 1952 celebritas
2512 1912 2629 1952 mea
2662 1900 2994 1970 peragetur?
3021 1898 3205 1968 Itaque
3237 1900 3553 1955 solemnita-

1958 1996 2065 2042 tem
2103 2004 2255 2042 suam
2285 1998 2444 2044 vocat
2480 1990 2641 2056 Deus,
2675 2000 2887 2063 tempus
2928 1993 3195 2056 videlicet,
3237 2010 3344 2063 quo
3386 1993 3553 2049 Israel

1956 2094 2180 2135 suorum
2218 2081 2272 2135 in
2305 2081 2481 2152 ipsum
2512 2094 2857 2152 peccatorum
2890 2098 3081 2153 pmnas
3116 2086 3186 2139 sit
3217 2088 3461 2141 daturus.

2028 2174 2389 2241 Quamobrem
2421 2176 2562 2244 quod
2600 2175 2853 2241 lubescit,
2882 2192 2985 2229 non
3018 2176 3343 2246 simpliciter
3377 2186 3431 2231 et
3470 2177 3549 2230 in-

1954 2267 2297 2323 considerate
2324 2269 2754 2336 exsequendum,
2803 2276 2857 2321 et
2898 2266 3260 2339 prtesentibus
3306 2269 3551 2336 gauden-

1953 2358 2078 2412 dttm
2104 2364 2207 2423 est,
2234 2358 2280 2413 si
2310 2373 2410 2411 uos
2439 2359 2764 2429 capiditates
2793 2366 2992 2413 nostra:
3035 2359 3099 2412 ad
3146 2358 3239 2413 Dei
3290 2358 3550 2413 oti'eusam

1952 2451 2303 2521 pertraltaut;
2340 2450 2434 2505 sed
2466 2450 2643 2504 futura
2687 2451 2867 2521 potius
2906 2450 3418 2517 circumspicienda,
3456 2465 3553 2501 cu-

1952 2543 2291 2612 randumque
2322 2543 2533 2607 sedulo,
2571 2545 2645 2598 ttti
2680 2544 2960 2612 suppliciis
3008 2545 3075 2596 ab
3120 2543 3261 2597 irato
3301 2542 3412 2595 Deo
3452 2543 3555 2595 int-

1951 2634 2235 2688 mittendis
2267 2633 2569 2689 elabamur.
2604 2633 2696 2690 Sic
2726 2636 2870 2689 enim
2902 2635 3179 2704 sapientes
3208 2644 3263 2690 et
3298 2635 3553 2689 utilitatis

1952 2736 2155 2781 nostra).
2183 2726 2420 2781 scientes
2448 2727 2673 2781 erimus.

2023 2816 2189 2873 Vens.
2223 2818 2278 2883 5,
2311 2816 2365 2873 6.
2417 2818 2644 2884 Propter
2691 2820 2791 2873 hoc
2841 2834 2957 2875 ecce
3020 2819 3169 2873 ibunt
3221 2835 3287 2874 ea:
3339 2818 3555 2872 miseria

1951 2910 2194 2983 Εθῃριὶ,
2216 2922 2266 2965 et
2287 2911 2531 2982 suscipiet
2558 2927 2645 2965 eos
2664 2911 2945 2983 Memphis,
2965 2922 3010 2966 et
3033 2911 3244 2979 sepeliet
3265 2928 3351 2965 eos
3373 2911 3556 2964 Mar/t-

1951 3022 2087 3059 mas.
2133 3004 2425 3074 Argentum
2474 3006 2610 3059 enim
2661 3022 2844 3059 eorum
2894 3006 3140 3060 interitus
3193 3004 3556 3071 Itwreditabit;

1952 3101 2121 3170 spinw
2146 3100 2206 3155 in
2241 3100 2596 3155 tabernaculis
2627 3116 2830 3155 eorum.

2026 3277 2257 3334 XCVIII.
2314 3278 2676 3334 Vastantibus
2727 3278 3034 3333 Samartam
3086 3277 3421 3349 Babyloniis,
3462 3274 3557 3348 qui

1954 3370 2189 3442 eﬂ‘ugere
2232 3380 2544 3440 potuerunt,
2584 3372 2675 3425 vix
2725 3371 2778 3425 in
2828 3368 3125 3442 Egyptum
3175 3377 3555 3440 penetrarunt.

1954 3464 2055 3531 Qui
2087 3479 2208 3519 cum
2257 3474 2314 3519 et
2356 3465 2529 3533 ipsam
2570 3463 3028 3535 Hierosolymam,
3090 3461 3327 3533 Ieremia
3365 3462 3559 3517 vatici-

1955 3564 2140 3620 nante,
2174 3563 2524 3617 evertissent,
2554 3554 2869 3623 paucissimi
2903 3553 2970 3609 de
3005 3554 3147 3608 tribu
3177 3553 3312 3608 Juda
3341 3552 3557 3607 ctBen-

227 3638 439 3711 θμητοι
488 3636 690 3708 κομιδῇ
731 3634 1171 3707 κατελείφθησαν
1204 3636 1271 3689 ἐκ
1313 3634 1416 3705 τῆς
1462 3634 1631 3687 Ἰούδα
1676 3632 1850 3703 φυλῆς

1962 3648 2119 3709 iamin
2154 3646 2350 3712 relicti,
2390 3646 2444 3699 in
2478 3644 2775 3717 Egyptum
2812 3662 2870 3701 se
2902 3647 3282 3711 contulerunt;
3336 3643 3558 3699 tametsi

226 3737 323 3791 καὶ
348 3732 644 3803 Βενιαμίν.
677 3724 839 3786 Οὗτοί
865 3747 927 3784 τε
953 3728 1206 3799 εἰσῆλθον
1236 3729 1318 3793 εἰς
1344 3726 1646 3796 Αἴγυπτον,
1671 3725 1849 3779 καίτοι

230 3823 676 3899 παρεγγυῶντος
706 3820 845 3877 Θεοῦ
860 3820 951 3875 διὰ
974 3818 1464 3892 φωνῆςἹερεμίου,
1486 3819 1582 3871 καὶ
1596 3818 1849 3885 λέγοντος

226 3919 515 3992 ἐναργῶς,
554 3917 629 3989 μὴ
652 3918 854 3989 χρῆναι
887 3914 1127 3987 βαδίζειν
1171 3913 1274 3984 τὴν
1306 3912 1642 3982 ἐνεγκοῦσαν
1684 3911 1851 3980 ἀφέν-

226 4030 329 4078 τας
362 4015 450 4077 εἰς
481 4011 586 4081 τὴν
617 4009 962 4078 Αἰγυπτίων,
1001 4006 1358 4077 ἠπειληκότος
1396 4005 1477 4069 δὲ,
1526 4007 1610 4058 ὅτι
1652 4003 1760 4058 κᾶν
1799 4004 1848 4056 εἰ

225 4112 395 4167 τοῦτο
416 4109 593 4181 δρῷεν
619 4107 772 4180 παρα
791 4108 853 4159 τὸ
872 4105 1021 4175 αὐτῷ
1038 4102 1251 4168 δοκοῦν,
1275 4101 1707 4173 περιπεσοῦνται
1736 4100 1851 4163 τοῖς

230 4205 401 4268 ίσοις,
445 4201 480 4273 ἢ
529 4202 648 4265 τοῖς
682 4199 765 4253 ἔτι
814 4198 1261 4269 φορτικωτέροις.
1323 4196 1478 4265 Ἔχει
1515 4194 1573 4247 δὲ
1610 4192 1756 4247 οὕτω
1787 4192 1851 4246 τὸ

226 4291 893 4369 γεγραμμένονίΟῦτως
906 4287 1028 4345 εἷπε
1057 4291 1265 4363 Κύριος
1285 4304 1300 4320 ·
1377 4288 1505 4342 Ἐάν
1531 4288 1690 4358 ὑμεῖς
1713 4287 1849 4341 δῶτε

224 4392 289 4444 τὸ
324 4390 632 4461 πρόσωπον
656 4386 813 4458 ὑμῶν
842 4388 924 4451 εἰς
957 4383 1236 4454 Αἴγυπτον
1269 4384 1364 4438 καὶ
1413 4380 1697 4453 εἰσέλθητε
1731 4382 1851 4434 ἐκεῖ

226 4484 329 4537 τοῦ
398 4482 703 4545 κατοικεῖν,
741 4478 839 4533 καὶ
878 4479 1054 4543 ἔσται,
1090 4479 1123 4548 ὴ
1160 4475 1407 4549 ῥομφαία
1449 4476 1517 4544 ἣν
1551 4474 1849 4576 {JF-dav?
1880 4520 1926 4576 ι)

225 4574 425 4629 ὕείσθε
452 4573 565 4627 ἀπὸ
593 4570 891 4644 προσώπου
921 4571 1114 4640 αὐτῆς,
1139 4570 1365 4641 εὑρήσει
1404 4568 1551 4638 ὑμᾶς
1581 4568 1639 4619 ἐν
1678 4564 1848 4633 Αἰγύ-

228 4685 414 4739 πτῳ.»
463 4665 689 4737 Ἐπειδὴ
717 4664 827 4736 γάρ
855 4666 978 4727 ταῖς
1002 4662 1320 4733 Αἰγυπτίων
1355 4658 1701 4731 ἐπικουρίαις
1726 4661 1849 4712 ἐπι-

228 4761 621 4833 θαρσήσαντες
642 4758 1007 4830 ἀντεφέροντο
1032 4760 1147 4820 τοίς
1175 4753 1566 4817 Βαϐυλωνίοις,
1590 4750 1848 4824 ταύτῃτοι

228 4852 614 4923 λελυπημένοι
678 4850 820 4922 μετὰ
862 4850 963 4921 τὴν
1001 4849 1112 4904 τῶν
1160 4847 1558 4921 Ἱεροσολύμων
1603 4845 1699 4899 καὶ
1747 4844 1848 4914 τῆς

231 4945 562 5017 Σαμαρείας
586 4944 814 5009 ἅλωσιν,
852 4942 1159 5013 ἐτράποντο
1204 4940 1347 4995 κατά
1386 4940 1497 4993 τῶν
1529 4936 1848 5006 Αἰγυπτίων

232 5042 282 5091 οἱ
332 5036 701 5101 Βαϐυλώνιοι,
746 5035 841 5090 καὶ
891 5036 1135 5108 ἀμογητὶ¹
1163 5035 1508 5105 νενικήκασι,
1555 5031 1676 5084 τότε
1712 5048 1850 5102 συμ-

232 5130 446 5203 ϐέϐηκε
479 5130 609 5193 τοὺς
656 5127 1108 5200 περιλειφθέντας
1143 5126 1203 5192 ἐξ
1244 5125 1515 5181 Ἰουδαίων
1547 5123 1853 5178 συνδιόλλυ-

236 5225 368 5277 σθαι
412 5224 531 5286 τοῖς
571 5222 913 5290 Αἰγυπτίοις.
952 5221 1015 5273 Οἰ
1065 5221 1122 5274 δὲ
1178 5219 1243 5289 δὴ
1304 5220 1593 5286 διαφυγεῖν
1650 5216 1751 5287 τὴν
1792 5218 1852 5270 ἐν

234 5317 511 5388 Αἰγύπτῳ
566 5316 947 5387 ταλαιπωρίαν
1005 5314 1347 5384 ἰσχύσαντες,
1385 5311 1539 5381 μόλις
1590 5312 1852 5365 ἐπέκεινα

236 5410 676 5480 δεδραμήκασιν,
708 5408 804 5462 ἐπὶ
833 5409 935 5480 τὴν
970 5406 1251 5479 Ἀρκάδων
1283 5405 1453 5468 ἰόντες
1487 5404 1692 5475 χώραν.
1738 5405 1851 5459 Καὶ

236 5502 317 5566 ὡς
342 5503 420 5566 εἰς
464 5502 623 5555 πόλιν
667 5502 1025 5573 ὀχυρωτάτην
1062 5500 1424 5571 κατῳκήκασι
1470 5496 1568 5568 τὴν
1597 5497 1846 5569 Μέμφιν,

238 5594 337 5647 καὶ
365 5592 467 5665 τὴν
496 5593 765 5667 Μαχμάς,
795 5593 960 5665 ἑτέρα
983 5594 1041 5648 δέ
1062 5592 1200 5665 αῦτη
1235 5589 1436 5662 γείτων
1465 5607 1566 5643 που
1605 5590 1844 5654 πάντως,

1953 3740 2095 3794 Deus
2119 3755 2215 3810 per
2242 3738 2537 3795 Jeremiam
2599 3753 2860 3808 expresse
2904 3739 3102 3807 jubens
3159 3739 3395 3803 dixerat,
3448 3753 3559 3791 non

1953 3847 2076 3888 esse
2119 3833 2225 3887 illis
2266 3833 2443 3901 patria
2495 3832 2713 3888 deserta
2774 3833 3185 3903 ingrediendum
3238 3831 3557 3902 Egyptum,

1953 3925 2320 3982 comminatus
2351 3925 2593 3992 insuper,
2628 3925 2672 3979 si
2722 3925 2775 3979 id
2801 3941 2859 3979 se
2906 3926 3123 3981 nolente
3173 3926 3453 3991 iecissent,
3504 3924 3561 3978 in

1953 4016 2182 4083 similes,
2208 4026 2297 4072 aut
2325 4016 2489 4070 etiam
2522 4017 2805 4087 graviores
2838 4017 3180 4072 calamitates
3215 4018 3556 4071 incursuros.

1956 4114 2048 4168 Sic
2081 4122 2264 4167 autem
2294 4119 2380 4166 est
2407 4111 2474 4165 ad
2515 4108 2778 4165 verbum:
2816 4129 2833 4161 ι
2863 4109 2955 4164 Sic
2986 4110 3122 4163 dixit
3156 4111 3417 4165 Dominus
3450 4127 3462 4163 :
3500 4109 3559 4164 Si

1955 4221 2052 4261 vos
2094 4205 2356 4261 dederitis
2391 4203 2582 4259 l‘aeiem
2630 4212 2869 4259 vestram
2918 4203 2971 4257 in
3015 4201 3337 4273 .‘Egyptum,
3368 4211 3421 4256 et
3475 4202 3559 4255 in-

1953 4298 2126 4369 gressi
2180 4297 2393 4352 fueritis
2444 4296 2571 4351 illuc
2614 4304 2674 4351 ut
2724 4295 3011 4362 habitetis;
3065 4286 3141 4351 et
3181 4294 3307 4363 erit,
3345 4295 3558 4366 gladius

1954 4405 2116 4458 quem
2153 4404 2248 4444 vos
2273 4388 2576 4444 formidatis
2604 4403 2634 4443 a
2675 4388 2814 4444 faeie
2860 4388 3000 4460 ejus,
3057 4388 3298 4444 inveniet
3347 4403 3444 4443 vos
3502 4388 3557 4444 iu

1957 4480 2195 4553 [Egypto
2225 4481 2295 4535 '°.
2338 4500 2357 4533 ι
2395 4478 2695 4555 Postquam
2728 4480 2876 4535 enim
2914 4478 3297 4554 Egyptiorum
3339 4480 3559 4536 auxiliis

1956 4575 2100 4640 freti,
2135 4573 2449 4645 Babyloniis
2481 4574 2820 4641 restiterunt,
2852 4588 3027 4643 eaque
3056 4588 3115 4628 re
3149 4573 3348 4628 irritati
3380 4572 3560 4643 Baby-

1954 4665 2109 4732 lonii,
2140 4664 2515 4735 Hierosolyma
2547 4674 2603 4721 et
2632 4664 2882 4721 Samaria
2913 4664 3238 4736 subiugatis,
3292 4666 3344 4719 iu
3390 4663 3562 4735 Egy—

1957 4759 2101 4829 ptios
2129 4767 2440 4825 moverunt,
2472 4772 2538 4814 ac
2577 4758 2725 4813 nullo
2779 4758 3000 4829 negotio
3033 4758 3100 4814 de
3144 4758 3212 4814 iis
3260 4758 3562 4828 triumpha-

1962 4859 2105 4916 ruut,
2156 4862 2270 4905 tum
2306 4850 2398 4920 qtti
2431 4850 2714 4907 restabant
2745 4849 2913 4907 Judaei
2947 4851 3106 4907 simul
3136 4866 3258 4907 cum
3290 4851 3562 4922 Egyptiis

1958 4944 2262 5015 perierunt.
2300 4942 2511 5010 Quibus
2543 4954 2727 4999 autem
2760 4943 3040 4999 miseriam
3076 4943 3389 5015 Egyptiam
3437 4945 3561 5015 iuga

1958 5039 2135 5093 vitare
2169 5035 2343 5102 licuit,
2394 5022 2611 5092 tandem
2653 5036 2707 5091 in
2753 5037 3025 5092 Arcadum
3074 5036 3351 5108 regionem
3396 5051 3564 5093 vene-

1960 5138 2108 5196 runt,
2141 5139 2196 5185 et
2220 5128 2517 5198 Memphim
2560 5128 2776 5194 urbem,
2828 5136 2888 5182 ut
2930 5126 3380 5194 munitissimam,
3412 5130 3565 5183 inco-

1956 5222 2192 5291 luerunt,
2236 5223 2397 5296 130
2419 5222 2700 5295 Maebmas
2731 5222 2859 5278 item
2890 5221 3052 5276 aliam
3098 5220 3306 5286 urbem,
3343 5230 3398 5276 et
3428 5220 3565 5275 viei-

1955 5330 2082 5370 nam
2126 5296 2415 5385 planepet
2470 5314 2696 5385 reliquis
2740 5313 3137 5369 ﬂorentior-em.
3194 5311 3270 5366 Ibi
3318 5325 3561 5383 quoque,

1953 5405 2218 5461 confectis
2244 5405 2498 5465 videlicet
2532 5405 2708 5476 longis
2734 5404 2860 5458 vitae
2891 5402 3104 5472 spatiis,
3132 5401 3409 5466 obierunt,
3436 5417 3561 5458 cum

1952 5498 2008 5552 in
2041 5496 2281 5555 Judaaam
2313 5498 2512 5554 reverti
2556 5497 2952 5562 nequivissent.
3002 5492 3097 5565 Ait
3137 5507 3301 5563 porro
3342 5509 3561 5551 rursum

1949 5587 2219 5648 Jeremias
2240 5590 2325 5646 bis
2352 5588 2538 5648 verbis
2570 5604 2583 5643 :
2621 5605 2641 5641 ι
2681 5584 2911 5658 Propter
2933 5585 3037 5644 hoc
3068 5584 3149 5644 sic
3192 5584 3326 5665 dicit
3373 5585 3557 5643 Domi-

318 5755 361 5788 ⁸³
400 5770 568 5828 Eccli.
596 5786 680 5833 ιι,
725 5768 815 5827 20.
894 5772 938 5804 "
982 5768 1176 5839 Epltes.
1209 5785 1282 5839 vt,
1320 5769 1405 5825 Ii.
1483 5767 1529 5799 ⁵ο
1561 5764 1670 5822 Jcr.
1704 5779 1794 5835 XL,
1825 5763 1918 5833 I5,
1950 5766 2036 5820 I6.
