3982 6516
402 391 508 448 219

1427 395 1486 450 S.
1527 390 1804 449 CYRILLI
1843 391 2316 450 ALEXANDRINI
2354 394 2676 450 ARCHIEP.

3581 399 3692 452 9.228

405 527 507 566 nus
541 529 553 565 :
594 509 732 564 Ecce
779 526 878 580 ego
922 527 1061 580 pono
1109 512 1299 568 faciem
1341 527 1541 579 meam,
1583 524 1643 568 ut
1683 513 1990 584 disperdam

2111 515 2192 569 cui
2219 514 2327 568 τῶν
2358 515 2534 569 ἄλλων
2562 515 2938 585 ἐπισημοτέρα
2967 514 3138 578 πόλις.
3197 515 3344 567 Ἐκεῖ
3393 515 3496 568 καὶ
3538 532 3696 567 τετε-

403 618 595 657 omnes
627 603 861 671 reliquos
886 605 938 658 in
984 604 1242 676 IEgypto,
1289 615 1343 661 et
1376 605 1571 660 cadent
1609 605 1659 659 in
1698 606 1896 675 gladio,
1933 614 1987 661 et

406 695 635 750 infame
669 696 920 750 deﬁcient
971 712 999 750 a
1041 713 1207 765 parvo
1247 713 1416 769 usque
1479 698 1546 752 ad
1599 712 1873 766 magnum,
1932 707 1988 750 et

405 798 569 840 erunt
597 787 648 840 in
688 788 1058 857 opprobrium,
1103 800 1157 844 et
1193 790 1244 844 in
1295 790 1672 861 perditionem,
1705 796 1759 844 et
1786 789 1839 843 in
1872 803 1989 842 ma-

404 877 772 933 ledictionem.
811 879 874 932 Et
924 880 1155 934 visitabo
1209 896 1374 951 super
1424 883 1679 937 sedentes
1744 880 1798 934 in
1845 889 1988 934 terra

403 966 642 1038 Egypti.
677 969 742 1022 Et
771 985 874 1023 non
905 971 1011 1026 erit
1052 971 1291 1026 salvatus
1329 972 1468 1027 ullus
1512 973 1580 1028 de
1609 972 1829 1042 reliquis
1852 970 1988 1026 Juda

405 1060 878 1128 peregrinantibus
909 1063 960 1115 in
1005 1070 1148 1115 terra
1192 1062 1431 1132 Egypti,
1485 1073 1543 1118 ut
1589 1070 1888 1118 revertatur
1935 1061 1988 1115 in

407 1159 608 1204 terram
637 1149 793 1216 Juda,
825 1153 890 1204 ad
931 1168 1090 1221 quam
1144 1153 1242 1222 ipsi
1285 1164 1507 1222 sperant
1553 1153 1834 1208 animabus
1879 1152 1992 1208 suis

408 1238 608 1291 reverti
643 1237 789 1293 illuc.
825 1238 939 1293 Non
978 1251 1318 1295 revertentur
1350 1242 1416 1295 δι.
1461 1260 1480 1294 ι
1526 1242 1696 1297 Audis
1748 1251 1991 1296 mortuos

408 1343 530 1384 esse
561 1331 609 1382 in
637 1329 894 1399 IEgypto,
932 1332 1091 1385 etiam
1119 1332 1228 1388 illic
1257 1334 1438 1388 divina
1476 1349 1570 1390 eos
1623 1335 1827 1389 ultione
1871 1348 1994 1403 per-

410 1420 711 1488 sequente?
743 1421 874 1474 Cum
913 1421 1073 1491 igitur
1106 1424 1321 1478 miseria
1357 1425 1408 1478 in
1439 1424 1675 1497 [Egypto
1701 1425 1991 1491 declinata,

411 1509 722 1578 Memphim,
755 1518 811 1564 ut
837 1511 888 1565 in
924 1513 1111 1566 urbem
1149 1515 1468 1581 praeclaram
1501 1517 1840 1580 advenerint,
1869 1532 1991 1572 susv

410 1603 574 1671 cipiet
606 1605 821 1670 quidem
865 1619 994 1669 eos;
1051 1616 1423 1661 verumtamen
1464 1608 1516 1663 in
1553 1607 1831 1664 Maclnnas
1881 1623 1996 1662 mo-

411 1693 640 1746 rientur.
665 1694 774 1750 Hoc
796 1695 937 1749 enim
958 1696 1062 1751 sibi
1081 1697 1211 1762 vult,
1246 1697 1512 1765 «Sepelict
1535 1713 1626 1753 eos
1645 1698 1942 1754 Machmas.
1968 1716 1987 1750 ι

411 1784 674 1851 Quocirca
713 1786 911 1840 infesto
946 1788 1075 1850 Deo,
1119 1804 1276 1843 nemo
1321 1789 1580 1858 periculis
1621 1790 1879 1859 agitatum
1926 1789 1993 1844 ad

2089 605 2408 676 λευτήκασι,
2446 606 2690 676 μακροὺς
2713 606 2957 675 δηλονότι
2987 605 3407 669 διατελέσαντες
3432 607 3693 676 χρόνους,

2091 697 2457 766 ὑπονοστήσαί
2507 715 2568 750 τε
2622 697 2697 767 μὴ
2747 697 3068 768 δυνηθέντες
3128 681 3208 760 εἰς
3251 697 3349 767 τὴν
3396 697 3694 751 Ἰουδαίαν.

2095 789 2239 858 Ἔφη
2287 788 2343 840 δὲ
2391 787 2534 840 οὕτω
2587 786 2746 839 πάλιν
2777 787 2806 839 ὁ
2835 789 3124 857 προφήτης
3175 787 3474 858 Ἱερεμίας·
3527 805 3547 837 ι
3597 788 3698 840 Διὰ

2089 878 2246 930 τοῦτο
2301 878 2475 940 οὕτως
2523 874 2644 930 εἷπε
2688 876 2927 947 Κύριος·
2979 875 3108 930 Ἰδοὺ
3149 876 3259 944 ἐγὼ
3303 876 3586 944 ἐφίστημι
3636 876 3701 928 τὸ

2091 969 2380 1040 πρόσωπόν
2413 987 2538 1039 μου,
2578 968 2673 1021 τοῦ
2717 968 2979 1022 ἀπολέσαι
3025 969 3236 1032 πάντας
3265 970 3398 1032 τοὺς
3431 969 3699 1021 καταλοίο
3735 979 3738 981 ‘

2091 1077 2230 1124 πους
2276 1061 2405 1124 τοὺς
2451 1062 2508 1113 ἐν
2557 1059 2842 1131 Αἰγύπτῳ,
2878 1061 2972 1112 καὶ
3004 1061 3250 1112 πεσεῖται
3301 1061 3362 1112 ἐν
3414 1059 3697 1130 ῥομφαία,

2092 1152 2187 1204 xui
2215 1153 2274 1204 ἐν
2307 1151 2450 1220 λιμῷ
2480 1152 2823 1221 ἐκλείψουσιν
2861 1151 2969 1205 ἀπὸ
3018 1150 3215 1222 μικροῦ
3267 1150 3378 1213 ἕως
3421 1149 3695 1220 μεγάλου,

2093 1242 2188 1294 καὶ
2214 1241 2426 1294 ἔσονται
2457 1244 2536 1303 εἰς
2556 1242 2882 1312 ὀνειδισμὸν,
2910 1242 3005 1295 xui
3038 1242 3118 1305 είς
3142 1240 3449 1295 ἀπώλειαν.
3487 1239 3586 1292 xui
3616 1242 3701 1302 εἰς

2094 1331 2357 1402 κατάραν.
2405 1333 2513 1384 Καὶ
2546 1332 2915 1402 ἐπισκέψομαι
2957 1331 3048 1383 ἐπὶ
3079 1330 3216 1393 τοὺς,
3244 1329 3606 1400 καθημένους
3639 1331 3698 1382 ἐν

2095 1428 2164 1496 γῇ
2197 1425 2476 1494 Αἰγύπτῳ.
2509 1423 2622 1476 Καὶ
2654 1423 2754 1476 οὐκ
2783 1423 2937 1476 ἐσται
2980 1423 3320 1493 σεσωσμένος
3359 1421 3546 1485 οὐδεὶς
3587 1421 3698 1474 τῶν

2095 1515 2389 1570 ἐπιλοίπων
2427 1515 2619 1576 Ἰούδα,
2643 1515 2752 1568 τῶν
2781 1516 3190 1586 παροικούντων
3219 1518 3275 1568 ἐν
3299 1518 3374 1584 γῇ
3401 1513 3695 1582 Αἰγύπτῳ,

2095 1604 2188 1659 τοῦ
2222 1603 2549 1675 ἐπιστρέψαι
2581 1606 2660 1668 εἰς
2694 1604 2798 1674 γῆν
2843 1605 3033 1672 Ἰούδα,
3086 1608 3169 1673 ἐφ’
3197 1606 3266 1676 ἣν
3319 1604 3484 1657 αὐτοὶ
3541 1602 3698 1655 ἐλπί-

2095 1697 2246 1762 ζουσι
2275 1698 2396 1757 ταῖς
2431 1694 2629 1766 ψυχαῖς
2672 1695 2852 1748 αὐτῶν
2905 1697 3000 1749 τοῦ
3048 1695 3382 1767 ἐπιστρέψαι
3425 1696 3569 1746 ἐκεῖ.
3623 1693 3697 1746 Οὐ

2101 1785 2176 1856 μὴ
2211 1783 2634 1856 ἐπιστρέψωσιν.
2679 1802 2698 1834 ι
2749 1784 2992 1848 ’Λκούεις
3025 1786 3109 1838 ὅτι
3138 1784 3609 1852 τετελευτήκασιν
3641 1783 3698 1834 ἐν

412 1876 642 1931 salutem
674 1879 953 1947 pristinam
1000 1881 1305 1947 revocabit;
1353 1883 1444 1935 sed
1477 1897 1801 1952 quocunque
1840 1883 1998 1937 iverit

2111 1855 2387 1946 Αἰγύπτῳ,
2413 1875 2575 1928 κάκεῖ
2595 1877 2694 1946 τῆς
2717 1874 2867 1939 θείας
2895 1875 3079 1938 αὐτοῖς
3102 1876 3270 1945 ὀργῆς
3309 1873 3697 1943 ἐπενηνεγμέο

413 1967 703 2037 quispiam,
759 1971 877 2038 ejus
916 1971 1053 2025 iram
1105 1973 1435 2042 experietur.
1494 1974 1560 2028 Et
1607 1975 1718 2029 haec
1775 1974 1992 2044 quidem

415 2059 547 2129 ipsis
573 2060 624 2112 in
656 2059 891 2130 AEgypto
924 2061 1101 2117 futura
1141 2075 1345 2118 narrat.
1383 2063 1646 2131 Quoniam
1677 2080 1803 2119 vero
1829 2066 1992 2120 etiam

415 2165 447 2204 e
477 2151 680 2206 divitiis
706 2155 819 2206 suis
857 2168 978 2208 eum
1008 2153 1363 2221 ollendcrunt,
1400 2139 1750 2226 (Argentum
1769 2159 1912 2210 enim
1941 2165 1996 2211 et

416 2257 607 2297 aurum
633 2259 786 2298 suum
816 2243 1063 2299 fecerunt
1093 2246 1194 2300 sibi
1227 2246 1364 2301 idola
1399 2247 1464 2312 ⁵³,
1501 2265 1520 2298 ι
1559 2247 1754 2316 inquit,
1797 2247 2000 2302 idcirco

417 2334 590 2403 ipsum
617 2335 741 2403 jure
776 2337 1026 2390 interitus
1059 2338 1417 2403 hmreditabit,
1454 2341 1553 2392 hoc
1583 2347 1687 2403 est,
1733 2353 1852 2394 sors
1897 2339 2002 2392 erit

364 2486 370 2490 ,
415 2429 679 2483 vastatori
713 2447 727 2482 :
763 2430 1039 2484 interitum
1090 2429 1234 2484 enim
1299 2438 1459 2484 vocat
1488 2429 1792 2500 Assyrium,
1824 2438 1880 2483 ut
1911 2429 2002 2498 qui

417 2517 564 2574 ferus
593 2529 646 2573 et
674 2521 906 2574 crudelis
943 2523 994 2574 in
1029 2521 1397 2575 exscindendo
1443 2521 1845 2590 praeliandoque
1888 2519 2003 2575 fue-

416 2610 506 2665 rit.
543 2609 919 2665 Producentur
948 2622 1126 2665 autem
1161 2623 1216 2664 et
1246 2630 1264 2662 ‹
1299 2612 1489 2681 ερὶιιςιξ,
1521 2612 1712 2681 inquit,
1741 2612 1793 2664 in
1822 2612 2001 2666 taber-

417 2700 625 2755 naculis
652 2715 858 2755 eorum.
894 2720 912 2754 ι
947 2701 1025 2756 Ad
1057 2713 1261 2758 tantam
1295 2705 1490 2772 quippe
1525 2704 1874 2758 solitudinem
1918 2719 2002 2758 re-

416 2793 588 2847 dactae
621 2803 746 2847 sunt
771 2793 953 2859 urbes,
985 2804 1043 2848 ut
1075 2796 1244 2864 spinis
1270 2795 1634 2864 replerentur,
1663 2796 1804 2866 quod
1844 2806 2002 2852 terra:

417 2881 573 2936 invia:
601 2892 657 2937 et
690 2883 947 2937 desolata:
975 2884 1186 2954 signum
1222 2893 1327 2938 est.

2103 1983 2236 2037 νης;
2267 1967 2434 2019 Ὅταν
2465 1966 2646 2020 τοίνυν
2665 1966 2766 2037 τὴν
2798 1968 2856 2019 ἐν
2887 1966 3146 2037 Αἰγύπτῳ
3175 1965 3560 2036 ταλαιπωρίαν
3597 1981 3699 2016 πα-

2102 2060 2471 2132 ραιτούμενοι,
2504 2060 2759 2131 καθάπερ
2794 2062 2872 2124 είς
2912 2061 3181 2130 ἐπίσημον
3224 2059 3386 2113 πόλιν
3418 2059 3701 2128 ἀφίκοιντο

2099 2152 2198 2224 τὴν
2229 2153 2472 2222 Μέμφιν,
2497 2151 2777 2216 ἐκδέξεται
2814 2153 2913 2223 μὲν
2940 2153 3160 2216 αὐτοὺς,
3184 2151 3328 2222 πλὴν
3361 2152 3422 2203 ἐν
3457 2149 3698 2218 Μαχμάς

2097 2242 2463 2314 τεθνήξονται.
2489 2241 2661 2296 Τοῦτο
2683 2243 2790 2315 γὰρ
2810 2245 2891 2307 τὸ,
2921 2263 2938 2293 ι
2967 2243 3139 2314 Θάψει
3157 2244 3362 2305 αὐτοὺς
3386 2242 3652 2310 Μαχμάς.
3675 2258 3694 2290 ι

2103 2336 2271 2389 Ὅταν
2307 2335 2488 2388 τοίνυν
2521 2334 2695 2407 διώκῃ
2721 2335 2875 2398 Θεὸς,
2921 2336 3097 2398 οὐδεὶς
3138 2334 3421 2387 ἀνασώσει
3455 2334 3547 2386 τὸν
3599 2351 3701 2386 κιν-

2101 2426 2410 2490 δυνεύοντα,
2431 2425 2546 2479 ἀλλ’
2579 2425 2816 2498 ἔνθαπερ
2840 2426 2906 2480 ἂν
2935 2426 3005 2478 ἴοι
3029 2444 3132 2489 τις,
3166 2427 3286 2479 ἐκεῖ
3322 2425 3701 2495 περιτεύξεται

2103 2517 2182 2589 τῷ
2212 2517 2388 2588 θυμῷ.
2425 2517 2537 2572 Καὶ
2571 2519 2730 2571 ταυτὶ
2768 2517 2866 2588 μὲν
2898 2518 3084 2580 αὐτοῖς
3109 2519 3168 2569 ἐν
3197 2516 3475 2586 Αἰγύπτῳ
3505 2515 3702 2585 συμϐή·

2107 2608 2295 2661 σεσθαι
2329 2607 2497 2676 λέγει.
2533 2608 2756 2680 Ἐπειδὴ
2795 2609 2852 2661 δὲ
2887 2611 2983 2662 καὶ
3030 2613 3142 2673 τοῖς
3199 2609 3259 2674 ἐξ
3311 2610 3445 2664 ἰδίου
3479 2608 3703 2662 πλούτου

2105 2701 2472 2769 λελυπήκασι,
2513 2720 2531 2752 ι
2567 2701 2641 2754 Τὸ
2663 2701 2771 2772 γὰρ
2794 2701 3060 2771 ἀργύριον
3093 2703 3308 2769 αὐτῶν,
3359 2702 3537 2756 καὶτὸ
3577 2718 3704 2773 χρυ-

2109 2792 2225 2847 σίον
2255 2793 2520 2864 ἐποίησαν
2557 2794 2772 2856 ἑαυτοῖς
2818 2793 3035 2858 εἴδωλα,
3077 2812 3094 2845 ι
3144 2799 3307 2864 φησι,
3339 2793 3602 2866 ταύτῃτοι
3624 2792 3699 2844 δι-

2108 2885 2278 2948 καίως
2307 2884 2529 2955 ὄλεθρος
2552 2886 2714 2938 αὑτὸν
2736 2886 3159 2956 κληρονομήσει,
3187 2887 3466 2949 τουτέστι,
3499 2884 3697 2954 κλῆρος

416 2973 570 3028 ἔσται
623 2973 702 3046 τῷ
751 2975 1068 3048 ὀλοθρευτῇ.
1133 2977 1392 3048 Ὀλεθρον
1445 2979 1556 3049 γὰρ
1613 2977 1880 3030 ἀποκαλεῖ
1917 2977 2008 3030 τὸν
2045 2977 2357 3048 Ἀσσύριον,
2421 2977 2497 3040 ὡς
2535 2979 2742 3046 ἀγρίως
2770 2995 2852 3043 τε,
2918 2980 3011 3032 καὶ
3040 2981 3267 3049 ἀπηνῶς
3317 2979 3574 3033 ἀνελόντα
3611 2968 3699 3032 καὶ

419 3070 826 3141 μεμαχημένον.
870 3070 1258 3138 Ἀναφύσονται
1322 3073 1377 3125 δὲ
1405 3075 1497 3126 xui
1533 3092 1550 3124 ι
1596 3070 1883 3132 Ἀκανθαι,
1949 3070 2135 3141 φησὶν,
2166 3072 2224 3122 ἐν
2281 3073 2396 3132 τοῖς
2440 3070 2795 3141 σκηνώμασιν
2860 3071 3058 3125 αὑτῶν.
3097 3091 3115 3122 ι
3151 3073 3429 3143 Ἐρημίας
3465 3071 3571 3142 γὰρ
3612 3072 3690 3133 εἰς

415 3161 576 3216 τοῦτο
599 3165 1009 3235 κατηντήκασιν
1036 3165 1092 3218 αί
1125 3163 1329 3232 πόλεις,
1354 3165 1428 3230 ὡς
1476 3164 1730 3219 ἀκανθῶν
1785 3161 2040 3232 γενέσθαι
2084 3162 2307 3233 μεστάς.
2338 3163 2572 3233 Σημεῖον
2627 3162 2684 3216 δὲ
2716 3162 2876 3216 τοῦτο
2908 3164 3012 3234 γῆς
3043 3162 3251 3216 ἀϐάτου
3288 3164 3384 3216 καὶ
3415 3171 3713 3236 κεχερσωσξ

421 3256 608 3328 μένης.

489 3346 716 3415 Quando
733 3347 894 3417 igitur
910 3348 1068 3403 bonis
1086 3358 1176 3402 aut
1194 3349 1586 3418 corporalibus,
1607 3358 1698 3404 aut
1713 3347 2011 3419 spirituali—
2037 3352 2080 3410 c

418 3439 519 3494 bus
536 3455 565 3492 a
593 3439 702 3493 Deo
718 3441 1069 3509 suppeditatis
1087 3441 1354 3511 quispiam
1376 3458 1474 3497 nec
1499 3452 1664 3506 recte,
1679 3455 1778 3494 nec
1795 3441 1862 3494 ad
1888 3439 2020 3509 ejus,

420 3529 648 3600 gloriam
673 3529 862 3596 utitur,
899 3528 1028 3582 facit
1066 3543 1244 3582 autem
1276 3531 1412 3584 citra
1459 3530 1620 3584 ullam
1669 3529 2003 3597 religionem,

423 3615 621 3685 quibus
656 3633 777 3672 eum
802 3617 1078 3672 ollendere
1103 3626 1156 3670 et
1197 3617 1411 3673 irritare
1437 3605 1809 3685 convincatur,
1839 3618 2010 3673 abibit

422 3709 476 3763 in
505 3708 751 3776 exitium,
780 3710 989 3780 eritque
1020 3711 1288 3780 peculium
1313 3711 1619 3779 diripientis
1669 3711 1905 3777 Satanae,
1953 3720 2008 3766 et

423 3799 703 3867 spinarum
750 3801 1108 3868 domicilium,
1151 3803 1468 3856 immanium
1523 3801 1726 3857 scilicet
1785 3815 1840 3857 et
1883 3818 2006 3857 cum

427 3891 637 3945 ratione
687 3894 1040 3962 pugnantium
1083 3893 1463 3962 cupiditatum,
1512 3903 1568 3948 et
1610 3893 1817 3948 fructus
1853 3893 2008 3947 mites

430 3981 483 4034 in
517 3980 699 4034 animo
725 3996 821 4035 suo
845 3998 947 4036 non
983 3982 1220 4036 habebit.
1257 3981 1538 4052 Contingit
1561 3983 1680 4048 hoc,
1712 3981 2008 4050 etquidem

425 4071 694 4127 haereticis
725 4081 849 4127 ante
876 4057 1087 4138 omines,
1116 4074 1209 4142 qui
1252 4089 1559 4129 sermonem
1600 4074 1760 4143 impie
1805 4075 1855 4126 in
1897 4073 2007 4125 fra-

428 4163 600 4217 tribus
643 4165 1074 4233 corrumpendis,
1117 4165 1272 4236 131
1315 4175 1369 4220 et
1398 4165 1611 4220 inﬁrma
1651 4180 1837 4219 eorum
1879 4179 2011 4217 con-

429 4256 656 4311 scientia
689 4258 1034 4326 percutienda
1073 4267 1422 4323 consumunt,
1475 4257 1722 4327 quamvis
1765 4256 2014 4310 Christus

427 4362 528 4417 pro
558 4347 711 4402 nobis
735 4359 978 4403 mortuus
1008 4349 1098 4402 sit.

499 4435 664 4493 Vens.
692 4438 743 4492 '7.
789 4439 1052 4494 Venerunt
1085 4442 1194 4496 dies
1220 4440 1465 4503 ultionis,
1497 4446 1744 4492 venerunt
1769 4437 1882 4492 dies
1914 4437 2014 4491 tri-

429 4533 715 4587 bulationis
746 4545 870 4598 tum,
899 4543 947 4588 et
974 4534 1231 4604 aﬂligetur
1254 4530 1425 4586 Israel
1451 4531 1588 4584 sicut
1605 4531 1857 4601 praplteta
1881 4533 2015 4585 insa-

429 4622 594 4689 niens,
621 4622 773 4677 homo
803 4625 893 4693 qui
913 4623 1066 4678 habet
1094 4623 1360 4691 spiritum.

502 4799 689 4856 XCIX.
723 4800 979 4856 Solebant
1001 4798 1259 4854 lsraelitae
1290 4806 1600 4853 sanctorum
1626 4800 2013 4868 prophetarum

432 4907 710 4948 sermones
754 4894 1059 4961 repudiare,
1095 4904 1325 4960 quaeque
1370 4905 1400 4945 a
1437 4890 1546 4945 Deo
1594 4893 2013 4956 mandabantur,

433 4999 531 5052 pro
560 4984 729 5038 nihilo
757 4995 969 5052 putare,
1010 4997 1320 5051 quanquam
1352 4983 1514 5039 toties
1542 4983 1647 5038 illis
1684 4983 1823 5037 mala
1855 4999 2017 5038 even-

434 5085 556 5130 tura
583 5077 947 5145 prtedixisset.
977 5074 1163 5142 itaque
1194 5073 1390 5128 alicubi
1421 5075 1735 5144 prophetam
1760 5075 2018 5130 Ezechie‘

437 5166 544 5222 lem
587 5167 668 5222 sic
705 5165 991 5235 compellat
1045 5181 1059 5218 :
1103 5183 1122 5216 ι
1173 5164 1274 5220 Fili
1340 5164 1599 5228 hominis,
1659 5181 1785 5221 ecce
1829 5166 2019 5222 domus

435 5257 598 5314 Israel
623 5255 983 5325 exasperans;
1014 5255 1257 5310 dicentes
1286 5256 1470 5310 dicunt
1496 5275 1509 5311 :
1547 5255 1693 5312 Visio
1727 5271 1885 5327 quam
1917 5258 2018 5313 istc

435 5349 604 5413 videt,
639 5347 694 5401 in
729 5347 845 5402 dies
878 5344 1094 5412 multos,
1126 5354 1178 5400 et
1211 5345 1265 5400 in
1299 5356 1540 5416 tempora
1579 5346 1733 5417 longa
1762 5348 1862 5403 iste
1892 5363 2017 5418 pro-

436 5441 642 5510 phetat.
665 5439 958 5507 Propterea
982 5439 1068 5494 die
1097 5442 1163 5494 ad
1196 5454 1290 5495 eos
1323 5458 1335 5494 :
1370 5437 1496 5495 Haec
1523 5440 1651 5495 dicit
1673 5440 1878 5496 Adonai
1917 5441 2019 5494 Do-

441 5531 621 5585 minus
653 5547 666 5583 :
695 5528 810 5583 Non
831 5527 1286 5600 prolongabuntur
1308 5529 1447 5584 ultra
1474 5531 1657 5585 omnia
1682 5531 1844 5586 verba
1875 5545 2016 5597 mea,

440 5634 777 5691 quascunque
811 5618 1020 5676 locutus
1056 5619 1229 5676 fuero.
1263 5619 1401 5686 Quia
1451 5618 1640 5690 loquar
1684 5620 1928 5687 verbum,
1965 5630 2019 5678 et

508 5785 550 5816 ⁸¹
590 5798 786 5856 Jcrem.
821 5817 966 5869 XLIV,
1001 5802 1181 5858 ll—M.
1264 5803 1306 5834 δ’
1336 5800 1471 5858 Osce
1505 5816 1622 5869 i’lll,
1647 5799 1698 5855 ί.

2185 3338 2354 3392 Ὅταν
2388 3337 2566 3391 τοίνυν
2600 3339 2714 3402 τοῖς
2746 3338 2900 3409 παρὰ
2929 3338 3065 3392 Θεοῦ
3115 3339 3355 3392 δοθεῖσιν
3400 3339 3696 3408 ἀγαθοῖς,ἢ

2111 3432 2465 3498 σωματικοῖς,
2498 3430 2531 3500 ἢ
2562 3432 2950 3498 πνευματικοῖς
2987 3430 3061 3501 μὴ
3087 3430 3150 3498 δὴ
3183 3432 3369 3501 χρῷτό
3399 3449 3484 3495 τις
3511 3431 3712 3500 ὸρθῶς,’

2112 3520 2249 3591 μήτε
2283 3522 2388 3591 μὴν
2414 3521 2494 3584 είς
2517 3520 2675 3587 δόξαν
2713 3519 2904 3584 αὐτοῦ,
2934 3521 3164 3591 πράττοι
3195 3522 3255 3574 δὲ
3291 3523 3700 3593 ἀπερισκέπτως

2106 3611 2176 3665 τὰ
2201 3610 2269 3664 δι’
2305 3605 2379 3665 ὧν
2410 3611 2475 3666 ἂν
2503 3613 2860 3683 προσκρούοι,
2887 3614 2981 3665 xui
3002 3612 3286 3667 ἁλίσκοιτο
3302 3615 3511 3679 λυπῶν,
3531 3632 3702 3670 κατοι-

2108 3703 2340 3774 χήσεται
2373 3704 2471 3773 μὲν
2499 3705 2577 3768 εἰς
2602 3703 2844 3772 ὄλεθρον,
2871 3703 3024 3756 ἔσται
3051 3704 3108 3756 δὲ
3135 3704 3334 3775 κλῆσις
3359 3707 3452 3760 τοῦ
3479 3705 3720 3776 διαρπά-τ

2109 3794 2296 3858 ζοντος
2354 3795 2590 3858 Σατανᾶ,
2648 3795 2741 3847 καὶ
2791 3795 3036 3866 ἀκάνθης
3105 3795 3451 3868 ὲναύλισμα,
3505 3799 3706 3869 ἀγρίων

2109 3882 2377 3951 δηλονότι,
2396 3884 2492 3936 xui
2523 3883 2769 3936 ἐκτόπων
2803 3883 3111 3953 ἐπιθυμιῶν
3132 3897 3145 3910 ·
3187 3886 3292 3938 xui
3314 3885 3702 3955 καρποὺςήμέ-

2114 3991 2241 4044 ρους
2266 3975 2362 4027 οὐκ
2391 3974 2457 4028 ἂν
2488 3974 2600 4045 ἔχοι
2626 3974 2766 4027 κατὰ
2795 3973 2885 4026 τὸν
2925 3974 3070 4028 νοῦν.
3108 3975 3347 4030 Πάθοιεν
3370 3977 3415 4030 δ’
3454 3977 3519 4032 ἂν
3549 3975 3698 4028 τοῦτο

2113 4067 2208 4119 καὶ
2234 4068 2337 4136 πρό
2362 4085 2425 4134 γε
2443 4069 2552 4120 τῶν
2572 4066 2747 4121 ἄλλων
2771 4068 3064 4137 αίρετικοὶ,
3089 4070 3190 4138 τὴν
3214 4072 3310 4124 τοῦ
3336 4071 3498 4138 λόγου
3517 4069 3694 4139 χρείαν

2111 4157 2458 4221 δαπανῶντες
2501 4159 2776 4223 δυσσεϐῶς
2821 4163 2902 4225 είς
2949 4163 3010 4215 τὸ
3054 4162 3363 4233 παραλύειν
3410 4161 3695 4228 samem,

2115 4248 2210 4300 xui
2240 4247 2464 4302 τύπτειν
2487 4251 2665 4304 αὐτῶν
2692 4251 3027 4306 ἀσθενοῦσαν
3052 4253 3151 4325 τὴν
3178 4255 3509 4325 συνείδησιν,
3533 4251 3699 4306 καίτοι

2115 4339 2356 4411 Χριστοῦ
2385 4342 2652 4407 παθόντος
2689 4345 2829 4416 ὑπὲρ
2852 4345 3032 4416 ἡμῶν.

2192 4432 2458 4487 ’Ἡκασιν
2491 4438 2550 4489 αἱ
2583 4437 2796 4504 ἡμέραι
2850 4437 2961 4506 τῆς
3014 4439 3424 4509 ἐκδικήσεως,
3487 4439 3698 4506 ἢκασιν

2115 4527 2174 4578 αἱ
2203 4526 2414 4594 ἡμέραι
2443 4525 2553 4595 τῆς
2576 4527 3039 4594 ἀνταποδόσει-ὡς
3087 4545 3226 4592 σου,
3285 4531 3386 4584 καὶ
3439 4521 3695 4588 xuxwthi‘

2117 4630 2290 4668 σεται
2330 4615 2566 4684 Ἰσραὴλ
2603 4616 2808 4685 ὥσπερ
2861 4621 2894 4671 o'
2937 4619 3249 4686 προφήτης
3284 4623 3316 4672 ό
3345 4617 3699 4686 παρεξεστη-

2047 4712 2092 4767 Ι)
2120 4708 2259 4774 κὼς,
2293 4707 2605 4775 ἅνθρωπος
2626 4711 2659 4762 ὀ
2685 4710 3194 4779 πνευματοφόρος.

2191 4798 2305 4865 ιιΘκ
2332 4799 2493 4862 Ἔθος
2518 4795 2586 4870 ἦν
2619 4802 2733 4862 τοῖς
2765 4800 2824 4865 ἐξ
2859 4803 3078 4874 Ἰσραὴλ
3102 4805 3228 4866 τοὺς
3253 4802 3361 4855 τῶν
3385 4800 3554 4867 ἁγίων
3574 4809 3696 4862 προ-

2122 4888 2312 4960 φητῶν
2347 4889 2702 4942 ἀποσείεσθαι
2737 4889 2952 4958 λόγους,
3015 4893 3108 4946 xui
3150 4892 3303 4944 οὐδὲν
3361 4886 3604 4959 ἡγεῖσθαι
3635 4879 3699 4933 τὰ

2124 4975 2276 5052 παρὰ
2303 4978 2464 5044 Θεοῦ,
2497 4981 2680 5034 καίτοι
2713 4982 2974 5047 πολλάκις
3005 4984 3087 5037 ὅτι
3126 4983 3320 5036 παθεῖν
3349 4981 3529 5041 αὐτοῖς
3569 4990 3696 5041 συμ-

2125 5070 2355 5141 ϐήσεται
2389 5069 2458 5124 τὰ
2493 5071 2644 5125 δεινά
2694 5074 3208 5144 περιηγορευκότος·
3256 5074 3350 5126 καὶ
3379 5070 3506 5139 γοῦν
3536 5069 3562 5120 ὁ
3597 5061 3696 5114 τῶν

2123 5165 2262 5220 ὅλων
2284 5165 2418 5227 Θεὸς
2439 5165 2877 5237 προσπεφώνηκέ
2912 5183 3012 5218 που
3047 5165 3124 5236 τῷ
3149 5166 3404 5234 προφήτῃ
3436 5153 3692 5225 Ἰεζεχιὴλν

2116 5257 2313 5326 λέγων’
2355 5275 2373 5308 ι
2407 5256 2504 5309 Υἱέ
2529 5256 2840 5327 ἀνθρώπου,
2877 5257 2986 5311 ἰδοὺ
3019 5257 3048 5308 ὁ
3103 5253 3249 5318 οἶκος
3293 5252 3503 5324 Ἰσραὴλ
3540 5250 3567 5299 ὁ
3595 5261 3692 5296 πα-

2123 5349 2519 5421 ραπικραίνων,
2550 5349 2799 5418 λέγοντες
2829 5349 3099 5417 λέγουσιν·
3139 5349 3201 5401 Ἦ
3238 5348 3424 5420 ὅρασις
3452 5343 3513 5411 ἣν
3541 5330 3690 5395 οὗτος

2119 5443 2242 5512 ὁρᾷ,
2281 5442 2360 5505 είς
2407 5440 2622 5513 ἡμέρας
2668 5441 2891 5505 πολλὰς,
2951 5442 3044 5495 καὶ
3076 5443 3158 5504 εἰς
3206 5438 3428 5509 καιροὺς
3461 5427 3689 5502 μακροὺς

2124 5525 2280 5596 οὗτος
2303 5534 2656 5606 προφητεύει.
2676 5535 2773 5588 Διὰ
2801 5533 2959 5588 τοῦτο
2988 5533 3142 5588 εἰπὸν
3169 5533 3304 5603 πρὸς
3325 5526 3536 5588 αὐτούς·
3565 5519 3687 5574 Τάδε

2121 5626 2273 5696 λέγει
2314 5627 2538 5682 ’Λδωναῖ
2591 5627 2791 5698 Κύριος
2830 5641 2842 5656 ⁸
2885 5628 2961 5681 Οὐ
3025 5627 3098 5698 μὴ
3157 5623 3468 5698 μηκύνωσιν
3521 5611 3688 5668 οὐκέτι
