3982 6456
201 379 299 434 921

1137 382 1690 442 COMllENI‘ARlUS
1733 386 1797 441 1N
1840 388 2071 445 OSEAM
2113 392 2555 448 PliOl’lJETAM.

3399 395 3506 450 229.

205 494 412 555 πάντες
435 495 486 546 οἱ
518 494 669 564 λόγοι
719 514 845 565 μου,
880 496 973 560 οὓς
1032 496 1096 551 ἂν
1152 499 1390 570 λαλήσω.
1424 501 1546 554 Ὅτι
1595 500 1813 571 λαλήσω

1953 507 2134 567 tciam.
2166 509 2295 563 dicit
2327 509 2534 564 Adonai
2570 508 2828 563 Dominus
2858 509 2922 562 ⁵³.
2960 527 2977 558 ι
3010 507 3138 561 Tale
3165 507 3419 576 quiddam
3451 517 3506 560 et

203 589 384 656 λόγον,
418 602 516 640 και
543 587 776 659 ποιήσω,
799 589 949 658 λέγει
984 591 1210 644 Ἀδωναῒ
1265 592 1486 660 Κύριος.
1531 615 1549 646 ι
1597 592 1816 646 Τοιοῦτό

203 682 427 784 τίφησι
464 682 726 784 κάνθάδε.
784 703 803 736 ι
844 686 1050 738 ’Ἡκασι
1083 686 1212 758 γὰρ,
1259 689 1445 759 φησιν,
1490 692 1544 743 αἱ
1608 691 1816 761 ἡμέραι

209 775 308 844 τῆς
331 775 698 846 ἐκδικήσεως.
728 797 746 828 ι
772 779 998 848 Ὅμοιον
1030 780 1106 842 ὡς
1130 782 1177 832 εἰ
1209 780 1382 849 λέγοι,
1405 783 1570 851 ἐγγὺς
1597 785 1626 853 ἡ
1653 783 1778 854 δίκη
1798 823 1812 848 ,

207 869 302 922 καὶ
323 869 414 922 ἐπ’
437 869 634 934 αὐταῖς
655 870 755 941 ἤδη
780 870 975 942 θύραις
1000 874 1027 925 6
1057 871 1230 940 ἁγὼν,
1255 875 1450 942 γείτων
1475 877 1508 944 ἡ
1536 877 1814 946 συμφορὰ,

172 1005 178 1010 .
208 961 302 1012 καὶ
330 962 390 1012 ἐν
427 960 735 1028 ὀφθαλμοῖς
773 964 801 1014 6
835 962 1091 1032 πόλεμος.
1149 964 1469 1034 Ἐνέστηκεν
1497 967 1529 1035 ὴ
1568 966 1665 1036 τῆς
1695 966 1819 1019 ἀντ-

205 1053 529 1116 αποδόσεως
585 1054 788 1126 ἡμέρα.
855 1056 1201 1127 Κακουμένῳ
1265 1057 1322 1110 δέ
1392 1059 1733 1128 σοι,-ιρησὶν,
1773 1051 1817 1112 ὧ

218 1145 468 1216 Ἰσραὴλ,
491 1145 990 1217 συγκακωθήσεται
1024 1150 1264 1215 πάντως,
1297 1151 1390 1204 καὶ
1419 1151 1476 1202 ἐν
1502 1151 1603 1222 ἴσῳ
1629 1151 1818 1222 τρόπῳ

211 1235 438 1304 μεθέξει
475 1238 576 1308 τῆς
610 1239 790 1310 δίκης,
818 1242 846 1293 6
895 1242 1003 1304 πᾶς
1048 1245 1105 1293 ὲν
1162 1242 1244 1296 σοὶ
1280 1241 1750 1315 ψευδοπροφήτης,
1786 1245 1814 1296 ό

208 1329 648 1400 παρεξεστηκὼς
706 1331 1014 1402 ἄνθρωπος,
1043 1332 1342 1398 τουτέστιν,
1399 1335 1426 1386 ὁ
1483 1334 1670 1398 ἔνθους
1721 1337 1817 1388 καὶ

213 1421 578 1490 μαινόμενος,
624 1423 715 1476 καὶ
758 1422 1122 1488 ἀπολωλεκὼς
1166 1425 1266 1489 τὰς
1302 1427 1524 1497 φρένας,
1547 1427 1604 1480 ὃν
1639 1429 1702 1481 σὺ
1728 1445 1818 1480 νε-

209 1511 451 1581 νόμικας
475 1510 620 1567 εἶναι
661 1518 1132 1588 πνευματοφόρον.
1188 1516 1354 1586 Ὁμοῦ
1406 1518 1515 1587 γὰρ
1562 1520 1678 1579 τοῖς
1722 1517 1818 1571 ἆλ-

211 1604 324 1666 λοις
352 1605 652 1659 διολώλασι
683 1607 738 1660 οῖ
766 1625 826 1661 τε
863 1611 1029 1680 ἱερεῖς
1068 1609 1174 1663 τῶν
1214 1610 1456 1681 ὑψηλῶν,
1501 1611 1594 1663 καὶ
1625 1611 1674 1664 οἱ
1713 1611 1820 1664 τῶν

211 1695 453 1750 εἰδώλων
498 1698 872 1769 θεραπευταὶ,
929 1701 1025 1754 καὶ
1074 1702 1297 1768 πάντες,
1329 1704 1443 1756 ὅσοι
1498 1701 1822 1772 ψευδοεπεῖς

210 1808 269 1843 τε
306 1792 406 1844 καὶ
441 1793 843 1863 ψευδομάντεις
892 1790 1033 1866 ἦσαν
1082 1798 1140 1849 ὲν
1176 1796 1253 1866 τῷ
1311 1797 1550 1867 Ἰσραήλ.
1599 1797 1820 1866 Ἐπειδὴ

1920 600 2008 654 hic
2039 601 2317 669 loquitur:
2343 620 2362 652 ι
2407 601 2680 657 Venerunt
2706 601 2825 655 dies
2850 601 3090 654 ultionis.
3118 619 3136 650 ι
3170 601 3246 652 Ae
3277 599 3322 651 si
3343 599 3504 658 dicat,

1920 705 2086 759 prope
2117 701 2200 746 est
2235 692 2388 756 ultio,
2420 701 2473 745 et
2503 691 2616 758 jam
2653 691 2706 744 in
2743 691 2876 758 ipsis
2922 690 3128 744 foribus
3160 689 3452 743 discrimen
3489 700 3505 739 :

1919 782 2093 835 vicina
2124 781 2324 844 clades,
2360 793 2416 836 et
2464 781 2662 836 bellum
2693 792 2821 835 ante
2861 780 3048 835 oculos
3094 788 3194 835 est.
3250 779 3506 832 Retribu-

1925 874 2088 931 tiouis
2117 875 2231 930 dies
2275 875 2448 928 adest.
2487 874 2621 927 Dum
2676 881 2730 927 tu
2778 884 2957 927 autem
3011 871 3284 940 allligeris,
3319 868 3503 932 lsracl,

1919 969 2140 1022 omnino
2192 977 2247 1022 et
2304 965 2497 1036 aequali
2556 980 2713 1034 poena
2766 973 2948 1018 tecum
3014 962 3279 1031 adligetur
3331 958 3509 1014 omnis

1921 1061 2384 1131 pseudopmpheta
2414 1061 2550 1128 apud
2591 1068 2663 1122 te,
2700 1060 2861 1114 homo
2893 1057 2961 1112 de
3009 1065 3152 1110 statu
3182 1052 3380 1108 mentis
3423 1051 3508 1104 di-

1923 1163 2118 1216 motus,
2145 1153 2246 1207 hoc
2275 1163 2376 1216 est,
2413 1151 2700 1213 fanaticus,
2738 1160 2791 1204 et
2838 1151 3082 1213 insanus,
3115 1152 3169 1199 ct
3216 1145 3308 1214 qui
3361 1158 3512 1195 men-

1925 1251 2032 1295 tem
2082 1242 2334 1312 perdidit,
2377 1258 2534 1311 quem
2576 1253 2628 1294 tu
2677 1241 2874 1310 putasti
2925 1235 3284 1305 spiritualem.
3337 1231 3512 1286 Simul

1925 1335 2191 1404 siquidem
2221 1350 2339 1389 cum
2361 1335 2480 1388 aliis
2507 1335 2783 1403 perierunt
2801 1329 3120 1385 sacerdmes
3142 1324 3508 1386 excelsorum,

1928 1438 1978 1483 et
2017 1428 2253 1483 cultores
2285 1428 2576 1492 idolorum,
2602 1435 2654 1480 et
2689 1434 2954 1493 quotquot
2985 1421 3274 1475 mendaces
3305 1425 3358 1471 et
3392 1415 3510 1468 falsi

1923 1530 2074 1575 vates
2103 1530 2258 1574 erant
2287 1521 2338 1574 iu
2371 1519 2557 1574 lsrael.
2578 1519 2719 1585 Quia
2756 1517 2900 1570 enim
2938 1511 3288 1568 vaticinatttri
3331 1509 3513 1562 furere

1923 1626 1984 1666 se
2033 1612 2384 1674 simulabant,
2434 1621 2488 1665 et
2527 1609 2683 1675 quasi
2733 1607 2984 1661 Plitebaeo
3033 1603 3255 1658 numine
3302 1597 3513 1654 aﬂlatos

1925 1704 2222 1772 fingebant,
2261 1704 2381 1758 ideo
2433 1711 2487 1757 et
2537 1701 2811 1756 hominem
2865 1699 3114 1752 insamun
3172 1708 3266 1749 seu
3331 1698 3513 1745 mente

1927 1807 2142 1864 captum
2175 1795 2481 1850 istiusmodi
2513 1792 2834 1848 nominavit.

212 1885 323 1953 γάρ
350 1885 647 1955 μαίνεπθπι
719 1886 1144 1957 προπεποιοῦντνι
1202 1887 1302 1949 τὰς
1344 1889 1604 1958 μαντείας
1654 1889 2045 1960 ποιησόμενοι,
2101 1890 2196 1942 καὶ
2247 1887 2444 1960 φοιϐᾷν
2515 1886 2896 1957 ὑπεκρίνοντο,
2957 1883 3215 1954 ταύτῃτοι
3275 1879 3371 1931 καὶ
3421 1875 3516 1930 ἄν·

213 1978 444 2051 θρωπον
489 1981 940 2053 παρεξεστηκότα
978 1983 1070 2036 τὸν
1102 1983 1344 2036 τοιοῦτον
1372 1983 1652 2054 ὀνομάζει.

299 2076 460 2130 ’Υπὸ
486 2076 596 2130 τοῦ
627 2077 902 2145 πλήθους
924 2075 1042 2130 τῶν
1070 2076 1318 2131 ἀδικιῶν
1340 2093 1456 2132 σου
1485 2077 1833 2146 ἐπληθύνθη

2013 2075 2138 2130 Prw
2166 2073 2504 2127 multitudine
2534 2072 2872 2141 iuiquitatum
2915 2078 3124 2121 tuarum
3169 2064 3522 2131 multiplicata

213 2169 408 2239 μανιά
429 2183 573 2222 σου.
741 2189 749 2223 ι
782 2233 794 2248 ,
838 2203 879 2216 .-

289 2260 372 2314 Ρ¹.
417 2260 636 2331 Πλῆθος
672 2259 888 2323 ἀδικΆς
923 2259 1110 2331 φησὶν,
1141 2260 1308 2313 οἱονεὶ
1347 2259 1446 2331 τὴν
1490 2259 1830 2332 πολύτροπόν

221 2370 282 2407 τε
325 2352 422 2406 καὶ
472 2352 730 2420 πολυειδῆ
763 2351 1062 2422 θρησκείαν
1118 2352 1212 2405 τοῦ
1260 2353 1497 2425 Ἰσραήλ.
1566 2353 1678 2406 Ἑνὶ
1731 2351 1831 2423 μὲν

221 2446 397 2516 λόγῳ,
428 2444 804 2514 πεπλάνηντο,
841 2444 936 2498 καὶ
984 2444 1188 2507 πάντες
1228 2440 1370 2515 ἦσαν
1421 2446 1828 2516 εἰδωλολάτραι.

226 2539 382 2612 Πλὴν
408 2539 736 2610 ἐμερίζοντο
779 2539 907 2601 τοὺς
947 2538 1048 2608 τῆς
1082 2538 1406 2606 πλανήσεως
1444 2537 1699 2609 τρόπους,
1740 2537 1834 2591 άλ-

225 2630 309 2684 λοι
365 2647 429 2683 τε
489 2629 676 2693 ἄλλοις
741 2629 1022 2699 προσῆγον
1091 2629 1189 2692 τὰς
1247 2629 1505 2691 τελετὰς,
1571 2629 1664 2682 καὶ
1718 2631 1834 2692 τοῖς

227 2723 561 2796 προσιοῦσιν
593 2722 874 2776 ἐποιοῦντο
895 2722 990 2786 τάς
1021 2721 1469 2793 ψευδομαντείας.
1502 2723 1564 2776 Oi
1590 2723 1687 2792 μὲν
1727 2722 1836 2791 γὰρ

225 2818 353 2880 ταῖς
381 2814 686 2886 δαμάλεσιν
717 2814 1032 2883 ὲλάτρευον·
1073 2816 1122 2866 ol
1166 2814 1222 2866 δὲ
1261 2813 1338 2883 τῷ
1374 2812 1600 2882 Χαμὼς,
1633 2813 1836 2884 εἰδώλῳ

226 2910 432 2966 Μωάὸ·
471 2910 656 2980 ἕτεροι
694 2909 751 2961 δὲ
782 2911 850 2979 τῇ
904 2907 1196 2979 Ἀστάρτῃ.
1233 2903 1413 2960 ’Ἦσαν
1443 2906 1522 2970 δὲ,
1559 2907 1608 2959 οἳ
1647 2907 1741 2960 καὶ
1761 2905 1836 2976 τῷ

229 3004 406 3070 Βάαλ,
438 3002 538 3057 καὶ
583 3005 650 3073 τῇ
681 3002 916 3072 στρατιᾷ
963 2999 1060 3052 τοῦ
1098 2999 1353 3071 οὐρανοῦ.
1389 2999 1660 3071 Ταύτῃτοι
1705 2999 1839 3063 Θεὸς

232 3096 524 3168 enarrata,
569 3093 749 3161 λέγων
792 3092 880 3146 διὰ
937 3095 1118 3162 φωνῆς
1163 3091 1456 3162 Ἰερεμίου,
1488 3093 1572 3144 ὅτι
1629 3110 1646 3142 ι
1682 3089 1842 3144 Κατὰ

229 3186 474 3260 ἀριθμὸν
501 3184 713 3239 πόλεών
743 3203 862 3248 σου,
883 3180 1022 3256 ἦσαν
1053 3184 1164 3237 θεοί
1197 3201 1313 3249 σου,
1343 3182 1566 3236 Ἰούδα.)
1602 3181 1838 3253 Ἑκάστη

230 3281 348 3354 γὰρ
380 3279 540 3342 πόλις
596 3277 707 3331 τῶν
767 3278 899 3350 παρ’
955 3276 1141 3340 αὐτοῖς
1191 3275 1322 3329 ἴδιον
1371 3274 1514 3345 ἔχειν
1574 3273 1843 3344 ὡμολόγει

237 3373 396 3434 θεόν.
411 3372 590 3427 Τοῦτο
611 3371 744 3424 αὐτὸ
766 3390 784 3422 ι
809 3370 1022 3440 Πλῆθος
1040 3368 1257 3431 ἀδικίας
1281 3387 1298 3418 ι
1317 3365 1575 3437 ὀνομάζει
1592 3365 1840 3427 δικαίως.

1933 2179 2006 2223 est
2031 2167 2244 2220 insania
2274 2175 2387 2218 tua.

2006 2259 2069 2315 C.
2103 2255 2501 2312 Multitudinem
2534 2251 2837 2320 iniquitatis
2873 2248 3116 2303 nominat
3155 2244 3307 2312 quasi
3341 2241 3525 2296 multi-

1937 2353 2150 2407 modam
2176 2357 2232 2404 et
2261 2346 2646 2402 multiformem
2675 2341 3113 2411 superstitionem
3144 2336 3372 2392 lsraelis.
3401 2334 3524 2390 Uno

1936 2444 2124 2511 verbo,
2149 2440 2387 2510 corrupti
2419 2448 2574 2495 erant
2603 2451 2792 2492 omnes
2833 2444 2887 2488 et
2932 2431 3249 2487 idololatrm.
3300 2426 3525 2480 Verum-

1942 2549 2122 2593 tamen
2147 2534 2446 2591 secumlum
2479 2531 2668 2586 modos
2703 2523 3039 2594 deceptionis
3075 2518 3255 2585 divisi,
3289 2517 3378 2570 alii
3407 2516 3527 2569 aliis

1941 2644 2096 2685 sacra
2125 2626 2416 2690 faciebant,
2443 2632 2498 2677 et
2525 2637 2582 2677 se
2608 2616 3065 2674 convenientibus
3095 2613 3228 2666 falsa
3268 2609 3527 2679 praedica-

1938 2724 2088 2777 bant.
2116 2719 2250 2774 Nam
2284 2717 2503 2786 quidam
2561 2713 2779 2776 vitulos,
2813 2709 3031 2778 quidam
3060 2706 3294 2760 Chamos
3324 2702 3525 2755 idolum

1939 2814 2126 2877 Moab,
2159 2811 2247 2865 alii
2281 2811 2534 2863 Astarten
2562 2803 2834 2859 colebant.
2865 2798 2981 2853 Non
3011 2798 3237 2851 deerant
3267 2795 3393 2846 item
3435 2789 3529 2858 qu-i

1941 2904 2070 2959 Baal
2115 2911 2170 2958 et
2215 2900 2461 2954 militiam
2496 2895 2619 2949 ειειὶ
2669 2894 2723 2947 in
2773 2891 2996 2946 deorum
3045 2899 3271 2941 numero
3307 2894 3532 2936 venera-

1942 3007 2150 3056 rentur.
2211 2995 2418 3050 Idcirco
2464 2991 2607 3045 Deus
2639 2989 2898 3042 incusans
2947 2998 3062 3046 eos,
3105 2996 3202 3051 per
3241 2976 3532 3033 Jeremiam

1944 3093 2022 3147 ait
2055 3110 2068 3146 :
2109 3089 2266 3160 132
2305 3107 2321 3139 ι
2361 3085 2669 3140 Secundum
2696 3093 2978 3135 munermn
3009 3076 3287 3130 civitatum
3316 3081 3532 3123 tuarum

1943 3159 2203 3241 erantidii
2237 3182 2333 3241 tui,
2364 3177 2498 3232 Juda
2528 3175 2596 3230 ”.
2635 3193 2653 3225 ι
2698 3171 3046 3240 Unaquzeque
3079 3165 3224 3220 enim
3262 3161 3393 3215 urbs
3419 3159 3536 3213 illo-

1947 3292 2065 3332 rum
2093 3273 2368 3345 pmprium
2398 3271 2556 3326 deum
2611 3265 2814 3319 habere
2862 3276 2922 3316 se
2979 3258 3356 3328 proﬁtebatur.
3416 3249 3537 3304 Hoc

1948 3370 2124 3440 ipsum
2168 3386 2186 3419 ι
2240 3361 2641 3419 multitudinem
2701 3353 3008 3424 iniquitatis
3073 3370 3092 3402 ι
3155 3346 3538 3402 convenienter

243 3465 445 3535 Ἀδίκη
457 3482 536 3536 μα
556 3465 668 3535 γάρ
698 3436 937 3534 ἀληθῶς,
983 3461 1078 3514 καὶ
1109 3459 1267 3529 ὕϐρις
1307 3461 1387 3523 εἰς
1418 3436 1581 3525 Θεὸν,
1604 3457 1665 3510 τὸ
1708 3458 1841 3510 ἀπο-

1953 3436 2206 3532 appellat.
2247 3457 2387 3512 Vere
2417 3456 2562 3510 enim
2597 3451 2855 3518 iniquitas
2884 3457 2966 3500 est
2999 3444 3051 3497 in
3085 3441 3276 3506 Deum,
3305 3447 3358 3492 et
3399 3436 3542 3502 inju-

235 3560 438 3630 φοιτᾷ-ι
496 3557 595 3628 μὲν
645 3555 834 3614 αὐτοῦ,
878 3551 1237 3625 προσκεῖσθαι
1283 3551 1340 3604 δὲ
1405 3550 1581 3615 ξύλοις
1629 3567 1689 3602 τε
1748 3547 1846 3601 καὶ

234 3651 437 3715 λίθοις,
477 3650 573 3702 καὶ
603 3667 620 3699 ι
663 3648 790 3710 Τοῖς
825 3646 1008 3717 ἔργοις
1044 3645 1153 3698 τῶν
1192 3643 1390 3715 χειρῶν
1428 3640 1593 3696 αὑτοῦ
1619 3682 1634 3706 ,
1679 3657 1697 3692 ι
1748 3656 1848 3692 κα-

237 3745 426 3816 θάπερ
472 3742 810 3814 γέγραπται.
854 3739 1072 3793 Μανίαν
1128 3737 1185 3790 δὲ
1238 3736 1388 3804 λέγει
1418 3734 1518 3804 τὴν
1563 3731 1845 3803 μαντείαν.

238 3837 466 3891 Οὐκοῦν
503 3834 809 3904 ἐπειδήπερ
848 3831 1052 3901 πλῆθος
1099 3828 1315 3890 ἀδικίας
1364 3826 1593 3896 εὓρηται
1633 3825 1690 3877 ὲν
1739 3822 1846 3886 σοι,

239 3929 406 3999 φησι,
433 3926 698 3998 ταύτῃτοι
733 3925 832 3980 καὶ
883 3922 1035 3994 παρὰ
1076 3922 1160 3974 σοὶ
1215 3918 1595 3990 πεπλήθυνται
1640 3915 1808 3986 μανία
1832 3954 1848 3977 ,

239 4021 557 4083 τουτέστιν,
587 4021 621 4091 ή
652 4015 1078 4088 ψευδομαντεία,
1125 4013 1360 4067 ἑκάστου
1414 4008 1557 4064 κατὰ
1595 4007 1657 4060 τὸ
1703 4006 1852 4070 εἰκὸς

238 4117 359 4172 τῶν
391 4115 823 4186 ψευδομάντεων
883 4110 1014 4163 ἴδιον
1075 4108 1293 4178 ἔχοντος
1343 4103 1568 4176 τρόπον,
1627 4100 1750 4154 καθ’
1792 4100 1852 4152 ὃν

242 4207 611 4281 ἐμαντεύετο.
642 4206 916 4258 Ἔκτοπον
938 4198 1030 4256 οὖν
1066 4201 1195 4270 ἄρα,
1228 4200 1324 4253 καὶ
1367 4197 1715 4268 παράνομον,
1759 4193 1856 4245 καὶ

244 4303 490 4376 βέϐηλον
525 4298 765 4370 ἀληθῶς,
799 4296 894 4352 καὶ
926 4296 1028 4348 οὐκ
1084 4291 1356 4353 ἁνικάνως
1393 4289 1536 4360 ἔχον,
1569 4285 1655 4349 εἷς
1699 4301 1762 4353 γε
1795 4283 1857 4336 τὸ

240 4396 522 4452 δύνασθαι
582 4392 800 4455 λυπεῖν,
854 4387 950 4441 καὶ
998 4382 1339 4456 παροτρύναι
1377 4379 1564 4443 δεινῶς
1611 4378 1705 4430 τὸν
1749 4377 1857 4430 τῶν

244 4490 397 4544 ὅλων
429 4485 590 4547 Θεὸν,
629 4483 692 4536 τὸ
711 4479 1094 4552 ψευδοεπείαις
1133 4474 1494 4547 προσκεῖσθαι
1524 4471 1721 4542 φιλεῖν,
1750 4468 1859 4522 τῶν

245 4579 442 4632 λαλεῖν
487 4574 762 4629 εἰωθότων
816 4589 834 4622 ι
878 4569 959 4623 Τὰ
1002 4568 1110 4624 ἀπὸ
1156 4565 1383 4638 καρδίας
1422 4561 1622 4623 αὐτῶν,
1660 4578 1678 4610 ι
1717 4557 1863 4612 καθά

247 4674 600 4743 γέγραπται,
639 4686 656 4718 ι
687 4666 785 4719 καὶ
806 4664 908 4717 οὐκ
929 4662 1041 4716 άπὸ
1082 4660 1348 4731 στόματος
1373 4654 1601 4726 Κυρίου.
1629 4671 1647 4705 ι
1674 4653 1864 4720 Παρα-

253 4761 572 4835 φυλακτέον
619 4760 684 4830 δὴ
723 4753 816 4811 οὖν
847 4756 1196 4825 Χριστιανοῖς
1217 4751 1278 4805 τὸ
1301 4748 1706 4821 πλημμέλημα.
1741 4744 1860 4798 Μό-

1953 3557 2059 3619 ria,
2114 3555 2182 3607 ab
2233 3551 2326 3606 illo
2379 3545 2664 3603 recedere.
2695 3552 2749 3595 et
2804 3539 2998 3609 lignis,
3057 3533 3327 3603 lapidibus
3377 3539 3544 3598 atque

1961 3669 1980 3702 ι
2015 3645 2271 3716 operibus
2297 3655 2552 3696 manuum
2583 3649 2806 3692 suarum
2848 3632 2915 3694 ⁸⁸,
2957 3649 2976 3682 ι
3022 3639 3082 3682 ut
3133 3625 3393 3693 scriptum
3439 3631 3542 3684 est,

1957 3739 2199 3801 colendis
2248 3735 2490 3790 deditum
2527 3744 2669 3786 esse.
2719 3723 2995 3781 Insaniam
3043 3729 3224 3774 autem
3271 3723 3547 3783 nuncupat

1957 3829 2421 3886 vaticinationem.
2454 3823 2653 3890 Quare,
2687 3797 3262 3890 quoniam'multitudo
3290 3807 3548 3875 iniquita-

1962 3926 2030 3980 tis
2060 3923 2112 3976 in
2145 3931 2195 3975 te
2218 3921 2434 3974 inventa
2466 3925 2571 3978 est,
2598 3913 2795 3979 inquit,
2825 3910 3028 3962 idcirco
3064 3913 3118 3956 ct
3158 3901 3296 3970 apud
3331 3911 3382 3952 te
3413 3896 3552 3951 mul-

1963 4015 2200 4084 tiplicata
2229 4020 2314 4065 est
2338 4006 2573 4071 insania,
2610 4003 2662 4056 id
2694 4010 2801 4064 est,
2844 3994 3186 4058 vaticinatio,
3229 4002 3552 4059 unoquoque

1965 4106 2100 4160 falso
2129 4111 2272 4164 vate,
2305 4108 2363 4153 ut
2406 4102 2830 4151 consentaneum
2869 4096 2973 4153 cst,
3010 4099 3167 4140 suum
3221 4077 3550 4134 vaticinandi

1964 4198 2182 4253 modum
2233 4173 2486 4248 habente.
2535 4184 2842 4241 Ahsnrdum
2877 4193 3007 4249 ergo
3062 4184 3117 4231 et.
3179 4175 3423 4242 iniqmun
3470 4179 3556 4224 est.

1965 4305 2180 4352 revera,
2218 4294 2272 4341 et
2299 4282 2443 4353 quod
2469 4280 2604 4335 satis
2629 4278 2701 4331 sit
2724 4275 2789 4328 ad
2822 4273 3062 4343 graviter
3086 4263 3469 4323 offendendum
3500 4271 3557 4316 et

1968 4380 2291 4436 irritandam
2322 4375 2489 4428 Deum
2542 4369 2948 4425 universorum,
2996 4360 3231 4414 libenter
3277 4353 3557 4408 attendere

1968 4472 2122 4527 falsis
2151 4465 2492 4524 sermonibus
2517 4459 2805 4516 solitorum
2837 4452 2981 4523 loqui
3019 4470 3037 4502 ι
3071 4450 3138 4504 de
3190 4447 3352 4500 corde
3383 4431 3504 4509 suo,
3533 4462 3552 4494 ι

1969 4565 2110 4620 sicut
2133 4560 2394 4630 scriptum
2411 4563 2519 4618 est,
2550 4562 2632 4607 «et
2655 4565 2759 4604 non
2781 4547 2847 4602 de
2862 4559 2957 4601 ore
2979 4540 3191 4596 Domini
3216 4540 3318 4592 ⁸³.»
3347 4536 3559 4590 Caven-

1971 4658 2098 4713 dum
2125 4653 2289 4724 igitur
2317 4645 2640 4705 Christianis
2685 4648 2987 4713 peccatum.
3032 4633 3190 4689 Solos
3235 4630 3380 4687 enim
3436 4643 3561 4683 san-

1973 4723 2184 4804 ctarum
2237 4756 2419 4798 rerum
2450 4737 2690 4794 cultores
2730 4733 2798 4788 ad
2848 4725 3156 4799 huiusmodi
3209 4723 3470 4794 languere
3510 4727 3565 4774 et

253 4811 373 4920 νοις
407 4855 522 4926 γάρ
549 4853 615 4908 ἂν
671 4811 876 4921 πρέποι
903 4811 968 4900 τὸ
995 4844 1175 4900 τοιάδε
1205 4844 1384 4898 νοσεῖν
1397 4811 1521 4903 ’τοῖς
1546 4811 1655 4892 stili)
1688 4835 1841 4905 ἁγίωτ

1977 4839 2226 4896 inﬁrmos
2247 4848 2371 4889 esse
2401 4829 2680 4886 condecet.

255 4947 662 5022 θεραπευταῖς.
883 4973 893 4983 η

330 5012 578 5104 έκοπὸς
629 5030 882 5105 Ἐςοραῒμ
922 5012 1078 5100 item
1120 5025 1270 5080 Θεοῦ
1313 5021 1648 5094 προφήτης,
1690 5015 1872 5088 παγίς

261 5130 494 5191 σκολιὰ
519 5127 619 5183 ἐπὶ
653 5127 858 5191 πάσας
890 5124 1000 5188 τὰς
1021 5119 1203 5184 ὁδοὺς
1238 5117 1449 5171 αὐτοῦ.

339 5228 469 5279 PA'.
497 5221 746 5283 Σκοποὺς
772 5214 1064 5286 ὀνομάζειν
1096 5211 1217 5274 ἔθος
1243 5211 1310 5279 τῇ
1341 5206 1463 5279 θείᾳ.
1517 5206 1708 5278 Γραφῇ
1741 5202 1870 5266 τοὺς

266 5315 382 5370 τῶν
405 5313 555 5368 λαῶν
581 5307 1015 5383 προεστηκότας,
1030 5302 1166 5374 ὑψοῦ
1198 5318 1257 5354 τε
1279 5299 1553 5370 ἢρμένους
1576 5296 1666 5349 διὰ
1683 5294 1870 5366 τιμὴν,

269 5405 356 5472 οἷς
382 5407 449 5463 ἂν
482 5405 582 5459 καὶ
617 5401 828 5474 ἐνορῴη
854 5417 960 5462 τις,
991 5398 1040 5450 εἰ
1078 5395 1144 5467 δὴ
1181 5392 1426 5463 βούλοιτο
1456 5389 1546 5442 τὸν
1577 5387 1750 5460 ὀρθὸν]
1781 5388 1878 5440 καὶ

272 5499 690 5568 ἀνεπίπληκτον
721 5493 976 5565 διαζῆσαι
1011 5491 1146 5561 βίον.
1171 5486 1284 5541 Καὶ
1313 5485 1444 5554 γοῦν
1468 5483 1571 5554 ἔφη
1613 5499 1715 5536 που
1745 5481 1878 5545 Θεὸς

276 5594 421 5666 πρὸς
444 5591 539 5644 τὸν
577 5588 850 5661 μακάριον
890 5583 1179 5656 προφήτην
1230 5575 1492 5648 Ἰεζεχιήλ
1535 5591 1550 5608 ο
1586 5592 1604 5626 ι
1638 5574 1735 5629 Υἱὲ
1781 5574 1880 5628 ἁν-

277 5662 531 5760 θρώπου,
572 5679 776 5736 σκοπὸν
827 5673 1038 5731 δέδωκά
1091 5689 1152 5735 σε
1199 5668 1280 5742 τῷ
1311 5669 1445 5739 οἴκῳ
1493 5663 1728 5736 Ἰσραὴλ,
1787 5662 1882 5716 καὶ

363 5865 410 5897 ⁸³
441 5863 643 5919 Ezech.
671 5875 766 5927 xu,
805 5858 896 5930 ΞΠ,
926 5855 1017 5911 ‘28.
1096 5853 1139 5884 ⁵³
1170 5849 1279 5906 .lcr.
1315 5865 1376 5916 ιι,
1400 5847 1490 5903 ‘23.

1569 5845 1613 5878 ⁵⁵
1648 5843 1785 5899 Osce
1815 5836 1926 5908 itv,
1955 5835 2005 5890 ι.

2050 5013 2217 5069 Vens.
2259 5010 2312 5068 8.
2347 5008 2548 5077 Scopas
2575 5001 2831 5072 Ephraim
2857 5016 2974 5054 cum
2998 4998 3108 5052 Deo
3143 4994 3422 5064 propheta,
3485 4988 3569 5045 la-

1979 5121 2142 5178 queus
2177 5112 2446 5156 tortuosus
2481 5111 2637 5164 super
2671 5107 2846 5147 omnes
2879 5090 2986 5144 vias
3017 5088 3150 5159 ejus.

2052 5197 2137 5255 Cl.
2168 5195 2319 5252 Solet
2347 5191 2528 5248 divina
2560 5188 2845 5256 Scriptura
2878 5196 3076 5252 scepos
3117 5178 3402 5233 nominare
3433 5186 3570 5240 pra:-

1983 5292 2130 5348 sides
2150 5297 2205 5343 et
2232 5285 2603 5340 moderatores
2625 5276 2824 5349 populi,
2850 5285 2903 5329 et
2928 5275 2980 5327 in
3010 5269 3225 5325 sublimi
3247 5264 3570 5334 dignitatum

1985 5381 2155 5454 gradu
2192 5377 2503 5438 collocatos,
2543 5372 2599 5426 in
2643 5383 2780 5441 quos
2824 5366 3101 5420 intueatur
3132 5359 3222 5428 qui
3266 5361 3468 5409 rectam
3515 5358 3572 5404 et

1985 5443 2316 5540 inculpatam
2350 5466 2514 5522 vitam
2555 5463 2753 5532 degere
2799 5457 2944 5510 velit.
2975 5452 3154 5519 Quare
3197 5444 3394 5500 alicubi
3435 5443 3573 5498 Deus

1988 5567 2056 5622 ad
2081 5532 2295 5619 beatum
2325 5556 2644 5627 prophetam
2685 5545 3025 5604 Ezechielem
3056 5559 3070 5597 :
3110 5559 3128 5592 ι
3165 5537 3266 5593 Fili
3313 5532 3570 5597 hominis,

1990 5668 2214 5726 scopum
2235 5622 2357 5708 dedi
2385 5622 2442 5705 te
2473 5643 2656 5702 domui
2694 5638 2879 5707 Israel,
2929 5643 2984 5692 et
3027 5644 3332 5690 sermonem
3385 5622 3575 5681 audies

2084 5834 2129 5868 ⁸⁸
2163 5831 2272 5886 Jer.
2311 5843 2466 5897 mu,
2498 5823 2582 5879 16.
