3982 6520
424 355 533 412 9.23

1449 352 1505 408 S.
1547 350 1823 409 CYBILLI
1861 350 2329 410 ALEXANDRINI
2367 349 2689 407 ARCHIEP.

3703 260 3737 285 κ

3580 341 3693 401 9%

419 484 485 523 ex
515 486 612 529 ore
636 485 781 534 meo.
810 478 865 526 et
891 467 1185 527 minaberis
1229 467 1309 526 eis
1348 484 1378 525 a
1414 485 1500 527 me
1549 470 1616 526 ".
1654 489 1674 525 ι
1725 473 1998 530 Usitatum

2114 474 2310 548 Ιικούσῃ
2338 474 2402 527 ἐκ
2424 470 2694 544 στόματός
2724 485 2827 541 μου
2859 467 3040 537 λόγοῆ
3089 462 3185 520 καῖ
3233 463 3560 535 οιαπειλήσῃ
3586 465 3687 517 αὐ-

427 563 571 618 enim
594 570 713 617 erat
739 561 822 616 his
844 561 1043 630 scopis.
1070 575 1174 615 non
1201 558 1372 615 solum
1393 559 1459 615 iis
1478 576 1617 631 quos
1639 562 2006 631 instituerent,

429 652 497 707 ad
530 653 945 721 descriptionem
976 660 1031 705 et
1059 650 1289 705 formam
1321 650 1687 720 virtutis,una
1718 669 1838 708 cum
1874 653 2006 724 legi-

428 745 528 799 bus
556 758 707 798 suam
722 744 976 812 ipsorum
1009 743 1173 797 vitam
1203 756 1541 813 proponere,
1578 745 1671 800 sed
1716 745 1879 800 etiam
1907 760 2005 816 op-

431 836 559 890 tima
592 844 858 905 praecepta
891 833 1124 900 tradere,
1146 843 1203 888 et
1231 832 1324 887 Dei
1354 833 1679 890 voluntatem
1724 836 1889 905 probe
1917 836 2005 891 in-

433 924 740 994 terpretari.
785 922 1052 978 Caeterum
1097 922 1187 977 alii
1215 923 1435 993 quidem
1477 926 1654 995 scopis
1689 925 1845 982 bonis
1874 927 2005 983 sub-

424 1014 578 1086 joeti,
613 1017 876 1071 directum
918 1016 1020 1069 iter
1053 1012 1211 1069 ofﬁcii
1254 1016 1594 1072 ambulantes
1626 1016 2003 1086 salvabantur;

429 1105 521 1158 alii
548 1104 729 1174 pravis
753 1113 808 1158 et
833 1104 1093 1173 improbis
1118 1102 1430 1157 hominibus
1460 1104 1764 1159 animorum
1783 1120 2003 1161 suorum

434 1204 706 1249 momenta
741 1195 1166 1258 committentes,
1207 1196 1468 1251 seducere
1507 1204 1561 1251 et
1595 1196 1778 1251 seduci
1822 1211 2007 1265 perse—

430 1284 710 1351 verabant,
746 1294 925 1340 mente
954 1287 1022 1340 ab
1043 1286 1189 1340 omni
1221 1301 1383 1356 opere
1424 1288 1568 1343 bono
1615 1297 1670 1344 et
1703 1291 2008 1361 cognitione

430 1388 556 1429 vera
591 1375 797 1430 inanes.
822 1373 1051 1444 Propter
1074 1375 1445 1446 hujuscemodi
1475 1378 1702 1434 tribules
1727 1379 2002 1448 Ephraim,

430 1466 547 1520 sive
570 1465 823 1520 lsraelem
852 1476 908 1520 et
940 1481 1083 1521 nunc
1129 1469 1381 1537 castigat.
1435 1485 1455 1521 t
1504 1467 1701 1525 Factus
1733 1477 1815 1526 est
1859 1472 2006 1525 enim

430 1555 507 1610 illi
537 1571 752 1625 scapus,
782 1557 976 1626 inquit,
1002 1572 1123 1611 cum
1160 1558 1270 1613 Deo
1300 1558 1614 1629 prephetaa
1651 1560 1813 1628 Quasi
1843 1562 2005 1629 dicat,

432 1646 698 1716 cujusque
731 1647 824 1702 Dei
872 1648 1014 1715 falsi,
1060 1648 1226 1703 falsus
1257 1649 1538 1721 propheta.
1577 1652 1648 1707 Ut
1676 1653 1818 1707 enim
1845 1667 2009 1723 supra

430 1739 565 1806 dixi,
602 1738 656 1793 in
681 1739 1005 1809 multiplices
1026 1754 1242 1796 errores
1275 1741 1543 1809 dispertiti
1566 1742 1799 1798 fuerunt.
1838 1745 2006 1799 Etalii

429 1931 531 1986 gor
562 1918 758 1990 :133
793 1930 848 1974 et
881 1920 932 1973 in
964 1921 1203 1990 quolibet
1229 1921 1354 1976 fano
1395 1921 1689 1977 formatum
1729 1932 1784 1979 et
1818 1939 2007 1978 manu-

434 2008 635 2064 factum
669 2012 1016 2068 simulacrum
1045 2013 1263 2081 aliquod
1319 2014 1629 2084 idoiumque
1661 2015 2009 2084 cernebatur,

432 2102 522 2156 cui
560 2102 833 2158 assidebat
859 2105 1187 2175 assiduoque
1231 2107 1506 2162 serviebat
1543 2108 2008 2178 pseudopropheta

433 2195 702 2263 proprius,
741 2206 966 2266 eratque
1010 2200 1149 2270 apud
1180 2213 1275 2253 eos
1324 2214 1494 2271 genus
1543 2200 1877 2256 vaticinandi
1920 2216 2012 2255 va-

433 2285 595 2339 rium.
642 2285 708 2340 Et
750 2290 1070 2343 eructahant
1113 2292 1497 2348 accedentibus
1536 2294 1678 2363 quod
1735 2295 2009 2363 volebant,

432 2374 550 2431 sine
580 2378 788 2432 ratiooe
834 2386 1090 2447 tanquam
1129 2383 1470 2438 conducibile
1517 2394 1572 2439 et
1621 2387 2007 2441 necessarium.

432 2466 696 2532 Quoniam
726 2468 886 2535 igitur
911 2467 1085 2525 factus
1101 2481 1185 2526 est
1212 2488 1409 2544 scapus
1436 2473 1720 2531 tribulibus
1755 2458 2008 2546 Epitraim

431 2572 555 2611 eum
583 2572 904 2628 unoquoque
931 2559 1069 2616 falso
1099 2563 1199 2618 deo
1229 2566 1392 2618 etiam
1435 2567 1693 2635 propheta
1736 2570 2009 2637 proprius,

431 2649 638 2704 idcirco
662 2661 846 2720 postea
882 2654 950 2707 ad
997 2655 1213 2723 quidvis
1262 2659 1634 2726 turpissimum
1688 2660 2014 2730 impotenter

430 2741 795 2797 sedederunt.
832 2742 942 2801 Hoc
972 2745 1076 2800 illis
1108 2744 1312 2801 factum
1355 2759 1440 2805 est
1491 2769 1511 2801 ι
1553 2760 1606 2804 et
1644 2751 1868 2821 laqueus
1900 2762 2014 2809 tor-

431 2837 640 2886 tuosus.
678 2851 698 2885 ι
721 2832 835 2887 Non
867 2836 1011 2890 enim
1039 2848 1291 2906 poterant
1325 2840 1504 2910 dirigi,
1527 2852 1583 2897 et
1612 2852 1755 2899 recta
1771 2859 2011 2915 unquam

431 2923 689 2981 incedere
716 2926 770 2980 in
818 2935 897 2982 tot
930 2928 1155 2985 deorum
1213 2932 1414 2987 cultum
1468 2935 1726 3004 prolapsi,
1787 2949 1846 2990 ut
1886 2952 2012 2993 cum

430 3015 674 3084 quolibet
714 3018 814 3072 deo
856 3029 910 3074 et
953 3022 1226 3091 proprium
1269 3026 1587 3095 prophetam
1637 3028 1918 3093 haberent,
1958 3037 2014 3084 et

2104 566 2217 628 τοῖς
2255 562 2387 633 παρ’
2426 562 2583 634 ἐμοῦ.
2617 580 2637 612 ι
2701 558 2865 622 Ἔθος
2921 557 3030 628 γὰρ
3061 556 3238 609 τοῖσδε
3293 556 3537 617 σκοποῖς,
3567 554 3690 623 οὐχὶ

2108 656 2269 725 μόνον
2299 657 2413 719 τοῖς
2446 650 2856 722 παιδευομένοις
2902 648 3040 721 πρὸς
3068 646 3415 701 ὑποτύπωσιν
3446 645 3650 717 ἀρετῆς
3670 685 3689 706 ,

2105 747 2224 819 ἦτοι
2253 744 2529 808 πολιτείας
2549 745 2644 798 σὺν
2662 741 2845 812 νόμοις
2864 740 2955 794 τὸν
2975 738 3182 794 ἑαυτῶν
3216 735 3528 808 προτιθέναι
3553 736 3688 804 βίον,

2105 834 2242 889 ἀλλά
2266 833 2376 906 γάρ
2433 834 2529 887 καὶ
2576 829 2913 903 εἰσηγεῖσθαι
2957 828 3025 883 τὰ
3072 828 3337 901 χρήσιμα,
3393 829 3486 880 καὶ
3524 826 3585 878 τὸ
3613 825 3694 896 τῷ

2105 927 2224 999 Θεῷ
2256 925 2446 981 δοκοῦν
2494 922 2878 996 διερμηνεύειν
2928 921 3122 994 ὀρθῶς.
3168 920 3308 974 Ἀλλ’
3355 921 3406 973 οί
3455 919 3555 990 μὲν
3585 919 3693 973 ὑπὸ

2109 1019 2346 1083 σκοποὺς
2395 1017 2547 1081 ὀντες
2590 1015 2850 1085 ἀγαθοὺς,
2906 1016 3027 1068 κατ’
3071 1014 3201 1068 εὐθὺ
3244 1013 3338 1066 τοῦ
3384 1013 3704 1083 πρέποντος

2109 1109 2300 1173 ίόντες,
2321 1105 2606 1172 ἐσώζοντο·
2633 1107 2683 1159 οἱ
2708 1106 2764 1159 δὲ
2797 1106 3052 1176 πονηροῖς
3095 1103 3191 1157 καὶ
3218 1103 3440 1171 φαύλοις
3461 1103 3697 1175 ἀνδράσι

2105 1197 2203 1268 τῆς
2240 1194 2449 1250 ἐοίυτῶν
2476 1193 2712 1257 διανοίας
2742 1193 3141 1265 προσνέμοντες
3175 1193 3274 1263 τὴν
3313 1191 3508 1264 ῥοπὴν,
3548 1192 3699 1246 πλαι-

2105 1287 2305 1352 νῶντές
2347 1305 2430 1353 τε,
2476 1288 2572 1341 καὶ
2624 1285 2965 1356 πλανώμενοι
3010 1284 3298 1351 διετέλουν,
3330 1287 3425 1337 και.
3469 1284 3695 1352 ἀπάσης

2106 1377 2474 1449 ἀγαθουργίας
2532 1364 2626 1430 καὶ
2688 1375 2943 1444 γνώσεως
3010 1375 3244 1446 ἀληθοῦς
3328 1375 3695 1446 ἐξῳκισμένον

2107 1467 2320 1537 ἔχοντες
2344 1466 2434 1520 τὸν
2479 1466 2623 1520 νοῦν.
2657 1465 2813 1521 Οὕτω
2852 1465 3189 1529 πεπονθότας
3224 1467 3570 1519 καταιτιᾶται
3596 1466 3697 1517 καὶ

2107 1558 2202 1613 νῦν
2232 1559 2356 1622 τοὺς
2388 1558 2453 1611 ἐκ
2493 1558 2596 1626 τῆς
2643 1557 2816 1629 φυλῆς
2865 1556 3122 1629 Ἐφραῖμ,
3157 1557 3275 1627 ἤτοι
3319 1557 3411 1611 τὸν
3450 1556 3693 1628 Ἰσραήλ.

2113 1667 2133 1701 ι
2164 1650 2360 1717 Γέγονε
2391 1648 2499 1719 γὰρ
2530 1647 2698 1719 αὐτῷ,
2734 1648 2888 1719 φησι,
2946 1648 3147 1712 σκοπὸς
3181 1648 3323 1720 μετά
3372 1648 3507 1702 Θεοῦ
3555 1666 3698 1721 προ-

2109 1743 2305 1813 φήτης.
2333 1759 2352 1793 ι
2387 1741 2613 1807 Ὅμοιον
2632 1740 2710 1803 ὡς
2742 1741 2791 1793 εί
2814 1738 2985 1809 λέγοι,
3022 1739 3140 1793 καθ’
3166 1739 3396 1793 ἕκαστον
3424 1739 3532 1793 τῶν
3559 1739 3699 1810 ψευ-

318 1854 325 1861 -
430 1829 647 1898 quidem
677 1830 984 1884 servierunt
1015 1831 1141 1885 Baal
1161 1871 1177 1897 ,
1212 1831 1301 1890 alii
1333 1830 1590 1899 Chamos,
1615 1834 1729 1890 sive
1751 1835 2008 1903 Beelphe—

2114 1831 2375 1903 δωνύμων
2402 1831 2562 1896 θεῶν,
2592 1831 2688 1885 καὶ
2713 1830 3075 1902 ψευδόμαντις
3116 1831 3300 1894 ἰδικός.
3343 1831 3428 1896 Ὠς
3451 1832 3560 1903 γὰρ
3589 1832 3713 1903 ήδη·

2112 1925 2393 1994 προεῖπον,
2431 1924 2510 1987 είς
2536 1920 2873 1993 πολύτροπον
2897 1921 3217 1996 ἐμερίζοντο
3240 1919 3469 1995 πλάνην.
3499 1924 3612 1976 Καὶ
3645 1925 3714 1976 οε

2115 2013 2211 2085 μὲν
2232 2011 2630 2084 λελατρεύκασι
2652 2011 2730 2081 τῷ
2748 2011 2920 2066 Βάαλ·
2935 2014 2983 2066 οἱ
2998 2012 3055 2066 δὲ
3078 2012 3156 2085 τῷ
3176 2013 3404 2083 Χαμὼς,
3420 2013 3588 2083 ἤγουν
3616 2011 3708 2082 τῷ

2110 2104 2448 2175 Βεελφεγώρ.
2478 2104 2585 2159 Καὶ
2616 2107 2673 2159 ἐν
2693 2104 2908 2174 ἑκάστῳ
2939 2104 3163 2175 τεμένει
3205 2103 3704 2175 πεπλαστούργητό

2110 2213 2164 2249 τι
2217 2195 2313 2250 καὶ
2351 2195 2712 2268 χειρόκμητον
2760 2195 2984 2267 ἄγαλμά
3038 2213 3099 2249 τε
3135 2196 3231 2250 καὶ
3276 2194 3501 2267 βρέτας,
3529 2195 3623 2248 καὶ
3666 2196 3709 2248 ὅ

2111 2285 2487 2359 προσεδρεύων
2510 2286 2725 2354 ἑκάστῳ
2756 2284 3206 2357 ψευδοπροφήτης
3246 2284 3431 2350 ίδικὸς,
3464 2286 3557 2340 καὶ
3576 2285 3701 2341 διὰ-

2113 2395 2275 2449 φορος
2303 2379 2431 2450 παρ’
2460 2378 2643 2442 αὐτοῖς
2680 2379 2708 2433 ὀ
2737 2377 2837 2447 τῆς
2861 2377 3121 2448 μαντείας
3150 2373 3216 2448 ἦν
3237 2377 3457 2448 τρόπος.
3501 2376 3703 2450 Ἦρεύ-

2111 2488 2271 2541 γοντο
2312 2471 2369 2524 δὲ
2412 2472 2524 2534 τοῖς
2560 2470 3021 2541 προσερχομένοις
3076 2469 3139 2522 τὸ
3184 2468 3374 2522 δοκοῦν
3405 2469 3589 2534 ἁπλῶς
3620 2469 3712 2535 ὡς

2112 2562 2381 2634 χρήσιμόν
2404 2580 2465 2615 τε
2525 2562 2616 2615 καὶ
2658 2562 2975 2625 ἀναγκαῖον.
3027 2560 3240 2615 Οὐκοῦν
3280 2562 3579 2633 ἐπειδήπερ
3602 2562 3709 2631 γέ·-

2112 2670 2237 2722 γονε
2275 2652 2474 2717 σκοπὸς
2500 2655 2609 2717 τοῖς
2642 2651 2703 2716 ἐξ
2733 2651 2973 2724 Ἐφραῖμ
3010 2652 3129 2721 μεθ’
3159 2652 3390 2705 ἑκάστου
3424 2651 3534 2706 τῶν
3560 2639 3714 2722 ψευ-τ

2114 2743 2380 2817 δωνύμων
2414 2743 2573 2805 θεῶν.
2602 2745 2698 2798 καὶ
2720 2745 3005 2821 προφήτης
3030 2743 3215 2808 ἰδικὸς,
3233 2742 3487 2816 ταύτῃτοι
3508 2741 3705 2796 λοιπὸν

2115 2835 2252 2907 πρὸς
2278 2838 2386 2890 πᾶν
2423 2835 2598 2891 ὁτιοῦν
2625 2835 2731 2890 τῶν
2787 2836 3082 2907 αἰσχίστων
3112 2836 3356 2906 ἀσχέτως
3400 2833 3702 2888 ἁπονενεύ-

2113 2944 2265 2982 κασι.
2302 2926 2475 2981 Τοῦτο
2520 2926 2745 2997 γέγονεν
2776 2926 2924 2998 αὐτῷ
2960 2947 2978 2978 ι
3008 2926 3105 2980 καὶ
3132 2926 3295 2995 παγὶς
3322 2926 3531 2993 σκολία.
3562 2945 3580 2977 ι
3618 2924 3699 2979 Οὐ

2113 3022 2222 3093 γὰρ
2253 3019 2320 3094 ἦν
2344 3022 2795 3090 κατευθύνεσθαι,
2822 3022 2916 3076 καὶ
2938 3021 3114 3093 ὀρθῶς
3159 3019 3397 3091 βαδίζειν
3435 3016 3702 3072 δύνασθαί

433 3107 653 3177 insuper
674 3123 895 3178 scopum
927 3113 1029 3166 sibi
1057 3113 1321 3181 facerent,
1354 3118 1443 3186 qui
1473 3133 1567 3174 eos
1602 3134 1630 3171 a
1656 3120 1858 3189 pietate
1883 3136 2008 3191 erga

2117 3131 2247 3168 ποτε
2279 3116 2406 3177 τοὺς
2439 3114 2519 3177 εἰς
2552 3112 2823 3181 τοσαύτην
2866 3111 3154 3165 πολυθεῖαν
3181 3107 3581 3179 ὠλισθηκότας,
3621 3106 3703 3171 ὡς

432 3196 601 3253 Deum
629 3200 954 3268 abducebat,
991 3214 1043 3259 et
1072 3205 1126 3259 in
1156 3205 1366 3261 loveam
1400 3198 1718 3278 perditionis
1764 3210 2011 3280 ριν.ροίρί-

430 3288 604 3348 tabat.
648 3290 900 3350 Volentes
931 3297 1092 3366 igitur
1125 3298 1332 3368 legibus
1370 3302 1763 3356 convenienter
1808 3302 2008 3370 vivere,

431 3383 742 3439 auscultare
776 3386 972 3442 debent
1014 3404 1118 3444 non
1161 3392 1477 3447 docentibus
1522 3394 1859 3464 simpliciter,
1914 3410 2013 3449 nec

430 3467 777 3541 loquentibus
801 3477 869 3532 de
898 3478 1060 3533 corde
1090 3496 1190 3536 suo
1230 3481 1298 3547 ⁸⁸,
1358 3483 1449 3539 sed
1488 3484 1687 3554 quibus
1733 3485 1913 3538 divina
1958 3493 2013 3540 et

431 3577 667 3633 superna
702 3568 873 3636 gratia
901 3570 1132 3627 sincera
1175 3587 1302 3643 erga
1332 3573 1500 3628 Deum
1536 3575 1823 3629 charitatis
1856 3576 2011 3629 testi-

432 3655 673 3710 monium
717 3659 949 3715 dederit.
1005 3661 1140 3718 Hinc
1189 3672 1243 3719 et
1284 3663 1585 3721 Christus:
1638 3683 1659 3718 ι
1714 3667 2009 3732 Attendite,

434 3746 628 3814 inquit,
666 3764 693 3802 a
719 3751 873 3806 falsis
903 3756 1206 3823 prophetis,
1243 3756 1333 3826 qui
1374 3758 1592 3813 veniunt
1621 3759 1687 3813 ad
1717 3774 1812 3814 vos
1838 3760 1890 3814 in
1921 3775 2012 3816 ve-

432 3837 704 3896 stimentis
741 3841 945 3911 ovium,
982 3846 1310 3906 intrinsecus
1342 3861 1520 3906 autem
1552 3862 1676 3908 sunt
1718 3853 1824 3923 lupi
1856 3869 2012 3924 rapa—

430 3942 525 3984 ces
554 3930 620 3985 ".
651 3949 672 3984 ι

499 4105 540 4159 Δ
566 4106 876 4164 crudelibus
911 4118 1090 4167 autem
1141 4111 1273 4168 feris
1312 4129 1503 4185 parum
1542 4116 1856 4184 discrepare
1901 4130 2006 4167 non

431 4193 566 4250 falso
595 4196 925 4254 aﬂirmamus
965 4200 1253 4270 impiarum
1296 4205 1561 4260 haeresmn
1602 4205 1912 4258 inventores
1954 4212 2013 4258 et

430 4289 711 4351 patronos,
742 4288 834 4355 qui
862 4302 961 4344 ore
990 4290 1210 4346 diducto
1238 4292 1488 4347 lsraelem
1535 4295 1819 4346 devorant.
1866 4293 2011 4359 Quo-

429 4372 719 4431 dammodo
762 4379 909 4434 enim
960 4391 1294 4437 consumunt
1344 4382 1734 4453 simpliciorum
1772 4383 2005 4448 animas,

430 4463 658 4524 fallaciae
684 4460 938 4529 dentibus
961 4487 1058 4528 eos
1084 4472 1538 4529 comtninuetttes.
1580 4472 1800 4529 Dicatur
1825 4475 2009 4544 itaque

2115 3205 2213 3258 σὺν
2263 3205 2480 3275 ἑκάστῳ
2511 3204 2630 3274 Θεῷ
2672 3205 2767 3257 καὶ¹
2824 3208 3112 3275 προφήτην
3160 3201 3305 3272 ἔχειν
3359 3200 3554 3273 ίδικόΨ
3604 3200 3704 3255 καὶ

2115 3296 2365 3367 προσέτι,
2389 3294 2661 3349 ποιεῖσθαι
2692 3297 2913 3359 σκοπὸν,
2939 3293 3029 3348 τὸν
3051 3294 3151 3363 τῆς
3171 3294 3249 3356 εἰς
3264 3292 3396 3347 Θεὸν
3413 3289 3705 3370 εὐσεϐείας

2113 3386 2536 3457 ἀποκομίξοντα,
2557 3388 2649 3440 καὶ
2675 3380 2787 3451 τοῖς
2812 3387 2909 3457 τῆς
2931 3384 3202 3447 ἀπωλείας
3236 3383 3445 3438 ἐνιέντα
3468 3382 3556 3453 βόθ
3566 3399 3701 3453 ροις.

2112 3477 2451 3548 Προσεκτέον
2482 3476 2549 3548 δὴ
2576 3473 2669 3532 οὗν
2699 3479 2806 3541 τοῖς
2833 3475 3080 3530 ἐθέλουσι
3117 3474 3265 3545 βιοῦν
3288 3474 3549 3541 ἐννόμως,
3578 3471 3706 3543 οὐχὶ¹

2111 3570 2222 3631 τοῖς
2254 3568 2599 3623 διδάσκουσιν
2649 3568 2857 3632 ἁπλῶς,
2918 3567 3042 3620 οὐδὲ
3076 3567 3191 3630 τοῖς
3222 3564 3443 3620 λαλοῦσι
3474 3563 3540 3617 τὰ
3590 3561 3706 3617 ἀπὸ

2111 3659 2340 3731 καρδίας
2369 3658 2569 3721 αὐτῶν,
2589 3652 2796 3722 ἀλλὀἷς
2817 3657 2883 3711 ἂν
2905 3659 2938 3729 ἡ
2960 3656 3079 3719 θεία
3104 3657 3196 3710 καὶ
3224 3652 3430 3708 ἄνωθεν
3459 3655 3708 3724 ἐπιμαρ-

2110 3759 2322 3822 τυρησῃ
2345 3750 2504 3821 χάρις
2545 3748 2649 3819 τῆς
2685 3750 2763 3812 είς
2787 3747 2919 3802 Θεὸν
2951 3749 3173 3818 ἀγάπης
3201 3745 3262 3799 τὺ
3293 3745 3536 3816 γνήσιον.
3575 3744 3708 3798 Τοι-

2110 3842 2302 3913 γάρτοι
2328 3842 2421 3895 καὶ
2448 3844 2476 3895 ὁ
2508 3839 2764 3913 Χριστόςο
2800 3858 2818 3891 ι
2857 3838 3185 3911 Προσέχετε,
3226 3836 3412 3908 φησιν,
3446 3836 3553 3889 ἀπὸ
3590 3835 3708 3890 τῶν

2110 3931 2603 4004 ψευδοπροφητῶν,
2633 3930 2828 3993 οἵτινες
2850 3929 3101 3999 ἔρχονται
3133 3927 3270 4000 πρὸς
3293 3928 3515 3998 ὑμᾶςέν
3545 3926 3704 3983 ἐνδύ-

2114 4041 2251 4096 μασι
2277 4024 2587 4095 προϐάτων,
2630 4019 2833 4074 ἔσωθεν
2853 4019 2911 4073 δέ
2944 4022 3051 4073 εἰσι
3079 4019 3233 4073 λύκοι
3264 4018 3533 4091 ἅρπαγες.
3567 4038 3587 4071 ι

2184 4112 2381 4183 Θηρῶν
2416 4110 2526 4182 γὰρ
2554 4109 2761 4180 ἀγρίων
2791 4108 2948 4178 ὀλίγα
2998 4110 3293 4178 διενεγκεῖν
3340 4125 3519 4180 φαμεν
3571 4110 3709 4183 ἀλη-

2112 4202 2381 4269 θεύοντες,
2416 4200 2544 4265 τοὺς
2572 4201 2680 4254 τῶν
2713 4201 2941 4255 ἀνοσίων
2996 4200 3262 4275 αἱρέσεων
3311 4199 3562 4273 εὑρετὰς,
3605 4202 3707 4256 καὶ

2112 4292 2537 4367 προεστηκότας,
2562 4293 2690 4357 τοὺς
2716 4292 3100 4355 κατεσθίοντας
3125 4291 3218 4345 τὸν
3247 4292 3463 4363 Ἰσραὴλ
3489 4292 3598 4362 ὅλῳ
3620 4293 3706 4364 τῷ

2113 4386 2363 4455 στόματι.
2400 4384 2689 4438 Δαπανῶσι
2720 4384 2830 4454 γὰρ
2863 4382 3054 4454 ὥσπερ
3086 4383 3187 4446 τὰς
3236 4382 3345 4437 τῶν
3396 4384 3706 4445 ἁπλουστέ-

2040 4508 2085 4564 D
2114 4492 2225 4548 ρων
2249 4473 2450 4546 ψυχὰς,
2491 4476 2605 4564 τοῖς
2658 4472 2758 4545 τῆς
2812 4472 3031 4564 ἀπάτης
3074 4469 3699 4564 ὀδοῦσισυντρίϐοντες.

437 4556 643 4615 anobis
673 4560 879 4638 etiam:
917 4582 937 4616 ι
989 4565 1131 4621 Deus
1167 4573 1419 4622 conteret
1463 4565 1653 4621 dentes
1698 4580 1886 4621 eorum
1950 4568 2004 4620 in

2114 4567 2366 4640 Είρήσθω
2390 4566 2453 4637 δὴ
2491 4562 2584 4621 οῦν
2613 4566 2708 4620 καὶ
2737 4562 2875 4636 πρὸς
2906 4564 3086 4637 ήμῶνο
3120 4583 3140 4617 ι
3174 4564 3233 4618 '0
3251 4563 3384 4626 θεὸς
3417 4563 3702 4636 συντρίψει

427 4663 525 4705 ore
550 4652 819 4722 ipsorum;
865 4655 1036 4711 molas
1058 4658 1275 4713 leonum
1309 4657 1578 4729 confregit
1610 4656 1893 4713 Dominus.
1923 4656 2004 4712 Ad

2114 4658 2241 4722 τοὺς
2263 4657 2479 4722 ὀδόντας
2507 4656 2688 4710 αὐτῶν
2717 4658 2773 4711 ἐν
2789 4655 2867 4728 τῷ
2900 4656 3129 4725 στόματι
3154 4654 3356 4720 αὐτῶν,
3391 4653 3491 4718 τάς
3524 4653 3705 4723 μύλας

429 4743 659 4801 nihilum
694 4747 1004 4814 devenient,
1034 4756 1095 4806 ut
1120 4764 1259 4820 aqua
1294 4752 1613 4809 decurrens.
1652 4750 2008 4807 lntendetar-

2114 4748 2222 4803 τῶν
2250 4748 2483 4802 λεόντων
2536 4746 2859 4801 συνέθλασεν
2878 4747 2908 4799 ὀ
2931 4745 3157 4817 Κύριος.
3206 4745 3701 4816 Ἑξουδενωθήσον-

430 4848 554 4890 cum
588 4851 746 4894 suum
768 4838 942 4895 donec
970 4839 1313 4896 inﬁrmentur
1342 4842 1408 4897 ".
1453 4860 1472 4895 ι

2114 4857 2201 4894 ται
2221 4839 2297 4904 ὡς
2325 4839 2468 4911 ὕδωρ
2486 4839 2963 4909 διαπορευόμενον.
2994 4838 3228 4892 Ἐντενεϊ
3254 4837 3313 4891 τὸ
3332 4835 3483 4902 τόξον
3504 4834 3695 4902 αὐτοῦ,

2109 4930 2217 4995 ἓως
2240 4927 2302 4984 οὒ
2331 4929 2725 5000 ἀσθενήσωσιν.
2767 4947 2786 4982 ι

503 5015 669 5073 Vsus.
690 5016 749 5074 9.
774 5015 1050 5072 Insaniam
1078 5017 1135 5072 in
1175 5018 1332 5074 domo
1376 5019 1475 5077 Dei
1504 5021 1822 5091 deﬁxerant.
1872 5020 2005 5077 Cor-

2173 5024 2412 5079 Μανίαν
2442 5019 2513 5076 ἐν
2544 5021 2689 5084 οἴκῳ
2726 5020 2956 5089 Κυρίου
2984 5018 3355 5086 κατέπηξαν.
3405 5015 3701 5087 Ἐφθάρη-

432 5108 573 5177 rupti
604 5115 726 5162 sunt
750 5108 1035 5165 secundum
1057 5111 1168 5165 dies
1198 5112 1368 5168 collis.
1397 5112 1786 5168 Recordabitur
1810 5113 2008 5185 iniqui—

2114 5131 2229 5171 σαν
2284 5112 2437 5168 κατὰ
2499 5110 2725 5182 ’ἡμέρας
2786 5110 2894 5165 τοῦ
2949 5111 3208 5177 βουνοῦ.
3263 5108 3696 5176 Μνησθνίσεται

433 5198 560 5254 tatis
589 5214 791 5264 eorum,
822 5200 1106 5256 ulciscatur
1123 5212 1331 5268 peccata
1362 5219 1564 5259 eorum.

503 5287 613 5344 Cll.
641 5288 915 5345 insaniam
944 5302 1000 5347 et
1025 5291 1114 5348 hic
1146 5308 1296 5349 more
1321 5295 1481 5350 solito
1511 5294 1678 5352 falsas
1703 5295 2007 5367 praedictio-

436 5395 535 5435 nes
558 5381 828 5447 nominat,
870 5382 1088 5439 domum
1118 5393 1296 5442 autem
1345 5387 1556 5442 Domini
1592 5386 1868 5444 lsraelem.
1920 5388 2009 5443 Di-

436 5480 584 5527 ctum
612 5479 693 5528 est
717 5473 881 5543 igitur
897 5477 1127 5546 quodam
1147 5476 1264 5534 loco
1284 5493 1382 5551 per
1396 5477 1685 5534 Jeremiam
1704 5481 1770 5536 ad
1791 5479 2005 5538 Iudaeo-

435 5574 558 5617 rum
594 5560 957 5638 Syuagogam,
997 5569 1146 5625 velut
1174 5583 1243 5626 ex
1306 5584 1535 5640 persona
1571 5571 1663 5628 Dei
1698 5588 1763 5627 ξι
1814 5569 2007 5627 Nonne

2104 5188 2341 5270 ἀδικίας
2368 5200 2586 5269 αὐτῶν,
2615 5200 2921 5270 ἐκδικήσει
2944 5202 3231 5272 ἁμαρτίας
3264 5198 3482 5256 αὐτῶν.

2185 5296 2307 5350 PB'.
2329 5293 2543 5348 Μανίαν
2573 5292 2806 5348 κάνθάδε
2836 5293 3080 5363 συνήθως
3102 5292 3236 5363 φησὶ
3273 5291 3370 5362 τὴν
3389 5289 3696 5361 ψευδομαν-

2112 5387 2286 5445 τείαν.
2321 5386 2527 5459 Κυρίου
2554 5384 2613 5438 δὲ
2664 5379 2811 5459 οἷκον
2839 5383 3093 5453 ὀνομάζει
3138 5383 3229 5435 τὸν
3296 5381 3532 5453 Ἰσραήλ.
3578 5379 3693 5436 Καὶ

2113 5478 2245 5550 γοῦν
2271 5476 2484 5551 εἴρηταί
2522 5492 2625 5529 που
2648 5475 2735 5529 διὰ
2775 5474 2960 5544 φωνῆς
2991 5473 3255 5545 Ἱερεμίου
3288 5472 3422 5544 πρὸς
3449 5472 3548 5544 τὴν
3578 5471 3693 5527 τῶν

2126 5569 2392 5626 Ἰουδαίων
2444 5565 2794 5637 Συναγωγὴν,
2818 5563 2895 5629 ὡς
2932 5566 2997 5620 ἐκ
3046 5563 3341 5636 προσώπου
3375 5563 3468 5619 τοῦ
3515 5560 3686 5619 Θεοῦ·

504 5738 555 5773 ⁸⁷
590 5739 785 5799 Ezech.
825 5759 910 5816 ιιι,
949 5746 1039 5802 17.
1117 5746 1164 5782 ⁵⁸
1191 5747 1302 5805 Jer.
1328 5763 1485 5814 util,
1515 5748 1599 5804 ιθ.
1679 5748 1725 5783 δ’
1753 5742 1944 5804 Matth.
1975 5763 2008 5804 ν

2114 5746 2201 5821 ΙΒ.
2266 5746 2311 5780 ⁸⁸
2337 5744 2481 5802 Psal.
2511 5758 2640 5810 LVII,
2661 5741 2713 5808 7,
2736 5737 2793 5799 8.
