3982 6450
198 372 317 426 225

1137 369 1693 429 COMMENTARIUS
1729 368 1795 424 IN
1837 367 2074 425 OSEAM
2115 368 2559 426 l’ROPIIETAM.

3400 365 3503 422 2:6

210 509 233 542 ι
260 489 378 560 Οὐχ
408 490 487 554 ὡς
519 484 668 543 οἶκόν
693 506 761 559 με
792 466 1081 556 ἐκάλεσας,
1122 492 1215 545 καὶ
1264 494 1498 562 πατέρα,
1538 491 1633 543 καὶ
1679 489 1812 559 ἀρχ-

1929 496 1982 540 ιιι
2017 489 2235 540 domum
2278 502 2363 541 me
2392 484 2621 551 vocaSti,
2659 491 2713 538 et
2748 490 2980 552 patrem,
3016 489 3070 536 et
3107 482 3300 535 ducem
3340 480 3501 550 virgi-

202 584 346 655 ηγὸν
394 582 499 652 τῆς
550 583 852 653 παρθενίας
888 602 1016 649 σου;
1050 604 1068 636 ι
1123 584 1576 653 Καταπλήττεται
1603 581 1667 650 δὴ
1714 576 1808 633 οὖν

201 677 305 746 τῆς
334 672 688 742 ἀποπληξίας
704 674 766 727 τὸ
790 675 1042 744 μέγεθος,
1062 674 1285 727 καὶτῶν
1306 674 1524 728 ἀτόπων
1554 674 1811 742 ἐγχειρη-

213 770 408 833 μάτων
441 769 545 839 τὴν
575 768 909 838 ὑπερϐολήν.
961 767 1289 838 Ἐληλὰκασι
1327 766 1436 837 γὰρ
1487 766 1625 835 πρὸς
1653 764 1815 817 τοῦτο

208 860 401 913 λοιπὸν
434 859 811 929 ἀνοσιότητος,
850 860 1035 929 φησὶν,
1076 858 1152 920 ὡς
1194 858 1393 929 μανίαν
1430 860 1489 910 ἐν
1522 855 1657 925 οἴκῳ
1697 856 1813 907 Κυ-

208 952 332 1023 ρίου
367 951 716 1021 καταπῆξαι,
763 952 1046 1014 τουτέστι,
1100 949 1557 1019 ψευδομαντείαν,
1607 948 1701 1001 καὶ
1744 944 1814 1000 τά

204 1047 321 1108 τοῖς
356 1044 531 1109 θείοις
569 1046 755 1115 νόμοις
784 1044 1219 1116 ἀπηγορευμένα
1255 1043 1619 1115 πλημμελεῖν.
1653 1039 1725 1097 Εὖ
1755 1043 1813 1096 δὲ

198 1133 269 1204 δὴ
325 1135 425 1187 καί
454 1134 519 1187 τὸ
576 1153 594 1186 ι
631 1133 949 1205 κατέπηξαν
1007 1153 1025 1186 ι
1082 1133 1237 1204 φησί.
1287 1132 1364 1188 Οὐ
1401 1134 1508 1205 γὰρ
1538 1134 1812 1187 πέπαυται

202 1224 481 1295 τολμηθὲν
508 1224 766 1290 εἰσάπαξ,
785 1226 901 1279 ἀλλ’
918 1226 1080 1279 οἰονεὶ
1099 1226 1315 1297 πέπηγε
1341 1227 1435 1280 καὶ
1453 1226 1636 1280 ἐνεϐοθ
1646 1226 1810 1298 ρεύθη

203 1317 395 1370 λοιπὸν
430 1319 533 1388 τῆς
562 1318 885 1382 δυσσεϐείας
926 1319 988 1372 τὸ
1037 1319 1247 1391 χρῆμαο
1280 1318 1342 1372 οὐ
1387 1319 1497 1391 γάρ
1545 1318 1813 1389 κατέληξε

203 1408 609 1478 ψευδομάντεις
652 1410 794 1480 ἔχων
862 1410 957 1464 καὶ
996 1410 1450 1481 ψευδοπροφήτας
1505 1411 1535 1464 6
1574 1409 1809 1481 Ἰσραήλ.

217 1500 445 1569 Ἐπειδὴ
506 1500 565 1553 δὲ
614 1500 682 1553 τά
730 1501 912 1555 τοιάδε
961 1500 1402 1572 τετολμήκασιν,
1458 1501 1685 1563 εἰκότως
1736 1493 1812 1553 ὧν

204 1594 443 1662 ἔδρασαν
515 1592 891 1663 ἐξαιτούμενοι
951 1592 1140 1657 δίκας,
1204 1610 1222 1643 ι
1271 1590 1619 1661 Ἐερθάρησαν
1672 1590 1813 1644 κατά

203 1688 301 1749 τὰς
326 1686 555 1757 ἡμέρας
576 1687 672 1739 τοῦ
700 1686 914 1756 βουνοῦ.
937 1687 1295 1756 Μεμνήσεται
1322 1684 1430 1755 γὰρ
1467 1688 1567 1755 τῆς
1600 1683 1812 1746 ἀδικίας

205 1776 414 1841 αὐτῶν,
445 1776 545 1827 καὶ
579 1775 860 1845 ἐκδικήσει
898 1775 1077 1836 πάσας
1118 1774 1217 1836 τὰς
1250 1771 1527 1842 ἁμαρτίας
1550 1769 1749 1823 αὐτῶν.
1787 1787 1805 1821 ι

1918 578 2104 633 uitatis
2139 588 2243 633 tuae
2278 578 2359 631 °'?
2396 597 2415 629 ι
2456 577 2826 646 Magnitudiue
2854 576 3016 645 igitur
3043 574 3294 628 amentia:
3325 582 3380 628 et
3414 586 3507 627 ne-

1915 670 2203 725 fandarum
2273 671 2615 726 molitionum
2694 669 3079 736 exsuperantia
3146 665 3506 734 obstupescit.

1915 761 2201 833 Progressi
2238 771 2365 818 sunt
2409 764 2554 817 enim
2602 761 2740 831 jam,
2789 761 2986 830 inquit,
3023 775 3087 814 eo
3112 759 3425 829 impietatis,
3451 766 3511 812 ut

1916 856 2183 911 inSaniam
2221 856 2273 910 in
2311 857 2472 910 domo
2521 855 2614 909 Dei
2662 856 2971 918 deﬁxerint,
3017 853 3120 907 hoc
3154 862 3257 916 est,
3304 850 3505 905 falsum

1916 950 2233 1004 vaticinium
2282 949 2705 1017 divinarumque
2736 946 2913 1015 legum
2947 946 3317 1000 violationeut.
3368 944 3508 1010 Apte

1915 1053 2179 1098 autemet
2213 1043 2343 1098 illud
2384 1042 2612 1106 dictum,
2664 1059 2684 1092 ι
2748 1040 3074 1095 delixerunt.
3126 1056 3145 1089 ι
3189 1035 3348 1107 134
3389 1034 3505 1089 Νοιι

1914 1138 2060 1194 enim
2097 1138 2253 1192 desiit
2285 1138 2544 1191 audacter
2576 1144 2849 1205 patratum
2885 1131 3075 1195 semel,
3113 1132 3206 1186 sed
3237 1130 3506 1198 quodam-

1918 1232 2079 1286 modo
2117 1231 2220 1284 lixa
2271 1240 2356 1285 est
2417 1242 2473 1283 et
2519 1230 2571 1282 in
2624 1228 2875 1284 scrobem
2938 1227 3171 1295 impacta
3223 1224 3505 1292 impietas;

1915 1320 2041 1389 quia
2075 1335 2180 1373 non
2220 1321 2457 1375 cessavit
2504 1318 2676 1373 falsos
2718 1328 2868 1372 vates
2920 1326 2975 1370 et
3006 1313 3510 1385 pseudoproplietas

1916 1414 2119 1468 habere
2145 1412 2332 1468 Israel.
2371 1412 2507 1479 Quia
2544 1426 2673 1465 vero
2702 1412 2753 1465 in
2799 1410 2941 1464 hanc
2971 1408 3257 1462 audaciam
3309 1419 3508 1473 erupe-

1917 1513 2063 1567 runt,
2100 1503 2295 1556 merito
2325 1501 2589 1555 factorqu
2622 1514 2813 1569 ptenas
2840 1499 3042 1563 exacti,
3074 1517 3092 1550 ι
3117 1497 3356 1565 corrupti
3381 1504 3511 1550 sunt

1914 1599 2210 1651 secundum
2246 1597 2363 1649 dies
2397 1594 2572 1648 collis.
2604 1594 3003 1648 Rccordabitur
3032 1591 3177 1647 enim
3204 1590 3509 1660 iniquitatis

1918 1688 2184 1755 ipsorum,
2213 1696 2266 1739 et
2300 1686 2587 1739 ulciscetur
2608 1685 2790 1738 omnia
2822 1694 3038 1754 peccata
3065 1699 3275 1738 eorum.
3302 1701 3320 1733 ι
3342 1681 3509 1748 Quid.

1918 1795 2043 1833 nam
2076 1789 2255 1832 autem
2289 1778 2382 1841 sit,
2419 1795 2440 1829 ι
2469 1778 2711 1847 corrupti
2743 1786 2869 1832 sunt
2902 1778 3201 1832 secundum
3236 1776 3351 1830 dies
3394 1772 3513 1829 col-

203 1870 316 1922 Καὶ
351 1868 406 1919 τί
450 1868 515 1937 δὴ
549 1866 710 1919 τοῦτό
766 1868 888 1920 ἐστι
938 1866 1021 1931 τὸ,
1082 1885 1101 1917 ι
1141 1866 1489 1935 Ἐφθάρησαν
1524 1864 1663 1915 κατά
1712 1862 1811 1925 τὰς

1929 1870 2004 1936 iis,
2051 1889 2070 1922 ι
2110 1885 2229 1939 age,
2268 1873 2456 1938 paucis
2494 1885 2874 1940 suggeramus.
2923 1868 3197 1938 Scriptum
3226 1878 3311 1923 est
3348 1866 3513 1937 quid-

201 1958 424 2028 ἡμέρας
458 1958 553 2010 τοῦ
591 1948 805 2029 βουνοῦ,
836 1976 852 2009 ι
886 1958 1044 2029 φέρε,
1077 1956 1165 2010 διὰ
1199 1956 1446 2027 βραχέων
1480 1954 1811 2025 ὑπομνήσωο

207 2067 331 2119 μεν.
368 2050 690 2121 Γέγραπταί
722 2068 776 2103 τι
809 2049 1051 2104 τοιοῦτον
1075 2052 1131 2102 ἐν
1152 2052 1218 2120 τῇ
1249 2047 1415 2118 βίϐλῳ
1438 2049 1547 2101 τῶν
1570 2045 1809 2118 Κριτῶν,

205 2142 556 2212 ἐπιτομὰδην
577 2142 634 2194 δὲ
668 2144 908 2206 ἃπασαν,
927 2143 1001 2205 ὡς
1027 2141 1127 2205 Evt,
1154 2141 1456 2211 ποιήσομαι
1476 2141 1575 2210 τὴν
1599 2140 1814 2210 ἀφήγη-

208 2250 318 2300 σιν,
381 2232 482 2285 καὶ
543 2232 895 2303 μακροτέραν
943 2228 1109 2285 οὖσαν
1168 2230 1431 2283 ωστελῶ.
1498 2249 1515 2280 ι
1568 2228 1660 2282 Ἐν
1692 2230 1814 2293 ταῖς

204 2327 451 2397 ἡμέραις
478 2326 739 2389 ἐκείναις,
766 2326 955 2397 φησὶν,
985 2326 1086 2378 οὐκ
1107 2320 1174 2395 ἦν
1206 2321 1461 2393 βασιλεὺς
1483 2324 1542 2375 ἐν
1572 2320 1812 2392 Ἰσραὴλ,

211 2418 353 2489 ἀνὴρ
368 2418 431 2470 τὸ
448 2417 609 2479 εύθές
626 2419 684 2469 ὲν
706 2417 1008 2487 ὀφθαλμοῖς
1038 2415 1203 2470 αὑτοῦ
1226 2414 1421 2469 ἐποίει.
1439 2414 1548 2466 Kal
1578 2412 1813 2484 ἐγενήθη

210 2508 431 2569 νεανίας
457 2510 523 2561 ἐκ
550 2508 822 2581 Βηθλεὲμ,
842 2509 1015 2580 δήμου
1047 2507 1237 2572 Ἰούδα,
1275 2506 1367 2560 καὶ
1385 2504 1813 2575 αὑτὸςΛευῒτης,

210 2606 307 2660 καὶ
341 2599 503 2668 οὗτος
542 2604 797 2677 παρῴκει
852 2606 987 2656 ἐκεῖ.
1036 2603 1147 2657 Kal
1185 2600 1459 2674 ἐπορεύθη
1481 2602 1509 2653 6
1542 2599 1683 2671 ἀνὴρ
1709 2599 1819 2653 ἀπὸ

208 2696 472 2769 Βηθλεέμ
527 2696 629 2767 τῆς
669 2696 877 2760 πόλεως
912 2694 1103 2761 Ἰούδα,
1162 2694 1503 2765 παροικῆσαι
1548 2694 1606 2745 ἐν
1659 2686 1704 2760 ᾧ
1752 2691 1819 2745 ἂν

207 2788 352 2861 εὕρῃ
377 2790 557 2859 τόπῳ.
590 2786 696 2840 Καὶ
744 2784 909 2858 ἦλθες]
943 2786 1046 2849 ἓως
1106 2786 1265 2857 ὄρους
1301 2783 1567 2855 Ἑφραῒμ,
1593 2785 1689 2836 καὶ
1715 2783 1821 2846 ἕως

198 2885 363 2937 οἴκου
391 2881 659 2951 Μιχαίου,
696 2878 789 2933 τοῦ
851 2880 1078 2950 ποιῆσαι
1119 2879 1237 2931 ὁδὸν
1288 2877 1476 2931 αὑτοῦ.
1530 2878 1641 2931 Kal
1669 2872 1821 2929 εἶπεν

212 2975 370 3048 αὑτῷ
393 2974 641 3044 Μιχαίας
667 2988 680 3000 ⁶
714 2971 888 3025 Πόθεν
927 2972 1097 3042 ἐρχῃ;
1141 2971 1253 3024 Kal
1305 2965 1429 3023 εἰπε
1492 2970 1629 3040 πρὸς
1661 2970 1823 3023 αὑτὸν

211 3070 495 3137 Λευῖτης·
537 3063 681 3134 Ἐγώ
725 3066 842 3134 εἰμι
891 3064 1000 3117 ἀπὸ
1050 3062 1301 3133 Βηθλεὲμ
1349 3062 1537 3127 Ἰούδα,
1571 3063 1665 3116 καὶ
1713 3061 1824 3130 ἐγὼ

210 3160 535 3231 πορεύομαι
555 3158 888 3227 κατοικῆσαι
917 3159 973 3212 ἐν
1001 3150 1044 3225 ᾧ
1071 3158 1139 3211 ἂν
1160 3155 1307 3225 εὕρω
1335 3156 1505 3225 τόπῳ.
1537 3155 1646 3208 Kal
1670 3149 1824 3207 εἶπεν

1914 1964 2058 2036 piam
2100 1961 2407 2030 bujusntodi
2450 1963 2501 2016 in
2532 1962 2673 2017 libro
2706 1962 2989 2028 Judicum;
3029 1972 3195 2015 totam
3240 1959 3513 2014 narratio-

1915 2071 2038 2112 nem
2062 2071 2225 2126 quam
2267 2066 2457 2122 p0tero
2504 2055 2830 2109 brevissime
2870 2054 3251 2123 perstringam,
3294 2061 3349 2105 et
3396 2050 3514 2104 lou—

1915 2147 2118 2217 giorem
2151 2146 2204 2201 in
2236 2161 2404 2216 pauca
2434 2144 2737 2200 ccuferatu.
2780 2163 2799 2196 ι
2842 2146 2898 2199 In
2928 2144 3116 2199 diebus
3150 2144 3283 2205 illis,
3314 2142 3513 2211 inquit,

1917 2254 2023 2293 non
2056 2246 2174 2292 erat
2205 2252 2298 2292 rex
2334 2238 2386 2292 in
2420 2236 2606 2302 Israel,
2636 2248 2687 2292 et
2713 2239 2945 2307 quisque
2970 2238 3113 2306 quod
3155 2246 3361 2289 rectum
3392 2243 3516 2289 erat

1917 2328 1972 2383 in
2002 2328 2177 2383 oculis
2209 2328 2342 2391 suis,
2393 2327 2644 2383 faciebat.
2697 2328 2763 2382 Et
2795 2328 2897 2381 l'uit
2933 2325 3146 2395 juvenis
3192 2326 3243 2378 in
3294 2323 3519 2379 Bethle—

1917 2420 2062 2485 hem,
2093 2420 2268 2475 tribus
2298 2419 2456 2482 Juda,
2489 2428 2541 2474 et
2582 2421 2700 2488 ipse
2740 2419 2975 2483 Levites,
3013 2426 3067 2472 et
3103 2418 3191 2471 hic
3238 2418 3519 2473 habitabat

1920 2512 2015 2567 ibi.
2056 2510 2123 2566 Et
2157 2513 2289 2567 abiit
2319 2513 2403 2566 vir
2435 2512 2526 2568 ille
2560 2528 2587 2566 a
2636 2512 2952 2567 Betltleltcm
2994 2510 3215 2565 civitate
3252 2509 3387 2563 .luda
3421 2511 3521 2563 lia-

1920 2604 2096 2657 bitare
2127 2603 2180 2658 in
2214 2603 2331 2658 loco
2358 2618 2522 2672 quem
2568 2604 2889 2665 invenisset,
2935 2613 2990 2657 et
3036 2603 3188 2656 venit
3234 2616 3406 2669 usque
3452 2601 3520 2655 ad

1923 2706 2163 2751 montem
2198 2695 2478 2763 Ephraitn,
2516 2703 2570 2749 et
2602 2709 2773 2763 usque
2804 2696 2870 2748 ad
2917 2695 3138 2747 donunn
3194 2692 3410 2755 Midiae,
3462 2702 3523 2744 ut

1924 2786 2131 2841 faceret
2161 2788 2264 2842 iter
2298 2802 2481 2841 suum.
2519 2786 2585 2841 Et
2621 2787 2758 2842 dixit
2784 2788 2832 2842 ei
2873 2786 3090 2840 Miclta:
3127 2783 3284 2839 Unde
3333 2784 3525 2838 venis?

1923 2878 1992 2933 Et
2028 2879 2308 2949 respondit
2334 2878 2551 2931 Levites
2590 2896 2604 2932 :
2641 2878 2751 2943 Ego
2775 2892 2897 2930 sunt
2925 2880 2989 2931 de
3026 2875 3337 2929 Betblcliem
3360 2872 3521 2939 Juda,

1925 2982 1980 3026 et
2001 2986 2101 3038 ego
2124 2971 2263 3024 vado
2292 2971 2542 3025 habitare
2564 2970 2617 3023 in
2642 2970 2760 3024 loco
2782 2985 2943 3041 quem
2981 2970 3262 3023 iuvenem.
3303 2967 3368 3020 Et
3389 2967 3527 3021 dixit

1926 3066 1977 3119 ei
2009 3064 2187 3118 Micha
2223 3083 2235 3118 :
2280 3063 2423 3118 Sede
2452 3079 2686 3127 mecum,
2724 3073 2776 3116 et
2803 3073 2922 3117 esto
2956 3062 3086 3115 mihi
3119 3062 3170 3114 in
3214 3068 3447 3128 patrem,
3472 3067 3528 3112 et

1933 3159 1986 3212 in
2011 3157 2379 3222 sacerdotem,
2409 3165 2465 3211 et
2487 3172 2589 3227 ego
2620 3158 2760 3211 dabo
2786 3157 2880 3210 tibi
2916 3156 3103 3211 decem
3144 3165 3433 3223 argenteos
3472 3152 3527 3206 in

211 3254 376 3326 αὐτῷ
414 3253 661 3323 Μιχαίας
686 3268 699 3283 ο
732 3250 920 3304 Κάθου
956 3252 1072 3321 μετ’
1100 3248 1262 3320 ἐμοῦ,
1309 3248 1404 3300 καὶ
1433 3250 1584 3316 γίνου
1616 3264 1707 3317 μοι
1745 3247 1825 3309 εἰς

1932 3252 2101 3313 diem,
2132 3261 2185 3307 et
2216 3250 2409 3306 stolam
2444 3251 2700 3312 vestium,
2738 3259 2793 3303 et
2830 3263 2950 3318 qua:
3003 3248 3070 3301 ad
3124 3247 3322 3301 victum
3374 3256 3526 3299 tuum

215 3347 443 3417 πατέρα
474 3346 572 3398 καὶ
598 3344 678 3406 εἰς
708 3343 881 3413 ἱερέα·
920 3342 1016 3395 καί
1044 3339 1155 3408 ἐγὼ
1183 3338 1341 3391 δώσω
1373 3354 1456 3391 σοι
1499 3336 1633 3393 δέκα
1654 3339 1828 3409 ἀργυ-

216 3438 376 3507 ρίους
403 3437 487 3496 εἰς
526 3432 768 3503 ἡμέραν,
798 3432 893 3484 καὶ
934 3429 1128 3500 στολὴν
1166 3428 1421 3499 ἱματίων,
1453 3427 1548 3480 καὶ
1574 3426 1644 3480 τά
1692 3426 1828 3496 πρὸς

216 3528 372 3598 ζωήν
428 3544 548 3580 σου.
610 3525 721 3578 Kal
774 3522 1049 3595 ἐπορεύθη
1100 3523 1129 3574 6
1184 3522 1438 3589 Λευῖτης.
1490 3521 1583 3574 καὶ
1628 3519 1831 3591 ἤρξατο

218 3620 521 3689 παροικεῖν
568 3614 724 3686 παρά
771 3613 851 3683 τῷ
903 3613 1077 3684 ἀνδρί.
1136 3613 1248 3666 Kal
1293 3611 1528 3682 ἐγενήθη
1560 3614 1587 3665 6
1614 3611 1830 3675 νεανίας

210 3709 352 3780 παρ’
379 3706 535 3777 αὐτῷ
568 3706 642 3769 ὡς
698 3701 780 3768 εἷς
813 3704 922 3758 ἀπὸ
969 3704 1101 3757 υἰῶν
1153 3702 1345 3757 αὑτοῦ.
1408 3704 1516 3756 Kal
1546 3703 1833 3774 ἐπλήρωσε

217 3801 474 3872 Μιχαίας
506 3799 609 3870 τὴν
646 3801 805 3869 χεῖρα
850 3795 944 3850 τοῦ
995 3797 1250 3862 Λευΐτου,
1276 3795 1371 3849 καὶ
1420 3794 1657 3865 ἐγενήθη
1683 3793 1832 3864 αύτῷ

212 3896 298 3958 εἰς
328 3892 511 3961 ἱερέα,
551 3890 647 3943 καὶ
678 3888 898 3957 ἐγένετο
928 3889 985 3941 ἐν
1014 3887 1149 3957 οἴκῳ
1173 3885 1435 3957 Μιχαίου.
1482 3907 1501 3939 ι
1533 3886 1833 3941 Είδωλολά-

216 4002 364 4056 τρης
401 3984 503 4055 μὲν
530 3978 625 4035 οὖν
655 3984 683 4035 6
727 3980 993 4051 Μιχαίας,
1029 3979 1430 4049 κατεμισθοῦτό
1464 3996 1528 4048 γε
1586 3978 1693 4050 μὴν
1741 3979 1834 4033 τὸν

216 4079 286 4142 ἐξ
306 4077 549 4146 αἵματος
578 4074 674 4128 τοῦ
688 4074 845 4138 Λευῒ,
869 4075 963 4128 καὶ
989 4073 1333 4144 θεραπευτὴν
1354 4072 1528 4126 ἐποίει
1565 4072 1832 4142 γλυπτοῦ,

219 4170 324 4223 καί
356 4171 483 4232 ταῖς
516 4166 627 4220 τῶν
659 4165 897 4219 εἰδώλων
928 4158 1172 4219 ἀνετέθει
1200 4166 1434 4235 χρείαις.
1488 4166 1596 4217 Kal
1622 4165 1674 4219 τί
1698 4164 1838 4235 μετά

219 4260 393 4313 τοῦτο
445 4258 708 4328 γενέσθαι
770 4256 1155 4328 συμϐέϐηκεν;
1219 4258 1365 4327 Ἔφη
1430 4256 1594 4311 πάλιν
1642 4257 1740 4311 ώδί
1776 4259 1839 4310 τὸ

220 4353 480 4423 Γράμμα
537 4350 600 4402 τὸ
634 4349 800 4420 ἱερόν·
844 4366 862 4400 ι
890 4351 996 4402 Καὶ
1016 4352 1074 4402 ἐν
1105 4352 1227 4412 ταῖς
1256 4348 1495 4421 ἡμέραις
1532 4350 1768 4413 ἐκείναις
1801 4353 1833 4421 ή

224 4445 379 4515 φυλὴ
407 4443 519 4496 Δάν
551 4442 738 4512 ἐζήτει
768 4443 907 4513 αὐτῇ
942 4440 1311 4512 κληρονομίαν
1337 4440 1432 4494 τοῦ
1476 4442 1836 4511 κατοικῆσαι,

221 4539 315 4590 ὅτι
358 4536 463 4588 οὐκ
516 4535 780 4586 ἐνέπεσεν
826 4534 965 4604 αὐτῇ
1001 4533 1106 4596 ἐως
1152 4533 1253 4604 τῆς
1283 4532 1498 4603 ἡμέρας
1527 4533 1746 4603 ἐκείνης
1780 4534 1838 4586 ἐν

224 4626 388 4699 μέσῳ
420 4624 606 4693 φυλῶν
656 4624 873 4695 Ἰσραὴλ
928 4623 1283 4696 κληρονομία.
1330 4620 1463 4677 Εἶτα
1497 4624 1657 4677 πέντε
1686 4625 1841 4689 τινὰς

226 4715 648 4785 ἐπιλεξάμενοι,
681 4715 1029 4786 προϐαδίζειν
1091 4716 1302 4769 ἑαυτῶν
1334 4716 1712 4783 ἀναπείθουσι,
1745 4718 1841 4769 καὶ

228 4811 649 4880 κατερευνῆσαι
704 4808 804 4879 τὴν
831 4807 937 4878 γῆν
984 4808 1051 4879 ἣν
1100 4809 1166 4862 ἂν
1220 4808 1468 4863 δύναιντο
1499 4807 1709 4875 λαϐεῖν,
1742 4808 1839 4862 καὶ

228 4898 440 4948 οἰκεῖον
470 4894 751 4947 ποιεῖσθαι
779 4895 1002 4967 κλῆρον.
1038 4897 1100 4950 Oi
1125 4897 1182 4951 δὲ
1207 4898 1491 4968 ἀφίκοντο,
1526 4898 1712 4969 φησὶν,
1732 4898 1838 4960 ἕως

232 4990 400 5059 ὅρους
442 4988 706 5061 Ἐφραίμ,
743 4990 847 5054 ἓως
874 4992 1028 5045 οἴκου
1073 4993 1335 5061 Μιχαίου,
1371 4991 1466 5047 καὶ
1502 4991 1836 5063 ηὐλίσθησαν

234 5086 376 5148 ἐκεῖ,
415 5084 514 5137 καὶ
543 5083 636 5137 τὸν
657 5084 892 5155 Λευῖτην
932 5084 1410 5154 ἐπιγινώσκουσιν,
1432 5086 1509 5152 ὡς
1564 5086 1801 5157 ὁμογενῆ
1830 5126 1846 5151 ,

236 5175 327 5230 διά
352 5193 438 5228 τοι
480 5175 543 5227 τὸ
573 5175 791 5247 γλώττῃ
825 5177 1065 5248 χρῆσθαι
1096 5180 1163 5248 τῇ
1193 5180 1314 5232 κατ’
1341 5179 1533 5250 αὐτῆςο
1574 5178 1850 5250 Ἑϐραίοις

238 5266 352 5337 γὰρ
398 5261 579 5329 οὖσιν,
628 5265 704 5328 ὡς
748 5264 1001 5336 Ἐϐραῖος
1067 5266 1269 5321 ἐλάλει.
1334 5266 1616 5338 Ἐρόμενοι
1652 5266 1710 5320 δὲ
1747 5266 1847 5339 τὴν

241 5359 450 5422 αίτίαν,
480 5356 576 5409 καί
607 5357 1006 5429 ἀναμαθόντες,
1067 5360 1218 5423 ὅπως
1270 5361 1335 5414 ἐκ
1366 5361 1540 5431 φυλῆς
1562 5361 1691 5415 ὄντα
1714 5360 1849 5415 Λευῖ

245 5468 379 5505 κατε
391 5450 656 5522 μισθοῦτο
690 5451 789 5522 μὲν
811 5452 839 5505 6
870 5452 1135 5522 Μιχαίας,
1194 5454 1477 5525 ίερουργὸν
1498 5453 1555 5507 δὲ
1590 5453 1698 5509 τῶν
1719 5456 1848 5509 ἐαυ-

244 5542 345 5597 τοῦ
386 5545 816 5615 κεχειροτόνηκε
852 5546 1249 5616 σεϐασμάτων,
1312 5546 1647 5617 συναλγῆσαι
1694 5547 1847 5613 δέον,

247 5637 327 5701 ὡς
378 5636 755 5709 αἰχμαλώτῳ,
806 5639 901 5692 καὶ
948 5639 1309 5709 ἢπατημένῳ,
1352 5640 1444 5693 καὶ
1492 5639 1847 5712 ἀλητεύοντι,

331 5818 375 5853 ⁶¹
407 5814 523 5872 Jer.
550 5834 635 5886 ιιι,
666 5817 720 5874 4.
802 5818 847 5851 ⁸³
871 5816 1049 5875 Judic.
1086 5833 1219 5886 xvn,
1253 5818 1409 5873 6-43.

1932 3344 2224 3414 pertinent.
2249 3343 2317 3397 Et
2352 3343 2487 3396 abiit
2519 3340 2760 3405 Levites,
2787 3352 2841 3395 et
2868 3342 3070 3410 incepit
3108 3339 3356 3393 habitare
3387 3336 3528 3403 apud

1932 3437 2130 3491 virum.
2155 3436 2220 3489 Et
2252 3435 2355 3488 fuit
2382 3434 2705 3489 adolescens
2731 3433 2871 3502 apud
2898 3433 3072 3496 illum,
3105 3440 3167 3486 ut
3190 3446 3329 3485 unus
3365 3429 3433 3483 dc
3468 3429 3531 3482 li-

1932 3526 2022 3582 liis
2057 3525 2197 3592 ejus.
2238 3526 2300 3579 Et
2332 3525 2579 3596 implevit
2606 3522 2785 3578 Micba
2822 3538 3044 3577 manum
3075 3520 3302 3586 Levitaa,
3329 3530 3385 3573 et
3430 3518 3533 3573 fuit

1933 3620 1982 3673 ei
2008 3618 2062 3673 in
2093 3617 2457 3678 sacerdotem,
2489 3625 2544 3670 ct
2576 3615 2677 3670 fuit
2707 3614 2759 3668 in
2792 3615 2953 3668 domo
2981 3613 3168 3667 Miclue
3202 3612 3267 3667 θ’.
3301 3632 3319 3665 ι
3356 3612 3534 3667 Idolo-

1936 3708 2073 3762 latra
2126 3709 2289 3777 igitur
2333 3708 2435 3761 fuit
2466 3706 2700 3771 Miclias,
2758 3706 3014 3761 mercede
3065 3705 3420 3760 nihilominus
3464 3704 3534 3757 de

1935 3801 2203 3868 sanguine
2232 3799 2360 3855 Levi
2414 3810 2772 3870 propagatum
2828 3800 3109 3863 conduxit,
3162 3809 3219 3853 et
3267 3797 3532 3853 cultorem

1935 3894 2069 3951 fecit
2109 3893 2396 3961 sculptilis,
2434 3892 2819 3963 idnlorumque
2861 3893 3053 3948 usibus
3082 3909 3205 3947 eum
3239 3891 3532 3945 dedicavit.

1937 3984 2077 4052 Quid
2112 3982 2338 4052 postea?
2358 3983 2560 4036 Narrat
2594 3999 2810 4037 rursum
2832 3981 3110 4050 Scriptura
3136 3997 3288 4037 sacra
3310 3982 3363 4035 in
3391 3981 3538 4035 hunc

1940 4080 2156 4133 modum
2188 4094 2202 4130 :
2238 4076 2336 4130 «Et
2365 4074 2417 4128 in
2450 4075 2640 4129 diebus
2671 4074 2780 4128 illis
2798 4074 2972 4127 tribus
2995 4072 3106 4127 Dan
3127 4074 3408 4141 qnazrebat
3428 4072 3533 4126 sibi

1940 4169 2339 4241 possessionem
2372 4167 2442 4221 ad
2473 4165 2854 4230 habitandum,
2897 4165 3154 4233 quoniam
3191 4180 3296 4217 non
3339 4162 3539 4217 cecidit

1909 4247 2014 4316 'illi
2043 4275 2215 4329 usque
2244 4259 2310 4312 ad
2345 4259 2486 4314 diem
2530 4256 2681 4311 illum
2728 4257 2782 4311 in
2839 4256 3018 4310 medio
3074 4256 3311 4310 tr'rbuum
3370 4254 3535 4308 Israel

1942 4351 2238 4424 possessio.
2273 4350 2477 4405 Deinde
2506 4349 2745 4418 quinque
2790 4347 3012 4402 delectis
3056 4356 3116 4401 ut
3165 4346 3538 4415 praecederent

1942 4450 2349 4513 persuaserunt,
2377 4449 2434 4495 et
2475 4439 2823 4509 explorarent
2868 4447 3089 4502 terram,
3133 4452 3296 4506 quam
3329 4435 3541 4505 possint

1943 4551 2231 4605 occupare,
2262 4549 2317 4589 et
2349 4535 2401 4588 in
2447 4543 2652 4590 sortem
2688 4548 2840 4587 suam
2885 4541 3224 4585 convertere.
3258 4528 3335 4582 Illi
3372 4543 3536 4583 vene-

1949 4640 2073 4685 runt
2103 4644 2275 4698 usque
2313 4630 2380 4683 ad
2410 4637 2648 4683 montem
2680 4625 2962 4689 Epliraim,
2996 4624 3048 4677 in
3076 4624 3294 4678 domum
3328 4620 3539 4684 Micba',

1943 4732 1999 4778 et
2030 4722 2416 4790 requieverunt
2442 4719 2535 4785 ibi,
2565 4725 2621 4772 et
2646 4717 2891 4771 Levitatn
2911 4725 2967 4769 ut
2991 4722 3281 4784 cognatum
3307 4729 3543 4783 agnove-
3626 4713 3633 4729 ‘

1945 4825 2092 4876 runt,
2123 4812 2265 4880 quod
2298 4827 2486 4866 eorum
2520 4810 2697 4878 lingua
2737 4817 2998 4863 uteretur.
3034 4804 3278 4861 Hebraeis
3309 4804 3453 4859 enim
3484 4813 3545 4857 ut

1941 4904 2207 4961 ﬂebrmus
2262 4903 2601 4971 loquebatur.
2664 4900 2974 4954 Percontati
3014 4898 3177 4966 igitur
3210 4910 3454 4960 causam,
3491 4904 3547 4949 et

1940 4997 2160 5067 cognito
2190 4994 2461 5063 quomodo
2496 5008 2560 5047 ex
2607 4991 2746 5047 tribu
2782 4990 2908 5045 Levi
2929 5000 3120 5057 natus,
3146 5005 3174 5043 a
3205 4988 3379 5043 Micba
3410 5002 3543 5042 con-

1950 5089 2147 5142 ductus
2174 5095 2341 5151 esset,
2372 5096 2426 5141 et
2460 5085 2527 5140 ab
2552 5100 2617 5140 eo
2650 5084 2933 5139 sacriﬁcus
2986 5081 3249 5137 idolorqu
3289 5079 3407 5151 ejus
3459 5079 3543 5137 it)-

1953 5179 2197 5244 stitutus,
2242 5193 2366 5234 cum
2398 5174 2651 5232 miserari
2702 5185 2760 5227 ut
2795 5176 3093 5242 captivum,
3129 5180 3186 5228 et
3234 5174 3542 5240 deceptum,

1955 5281 2011 5327 et
2042 5285 2295 5326 erronem
2340 5270 2619 5334 deberent,
2674 5266 2831 5338 135
2883 5264 3172 5321 confestim
3224 5263 3277 5318 in
3327 5261 3545 5317 eosdem

1956 5361 2297 5432 deceptiouis
2330 5361 2553 5430 laqueos
2610 5361 2937 5423 inciderunt,
2993 5365 3046 5411 et
3099 5370 3223 5409 eum
3266 5368 3333 5407 ex
3388 5353 3550 5408 idolis

1959 5454 2300 5509 sciscitatum
2338 5453 2441 5508 sibi
2477 5452 2684 5507 referre
2712 5449 3070 5518 postularunt,
3105 5446 3148 5501 si
3186 5445 3267 5500 eis
3314 5460 3381 5500 ex
3426 5459 3554 5499 sen-

1962 5548 2129 5603 tentia
2172 5556 2411 5615 caaptutn
2456 5555 2598 5601 esset
2653 5556 3055 5614 processurum,
3110 5551 3169 5595 ut
3216 5540 3549 5604 obtinerent,

1960 5641 2204 5711 inquam,
2239 5638 2533 5709 regionem,
2562 5653 2725 5708 quam
2758 5636 3099 5707 exploratum
3119 5633 3432 5690 veniebant.
3458 5632 3551 5688 Ille
