3982 6464
515 291 612 346 29.7

1536 286 1599 347 S.
1641 285 1917 343 CYRILLI
1960 280 2434 340 ALEXANDRINI
2472 280 2793 340 ABCiilEP.

3683 282 3787 337 5‘28

510 405 652 477 quod
683 403 920 469 iubebat,
945 409 1202 473 tanquam
1230 416 1260 455 a
1309 400 1416 456 Deo
1460 417 1778 474 responsum
1805 404 2089 460 referebat.

2212 398 2654 470 συγκατώλισθον
2683 397 2848 464 εὐθὺς
2874 400 2954 463 εἰς
2982 400 3108 457 τοὺς
3128 400 3226 471 τῆς
3253 399 3471 472 ἀπάτης
3516 398 3748 471 βρόχους
3768 439 3789 467 ,

513 495 871 553 Considerata
920 493 1089 565 igitur
1119 502 1287 559 terra,
1319 491 1479 561 legati
1520 496 1905 552 renuntiarunt
1934 499 2021 566 iis,
2070 514 2102 554 a

514 588 713 658 quibus
742 587 894 643 missi
932 595 1111 651 erant,
1143 586 1341 641 bonam
1373 595 1428 642 et
1456 587 1710 657 pinguem
1731 602 1877 658 esse,
1909 605 2009 645 nec
2028 591 2104 647 ci-

513 691 595 735 tra
627 679 881 735 sudorem
915 693 1077 747 posse
1111 678 1282 747 redigi
1322 678 1376 732 in
1407 687 1747 747 potestatem.
1779 680 1875 736 His
1896 695 2103 738 sermo-

511 770 672 827 nibus
717 770 945 835 auditis,
995 770 1220 827 tribules
1266 767 1406 835 Dan,
1443 770 1687 826 sexcenti
1734 787 1980 839 numero,
2013 789 2103 830 ar-

513 863 646 918 mati
679 863 1063 919 ascenderunt.
1091 860 1374 918 Venerunt
1416 871 1595 919 autem
1644 872 1698 919 et
1735 865 1837 935 ipsi
1873 865 1925 919 in
1958 866 2102 920 aedes

512 951 730 1008 Michm.
767 953 832 1008 Et
881 953 1313 1022 responderunt,
1358 953 1566 1023 inquit,
1618 954 1692 1008 illi
1732 956 1970 1024 quinque
1997 955 2105 1011 viri

508 1044 601 1113 qui
638 1045 884 1099 abierant
905 1045 1313 1099 consideratum
1348 1053 1545 1100 terram
1565 1046 1743 1109 Laisa,
1767 1056 1822 1100 et
1846 1046 2102 1101 dixerunt.

508 1133 769 1189 fratribus
792 1135 909 1188 suis
937 1149 952 1187 :
986 1133 1199 1189 Scitote
1223 1137 1366 1204 quod
1394 1136 1447 1189 in
1475 1136 1634 1189 domo
1663 1137 1763 1189 ista
1781 1146 1863 1189 est
1888 1136 2098 1205 Ephod,

507 1234 563 1277 ct
594 1224 953 1294 Theraphim,
1003 1234 1055 1278 et
1090 1224 1360 1292 sculptile,
1405 1236 1462 1278 et
1503 1224 1795 1279 conﬂatile.
1844 1225 1908 1298 Et
1955 1241 2100 1281 nunc

508 1315 707 1369 scitate
742 1315 872 1383 quid
915 1312 1373 1383 facietis.rEphod
1414 1314 1576 1383 igitur
1615 1324 1774 1368 sonat
1824 1313 2094 1376 liberalia,

509 1405 838 1473 ’i'heraphim
872 1405 1134 1469 remissio,
1162 1414 1255 1458 aut
1278 1421 1475 1459 sanans
1496 1405 1659 1473 ipsos.
1696 1403 1898 1459 Idolum
1949 1406 2092 1459 enim

506 1492 696 1546 falsam
732 1493 1044 1563 opinionem
1079 1493 1334 1557 habebat,
1382 1493 1539 1561 quasi
1592 1507 1786 1548 sanare
1829 1494 2091 1563 quosdam

507 1591 708 1651 posset.
737 1582 913 1638 Graeci
957 1584 1103 1638 enim
1152 1583 1461 1653 huiusmodi
1497 1585 1566 1638 de
1593 1585 1912 1655 quibusdam
1949 1583 2092 1639 scul-

507 1678 729 1747 ptilibus
759 1675 1418 1733 conuuiniscuntumlloc
1448 1691 1574 1731 cum
1623 1676 1939 1732 didicissent
1988 1676 2089 1729 tri-

2204 491 2298 545 καὶ
2339 491 2626 563 ἀγορεύειν
2649 491 2813 545 αὐτὸν
2848 491 3053 561 ἠξίουν,
3085 491 3448 563 ἐπερωτῶντα
3476 492 3537 544 τὸ
3566 488 3787 544 εἴδωλον

2203 585 2253 636 εί
2286 584 2428 638 κατά
2453 581 2682 654 γνώμην
2715 583 2899 645 αὐτοῖς
2933 581 3226 653 ἐκϐήσεται
3257 582 3319 635 τὸ
3338 581 3648 653 ἐγχείρημα
3668 620 3683 646 ,
3726 578 3789 631 τὸ

2204 672 2501 743 κρατῆσαι,
2552 673 2717 742 φημὶ,
2762 670 2863 740 τῆς
2915 670 3122 741 χώρας,
3186 672 3253 741 ἢν
3314 670 3576 739 ἀφίκοντο
3649 686 3786 722 κατ-

2202 761 2555 833 αθρήσοντες.
2573 762 2632 815 '0
2663 760 2723 815 δὲ
2747 760 2808 814 τὸ
2819 759 3009 813 δοκοῦν
3030 760 3326 831 λελάληκεν
3348 761 3423 824 ὼς
3444 761 3598 832 παρὰ
3623 758 3785 813 Θεοῦ.

2203 853 2701 923 Κατασκεψάμενοι
2751 852 2810 905 δὲ
2837 852 2937 923 τὴν
2970 853 3073 925 γῆν
3107 855 3158 906 oi
3191 853 3625 923 ἀπεσταλμένοι,
3671 856 3791 915 τοῖς

2201 945 2553 1014 πεπομφόσιν
2577 944 2943 1016 ἀπήγγελλον,
2967 945 3045 1009 ὡς
3073 944 3253 1016 ἀγαθὴ
3275 946 3369 999 xui.
3391 945 3551 1008 πίων,
3591 946 3686 999 καὶ
3723 946 3787 997 ού

2204 1038 2303 1091 σὺν
2325 1038 2514 1110 ἱδρῶτι
2545 1038 2748 1109 ληπτή.
2781 1038 3000 1109 Ἐπειδὴ
3029 1039 3085 1092 δὲ
3110 1038 3220 1092 τῶν
3238 1037 3496 1091 τοιούτων
3522 1037 3792 1090 ἐπύθοντο

2200 1129 2395 1196 λόγων,
2417 1133 2466 1183 oi
2485 1132 2595 1185 ἀπὸ
2625 1131 2800 1200 φυλῆς
2834 1130 2930 1183 τοῦ
2959 1132 3086 1196 Δάν,
3123 1130 3395 1195 ἑξακόσιοι
3415 1130 3507 1184 τὸν
3528 1131 3787 1201 ἀριθμδν,

2200 1214 2258 1267 ὲν
2282 1215 2467 1280 ὅπλοις
2516 1216 2668 1281 ὅντες
2716 1217 3018 1273 ἀνέϐαινον.
3074 1220 3360 1288 ’Λφίκοντο
3405 1220 3459 1273 δὲ
3503 1220 3594 1272 καὶ
3629 1220 3792 1273 αὐτοὶ

2203 1306 2397 1377 μέχρις
2425 1307 2576 1362 οἴκου
2605 1310 2864 1379 Μιχαίου.
2915 1310 3029 1363 Καὶ⁵
3062 1312 3462 1382 ἀπεκρίθησαν,
3512 1313 3699 1382 φησιν,
3735 1314 3789 1364 oi

2199 1398 2361 1452 πέντε
2415 1400 2626 1470 ἄνδρες,
2666 1403 2716 1455 οἱ
2774 1401 3130 1474 πορευθέντες
3181 1402 3629 1473 κατασκέψασθαι
3685 1402 3790 1473 τὴν

2198 1490 2302 1560 γῆν
2330 1489 2526 1555 Λαῖσά,
2575 1492 2670 1545 καὶ
2700 1488 2857 1547 εἷπον
2894 1494 3032 1565 πρὸς
3080 1495 3208 1557 τοὺς
3269 1494 3531 1564 ἀδελφοὺς
3577 1493 3787 1547 αὐτῶν.

2202 1582 2469 1651 Ἔγνωτε,
2521 1583 2602 1636 ὅτι
2655 1583 2802 1638 ἔστιν
2834 1588 2893 1639 έν
2947 1585 3026 1656 τῷ
3055 1586 3187 1656 οῐκῳ
3222 1586 3395 1657 τούτῳ
3460 1586 3657 1655 Ἐφὼδ,
3690 1586 3790 1639 καὶ

2195 1672 2473 1747 Θεραφὶμ,
2495 1674 2591 1728 καὶ
2622 1674 2881 1744 γλυπτὸν,
2914 1677 3009 1731 καὶ
3035 1676 3321 1748 χωνευτόν.
3347 1677 3460 1731 Καὶ
3483 1678 3576 1731 νῦν
3610 1679 3789 1746 γνῶτε

506 1769 657 1825 bules
713 1770 851 1834 Dan,
895 1769 1086 1823 tollunt
1115 1768 1380 1838 sculptile,
1409 1779 1464 1823 et
1513 1768 1753 1823 Levitam
1806 1776 1867 1822 ut
1911 1766 2083 1823 Micba

2191 1762 2239 1816 τί
2268 1764 2651 1835 ποιήσετε.οΤδ
2674 1765 2774 1835 μὲν
2796 1764 2891 1820 οὖν
2933 1766 3111 1837 Ἐφὼδ
3150 1768 3516 1838 ἑρμηνεύεται
3553 1767 3787 1838 λύτρω-

506 1859 768 1916 derelicto
807 1870 1070 1929 sequatur
1124 1870 1460 1927 permovent.
1488 1858 1778 1928 Congressi
1805 1867 2009 1924 autem,
2039 1867 2094 1913 et

506 1952 739 2007 victoria
790 1952 967 2022 potiti,
1015 1958 1071 2006 et
1113 1951 1334 2020 regione
1374 1958 1662 2019 occupata,
1695 1949 1884 2003 urbem
1922 1948 2093 2003 aditi-

506 2052 633 2098 cant
660 2043 923 2099 vocabulo
953 2042 1091 2109 Dan,
1124 2028 1287 2113 primi
1310 2042 1555 2112 parentis
1574 2042 1660 2096 sui
1689 2056 1882 2096 nomen
1912 2040 1963 2096 ei
1998 2042 2095 2097 de-

505 2142 793 2190 cernentes
826 2151 839 2187 :
875 2142 1034 2188 erant
1072 2133 1253 2199 enim,
1291 2142 1346 2188 ut
1387 2132 1524 2197 dixi,
1563 2132 1632 2187 de
1670 2131 1815 2187 tribu
1863 2140 1919 2187 et
1962 2148 2090 2187 san-

504 2224 666 2295 guine
694 2223 831 2279 Dan.
866 2223 1147 2279 Collocato
1171 2234 1351 2278 autem
1397 2223 1472 2278 ibi
1507 2232 1564 2277 et
1597 2222 1760 2287 idolo,
1811 2222 2089 2277 sacriﬁca-

504 2315 637 2368 bant
660 2314 858 2378 cidem,
892 2322 945 2367 ct
969 2327 1095 2369 cum
1121 2324 1270 2369 terra
1298 2311 1457 2368 deum
1475 2326 1691 2382 quoque
1707 2311 2086 2382 possidebant:

504 2413 653 2460 tanta
698 2404 798 2459 fuit
847 2406 1081 2474 ipsorum
1135 2405 1384 2460 vecordia
1429 2404 1528 2459 “.s
1582 2402 1734 2458 Hanc
1761 2403 1832 2458 ob
1862 2415 2086 2457 causam

504 2504 690 2567 postea
720 2497 892 2551 iratus
913 2506 998 2552 est
1024 2497 1187 2561 Deus,
1216 2505 1271 2551 et
1299 2495 1636 2565 aequissime,
1671 2503 1727 2548 ut
1751 2494 1967 2562 indigne
1992 2495 2089 2548 ha-

505 2587 672 2641 bitus.
705 2584 841 2640 Cum
874 2596 1053 2640 autem
1080 2600 1242 2641 omne
1282 2600 1479 2640 nomen
1509 2584 1727 2640 lsraelis
1754 2583 1874 2639 loco
1901 2583 2087 2639 inimi-

503 2692 690 2733 corum
749 2678 1350 2748 infcnsissimorumque
1392 2677 1636 2733 hostium
1694 2676 1919 2732 tribules
1972 2675 2087 2730 Dan

503 2770 724 2832 ducere,
755 2777 810 2824 et
839 2770 1094 2826 admissae
1141 2770 1196 2824 in
1246 2768 1415 2823 Deum
1472 2768 1765 2839 impietatis
1821 2769 2085 2823 rationem

499 2874 597 2916 eos
639 2876 867 2931 poscere
910 2869 1207 2931 oporteret,
1257 2862 1422 2917 etiam
1476 2860 1708 2917 fortasse
1762 2862 1830 2917 iis
1875 2862 2085 2917 assensi

512 2963 661 3019 sunt,
689 2963 746 3008 et
776 2953 1072 3009 laudandos
1101 2962 1450 3018 censuerunt,
1498 2962 1555 3007 ut
1606 2955 1699 3023 qui
1747 2953 1878 3007 nihil
1929 2954 2088 3021 plane

502 3041 876 3113 deiiquissent.
917 3042 1034 3098 iam
1062 3058 1191 3099 vero
1222 3057 1343 3113 quae
1377 3042 1537 3113 hujus
1568 3043 1791 3113 ignavia:
1817 3042 2084 3112 stipendia

2194 1867 2317 1920 σις.
2354 1854 2612 1926 Θεραφὶμ
2637 1856 2695 1909 δὲ
2745 1857 2930 1921 πάλιν,
2969 1857 3181 1923 ἄνεσις
3205 1859 3240 1930 ἢ
3273 1859 3776 1928 ἰώμενοςαὺτοὺς.

2194 1946 2428 2000 Εἴδωλον
2449 1947 2560 2018 γάρ
2585 1943 2654 2019 ἦν
2679 1949 2948 2021 ὑπόληψιν
2981 1951 3104 2022 ἕχον
3136 1951 3221 2019 ἐφ’
3261 1950 3441 2021 ἐαυτῷ
3464 1950 3660 2021 ψευδῆ,
3686 1948 3784 2003 τοῦ

2194 2035 2518 2107 θεραπεύειν
2553 2036 2817 2094 δύνασθαί
2844 2056 3016 2104 τινας.
3054 2041 3488 2113 Περιπλάττουσι
3516 2042 3627 2114 γὰρ
3666 2042 3788 2095 Ἐλ-

2193 2128 2368 2199 λήνων
2398 2129 2581 2195 παίδες
2615 2129 2728 2184 ἔσθ’
2753 2131 2843 2186 ὅτε
2872 2135 2995 2197 ταῖς
3019 2132 3292 2197 τοιαύταις
3312 2133 3491 2200 δόξαις
3520 2134 3587 2187 τά
3612 2151 3783 2206 χειρο·

2194 2218 2620 2290 ποίητα.‹Τοῦτο
2656 2220 3043 2292 μεμαθηκότες
3070 2225 3120 2277 οἱ
3171 2225 3280 2278 ἀπὸ
3309 2223 3438 2289 Δάν,
3462 2224 3778 2296 ἀναλαμϐά-

2193 2325 2343 2362 νουσι
2375 2311 2437 2363 τὸ
2470 2309 2733 2377 γλυπτὸν,
2767 2312 3129 2367 ἀναπείθουσι
3155 2314 3213 2368 δὲ
3258 2315 3353 2369 καὶ
3382 2315 3473 2368 τὸν
3520 2314 3581 2380 ἐξ
3615 2317 3779 2387 αἵμα-

2190 2417 2282 2464 τος
2309 2399 2402 2454 τοῦ
2442 2401 2576 2454 Λευῖ
2615 2403 3084 2475 κατακολουθῆσαί
3140 2422 3347 2474 σφισιν,
3399 2407 3779 2476 ἀποφοιτῶντα

2189 2491 2449 2563 Μιχαίου.
2507 2494 2963 2566 Παραταξάμενοι
3026 2498 3104 2561 δὲ,
3141 2499 3235 2551 καὶ
3268 2500 3637 2570 νενικηκότες,
3687 2502 3779 2554 καί

2191 2582 2297 2635 ὑπὸ
2325 2586 2483 2654 χεῖρα
2508 2584 2766 2651 λαϐόντες
2809 2587 2910 2658 τὴν
2951 2589 3073 2660 γῆν,
3120 2590 3474 2661 ἀνεδείμαντο
3507 2591 3686 2656 πόλιν,
3715 2592 3781 2663 ῆν

2189 2673 2558 2745 ἐπωνόμασαν
2619 2675 2762 2745 Δάν,
2808 2677 2869 2731 τὸ
2929 2678 3026 2732 τοῦ
3080 2680 3425 2751 προπάτορος
3477 2682 3787 2753 γράφοντες

2190 2765 2352 2838 αὐτῇ*
2394 2766 2568 2839 φυλῆς
2595 2767 2705 2839 γὰρ
2741 2764 2885 2840 ἦσαν
2938 2769 3033 2823 καὶ
3083 2771 3318 2841 αἵματος
3364 2775 3464 2845 τῆς
3509 2773 3620 2827 ἀπὸ
3651 2773 3783 2839 Δάν,

2189 2854 2267 2919 ὡς
2294 2855 2452 2927 ἔφην.
2499 2858 2869 2931 Ὶδρυσάμενοι
2912 2860 2969 2913 δὲ
3023 2861 3119 2914 καὶ
3154 2862 3214 2915 τὸ
3263 2863 3481 2917 εἴδωλον
3508 2864 3567 2916 ὲν
3600 2866 3743 2937 αὐτῇ
3766 2908 3783 2932 ,

2189 2943 2381 3011 θυσίας
2398 2949 2696 3020 προσῆγον,
2715 2952 2811 3004 καὶ
2831 2952 2969 3021 όμοῦ
2992 2956 3059 3024 τῇ
3080 2955 3149 3023 γῇ
3176 2955 3272 3007 καὶ
3306 2954 3427 3007 θεὸν
3454 2957 3784 3028 ἐκτήσαντοο

2190 3036 2328 3107 πρὸς
2352 3037 2510 3092 τοῦτο
2529 3040 2714 3104 αὐτοῖς
2737 3041 2995 3106 ἀϐουλίας
3021 3045 3394 3117 κατεκομίσθη
3424 3048 3484 3101 τὸ
3503 3049 3785 3121 φρόνημα.

501 3134 836 3205 acceperint,
872 3148 971 3204 age
1004 3146 1514 3189 commemoremus.
1558 3130 1717 3185 Nullo
1748 3130 1924 3185 adhuc
1959 3144 2087 3200 rege

2191 3101 2458 3202 Ταύτητοι
2488 3130 2621 3196 Θεὸς
2655 3101 2954 3202 ἠγανάκτει
2976 3101 3187 3201 λοιπὸν,
3218 3101 3313 3190 καὶ
3354 3101 3785 3209 μάλα

500 3224 735 3295 israelis,
785 3227 871 3280 vir
923 3226 1143 3296 quidam
1202 3224 1441 3291 Levites,
1502 3222 1754 3278 habitans
1806 3225 1861 3277 in
1916 3221 2087 3278 latere

501 3317 703 3371 montis
743 3315 1025 3385 Ephraim,
1074 3330 1296 3371 uxorem
1350 3312 1819 3369 Bethleemitidem
1907 3312 2083 3368 duxit.

502 3407 635 3475 Qua:
660 3421 783 3462 cum
821 3407 1046 3478 fugisset
1092 3406 1161 3461 ad
1209 3413 1419 3476 patrem
1469 3419 1649 3469 suum,
1698 3414 1919 3461 secutus
1964 3419 2084 3459 eam

502 3499 754 3565 maritus,
786 3499 1074 3569 persuasit,
1116 3506 1174 3553 ut
1207 3512 1390 3554 secum
1444 3497 1621 3553 redire
1666 3511 1730 3552 ac
1767 3496 1832 3552 de
1888 3505 2087 3553 caetero

499 3591 815 3647 cohabitare
845 3590 1026 3647 vellet.
1062 3589 1183 3658 Quo
1215 3589 1381 3655 facto,
1431 3589 1484 3644 in
1516 3589 1694 3644 medio
1734 3588 1931 3644 itinere
1959 3604 2083 3644 cum

499 3698 562 3739 ea
594 3683 649 3738 in
678 3683 864 3739 Gabaa
893 3684 1170 3754 oppidum,
1209 3681 1354 3752 quod
1398 3680 1825 3752 interpretantur
1875 3681 2082 3750 collem,

500 3773 740 3829 divertit.
764 3772 982 3841 Gabaae,
1012 3774 1127 3829 sive
1150 3772 1306 3829 collis
1336 3772 1525 3828 incolae
1554 3781 1710 3828 erant
1738 3770 2083 3844 Benjamitaa.

508 3864 670 3937 136
696 3862 764 3919 lis
788 3868 929 3936 apud
957 3880 1141 3921 senem
1184 3864 1472 3934 quemdam
1507 3863 1929 3933 diversantibus,
1980 3879 2084 3921 no-

503 3967 589 4011 cte
617 3956 790 4011 media
826 3957 1106 4013 venientes
1139 3956 1384 4012 nonnulli
1432 3956 1579 4012 cives
1608 3956 1948 4028 Benjamitaa,
1988 3957 2087 4012 bo-

500 4049 674 4104 mines
703 4048 963 4119 improbi,
1013 4057 1075 4103 ut
1123 4050 1385 4121 scriptum
1434 4057 1558 4116 est,
1614 4047 1799 4103 Levita
1857 4057 1912 4103 et
1962 4046 2086 4103 aliis

498 4139 646 4195 abuti
677 4140 745 4194 ad
773 4138 1051 4194 libidinem
1087 4137 1393 4194 voluerunt.
1426 4135 1526 4192 Vix
1571 4135 1790 4191 tandem
1822 4150 1885 4190 re
1917 4133 2088 4189 scele-

497 4232 737 4289 stissima
803 4233 1057 4302 precibus
1115 4231 1443 4296 condonata,
1493 4227 1798 4298 corripiunt
1859 4240 2086 4282 uxorem

497 4324 636 4395 ejus,
669 4324 1150 4394 mulierculamque
1178 4337 1276 4394 per
1301 4330 1470 4377 totam
1504 4329 1717 4375 noctem
1754 4320 1968 4388 impura
2017 4317 2085 4371 li-

498 4416 682 4471 bidine
726 4425 975 4470 vexatam
1025 4414 1164 4469 mori
1203 4422 1425 4484 cogunt.
1464 4409 1561 4466 Vir
1590 4423 1792 4479 corpus
1833 4407 2085 4463 exanime
2117 4436 2159 4491 ι)

499 4507 553 4562 in
591 4517 775 4579 partes
817 4508 1120 4571 concisura,
1163 4520 1261 4575 per
1314 4503 1488 4558 tribus
1517 4500 1845 4556 israeliticas
1893 4500 2082 4555 distri-

497 4599 635 4666 buit,
670 4598 1206 4669 Benjamitarumque
1252 4602 1308 4650 et
1349 4595 1403 4648 in
1454 4594 1694 4662 hospites
1742 4591 1979 4658 facinus,
2031 4601 2089 4648 et

499 4691 815 4754 eii'renatam
844 4690 1144 4756 lasciviam,
1169 4697 1223 4742 et
1258 4684 1575 4743 Sodomitici
1605 4682 1791 4753 ﬂagitii
1820 4683 2083 4739 imitatio-

500 4797 630 4851 nem
666 4780 977 4843 manifestat
1009 4778 1076 4835 ”.
1114 4778 1193 4835 Ex
1245 4789 1312 4832 eo
1360 4774 1672 4844 indignatus
1719 4781 1865 4828 totus
1915 4772 2086 4828 Israel

502 4884 886 4945 congregatur,
918 4880 976 4927 et
1005 4869 1196 4939 copias
1230 4870 1422 4923 contra
1457 4866 1787 4938 Benjamitas
1816 4865 2082 4932 Gabaam,

501 4974 597 5017 seu
623 4961 691 5016 ad
719 4958 913 5015 collem
951 4957 1152 5013 educit.
1188 4955 1392 5011 Tantas
1423 4964 1604 5011 autem
1648 4966 1861 5025 strages
1897 4956 2087 5012 edide-

502 5061 649 5119 runt,
679 5059 741 5107 ut
769 5050 1019 5119 quamvis
1044 5049 1302 5119 populosa
1328 5057 1475 5104 esset
1504 5047 1816 5113 admodum,
1852 5049 1939 5102 vix
1965 5063 2089 5118 per-

502 5143 657 5215 pauci
686 5143 985 5198 incolumes
1012 5142 1067 5196 in
1101 5141 1448 5197 solitudinem
1500 5139 1624 5209 fuga
1681 5155 1741 5195 se
1791 5140 2087 5209 eriperent.

506 5234 582 5295 Ex
611 5233 762 5288 omni
802 5233 930 5288 item
953 5231 1119 5287 Israel
1155 5231 1398 5289 bellicosi
1442 5231 1546 5285 viri
1602 5230 1805 5299 ingenti
1861 5246 2089 5286 numero

505 5326 849 5419 interierunt.
877 5326 949 5379 At
975 5326 1118 5380 enim
1154 5339 1260 5379 non
1290 5324 1626 5395 permisisset
1652 5323 1790 5379 Deus
1814 5323 2089 5379 Israelitas

505 5416 821 5472 conserere
852 5432 1078 5480 manus,
1125 5419 1226 5473 nisi
1271 5416 1520 5485 sculptile
1571 5431 1637 5471 ex
1682 5417 1842 5471 domo
1900 5416 2090 5472 Miehtc

505 5508 775 5563 sublatum
807 5511 897 5580 qui
930 5518 1086 5565 erant
1115 5510 1182 5566 de
1211 5509 1352 5566 tribu
1388 5510 1498 5563 Dan
1530 5509 1848 5574 coluissent,
1878 5518 1935 5563 et
1967 5507 2088 5562 alia:

580 5686 624 5730 ⁸³
657 5684 831 5745 Judic.
874 5704 1029 5755 xvtu,
1067 5688 1213 5744 1-31.
1292 5685 1536 5741 6"indic.
1570 5699 1683 5747 xix,
1714 5682 1933 5753 passim.

2187 3220 2265 3285 ὡς
2295 3221 2642 3293 ὑϐρισμένος.
2698 3220 2834 3279 Εἶτα
2878 3225 2997 3279 δέον
3048 3227 3262 3292 πάντας
3291 3232 3419 3295 τοὺς
3450 3231 3507 3298 ἐξ
3543 3233 3786 3306 Ἰσραὴλ,

2187 3308 2419 3379 ἐχθροὺς
2448 3312 2704 3381 ἡγεῖσθαι
2733 3315 2827 3368 καὶ
2855 3314 3301 3386 πολεμιωτάτους
3331 3321 3460 3385 τοὺς
3490 3321 3600 3375 άπὸ
3650 3323 3785 3390 Δάν,

2187 3400 2284 3453 καὶ
2312 3402 2411 3471 τῆς
2444 3406 2524 3466 είς
2557 3402 2689 3457 Θεὸν
2718 3404 3036 3470 δυσσεϐείας
3066 3409 3351 3480 ἐξαιτῆσαι
3392 3411 3601 3479 λόγους,
3642 3415 3791 3484 τάχα

2189 3508 2295 3545 που
2332 3493 2427 3547 καὶ
2453 3494 2887 3567 συνηνέχθησαν,
2917 3498 3013 3552 καὶ
3037 3501 3282 3554 ἐπαινεῖν
3305 3502 3511 3571 ἠξίουν,
3540 3505 3617 3568 ὼς
3660 3510 3789 3560 κατ’

2187 3583 2340 3637 οὐδὲν
2392 3584 2532 3649 ὅλως
2584 3588 2997 3659 ἡμαρτηκότας,
3043 3591 3136 3645 καὶ
3167 3595 3294 3646 ποῖα
3326 3594 3549 3663 γέγονεν
3596 3597 3790 3663 αὐτοῖς

2185 3676 2287 3747 τῆς
2340 3677 2421 3739 είς
2464 3676 2625 3731 τοῦτο
2670 3679 2947 3750 ῥᾳθυμίας
2976 3681 3047 3734 τά
3078 3682 3305 3752 ὀψώνια,
3357 3686 3488 3758 φέρε
3532 3686 3793 3761 λέγωμεν

2187 3765 2409 3836 ἐφεξῆς.
2481 3767 2868 3821 Ἀϐασιλεύτου
2944 3774 3316 3845 μεμενηκότος
3371 3778 3465 3831 τοῦ
3540 3779 3789 3851 Ἰσραὴλ,

2188 3858 2328 3929 ἀνήρ
2346 3875 2429 3923 τις
2446 3860 2699 3930 Λευῖτης,
2714 3863 2995 3933 παροικῶν
3018 3866 3076 3917 ὲν
3104 3869 3299 3938 μηροῖς
3333 3868 3491 3939 ὅρους
3518 3870 3791 3943 Ἐφρατμ,

2192 3950 2443 4005 σύνοικον
2475 3952 2772 4021 ἐποιήσατό
2797 3970 2917 4007 τινα
2959 3957 3071 4011 τῶν
3120 3959 3185 4011 ἐκ
3244 3958 3513 4031 Βηθλεέμ.
3561 3962 3788 4035 Ἐπειδὴ

2186 4041 2243 4095 δὲ
2264 4042 2491 4111 γύναιον
2539 4044 2754 4116 ἀπέδρα
2798 4047 2937 4117 πρὸς
2967 4048 3060 4103 τὸν
3120 4051 3355 4123 πατέρα,
3382 4053 3568 4107 εἵπετο
3621 4056 3728 4127 μὲν
3756 4059 3791 4111 ὁ

2190 4135 2445 4207 Λευΐτης.
2483 4137 2795 4191 Ἀναπείθει
2826 4138 2883 4192 δὲ
2911 4135 3067 4204 αὖθις
3096 4140 3462 4213 ὑπονοστῆσαι
3483 4146 3582 4199 σὺν
3609 4147 3783 4219 αὐτῷ,

2188 4225 2282 4279 καὶ
2301 4225 2441 4281 οἴκοι
2469 4227 2721 4295 γενέσθαι
2754 4228 2962 4284 λοιπόν.
2996 4226 3071 4286 Ob
3099 4230 3161 4303 δὴ
3188 4235 3494 4302 γεγονότος,
3519 4240 3661 4292 κατὰ
3687 4240 3790 4311 μέ-

2190 4332 2290 4386 σην
2328 4314 2423 4371 ίὼν
2465 4318 2566 4390 τὴν
2598 4319 2737 4387 ὁδὸν,
2793 4320 2931 4391 όμοῦ
2980 4321 3060 4393 τῷ
3112 4325 3319 4396 γυναίῳ
3376 4328 3679 4383 κατέλυσεν
3724 4333 3786 4386 ὲν

2189 4405 2410 4471 Γαϐαὰ,
2463 4408 2500 4479 ἦ
2552 4410 2971 4482 διερμηνεύεται
3012 4414 3268 4482 βουνός.
3316 4418 3516 4487 ᾭκουν
3578 4420 3637 4473 δὲ
3683 4422 3785 4494 τὴν

2192 4498 2400 4565 Γαϐαὰ,
2415 4500 2539 4577 fract
2562 4501 2653 4555 τὸν
2682 4502 2872 4572 βουνὸν
2894 4504 2944 4556 οἱ
2961 4505 3026 4559 ὲκ
3047 4506 3220 4576 φυλῆς
3247 4506 3530 4579 Βενιαμίν.
3561 4511 3783 4585 Ἐπειδὴ

2189 4589 2247 4644 δὲ
2278 4591 2432 4661 παρά
2481 4609 2603 4646 τινα
2651 4593 3011 4667 κατηυλίζετο
3059 4597 3365 4669 πρεσϐύτῃ,
3418 4601 3560 4655 κατά
3609 4603 3784 4675 μέσην

2189 4680 2286 4753 τὴν
2314 4682 2486 4738 νύκτα
2539 4683 2786 4748 ἐλθόντες
2824 4685 2933 4740 τῶν
2975 4688 3039 4741 ὲκ
3081 4688 3256 4759 φυλῆς
3282 4688 3558 4763 Βενιαμὶν,
3587 4693 3784 4767 ἄνδρες

2189 4772 2537 4845 παράνομοι,
2592 4773 2739 4830 καθά
2776 4776 3104 4849 γέγραπται,
3158 4783 3590 4847 καταϐιάζεσθαι
3648 4790 3782 4860 πρὸς

2190 4863 2484 4932 ἀσέλγειαν
2510 4864 2604 4918 τόν
2657 4880 2720 4917 τε
2754 4867 3013 4939 Λευῒτην,
3069 4869 3165 4924 καὶ
3215 4871 3400 4937 αὐτὸν,
3432 4874 3528 4926 καὶ
3559 4874 3785 4947 ἑτέρους

2189 4953 2401 5025 ἠθελον.
2460 4956 2889 5029 Δυσωπηθέντες
2931 4959 2990 5013 δὲ
3039 4960 3197 5031 μόλις
3245 4962 3348 5035 τῆς
3391 4964 3628 5031 ἀτοπίας
3685 4968 3785 5040 τὴν

2191 5046 2519 5118 ὑπερϐολὴν,
2568 5047 2667 5120 τὴν
2716 5050 2813 5103 τοῦ
2869 5052 3099 5108 Λευΐτου
3140 5055 3583 5124 συλλαμϐάνουσι
3645 5061 3789 5115 παλ-

2140 5142 2161 5155 “
2192 5138 2404 5194 λακίδα.
2447 5141 2559 5193 Καὶ
2584 5141 2648 5215 δὴ
2678 5144 2775 5196 καὶ
2805 5144 3162 5210 ἀπεκτόνασι,
3204 5146 3274 5201 δι’
3295 5148 3423 5221 ὅλης
3450 5150 3554 5220 τῆς
3585 5152 3787 5217 νυκτὸς

2191 5231 2271 5293 εἰς
2294 5229 2358 5282 τὸ
2380 5230 2604 5297 γύναιον
2637 5232 3072 5303 ἀσελγαίνοντες.
3109 5237 3167 5291 '0
3195 5237 3253 5291 δὲ
3302 5238 3493 5293 διελὼν
3526 5243 3609 5305 είς
3640 5243 3785 5313 μέλη

2189 5322 2253 5375 τὸ
2275 5324 2432 5395 σῶμα
2462 5326 2703 5396 διένειμε
2749 5328 2863 5390 τοῖς
2896 5328 2961 5380 ὲκ
3010 5329 3183 5399 φυλῆς
3229 5330 3465 5402 Ἰσραὴλ,
3491 5334 3784 5404 καταφανῆ

2191 5415 2455 5480 καθιστὰς
2515 5416 2624 5471 τῶν
2669 5420 2734 5471 ὲκ
2784 5419 2957 5491 φυλῆς
2988 5420 3244 5492 Βενιαμὶν
3277 5422 3378 5492 τήν
3418 5439 3477 5475 τε
3528 5426 3609 5487 είς
3656 5427 3786 5489 τοὺς

2191 5506 2376 5575 ξένους
2401 5509 2699 5580 ἁμαρτίαν,
2732 5510 2827 5564 καὶ
2852 5511 2910 5564 ab
2937 5512 3189 5583 ἀχάλινον
3233 5514 3315 5577 εἰς
3344 5513 3656 5584 ἀσέλγειαν·
3690 5516 3785 5570 καὶ
