3982 6466
220 301 346 356 229

1170 294 1732 355 COMMENTARIUS
1768 294 1836 350 IN
1877 294 2113 352 OSEAM
2147 297 2597 356 PROPIIETAM.

3423 304 3531 362 250

226 420 318 471 ὅτι
361 419 428 471 τά
475 417 783 488 Σοδομιτῶν
815 418 1168 490 μεμίμηνται
1204 417 1679 488 πλημμελήματα.
1725 415 1835 468 Ἐν-

1947 417 2117 471 tribus
2159 417 2210 471 id
2245 417 2430 488 inique
2475 416 2881 474 dissimulantes
2927 418 3278 488 quievissent.
3342 418 3531 474 Simile

226 508 428 562 τεῦθεν
459 509 854 581 ἀγανακτήσας
881 511 1297 581 συναγήγερται
1331 509 1437 570 πᾶς
1459 507 1698 577 Ἰσραήλ,
1739 505 1836 559 καὶ

226 602 735 669 κατεστρατεύοντο
757 601 857 672 τῆς
886 601 1058 671 φυλῆς
1076 601 1336 670 Βενιαμὶν
1359 601 1418 652 ἐν
1454 598 1692 660 Γαϐαὰν,
1710 614 1834 650 του-

222 689 438 752 τέστιν,
490 691 550 742 ἐν
593 689 672 759 τῷ
706 690 903 761 βουνῷ·
954 690 1098 744 οὓτω
1150 707 1209 743 τε
1269 690 1442 760 αὐτὴν
1500 690 1832 759 ἀνῃρήκασι,

223 781 411 833 καίτοι
453 781 896 853 πολυανδροῦσαν
919 782 1061 849 λίαν,
1089 781 1165 846 ὡς
1196 781 1411 850 ὀλίγους
1451 782 1647 851 κομιδῇ
1681 797 1837 851 περι-

224 870 535 935 σωθέντας,
561 873 718 943 μόλις
736 874 1034 943 ἀναφυγεῖν
1057 877 1135 938 είς
1153 873 1252 944 τήν
1282 876 1379 944 ἔρη
1390 890 1509 943 μον.
1537 873 1837 926 Διολὼλασι

222 962 281 1016 δὲ
295 964 394 1016 καὶ
419 965 486 1017 ἐκ
505 965 712 1029 παντὸς
742 966 961 1036 Ἰσραὴλ
983 966 1096 1020 τῶν
1123 966 1380 1038 μαχίμων
1406 965 1507 1017 ούκ
1533 964 1837 1035 εὐαρίθμη-

220 1072 332 1109 τοι.
371 1056 518 1108 Ἀλλ’
543 1058 647 1110 οὐκ
681 1057 747 1111 ἂν
781 1058 936 1127 ἠφίει
967 1057 1102 1120 Θεὸς
1131 1056 1386 1126 ἀλλήλοις
1426 1053 1838 1126 συμπλέκεσθαι

1937 509 2067 579 quid
2098 511 2262 565 etiam
2298 519 2518 580 propter
2565 511 2759 566 vitulos
2795 525 2989 566 aureos
3040 511 3150 566 Deo
3201 511 3530 566 exacerbata

1937 601 2142 656 evenit.
2174 601 2549 658 Couﬂixerunt
2578 604 2722 658 enim
2757 603 2876 658 duae
2907 603 3078 658 tribus
3109 602 3246 658 Juda
3283 617 3405 658 cum
3433 603 3531 658 de-

1938 707 2054 747 cem
2086 693 2342 762 Ephraim
2365 712 2379 760 ;
2406 704 2458 749 et
2497 694 2725 764 perinde
2757 703 2817 747 ut
2845 695 3178 762 temporibus
3202 693 3374 757 collis,
3409 692 3530 748 mil-

1938 780 2008 834 lia
2035 782 2201 836 multa
2225 783 2619 846 occubuerunt,
2645 790 2699 836 et
2727 781 2808 836 ira
2839 781 2930 834 Dei
2965 781 3260 851 instigante
3293 795 3416 835 cum
3441 781 3527 832 vi-

1939 872 2044 926 etis
2071 873 2170 940 ipsi
2200 876 2434 928 victores
2466 873 2576 929 dati
2600 882 2726 928 sunt
2768 873 2935 928 exitio
2959 873 3026 927 ⁸⁵.
3069 873 3231 928 Gesta
3262 880 3385 925 sunt
3413 870 3530 924 hmo

1939 977 2102 1031 super
2146 962 2339 1019 Judam
2388 974 2647 1030 regnante
2678 965 2919 1025 Amasia,
2970 977 3134 1032 super
3195 963 3358 1017 Israel
3405 961 3524 1026 Joa,

1941 1056 2032 1124 qui
2067 1057 2140 1111 ita
2175 1057 2388 1128 subegit
2419 1057 2874 1127 Hierosolymam,
2906 1067 2965 1108 ut
2995 1065 3205 1125 partem
3254 1055 3393 1108 tnuri
3435 1069 3531 1108 cu-

219 1148 356 1209 τοὺς
380 1147 444 1211 ἐξ
476 1149 720 1220 Ἰσραὴλ,
761 1151 808 1202 εί
843 1149 918 1220 μὴ
951 1149 1014 1203 τὸ
1051 1149 1111 1214 ἐξ
1144 1148 1296 1201 οἴκου
1324 1147 1562 1217 Μιχαίου
1598 1145 1835 1214 γλυπτὸν

1944 1146 2179 1201 biturum
2213 1147 2734 1216 quadringentorum
2771 1147 3012 1201 dirueret
3042 1147 3108 1200 ⁸⁸.

215 1239 272 1291 οἱ
302 1240 409 1309 μὲν
437 1241 551 1294 ἀπὸ
580 1240 689 1294 aen:
725 1243 1078 1312 τετιμήκασι,
1139 1240 1535 1311 κατηρέμησαν
1571 1238 1628 1291 δέ
1694 1237 2026 1308 παραλόγως
2074 1239 2125 1292 οί
2165 1240 2232 1292 ἐκ
2278 1240 2388 1292 τῶν
2453 1239 2656 1311 ἐτέρων
2717 1238 2922 1308 φυλῶν.
2963 1237 3216 1292 Τοιοῦτόν
3251 1255 3303 1290 τι
3339 1237 3529 1305 γέγονε

217 1336 320 1388 καὶ
379 1336 481 1388 ἐπὶ
517 1339 644 1399 ταῖς
688 1336 956 1406 δαμάλεσι
1011 1339 1130 1400 ταῖς
1177 1338 1406 1406 χρυσαῖς
1457 1333 1838 1404 λελυπημένου
1876 1333 2036 1387 Θεοῦ.
2088 1335 2518 1404 Συνεπλάκησαν
2577 1335 2688 1406 γάρ
2725 1334 2986 1404 ἀλλήλαις
3031 1334 3092 1386 αῖ
3125 1351 3185 1385 τε
3215 1331 3309 1384 τοῦ
3358 1330 3531 1383 Ἰούδα

223 1424 397 1493 φυλαὶ
431 1425 552 1488 δύο,
588 1426 684 1478 καὶ
711 1428 769 1479 ai
801 1425 936 1478 δέκα
963 1425 1059 1478 τοῦ
1091 1425 1356 1496 Ἐφραῖμ.
1395 1426 1506 1479 Καὶ
1543 1423 1619 1487 ὡς
1668 1426 1727 1476 ὲν
1749 1426 1868 1488 ταῖς
1939 1424 2176 1496 ἡμέραις
2231 1425 2327 1478 τοῦ
2391 1424 2581 1495 βουνοῦ
2640 1426 2824 1495 μυρίοι
2884 1425 2983 1495 μὲν
3023 1427 3136 1479 ὅσοι
3181 1423 3528 1485 πεπτώκασι,

224 1517 707 1590 συνωλοθρεύοντο
739 1519 796 1571 δὲ
819 1523 932 1582 τοῖς
969 1520 1196 1573 νικῶσιν
1231 1521 1280 1573 0i
1320 1520 1642 1589 ἡττημένοι,
1716 1518 1868 1583 θείας
1939 1521 2021 1583 είς
2069 1520 2228 1574 τοῦτο
2282 1521 2554 1588 καλούσης
2611 1521 2802 1590 ὀργῆς.
2857 1520 3181 1590 ΙΙέπρακται
3239 1520 3298 1571 δὲ
3354 1517 3529 1571 ταῦτα

221 1606 504 1676 Ἀμασίου
568 1610 668 1679 μὲν
709 1608 1090 1679 βασιλεύοντος
1138 1611 1234 1663 ἐπὶ
1273 1611 1363 1664 τὸν
1391 1609 1618 1674 Ἰούδαν,
1649 1609 1744 1662 τοῦ
1777 1626 1841 1678 γε
1886 1609 1992 1682 μὴν
2019 1611 2174 1674 ’ῐωάς
2239 1613 2332 1666 ἐπὶ
2391 1613 2484 1666 τὸν
2509 1612 2752 1683 Ἰσραὴλ,
2793 1611 2851 1676 ὃς
2893 1607 3037 1665 εἷλεν
3063 1611 3209 1664 οὕτω
3245 1610 3314 1664 τά
3358 1611 3522 1682 Ἱερο-

225 1698 467 1767 σὸλυμα,
497 1699 577 1762 ὼς
606 1701 703 1753 καὶ
743 1701 991 1755 καθελεῖν
1028 1701 1123 1754 τοῦ
1150 1701 1368 1770 τείχους
1401 1701 1566 1772 μέρος
1600 1701 1680 1764 εἰς
1715 1701 1912 1772 πήχεις
1936 1701 2324 1772 τετρακοσίας.

306 1792 407 1857 Ὡς
428 1792 771 1860 σταφυλὴν
813 1795 885 1848 ἐν
938 1793 1138 1864 ἐρήμῳ
1173 1791 1356 1863 εὗρον
1401 1793 1509 1847 τὸν
1555 1793 1835 1862 Ἰσραὴλ,

2017 1795 2179 1849 Vens.
2215 1796 2300 1850 l0.
2335 1794 2488 1851 Sicut
2536 1813 2690 1852 uvam
2729 1799 2783 1852 in
2820 1799 3024 1852 deserto
3055 1797 3226 1851 inveni
3261 1795 3431 1851 Israel
3445 1804 3529 1862 ,et

220 1884 321 1938 καὶ
374 1885 464 1948 ὡς
504 1885 710 1939 σῦκον
749 1886 821 1938 ἐν
863 1885 1030 1955 συκῇ
1071 1886 1338 1956 πρώὶμον
1377 1881 1544 1940 εἶδον
1579 1886 1842 1955 πατέρας

221 1975 448 2030 αὐτῶν.
485 1977 671 2030 Αὐτοὶ
704 1977 1002 2046 εἰσῆλθον
1027 1979 1178 2046 πρὸς
1212 1978 1321 2032 τὸν
1347 1975 1719 2047 Βεελφεγὼρ,
1741 1979 1840 2033 καί

221 2068 832 2137 ἁπηλλοτριώθησαν
862 2072 953 2135 εἰς
977 2071 1302 2139 αἰσχύνην.
1338 2070 1448 2124 Καὶ
1478 2067 1758 2140 ἐγένοντο
1786 2073 1842 2126 ol

220 2159 611 2228 ἠγαπημένοι
635 2160 716 2226 ὡς
742 2162 798 2213 ol
825 2160 1270 2230 ἐϐδελυγμένοι.

294 2250 424 2304 Pl".
463 2251 592 2303 Ὀτι
621 2251 698 2320 μὴ
728 2251 908 2322 μάτην
947 2251 1130 2314 αὐτοῖς
1159 2251 1221 2305 τὸ
1251 2251 1668 2324 καταφθαρῆναι
1702 2271 1842 2326 συμ-

223 2340 494 2410 ῢέδηκεν,
542 2340 660 2396 ἀλλ’
693 2343 752 2394 ἐν
799 2343 948 2414 δίκῃ,
1001 2341 1190 2396 λοιπὸν
1240 2345 1498 2414 πειρᾶται
1542 2345 1836 2400 διδάσκειν.

223 2432 374 2502 Ἐγὼ
413 2433 519 2503 μὲν
580 2432 729 2503 γὰρ,
789 2436 945 2504 φησὶ,
999 2434 1348 2506 ἐπελεξάμην
1413 2435 1637 2500 αὐτοὺς,
1668 2437 1744 2500 ὠς
1781 2439 1840 2489 ἐν

221 2524 422 2596 ἐρήμῳ
450 2525 731 2596 σταφυλὴν
769 2525 968 2596 εὑρὼν,
1006 2527 1100 2580 καὶ
1123 2525 1199 2590 ὡς
1249 2526 1416 2580 σῦκον
1439 2527 1701 2599 πέπειρον
1730 2530 1840 2582 ἀπὸ

221 2617 404 2686 συκῆς
451 2617 738 2687 ἀρπάσας
784 2617 1055 2687 ἐξήγαγον
1088 2619 1198 2690 γὰρ
1237 2621 1336 2690 τῆς
1377 2620 1697 2688 Αἰγυπτίων
1725 2621 1837 2692 χώ-

223 2725 346 2780 ρας,
385 2708 897 2779 εἰδωλολατρούσης
930 2709 1078 2778 ὅλης,
1112 2709 1206 2762 καὶ
1254 2709 1706 2780 πεπλανημένης,
1739 2711 1836 2765 καὶ

218 2800 433 2868 πολλὴν
475 2801 746 2871 νοσούσης
773 2803 873 2872 τὴν
900 2802 1136 2873 ἐρημίαν
1162 2802 1364 2866 παντὸς
1395 2802 1622 2872 ἀγαθοῦ.
1651 2803 1716 2855 Τί
1744 2799 1838 2857 οὖν

215 2891 270 2944 oi
309 2891 642 2959 ἀπόλεκτοι,
701 2893 752 2945 οἱ
793 2891 883 2944 διὰ
928 2893 1030 2961 τῆς
1064 2893 1205 2963 ἐμῆς
1235 2893 1588 2964 ήρπαγμένοι
1615 2896 1835 2965 χειρός;

220 2985 672 3058 Προσκέκλινται
701 2985 781 3056 τῷ
836 2985 1183 3056 Βεελφεγὼρ,
1225 2986 1454 3057 ἐξῆλθον
1505 2989 1836 3056 οἰκειότητος

219 3081 321 3152 τῆς
361 3081 503 3152 πρός
539 3099 608 3151 με
647 3082 732 3145 είς
761 3079 1048 3151 αἰσχύνην,
1086 3081 1244 3134 τοῦτό
1281 3082 1397 3134 ἐστι
1433 3081 1516 3146 τὸ,
1579 3102 1597 3133 ‹
1634 3083 1837 3152 Ἀπηλ-

1945 1885 2077 1939 sicut
2127 1887 2286 1956 ﬁcum
2339 1887 2394 1940 in
2426 1887 2532 1956 ﬁcu
2567 1890 2918 1958 tempestivam
2966 1885 3072 1943 vidi
3112 1897 3286 1957 patres
3326 1904 3529 1943 eorum.

1944 1975 2060 2046 Ipsi
2090 1977 2313 2046 ingressi
2339 1988 2462 2032 sunt
2491 1980 2560 2032 ad
2593 1979 2939 2050 Beelpltegor,
2982 1990 3027 2034 et
3074 1979 3361 2033 abalienati
3409 1987 3532 2033 sunt

1944 2070 2000 2123 in
2029 2069 2412 2140 confusionem.
2457 2071 2524 2126 Et
2567 2072 2699 2142 {acti
2739 2081 2860 2126 sunt
2890 2073 3068 2127 dilecti
3096 2073 3230 2126 sicut
3259 2073 3533 2126 abomina-

1944 2163 2092 2219 biles.

2014 2252 2143 2309 CIII.
2167 2252 2288 2310 Non
2322 2263 2546 2321 temere,
2584 2255 2678 2310 sed
2703 2255 2824 2324 jure
2851 2254 3145 2325 perniciem
3177 2254 3281 2310 illis
3327 2253 3527 2308 illatam

1941 2360 2061 2401 esse
2088 2356 2317 2400 conatur
2363 2347 2523 2401 modo
2577 2346 2886 2402 ostendere.
2941 2347 3054 2417 Ego
3113 2345 3276 2410 enim,
3333 2345 3527 2414 inquit,

1941 2437 2076 2508 elegi
2107 2452 2202 2492 eos
2229 2437 2369 2493 utin
2404 2438 2694 2494 solitudine
2721 2454 2878 2494 uvam
2913 2437 3212 2502 inventam,
3264 2445 3318 2491 et
3366 2446 3424 2490 ut
3468 2436 3532 2490 Ii-

1941 2545 2065 2584 cum
2091 2539 2358 2585 maturam
2389 2530 2458 2585 ab
2484 2531 2680 2586 arbore
2718 2532 3028 2600 decerptam
3061 2549 3075 2584 :
3101 2529 3262 2585 eduxi
3289 2529 3433 2584 enim
3461 2543 3530 2583 ex

1941 2619 2198 2692 IEgypto,
2229 2636 2390 2689 quam
2420 2630 2586 2676 totam
2642 2621 2968 2684 idololatria,
3010 2629 3067 2675 et
3095 2635 3272 2685 error,
3326 2631 3379 2674 et
3416 2635 3531 2674 tua-

1940 2726 2045 2780 gna
2097 2711 2277 2768 omnis
2326 2711 2450 2766 boni
2507 2712 2730 2783 penuria
2783 2711 3124 2786 obsidebant.
3177 2711 3314 2776 Quid
3368 2711 3532 2779 igitur

1940 2802 2121 2868 electi,
2156 2803 2286 2872 quid
2335 2819 2496 2858 manu
2551 2818 2670 2857 mea
2723 2802 2931 2873 erepti?
3001 2801 3415 2856 Declinaverunt
3459 2802 3528 2856 ad

1941 2893 2300 2964 Beelphegor,
2335 2895 2404 2949 ab
2450 2894 2688 2949 amicitia
2721 2909 2843 2948 mea
2871 2894 3217 2950 desciverunt
3248 2895 3299 2947 in
3332 2893 3527 2947 confu-

1941 2986 2182 3053 sionem;
2231 2986 2336 3041 hoc
2362 2986 2506 3040 enim
2539 2996 2642 3049 est,
2675 2986 2819 3054 quod
2851 2985 2928 3039 ait
2963 3003 2977 3038 :
3023 3004 3040 3037 ι
3070 2985 3372 3039 Abalienati
3403 2994 3531 3040 sunt

1943 3080 1997 3134 in
2024 3079 2424 3136 confusionem.
2460 3100 2478 3134 ι
2519 3080 2675 3150 137
2709 3079 3098 3134 Coniusiouem
3147 3088 3329 3134 autem
3371 3088 3530 3133 vocat

222 3172 616 3244 λοτριὼθησαν
659 3173 740 3236 εἰς
792 3171 1086 3245 αἰσχύνην·
1119 3191 1137 3224 ›
1175 3173 1438 3245 αἰσχύνην
1484 3174 1541 3228 δὲ
1583 3173 1835 3246 ὀνομάζει

1945 3172 2280 3244 Beelphegor
2307 3191 2318 3227 :
2348 3183 2465 3228 erat
2504 3173 2649 3227 enim
2699 3173 2898 3228 idolum
2940 3172 3112 3228 forma
3143 3172 3382 3227 omnium
3417 3179 3530 3226 tur-

215 3262 313 3316 τοῦ
349 3261 712 3332 Βεελφεγὼρο
754 3258 824 3332 ἦν
873 3263 982 3333 γὰρ
1037 3263 1096 3314 ἐν
1154 3263 1542 3335 ἀκαλλεστάτῳ
1598 3266 1836 3337 σχήματι

216 3355 328 3409 τῶν
357 3354 542 3408 ἄλλων
574 3353 835 3425 μάλιστα,
866 3355 960 3408 καὶ
981 3355 1218 3424 ἄσεμνον
1251 3354 1399 3409 ίδεῖν.

287 3446 534 3511 Οὐκοῦν,
567 3444 894 3513 ἀγαπῶντες
944 3444 1044 3514 μὲν
1072 3444 1134 3497 τὸ
1177 3441 1317 3499 εἶναι
1369 3446 1513 3516 μετά
1550 3446 1707 3507 Θεοῦ.
1741 3449 1838 3504 καὶ

213 3535 499 3607 τιμῶντες
525 3535 603 3599 ὡς
625 3534 955 3599 καλέσαντα,
981 3535 1075 3588 καὶ
1093 3535 1502 3607 ἐπιλεξάμενον,
1528 3538 1621 3590 καὶ
1647 3539 1795 3591 ὥσπε
1805 3555 1836 3607 ρ

217 3633 274 3700 ἐξ
324 3633 550 3703 ἐρήμου
603 3629 702 3683 καὶ
735 3628 1106 3684 ἀκανθοτόκου
1139 3629 1246 3699 γῆς
1295 3629 1619 3701 ἁρπάσαντα
1650 3631 1749 3700 τῆς
1777 3633 1836 3684 ἐν

217 3725 358 3794 τῷδε
388 3722 475 3792 τῷ
509 3723 708 3792 κόσμῳ
768 3723 1180 3787 καταστάσεως,
1208 3722 1284 3786 ὡς
1337 3723 1613 3792 σταφυλήν
1641 3741 1701 3775 τε
1738 3724 1835 3777 καὶ

213 3815 390 3869 σῦκον
423 3815 764 3884 ὴγαπηκότα
792 3813 1062 3886 πρώῖμον,
1091 3813 1451 3886 διασώσωμεν
1485 3815 1704 3887 ἀρῥαγῆ
1733 3815 1834 3886 τὴν

217 3908 358 3980 πρὸς
401 3907 574 3961 αὑτὸν
621 3907 840 3970 ἕνωσιν,
873 3907 1031 3978 δῆλον
1063 3907 1119 3960 δὲ
1169 3908 1254 3964 ὃτι
1292 3908 1392 3979 τὴν
1429 3909 1828 3978 πνευματικήν.

214 4002 280 4054 Εἰ
322 4000 383 4053 δὲ
419 4000 486 4070 δὴ
521 3999 733 4067 γένοιτό
763 4017 850 4062 τις
901 3999 1204 4062 ἀπόνευσις
1251 4000 1328 4064 είς
1359 3999 1420 4051 τὸ
1451 3999 1706 4062 ἀκαλλὲς,
1738 4000 1832 4052 καὶ

219 4092 298 4156 είς
330 4091 394 4143 τὸ
419 4091 632 4144 λυποῦν
663 4091 848 4156 αὐτόν,
877 4091 1029 4144 οὐδὲν
1067 4090 1149 4143 ἔτι
1191 4090 1463 4160 διοίσομεν
1507 4091 1617 4144 τῶν
1639 4090 1828 4145 ἐθνῶν.

225 4177 512 4248 Ἕσόμεθα
545 4177 659 4248 γὰρ
687 4179 738 4230 οί
778 4180 1128 4251 ἠγαπημένοι
1159 4179 1234 4243 ὡς
1257 4180 1308 4231 οἱ
1350 4179 1754 4252 ἐϐδελυγμένοι,
1781 4182 1831 4235 οἳ

215 4271 314 4324 καὶ
350 4270 597 4339 εὐλόγως
636 4270 990 4342 μεμίσηνται.
1043 4289 1062 4323 t
1109 4275 1442 4343 Δικαιοσύνη
1493 4273 1622 4344 γὰρ,
1672 4276 1829 4346 φησὶ,

217 4361 435 4414 δικαίου
465 4362 548 4414 -ού
605 4362 683 4432 μὴ
748 4361 1000 4432 ἐξέληται
1056 4365 1256 4418 αὐτόν·
1310 4368 1369 4419 ἐν
1515 4367 1582 4421 ἂν
1645 4367 1832 4438 ἡμέρᾳ

217 4452 476 4526 ἁμάρτῃ,
508 4452 888 4506 ἀποθανεῖται.
932 4472 951 4506 s
991 4455 1101 4508 Καὶ
1128 4456 1334 4528 σφόδρα
1367 4459 1548 4528 σοφῶς
1589 4461 1617 4512 ὁ
1649 4460 1831 4529 μακά-
1862 4487 1908 4547 υ

221 4563 337 4616 ριος
367 4545 576 4616 γράφει
607 4543 822 4610 Παῦλος
844 4561 858 4576 ·

220 4637 373 4690 πέτω
407 4638 486 4708 μὴ
519 4637 698 4710 πέσῃ,
723 4656 742 4687 ι

303 4730 558 4798 ἰῗφροῒμ
587 4730 670 4795 ὡς
714 4729 929 4797 ὄρνεον
957 4721 1354 4801 ἐξεπετὰσθη.

291 4821 412 4872 ΡΔν.
429 4821 578 4873 ’Ὁσα
603 4819 712 4873 τῶν
739 4821 945 4890 ὀρνέων
971 4823 1046 4894 μὴ
1077 4822 1192 4878 ἔστι
1219 4823 1455 4878 τίθασσά
1474 4842 1535 4878 τε
1587 4825 1680 4878 καὶ
1710 4843 1835 4880 κατ-

221 4913 448 4973 οικίδια,
505 4911 884 4982 συλληφθέντα
949 4916 1300 4984 φυλάττεται,
1355 4917 1450 4972 καὶ
1493 4918 1830 4989 κατατέρπει

221 5009 350 5070 τοὺς
364 5007 614 5077 ἔχοντας.
649 5009 714 5063 Ei
739 5008 797 5063 δὲ
833 5009 897 5079 δὴ
931 5009 1142 5077 γένοιτό
1173 5027 1258 5072 τις
1285 5009 1380 5062 τοῦ
1407 5009 1688 5081 διαδράναι
1713 5027 1836 5064 και-

227 5099 340 5169 ρὸς,
372 5100 768 5170 ἀνυπερθέτως
794 5101 1088 5172 ἀποφοιτᾷ,
1120 5101 1214 5154 καὶ
1247 5100 1399 5171 ὀξείᾳ
1435 5102 1660 5173 φέρεται
1689 5103 1830 5172 πτή-

227 5209 310 5244 σει
363 5193 507 5263 πρὸς
566 5192 629 5245 τὸ
679 5193 863 5255 αὐτοῖς
922 5191 1155 5262 σύνηθες
1228 5191 1572 5262 ἐνδιαίτημα.
1619 5192 1831 5246 Οὐκοῦν

225 5283 530 5354 τεθήρευτο
560 5283 663 5353 μὲν
689 5285 892 5355 τρόπον
921 5284 1048 5336 τινὰ
1079 5283 1166 5337 διὰ
1193 5283 1436 5348 Μωσέως
1463 5285 1650 5355 ὀρνέου
1678 5284 1833 5354 δίκην

227 5376 259 5427 ό
304 5375 544 5448 Ἰσραὴλ,
593 5377 689 5430 καὶ
725 5376 1170 5447 προσκεκόμιστο
1217 5375 1293 5446 τῷ
1325 5375 1464 5445 θεῷ,
1516 5378 1611 5430 καὶ
1659 5371 1726 5446 ἦν
1774 5378 1832 5428 ἐν

231 5467 380 5538 καλῷ
425 5468 527 5538 τῆς
573 5469 880 5538 εὐημερίας
931 5469 1085 5541 νόμῳ
1141 5467 1680 5539 παιδαγωγούμενος,
1741 5468 1831 5521 καὶ

231 5558 513 5629 φροντίδος
569 5558 882 5627 ἀπολαύων,
916 5562 1010 5614 καὶ
1041 5560 1258 5629 φειδοῦς
1297 5560 1393 5630 τῆς
1426 5558 1654 5613 ἄνωθεν.
1699 5553 1837 5612 Ἀπί

899 4564 918 4598 ι
957 4547 1123 4600 Ὥστε
1154 4550 1184 4602 ὁ
1231 4549 1404 4605 δοκῶν
1438 4551 1682 4616 ἑστάναι,
1719 4550 1834 4621 βλε-

1941 3267 2165 3337 pissima
2198 3273 2252 3320 et
2275 3276 2501 3335 aspectu
2532 3265 2900 3320 inhonestum.

2012 3443 2194 3512 Quare
2223 3441 2500 3514 cupientes
2530 3455 2652 3498 esse
2681 3456 2802 3496 cum
2837 3439 2969 3506 Deo,
3000 3454 3233 3510 eumque
3259 3454 3529 3496 veneran-

1941 3545 2042 3600 tes,
2069 3547 2127 3591 ut
2157 3536 2248 3606 qui
2279 3551 2380 3592 nos
2410 3535 2639 3599 vocavit,
2673 3543 2726 3590 et
2752 3534 2937 3604 elegit,
2968 3541 3023 3588 et
3052 3543 3309 3602 tanquam
3342 3548 3407 3587 ex
3438 3548 3531 3588 so-

1938 3629 2166 3685 litudine
2199 3640 2255 3684 et
2293 3641 2437 3684 terra
2473 3629 2660 3699 Spinas
2696 3639 2992 3698 generante
3027 3627 3250 3695 eripuit,
3279 3640 3345 3680 ex
3382 3635 3530 3680 statu

1937 3721 2188 3776 videlicet
2218 3721 2402 3776 mundi
2434 3720 2623 3790 hujus,
2657 3730 2820 3790 atque
2851 3729 2909 3774 ut
2934 3735 3092 3774 uvam
3118 3729 3173 3774 et
3201 3719 3361 3773 ticum
3392 3727 3531 3772 tem-

1937 3813 2203 3882 pestivam
2238 3813 2543 3876 adamavit,
2579 3813 3019 3882 conjunctionem
3052 3826 3174 3868 cum
3208 3811 3327 3882 ipso
3361 3809 3536 3867 indis-

1936 3901 2248 3967 solubilem,
2291 3902 2655 3971 spiritualem,
2697 3902 2942 3972 inquam,
2983 3902 3338 3983 retineamus.
3377 3901 3532 3967 Quod

1935 3995 1980 4049 si
2013 3993 2080 4048 ad
2114 3993 2372 4048 indecora
2420 3993 2665 4062 quaedam
2702 3994 2866 4061 eique
2896 3993 3082 4047 odiosa
3114 3991 3534 4055 deﬂexeriutus,

1935 4083 2071 4138 nihil
2097 4099 2126 4137 a
2155 4085 2407 4154 gentibus
2437 4082 2768 4146 diil‘eremus.
2796 4083 3016 4137 Erimus
3042 4083 3188 4137 enim
3220 4097 3318 4136 nos
3345 4082 3531 4136 dilecti

1935 4191 2000 4230 eo
2029 4175 2149 4231 loco
2178 4191 2286 4246 quo
2313 4175 2608 4240 exsecrati,
2632 4189 2768 4243 quos
2797 4189 3010 4244 aequum
3038 4182 3122 4229 est
3151 4173 3349 4227 odisse.
3384 4191 3401 4224 ι
3433 4172 3531 4227 Ju-

1935 4270 2084 4326 stitia
2117 4270 2264 4325 enim
2293 4268 2460 4339 justi,
2492 4268 2699 4340 inquit,
2735 4285 2840 4325 non
2875 4267 3132 4323 liberabit
3163 4280 3325 4330 eum;
3362 4266 3414 4319 in
3448 4265 3534 4319 die

1935 4377 2038 4432 qua
2077 4363 2410 4432 peccaverit,
2444 4363 2709 4418 morietur
2732 4364 2798 4420 ⁸⁷.
2843 4383 2860 4414 ι
2895 4362 2950 4416 Et
2992 4358 3366 4430 persapienter
3391 4357 3523 4411 seti-

1934 4456 2018 4511 bit
2051 4459 2241 4510 beatus
2275 4455 2476 4510 Paulus
2506 4475 2519 4511 :
2561 4474 2579 4508 ι
2623 4456 2808 4526 Itaque
2839 4456 2929 4526 qui
2963 4470 3021 4510 se
3051 4451 3330 4508 existimat
3361 4461 3529 4513 stare,

1942 4550 2123 4606 videat
2157 4565 2223 4606 ne
2253 4551 2412 4606 cadat
2433 4549 2498 4603 ⁸⁸.
2538 4568 2557 4602 s

2020 4726 2180 4781 Vens.
2217 4727 2304 4780 Il.
2340 4727 2594 4796 Ephraim
2625 4727 2776 4796 quasi
2807 4725 2916 4779 avis
2946 4735 3159 4780 extensa
3189 4735 3287 4782 est.

2013 4819 2148 4876 CIV.
2191 4819 2544 4888 Quaecunque
2575 4833 2704 4874 aves
2735 4833 2838 4872 non
2873 4819 3084 4874 cicures
3112 4827 3166 4874 et
3197 4816 3532 4878 domesticae.

1935 4911 2026 4966 ubi
2073 4919 2246 4980 capue
2294 4910 2528 4974 fuerint,
2571 4911 2976 4977 custodiuntur,
3016 4917 3070 4966 et
3115 4909 3364 4966 dominos
3405 4925 3533 4964 suos

1936 5003 2230 5057 delectant.
2272 4999 2366 5054 Sin
2407 5015 2528 5068 quae
2570 5001 2952 5070 opportunitas
2990 5000 3203 5056 volandi
3248 5000 3528 5059 inciderit,

1937 5095 2072 5149 citra
2103 5109 2310 5148 moram
2339 5094 2625 5149 celerrime
2647 5095 2714 5150 ad
2743 5106 3062 5152 consuetum
3091 5095 3193 5150 sibi
3217 5093 3338 5148 vitae
3362 5106 3532 5161 genus

1939 5187 2178 5241 avolant.
2222 5187 2407 5255 Itaque
2454 5195 2649 5256 captus
2689 5195 2777 5242 est
2821 5187 3225 5256 quodammodo
3274 5201 3304 5239 a
3347 5184 3530 5254 Moyse

1939 5279 2178 5340 volucris
2221 5279 2393 5332 instar
2434 5278 2624 5344 Israel,
2666 5288 2722 5335 et
2767 5280 2981 5337 oblatus
3025 5279 3153 5342 Deo,
3195 5285 3249 5332 et
3290 5278 3427 5330 bene
3465 5290 3529 5328 ac

1940 5370 2098 5426 beate
2140 5371 2407 5434 habebat,
2442 5370 2726 5439 disciplina
2763 5371 2898 5442 legis
2931 5369 3275 5434 docefaetus,
3311 5376 3366 5422 et
3404 5380 3526 5420 cum

1941 5479 2069 5518 cura
2107 5462 2551 5532 indulgentiaque
2589 5471 2855 5518 tractatus
2886 5463 3138 5532 desuper.
3170 5461 3276 5517 Sed
3312 5475 3529 5517 rursum

1941 5554 2030 5610 ubi
2072 5556 2221 5626 prius
2260 5566 2376 5610 erat
2411 5553 2681 5622 avolavit,
2717 5565 2925 5612 tantum
2963 5571 3068 5612 non
3106 5571 3269 5613 manu
3306 5554 3530 5630 aucupis

306 5718 347 5752 ⁸³
380 5735 556 5794 Judic.
588 5757 679 5802 xx,
705 5737 930 5810 passim.
1010 5739 1056 5772 °°
1096 5735 1159 5792 IV
1196 5737 1327 5804 Reg.
1365 5751 1473 5804 xw,
1505 5736 1590 5796 I5.
1670 5734 1713 5766 ⁸⁷
1746 5733 1946 5794 Ezeclt.
1979 5747 2169 5798 xxxm,
2205 5732 2294 5789 i2.
2372 5735 2416 5767 ⁸⁸
2450 5734 2617 5799 ICor.
2653 5752 2705 5801 χ,
2733 5736 2815 5799 12.
