3982 6476
527 369 628 426 931

1563 365 1621 421 S.
1663 363 1944 422 CYRILLI
1981 363 2451 421 ALEXANDRINI
2483 364 2808 421 ARCHIEP.

3679 369 3774 426 231

529 493 632 564 sui,
659 491 896 561 elapsus.
936 489 1146 545 Poteris
1181 498 1234 544 et
1270 489 1377 544 alio
1414 502 1579 544 sensu
1614 491 1758 560 quod
1799 489 2001 545 dictum
2039 503 2099 543 es

2228 486 2370 558 ἐπτη
2403 487 2459 540 δὲ
2480 487 2763 558 πάλιν,ὲφ’
2792 487 2928 559 ὅπερ
2954 480 3022 558 ἦν
3049 486 3106 540 tv
3139 486 3358 557 ἀρχαῖς,
3397 486 3666 556 μονονουχὶ
3689 489 3774 557 τὴν

531 584 798 654 πείρετε.
837 582 1016 637 Multae
1048 595 1176 637 aves
1213 581 1448 637 climatis
1493 581 1577 636 sui
1615 581 1849 637 hiemem
1890 595 1996 636 non
2039 580 2120 633 fe-

529 685 734 742 rentes,
769 675 942 730 aliena
974 683 1184 744 petunt,
1215 682 1270 730 et
1300 675 1421 730 sine
1446 674 1706 745 magistro
1730 672 1861 744 quid
1893 671 1997 728 sibi
2021 686 2119 726 ex-

530 767 714 838 pediat
768 775 1069 832 noverunt,
1121 775 1281 836 prout
1331 765 1612 823 Conditori
1665 765 1886 836 placuit.
1939 763 2117 819 Simili

531 859 692 914 modo
716 867 772 913 et
796 857 1054 927 Ephraim
1081 857 1395 914 bellicarum
1419 859 1790 915 calamitatum
1813 865 1962 914 metu
1989 871 2118 927 pere

530 963 754 1019 cussus,
785 951 838 1005 in
865 948 1160 1021 Egyptum
1191 949 1447 1007 avolavit.

606 1235 767 1290 Vens.
795 1233 882 1290 η.
910 1233 1110 1289 Gloria:
1135 1249 1315 1288 eorum
1344 1250 1409 1288 ea;
1435 1235 1710 1304 partubus,
1735 1244 1782 1290 et
1813 1234 2107 1304 doloribus,

527 1335 575 1380 et
613 1323 962 1394 conceptibus.
998 1323 1178 1389 Quare
1215 1325 1422 1378 etiamsi
1462 1325 1748 1378 nulrierint
1784 1325 1926 1393 ﬁlios
1965 1341 2111 1391 suos,

527 1419 639 1472 sine
666 1416 792 1486 ﬁliis
823 1426 976 1472 erunt
1007 1432 1070 1470 ea:
1097 1415 1422 1481 hominibus,
1450 1417 1577 1486 quia
1605 1428 1654 1471 et
1688 1432 1764 1470 vae
1796 1416 1871 1471 eis
1904 1427 2004 1472 est.

593 1617 702 1672 CV.
742 1615 1041 1687 Aufugiens
1074 1617 1144 1672 ad
1170 1615 1458 1689 Egyptios
1490 1631 1520 1672 a
1554 1618 1743 1689 patriis
1779 1619 1995 1676 sedibus
2029 1619 2111 1675 Is-

521 1709 667 1774 rael,
707 1707 874 1764 Deum
912 1709 1061 1776 regni
1098 1709 1241 1762 illius
1280 1709 1562 1763 tutelarem
1599 1709 1858 1764 auxilium
1895 1715 2108 1766 orabat.

520 1795 662 1849 Num
707 1796 861 1864 quasi
903 1795 1046 1851 Deus
1091 1805 1235 1852 esset
1275 1797 1609 1865 imbecillus,
1647 1813 1848 1868 eosque
1890 1816 2110 1856 servare

523 1901 629 1940 non
668 1887 888 1956 posset?
926 1887 1265 1958 Neutiquam.
1303 1888 1396 1942 Est
1437 1889 1580 1943 enim
1618 1891 1986 1947 valentissima
2016 1891 2107 1947 Di-

523 1979 753 2044 vinitas,
785 1989 840 2034 et
873 1980 1070 2034 bellum
1108 1979 1176 2034 ab
1206 1979 1444 2050 Assyriis
1484 1981 1772 2038 imminens
1807 1985 2105 2052 reprimere

521 2069 681 2126 facile
708 2081 939 2141 poterat.
966 2070 1208 2140 Contigit
1236 2081 1416 2126 autem
1445 2073 1559 2128 haec
1586 2075 1796 2144 perpeti
1824 2074 2103 2146 Ephraim,

522 2162 636 2216 sive
667 2161 942 2228 lsraelem,
973 2163 1095 2231 quia
1131 2163 1323 2216 relicto
1357 2163 1465 2217 Dco
1497 2164 1788 2230 salvatore,
1819 2175 1872 2220 et
1903 2167 1955 2220 in
1989 2168 2105 2236 ipso

520 2264 585 2303 ac
615 2249 730 2304 solo
759 2249 1022 2318 gloriandi
1059 2241 1220 2320 138
1250 2247 1673 2319 perseverantia,
1701 2261 1759 2306 ut
1792 2268 1850 2308 re
1874 2254 1988 2323 jam
2014 2268 2106 2310 ve-

525 2342 625 2396 teri
651 2350 812 2411 atque
837 2342 1074 2397 obsoleta
1097 2382 1112 2407 ,
1143 2341 1450 2411 posthabita
1475 2382 1489 2406 ,
1517 2343 1902 2401 existimabant
1928 2361 2024 2416 per
2047 2362 2106 2404 se

521 2431 768 2486 hostibus
798 2432 1166 2486 formidabiles
1197 2431 1346 2497 fore,
1377 2447 1476 2487 nec
1502 2433 1570 2487 ab
1601 2434 1664 2489 iis
1694 2435 1976 2492 subactum
2005 2440 2103 2508 iri,

519 2535 640 2576 cum
679 2521 732 2574 in
770 2528 979 2575 tantam
1015 2519 1376 2590 frequentiam
1420 2531 1606 2575 essent
1645 2523 1825 2592 aucti,
1862 2525 2104 2581 abunda-

519 2620 752 2679 rcutque
800 2608 1094 2663 liberorum
1144 2607 1490 2663 multitudine
1537 2609 1768 2665 infinita.
1814 2611 2104 2670 Pariebant

517 2701 661 2756 enim
709 2699 963 2758 mulieres
1006 2715 1192 2757 eorum
1242 2701 1539 2756 secundum
1583 2704 2001 2771 promissionem
2051 2719 2105 2764 et

517 2794 977 2859 benedictionem,
1007 2792 1191 2864 Moyse
1219 2794 1292 2848 ita
1319 2793 1613 2848 vaticinato
1641 2811 1654 2848 :
1693 2811 1713 2845 ι
1750 2794 1862 2849 Non
1892 2797 1996 2850 erit
2023 2798 2106 2852 in-

517 2883 779 2948 fecunda,
821 2898 921 2939 nec
960 2883 1163 2938 sterilis
1205 2883 1259 2939 in
1306 2883 1429 2938 filiis
1463 2885 1716 2942 Israel".
1761 2904 1781 2940 ι
1825 2886 1929 2942 Sed
1969 2888 2106 2945 mire

527 2973 728 3029 fatuum
749 2981 864 3028 erat
885 2981 1106 3044 propter
1123 2972 1520 3029 multitudinem
1546 2990 1834 3045 corporum
1860 2988 2105 3032 contem-

520 3079 651 3120 nere
681 3063 774 3118 Dei
809 3058 1092 3120 auxilium.
1122 3060 1477 3132 Cogitandum
1509 3065 1615 3120 illis
1641 3069 1839 3136 potius,
1868 3068 1912 3124 3i
1944 3083 2104 3139 sape-

519 3163 661 3222 rent,
686 3170 806 3211 cum
837 3155 976 3226 ipso,
1002 3163 1058 3211 et
1085 3169 1179 3226 per
1208 3155 1383 3225 ipsum
1411 3174 1430 3209 ι
1461 3161 1713 3228 persequi
1743 3174 1902 3229 posse
1938 3176 2102 3214 unum

516 3244 698 3312 mille,
732 3255 789 3300 et
822 3245 958 3299 duos
992 3243 1273 3316 fugaturos
1305 3245 1490 3300 decem
1526 3247 1690 3300 millia
1717 3248 1785 3302 ⁷⁸.
1824 3266 1844 3301 ι
1885 3247 2107 3304 Placent

519 3335 702 3406 itaque
731 3326 856 3402 sibi,
885 3345 938 3390 et
959 3335 1170 3405 jactant
1196 3351 1277 3402 se,
1307 3335 1504 3406 inquit,
1534 3351 1638 3391 non
1669 3337 1722 3390 iu
1755 3338 1864 3392 Deo
1889 3339 2108 3408 potissi-

519 3439 697 3491 mum;
723 3427 815 3481 sed
841 3425 1025 3496 gloriae
1047 3426 1146 3481 sibi
1171 3428 1374 3481 ducunt
1394 3435 1599 3497 partus,
1625 3437 1680 3482 et
1699 3430 2100 3498 conceptiones,

515 3525 572 3571 et
600 3515 812 3572 dolores
845 3517 1260 3587 parturientium
1291 3516 1613 3572 feminarum
1643 3532 1882 3575 suarum.
1916 3520 2106 3576 Sciant

517 3608 704 3678 igitur,
746 3609 956 3663 etiamsi
1003 3607 1288 3678 genuerint
1332 3607 1500 3674 filios,
1548 3609 1762 3664 etiamsi
1809 3610 2106 3668 laborarint

517 3698 854 3754 enutricntes
895 3696 1116 3763 liberos,
1162 3696 1275 3752 fore
1317 3705 1374 3749 ut
1419 3697 1756 3765 paenitudine
1795 3701 2102 3769 capiantur,

518 3806 638 3846 cum
681 3804 740 3845 se
781 3789 985 3844 frustra
1031 3788 1265 3842 viderint
1313 3788 1609 3844 laborasse.
1653 3789 1911 3846 Filiorum
1955 3794 2103 3848 enim

515 3881 804 3936 orbitatem
835 3878 1162 3934 omnimodis
1193 3878 1516 3948 plorabant,
1549 3887 1603 3934 et
1632 3881 1841 3951 gladius
1871 3883 2104 3955 Babylo-

518 3972 672 4027 nicus
715 3973 780 4027 ad
824 3985 994 4042 genus
1038 3972 1276 4041 ipsorum
1318 3971 1478 4028 facile
1520 3973 1807 4028 delendum
1850 3975 2100 4030 subiciet.

521 4083 541 4117 ι
579 4063 714 4132 Quia
745 4073 800 4119 et
826 4079 902 4118 va:
933 4063 1036 4119 illis
1067 4072 1168 4118 est.
1208 4082 1227 4117 ι
1261 4063 1425 4132 Quasi
1457 4065 1632 4131 dicat,
1661 4063 1771 4119 Deo
1798 4065 1850 4117 in
1879 4064 2000 4118 illos
2026 4078 2106 4118 vae

517 4155 796 4220 vibrante,
831 4154 950 4224 quis
992 4155 1099 4209 illis
1138 4155 1381 4210 lmtitiam
1425 4154 1823 4225 suppeditabit?
1858 4153 1915 4208 Si
1957 4155 2102 4209 enim

524 4263 545 4296 ι
587 4243 842 4300 clauserit
884 4254 1074 4299 contra
1119 4244 1426 4309 hominem,
1460 4245 1582 4314 quis
1622 4245 1830 4314 aperiet
1860 4243 1946 4297 “1
1986 4261 2006 4297 ι
2046 4251 2104 4298 ιιι

518 4336 777 4404 scriptum
804 4344 1003 4390 exstat.

585 4423 718 4480 CVI.
760 4423 900 4482 Caro
936 4441 1054 4480 mea
1089 4442 1152 4480 ea:
1183 4426 1277 4480 eis.

2221 579 2316 633 τοῦ
2349 580 2605 644 λαϐόντος
2651 584 2804 652 χεῖρα
2839 577 3167 648 διεκφυγών.
3211 577 3282 629 ’Ἡ
3331 578 3423 628 καὶ
3457 576 3572 628 καθ’
3606 577 3774 647 ἓτερον

2220 671 2420 740 τρόπον
2474 673 2729 744 συνήσεις
2775 672 2836 724 τὸ
2887 671 3200 742 εἰρημένον.
3233 667 3412 720 Πολλὰ
3456 667 3562 719 τῶν
3595 667 3777 737 ὀρνέων

2220 763 2344 828 τοὺς
2375 765 2702 835 ἐπιχωρίους
2731 763 3010 832 χειμῶνας
3042 762 3103 814 οὐ
3147 760 3399 830 φέροντα,
3429 761 3558 830 πρὸς
3600 759 3778 829 ἐτέρας

2223 855 2578 926 μεθίστανται
2613 854 2817 926 χώρας,
2849 855 3145 916 ἀδιδάκτως
3173 853 3366 922 ἔχοντα
3407 851 3505 922 τὴν
3534 851 3622 904 τοῦ
3655 868 3779 920 συμ-

2219 947 2478 1018 φέροντος
2523 945 2750 1015 γνῶσιν,
2801 947 2942 998 κατά
2991 943 3051 997 τὸ
3091 941 3280 996 δοκοῦν
3329 941 3406 1012 τῷ
3455 940 3794 1010 πεποιηκότι..

2231 1038 2372 1092 Ἀλλ’
2417 1041 2476 1092 tv
2511 1038 2611 1109 ἴσῳ
2655 1039 2842 1109 τρόπῳ
2874 1039 2970 1092 καὶ
2999 1040 3027 1091 ὀ
3064 1036 3304 1109 Ἐφραίμ
3331 1035 3430 1098 τὰς
3465 1036 3528 1087 ἐκ
3556 1032 3797 1106 πολέμου,

2215 1128 2409 1194 δεδιὼς
2439 1130 2726 1202 συμφοράς
2757 1131 2977 1199 ἀπέπτη
3005 1128 3144 1200 πρὸς
3174 1127 3520 1197 Αἰγυπτίους.

2277 1221 2348 1273 Αἱ
2393 1219 2566 1284 δόξαι
2617 1219 2816 1274 αὐτῶν
2856 1220 2927 1274 ἐκ
2980 1221 3192 1286 τόκων,
3247 1219 3345 1274 καὶ
3393 1217 3640 1286 ὠδίνων,
3690 1218 3796 1274 καὶ

2215 1311 2604 1380 συλλήψεων.
2640 1313 2793 1366 Διότι
2840 1313 2940 1366 καὶ
2986 1312 3094 1367 ἐὰν
3139 1311 3472 1379 ἐκτρέψωσι
3507 1311 3574 1365 τὰ
3616 1310 3781 1364 τέκνα

2214 1400 2432 1466 αὐτῶν,
2481 1402 3003 1470 ἀτεκνωθήσονται
3037 1402 3107 1470 ἐξ
3137 1401 3483 1469 ἀνθρώπων,
3515 1402 3659 1456 διότι
3690 1404 3797 1469 καί,

2213 1492 2346 1547 οὐαί
2385 1493 2590 1559 αὐτοῖς
2632 1495 2762 1547 ἐστι
2773 1533 2786 1548 .

2285 1585 2405 1638 PE'.
2462 1586 2696 1658 Ἀπέδρα
2750 1587 2886 1658 πρὸς
2941 1585 3271 1655 Αἰγυπτίους
3319 1585 3420 1658 τὴν
3470 1585 3781 1654 ὲνεγκοῦσαν

2214 1677 2374 1745 ἀφεὶς
2405 1679 2434 1729 ὁ
2477 1676 2712 1748 Ἰσραὴλ,
2742 1677 3019 1747 ἐπαμῦναι
3051 1679 3110 1732 τέ
3140 1679 3190 1731 οί
3219 1676 3520 1748 παρεκάλει
3546 1677 3633 1729 τὸν
3660 1676 3780 1730 Θεὸν

2210 1766 2310 1836 τῆς
2338 1755 2519 1837 χώρας
2548 1769 2871 1838 ἡγούμενον.
2911 1765 3037 1841 Ἆρ’
3065 1769 3140 1834 ὡς
3170 1769 3487 1830 ἀτονοῦντος
3517 1766 3670 1834 Θεοῦ,
3696 1768 3781 1821 καὶ

2139 1868 2182 1922 Β
2212 1854 2404 1919 σώζειν
2431 1858 2626 1920 αὐτοὺς
2655 1857 2752 1928 οὐχ
2779 1858 2892 1911 οἴου
2916 1875 2976 1911 τε
2999 1874 3016 1925 ;
3049 1858 3347 1929 Οὕμενουν.
3383 1856 3661 1920 Παναλκὲς
3683 1857 3780 1928 γὰρ

2205 1947 2266 1998 τὸ
2297 1945 2470 2012 Θεῖον,
2496 1947 2589 2001 καὶ
2621 1948 2719 2000 οὐκ
2742 1949 3013 2012 άνικάνως
3044 1950 3187 2020 ἔχον,
3227 1950 3318 2004 τὸν
3344 1949 3455 2003 τῶν
3498 1951 3780 2020 Ἀσσυρίων

2207 2038 2550 2109 ἀποσοϐῆσαι
2581 2040 2834 2112 πόλεμον.
2867 2041 3188 2112 Συμϐἑὸηκε
3216 2043 3272 2094 δὲ
3311 2041 3382 2094 τὰ
3407 2041 3586 2094 τοιάδε
3609 2041 3780 2094 παθεῖν

2205 2129 2333 2194 τοὺς
2360 2131 2420 2195 ἐξ
2455 2131 2722 2202 Ἐφραῒμ,
2747 2133 2865 2203 ῆτοι
2893 2134 2984 2186 τὸν
3019 2133 3248 2205 Ἰσραὴλ,
3277 2134 3364 2187 ὅτι
3395 2133 3526 2186 Θεὸν
3573 2133 3780 2202 ἀφέντες

2204 2223 2298 2276 τὸν
2324 2223 2586 2292 σώζοντα,
2623 2227 2718 2279 καὶ
2769 2227 2830 2279 τὸ
2862 2229 2949 2280 ἐπ’
2981 2226 3130 2298 αὐτῷ
3163 2227 3227 2296 δὴ
3276 2225 3376 2278 καὶ
3412 2225 3558 2296 μόνῳ
3590 2223 3782 2294 μεγάλα

2206 2317 2423 2384 φρονεῖν
2452 2315 2803 2381 διατελῶντες
2826 2317 2900 2388 (1)
2943 2317 3017 2380 ὡς
3052 2317 3239 2383 ἕωλον,
3269 2317 3443 2388 ᾤοντο
3476 2316 3616 2369 κατὰ
3657 2319 3782 2384 σφᾶς

2204 2403 2390 2470 δεινοὶ,
2427 2406 2536 2459 καὶ·
2548 2407 2815 2460 ἀνάλωτοι
2842 2407 3166 2478 γενήσεσθαι
3196 2411 3310 2470 τοῖς
3342 2407 3578 2478 ἐχθροῖς,
3603 2407 3686 2459 διά
3710 2423 3782 2458 τοι

2204 2497 2267 2550 τὸ
2312 2498 2393 2560 είς
2431 2496 2640 2567 πληθὺν
2670 2499 2994 2552 ἐκτετάσθαι
3027 2498 3246 2568 πολλὴν,
3300 2499 3401 2551 καὶ
3431 2498 3782 2568 ἀναρίθμητον

2207 2584 2484 2657 ἔχειντὴν
2525 2587 2905 2642 πολυπαιδίαν.
2955 2588 3208 2641 Ἔτικτον
3254 2587 3362 2657 μὲν
3415 2587 3526 2657 γάρ
3571 2588 3625 2640 αἱ
3666 2585 3780 2658 παρ’

2206 2681 2388 2742 αὐτοῖς
2433 2682 2689 2748 γυναῖκες
2731 2681 2852 2732 κατ’
2904 2679 3258 2746 ἐπαγγελίαν,
3301 2680 3398 2733 καὶ
3446 2681 3504 2732 tv
3556 2678 3787 2746 εὐλογίας

2204 2769 2377 2836 τάξει,
2422 2768 2666 2833 Μωσέως
2723 2773 3135 2842 προειρηκότος,
3199 2790 3217 2821 ι
3243 2771 3368 2824 Οὐκ
3392 2770 3546 2826 ἔσται
3591 2773 3783 2840 ἄγονος,

2205 2860 2326 2913 οὐδὲ
2375 2863 2565 2932 στεῖρα
2602 2863 2660 2915 tv
2687 2861 2824 2924 υίοίς
2866 2862 3103 2932 Ἰσραήλ.
3143 2880 3161 2912 ι
3218 2861 3368 2915 Ἀλλ’
3397 2859 3466 2934 ἦν
3499 2862 3683 2934 εὔηθες
3706 2879 3784 2916 κο-

2209 2950 2358 3021 μιδῇ,
2385 2950 2472 3002 διὰ
2503 2949 2714 3019 πληθὺν
2745 2951 3017 3020 σωμάτων
3060 2951 3361 3022 ἀφειδῆσαι
3411 2954 3659 3024 βοηθείας
3699 2953 3786 3021 τῆς

2207 3041 2359 3112 παρὰ
2387 3040 2544 3094 Θεοῦ.
2601 3041 2882 3112 Ἐννοῆσαι
2928 3042 2986 3095 δὲ
3037 3042 3236 3111 μᾶλλον
3285 3044 3428 3115 ὀρθά
3475 3045 3781 3116 φρονοῦντας

2209 3131 2395 3202 ἐχρῆν,
2421 3132 2502 3184 ὅτι
2536 3132 2633 3186 σὺν
2660 3131 2810 3202 αὐτῷ
2839 3149 2896 3185 τε
2948 3134 3042 3185 καὶ
3070 3133 3135 3185 δι’
3166 3135 3336 3190 αὑτοῦ
3373 3155 3391 3188 ι
3421 3138 3677 3204 Διώξεται
3697 3136 3782 3205 μὲν

2209 3216 2290 3284 εἷς
2321 3220 2546 3290 χιλίους.
2580 3221 2673 3275 δύο
2700 3222 2756 3274 δὲ
2787 3224 3210 3292 μετακινήσουσι
3237 3226 3535 3295 μυριάδας.
3579 3246 3598 3276 ι
3639 3225 3784 3277 Ἀπο-

2209 3313 2563 3384 σεμνύνονται
2589 3314 2791 3379 τοίνυν,
2819 3316 3006 3382 φησὶν,
3043 3315 3143 3366 οῦκ
3174 3317 3271 3368 ἐπὶ
3292 3316 3415 3387 Θεῷ
3444 3317 3660 3387 μᾶλλον,
3685 3331 3784 3367 ποι-

2206 3407 2394 3461 οῦνται
2422 3406 2478 3460 δὲ
2504 3406 2661 3470 δόξαν
2704 3405 2923 3470 τόκους,
2965 3405 3060 3458 καὶ
3112 3406 3434 3476 συλλήψεις,
3481 3408 3575 3461 καὶ
3610 3406 3784 3466 ὠδῖνας

2204 3499 2311 3553 τῶν
2345 3500 2473 3570 παρ’
2506 3498 2689 3560 αὐτοῖς
2717 3496 3014 3565 γυναικῶν.
3054 3498 3329 3552 Ἴστωσαν
3354 3498 3421 3570 δὴ
3448 3496 3562 3564 οὖν,
3589 3498 3667 3551 ὅτι
3695 3495 3784 3548 κᾶν

2205 3593 2253 3643 εί
2285 3591 2493 3643 τέκοιεν
2521 3590 2691 3654 υἱοὺς,
2741 3588 2844 3640 κᾶν
2873 3589 2921 3639 εί
2956 3587 3186 3656 κάμοιεν
3218 3589 3588 3659 ἐκτρέφον-τες
3615 3590 3785 3651 τέκνα,

2208 3683 2646 3754 μεταγνώσονται
2714 3677 3000 3741 πονοῦντες
3061 3678 3207 3748 εἰκῆ.
3283 3680 3633 3751 Θρηνήσουσι
3692 3676 3787 3748 γὰρ

2205 3775 2386 3844 πάντη
2412 3790 2474 3825 τε
2503 3773 2599 3826 καὶ
2634 3771 2772 3824 πάντ
2784 3788 2858 3833 ως
2887 3771 2985 3842 τὴν
3028 3771 3312 3825 ἀπαιδίαν.
3361 3771 3613 3843 Ἀρκέσει
3637 3772 3689 3824 δὲ
3718 3769 3787 3833 EE-

2205 3885 2304 3937 φος
2349 3867 2532 3929 αὐτοῖς
2560 3865 2621 3918 τὸ
2653 3863 2994 3918 Βαϐυλώνιον
3029 3866 3109 3926 εἰς
3143 3864 3202 3917 τὸ
3256 3866 3576 3936 δαπανῆσαι
3607 3863 3790 3937 ῥαδίως

2205 3959 2314 4014 πᾶν
2333 3958 2456 4012 ὅσον
2476 3955 2656 4011 αὐτῶν
2678 3957 2850 4026 γένος.
2884 3973 2903 4005 ι
2929 3955 3074 4007 Διότι
3103 3955 3194 4010 καὶ
3218 3957 3351 4010 οὐαὶ
3376 3959 3564 4020 αὐτοῖς
3585 3960 3740 4010 ἐστιν.
3767 3972 3783 4004 ι

2205 4048 2428 4118 Ὅμοιον
2459 4049 2533 4112 ὡς
2563 4049 2612 4100 εί
2644 4047 2813 4115 λέγοι,
2842 4047 2979 4100 Θεοῦ
3025 4048 3208 4110 αὐτοῖς
3251 4049 3710 4120 ὲπιρῤιπτσῦντος
3740 4044 3790 4097 τὸ

2202 4139 2345 4203 οὐαὶ,
2384 4140 2470 4204 τίς
2499 4137 2752 4193 ἐπιδώσει
2778 4139 2876 4209 τὴν
2905 4139 3204 4209 εὐθυμίαν;
3248 4143 3382 4194 Ἐὰν
3414 4143 3526 4212 γάρ
3553 4161 3570 4193 ι
3604 4139 3792 4206 Κλείσῃ

2203 4232 2345 4285 κατά
2390 4228 2700 4302 ἀνθρώπου,
2736 4231 2820 4295 τίς
2871 4231 3112 4300 ἀνοίξει;
3173 4250 3192 4284 ι
3254 4232 3405 4287 κατὰ
3453 4235 3516 4286 τὸ
3563 4246 3793 4302 γεγραμ-

2307 4338 2388 4375 ον.

2307 4338 2388 4375 ον.

2207 4321 2434 4481 μέέάρξ
2458 4428 2577 4482 μου
2603 4412 2672 4477 ἐξ
2706 4411 2924 4467 αὐτῶν.

588 4518 827 4575 Minante
872 4519 984 4575 Deo
1025 4530 1190 4589 atque
1229 4518 1394 4572 etiam
1437 4516 1652 4570 dicente
1691 4516 1761 4571 de
1801 4515 2094 4586 Epltraiin,

2270 4507 2408 4575 PC.".
2464 4507 2838 4572 Ἀπειλοῦντος
2890 4507 3048 4575 Θεοῦ,
3090 4507 3186 4561 καὶ
3233 4507 3303 4577 δὴ
3353 4508 3453 4560 καὶ
3505 4507 3792 4575 φάσκοντος

517 4613 632 4669 sive
664 4614 730 4669 de
765 4613 910 4668 omni
943 4611 1130 4677 Israel,
1169 4609 1430 4663 radicitus
1463 4605 1784 4677 periturum,
1823 4616 1879 4663 et
1912 4607 2097 4678 deplo-

2209 4600 2331 4670 περ).
2357 4598 2452 4652 τοῦ
2503 4599 2760 4672 Ἐφραῒμ,
2794 4601 2912 4672 ῆτοι
2949 4601 3148 4663 παντὸς
3176 4600 3272 4652 τοῦ
3322 4599 3569 4670 Ἰσραὴλ,
3601 4597 3674 4658 ὡς
3707 4593 3791 4646 καὶ

516 4710 759 4757 ratorum
789 4701 1105 4763 orbitatem,
1139 4699 1620 4766 laboraturumque
1650 4696 1849 4752 frustra
1881 4697 1934 4752 in
1966 4699 2096 4753 edu-

516 4792 731 4847 catione
756 4793 1073 4853 liberorum,
1099 4790 1337 4861 seipsum
1361 4789 1622 4858 propheta
1647 4789 1714 4844 ab
1739 4787 1944 4843 ultione
1969 4792 2096 4845 sub-

516 4883 694 4948 ducit,
720 4892 774 4937 et
807 4879 1202 4936 immunitatem
1238 4878 1307 4934 ab
1343 4881 1420 4935 ira
1456 4880 1535 4936 sic
1570 4891 1822 4951 precatur
1853 4900 1869 4938 :
1912 4880 2095 4938 «Caro

516 4987 635 5029 mea
663 4989 728 5028 ex
754 4973 855 5029 eis.
891 4990 910 5026 ι
944 4971 1182 5043 Intelligo
1214 4989 1234 5024 ι
1268 4986 1334 5027 ex
1359 4972 1458 5037 eis,
1496 4990 1514 5025 ι
1551 4971 1736 5041 procul
1767 4972 1834 5027 ab
1857 4973 1956 5028 eis.
1986 4972 2094 5028 Ex-

516 5073 598 5121 tra
631 5064 772 5132 illos,
800 5064 994 5134 inquit,
1022 5065 1190 5133 enim,
1219 5073 1274 5119 et
1305 5079 1464 5134 quam
1496 5063 1806 5133 longissime
1838 5079 1937 5134 ego
1968 5066 2091 5130 sim,

516 5165 570 5212 et
617 5169 779 5210 omne
831 5171 1001 5226 genus
1049 5171 1248 5211 meum.
1291 5155 1564 5210 Interdum
1613 5155 1757 5210 enim
1803 5157 1927 5211 huic
1974 5159 2094 5214 voci

522 5266 541 5299 ι
589 5261 738 5312 caro,
794 5266 812 5299 ι
863 5248 1074 5318 generis
1117 5263 1332 5318 quoque
1377 5247 1617 5317 subjecta
1663 5259 1746 5302 est
1788 5249 1960 5305 notio.
2001 5249 2094 5304 Sic

517 5343 661 5395 enim
687 5350 742 5394 et
767 5341 895 5396 illud
919 5339 1093 5405 Pauli,
1119 5351 1178 5396 ut
1205 5347 1348 5394 recte
1373 5338 1574 5392 dictum
1599 5339 1944 5405 accipiemus,
1971 5354 2092 5392 cum

517 5426 756 5488 scribit":
802 5450 820 5484 ι
863 5433 1109 5500 Quandlu
1151 5446 1250 5502 ego
1286 5431 1496 5500 quidem
1536 5444 1652 5484 sum
1689 5429 1931 5499 gentium
1967 5443 2095 5498 apo-

2199 4690 2475 4765 ὁλόρριζος
2504 4692 2806 4756 ἀπολεῖται,
2833 4694 2927 4746 καὶ
2968 4693 3231 4764 θρηνήσει
3265 4692 3374 4762 τὴν
3405 4691 3686 4752 ἀπαιδίαν,
3705 4685 3790 4739 καὶ

2201 4787 2425 4855 πονήσει
2473 4783 2652 4856 μάτην
2714 4785 2807 4839 ἐπὶ
2849 4787 2971 4847 ταῖς
3023 4783 3131 4836 τῶν
3189 4784 3410 4836 τέκνων
3445 4779 3787 4853 άνατροφαῖς»

2200 4876 2390 4931 ἑαυτὸν
2414 4877 2444 4929 ὁ
2478 4877 2764 4948 προφήτης
2794 4876 3056 4946 ὑπεξάγει
3088 4875 3190 4946 τῆς
3222 4875 3413 4947 δίκης,
3468 4873 3576 4938 ἔξω
3621 4889 3679 4924 τε
3711 4885 3795 4937 γε-

2200 4969 2388 5025 νέσθαι
2410 4967 2510 5038 τῆς
2557 4967 2729 5039 ὀργῆς
2767 4968 3150 5038 προσεύχεται,
3185 4966 3407 5036 λέγων·
3455 4985 3474 5017 ι
3529 4961 3673 5036 Σάρξ
3703 4974 3795 5030 μου

2202 5059 2262 5125 ἐξ
2294 5059 2494 5114 αὐτῶν.
2537 5077 2555 5111 ι
2590 5057 2663 5112 Τὸ
2695 5059 2752 5113 δὲ
2786 5079 2804 5112 ι
2846 5059 2904 5126 ἐξ
2932 5059 3111 5113 αὐτῶν
3153 5077 3172 5110 ι
3212 5060 3507 5130 συνήσεις,
3551 5056 3672 5110 ἀντὶ
3710 5050 3794 5104 τοῦ

2205 5145 2425 5219 μακρὰν
2454 5147 2549 5200 ἀπ’
2589 5148 2789 5205 αὐτῶν.
2826 5147 2972 5212 ’Ἐξω
3000 5147 3108 5219 γὰρ
3152 5147 3344 5204 αὐτῶν
3380 5149 3481 5202 καὶ
3527 5145 3794 5204 άποτάτω,

2203 5241 2388 5311 φησὶν,
2437 5243 2598 5307 αὐτός
2628 5260 2688 5296 τε
2734 5244 2993 5312 γενοίμην
3039 5240 3170 5310 ἐγὼ,
3223 5243 3324 5294 καὶ
3371 5243 3434 5296 τὸ
3487 5241 3620 5312 ἐμὸν
3662 5239 3796 5291 ᾶπαν

2201 5336 2376 5402 γένος.
2418 5337 2579 5407 Δηλοί
2611 5336 2720 5408 γὰρ
2749 5336 2859 5390 ἐσθ’
2889 5338 2978 5390 ὅτε
3013 5336 3108 5392 καὶ
3145 5336 3207 5388 τὸ
3239 5337 3408 5404 γένος
3447 5355 3464 5383 ι
3513 5337 3546 5406 ὴ
3581 5329 3734 5403 σάρξ.
3775 5347 3792 5378 ι

2215 5426 2570 5499 Ἐκδεξόμεθα
2597 5429 2706 5498 γὰρ
2729 5427 2870 5482 οὕτω
2892 5429 2986 5483 καὶ
3005 5429 3092 5483 διά
3118 5431 3217 5499 τῆς
3247 5428 3346 5482 τοῦ
3373 5427 3595 5482 Παύλου
3627 5421 3797 5496 φωνῆς

589 5611 634 5644 ⁶⁹
659 5609 829 5668 Exod.
865 5629 1020 5680 mu,
1051 5613 1141 5669 26.
1219 5614 1263 5645 ⁷ο
1289 5614 1443 5668 Deut.
1476 5626 1644 5679 xxxu,
1669 5610 1759 5664 '50.
1835 5607 1879 5639 '“
1917 5605 2019 5660 lsa.
2059 5619 2192 5670 χχιι,
2222 5604 2312 5660 22.

588 5789 662 5863 (1)
689 5791 806 5849 Ἰσ.
835 5788 1220 5862 διαπερῶντες.
