3982 6452
216 313 324 371 233

1151 311 1718 370 COMMENTARIUS
1761 312 1828 367 IN
1869 311 2099 371 OSEAM
2146 314 2597 393 PBOI’HETAM.

3418 326 3526 384 235

212 426 388 499 ὀρθῶς
415 426 733 500 είρημένον.
771 428 1026 500 Γέγραφε
1055 427 1162 498 γὰρ
1193 428 1313 481 ώδί·
1360 448 1377 479 ι
1426 427 1543 497 Ἐφ’
1567 428 1693 481 ὅσον
1721 426 1809 497 μὲι

1925 427 2118 494 stolus,
2144 429 2508 487 ministerium
2535 445 2716 488 meum
2744 430 3138 501 honorificabo,
3164 436 3210 493 si
3235 452 3341 508 quo
3364 442 3525 496 modo

208 514 300 573 οὖν
346 518 460 587 ἐγώ
493 522 610 588 εἰμι
660 519 835 575 ἐθνῶν
884 520 1204 584 ἀπόστολος,
1239 520 1340 591 τὴν
1383 519 1662 574 διακονίαν
1716 535 1819 588 μου

206 613 435 679 δοξάζω,
461 614 517 665 εἴ
552 632 665 677 ιτως
719 612 1108 684 παραζηλώσω
1160 630 1262 683 μου
1309 613 1407 683 τὴν
1456 612 1659 683 σάρκα,
1725 612 1822 665 καὶ

208 704 364 757 σώσω
396 703 555 767 τινάς
582 704 641 770 ἐξ
671 704 871 757 αὐτῶν.
909 725 927 755 ι
973 704 1133 766 Ἕθος
1166 704 1223 756 δὲ
1255 706 1366 765 τοῖς
1395 702 1570 771 ἁγίοις
1602 705 1817 774 προφή-

205 814 344 862 ταις,
390 796 523 849 ὅταν
558 795 712 849 ἴδωσι
758 796 1024 859 πολλάκις
1056 796 1207 848 δεινά
1267 796 1361 849 καὶ
1390 795 1704 866 δυσφόρητα
1753 795 1821 846 τά

202 905 362 940 τινων
394 888 756 958 ἐγκλήματα,
785 888 975 941 λοιπὸν
1023 888 1090 941 τὰ
1124 889 1245 942 καθ’
1281 889 1509 951 ἑαυτοὺς
1541 888 1640 957 τῆς
1676 887 1819 940 ἐκεί-

206 997 306 1032 νων
333 978 629 1051 βδελυρίας
662 980 1003 1051 ἀλλοτριοῦν.
1046 981 1157 1034 Καὶ
1188 978 1320 1049 γοῦν
1348 981 1376 1031 ὁ
1400 980 1691 1051 προφήτης
1725 977 1819 1032 Ἰε-

206 1072 403 1143 ρεμίας
464 1073 746 1137 πλείστοις
803 1075 951 1138 ὅσοις
996 1073 1324 1146 αἰτιάμασιν
1381 1071 1818 1145 ἐμπεπτωκότας

202 1166 325 1229 τοὺς
378 1165 703 1231 Ἰουδαίους,
769 1168 864 1221 καὶ
909 1167 1030 1238 Θεῷ
1060 1166 1595 1240 ’προσκεκρουκότας
1650 1166 1816 1238 ὁρῶν,

210 1275 227 1307 ι
249 1256 450 1327 Κύριε,
472 1258 633 1329 φησὶ,
660 1259 1085 1331 παντοκράτωρ,
1105 1260 1207 1313 ούκ
1236 1260 1463 1314 ἐκάθισα
1482 1261 1539 1313 ἐν
1558 1258 1819 1329 συνεδρίῳ

203 1348 378 1403 αὐτῶν
418 1348 759 1420 παιζόντων,
814 1354 932 1408 ἀλλ’
961 1354 1321 1426 ηὐλαϐούμην
1369 1354 1477 1407 ἀπὸ
1520 1351 1818 1425 προσώπου

204 1442 378 1512 χειρός
411 1460 510 1496 σου
534 1459 548 1473 ⁶
602 1448 919 1516 καταμόνας
965 1448 1278 1519 ἐκαθήμην,
1308 1448 1391 1501 ὅτι
1428 1447 1659 1518 πικρίας
1724 1445 1818 1498 ἐν-

205 1533 504 1607 επλήσθην.
546 1556 565 1589 ι
600 1541 693 1590 Δεῖ
721 1538 785 1609 δὴ
828 1535 922 1593 οὖν
953 1540 1061 1611 ἄρα
1095 1541 1376 1611 θαυμάσαι
1425 1540 1517 1593 τὸν
1546 1538 1819 1611 μακάριον

206 1626 439 1692 Παῦλον,
473 1629 608 1683 ὅταν
634 1631 770 1701 ἡμῖν
802 1632 1117 1704 ἐπιστέλλῃ·
1152 1652 1170 1684 ι
1202 1633 1403 1686 Σαυτὸν
1438 1632 1602 1700 ἁγνὸν
1636 1632 1816 1701 τήρει,

206 1720 291 1772 καὶ
319 1721 397 1791 μὴ
434 1722 689 1776 κοινώνει
720 1725 1022 1795 ἁμαρτίαις
1040 1725 1377 1796 ἀλλοτρίαις.
1420 1744 1440 1778 ι
1477 1724 1635 1778 Εἴποι
1678 1723 1721 1776 δ’
1752 1723 1818 1777 ἂν

1926 520 1991 575 ad
2026 522 2388 577 aemulandum
2423 537 2712 593 provocem
2751 539 2972 581 carnem
3009 544 3219 597 meam,
3256 540 3311 586 et
3344 532 3525 587 salvos

1925 613 2120 667 faciam
2163 613 2373 684 aliquos
2414 630 2477 670 ex
2523 616 2630 671 illis
2656 616 2724 671 ".
2774 636 2792 669 ι
2837 618 2953 674 Mos
2992 637 3155 690 porro
3195 632 3278 679 est
3318 625 3525 679 sanctis

1926 705 2239 774 prophetis,
2282 708 2323 761 si
2368 722 2510 775 saepe
2552 708 2737 776 gravia
2776 720 2828 763 et
2874 712 3216 769 intoleranda
3261 731 3522 784 quorum-

1925 797 2045 850 dam
2084 799 2289 854 scelera
2325 801 2597 867 viderint,
2636 803 2699 855 de
2739 813 2935 858 czetcro
2970 820 3027 860 se
3062 808 3131 861 ab
3167 808 3382 863 illorum
3422 810 3523 862 im-

1924 887 2161 955 purilate
2194 896 2248 943 et
2288 888 2524 958 nequitia
2564 888 2870 960 scjungerc.
2909 893 3089 959 Quare
3124 893 3390 951 Jeremias
3426 894 3522 948 Ju-

1924 980 2068 1033 dtcos
2099 979 2149 1032 in
2184 979 2416 1047 plurima
2449 980 2643 1035 delicta
2677 982 2986 1052 prolapsos,
3020 994 3078 1041 et
3109 986 3277 1042 Deum
3313 989 3521 1045 lmsisse

1923 1086 2172 1135 cernens,
2195 1091 2211 1122 ι
2235 1072 2461 1127 Domine
2479 1074 2843 1142 omnipotens,
2867 1094 2886 1129 ι
2906 1077 3000 1143 ait,
3023 1097 3042 1131 ι
3066 1094 3169 1134 non
3189 1081 3301 1136 sedi
3322 1082 3372 1135 in
3392 1098 3523 1138 con-

1923 1165 2047 1219 cilio
2067 1164 2390 1229 ludentium,
2410 1167 2503 1219 sed
2525 1167 2676 1220 timui
2696 1184 2722 1220 a
2744 1166 2881 1222 facie
2904 1185 3093 1226 manus
3118 1180 3249 1238 tuae;
3271 1189 3520 1229 seorsum

1928 1255 2088 1327 139
2114 1256 2388 1320 sedebam,
2418 1256 2541 1324 quia
2571 1256 2938 1314 amaritudine
2965 1259 3201 1328 repletus
3226 1260 3462 1316 eram".
3496 1282 3515 1312 ι

1922 1348 2291 1401 Admirandus
2322 1355 2405 1403 est
2433 1347 2617 1417 itaque
2649 1348 2839 1403 beatus
2868 1348 3086 1417 Paulus,
3118 1355 3336 1422 quando
3363 1352 3522 1409 nobis

1924 1440 1995 1495 ita
2028 1439 2246 1495 mandat
2272 1456 2285 1493 ε
2321 1457 2340 1490 ι
2373 1437 2450 1494 Te
2482 1440 2655 1509 ipsum
2685 1450 2894 1497 castum
2923 1445 3159 1509 custodi,
3186 1454 3241 1501 et
3272 1461 3339 1501 ne
3365 1461 3519 1502 com-

1924 1534 2167 1587 municcs
2206 1533 2443 1601 peccatis
2481 1532 2675 1589 alienis
2699 1534 2768 1587 7‘.
2811 1554 2831 1586 ι
2869 1535 3061 1593 Omnis
3099 1548 3280 1594 autem
3320 1539 3519 1609 impius

1923 1628 1989 1683 de
2016 1625 2417 1681 offendentibus
2446 1625 2635 1692 Deum,
2661 1635 2717 1681 et
2745 1642 2868 1682 mox
2901 1629 3188 1698 puniendis
3213 1630 3337 1701 jure
3362 1631 3518 1686 dixe-

1925 1721 1990 1775 rit
2026 1740 2037 1775 :
2078 1740 2094 1770 ι
2130 1719 2271 1775 Caro
2304 1733 2420 1773 mea
2451 1734 2514 1773 ex
2549 1720 2649 1775 eis.
2690 1738 2708 1770 ι

204 1813 431 1876 εἰκότως
485 1816 600 1878 πᾶς
654 1815 860 1889 ἀσεϐὴς
902 1818 1032 1887 περὶ
1086 1818 1196 1871 τῶν
1254 1817 1706 1889 προσκρουόντων
1738 1812 1818 1883 τῷ
1855 1811 1997 1883 Θεῷ,
2036 1812 2129 1864 καὶ
2193 1812 2317 1864 ὅσον
2382 1809 2594 1863 οὐδέπω
2628 1810 3140 1882 κολασθησομένων,
3182 1834 3199 1866 ‹
3236 1814 3380 1885 Σάρξ
3416 1828 3516 1884 μου

203 1902 254 1967 ἒξ
282 1903 491 1955 αὐτῶν.
534 1923 554 1955 ι

278 1998 539 2067 Ἐςρτραῒμ
573 1998 647 2053 ὃν
663 2005 891 2068 τρόπον
923 1998 1106 2065 εἶδον,
1132 2005 1222 2067 εἷς
1241 2003 1433 2071 θήραν
1464 2002 1809 2071 παρέστησε

1993 1991 2156 2045 Vens.
2189 1990 2276 2044 I3.
2312 1990 2584 2059 prhmim,
2622 1992 2756 2045 sicut
2798 1992 2925 2058 vidi,
2960 1992 3017 2047 in
3052 1995 3343 2063 captionem
3376 2011 3518 2064 pra:-

203 2088 267 2143 τὰ
298 2090 492 2144 τέκνα
526 2094 741 2157 αὐτοῦ,
784 2096 894 2149 τοῦ
926 2095 1246 2166 ἐξαγαγεῖν
1282 2098 1369 2163 εἰς
1402 2096 1816 2151 ἁποκέντησιν

202 2183 267 2235 τὰ
301 2182 492 2237 τέκνα
535 2186 748 2241 αὑτοῦ.

266 2276 389 2330 PZ'.
435 2277 737 2344 Ταλανίζει
774 2282 870 2334 καὶ
903 2280 1000 2336 νῦν
1029 2283 1057 2335 ὁ
1089 2283 1380 2355 προφήτης
1418 2284 1512 2337 τὸν
1552 2282 1811 2355 Ἐφραῖμ,

201 2364 310 2437 ἦτοι
338 2366 431 2421 τὸν
483 2370 729 2441 Ἰσραὴλ,
755 2372 920 2427 αὐτόν
943 2390 1002 2427 τε
1035 2374 1289 2443 γενέσθαι
1318 2375 1605 2449 παραίτιον
1635 2374 1815 2447 ἐαυτῷ

202 2476 329 2528 φησι
350 2460 453 2513 καὶ
474 2461 581 2531 τῆς
602 2463 887 2532 ἀπαιδίας,
914 2467 1009 2520 καὶ
1037 2467 1137 2537 τῆς
1162 2467 1469 2539 ἀνηκέστου
1495 2485 1559 2520 συ
1569 2467 1806 2539 μφορᾶς.

212 2550 293 2614 Ὦς
327 2552 442 2625 γὰρ
464 2554 736 2626 τεθέαμαι
771 2559 864 2612 καὶ
885 2560 950 2613 ἐκ
978 2560 1088 2615 τῶν
1120 2561 1229 2615 σῶν
1255 2561 1453 2630 λόγων,
1471 2550 1516 2615 ὦ
1539 2560 1810 2624 Δέσποτα,

202 2644 353 2713 φησὶ,
391 2646 492 2697 καὶ
532 2646 646 2700 ἀπό
690 2665 755 2718 γε
797 2650 907 2705 τῶν
956 2654 1302 2723 πραγμάτων
1336 2653 1538 2721 αὐτῶν,
1573 2654 1740 2719 αὐτὸς
1785 2656 1814 2707 ό

211 2735 455 2808 Ἐφρατμ
487 2738 572 2802 εἰς
608 2740 801 2811 θήραν,
835 2744 929 2796 καὶ
958 2744 1325 2816 ἀποκέντησιν
1346 2745 1416 2798 τὰ
1445 2746 1641 2799 ἑαυτοῦ
1672 2765 1813 2819 παρ-

199 2825 394 2900 ἔστησε
426 2832 617 2886 τέκνα.
656 2835 769 2888 Καὶ
814 2837 915 2889 οὐκ
954 2836 1021 2890 ἂν
1063 2838 1285 2915 ἐτέρους
1334 2838 1555 2910 αἰτιῷτο
1602 2839 1808 2906 λοιπὸν,
1856 2854 1861 2857 ‘

198 2920 297 2973 οὐδ’
326 2921 397 2975 ἂν
429 2924 534 2995 τῆς
564 2924 719 2990 Θείας
751 2928 1148 3001 καταϐοήσειεν
1178 2930 1369 3003 ὀργῆς,
1420 2932 1468 2985 εί
1515 2931 1583 2985 τὰ
1625 2932 1812 2986 εἰκότα

200 3016 416 3083 φρονεῖν
440 3014 643 3071 ἕλοιτο.
676 3019 994 3076 Αίτιάσεται
1020 3022 1077 3075 δὲ
1103 3024 1307 3094 μᾶλλον
1332 3024 1433 3097 τὴν
1459 3025 1656 3078 ἑαυτοῦ
1687 3026 1813 3080 δυσ-

198 3105 421 3160 δουλίαν
472 3110 571 3162 καὶ
605 3111 929 3169 ἀπόστασιν.
981 3116 1202 3189 Ἐπειδὴ
1252 3118 1362 3191 γὰρ
1395 3118 1707 3191 λελύπηκεν
1746 3121 1809 3174 ού

202 3198 444 3270 μετρίως
480 3201 575 3255 τὸν
610 3204 969 3275 ἐπαμύνοντά
1016 3226 1077 3262 τε
1110 3212 1204 3263 καὶ
1240 3211 1485 3275 σώζοντα
1530 3213 1683 3280 Θεὸν,
1715 3231 1809 3285 μο-

200 3293 417 3364 νονουχὶ
463 3296 561 3348 καὶ
611 3296 717 3367 ἰδία
752 3301 898 3372 χειρὶ
951 3304 1339 3374 παραδέδωκεν
1393 3306 1536 3361 ἑκὼν
1587 3310 1654 3379 τῇ
1700 3307 1809 3362 τῶν

198 3382 371 3438 ἐθνῶν
410 3387 708 3457 ἀγριότητι
746 3391 809 3443 τὸ
846 3392 978 3446 ἴδιον
1022 3396 1269 3467 σπέρμα,
1318 3399 1414 3451 καὶ
1465 3399 1809 3473 παρέστησεν

196 3476 628 3551 είςάπαγωγὴν
687 3482 781 3536 καὶ
810 3485 1216 3556 αἰχμαλωσίαν.
1248 3490 1418 3543 Τοῦτο
1443 3492 1553 3562 γάρ
1586 3493 1703 3545 ἐστι
1744 3491 1806 3545 τὸ

201 3583 219 3616 ι
251 3569 333 3630 είς
374 3566 582 3639 θήραν,
620 3590 639 3623 ι
676 3573 771 3626 καὶ
818 3574 925 3646 μὴν
976 3576 1070 3630 καὶ
1106 3596 1125 3629 r
1171 3580 1252 3643 είς
1280 3579 1674 3653 ἀποκέντησιν,
1721 3602 1741 3636 s
1778 3583 1808 3637 ὃ

196 3657 299 3712 ἐστι
332 3662 588 3732 σφαγήν.
622 3664 764 3728 Τοὺς
789 3666 889 3736 μὲν
905 3668 1013 3740 γὰρ
1042 3670 1253 3727 ἀνεῖλον
1274 3672 1323 3724 οἱ
1346 3672 1679 3728 Βαϐυλώνιοι
1700 3675 1808 3730 τῶν

205 3749 429 3820 Ἰσραήλ
452 3768 465 3780 ·
504 3753 632 3817 τοὺς
663 3753 720 3807 δὲ
755 3756 1107 3829 ἀπεκόμισαν
1139 3761 1220 3825 είς
1248 3762 1347 3832 τὴν
1376 3763 1609 3818 ἑαυτῶν.

257 3843 439 3897 Ὅταν
470 3844 654 3901 τοίνυν
683 3847 1101 3922 πλημμελῶμεν
1127 3855 1311 3925 ἡμεῖς,
1343 3856 1573 3921 ἑαυτοὺς
1604 3857 1807 3929 μᾶλλον

192 3936 563 4009 αἰτιασόμεθα
594 3941 924 4011 φρονοῦντες
956 3946 1156 4016 ὀρθῶς,
1204 3949 1299 4003 καὶ
1340 3950 1463 4021 οὐχ)⁸
1504 3950 1603 4023 τὴν
1654 3951 1807 4007 θείαν

192 4026 385 4102 ὀργήν.
434 4030 1038 4108 Καταπεφρονήκαμεν
1081 4044 1190 4112 γὰρ
1227 4041 1321 4096 τοῦ
1356 4043 1682 4116 πρέποντος,
1710 4046 1806 4099 καὶ

192 4121 433 4193 ρᾴθυμοι
458 4128 816 4198 γεγενήμεθα
842 4131 971 4202 περὶ
996 4132 1057 4185 τὸ
1085 4134 1309 4189 ἀνδάνον
1338 4136 1416 4207 τῷ
1457 4136 1596 4209 Θεῷ.
1628 4138 1806 4193 Κολάε-

188 4212 384 4274 ζετθαι
428 4214 489 4267 δὲ
539 4217 759 4291 ἀνάγκη
811 4220 903 4274 τὸν
939 4218 1226 4296 ὑϐριστὴν,
1280 4227 1376 4281 καὶ
1424 4227 1657 4300 ὲξήνιον,
1710 4231 1806 4285 καὶ

190 4306 482 4377 μονονουχὶ
498 4307 731 4377 λέγοντα
762 4310 840 4383 τῷ
869 4312 1088 4368 πάντων
1110 4317 1413 4390 ΔεσπότῃῚ
1450 4320 1689 4377 Ἀπόστα
1706 4321 1803 4376 ἀπ’

187 4394 348 4464 ἐμοῦ,
379 4396 540 4463 ὁδούς
571 4417 669 4455 σου
703 4402 907 4459 εἰδέναι
935 4406 998 4459 ού
1034 4405 1320 4479 βούλομαι.
1363 4429 1383 4462 ι

253 4489 377 4554 Δὸς
408 4491 623 4558 αὐτοῖς
659 4495 860 4563 Κύριε.
916 4498 977 4552 Τί
1012 4497 1228 4567 δώσεις
1256 4504 1499 4571 αὐτοῖς;
1549 4505 1656 4573 δὸς
1698 4510 1804 4565 aito

184 4576 306 4643 τοῖς
355 4577 604 4648 μήτραν
664 4583 1052 4643 ἀτεκνοῦσαν
1097 4592 1199 4645 καὶ
1231 4594 1508 4661 μαστοὺς
1554 4596 1802 4665 ξηροὺς.

256 4668 392 4721 PH’.
436 4670 502 4723 Ei
536 4670 602 4741 δὴ
641 4673 908 4743 μέλλοιεν,
958 4681 1146 4749 φησὶν,
1194 4683 1297 4735 οὐκ
1340 4683 1536 4738 είδέναι
1586 4686 1721 4741 Θεὸν
1752 4690 1803 4742 oi

200 4759 454 4835 Ἰσραὴλ,
513 4762 896 4838 ἀποφέρεσθαι
946 4770 1005 4823 δὲ
1064 4771 1266 4843 μᾶλλον
1328 4774 1466 4847 πρὸς
1544 4778 1799 4851 ἀνωφελῆ

188 4851 280 4903 καὶ
322 4852 565 4922 ἀνόητον
596 4854 813 4923 ἐλπίδα,
846 4856 1057 4913 οἴεσθαί
1095 4879 1153 4914 τε
1192 4863 1274 4917 ὅτι
1313 4866 1658 4938 περιέσονται
1688 4869 1800 4925 τῶν

187 4941 422 5013 ἐχθρῶν,
449 4944 542 4997 διὰ
572 4946 779 5017 πλῆθος
808 4949 1037 5017 τέκνων,
1059 4954 1154 5007 καὶ
1181 4956 1264 5009 ὅτι
1292 4958 1429 5011 πολὺ
1462 4962 1591 5031 παρ’
1614 4962 1801 5027 αὐτοῖς

185 5036 241 5086 τὸ
261 5037 509 5109 μάχιμον
543 5038 720 5108 γένος,
751 5041 957 5113 ταύτης
985 5062 1043 5098 τε
1071 5045 1235 5100 ἕνεκα
1252 5048 1351 5116 τῆς
1380 5051 1559 5116 αὲτίας
1585 5054 1684 5107 οὐκ
1705 5054 1797 5109 ἀν-

184 5130 415 5193 αγκαῖον
449 5128 514 5181 τὸ
536 5130 692 5201 παρά
715 5133 817 5205 τῆς
858 5136 955 5206 σῆς
973 5138 1388 5209 ἐπικουρεῖσθαι
1414 5144 1619 5217 χειρὸς,
1659 5146 1797 5216 μηδὲ

188 5220 528 5274 τικτέτωσαν
548 5220 691 5286 ὅλως
710 5224 763 5276 αί
784 5226 912 5297 παρ’
925 5227 1109 5292 αὐτοῖς
1131 5233 1411 5298 γυναῖκες.
1448 5233 1620 5289 Τοῦτο
1636 5236 1744 5308 γὰρ
1762 5238 1795 5309 ἡ

182 5310 492 5368 ἀτεκνοῦσα
516 5316 858 5388 μήτρα.Κᾶν
883 5321 931 5372 εὶ
952 5321 1163 5375 τέκοιεν
1192 5323 1271 5387 δὲ,
1312 5326 1386 5398 μὴ
1420 5327 1796 5400 ἀνατρεφέτω-

184 5407 595 5473 σαν,τουτέστι,
639 5408 1079 5467 δαπανάσθωσαν
1108 5415 1217 5486 πρὸ
1240 5416 1406 5489 ὧρας,
1438 5420 1535 5473 καὶ
1566 5424 1695 5492 πρὶν
1714 5426 1795 5488 εἰς

180 5496 323 5569 ἥϐην
344 5498 526 5553 ἐλθεῖν
565 5502 820 5557 πιπτέτω
856 5505 918 5558 τὸ
970 5507 1147 5575 γένος.
1172 5510 1657 5585 Περιτεμνομένης
1687 5517 1796 5590 γὰρ

183 5590 327 5644 οὕτω
338 5592 436 5665 τῆς
452 5594 686 5667 ἐνούσης
698 5598 881 5663 αὐτοῖς
893 5599 1144 5655 ἐντεῦθεν
1161 5602 1484 5675 ὑπεροψίας,
1500 5608 1593 5661 καὶ
1611 5608 1797 5663 λοιπὸν

1917 2085 2028 2138 buit
2056 2083 2196 2151 ﬁlios
2224 2100 2374 2147 suos,
2400 2093 2455 2137 ut
2482 2085 2722 2139 educeret
2744 2085 2812 2137 ad
2837 2085 3172 2155 punctionem
3202 2086 3343 2154 ﬁlios
3370 2105 3514 2144 suos.

1989 2256 2145 2313 CVII.
2180 2255 2351 2312 DelIet
2377 2257 2539 2314 etiam
2575 2273 2715 2314 nunc
2746 2258 3025 2330 Ephraim,
3054 2260 3170 2317 sive
3199 2260 3366 2319 Israel
3396 2278 3519 2333 pro-

1918 2351 2103 2421 pheta,
2128 2359 2181 2406 et
2210 2352 2385 2421 ipsum
2410 2351 2510 2408 sibi
2535 2366 2755 2407 causam
2784 2352 3033 2409 attulisse
3056 2354 3318 2424 przedicat
3341 2365 3395 2410 et
3420 2372 3517 2412 or-

1918 2444 2103 2499 bitatis
2138 2443 2397 2511 filiorum,
2427 2452 2481 2500 et
2515 2444 2845 2500 calamitatis
2879 2444 3234 2516 gravissime.
3270 2445 3338 2503 Ut
3370 2448 3515 2502 enim

1916 2537 2025 2592 vidi
2053 2552 2120 2592 ex
2147 2537 2494 2593 sermonibus
2524 2536 2650 2603 tuis,
2678 2536 2926 2604 Domine,
2953 2537 3149 2608 inquit,
3176 2546 3229 2594 et
3255 2554 3322 2594 ex
3353 2540 3516 2596 rebus

1916 2629 2068 2700 ipsis,
2098 2630 2214 2698 ipse
2245 2628 2522 2698 Ephraim,
2548 2636 2604 2683 et
2636 2629 2935 2699 capiendos
2985 2640 3042 2685 et
3070 2630 3423 2686 trucidandos
3452 2631 3517 2687 fi-

1917 2720 2017 2775 lios
2050 2734 2177 2775 suos
2213 2719 2464 2790 prmbuit,
2500 2733 2603 2775 nec
2635 2718 2773 2775 alios
2805 2717 3067 2790 deinceps
3100 2719 3382 2775 criminari
3418 2736 3515 2792 po-

1917 2813 2060 2880 terit,
2094 2827 2191 2868 nec
2228 2811 2426 2868 divinae
2461 2812 2555 2867 irae
2592 2812 3009 2881 reclamaverit;
3044 2816 3140 2869 sed
3176 2814 3221 2869 si
3257 2830 3323 2871 ex
3357 2830 3516 2886 aequo

1914 2913 1969 2961 et
2005 2905 2155 2975 justo
2194 2921 2309 2962 rem
2349 2905 2620 2961 aestimare
2655 2904 2915 2970 voluerit,
2952 2920 3108 2962 suam
3154 2907 3335 2976 potius
3380 2908 3516 2962 insi-

1914 2998 2176 3068 pientiam
2215 3008 2271 3053 et
2310 2998 2640 3069 apostasiam
2681 2998 2985 3055 accusabit.
3024 2998 3319 3071 Postquam
3363 2998 3514 3054 enim

1914 3091 2268 3160 opitulantem
2316 3101 2372 3147 et
2418 3100 2731 3148 servantem
2784 3090 2953 3147 Deum
3003 3106 3113 3147 non
3164 3091 3517 3147 mediocriter

1912 3184 2167 3251 oﬂendit,
2206 3192 2411 3239 tantum
2449 3199 2555 3239 non
2594 3186 2757 3241 etiam
2797 3198 2962 3240 manu
2999 3199 3096 3242 sua
3132 3198 3317 3239 semen
3352 3198 3514 3239 suum

1914 3276 2135 3330 smvitiae
2167 3276 2407 3346 gentium
2436 3274 2623 3331 volens
2652 3274 3017 3343 contradidit,
3049 3284 3105 3330 et
3134 3275 3188 3329 in
3221 3275 3511 3344 captivrta-

1836 3372 1883 3434 ο
1916 3377 2025 3422 tem
2057 3368 2431 3423 abducendum
2460 3368 2725 3424 exhibuit.
2753 3367 2868 3424 Hoc
2896 3368 3043 3423 enim
3071 3367 3206 3433 vult,
3242 3386 3261 3420 ι
3298 3368 3351 3422 in
3414 3381 3514 3425 οδε

1914 3461 2182 3530 ptionem,
2225 3479 2243 3513 ι
2280 3461 2412 3531 quin
2444 3470 2498 3516 et
2535 3478 2555 3513 ι
2594 3462 2661 3517 ad
2691 3461 3099 3532 punctionem,»
3136 3460 3189 3517 id
3218 3461 3396 3527 esl,ad
3419 3458 3512 3529 ju-

1910 3554 2259 3624 gulationem.
2309 3555 2459 3611 Alios
2506 3553 2707 3625 quippe
2756 3555 2824 3611 de
2875 3554 3139 3611 Israelitis
3188 3554 3512 3611 occiderunt

1910 3643 2216 3717 Babylonii,
2250 3645 2387 3701 alios
2415 3661 2599 3702 secum
2632 3645 3036 3703 abstraxerunt.

1981 3830 2118 3886 Cum
2152 3831 2318 3900 igitur
2344 3831 2777 3901 peccaverimus,
2803 3831 2847 3887 si
2878 3846 2984 3887 non
3018 3831 3342 3903 desipimus,
3375 3846 3509 3889 nos-

1911 3925 2171 3993 metipsos
2211 3925 2413 3993 potius,
2452 3939 2557 3978 non
2601 3925 2737 3978 iram
2784 3923 2879 3980 Dei
2923 3925 3328 3980 damnabimus.
3360 3924 3509 3981 Con-

1911 4018 2230 4087 tempsimus
2271 4017 2415 4071 enim
2460 4015 2719 4082 ofﬁcium,
2757 4026 2811 4071 et
2852 4017 2907 4072 in
2955 4017 3049 4072 Dei
3095 4019 3373 4074 voluntate
3410 4032 3509 4074 ex-

1909 4109 2181 4180 sequenda
2240 4124 2431 4181 segnes
2492 4108 2714 4165 fuimus.
2769 4108 3125 4178 Contemptor
3178 4119 3397 4176 autem,
3452 4120 3510 4167 et

1909 4214 2227 4269 contumax,
2256 4213 2309 4259 et
2340 4202 2731 4273 propemodum
2764 4204 2876 4258 Deo
2907 4202 3094 4258 dicens
3126 4221 3141 4258 :
3177 4221 3195 4255 ι
3229 4202 3443 4259 Recede
3474 4220 3505 4259 a

1910 4311 2017 4361 me,
2044 4296 2160 4352 vias
2192 4307 2312 4351 tuas
2341 4296 2482 4351 scire
2510 4295 2633 4351 nolo
2653 4294 2728 4363 ⁷⁵,
2763 4314 2782 4347 ι
2821 4296 3127 4366 puniendus
3156 4304 3263 4351 est.

1986 4511 2148 4567 Vens.
2182 4511 2269 4566 14.
2304 4510 2386 4565 Da
2418 4513 2518 4577 eis,
2552 4510 2794 4566 Domine.
2828 4509 2969 4576 Quid
3003 4509 3152 4565 dabis
3185 4510 3299 4567 eis?
3327 4516 3398 4567 da
3428 4512 3506 4569 eis

1906 4605 2115 4659 vulvam
2146 4602 2259 4659 sine
2283 4603 2413 4672 ﬁliis
2443 4612 2490 4657 et
2524 4603 2685 4657 ubera
2716 4604 2943 4657 arentia.

1980 4694 2163 4751 CVIII.
2192 4694 2250 4750 Si
2278 4710 2383 4751 non
2406 4696 2583 4750 scient
2609 4695 2894 4749 Dominum
2920 4693 3199 4759 Israelitaz,
3226 4694 3503 4766 abripien-

1911 4794 2109 4856 turque
2135 4787 2309 4855 magis
2334 4801 2432 4856 spe
2460 4786 2638 4841 inutili
2663 4794 2717 4843 et
2742 4786 3053 4857 insipienti,
3078 4787 3507 4844 existimabunt-

1911 4895 2016 4950 que
2041 4895 2101 4936 se
2126 4880 2370 4935 hostibus
2396 4888 2617 4949 propter
2641 4879 3044 4936 multitudinem
3076 4880 3310 4936 filiorum
3338 4897 3505 4952 supe—

1909 4974 2086 5028 riores
2110 4972 2249 5034 fore,
2274 4980 2327 5027 et
2356 4986 2415 5027 se
2445 4972 2775 5028 militaribus
2799 4972 2932 5029 viris
2958 4973 3256 5040 abundare,
3282 4982 3337 5030 et
3365 4975 3505 5030 hanc

1907 5065 1978 5121 ob
2016 5080 2235 5119 causam
2278 5080 2471 5120 manus
2511 5073 2614 5119 tua:
2650 5064 2868 5120 auxiliis
2905 5080 3011 5120 non
3047 5079 3243 5135 cgere,
3279 5067 3505 5122 omnino

1908 5173 1976 5212 ne
2013 5156 2227 5227 pariant
2264 5155 2519 5213 mulieres
2553 5155 2792 5223 illorum,
2825 5158 2932 5213 hoc
2965 5157 3109 5211 enim
3144 5166 3247 5219 est,
3285 5177 3303 5208 ι
3344 5157 3501 5211 vulva

1907 5249 2026 5304 sine
2054 5250 2260 5304 liberis.
2293 5268 2311 5301 ι
2343 5248 2495 5316 Quod
2527 5248 2573 5305 si
2606 5250 2940 5320 pepererint,
2968 5264 3035 5304 ne
3064 5249 3229 5314 alant,
3262 5249 3364 5304 hoc
3394 5262 3500 5313 est,

1903 5342 2263 5396 absumantur
2296 5352 2423 5396 ante
2462 5348 2696 5410 tempus,
2737 5349 2792 5395 et
2833 5342 3145 5411 priusquam
3190 5354 3361 5394 annos
3400 5356 3503 5405 pu-

1900 5430 2129 5487 bertatis
2158 5432 2422 5502 attingat,
2453 5432 2665 5488 occidat
2694 5447 2884 5504 genus.
2919 5431 3011 5487 Sic
3040 5432 3185 5487 enim
3220 5442 3500 5502 amputata

1903 5536 2011 5591 qua
2039 5523 2167 5577 hinc
2194 5532 2507 5579 tumescunt
2529 5522 2812 5593 superbia,
2842 5521 3002 5593 ιω
3028 5530 3081 5576 et
3107 5521 3319 5577 sublata
3344 5522 3501 5579 dein-

1903 5628 2033 5685 ceps
2060 5629 2155 5685 spe
2182 5615 2235 5671 in
2264 5614 2421 5687 cepia
2452 5615 2590 5673 bello
2618 5614 2935 5672 idoneorum
2962 5615 3224 5687 reposita,
3252 5620 3324 5675 ad
3348 5626 3499 5675 tuam

266 5768 316 5803 ⁷²
346 5771 507 5830 Rom.
539 5792 617 5839 τι,
650 5778 738 5843 IS,
770 5780 860 5837 M.
938 5783 986 5815 '"
1020 5783 1131 5840 Jer.
1168 5804 1259 5857 xv,
1291 5793 1377 5847 i7.
1454 5792 1543 5847 "I
1572 5792 1777 5863 Tim.v,

1984 5801 2030 5834 "
2055 5801 2154 5860 Job
2191 5819 2307 5873 ut,
2335 5804 2423 5858 III.

510 5868 786 5936 PATROL.
836 5876 956 5938 Gn.
1010 5880 1228 5945 LXXI.

3065 5910 3099 5968 8
