3982 6496
419 296 560 381 ’235

1519 328 1586 382 'S.
1629 327 1902 384 CYRILLI
1944 325 2418 384 ALEXANDRINI
2458 325 2778 386 ARClllEl’.

3563 329 3734 394 ’256

452 443 838 514 indulgentiam
872 445 1203 516 confugient,
1236 455 1291 500 et
1328 454 1378 502 te
1411 444 1748 503 Salvatorem
1782 450 2010 505 liberato

2137 451 2488 522 ἀνῃρημένης
2504 450 2600 522 τῆς
2621 451 2714 505 ἐπὶ
2731 449 2806 522 τῷ
2823 451 3014 524 πλήθει
3033 453 3137 507 τῶν
3155 455 3480 527 μαχομένων
3499 457 3729 525 ἐλπίδος,

453 553 676 606 remque
695 538 1062 592 vindicabunt.
1081 537 1204 592 Ιίιοο
1227 555 1386 606 porro
1413 554 1553 594 nunc
1574 541 1737 594 etiam
1763 555 1826 594 ex
1851 557 2034 595 amore

450 629 544 683 Dei
579 630 836 698 loquitur,
867 640 920 685 et
951 630 1113 685 simul
1146 631 1356 685 Domini
1391 631 1474 686 sui
1505 631 1753 701 gloriam,
1789 642 1842 686 et
1871 633 2035 688 Israe-

450 721 667 775 litarum
703 735 946 777 coactam
982 725 1391 778 conversionem
1427 723 1624 794 qumrit
1689 725 1732 778 si
1770 724 1940 792 ultro,
1979 736 2032 779 et

448 829 569 867 cum
602 813 756 868 bona:
777 815 1070 871 voluntatis
1094 816 1267 871 fructu
1294 817 1530 874 converti
1559 817 1748 873 nolint.

517 1094 686 1150 Vulva
714 1107 894 1150 autem
920 1096 1142 1164 sterilis,
1167 1105 1220 1151 et
1247 1097 1408 1150 ubera
1437 1097 1643 1150 arentia
1671 1095 2029 1166 spiritualiter

443 1189 609 1243 etiam
651 1190 992 1258 quadrabuut
1035 1189 1087 1242 in
1133 1187 1301 1242 malos
1345 1188 1647 1256 operarios,
1688 1197 1742 1241 et
1781 1188 2028 1257 quemvis

443 1293 740 1347 errantem,
773 1291 826 1337 et
859 1297 888 1335 a
925 1293 1072 1335 recta
1106 1281 1190 1334 via
1231 1289 1376 1334 recte
1410 1279 1616 1349 ingredi
1654 1278 1846 1334 solitos
1880 1293 2032 1333 aver-

443 1384 648 1428 tentem
677 1374 760 1446 (in
792 1373 924 1438 ﬁde,
949 1371 1231 1442 inquam),
1259 1381 1312 1427 et
1338 1374 1388 1426 in
1415 1372 1517 1425 viis
1541 1371 1653 1426 suis
1679 1372 1883 1428 directe
1909 1387 2028 1442 pro-

427 1467 713 1521 cedentes.
761 1465 908 1520 Nihil
957 1466 1101 1519 enim
1153 1463 1547 1539 ingenioipsis
1595 1464 1874 1534 pariente,
1927 1465 2026 1519 nisi

437 1573 745 1614 sermonem
778 1557 995 1622 falsum,
1027 1559 1128 1613 nisi
1167 1559 1444 1612 tlteorema
1477 1559 1744 1627 spurium,
1776 1573 1876 1612 nec
1903 1558 2029 1612 edu-

439 1652 683 1705 caverint
713 1651 766 1704 in
797 1651 1113 1706 seductione
1143 1649 1282 1705 ﬁlios
1311 1665 1459 1717 suos,
1501 1651 1797 1704 secundum
1832 1650 2027 1704 doctri-

422 1760 561 1798 'nam
608 1745 764 1812 dico;
812 1752 865 1798 et
886 1744 1036 1798 arida
1068 1743 1328 1798 habentes
1371 1742 1538 1798 ubera
1584 1742 1842 1798 Ecclesiae
1883 1742 2029 1797 mali-

435 1835 748 1906 gnantium,
781 1834 1129 1904 deceptorum
1165 1842 1366 1889 matres
1397 1833 1512 1889 fieri
1547 1843 1834 1903 nequeant.

507 2013 669 2068 Vens.
707 2011 797 2067 15.
830 2011 1024 2066 Omnes
1059 2011 1306 2082 nrquitim
1337 2027 1520 2065 eorum
1556 2011 1609 2065 in
1645 2008 1856 2080 Galgat,
1891 2013 2016 2082 quia

431 2105 504 2158 ibi
532 2103 620 2156 odi
646 2117 755 2167 eos,
786 2113 1002 2172 propter
1023 2101 1256 2155 malitias
1283 2101 1710 2156 adinventionum
1737 2117 1938 2156 eorum.
1972 2101 2019 2156 E

431 2196 586 2248 domo
617 2208 734 2246 mea
763 2193 974 2264 ejiciam
1006 2209 1114 2261 eos,
1145 2210 1247 2248 non
1279 2195 1472 2248 addam
1505 2194 1727 2264 diligere
1753 2211 1859 2250 eos.

504 2374 638 2432 CIX.
678 2374 876 2446 Incipit
918 2389 1136 2429 rursum
1186 2374 1560 2430 universorum
1605 2377 1746 2432 Deus
1784 2392 2006 2435 enume-

432 2485 555 2524 rare
585 2468 852 2534 crimina,
881 2479 935 2523 et
968 2467 1212 2522 meminit
1245 2466 1450 2536 Galgal.
1480 2467 1641 2524 Urbis
1674 2485 1868 2524 nomen
1902 2480 2012 2540 est,

430 2561 482 2614 in
512 2575 614 2630 qua
641 2560 994 2614 vehementer
1014 2559 1302 2628 imprimis,
1328 2569 1380 2613 et
1409 2560 1689 2614 infandum
1716 2563 1768 2615 in
1793 2564 2012 2619 modum

429 2651 798 2722 superstitiosi
821 2660 1119 2706 statuarum
1146 2651 1325 2706 cultus
1343 2652 1614 2721 vigebant.
1640 2653 1812 2710 Habet
1833 2666 2010 2711 autem

429 2744 570 2814 quod
609 2743 739 2798 dicit
782 2744 920 2798 lianc
960 2745 1304 2799 sententiam.
1344 2745 1624 2813 Flagitiosi
1667 2762 1772 2801 non
1812 2764 1920 2802 uno
1961 2751 2011 2804 in

423 2851 628 2908 genere
660 2836 920 2892 lsraelitae
955 2837 1191 2891 fuerunt.
1228 2836 1305 2891 Ac
1335 2838 1517 2892 videre
1556 2837 1700 2905 licet,
1732 2856 1892 2910 qttam
1933 2843 2015 2894 in-

427 2932 660 3000 signiter
685 2932 915 2998 improbi
942 2931 1143 2986 fuerint
1165 2934 1210 2988 si
1238 2931 1428 3004 Galgal
1450 2933 1672 3004 cogites.
1696 2934 1771 2989 lbi
1796 2950 2012 2991 omnem

427 3039 615 3079 eorum
643 3023 750 3078 vidi
782 3023 1100 3092 nequitiam,
1132 3023 1204 3081 ibi
1233 3025 1321 3080 odi
1349 3040 1464 3081 eos.
1489 3025 1604 3080 Non
1638 3028 1855 3096 quidem
1885 3044 2013 3098 pro-

425 3127 548 3188 pter
578 3116 786 3185 locum,
822 3123 966 3171 esset
999 3117 1141 3170 enim
1177 3116 1228 3170 id
1265 3115 1671 3186 imprudentiae;
1708 3119 1800 3174 sed
1835 3121 2012 3189 potius

428 3211 480 3264 in
511 3225 575 3264 eo
604 3217 918 3278 perpetrata
949 3216 1075 3262 ante
1105 3207 1291 3263 oculos
1319 3209 1680 3265 constituens.
1707 3210 1796 3264 Ait
1825 3211 2008 3281 igitur,

431 3298 747 3369 «Expellam
777 3313 873 3354 eos
900 3298 1061 3353 domo
1088 3314 1227 3367 mea,
1259 3317 1277 3350 ›
1306 3308 1360 3354 et
1387 3301 1585 3355 arcebo
1610 3302 1678 3356 ab
1705 3301 1844 3356 atrio
1869 3316 2008 3366 meo,

425 3403 481 3446 et
517 3391 886 3447 familiaritate
924 3407 1038 3446 mea
1077 3392 1383 3449 excludam.
1416 3393 1550 3447 Cum
1588 3403 1767 3448 autem
1804 3394 2010 3449 oderim

425 3485 546 3541 illos
568 3484 736 3555 juste,
765 3483 979 3539 instabo
1007 3484 1072 3540 de
1101 3492 1320 3552 caetero,
1353 3499 1451 3539 nec
1480 3485 1730 3539 mutabor
1755 3485 2009 3554 amplius,

426 3587 484 3631 ut
516 3577 674 3632 velim
710 3591 802 3632 eos
839 3591 1074 3642 unquam
1111 3574 1334 3644 diligere
1371 3574 1534 3629 tantis
1568 3574 1861 3630 sceleribus
1894 3575 2010 3629 alli-

425 3678 599 3740 gatos.
625 3667 888 3724 Occurret
917 3668 1133 3737 aliquis,
1165 3667 1359 3736 Opinor
1391 3683 1404 3718 :
1437 3665 1716 3732 Quomodo
1750 3667 1914 3736 igitur
1943 3681 2008 3721 ex

422 3761 644 3832 Assyria
678 3759 894 3814 reduxit
922 3774 1037 3824 eos,
1062 3767 1154 3811 aut
1183 3759 1450 3826 quomodo
1477 3772 1507 3811 e
1535 3759 1844 3827 captivitate
1874 3759 2004 3814 libe-

422 3853 604 3906 ravit?
634 3853 714 3906 An
748 3867 850 3906 non
887 3851 1069 3905 mitior
1096 3851 1292 3917 factus,
1323 3860 1377 3906 et
1411 3851 1758 3920 indulgentia,
1792 3861 1847 3906 et
1878 3853 2008 3906 eba-

420 3944 584 3998 ritate
613 3957 708 3996 eos
737 3942 990 4011 dignatus
1019 3940 1138 3995 est?
1169 3938 1284 3996 Non
1317 3943 1624 4010 negaverim
1655 3951 1708 3996 et
1737 3956 1836 4012 ego
1869 3943 2007 3997 istuc

421 4035 497 4089 ita
530 4048 670 4089 esse.
701 4031 1134 4088 Misericordiam
1170 4031 1314 4088 enim
1351 4047 1416 4087 ex
1456 4033 1785 4104 benignitate
1817 4048 2008 4087 conse-

419 4127 530 4182 cuti
554 4135 699 4192 sunt,
720 4125 821 4181 hoc
843 4126 895 4180 in
919 4123 1167 4181 confesso
1190 4136 1292 4181 est.
1314 4124 1419 4180 Sed
1446 4125 1500 4180 bi
1525 4125 1589 4180 de
1611 4125 1807 4195 quibus
1827 4140 2006 4180 sermo

417 4227 523 4283 est,
551 4215 805 4272 abierunt
835 4217 887 4270 in
916 4216 1310 4286 captivitatem,
1339 4226 1394 4271 et
1420 4216 1580 4286 longo
1612 4225 1734 4284 post
1765 4225 2007 4284 tempore

421 4311 474 4364 in
499 4322 659 4380 pmna
683 4310 848 4362 vitam
875 4308 1149 4363 ﬁnierunt.
1172 4308 1236 4362 Et
1257 4307 1712 4377 quemadmodum
1739 4321 1857 4360 cum
1882 4322 2006 4376 pro-

420 4402 658 4457 misisset
671 4416 764 4469 per
777 4399 994 4471 Moysen
1011 4401 1062 4455 iu
1077 4400 1309 4471 A‘ngpto
1324 4398 1599 4466 Israelitis,
1615 4399 1931 4452 educturum
1946 4415 2004 4454 se

2137 541 2236 612 τὴν
2268 543 2365 613 σὴν
2409 543 2850 613 ὑποδραμοῦνται
2896 543 3083 612 φειδὼ,
3121 546 3215 598 καί
3248 564 3306 598 σε
3350 547 3578 620 Σωτῆρα
3641 554 3736 604 καὶ

2135 631 2415 705 λυτρωτὴν
2447 634 2865 706 ὲπιγράῲονται.
2910 637 3005 689 Ἐκ
3038 635 3313 705 φιλοθεῒας
3343 639 3399 692 δὲ
3439 641 3507 694 τὰ
3553 644 3733 697 τοιάδε

2135 725 2230 778 καὶ
2265 725 2362 778 νῦν
2405 725 2432 777 ὁ
2463 727 2748 797 προφήτης
2776 726 2962 798 φησίν.
3003 728 3094 781 Ἐν
3129 728 3314 799 ταυτῷ
3347 729 3401 782 δὲ
3443 729 3598 802 ζητεῖ
3638 734 3734 786 καὶ

2139 815 2234 868 τοῦ
2281 816 2421 870 ἰδίου
2470 817 2742 871 Δεσπότου
2781 818 2880 890 τὴν
2913 817 3088 886 δόξαν,
3114 819 3344 874 καὶτῶν
3387 822 3445 888 ἐξ
3499 824 3732 894 αἵματος

2148 908 2386 980 Ἰσραὴλ,
2418 908 2516 980 τὴν
2543 910 2618 974 ὡς
2640 910 2698 976 ἐξ
2731 910 2981 982 ἀνάγκης
3012 913 3370 986 ἐπιστροφὴν,
3399 917 3448 968 εἰ
3490 915 3566 987 μὴ
3595 935 3731 988 προ-

2133 998 2400 1068 αιρέσεως
2429 1001 2642 1071 ἀγαθῆς
2672 1000 2855 1072 ἔχουσι
2881 1001 2942 1054 τὸ
2971 1003 3162 1074 χρῆμα
3196 1005 3428 1074 καρπόν.

2219 1090 2540 1144 Ἀτεκνοῦσα
2581 1091 2638 1145 δὲ
2686 1093 2890 1164 μήτρα,
2955 1095 3049 1148 καὶ
3105 1097 3300 1166 μαστοὶ
3360 1095 3533 1170 ξηροὶ,
3586 1080 3726 1171 πρέ-

2137 1199 2290 1234 ποιεν
2317 1181 2385 1235 ἂν
2408 1182 2616 1251 νοητῶς
2646 1184 2741 1237 καὶ
2766 1186 2880 1248 τοῖς
2927 1185 3036 1239 τῶν
3073 1187 3292 1255 φαύλων
3321 1190 3601 1260 ἐργάταις,
3631 1192 3728 1244 καὶ

2133 1271 2297 1324 παντὶ
2339 1269 2633 1337 πλανῶντι,
2685 1274 2779 1326 καὶ
2827 1273 3157 1346 ἀποφέροντι
3206 1276 3306 1347 τῆς
3352 1279 3570 1344 εὐθείας
3602 1279 3725 1334 όδοῦ

2130 1364 2254 1426 τοὺς
2309 1363 2622 1434 ὀρθοποδεῖν
2663 1367 2946 1432 εἰωθότας,
2993 1369 3052 1420 ὲν
3083 1369 3263 1423 πίστει
3315 1371 3400 1443 δὴ,
3435 1371 3597 1441 λέγω,
3629 1374 3728 1426 καὶ

2130 1453 2563 1519 κατευθύνοντας
2593 1457 2650 1510 ὲν
2673 1459 2792 1521 ταῖς
2811 1458 2953 1523 ὁδοῖς
2981 1459 3180 1514 αὐτῶν.
3205 1461 3371 1515 Οὐδὲν
3405 1461 3511 1534 γὰρ
3541 1464 3728 1528 αὐτοῖς

2127 1546 2419 1619 τικτούσης
2451 1549 2550 1620 τῆς
2578 1550 2836 1618 διανοίας,
2867 1553 2929 1605 ού
2958 1553 3117 1622 λόγον
3146 1553 3336 1626 ψευδῆ,
3367 1555 3426 1607 ού
3461 1555 3728 1628 θεώρημα

2129 1639 2300 1707 νόθον,
2339 1641 2450 1694 οὐδ’
2481 1641 2548 1695 ἂν
2591 1641 2913 1714 ἐκθρέψειαν
2960 1646 3018 1698 ὲν
3060 1644 3235 1717 πλάνῃ
3283 1646 3353 1700 τὰ
3382 1647 3489 1700 ἴδια
3533 1648 3723 1713 τέκνα,

2128 1731 2196 1785 τὰ
2230 1731 2374 1786 κατὰ
2401 1733 2637 1804 μάθησιν
2666 1733 2831 1802 λέγω,
2861 1737 2956 1789 καὶ
2988 1737 3184 1808 ξηροὺς
3213 1737 3432 1808 ἔχουσαι
3459 1740 3586 1803 τοὺς
3619 1758 3728 1811 μα-

2048 1834 2092 1890 B
2123 1823 2281 1883 amb;
2331 1824 2392 1874 αἰ
2433 1821 2543 1874 τῶν
2589 1826 3044 1896 πονηρευομένων
3105 1827 3446 1899 Ἐκκλησίαι,
3499 1831 3600 1883 οὐκ
3653 1832 3722 1884 ἂν

2121 1911 2360 1980 γένοιντο
2395 1912 2633 1984 μητέρες
2657 1915 2775 1986 ¹τῶν
2809 1917 3202 1988 ἠπατημένων.

2189 2001 2389 2058 Πᾶσαι
2441 2008 2501 2058 αι
2547 2007 2748 2060 κακίαι
2778 2007 2979 2061 αὐτῶν
3029 2010 3100 2063 ἐν
3150 2011 3421 2079 Palpitat,
3465 2012 3557 2066 ὅτι
3595 2013 3726 2067 ἐκεῖ

2119 2095 2385 2162 ἐμίσησα
2414 2097 2657 2165 αὐτοὺς,
2693 2098 2794 2153 διὰ
2839 2099 2947 2165 τὰς
2986 2101 3201 2167 κακίας
3245 2101 3366 2156 τῶν
3408 2105 3724 2172 ἐπιτηδευ-

2112 2185 2339 2255 μάτων.
2378 2188 2479 2242 Ἐκ
2507 2190 2614 2244 τοῦ
2639 2191 2809 2244 οἴκου
2835 2211 2957 2262 μου
2985 2193 3223 2248 ἐκϐαλῶ
3250 2196 3493 2264 αὐτοὺς,
3530 2201 3603 2253 οὺ
3625 2203 3720 2269 μὴ

2119 2280 2451 2349 προσθήσω
2479 2281 2791 2352 ἀγαπῆσαι
2825 2286 3070 2352 αὐτούς.

2195 2373 2312 2428 ΡΘ.
2359 2376 2619 2446 Ἀρχεται
2652 2377 2814 2431 πάλιν
2844 2379 2872 2430 ὁ
2898 2378 3007 2433 τῶν
3051 2379 3186 2434 ὅλων
3217 2381 3348 2445 Θεὸς
3379 2383 3723 2455 ἀπαριθμεῖ-

2121 2461 2242 2515 σθαι
2287 2464 2355 2518 τὰ
2400 2465 2740 2537 ἐγκλήματα,
2785 2469 2879 2522 καὶ
2919 2469 3291 2542 διαμέμνηται
3339 2473 3436 2543 τῆς
3476 2473 3720 2540 Γαλγάλ.

2119 2551 2282 2616 Πόλις
2313 2553 2370 2606 δὲ
2399 2553 2561 2626 αὕτη,
2605 2556 2727 2610 καθ’
2759 2558 2826 2628 ἢν
2857 2559 2938 2611 ὃτι
2976 2559 3214 2628 μάλιστα
3243 2560 3432 2624 δεινῶς
3485 2562 3579 2615 καὶ
3624 2563 3726 2615 ὲκο

2117 2645 2296 2707 τόπως
2333 2644 2697 2716 ὲθρησκεύετο
2741 2648 2810 2702 τὰ
2837 2651 3200 2722 χειρόκμητα.
3249 2653 3408 2706 Ἔστι
3433 2652 3488 2706 δὲ
3527 2654 3556 2706 ὃ
3580 2671 3724 2724 φησι

2115 2737 2358 2793 τοιοῦτόν
2384 2735 2444 2792 ’τι
2475 2740 2658 2794 πάλιν.
2702 2741 2954 2814 Βδελυροὶ
3005 2743 3105 2815 μὲν
3150 2745 3260 2816 γὰρ
3308 2744 3450 2800 κατά
3483 2746 3725 2812 πολλοὺς

2117 2829 2352 2901 τρόπους
2379 2833 2426 2884 οἰ
2471 2835 2528 2900 ἐξ
2568 2835 2809 2906 Ἰσραήλ.
2849 2836 2977 2890 Ἴδοι
3016 2837 3060 2890 δ’
3089 2839 3154 2894 ἄν
3203 2857 3288 2903 τις
3334 2840 3439 2910 τῆς
3486 2841 3724 2911 ἐνούσης

2117 2923 2300 2987 αὐτοῖς
2347 2925 2682 2997 φαυλότητος
2729 2927 2829 2999 τὴν
2877 2929 3206 3002 ὑπερϐολὴν,
3253 2933 3582 3004 ὲννενοηκὼς
3611 2934 3724 3004 τὴν

2117 3012 2328 3083 Γαλγάλ
2359 3013 2541 3068 ,Ἐκεῖ
2583 3019 2763 3071 πᾶσαν
2805 3019 2985 3072 αὐτῶν
3036 3019 3301 3091 τεθέαμαι
3348 3023 3448 3094 τὴν
3492 3023 3717 3085 κακίαν,

2117 3104 2236 3158 ἐκεῖ
2273 3106 2554 3178 μεμίσηκα
2585 3109 2801 3173 αύτούς.
2835 3112 2908 3164 Oti
2952 3112 3040 3166 διά
3071 3129 3136 3181 γε
3167 3113 3258 3167 τὸν
3292 3114 3475 3182 τόπον,
3517 3116 3722 3188 εὔηθες

2039 3176 2080 3234 C
2114 3196 2242 3267 γὰρ,
2294 3176 2649 3270 καθεστηκὼς
2686 3201 2743 3255 δὲ
2793 3203 2994 3273 μᾶλλον
3026 3176 3096 3257 τά
3141 3205 3199 3258 ὲν
3233 3205 3383 3276 αὐτῷ
3426 3176 3716 3276 γεγονότα.

2114 3290 2428 3361 Τοιγάρτοι,
2487 3294 2677 3363 φησὶν,
2708 3293 2928 3360 ἐξοικιῶ
2983 3297 3085 3367 μὲν
3135 3298 3356 3363 αὐτοὺς,
3389 3300 3484 3352 καὶ
3537 3300 3720 3372 αὐλῆς

2113 3383 2442 3454 ἀποσοϐήσω
2469 3385 2570 3456 τῆς
2607 3387 2766 3459 ἐμῆς,
2810 3390 2905 3441 καὶ
2946 3391 3282 3462 οἰκειότητος
3310 3391 3544 3446 ἐκϐαλῶ.
3593 3394 3720 3446 Με-

2117 3476 2366 3548 μισηκὼς
2390 3477 2447 3531 δὲ
2470 3478 2717 3545 δικαίως,
2765 3483 3098 3553 ὲνστήσομαί
3128 3500 3190 3536 τε
3232 3483 3439 3549 λοιπὸν,
3476 3485 3571 3538 καὶ
3602 3487 3716 3540 οὐκ

2113 3567 2178 3622 ἂν
2233 3568 2571 3640 μεταθοίμην
2614 3569 2695 3624 ἔτι
2747 3572 2886 3643 πρὸς
2933 3573 2993 3626 τὸ
3040 3575 3268 3646 ἀγαπᾷν
3316 3575 3532 3630 ἑλέσθαι
3577 3578 3720 3632 ποτὲ

2109 3661 2236 3724 τοὺς
2282 3660 2353 3714 τὰ
2401 3663 2582 3716 τοιάδε
2613 3663 3361 3736 πεπλημμεληκότας.Ἀλλ’,
3396 3663 3571 3738 οἶμαι,
3625 3671 3722 3734 τὶς

2109 3754 2259 3823 ἐρεῖο
2297 3752 2444 3820 Πῶς,
2469 3749 2561 3807 οὖν
2599 3755 2924 3826 ἀνεκόμισεν
2963 3757 3044 3820 εἰς
3069 3757 3168 3829 τὴν
3224 3758 3484 3812 Ἰουδαίαν
3515 3759 3579 3812 ἐκ
3608 3760 3722 3832 τῆς

2122 3845 2424 3916 Ἀσσυρίων
2450 3845 2668 3910 αὐτοὺς,
2697 3847 2730 3916 ἢ
2785 3848 2901 3911 πῶς
2935 3848 3108 3920 ἀνῆκε
3146 3850 3248 3919 τῆς
3287 3851 3719 3921 αἰχμαλωσίας;

2108 3930 2380 4006 τΔρόύχὶ
2431 3937 2884 4009 μετατεθειμένος
2937 3942 3017 4004 εἰς
3065 3942 3404 4013 ἡμερότητα,
3456 3943 3550 3996 καὶ
3581 3961 3718 4012 φει-

2108 4026 2253 4090 δοῦς,
2306 4030 2400 4082 καὶ
2451 4029 2673 4100 ἀγάπης
2718 4029 2959 4095 ἀξιώσας
3004 4032 3237 4098 αύτούς;
3296 4034 3403 4087 Ναὶ
3438 4035 3606 4105 φαίην
3642 4037 3723 4091 ἂν

2108 4118 2283 4188 ἀληθῆ
2332 4121 2423 4172 καὶ
2449 4120 2611 4184 αὐτὸς
2651 4121 2744 4174 τὸν
2787 4122 2965 4191 λόγον.
3006 4125 3292 4196 Ἠλέηνται
3333 4125 3442 4197 γὰρ
3476 4125 3536 4191 ἐξ
3567 4129 3721 4199 ἡμε-

2112 4207 2352 4277 ρότητος,
2377 4207 2844 4280 ὁμολογουμένως.
2888 4212 3029 4265 Ἀλλ’
3073 4213 3189 4282 οἶγε
3226 4214 3348 4267 καθ’
3372 4208 3447 4268 ὧν
3474 4217 3502 4268 ό
3545 4215 3718 4285 λόγος

2108 4301 2391 4372 ὰπῴχοντο
2448 4303 2546 4372 μὲν
2597 4303 2672 4366 εἰς
2727 4304 3128 4374 αἰχμαλωσίαν,
3181 4307 3476 4378 τεθνήκασι
3523 4309 3582 4362 δὲ
3639 4313 3713 4382 τῇ

2105 4387 2268 4459 δίκῃ,
2321 4388 2514 4459 χρόνου
2567 4390 2776 4463 μαχροῦ
2842 4393 3280 4460 διῖππεύσαντος.
3337 4397 3447 4450 Καὶ
3509 4397 3716 4471 ὥσπερ

420 4489 1997 4561 οιηηοείηιοτινθιιι,ῳιειιιιῙυτοεεειρεινὶἰιυεεοτυω,14],
2033 4480 2472 4577 οὲτςηηίέλλςᾜο
2523 4483 3026 4577 μὲγᾷδιὰγΜωσέως
3083 4488 3224 4541 ἰατά
3271 4489 3369 4559 τὴν
3422 4490 3714 4558 Αἴγυπτον

421 4579 637 4649 quidam
669 4589 845 4633 tamen
878 4580 1026 4650 impii
1057 4595 1180 4635 sese
1209 4577 1435 4634 rebelles
1465 4579 1830 4647 prazbuerunt,
1864 4596 2002 4648 quo-

2105 4575 2216 4636 τοῖς
2241 4573 2475 4644 Ἰσραὴλ,
2501 4574 2736 4640 εἰσάξειν
2759 4575 3006 4640 ἅπαντας
3027 4579 3108 4640 εἰς
3131 4579 3230 4649 τὴν
3257 4579 3381 4649 γῆν,
3419 4581 3485 4650 ἧν
3511 4579 3712 4651 ὤμοσε

422 4685 541 4726 rum
572 4672 732 4726 etiam
762 4687 992 4742 corpora
1025 4672 1077 4725 in
1106 4671 1396 4726 solitudine
1421 4671 1756 4734 ceciderunt,
1779 4681 1834 4726 et
1861 4682 2002 4728 terra

2123 4667 2213 4729 τοῖς
2243 4666 2514 4736 πατράσιν
2536 4667 2738 4731 αὐτῶν,
2769 4668 2870 4721 οὐκ
2898 4668 3178 4740 ἠσέϐησαν
3204 4670 3260 4723 δὲ
3294 4671 3713 4744 άπειθήσαντές

423 4763 660 4830 ipsorum
700 4762 826 4818 ﬁliis
862 4765 1040 4833 potius
1077 4775 1222 4818 sorte
1257 4763 1542 4817 distributa
1579 4773 1689 4831 est;
1725 4765 1804 4818 sic
1836 4765 2000 4820 etiam

2123 4775 2263 4826 ςινες,
2305 4751 2380 4811 ὧν
2430 4759 2527 4814 καὶ
2574 4759 2643 4812 τὰ
2695 4759 2847 4814 κῶλα
2895 4760 3088 4814 ἔπεσον
3118 4763 3175 4813 ὲν
3207 4765 3273 4832 τῇ
3311 4763 3522 4834 ἐρήμῳ,
3566 4783 3714 4820 κατ-

421 4853 509 4907 hic
533 4855 826 4925 intelliges.
850 4854 1046 4910 Mortui
1074 4863 1202 4908 sunt
1225 4855 1367 4908 enim
1393 4855 1460 4911 de
1479 4855 1675 4926 quibus
1700 4855 1998 4926 loquimur;

419 4947 622 5001 reversi
666 4956 796 5002 sunt
843 4954 1024 5000 autem
1067 4945 1285 5014 quidam
1330 4946 1620 5016 aliquando
1665 4948 1717 5002 iu
1759 4948 1998 5003 Judaeam

417 5036 560 5105 Cyro
601 5038 816 5093 tandem
862 5037 1197 5103 demittente,
1240 5038 1326 5091 ubi
1372 5054 1571 5093 annum
1617 5040 1670 5094 in
1714 5041 1998 5111 peregrina

421 5127 610 5183 tellure
635 5128 1094 5198 septuagesimum
1124 5129 1540 5198 complevisseut
1562 5131 1627 5184 ⁷⁸.

1564 5225 1622 5235 ’—

491 5385 790 5454 Ejicientur
821 5395 998 5440 autem
1045 5403 1074 5442 e
1119 5389 1277 5443 domo
1309 5389 1422 5454 Dei,
1472 5391 1554 5447 vel
1603 5393 1786 5461 p0tius
1833 5393 1990 5463 ejecti

419 5486 565 5542 sunt,
599 5476 764 5530 etiam
807 5479 898 5546 qui
942 5490 1129 5535 contra
1165 5482 1436 5536 Christum
1487 5485 1726 5555 indigna,
1784 5495 1841 5542 et
1872 5501 1992 5556 qua:

419 5565 600 5619 verbis
627 5565 856 5633 exprimi
907 5570 1041 5624 satis
1093 5587 1195 5626 non
1251 5583 1496 5642 possunt,
1545 5575 1706 5646 impia
1747 5575 1990 5632 facinora

491 5742 537 5778 "
567 5743 588 5796 Ι
616 5743 772 5801 Esdr.
804 5764 845 5816 ι,
879 5751 1096 5819 passim.

2099 4849 2499 4921 εκληροδοτήθη
2531 4851 2588 4903 δὲ
2622 4851 2878 4924 μᾶλλονή
2909 4853 2979 4924 γῆ
3010 4855 3122 4917 τοῖς
3154 4855 3212 4921 ἐξ
3255 4855 3433 4908 αὐτῶν
3472 4859 3712 4926 γεγονό-

2108 4959 2190 4995 σιν
2211 4957 2225 4972 ⁶
2255 4940 2398 4995 οὕτω
2433 4941 2665 4996 κάνθάδε
2695 4947 2931 5015 νοήσεις.
2971 4944 3401 5016 Τετελευτήκασι
3448 4948 3547 5018 μὲν
3584 4949 3712 5021 γὰρ

2104 5035 2152 5087 οἰ
2183 5033 2304 5088 καθ’
2337 5027 2414 5087 ὧν
2452 5036 2480 5087 ὁ
2509 5034 2687 5104 λόγος,
2724 5037 3096 5109 ὑπενόστησαν
3134 5038 3190 5091 δὲ
3218 5039 3359 5091 κατὰ
3392 5043 3623 5111 καιροὺς
3654 5045 3710 5096 οἱ

2103 5124 2160 5190 ἐξ
2191 5124 2368 5177 αὐτῶν
2399 5127 2477 5189 εἰς
2503 5128 2600 5198 τὴν
2641 5128 3111 5199 ’[ουδαίαν,Κύρου
3148 5131 3300 5200 μόλις
3339 5131 3576 5196 ἀνέντος,
3604 5135 3710 5189 ὅτε

2101 5215 2162 5268 τὸ
2184 5215 2578 5287 ἑϐδομηκοστὸν
2600 5218 2716 5283 ἔτος
2744 5222 2924 5285 αὐτοῖς
2953 5223 3299 5293 πεπλήρωτο,
3325 5223 3711 5294 διατρίϐουσιν

2105 5305 2374 5378 ἀλλοδαπῇ
2387 5350 2397 5362 .

2175 5396 2641 5468 Ἐκδληθήσονται
2667 5399 2724 5452 δὲ
2748 5398 2843 5452 τοῦ
2883 5399 3032 5454 οἴκου
3064 5402 3157 5455 τοῦ
3185 5404 3345 5467 Θεοῦ,
3394 5406 3596 5476 μᾶλλον
3637 5408 3706 5461 δὲ

2101 5487 2196 5540 καὶ
2225 5487 2602 5558 ἑκϐέΰληνται,
2643 5490 2738 5544 καὶ
2770 5492 2818 5542 οἰ
2851 5493 2993 5546 κατὰ
3037 5495 3275 5566 Χριστοῦ
3315 5497 3706 5568 τολμήσαντες

2099 5577 2168 5631 τὰ
2209 5578 2376 5646 δεινὰ,
2409 5580 2502 5634 καὶ
2537 5583 2678 5651 πέρα
2720 5581 2879 5650 λόγον
2907 5585 3106 5648 παντὸς
3149 5585 3558 5658 δυσσεϐήματα,
3588 5589 3710 5644 καὶ
