3982 6496
252 373 346 430 257

1165 362 1727 425 .COMMENTARlUS
1763 362 1829 416 lN
1871 362 2106 419 OSEAM
2149 359 2594 418 PROPHETAM.

3425 349 3531 405 238

251 490 294 541 οε
343 482 538 555 πικρὰν
593 479 690 535 καὶ
737 477 1098 550 παλίμφημον
1134 478 1222 530 ἐπ’
1255 479 1405 549 αὐτῷ
1438 478 1535 550 τὴν
1583 479 1831 547 γλῶτταν

1956 480 2056 534 ιιιεί
2084 489 2232 543 sunt,
2259 478 2351 547 qui
2393 489 2638 530 amaram
2671 481 2727 527 et
2765 469 3153 526 detractoriam
3200 468 3442 537 linguam
3479 469 3535 522 iu

249 580 475 641 ἀνέντες,
515 572 854 645 ὑπομενοῦσι
900 571 958 625 δὲ
993 571 1087 626 καὶ
1129 571 1484 643 ἀμεταθέτως
1514 572 1614 643 τὴν
1644 572 1838 644 ὀργήν.

249 674 318 726 Οὐ
350 669 458 740 γὰρ
483 667 566 731 είς
603 667 700 721 ἕνα
733 665 843 720 τῶν
873 663 1195 736 προφητῶν,
1241 664 1359 717 ἀλλ’
1398 666 1478 727 εἰς
1530 664 1694 718 αὑτὸν
1744 681 1843 717 πε-

252 761 658 834 παροινηκότες,
698 757 1017 812 ἁλίσκονται
1046 756 1138 811 τὸν
1156 756 1265 810 τῶν
1297 755 1600 830 προφητῶν
1630 757 1840 809 Δεσπό-

245 875 357 929 την.
386 853 778 924 Σεσιγημένων
809 850 874 922 δὴ
907 844 1000 904 οὖν
1045 850 1156 904 τῶν
1199 849 1402 922 ἑτέρων
1433 849 1844 920 πλημμελημά-

246 969 367 1013 των,
407 949 444 1004 ἃ
495 946 796 1018 δεδράκασι
831 944 972 999 κατά
1006 945 1148 1012 σφᾶς
1179 944 1399 1008 αὐτοὺς,
1440 945 1622 998 πᾶσαν
1659 942 1725 996 ἄν
1757 959 1842 1007 τις

246 1041 413 1097 αὐτῶν
473 1040 575 1111 τὴν
633 1037 835 1091 κακίαν
890 1036 988 1090 ἴδοι
1043 1037 1136 1090 καὶ
1191 1034 1290 1106 τὴν
1341 1035 1442 1104 τῆς
1506 1033 1844 1105 φαυλότητος

247 1132 570 1205 ὑπερϐολὴν,
593 1130 688 1184 καὶ
713 1129 789 1192 ὡς
811 1128 868 1184 ἓν
892 1146 956 1198 γε
983 1129 1048 1199 δὴ
1078 1129 1262 1200 μόνοις
1291 1130 1403 1191 τοῖς
1430 1127 1571 1182 κατὰ
1600 1125 1842 1198 Χριστοῦ

1950 571 2126 640 ipsum
2171 579 2572 632 exscruerunt,
2611 563 2985 633 subibuntque
3032 562 3170 616 iram
3223 559 3538 615 imtnutabio

1947 662 2076 716 lem.
2136 660 2250 715 Non
2303 660 2448 714 enim
2492 658 2543 712 in
2578 656 2966 726 prophetarum
3026 652 3285 720 aliquem,
3335 650 3431 705 sed
3485 651 3540 704 in

1950 755 2126 824 ipsum
2165 753 2555 821 prophetarum
2594 749 2884 804 Dominum
2909 746 3233 802 debaccltati
3259 744 3540 798 inveniun-

1950 858 2058 900 tur.
2108 844 2339 900 Silentia
2401 845 2564 914 igitur
2591 842 2884 913 praeteritis
2907 854 3264 910 quaecumque
3289 851 3540 892 seorsum

1958 945 2222 1008 prmterea
2269 937 2592 1001 amiserunt,
2650 949 2866 989 onmem
2899 947 3089 987 eorum
3121 931 3454 1001 nequitiam,
3486 938 3543 984 et

1962 1030 2249 1102 pravitatis
2281 1029 2708 1100 magnitudinem
2734 1027 3138 1097 quodammodo
3165 1025 3218 1079 in
3253 1023 3384 1079 solis
3407 1039 3543 1078 con-

1955 1133 2037 1177 tra
2078 1123 2356 1178 Christum
2402 1122 2672 1192 susceptis
2714 1118 3047 1175 facinoribus
3097 1119 3285 1187 videre
3338 1116 3538 1188 possis.

246 1226 543 1297 γεγονόσιν.

2025 1344 2182 1401 Vens.
2221 1342 2306 1408 16,
2335 1345 2419 1400 l7.
2449 1343 2642 1399 Omnes
2667 1344 2928 1414 principes
2962 1359 3141 1398 eorum
3168 1341 3542 1397 iuobedientes.

1946 1439 2126 1494 Doluit
2159 1438 2412 1507 Ephraim
2451 1439 2652 1492 radices
2672 1454 2819 1502 suas,
2842 1438 3071 1500 exaruit,
3095 1435 3328 1504 fructum
3351 1451 3547 1503 nequa-

1945 1549 2103 1602 quam
2130 1531 2270 1586 ultro
2289 1529 2439 1601 feret.
2467 1530 2608 1596 Quia
2621 1531 2666 1585 si
2688 1531 2984 1600 genuerint,
3003 1529 3316 1598 interﬁciunt
3342 1528 3546 1581 deside-

1946 1627 2026 1677 ria
2082 1625 2220 1677 uteri
2263 1640 2468 1678 eorum.
2505 1621 2731 1692 Repellet
2769 1640 2854 1677 eos
2892 1621 3050 1688 Deus,
3082 1622 3205 1692 quia
3230 1638 3331 1676 non
3361 1620 3546 1674 audie-

1946 1724 2066 1770 runt
2110 1731 2250 1781 eum,
2286 1725 2334 1770 et
2369 1723 2521 1768 erunt
2579 1715 2696 1784 vagi
2736 1715 2788 1768 in
2843 1715 3100 1784 gentibus.

310 1362 541 1429 Πάντες
574 1364 631 1417 οι
665 1361 960 1432 ἄρχοντες
995 1358 1196 1414 αὐτῶν
1225 1359 1636 1425 ἀπειθοῦντες.
1682 1361 1844 1414 Ἐπόο

245 1472 419 1512 rever
465 1456 724 1525 Ἕφρατμ
749 1455 858 1520 τὰς
878 1451 1048 1523 ῥίζας
1090 1452 1300 1517 αὑτοῦ,
1341 1452 1670 1521 ἐξηράνθη,
1701 1471 1841 1528 καρ-

246 1549 355 1602 πὸν
372 1548 488 1602 οὐκ
513 1549 604 1602 ἐτι
621 1546 709 1616 μὴ
731 1545 972 1617 ἐνέγκῃ.
994 1547 1148 1599 Διότι
1179 1545 1280 1598 καὶ
1297 1544 1407 1599 ἐὰν
1433 1545 1838 1614 γεννήσωσιν,

247 1637 552 1693 ἀποκτενῶ
583 1637 660 1691 τὰ
694 1635 1117 1706 ἐπιθὺμήματα
1152 1634 1387 1699 κοιλίας
1437 1631 1657 1688 αὐτῶν.
1704 1634 1842 1687 Ἀπ-

244 1729 702 1798 ὠο-εττῑιοαὺτοὺς
726 1733 757 1784 ὁ
783 1729 950 1796 Θεὸς,
973 1729 1063 1783 ὅτι
1083 1730 1195 1784 οὐκ
1225 1726 1605 1795 εἰσήκουσαν
1631 1727 1840 1792 αὐτοῦ,

245 1823 333 1878 καὶ
361 1823 616 1878 ἔσονται
658 1820 967 1890 πλανῆται
997 1821 1066 1875 ἐν
1095 1820 1222 1888 τοῖς
1252 1820 1516 1876 ἔθνεσιν.
1878 1900 1919 1954 Β

306 1958 406 2013 PI'.
451 1957 664 2012 Οὐδένα
710 1956 972 2029 χρηστὸν,
1025 1957 1198 2028 ἤγουν
1228 1955 1457 2028 εὐπειθῆ
1499 1957 1594 2010 καὶ
1631 1957 1844 2030 εὐήνιον

243 2050 295 2102 ὲν
319 2049 512 2112 αὐτοῖς
544 2047 824 2120 ηὑρῆσθαε
855 2064 1044 2118 φησιν,
1074 2046 1134 2100 οὐ
1171 2046 1387 2119 μικρὸν,
1420 2047 1480 2100 οὐ
1521 2047 1720 2118 μέγαν,
1748 2049 1847 2120 οὐχ

243 2139 568 2212 ἡγούμενον,
617 2141 679 2193 οὐ
733 2139 826 2193 τὸν
865 2137 972 2192 ὑπὸ
1028 2139 1188 2210 χεῖρα
1265 2138 1361 2191 καὶ
1415 2136 1841 2209 ὑπεζευγμένον.

244 2232 511 2304 Ταύτῃτοι
536 2231 633 2286 καὶ
669 2231 782 2286 δεῖν
807 2229 1108 2285 ἀπολέσθαι
1138 2229 1442 2294 παντελῶς,
1475 2230 1633 2302 ῥίζης
1657 2230 1848 2302 ὥσπερ

244 2326 403 2396 αὐτῆς
443 2323 952 2396 ἐκὸεὸοθρευμένον
980 2323 1394 2395 διῖσχυρίζεται,
1435 2325 1493 2376 ἐν
1534 2323 1634 2394 ῐσῳ
1662 2340 1721 2376 τε
1755 2341 1849 2393 γε·

243 2419 452 2487 γονέναι
480 2416 677 2471 λοιπὸν
711 2419 825 2482 τοῖς
858 2415 1235 2486 ἀναινομένοις
1270 2417 1361 2470 καὶ
1393 2416 1700 2488 πεπληγόσι
1738 2416 1847 2471 τῶν

245 2508 426 2573 ξύλων.
467 2509 537 2561 Ἃ
560 2507 658 2561 καὶ
692 2506 866 2578 μόνης
898 2505 1070 2558 δεῖται
1100 2506 1296 2576 τομῆς,
1325 2506 1632 2576 ἀναφανδὸν
1655 2506 1846 2581 ὥσπερ

242 2599 609 2670 ὁμολογοῦντα
659 2599 758 2671 τὴν
810 2598 1112 2670 ἀκαρπίαν.
1150 2598 1273 2652 ’Ότι
1317 2599 1373 2652 δὲ
1418 2600 1530 2664 τοῖς
1574 2599 1846 2671 ἀκάρποις

238 2691 410 2758 ξύλοις
440 2695 541 2748 καὶ
569 2690 968 2762 ἁποκείρεσῦαι
1005 2690 1233 2762 πρέπει.
1271 2692 1366 2745 καὶ
1411 2692 1572 2756 αὐτὸς
1609 2692 1847 2757 ἐδίδαξεν

241 2790 267 2836 ὸ
297 2787 514 2857 Σωτὴρ,
545 2786 645 2854 τὴν
681 2782 896 2854 καρπὸν
925 2783 1025 2836 οὐκ
1053 2782 1282 2852 ἔχουσαν
1309 2783 1482 2854 συκῆν
1515 2783 1590 2846 ὡς
1625 2784 1684 2836 ἐν
1717 2783 1847 2838 εἴδει

239 2878 331 2950 τῆς
363 2875 652 2931 Ἰουδαίων
712 2876 1048 2946 Συναγωγῆς
1101 2874 1467 2928 ὲκκόπτεσθαι
1520 2877 1845 2932 ἐπιτάττων.

245 2989 263 3022 ι
299 2970 415 3023 Ἵνα
447 2967 502 3021 τί
526 2968 658 3038 γὰρ,
690 2967 847 3038 φησὶ,
872 2967 965 3020 καὶ
987 2967 1087 3036 τὴν
1108 2966 1210 3036 γῆν
1241 2967 1548 3037 καταργεῖ;
1587 2984 1605 3018 ι
1641 2967 1850 3038 Ἀκαρ-

243 3080 335 3126 πος
362 3061 427 3116 δὴ
463 3057 561 3114 οὖν
595 3058 844 3131 εὑρεθεὶς
869 3060 897 3112 ὁ
937 3057 1177 3130 Ἰσραὴλ,
1214 3059 1402 3130 φησὶν,
1432 3059 1755 3114 ὲκκόπτοιτο
1783 3059 1850 3115 ἂν

240 3154 488 3217 εἰκότωςο
557 3151 619 3205 οὐ
667 3150 780 3222 γὰρ
827 3149 1053 3204 ἐκδώσει
1107 3150 1340 3218 καρπόν.
1411 3150 1572 3205 Ἀλλά
1619 3151 1724 3206 κᾶν
1771 3153 1853 3216 εἰς

244 3247 395 3300 τοῦτο
423 3244 670 3315 γένοιτο,
693 3242 883 3314 φησὶν,
904 3242 1089 3296 ἀπολῶ
1111 3243 1178 3297 τὰ
1203 3243 1262 3308 ἐξ
1292 3242 1472 3296 αὐτῶν
1507 3242 1844 3315 γεννώμενα.

243 3338 346 3392 Καὶ
382 3335 556 3391 τοῦ-τό
589 3337 734 3402 ἐστι,
778 3353 798 3385 ‹
831 3333 913 3387 Τὰ
944 3333 1339 3405 ἐπιθυμήματα
1369 3332 1468 3404 τῆς
1501 3331 1710 3397 κοιλίας
1758 3333 1851 3388 αὺ-

238 3431 362 3485 τῶν.
403 3451 426 3483 ι
485 3429 819 3496 Ἀναγκαῖον
848 3426 905 3480 δὲ
951 3422 1106 3496 οἶμαι
1154 3427 1377 3480 κάκεῖνο
1409 3424 1752 3497 περιαορεῖν,
1799 3425 1851 3478 τί

238 3519 294 3574 τὸ
319 3521 526 3592 χρῆμα
555 3516 653 3571 τοῦ
685 3516 868 3585 λόγου.
900 3515 1000 3569 Διά
1024 3515 1077 3568 τί
1109 3517 1219 3587 γάρ
1254 3533 1438 3587 φησιν,
1467 3518 1550 3571 ὅτι
1585 3536 1602 3568 ι
1643 3516 1850 3580 Πάντες

236 3615 282 3666 οἱ
330 3613 610 3684 ἄρχοντες
655 3609 840 3663 αὐτῶν
890 3607 1281 3674 ἀπειθοῦντες;
1343 3629 1363 3661 ι
1428 3610 1492 3662 Τί
1546 3609 1656 3682 γὰρ
1707 3610 1847 3675 ὅλως

237 3705 402 3759 ἐδεῖτο
435 3705 543 3776 τῆς
562 3703 674 3756 τῶν
701 3702 981 3774 ἀρχόντων
1015 3701 1334 3772 ὑποταγῆςς
1367 3703 1672 3775 Ἀναφοράν
1702 3699 1796 3758 οὖν
1822 3707 1851 3757 ὁ

235 3796 387 3868 λόγος
424 3797 548 3868 ἔχει
575 3795 715 3867 πρὸς
741 3794 983 3866 ἱστορίαν
1011 3794 1134 3848 τινὰ
1166 3794 1274 3848 τῶν
1308 3795 1698 3868 ἀρχαιοτέρων.
1743 3797 1852 3850 Καὶ

238 3898 314 3956 τίς
492 3888 638 3961 αὕτη
688 3888 855 3942 πάλιν
897 3887 1028 3957 ἐρῶ.
1076 3889 1536 3960 Μεμοσχοποξηκε
1568 3889 1710 3943 κατά
1753 3889 1851 3959 τὴν

237 3981 447 4052 ἔρημον
485 3981 515 4032 ὁ
557 3977 801 4050 Ἰσραὴλ,
838 3977 1073 4042 ἀπόντος
1119 3978 1390 4044 Μωσέως,
1441 3979 1851 4051 ἀναπεφοίτηκε

237 4071 342 4143 γὰρ
382 4073 446 4127 ὲν
480 4070 560 4142 τῷ
591 4070 708 4142 ὄρει
740 4071 891 4141 Σινᾷ,
927 4069 1018 4124 τὸν
1052 4070 1220 4140 νόμον
1255 4070 1670 4141 ὑποδεξόμενος.
1716 4067 1852 4127 Εἶτα

236 4164 546 4230 κατελθὼν,
590 4162 896 4234 λελύπηται
938 4163 1144 4235 σφόδρα
1178 4162 1316 4234 πρὸς
1342 4163 1404 4216 τὸ
1446 4162 1849 4235 πλημμέλημα,

238 4259 539 4333 συνέτριψε
573 4259 668 4314 τὸν
709 4259 934 4332 μόσχον,
973 4260 1386 4328 ἀγανακτοῦντα
1415 4259 1550 4314 Θεὸν
1583 4258 1853 4317 ἐδυσώπει

233 4353 443 4426 τρόπον
470 4353 598 4407 τινὰ
613 4355 681 4424 τῇ
703 4352 811 4424 ἰδίᾳ
826 4353 1146 4424 γνησιότητι
1163 4353 1257 4406 καὶ
1280 4353 1472 4426 ἀρετῇ.
1500 4353 1852 4425 Προσέπιπτε

236 4443 372 4516 γὰρ,
405 4445 508 4500 κοιλ⁸
538 4444 856 4515 ὲξελιπάρει
903 4443 1078 4514 λέγων
1099 4463 1112 4476 ·
1168 4463 1187 4497 ι
1246 4446 1308 4500 El
1356 4446 1454 4517 μὲν
1488 4447 1635 4518 ἀφῇς
1669 4449 1855 4513 αὐτοῖς

233 4538 687 4610 τῆν’ἁμαρτίαν,
737 4537 899 4607 ἄφες·
945 4539 993 4590 εἰ
1042 4537 1101 4592 δὲ
1151 4536 1249 4609 μὴ,
1282 4536 1563 4608 ἐξάλειψον
1594 4539 1741 4610 κάμὲ
1789 4541 1854 4594 ἐκ

2017 1937 2130 1994 CX.
2169 1938 2450 1995 Neminem
2481 1937 2704 2005 bonum,
2743 1937 2858 1994 sive
2903 1948 3152 2010 prompte
3181 1938 3546 2007 obedientem,

1949 2043 2005 2089 et
2050 2032 2267 2090 facilem
2295 2033 2440 2088 inter
2484 2046 2580 2088 eos
2627 2041 2904 2104 repertum
2959 2032 3058 2100 ait,
3112 2048 3218 2087 non
3267 2048 3497 2103 parvum
3528 2074 3544 2101 ,

1950 2143 2057 2184 non
2090 2141 2367 2198 magnum,
2393 2142 2496 2182 non
2526 2127 2854 2198 principem,
2885 2142 2993 2184 non
3026 2126 3312 2192 clientem,
3333 2136 3388 2183 et
3417 2131 3549 2184 sub-

1948 2223 2146 2278 ditum.
2179 2221 2448 2295 Quocirca
2494 2229 2548 2276 et
2570 2221 2814 2287 omnino,
2851 2220 3001 2277 velut
3022 2222 3288 2278 radicltus
3313 2221 3545 2279 eﬂ‘ossos

1948 2315 2176 2387 periisse
2214 2315 2525 2379 conﬁrmat,
2555 2324 2610 2371 et
2643 2314 2759 2385 jam
2790 2315 2996 2372 similes
3035 2329 3159 2371 esse
3205 2315 3368 2387 lignis
3427 2330 3550 2371 are-

1948 2410 2110 2466 factis
2141 2417 2195 2466 et
2229 2410 2524 2478 percussis,
2543 2411 2740 2480 quibus
2767 2408 2882 2465 sola
2922 2408 3226 2465 resectione
3279 2423 3416 2480 opus
3442 2418 3548 2471 est,

1950 2510 2135 2573 utpote
2181 2502 2524 2559 sterilitatem
2572 2519 2724 2559 suam
2769 2503 2947 2574 palam
3006 2502 3428 2558 ostentantibus.
3462 2499 3546 2556 Li-

1947 2596 2068 2666 gnis
2109 2605 2290 2650 autem
2338 2595 2688 2652 infructuosis
2739 2595 3169 2666 amputationem
3217 2592 3546 2660 convenire,

1949 2690 2064 2760 ipse
2093 2704 2310 2760 quoque
2343 2689 2596 2745 Salvator
2638 2689 2843 2753 docuit,
2905 2688 3194 2745 ﬁculneam
3230 2685 3411 2743 fructu
3451 2701 3548 2742 ca-

1950 2792 2180 2848 rentem,
2233 2792 2288 2838 et
2343 2781 2654 2839 Judazorum
2711 2781 3056 2853 SyuagOgam
3130 2780 3549 2836 adumbrantem

1949 2873 2195 2930 exscindi
2219 2873 2435 2946 jubens.
2467 2872 2648 2944 lnquit
2673 2875 2817 2929 enim
2841 2875 2908 2940 ⁷⁷,
2946 2892 2964 2926 ι
2999 2873 3075 2931 Ut
3097 2873 3228 2943 quid
3251 2873 3414 2929 etiam
3441 2882 3554 2928 ter-

1953 2983 2070 3022 rain
2115 2967 2413 3038 occupat‘h
2442 2967 2820 3023 lnfructuosus
2849 2967 3038 3037 itaque
3075 2966 3330 3022 inventus
3353 2965 3549 3032 Israel,

1953 3059 2147 3130 inquit,
2179 3060 2376 3118 merito
2428 3059 2796 3116 exscindatur.
2854 3057 2974 3114 Non
3005 3057 3153 3113 enim
3190 3056 3342 3112 dabit
3431 3056 3551 3122 fru-

1953 3163 2120 3208 ctum.
2159 3152 2313 3221 Quod
2352 3153 2397 3210 si
2426 3152 2591 3208 ctiam
2640 3152 2906 3220 dederint,
2943 3151 3136 3222 inquit,
3166 3165 3234 3207 ex
3253 3150 3384 3219 ipsis
3425 3164 3553 3220 pro-

1954 3257 2113 3316 gnata
2150 3247 2396 3315 perdam.
2447 3245 2514 3301 Et
2574 3246 2691 3302 haec
2730 3255 2905 3300 suntc
2961 3243 3230 3300 desideria
3281 3242 3420 3299 uteri
3455 3257 3554 3298 eo-

1957 3354 2132 3392 rum.»
2173 3337 2440 3394 Existimo
2500 3339 2666 3394 etiam
2717 3338 3216 3404 considerandum,
3265 3336 3395 3406 quid
3460 3335 3552 3392 iila

1957 3433 2123 3487 verba
2171 3432 2512 3487 contineant.
2550 3430 2661 3485 Cur
2688 3430 2835 3486 enim
2875 3430 3048 3486 dicit:
3076 3448 3094 3481 ι
3151 3428 3357 3486 Omnes
3400 3429 3554 3499 prin-

1953 3521 2101 3592 cipes
2157 3536 2348 3576 eorum
2397 3520 2772 3577 iuobedientes
2810 3521 2862 3576 ‘2:
2891 3521 3032 3588 Quid
3095 3520 3240 3576 enim
3305 3519 3552 3575 omnium

1955 3615 2259 3685 principum
2335 3613 2642 3670 obedientia
2686 3628 2823 3686 opus
2890 3613 3056 3668 erat?
3092 3612 3315 3683 Spectat
3378 3612 3556 3667 oratio
3632 3629 3637 3633 ·

1955 3708 2236 3763 historiam
2291 3709 2581 3778 quamdam
2613 3717 2875 3772 veterem,
2900 3720 3063 3776 quam
3106 3719 3396 3774 exponam.
3438 3705 3553 3759 Ab-

1955 3803 2108 3854 sente
2135 3797 2340 3870 Moyse,
2370 3798 2538 3854 Israel
2569 3798 2621 3853 in
2649 3797 2942 3854 solitudine
2970 3795 3130 3870 142
3155 3796 3379 3850 vitulum
3400 3795 3550 3854 fecit.

1953 3893 2291 3948 Ascenderat
2323 3893 2524 3962 quippe
2576 3891 2631 3946 in
2673 3901 2916 3947 montem
2965 3890 3100 3947 Sina
3151 3890 3324 3962 legem
3398 3904 3554 3944 acce-

1953 3994 2146 4055 pturus
2174 3984 2243 4038 ⁷⁸.
2285 3983 2386 4051 Qui
2437 3984 2536 4039 ubi
2589 3984 2894 4048 descendit,
2936 3998 3002 4040 eo
3028 3985 3235 4040 scelere
3293 3983 3554 4052 majorem

1955 4077 2008 4131 in
2048 4075 2265 4130 modum
2303 4075 2680 4140 contristatus,
2722 4075 2952 4132 vitulum
2981 4074 3325 4143 comminuit,
3357 4074 3557 4130 Deum-

1954 4183 2060 4240 que
2109 4169 2480 4240 indignantem
2521 4184 2617 4226 sua
2678 4171 2877 4227 virtute
2927 4179 2982 4227 et
3026 4168 3391 4241 germanitate
3417 4183 3556 4237 quo-

1955 4263 2242 4320 dammodo
2295 4262 2365 4318 ad
2443 4262 2831 4336 ignoscendum
2903 4264 3182 4332 compulit.
3262 4260 3558 4316 Procidens

1955 4357 2125 4422 enim,
2155 4356 2383 4427 supplex
2413 4357 2644 4428 rogavit,
2682 4356 2767 4414 his
2801 4355 2982 4412 verbis
3011 4373 3024 4410 :
3067 4374 3085 4408 ι
3121 4354 3178 4409 Si
3225 4354 3442 4424 quidem
3471 4354 3554 4408 di—

1957 4449 2130 4506 mittis
2182 4449 2289 4506 illis
2323 4460 2633 4519 peccatum,
2661 4449 2875 4505 dimitte
2907 4465 2921 4514 ;
2955 4449 3040 4503 sin
3088 4456 3295 4513 autem,
3328 4447 3447 4502 dele
3499 4459 3558 4501 et

1957 4557 2046 4598 me
2067 4544 2134 4597 de
2166 4541 2305 4598 libro
2340 4542 2442 4599 hoc
2475 4557 2640 4613 quem
2685 4541 3010 4612 scripsisti.)
3043 4539 3248 4595 Annuit
3274 4540 3556 4610 prepltetze

234 4633 336 4700 τῆς
365 4630 557 4701 βίϐλου
593 4629 825 4700 ταύτης,
855 4623 924 4700 ἧς
956 4629 1223 4702 ἔγραψας.
1269 4648 1287 4681 ι
1326 4631 1635 4686 Κατένευσε
1675 4633 1732 4686 δὲ
1776 4633 1847 4704 τῷ

1963 4632 2124 4697 Deus,
2180 4639 2238 4687 ut
2310 4633 2618 4703 ignosceret
2678 4633 2966 4697 oumibus;
3025 4630 3322 4701 quinetiam
3369 4630 3552 4692 dixit,

235 4724 509 4796 προφήτῃ
550 4721 690 4785 θεὸς
747 4721 834 4792 τὴν
868 4723 947 4786 εἰς
979 4722 1228 4786 ἅπαντας
1255 4723 1596 4794 ἡμερότητα,
1645 4725 1741 4778 καὶ
1788 4725 1852 4796 δὴ

237 4818 333 4868 καὶ
364 4815 838 4885 ἕφασκενσἾλεως
872 4817 1057 4880 αὐτοῖς
1098 4816 1237 4888 εἰμι,
1268 4815 1413 4870 κατά
1459 4817 1520 4871 τὸ
1552 4818 1706 4889 ῥῆμά
1736 4835 1851 4874 σου.

239 4909 421 4980 Ὀρᾷς
453 4910 581 4962 ὅσον
627 4907 808 4977 ὢνησε
841 4909 933 4962 τὸν
990 4908 1208 4980 Ἰσραὴλ
1241 4909 1275 4980 ἡ
1320 4908 1416 4964 τοῦ
1450 4911 1854 4982 προεστηκότος

239 4999 520 5068 φιλοϐεῒα.
559 5001 657 5053 καὶ
699 4994 783 5062 εἷς
813 4999 955 5072 ὑπὲρ
985 4999 1204 5055 πάντων
1233 5002 1475 5073 ἀρκέσας
1506 5004 1586 5066 εἰς
1625 5002 1686 5056 τὸ
1720 5004 1855 5057 ἀνα-

234 5097 432 5146 πεῖσαι
466 5092 624 5159 Θεὸν,
651 5093 719 5146 δι’
747 5093 1030 5163 ὑποταγὴν
1054 5111 1134 5158 τε,
1165 5094 1260 5148 καὶ
1288 5095 1634 5164 summatm;
1666 5097 1853 5151 Αἱτιᾶ-

231 5203 326 5238 ται
366 5185 557 5238 τοίνυν
592 5184 839 5249 εἰκότως,
887 5186 964 5249 ὡς
1001 5185 1312 5257 ὁλοτρόπως
1354 5189 1715 5244 ὲκκεκλικότα
1757 5189 1850 5245 τὸν

246 5275 498 5346 Ἰσραήλ.
533 5269 672 5328 Εἶτα
703 5275 778 5346 μὴ
818 5275 1012 5345 ἔχοντά
1040 5292 1160 5330 τινα
1191 5277 1300 5330 τῶν
1329 5277 1459 5349 παρ’
1483 5280 1668 5344 αὐτοῖς
1687 5283 1849 5351 ἡγου-

239 5366 454 5434 μένων,
490 5366 582 5418 τὸν
620 5366 966 5436 ἐπιτιμῶντα
992 5368 1103 5430 τοῖς
1129 5368 1404 5431 πταίουσι,
1431 5370 1522 5423 τὸν
1547 5372 1852 5441 ἀφιστάντα

235 5457 342 5524 τῆς
395 5457 652 5527 πλάνης,
708 5458 878 5529 ἤγουν
942 5463 1008 5530 τῇ
1063 5459 1170 5530 ἰδίᾳ
1223 5459 1568 5533 λαμπρότητι
1608 5465 1675 5536 τῇ
1711 5463 1852 5518 κατά

236 5549 453 5616 τρόπον
502 5551 589 5604 καὶ
626 5551 833 5621 ἀρετὴν
865 5551 1175 5620 ἀποστῆσαι
1203 5551 1499 5623 δυνάμενον
1536 5553 1634 5622 τὴν
1658 5554 1850 5625 ὀργὴν,

236 5640 384 5693 θεοῦ
418 5642 939 5713 παραμιέημένου.
985 5642 1249 5714 Καθάπερ
1280 5645 1472 5714 ἀμέλει
1517 5647 1611 5698 καὶ
1645 5647 1700 5697 ὲν
1731 5664 1852 5701 xlv.-

319 5819 367 5851 ”
414 5817 541 5873 Luc.
590 5835 707 5881 xm,
747 5819 834 5873 l0.
915 5821 958 5850 ⁷⁸
992 5820 1162 5874 Exod.
1203 5837 1350 5888 xxiv,
1379 5822 1464 5876 Η.

1955 4726 2221 4796 propitius
2255 4740 2374 4780 sum
2419 4725 2528 4781 illis
2572 4724 2866 4781 secundum
2896 4723 3120 4778 verbum
3157 4732 3330 4778 tuum.
3360 4723 3556 4776 Cernis

1956 4827 2222 4887 quantum
2286 4818 2647 4874 moderatoris
2729 4833 2856 4888 erga
2917 4817 3082 4871 Deum
3151 4830 3306 4870 amor
3366 4814 3555 4869 lsraeli

1956 4909 2241 4979 profuerit,
2282 4917 2336 4964 et
2387 4911 2662 4979 quomodo
2707 4925 2846 4964 unus
2891 4912 2958 4962 ad
2993 4909 3160 4964 Deum
3229 4906 3552 4962 flectendum

1957 5009 2185 5072 propter
2219 5002 2620 5072 subiectionem
2656 5011 2710 5057 et
2745 5001 3114 5058 obedientiam
3146 5015 3244 5070 pro
3301 4997 3555 5053 (minibus

1961 5094 2273 5152 sulIecerit.
2305 5094 2539 5151 Accusat
2605 5095 2767 5166 igitur
2819 5110 2925 5150 non
2978 5092 3176 5161 injuria
3253 5090 3550 5155 lsraelem,

1959 5197 2020 5243 ut
2051 5189 2140 5259 qui
2187 5189 2402 5258 penitus
2442 5204 2470 5244 a
2498 5196 2647 5244 recto
2696 5188 2893 5244 itinere
2919 5186 3271 5244 declinaverit
3295 5192 3382 5251 ,et
3405 5182 3554 5252 prin-

1959 5280 2133 5350 cipem
2169 5281 2236 5334 de
2272 5279 2385 5336 suis
2416 5279 2622 5334 nullum
2663 5279 2886 5334 omnino
2914 5279 3134 5343 habeat,
3179 5276 3272 5344 qui
3322 5287 3553 5344 peccan-

1962 5381 2042 5426 tes
2078 5372 2365 5442 corripiat,
2409 5373 2502 5443 qui
2539 5373 2609 5429 ab
2656 5387 2846 5429 errore
2887 5378 3101 5433 avocet,
3145 5377 3241 5420 aut
3280 5373 3428 5419 certe
3455 5365 3551 5435 qui

1962 5479 2173 5519 morum
2210 5480 2274 5518 ac
2306 5465 2523 5520 virtutis
2589 5480 2702 5520 suae
2767 5463 3056 5534 splendore
3109 5461 3218 5516 Deo
3278 5467 3550 5525 exorato,

1960 5555 2098 5611 iram
2143 5557 2261 5628 ejus
2303 5557 2515 5613 amoliri
2575 5557 2791 5627 possit,
2825 5552 3279 5626 quemadmodum
3326 5560 3378 5605 et
3416 5560 3554 5604 tem-

1959 5650 2183 5718 poribus
2224 5651 2422 5720 llioysis
2455 5648 2658 5707 factum
2705 5649 2954 5718 legimus.
2990 5648 3356 5715 Quamobrem
3383 5641 3554 5700 etiam
