3982 6472
417 336 531 391 253

1417 329 1476 383 S.
1520 323 1797 383 CYRILLI
1844 316 2317 377 ALEXANDRINI
2357 318 2680 378 ARCHIEP.

3590 309 3698 365 240

430 472 450 508 ι
511 448 877 520 repellentur,
925 448 1141 518 inquit,
1201 455 1255 502 et
1308 454 1467 500 erunt
1536 444 1655 514 vagi
1718 443 1771 497 in
1821 441 1997 511 genti-

2125 438 2219 503 »οἷς
2248 439 2437 507 γέγονε
2490 439 2601 502 τοῖς
2656 436 2795 492 κατὰ
2837 435 3064 491 Μωσέα.
3133 431 3422 502 Τοιγάρτοι
3475 428 3569 481 καὶ
3612 426 3700 492 ἐξ·

428 542 549 597 bus.
594 557 613 592 ι

497 716 614 773 Hoc
646 715 750 773 illis
803 716 985 771 evenit
1009 724 1066 772 et
1093 723 1224 771 tunc
1271 714 1488 785 quidem
1533 712 1600 767 ad
1633 712 1887 783 Assyrios
1914 711 2006 766 de-

418 809 679 881 portatis,
700 817 758 865 et
787 823 932 863 nunc
976 808 1326 863 nihilominus
1377 813 1599 875 propter
1620 803 2004 860 debacchatio-

420 917 531 958 nes
557 915 749 958 eorum
792 900 844 955 in
880 899 1159 956 Christum
1208 897 1430 953 exesis:
1466 896 1665 965 ubique
1707 894 1849 951 enim
1914 908 2007 948 ex-

431 996 578 1051 sules
601 1002 654 1050 et
684 994 954 1058 extranei,
996 1007 1095 1048 nec
1120 992 1395 1047 civitatem
1432 990 1692 1046 habentes
1717 988 1769 1043 in
1808 987 2008 1041 mundo

429 1096 670 1152 manent,
701 1087 792 1156 qui
833 1094 959 1140 sunt
1006 1085 1074 1139 de
1105 1081 1287 1139 Israel.
1317 1101 1337 1135 ι
1375 1081 1689 1150 Dispergam
1716 1078 1861 1135 enim
1915 1091 2008 1132 eos

429 1181 484 1236 in
530 1193 747 1234 omnem
791 1184 1011 1233 ventum
1039 1175 1141 1239 ",i
1177 1174 1316 1228 dixit
1350 1187 1445 1241 per
1480 1181 1702 1227 sanctos
1770 1169 2008 1241 prophe-

430 1282 513 1327 tas
547 1269 710 1327 Deus.
755 1268 812 1324 Si
865 1282 998 1338 ergo
1057 1265 1299 1321 amicitia
1331 1278 1453 1318 cum
1500 1263 1610 1318 Deo
1660 1261 1816 1318 nobis
1864 1275 2012 1317 cura:

430 1373 563 1429 est;
605 1363 650 1419 si
719 1361 837 1431 ejus
907 1359 1175 1415 rationem
1234 1357 1503 1422 ducimus,
1554 1352 1907 1423 subjiciamus
1959 1352 2007 1407 ei

433 1454 716 1516 cervicem,
741 1460 797 1505 et
830 1451 915 1520 pia
944 1465 1066 1505 eum
1106 1448 1412 1504 obedientia
1444 1447 1511 1502 ad
1537 1445 1815 1501 Christum
1849 1458 2009 1499 acce-

432 1546 623 1599 damus
654 1542 924 1597 dicentem
953 1558 967 1595 :
1001 1558 1021 1592 ι
1061 1539 1256 1595 Venite
1305 1538 1373 1593 ad
1429 1552 1536 1601 me,
1567 1549 1757 1592 omnes
1808 1534 1900 1606 qui
1934 1534 2013 1589 la-

414 1636 653 1701 boratis,
688 1642 742 1688 et
809 1632 1022 1688 onerati
1068 1631 1222 1695 estis,
1246 1637 1301 1683 et
1331 1644 1430 1701 ego
1460 1627 1708 1684 reﬁciam
1738 1642 1854 1682 vos.
1885 1625 2012 1680 'l‘ol-

429 1728 526 1783 litc
544 1725 736 1797 jugum
783 1738 964 1780 meum
988 1736 1151 1799 super
1182 1735 1279 1776 vos
1296 1719 1395 1774 ⁸⁸.»
1440 1716 1537 1776 Sic
1571 1718 1716 1774 enim
1740 1727 1797 1773 et.
1825 1716 2016 1773 l‘ructi-

2108 529 2471 601 ωσθήσονται,
2527 531 2693 602 φησὶ,
2742 531 2837 585 καὶ
2900 528 3111 582 ἔσονται
3157 524 3424 596 πλανῆται
3477 522 3537 576 ὲν
3588 524 3703 586 τοῖς

2110 622 2308 676 ἔθνεσι.

2181 714 2351 769 Τοῦτο
2381 714 2577 785 συνέϐη
2618 715 2811 769 παθεῖν
2841 714 3044 781 αὐτοῖς,
3082 712 3177 767 καὶ
3207 711 3329 765 τότε
3361 710 3459 782 μὲν
3497 709 3703 762 ἀποκο-

2114 804 2382 874 μισθεῖσιν
2420 807 2501 869 εἰς
2565 805 2906 877 ⁹Ασσυρίους,
2956 804 3051 859 καὶ
3101 800 3199 858 νῦν
3241 801 3298 856 δὲ
3341 800 3492 855 οὐδὲν
3535 796 3703 873 ἦττον

2110 896 2205 948 ἐπὶ
2257 897 2377 960 ταῖς
2427 898 2510 960 είς
2549 896 2787 968 Χριστὸν
2832 895 3140 966 παροινίαις
3172 892 3698 963 κατεστυγημένοις.

2124 985 2386 1040 Ἀνέστιοι
2417 985 2524 1057 γὰρ
2577 987 2671 1040 καὶ
2702 984 2968 1057 ὲπηλύται
2992 983 3266 1053 πανταχῆ,
3297 980 3393 1036 καὶ
3416 980 3574 1035 πόλιν
3601 979 3702 1031 οὐκ

2110 1077 2325 1148 ἔχοντες
2373 1079 2422 1131 οἱ
2462 1077 2523 1142 ἐξ
2560 1076 2777 1150 Ἰσραὴλ
2807 1075 3142 1131 διατελοῦσιν
3184 1076 3245 1128 ὲν
3284 1074 3495 1143 κόσμῳ.
3538 1089 3557 1124 ι
3602 1072 3701 1124 Λι-

2113 1171 2263 1241 κμιῶ
2297 1170 2406 1242 γὰρ
2435 1171 2631 1234 αὐτοὺς
2667 1172 2747 1234 εἱς
2777 1171 2953 1225 πάντα
2980 1171 3200 1241 ἄνεμον,
3247 1187 3266 1221 ι
3296 1167 3383 1221 διὰ
3405 1165 3703 1237 προφητῶν

2112 1261 2283 1331 ἁγίων
2321 1261 2527 1332 ἔφασκε
2556 1260 2710 1327 Θεός.
2746 1264 2809 1317 El
2839 1263 3017 1318 τοίνυν
3043 1263 3137 1317 ἐπὶ
3164 1261 3263 1333 τῆς
3288 1260 3427 1332 πρὸς
3454 1258 3588 1312 Θεὸν
3619 1258 3700 1310 ol-

2112 1353 2387 1425 κειότητος
2417 1355 2638 1425 φροντὶς
2670 1356 2802 1427 ἡμῖν
2830 1355 2923 1409 καὶ
2947 1354 3129 1424 λόγος,
3167 1352 3532 1424 ὑποφέρωμεν
3552 1347 3703 1420 αὑτῷ

2112 1448 2204 1503 τδν
2229 1448 2456 1518 αὐχένα,
2490 1447 2586 1501 καὶ
2617 1447 2933 1520 προσίωμεν
2959 1448 3036 1511 ὡς
3069 1447 3128 1514 ἐξ
3147 1445 3361 1517 ἀγαθῆς
3390 1441 3702 1504 εὐπειθείας

2112 1540 2323 1610 λέγοντι
2369 1540 2448 1611 τῷ
2488 1541 2740 1611 Χριστῷ·
2790 1559 2810 1593 t
2870 1539 3036 1593 Δεῦτε
3083 1537 3221 1611 πρὸς
3281 1536 3371 1610 μὲ,
3399 1536 3604 1600 πάντες
3651 1535 3703 1588 οἱ

2113 1633 2445 1700 κοπιῶντες,
2512 1633 2608 1688 καὶ
2674 1630 3123 1703 πεφορτισμένοι,
3184 1627 3343 1699 κάγὼ
3400 1626 3706 1682 ἀναπαύσω

2115 1728 2277 1799 ὑμᾶς.
2317 1726 2523 1799 ’Ἄρατε
2552 1725 2645 1779 τὸν
2677 1724 2840 1794 ζυγόν
2885 1740 2987 1795 μου
3031 1722 3116 1792 ἐφ’
3157 1721 3323 1791 ὑμᾶς.
3367 1738 3384 1772 ι
3434 1717 3705 1789 Ἐσόμεθα

429 1820 530 1876 feri
578 1827 696 1874 eta
755 1829 1013 1887 percussu
1071 1814 1344 1869 immunes
1403 1812 1646 1877 erimus;
1688 1825 1804 1883 nec
1862 1810 2010 1864 radix

2125 1820 2222 1892 γὰρ
2244 1816 2419 1884 οὓτως
2464 1816 2731 1888 ἔγκαρποί
2775 1834 2835 1872 τε
2906 1815 2999 1870 καὶ
3034 1814 3301 1886 ἀπλῆγες,
3347 1812 3447 1866 οὐκ
3491 1813 3708 1867 ἀναινο-

428 1918 616 1966 nostra
655 1915 987 1973 exareseet;
1023 1920 1121 1959 nec
1155 1903 1362 1960 fruetus
1396 1904 1451 1958 in
1491 1902 1718 1958 nihilum
1769 1901 2011 1967 recidet;

429 2000 576 2058 haud
626 2015 659 2055 a
703 1998 812 2054 Deo
859 1997 1175 2069 longissime
1233 1994 1688 2067 vagabimur;,et
1739 2006 1906 2064 prope
1932 1992 2017 2064 ip-

429 2107 573 2158 sum,
613 2098 668 2146 et
691 2088 830 2160 apud
857 2089 1033 2158 ipsum
1085 2087 1317 2151 erimus,
1342 2092 1399 2140 et
1422 2084 1693 2140 civitatem
1724 2097 2014 2155 supernam

429 2185 485 2240 in
512 2183 667 2241 cadis
698 2181 1041 2240 habebimus.
1069 2176 1555 2248 primogenitorum
1601 2183 1854 2237 matrem,
1883 2189 2016 2231 san-

431 2287 642 2335 ctorum
676 2273 923 2329 altricem
958 2269 1373 2339 cmlestiumque
1396 2266 1685 2339 spirituum
1714 2280 1911 2337 purum
1928 2265 2019 2322 ha.

428 2368 749 2426 bitaculum.

680 2495 1090 2588 TUMUS
1175 2491 1755 2599 QUINTUS.

1140 2644 1295 2699 CAP.
1335 2641 1405 2698 Χ.

513 2758 664 2813 Vens.
702 2758 750 2820 l,
781 2757 837 2812 2.
882 2755 1050 2811 Vinea
1084 2756 1336 2826 frondosa
1391 2755 1583 2811 Israel.
1626 2752 1858 2809 Fructus
1903 2754 2017 2824 ejus

426 2852 729 2915 abundans,
765 2848 1050 2903 secundum
1087 2847 1473 2902 multitudinem
1512 2847 1778 2916 fructuum
1801 2861 2018 2900 suorum

428 2940 797 3009 multiplicauit
850 2940 1068 2994 altaria.
1121 2938 1288 2993 Juxta
1333 2942 1467 2993 bona
1494 2948 1650 2994 terra:
1679 2954 1791 2992 sua:
1849 2936 2019 3004 ediﬁ-

428 3033 565 3087 cavit
591 3030 898 3095 simulacra,
928 3031 1217 3084 diviserunt
1255 3031 1420 3085 corda
1458 3046 1579 3096 sua,
1606 3044 1745 3084 nunc
1804 3030 2019 3098 disper-

2118 1908 2287 1981 μένης
2342 1911 2476 1981 ἡμῖν
2526 1909 2628 1980 τῆς
2677 1908 2856 1979 ῥίζης,
2912 1906 2976 1960 οὐ
3025 1904 3241 1979 καρποῦ
3285 1904 3575 1967 πίπτοντος
3626 1906 3705 1966 εἰς

2119 2002 2308 2075 μηδὲν,
2336 2003 2397 2056 οὐ
2428 2002 2720 2073 πλανῆται,
2754 2000 2848 2054 καὶ
2892 1998 3151 2053 ἀποτάτω
3182 1996 3341 2061 Θεοῦ,
3380 1996 3497 2051 ἀλλ’
3538 1994 3710 2065 ἐγγύς

2115 2109 2175 2146 τε
2201 2092 2367 2147 αὐτοῦ
2409 2092 2506 2146 καὶ
2539 2092 2637 2146 σὺν
2665 2088 2815 2162 αὐτῷ
2882 2089 2975 2143 καὶ
3001 2087 3157 2143 πόλιν
3185 2085 3400 2158 ἔχοντες
3436 2082 3533 2155 τὴν
3570 2082 3709 2146 ἀνω,

2116 2185 2211 2239 καὶ
2248 2186 2307 2239 ὲν
2352 2185 2623 2257 οὐρανοῖς,
2657 2182 2761 2254 τὴν
2792 2180 2906 2236 τῶν
2936 2179 3300 2253 πρωτοτόκων
3336 2176 3570 2249 μητέρα,
3609 2174 3713 2248 τὴν

2114 2276 2225 2330 τῶν
2254 2275 2425 2345 ἁγίων
2450 2273 2673 2347 τροφὸν,
2719 2271 2831 2328 τῶν
2867 2272 2983 2328 ἄνω
3026 2272 3353 2343 πνευμάτων
3376 2269 3439 2324 τὸ
3467 2268 3712 2342 καθαρὸν

2116 2367 2352 2440 ὲνδιαίτη
2362 2385 2458 2440 μα.
3444 2404 3447 2407 ι

2394 2490 2781 2581 ΤΟΜΟΣ
2855 2464 3435 2578 ΠΕΜΠΤΟΣ.

2732 2643 2988 2700 ΚΕΦΑΛ.
3026 2644 3084 2696 ιν.

2193 2756 2498 2828 Ἄμπελος
2542 2754 3014 2826 εὐκληματοῦσα
3055 2752 3325 2825 Ἰσραήλ.
3380 2751 3443 2813 ⁸ο
3476 2751 3737 2820 καρπὸς,

2118 2848 2312 2919 αὐτῆς
2338 2848 2632 2914 εὐθυνῶν,
2651 2848 2801 2903 κατὰ
2829 2848 2897 2902 τὸ
2926 2846 3163 2915 πλῆθος
3188 2845 3307 2899 τῶν
3336 2841 3583 2912 καρπῶν
3608 2845 3713 2897 αὺ-

2119 2944 2228 2999 τοῦ
2269 2944 2577 3010 ἐπλήθυνε
2608 2940 2683 2996 τὰ
2732 2939 3151 3009 θυσιαστήρια.
3204 2938 3366 2994 Κατὰ
3409 2936 3481 2992 τὰ
3516 2935 3714 3007 ἁττιθά

2120 3029 2232 3101 τῆς
2288 3030 2402 3100 γῆς
2438 3029 2625 3086 αὐτοίἶ
2684 3029 3041 3100 ᾠκοδόμησειη
3094 3027 3330 3094 στήλας
3348 3068 3363 3093 ,
3424 3027 3713 3098 ὲμέρισαν

429 3126 595 3180 ibunt.
654 3122 777 3194 Ipse
805 3122 1053 3193 su/Iodiet
1085 3124 1281 3180 altaria
1307 3122 1815 3193 eorum,aﬁligcntur
1843 3123 2013 3177 simu-

2125 3122 2371 3195 καρδίας
2404 3121 2623 3190 αὐτῶν,
2653 3122 2771 3177 νῦν
2796 3120 3339 3192 ἀφανισθήσονται.
3377 3121 3571 3187 Αὐτὸς
3605 3137 3714 3174 κα-

429 3214 575 3268 lacra
608 3229 816 3270 eorum.

488 3413 665 3486 143
697 3412 832 3471 CXI.
884 3414 1177 3485 Postquam
1226 3415 1399 3481 dixit,
1450 3414 1707 3485 Ephraim
1783 3411 2022 3469 doluisse

431 3508 645 3563 radices
674 3522 820 3571 suas,
851 3516 905 3561 et
929 3506 1324 3563 infructuosum
1356 3507 1494 3574 fore,
1521 3506 1864 3575 similemque
1900 3519 2020 3559 mu-

431 3599 559 3654 tatis
592 3598 812 3655 sedihus
841 3598 948 3653 alio
972 3599 1194 3667 penitus
1222 3598 1719 3668 commigrautium,
1762 3597 2017 3668 Assyrio-

432 3705 551 3743 rum
606 3690 812 3744 saevitia
874 3690 1066 3745 deletis
1096 3706 1282 3746 eorum
1312 3690 1529 3760 fetibus,
1562 3707 1706 3748 nunc
1728 3693 1891 3747 etiam
1912 3692 2021 3746 uti-

430 3779 556 3834 liter
579 3780 842 3847 ostendit,
892 3782 1072 3850 qualis
1100 3781 1231 3837 olim
1263 3782 1447 3850 fuerit,
1478 3800 1737 3855 perquam
1774 3783 2019 3839 fructuo-

432 3886 529 3927 sus
582 3872 853 3937 videlicet,
882 3876 1100 3943 quando
1161 3876 1323 3930 vitam
1352 3877 1562 3947 legibus
1605 3880 2019 3948 respondentem

433 3960 711 4030 sapienter
743 3964 982 4019 vivebat.
1022 3963 1210 4032 Qualis
1256 3967 1411 4022 vinea
1463 3970 1730 4039 quit-piam
1796 3968 2018 4039 pulchra

430 4062 487 4107 et
513 4053 653 4109 bene
679 4055 984 4110 convestita
1018 4056 1351 4126 palmitibus,
1386 4070 1511 4115 ante
1539 4061 1723 4117 oculos
1755 4060 2016 4115 ﬁnitimo-

433 4159 553 4199 rum
589 4146 907 4216 populorum
961 4150 1013 4204 in
1050 4150 1411 4206 admiratione
1435 4160 1554 4205 erat
1584 4167 1687 4206 non
1717 4152 2014 4212 immerito.

432 4244 488 4289 et
508 4235 704 4306 deipsa
729 4237 922 4294 alicubi
948 4238 1136 4295 beatus
1161 4240 1325 4294 David
1354 4242 1406 4295 in
1430 4240 1569 4296 libro
1590 4241 1928 4296 Psalmorurn
1956 4241 2022 4295 ad

434 4326 808 4383 universorum
845 4331 1012 4385 Deum
1043 4330 1159 4384 ait:
1191 4349 1211 4380 ι
1242 4331 1465 4385 Vineam
1490 4332 1556 4385 de
1587 4331 1821 4402 )Egypto
1847 4340 2024 4386 trans-

435 4418 624 4484 tulisti,
680 4420 891 4490 ejeeisti
927 4434 1134 4493 gentes,
1162 4431 1217 4476 et
1247 4422 1502 4492 plantasti
1533 4438 1677 4478 eam.
1708 4424 1822 4478 Dux
1859 4424 2023 4479 itine-

436 4510 510 4564 ris
542 4509 690 4566 fuisti
714 4488 774 4566 in
801 4488 1093 4582 conspectu
1120 4488 1264 4579 eius.
1294 4509 1550 4567 Extendit
1603 4513 1852 4581 palmites
1889 4528 2019 4572 suos
2055 4488 2099 4544 ί)

437 4614 607 4668 usque
655 4602 722 4655 ad
774 4616 948 4665 mare,
977 4611 1032 4657 ct
1089 4615 1262 4669 usque
1313 4601 1381 4655 ad
1423 4599 1653 4657 'ﬂnmina
1700 4605 2021 4675 prapagines

386 4680 387 4685 “
436 4692 687 4748 διιιιςείδ
737 4692 870 4747 Nata
927 4705 1013 4750 est
1067 4693 1283 4760 enim,t
1329 4696 1381 4748 in
1432 4709 1597 4750 cornn
1629 4736 1642 4757 ,
1674 4706 1729 4750 et
1796 4696 1846 4751 in
1902 4697 2021 4753 loco

436 4783 620 4854 pingui
648 4783 750 4849 θ’,ι
808 4785 969 4855 juxta
1023 4800 1208 4840 vocem
1249 4786 1564 4856 prophetae.
1628 4786 2019 4845 ‘Verumtamcn

435 4890 545 4931 non
577 4890 759 4940 uvam,
781 4879 873 4931 sed
901 4878 1086 4948 spinas
1112 4878 1288 4947 potius
1313 4879 1588 4949 produxit.
1627 4879 1759 4934 Nam
1791 4880 1842 4934 in
1880 4880 2019 4934 mul—

436 4969 666 5025 titudine
697 4969 964 5026 bonorum
988 4970 1089 5025 sibi
1118 4972 1436 5027 donaturum
1482 4971 1631 5028 velut
1685 4966 1911 5039 sociam,
1966 4982 2021 5028 et

437 5071 623 5117 contra
673 5061 840 5118 Deum
898 5062 1323 5120 colluctatricem
1373 5063 1711 5134 iniquitatem
1755 5065 2017 5122 exhibuit.

439 5153 816 5224 Multiplicavit
841 5155 987 5212 enim
1019 5155 1235 5219 altaria,
1284 5164 1336 5211 et
1363 5155 1647 5211 aediﬁcavit
1685 5157 1970 5214 simulacra
2005 5176 2019 5214 :

438 5257 815 5318 quantumque
877 5249 1128 5320 supernis
1157 5248 1408 5305 adluebat
1438 5248 1662 5316 divitiis,
1702 5259 1809 5305 tam
1842 5266 2019 5319 prom-

437 5335 661 5406 pta'fuit
683 5338 750 5392 ad
771 5337 1306 5405 eontaminationem,
1324 5338 1449 5409 quia
1481 5337 1748 5394 daemones
1776 5340 2026 5397 adoravit

438 5437 493 5511 et
567 5442 693 5483 aras
750 5429 1026 5494 excitavit,
1075 5440 1130 5486 et
1177 5430 1228 5485 in
1281 5431 1649 5487 seductionem
1711 5431 2025 5502 multiplicis

442 5512 759 5575 idololatriae
811 5536 905 5576 eor
952 5537 1107 5576 suum
1131 5524 1532 5592 quodammodo
1578 5524 1783 5579 divisit.
1821 5524 2021 5580 Verum

441 5609 546 5665 ista
574 5624 690 5666 non
718 5611 1006 5680 durabunt,
1034 5614 1241 5687 inquit.
1307 5615 1582 5684 Quinam?
1622 5634 1641 5669 ι
1703 5616 1824 5687 ipse
1877 5617 2024 5673 enim

2117 3214 2417 3286 τασκάψει
2439 3215 2512 3270 τὰ
2539 3213 2941 3283 θυσιαστήρια
2972 3212 3193 3281 αὐτῶν,
3219 3211 3714 3284 ταλαιπωρήσαν-

2115 3325 2223 3365 σιν
2250 3312 2309 3365 αἱ
2339 3307 2565 3378 στῆλαι
2597 3305 2820 3362 αὐτῶν.

2200 3425 2354 3480 PIA’.
2407 3420 2748 3493 Ἦλγημένον
2792 3418 2894 3485 τὰς
2929 3420 3085 3492 ῥίζας
3114 3418 3284 3473 εἰπὼν
3308 3419 3401 3472 τὸν
3445 3417 3713 3490 Ἐφραῖμ,

2119 3517 2341 3572 ἔσεσθαι
2370 3515 2428 3569 δὲ
2461 3515 2555 3569 καὶ
2587 3513 2861 3585 ἄκαρπον,
2884 3513 2980 3567 καὶ
3010 3513 3067 3565 ὲν
3093 3512 3194 3583 ῐσῳ
3219 3512 3335 3574 τοῖς
3366 3509 3717 3583 μετοικοῦσιν

2121 3611 2279 3679 ὅλως,
2305 3609 2405 3680 τῆς
2447 3606 2750 3679 ’Δσσυρίων
2783 3598 3111 3677 ἀγριότητος
3141 3603 3473 3675 δαπανώσης
3497 3602 3567 3657 τὰ
3588 3619 3717 3673 γεν-

2112 3702 2358 3774 νώμενα,
2388 3700 2659 3754 δείκνυσιν
2696 3697 3010 3766 ἀναγκαίως
3040 3690 3269 3761 καὶοῖος
3292 3691 3362 3768 ἦν
3387 3694 3577 3763 πάλαι,
3610 3695 3715 3751 καὶ

2120 3795 2203 3846 ὃτι
2236 3791 2461 3862 γέγονεν
2489 3788 2790 3860 εῦκαρπος,
2826 3789 2916 3841 ὅτε
2960 3787 3061 3858 τῆς
3107 3788 3167 3840 ἐν
3210 3786 3360 3858 νόμῳ
3397 3786 3546 3857 ζωῆς
3580 3802 3716 3858 μετ-

2124 3886 2365 3940 ὲποιεῖτο
2394 3880 2597 3951 σοφῶς.
2643 3875 2746 3933 Οἷα
2777 3880 2886 3950 γάρ
2918 3896 3002 3944 τις
3032 3879 3276 3950 ἄμπελος
3303 3878 3464 3948 καλὴ,
3497 3879 3590 3932 καὶ
3617 3878 3717 3930 εὑ·
3742 3916 3747 3919 -

2124 3972 2485 4046 κληματοῦσα
2533 3973 2646 4035 τοῖς
2700 3969 2808 4025 τῶν
2856 3969 3026 4024 ἐθνῶν
3066 3970 3367 4042 περιοίκοις
3413 3967 3718 4041 ὁρώμενος,

2124 4067 2352 4130 εἰκότως
2390 4063 2855 4135 κατεθαυμάξετο.
2886 4064 2996 4117 Καὶ
3019 4064 3152 4135 περῖ⁵
3180 4063 3353 4132 αὐτῆς
3393 4060 3497 4115 πού
3545 4062 3719 4132 φησιν

2121 4160 2152 4212 ό
2187 4156 2463 4228 μακάριος
2507 4154 2672 4210 Δαϐὶδ
2700 4154 2757 4209 ὲν
2788 4153 2958 4225 βίϐλῳ
2990 4153 3263 4225 Ψαλμῶν,
3306 4152 3443 4225 πρὸς
3474 4153 3568 4207 τὸν
3605 4153 3719 4206 τῶν

2123 4250 2261 4305 ὅλων
2303 4247 2537 4319 Σωτῆρα
2564 4246 2728 4302 Θεόν·
2771 4266 2790 4299 ι
2820 4245 3099 4318 ’Ἄμπελον
3141 4246 3199 4313 ἐξ
3257 4245 3538 4314 Αἰγύπτου
3587 4262 3721 4317 μετ·-

2124 4346 2287 4415 ἦρας,
2319 4341 2576 4408 ἐξέϐαλες
2602 4341 2751 4413 ἔθνη,
2782 4342 2877 4395 καὶ
2916 4340 3328 4411 κατεφύτευσας
3360 4340 3717 4413 αὐτήν.⁹Ωδο-

2127 4436 2362 4507 ποίησας
2406 4434 2732 4507 ’ἔμπροσθεν
2772 4434 2964 4506 αὐτῆς.
3029 4435 3291 4502 Ἐξέτεινε
3333 4434 3403 4489 τὰ
3459 4435 3721 4506 κλήματα

2129 4528 2299 4600 αὐτῆς
2336 4527 2445 4592 ἓως
2476 4525 2774 4598 Θαλάσσης,
2829 4525 2926 4580 καὶ
2958 4526 3062 4591 ἓως
3104 4526 3370 4597 ποταμῶν
3396 4524 3498 4590 τάς
3530 4543 3720 4598 παρα-

2129 4619 2338 4690 φυάδας
2371 4619 2560 4691 αὐτῆς.
2597 4638 2616 4672 ι
2651 4618 2873 4687 Πέφυκε
2904 4618 3006 4690 μὲν
3035 4619 3170 4691 γὰρ,
3198 4638 3216 4669 ι
3264 4619 3353 4672 Ἐν
3381 4618 3594 4690 κέρατι,
3623 4621 3723 4673 καὶ

2127 4711 2186 4763 ὲν
2231 4712 2382 4781 τόπῳ
2428 4711 2613 4776 πίονι,
2648 4729 2667 4761 ι
2711 4708 2855 4764 κατὰ
2895 4709 2995 4780 τὴν
3038 4708 3133 4762 τοῦ
3175 4710 3458 4780 προφήτου
3504 4710 3719 4782 φωνήν.

2128 4800 2275 4873 Πλὴν
2327 4802 2389 4855 οὐ
2419 4800 2608 4855 τὲτοκε
2641 4800 2942 4873 σταφυλὴν,
2974 4801 3174 4871 ἤνεγκε
3208 4801 3265 4856 δὲ
3298 4800 3503 4872 μᾶλλον
3543 4800 3723 4857 ἀκάνο

2127 4894 2245 4958 θας.
2284 4893 2375 4964 Τῷ
2400 4893 2509 4964 γὰρ
2542 4891 2737 4964 πλήθει
2764 4892 2873 4949 τῶν
2894 4892 3159 4948 δοθέντων
3189 4892 3411 4961 ἀγαθῶν
3427 4892 3564 4963 αὐτῇ
3592 4891 3722 4947 σύν-

2125 4982 2328 5054 δρομον
2356 4981 2547 5054 ὥσπερ
2574 4981 2697 5036 τινὰ
2741 4982 2837 5037 καὶ
2865 4982 3097 5054 ίσοπαλῆ
3120 4982 3220 5054 τὴν
3260 4981 3477 5037 ἀδικίαν
3503 4982 3723 5036 ἐπεδεί-

2130 5072 2284 5140 ξατο·
2333 5073 2490 5143 δῆλον
2530 5072 2587 5127 δὲ
2615 5074 2696 5127 ὅτι
2740 5074 2843 5146 τὴν
2872 5074 3016 5129 κατά
3069 5073 3230 5129 Θεοῦ.
3274 5073 3574 5146 Ἐπλήθυνε
3608 5075 3723 5146 γὰρ

2131 5163 2540 5235 θυσιαστήρια,
2594 5164 2691 5219 καὶ
2738 5163 3058 5236 ᾠκοδόμησε
3128 5163 3364 5236 στήλας·
3439 5163 3532 5219 καὶ
3591 5164 3723 5218 ὅσον

2129 5255 2386 5310 ἐπλούτει
2409 5257 2520 5320 τοίς
2545 5255 2754 5311 ἀνωθεν
2779 5256 3023 5327 ἀγαθοῖς,
3052 5256 3307 5311 τοσοῦτον
3333 5252 3403 5326 ἦν
3434 5255 3722 5328 πρόθυμος

2132 5349 2213 5411 είς
2244 5346 2571 5419 βεϐήλωσιν,
2596 5348 2684 5405 διὰ
2714 5348 2808 5404 τοῦ
2837 5352 3167 5423 προσκυνεῖν
3192 5353 3308 5415 τοῖς
3344 5349 3586 5421 δαίμοσι,
3620 5349 3723 5403 καὶ

2134 5439 2352 5512 βωμοὺς
2386 5440 2644 5513 ἐγείρειν,
2676 5440 2771 5495 καὶ
2801 5443 2885 5506 εἰς
2916 5441 3017 5515 τὴν
3060 5441 3324 5497 πολύθεΟν
3367 5440 3580 5512 πλάνην
3619 5441 3723 5513 τὴν

2135 5530 2271 5584 ἰδίαν
2294 5528 2484 5603 ὥσπερ
2504 5528 2899 5601 καταμερίζειν
2927 5530 3173 5603 καρδίαν.
3195 5530 3334 5586 Ἀλλ’
3356 5529 3501 5586 οὕτω
3517 5527 3716 5595 ταῦτα,

2132 5622 2320 5693 φησὶν,
2368 5623 2470 5677 οὐκ
2512 5621 2685 5676 ἔσται.
2718 5622 2921 5689 Πόθεν;
2961 5642 2980 5675 ι
3016 5621 3373 5694 Κατασκάψει
3406 5623 3514 5695 γὰρ
3555 5621 3722 5688 αὐτὸς

511 5777 562 5812 ”
591 5777 759 5837 Zach.
784 5780 921 5849 n,‘6.
1000 5782 1044 5815 ³ο
1081 5782 1267 5839 Matth.
1306 5797 1381 5850 ιι,
1410 5781 1500 5837 28.
1581 5782 1622 5815 9‘
1659 5781 1800 5839 Psal.
1826 5798 2014 5852 LXXIX,
2056 5792 2107 5849 9.
2142 5786 2210 5842 10
2244 5802 2398 5859 seqq.
2480 5788 2525 5821 ⁸¹
2553 5786 2655 5844 lsa.
2687 5804 2732 5843 ι’.

494 6084 513 6119 ι.

518 6122 547 6175 ι
