3982 6452
233 402 328 455 ΞΗ

1166 403 1721 461 COMMENTARIUS
1760 404 1826 460 IN
1863 403 2097 461 OSEAM
2141 403 2594 462 I’ROPIIETAM.
3435 408 3543 461 9.13

227 525 294 577 τὰ
331 523 698 595 θυσιαστήρια
751 525 956 590 αὐτῶν,
999 545 1016 578 ι
1075 531 1168 581 καὶ
1217 529 1736 604 ταλαιπωρήσουσιν
1779 533 1825 585 αἱ

1943 531 2195 586 ειιΠυεΙίοι
2248 531 2438 585 altaria
2477 546 2687 595 eorum,
2725 547 2743 580 ι
2778 537 2833 583 et
2881 528 3192 600 nilligettlur
3253 527 3542 582 simulacra

231 617 420 687 στῆλαι
465 617 669 682 αὐτῶν,
717 619 1158 690 συνθραυόμεναι
1206 622 1471 693 δηλονότι,
1524 626 1618 678 καὶ
1663 642 1833 678 κατα-

228 709 537 780 σπώμεναι.
589 711 663 764 Τὸ
685 710 766 778 δὲ,
816 714 1002 779 αὐτὸς,
1029 715 1268 780 ἀνοίσεις
1307 717 1597 788 ἐμφρόνως
1629 718 1707 781 εἰς
1741 718 1833 770 τὸν

225 802 332 856 τῶν
373 804 518 857 ὅλων
567 804 1066 870 κατεξουσιάζοντα
1101 807 1258 872 Θεὸν,
1294 809 1484 878 ἤγουν,
1536 811 1616 873 εἰς
1646 809 1706 862 τὸ
1739 808 1831 863 τοῦ

224 893 577 948 Βαϐυλωνίου
604 894 928 966 πρόσωπον,
968 898 1045 962 ὡς
1073 899 1176 970 ήδη
1205 898 1528 964 πλειστάκις
1558 901 1834 971 προδεδει-

224 987 454 1059 γμένου.
498 990 829 1062 Συμϐέϐηκε
879 992 991 1062 γὰρ
1028 995 1151 1056 ταῖς
1203 995 1264 1046 ἐν
1308 994 1596 1066 Σαμαρείᾳ
1642 994 1831 1048 πόλεσι

224 1082 316 1134 καὶ
364 1083 574 1147 αὐτοὺς
634 1083 1246 1156 συγκαταπίμπρασθαι
1295 1088 1424 1150 τοὺς
1470 1087 1671 1151 ναοὺς,
1737 1088 1834 1139 καὶ

221 1174 625 1245 διαρπάζεσθαι
665 1177 737 1230 τὰ
778 1176 1019 1245 γλυπτά.
1055 1179 1176 1251 Χρὴ
1215 1179 1399 1233 τοίνυν
1423 1179 1592 1251 ἡμᾶς,
1628 1180 1714 1248 ἐφ’
1753 1174 1834 1242 οἷς

221 1265 284 1321 ἀν
320 1267 548 1339 ἔχοιμεν
583 1267 740 1340 παρά
764 1269 903 1323 Θεοῦ
949 1270 1244 1342 χαίροντας
1279 1271 1544 1325 ἀνάπτειν
1575 1272 1646 1326 τά
1678 1288 1836 1342 χαρι-

225 1360 446 1430 στήρια,
481 1361 583 1414 καὶ
634 1361 712 1432 μὴ
755 1360 836 1431 τῷ
885 1361 1082 1416 πλάτει
1124 1364 1224 1435 τῆς
1255 1361 1516 1433 εὐθηνίας
1554 1362 1835 1434 ὲνολισθή-

226 1468 448 1516 σαντας,
476 1452 864 1524 ἀποφέρεσθαί
898 1471 991 1508 ποι
1024 1455 1162 1526 πρὸς
1185 1454 1247 1508 τὸ
1274 1455 1484 1528 ἀπᾷδον
1516 1455 1667 1526 αύτῷ
1687 1473 1700 1484 '
1732 1456 1832 1526 ζη-

223 1546 336 1596 τεῖν
386 1542 448 1596 δὲ
504 1543 713 1614 μᾶλλον
764 1545 860 1598 καὶ
904 1545 1299 1617 ἀποπεραίνειν
1348 1545 1692 1616 ἐπείγεσθαι,
1740 1547 1837 1600 καὶ

227 1636 368 1707 μάλα
395 1635 732 1708 προθύμως,
765 1637 836 1691 τὰ
867 1639 948 1702 εἰς
985 1638 1194 1710 ἀρετὴν
1219 1640 1540 1712 αὐχήματα,
1575 1639 1652 1713 μὴ
1681 1658 1836 1713 μερι-

224 1728 490 1800 ζομένους
535 1729 678 1800 πρὸς
703 1729 773 1784 τά
800 1731 860 1784 ἐν
889 1730 1084 1802 κόσμῳ
1116 1731 1289 1802 πάθη,
1320 1731 1418 1786 καὶ
1458 1733 1836 1804 ὑποφέροντας

224 1820 312 1874 τὸν
339 1820 553 1890 αὐχένα
588 1821 669 1892 τῷ
703 1821 940 1893 Σατανᾷ.
976 1823 1088 1876 Καὶ
1117 1823 1229 1893 γάρ
1257 1825 1408 1876 ἐστιν
1440 1823 1664 1895 ἀληθὲς,
1699 1824 1836 1895 ὅπερ

1936 639 2150 688 eorum,
2230 624 2508 680 confracta
2581 622 2861 686 nimirum,
2940 631 2993 678 et
3051 621 3284 676 divulsa.
3344 619 3542 676 Vocem

1938 718 2053 786 ipse
2081 732 2187 772 non
2237 716 2376 771 male
2405 716 2474 770 ad
2503 715 2929 782 omnipotentem
2986 714 3271 769 Dominum
3305 713 3509 770 referes
3529 752 3542 777 ,

1938 821 2033 865 aut
2069 811 2136 865 ad
2167 825 2458 878 personam
2500 809 2644 880 regis
2699 807 2982 880 Babylonii
3012 847 3028 874 ,
3065 807 3131 862 de
3162 823 3271 877 quo
3295 807 3406 878 jam
3435 822 3543 861 sae-

1937 918 2004 973 pe
2050 902 2190 957 facta
2217 912 2302 958 est
2327 903 2554 958 mentio.
2584 901 2830 973 Conligit
2858 901 3032 967 enim,
3064 912 3122 955 ut
3145 915 3268 955 cum
3315 899 3544 955 urbibus

1939 996 2206 1052 Samaria:
2259 997 2423 1052 etiam
2460 995 2668 1067 templa
2691 997 2807 1065 ipsa
2843 1000 3233 1059 exurerentur,
3282 999 3339 1048 et
3397 991 3541 1046 idola

1937 1087 2336 1157 diriperentur.
2376 1087 2603 1158 Oportet
2661 1088 2826 1159 igitur
2857 1102 2960 1142 nos
2994 1097 3217 1157 propter
3268 1101 3333 1141 ea
3359 1101 3480 1156 quae
3513 1102 3544 1139 a

1939 1179 2050 1235 Deo
2086 1180 2441 1237 habuerimus
2485 1197 2608 1236 cum
2641 1181 2840 1251 gaudio
2867 1179 3079 1252 gratias
3113 1193 3302 1251 agere,
3333 1194 3440 1233 non
3492 1179 3545 1232 in

1938 1274 2296 1343 amplitudine
2331 1290 2514 1330 rerum
2539 1277 2910 1332 secundarum
2943 1273 3310 1342 oﬂ'cndentes,
3335 1271 3543 1345 aliquid

1941 1368 2049 1424 Deo
2091 1367 2384 1438 displicens
2422 1369 2643 1440 abripi;
2675 1369 2808 1439 quin
2851 1369 3048 1440 .potius
3105 1368 3449 1434 desiderare,
3483 1374 3546 1421 et

1941 1462 2004 1515 ad
2034 1476 2098 1516 ea
2144 1462 2547 1532 promptissime
2593 1462 2900 1532 praestanda
2933 1462 3272 1526 incumbere,
3302 1473 3425 1530 quae
3477 1476 3545 1514 cx

1939 1556 2140 1610 virtute
2195 1555 2426 1627 gloriam
2451 1557 2781 1625 conciliant;
2817 1573 2924 1613 non
2961 1555 3168 1612 divisos
3200 1556 3255 1610 in
3287 1555 3539 1610 aﬂ'ectio-

1941 1665 2038 1704 nes
2102 1649 2429 1714 mundanas,
2463 1660 2518 1705 et
2571 1650 2840 1706 cervicem
2902 1649 3119 1704 Satana:
3168 1649 3542 1718 subjicientes.

1944 1741 2141 1798 Verum
2164 1753 2248 1798 est
2278 1744 2424 1799 enim
2450 1743 2578 1798 illttd
2608 1744 2813 1799 Christi
2842 1761 2855 1798 :
2894 1761 2911 1795 t
2933 1741 3103 1798 Nemo
3129 1749 3307 1813 potest
3331 1741 3544 1796 duobus

1941 1836 2176 1892 dominis
2244 1837 2452 1892 servire
2487 1837 2556 1893 ⁸³.
2595 1856 2624 1889 ›-
2687 1836 2845 1904 Quod
2886 1837 2932 1893 si
2998 1836 3316 1900 dividimur,
3375 1834 3542 1889 etiam

222 1910 321 1983 ἔφη
378 1913 650 1983 Χριστός*
697 1933 716 1965 ι
769 1913 961 1979 Οὐδεὶς
1011 1913 1239 1969 δύναται
1284 1915 1407 1970 δυσὶ
1455 1916 1666 1988 κυρίοις
1713 1917 1825 1970 δου-

1939 1927 2092 1996 jnxta
2157 1943 2348 1985 vocem
2403 1927 2728 1994 Psalmistte,
2785 1945 2808 1982 ι
2852 1935 3041 1998 partes
3099 1925 3343 1998 vulpium
3427 1925 3544 1981 eri—

222 2001 420 2057 λεύειν,
465 2023 483 2055 ι
531 2005 596 2058 Et
629 2004 687 2058 δὲ
724 2005 1091 2076 μεριζόμεθα,
1139 2008 1235 2060 καὶ
1275 2027 1294 2058 ι
1332 2007 1570 2080 Μερίδες
1614 2007 1836 2062 ἀλωπέ-
1869 2001 1911 2012 ”
1941 2037 2062 2078 mus
2090 2022 2158 2077 ει,
2189 2043 2210 2076 ι

221 2109 330 2146 κων
360 2095 634 2166 ἐσόμεθα,
671 2116 691 2149 i
733 2097 876 2149 κατά
909 2098 1009 2168 τὴν
1035 2098 1348 2170 Ψαλμῳδοῦ
1376 2100 1584 2172 φωνήν.

289 2188 448 2240 Διότι
473 2185 597 2240 νῦν
624 2187 860 2256 ἐροῦσι·
895 2191 1022 2242 Οὐκ
1049 2189 1183 2244 ἔστι
1216 2190 1522 2257 ,ϐασιλεὺς
1542 2190 1708 2261 ἡμῖν,
1745 2192 1834 2248 ὅτι

221 2280 330 2333 οὐκ
371 2277 767 2348 ἐφοϐήθημεν
797 2281 905 2334 τὸν
960 2282 1206 2350 Κύριον.
1253 2283 1314 2336 ’0
1348 2282 1418 2337 δὲ
1441 2285 1748 2353 ,ϐασιλεὺς
1777 2290 1834 2342 τί

222 2370 462 2436 ποιήσει
488 2370 677 2440 ήμῖν;
700 2373 916 2428 λαλῶν
931 2375 1175 2446 ῥήματα
1205 2375 1542 2448 προφάσεις
1560 2380 1830 2450 ψευδεῖς,

221 2459 576 2530 διαϐήσεται
603 2463 930 2534 διαθήκην.

287 2555 436 2610 ΡΙΒ’.
482 2557 626 2628 Οὐχὶ
667 2559 831 2628 μόνον
891 2560 1074 2614 αὐτῶν
1113 2562 1499 2635 σεισθήσεσθαι
1532 2566 1601 2622 τὰ
1639 2567 1830 2622 θυσια-

224 2648 442 2719 στήρια,
496 2649 598 2702 καὶ⁹
642 2650 1092 2724 ταλαιπωρήσειν
1123 2655 1230 2727 ἔφη
1262 2656 1363 2721 τὰς
1396 2658 1624 2729 στήλας,
1662 2677 1832 2732 προσ-

221 2741 412 2810 επάγει
442 2739 526 2804 δὲ,
563 2741 649 2794 ὅτι
698 2744 792 2797 καὶ
828 2745 1300 2815 μεταγνώσονται,
1334 2750 1429 2804 καὶ
1464 2751 1832 2823 θρηνήσουσιν

220 2832 310 2886 ἐπί
341 2849 406 2902 γε
442 2837 571 2898 ταῖς
601 2835 756 2905 σφῶν
808 2836 1175 2906 δυσϐουλίαις,
1222 2843 1606 2916 ἡμαρτηκότες
1637 2845 1693 2899 δὲ
1730 2846 1831 2917 τῆς

220 2924 454 2992 ἐλπίδος,
537 2929 634 2980 καὶ
680 2930 1029 3000 ἠπατημένοι
1061 2935 1174 2997 τοῖς
1218 2935 1285 2988 ἐκ
1335 2935 1444 2989 τῶν
1479 2937 1831 3008 κρατούντων

217 3017 732 3092 ψευδηγορήμασιν,
767 3021 864 3092 ὀψὲ
900 3024 996 3079 καὶ
1035 3025 1189 3096 μόλις
1223 3028 1572 3099 συνήσουσιν.
1627 3031 1692 3083 Oi
1731 3031 1830 3102 μὲν

220 3108 323 3183 γὰρ
353 3113 490 3184 παρ’
522 3113 714 3178 αὐτοῖς
751 3115 880 3179 τοὺς
926 3116 1030 3186 τῆς
1063 3117 1345 3188 βασιλείας
1372 3122 1652 3188 διέποντες
1701 3125 1828 3197 θρό-

218 3219 356 3268 νους,
389 3205 658 3274 ἀρκέσειν
688 3204 934 3276 ἔφασκον
963 3209 1148 3274 αὐτοῖς
1183 3213 1264 3275 εἰς
1285 3213 1612 3284 ἐπικουρίαν
1644 3214 1743 3278 τάς
1769 3233 1829 3268 τε

2013 2206 2180 2262 Vens.
2217 2207 2270 2273 5,
2304 2206 2357 2265 4.
2382 2203 2592 2260 Idcirco
2624 2223 2758 2260 nunc
2785 2205 2994 2260 dicent:
3030 2204 3153 2260 Non
3188 2211 3266 2257 est
3307 2217 3398 2256 rex
3447 2217 3545 2253 no-

1939 2297 2037 2364 bis,
2065 2298 2192 2367 quia
2226 2313 2330 2350 non
2361 2297 2631 2351 timuimus
2673 2295 2980 2350 Dominum.
3013 2294 3121 2349 Rea:
3173 2301 3352 2348 autem
3417 2292 3544 2363 quid

1938 2390 2097 2460 faciet
2133 2393 2324 2447 nobis?
2352 2391 2571 2461 loquens
2640 2389 2796 2446 verba
2856 2390 3158 2444 occasiones
3223 2394 3500 2443 mendaces
3528 2427 3542 2452 ,

1936 2483 2177 2553 disponet
2203 2493 2600 2539 testamentum.

2013 2575 2175 2649 1M
2202 2576 2362 2634 CXII.
2391 2576 2508 2633 Non
2553 2577 2731 2634 solum
2770 2591 2962 2632 eorum
3009 2575 3206 2631 altaria
3273 2576 3543 2640 dirutum,

1936 2681 1991 2727 et
2016 2672 2307 2729 simulacra
2333 2687 2587 2729 eversum
2627 2674 2694 2728 iri
2739 2674 2893 2738 dicit,
2923 2674 3021 2728 sed
3061 2673 3212 2728 addit
3241 2673 3430 2738 etiam,
3465 2673 3545 2726 to.

1938 2779 2022 2831 re,
2071 2773 2133 2820 ut
2193 2765 2337 2821 male
2384 2767 2638 2822 consulta
2700 2782 2797 2823 sua
2831 2766 3176 2838 poeaitudine
3202 2775 3258 2822 et
3290 2765 3544 2823 lamentis

1937 2869 2360 2929 prosequantur,
2396 2874 2493 2929 spe
2542 2867 2723 2916 autem
2768 2859 3016 2916 frustrati
3077 2868 3134 2915 et
3196 2858 3542 2915 dominorum

1936 2951 2236 3006 mendaciis
2289 2950 2526 3021 decepti,
2558 2966 2705 3016 sero,
2736 2967 2800 3007 ac
2833 2953 2923 3006 vix
2957 2951 3174 3006 tandem
3210 2950 3538 3020 intelligant.

1935 3043 2039 3111 Qui
2069 3043 2214 3099 enim
2251 3045 2394 3112 apud
2451 3045 2601 3116 ipsos
2649 3045 2910 3101 thronum
2985 3045 3137 3116 regni
3197 3043 3540 3106 obtinebant.

1935 3139 2006 3193 ad
2047 3138 2312 3193 auxilium
2339 3140 2473 3195 satis
2499 3138 2737 3194 futurum
2769 3138 3133 3194 autumabant
3165 3136 3367 3194 vitulos
3439 3152 3542 3192 att-

1937 3245 2082 3300 reos,
2118 3240 2173 3288 et
2195 3231 2420 3287 tutelam
2447 3233 2515 3288 ab
2551 3231 2713 3288 idolis
2741 3233 2983 3300 creteris,
3014 3231 3266 3305 quamvis
3298 3230 3541 3290 divinam

219 3297 426 3366 χρυσᾶς
474 3297 767 3368 δαμάλεις,
817 3301 912 3353 καὶ¹
956 3300 1056 3372 τὴν
1097 3303 1164 3356 ὲκ
1208 3303 1322 3358 τῶν
1368 3305 1546 3360 ἄλλων
1588 3307 1825 3362 εἰδώλων

1939 3322 2104 3395 legem
2139 3341 2248 3380 non
2275 3326 2560 3390 haberent,
2589 3327 2842 3396 quamvis
2867 3336 3140 3398 prazcepIa
3170 3327 3375 3398 Moysis
3429 3345 3537 3382 non

216 3389 547 3456 ἀσφάλειαν,
575 3389 683 3445 κᾶν
709 3393 759 3445 εί
791 3391 868 3464 μὴ
905 3393 997 3447 τὸν
1027 3394 1172 3450 θεῖον
1205 3397 1382 3468 ἔχοιεν
1412 3398 1600 3470 νόμον,
1633 3399 1737 3455 κᾶν
1776 3404 1826 3458 εί

117 3530 144 3564 ο
221 3480 290 3550 μὴ
317 3480 452 3554 δρᾷν
487 3483 698 3538 ἕλοιντο
723 3485 794 3539 τά
825 3485 916 3540 διὰ
942 3487 1211 3553 Μωσέως.
1242 3491 1308 3544 Ἦ
1329 3491 1386 3545 δὲ
1419 3495 1587 3566 πεῖρα
1620 3495 1826 3568 δέδειχε

215 3573 652 3642 ψευδοεποῦντας
683 3577 906 3643 αὐτούς.
933 3580 1235 3636 Τεθέανται
1260 3584 1370 3656 γὰρ
1390 3586 1520 3650 τοὺς
1551 3587 1619 3641 τά
1643 3590 1824 3644 τοιάδε

221 3665 386 3720 πάλαι
416 3667 841 3740 διατιθεμένους
865 3673 1076 3739 αὐτοῖς,
1112 3675 1207 3729 καὶ
1228 3677 1511 3744 ἀσυνέτως
1537 3678 1820 3750 λέγοντας,

216 3760 315 3813 ὑπὸ
349 3763 513 3832 χεῖρα
547 3763 824 3828 πεσόντας
852 3765 1086 3838 ἐχθρῶν.
1129 3787 1149 3820 ι
1190 3769 1490 3843 Ταύτῃτοι,
1531 3775 1687 3844 φασὶ,
1722 3777 1824 3829 οὐκ

216 3852 326 3906 ἐστι
354 3854 616 3923 βασιλεὺς
641 3859 799 3928 ἡμῖν,
829 3858 911 3911 ὅτι
937 3860 1039 3913 οὐκ
1067 3861 1418 3934 ἐφοϐήθημεν
1440 3865 1532 3918 τὸν
1558 3865 1818 3938 Κύριον.»

227 3945 355 3998 Ἰδοὺ
400 3945 538 4018 γὰρ,
583 3949 743 4017 φασὶ,
787 3951 1094 4022 ἐπαμύνων
1129 3955 1327 4023 οὐδεὶς,
1355 3957 1527 4026 ἤγουν
1557 3961 1680 4022 ταῖς
1714 3960 1823 4014 τῶν

218 4034 582 4091 Βαϐυλωνίων
607 4039 823 4110 ἐφόδοις
854 4042 1340 4115 ἀντανιστάμενος.
1382 4048 1523 4102 Ἀλλ’
1549 4051 1822 4123 ήτονήκα-

218 4143 294 4178 σιν
325 4127 607 4193 ἅπαντες·
647 4150 666 4182 ‹
705 4131 982 4186 Λέλυνται
1035 4137 1130 4188 καὶ
1159 4136 1519 4192 πεπτώκασιν
1554 4159 1572 4191 ι
1604 4142 1653 4195 οἱ
1695 4158 1822 4212 προσ

214 4221 530 4288 εστηκότες.
578 4223 864 4293 Πρόφασις
894 4226 952 4280 δὲ
990 4227 1093 4298 τῆς
1139 4229 1458 4301 ἀρρωστίας
1498 4232 1684 4297 αὐτοῖς
1725 4235 1822 4287 καὶ

212 4314 361 4382 ἡμῖν,
400 4315 462 4367 τὸ
503 4335 522 4367 t
557 4317 650 4387 Μὴ
685 4318 1032 4390 πεφοϐῆσθαι
1076 4320 1168 4373 τὸν
1213 4322 1438 4394 Κύριον.
1483 4345 1502 4377 ι
1540 4326 1677 4379 Ποία
1708 4327 1822 4382 τοί-

213 4417 303 4455 νυν
349 4405 384 4474 ή
431 4404 626 4476 ὄνησις
681 4409 747 4460 ὲκ
798 4407 910 4462 τῶν
969 4409 1354 4482 κρατούντων;
1411 4416 1611 4486 φησιν’
1666 4417 1820 4472 οὐδὲν

211 4488 275 4563 ἦν
303 4496 412 4566 ἄρα
463 4498 532 4552 τὰ
577 4500 709 4571 παρ’
753 4502 967 4570 αὐτοῖς,
1009 4505 1060 4557 εί
1110 4505 1186 4578 μὴ
1235 4505 1386 4575 λόγοι
1434 4507 1671 4577 ψευδεῖς,
1725 4513 1822 4566 καὶ

214 4590 516 4661 ματαιότης
588 4593 867 4665 διαθηκῶν
898 4637 912 4662 ,
982 4598 1154 4669 ἤγουν
1221 4599 1592 4671 ὑποσχέσεων.
1657 4605 1819 4669 Ἔθος

210 4678 314 4751 γὰρ
373 4685 445 4754 τῇ
520 4683 644 4758 θείᾳ
706 4687 941 4760 Γραφῇ,
1009 4690 1280 4764 διαθήκας
1350 4670 1650 4750 ἀποκαλεῖν
1716 4697 1817 4763 τὰς
1853 4670 1896 4725 D

209 4771 568 4843 ἐπαγγελίας.

277 4867 452 4937 Σοφὸν
500 4863 598 4922 οὖν
640 4871 773 4941 ἄρα,
828 4874 923 4928 καὶ
973 4877 1178 4942 παντὸς
1219 4879 1441 4934 ἐπαίνου
1491 4881 1710 4952 μεστὸν,
1755 4884 1817 4937 τὸ

209 4962 534 5015 πεποιθέναι
584 4966 790 5034 μᾶλλον
827 4969 921 5022 ἐπὶ
952 4969 1095 5041 Θεῷ,
1128 4973 1226 5026 καὶ
1277 4975 1353 5045 μὴ
1384 4978 1499 5040 τοῖς
1527 4977 1635 5030 τῶν
1675 4977 1817 5031 πλα-

209 5053 425 5108 νώντων
462 5057 847 5130 ἀποφέρεσθαι
881 5061 1082 5131 λόγοις,
1115 5066 1210 5118 ἐπὶ
1231 5066 1293 5119 τὸ
1323 5069 1692 5140 προσκρούειν
1732 5072 1812 5142 τῷ

206 5145 342 5216 Θεῷ,
391 5149 690 5219 ἐμφρόνως
740 5152 798 5205 δὲ
841 5155 1040 5225 μᾶλλον
1076 5157 1183 5228 πρὸ
1233 5159 1426 5229 πείρας
1468 5162 1639 5234 αὐτῆς
1678 5165 1814 5218 ἀπο-

206 5241 394 5309 φοιτᾷν
440 5239 548 5312 τῆς
591 5243 788 5314 ὀργῆς,
831 5248 926 5300 καὶ
975 5249 1049 5320 μή
1086 5251 1183 5320 ὀψὲ
1231 5252 1503 5318 παθόντας
1547 5257 1809 5331 ὀλοφύρε-

208 5331 349 5398 σθαι,
388 5334 552 5403 μόλις
588 5337 670 5400 είς
696 5337 957 5410 ἀνόνητον
991 5342 1170 5408 ἰόντας
1202 5346 1646 5417 ύστεροϐουλίαν.

285 5427 594 5482 Ἀνατελεῖ
606 5428 688 5494 ὡς
706 5429 1007 5500 ἄγρωστις
1029 5438 1209 5506 κρίμα
1230 5438 1329 5490 ἐπὶ
1345 5437 1574 5508 χέρσον
1592 5442 1804 5512 ἀγροῦ,

205 5515 280 5580 τῷ
310 5518 525 5588 μόσχῳ
553 5521 664 5576 τοῦ
691 5521 864 5578 οἴκου
893 5525 999 5580 ὢν.

269 5605 417 5660 P11".
461 5608 528 5660 Ἠ
552 5609 832 5680 ἀγρωστις
866 5615 1062 5684 φύεται
1093 5618 1152 5671 ἐν
1180 5621 1390 5692 ἀγροῖς,
1429 5625 1667 5694 μάλιστα
1694 5631 1808 5693 τοῖς

201 5696 492 5771 ἀνηρότοις
539 5704 636 5758 καὶ
668 5710 1127 5780 κεχερσωμὲνοις,
1148 5716 1584 5788 καταδρὰττεται
1610 5720 1687 5787 δὲ,
1710 5724 1805 5776 καὶ

269 5882 313 5914 ⁸³
352 5879 544 5939 Matth.
586 5897 659 5954 VI,
696 5885 783 5943 ⁵31.
866 5891 909 5922 ⁸³
935 5891 1073 5949 P:.—al.
1114 5909 1244 5960 Lxu,
1277 5897 1357 5952 ll.

1439 5899 1480 5928 ⁸⁵
1510 5900 1650 5956 Ρε.ι1.
1687 5918 1833 5970 χχι-ι,
1860 5903 1913 5956 ‘2.

1929 3427 2236 3472 servarent.
2261 3414 2332 3472 At
2361 3417 2699 3486 experientia
2733 3419 2993 3475 mentitos
3024 3433 3145 3474 esse
3173 3419 3530 3475 demonstra-

1929 3505 2028 3560 vit.
2072 3506 2339 3562 Viderunt
2405 3507 2551 3563 enim
2608 3523 2723 3578 eos,
2777 3511 2870 3580 qui
2921 3511 3198 3580 quondam
3251 3511 3367 3567 huic
3402 3511 3538 3582 ipsis

1930 3598 2378 3667 constituissent,
2413 3607 2468 3654 et
2504 3599 2825 3670 insipienter
2885 3602 3051 3657 locuti
3116 3601 3371 3669 fuissent,
3433 3605 3537 3660 sub

1927 3685 2168 3742 hostium
2223 3689 2484 3745 ditionem
2541 3691 2772 3747 venisse.
2815 3712 2833 3745 ι
2891 3693 3036 3758 Ideo,
3067 3692 3359 3762 inquiunt,
3426 3711 3534 3748 non

1928 3785 2014 3831 est
2043 3793 2138 3832 rex
2170 3779 2346 3844 nobis,
2371 3782 2498 3850 quia
2529 3799 2635 3838 non
2677 3784 2959 3840 timuimus
3007 3785 3359 3840 Dominum.»
3396 3785 3538 3842 Ecce

1926 3869 2070 3923 enim
2111 3869 2283 3938 aiunt,
2320 3874 2616 3941 opitulator
2656 3875 2855 3942 nullus,
2909 3886 3005 3932 aut
3052 3878 3146 3949 qui
3205 3877 3535 3950 Babylonio-

1931 3978 2049 4015 rum
2080 3962 2496 4032 impressionem
2531 3958 2805 4038 excipiat.
2827 3969 2934 4024 Sed
2959 3970 3281 4026 defecerunt
3309 3986 3526 4036 omnes.

1931 4071 1948 4102 ι
1985 4053 2247 4110 inﬁrmati
2318 4067 2446 4113 sunt
2477 4073 2492 4124 ;
2540 4067 2597 4114 et
2647 4061 2965 4117 ceciderunt
2996 4062 3042 4094 ⁸³
3065 4083 3084 4114 ›
3115 4066 3204 4134 qui
3237 4074 3532 4133 praeerant.

1925 4145 2111 4202 Causa
2147 4158 2330 4204 autem
2381 4149 2668 4219 ipsorum,
2694 4161 2749 4208 et
2819 4163 3021 4210 nostra:
3085 4155 3480 4211 ittthecillitatis
3515 4199 3531 4224 ,

1923 4240 2068 4309 quod
2102 4257 2123 4291 ‹
2160 4255 2266 4296 non
2291 4242 2576 4299 timuimus
2609 4245 2954 4301 Dominum.)
2988 4246 3121 4314 Qua:
3153 4263 3286 4318 ergo
3320 4249 3534 4306 utilitas

1923 4349 1991 4388 es
2025 4333 2306 4390 dominis?
2333 4335 2529 4406 inquit.
2569 4336 2713 4393 Nihil
2758 4339 2923 4410 igitur
2944 4348 3066 4395 erat
3093 4341 3239 4411 quod
3306 4341 3533 4398 dictita-

1925 4427 2079 4491 bant,
2121 4427 2229 4483 nisi
2262 4442 2547 4484 sermones
2597 4431 2912 4500 mendaces,
2933 4441 2989 4487 et
3052 4440 3529 4500 testamentorum,

1925 4533 2020 4574 seu
2087 4521 2484 4589 promissorum
2567 4524 2822 4590 vanitas;
2885 4525 3175 4581 consuevit
3244 4526 3389 4582 enim
3450 4527 3532 4583 di-

1927 4611 2048 4666 vina
2120 4613 2406 4684 Scriptura
2507 4617 2900 4686 promissioues
2968 4619 3244 4689 appellare
3347 4629 3531 4678 testa-

1927 4715 2135 4763 lllClllJ.

1999 4882 2231 4953 Sapiens
2282 4885 2465 4956 itaque
2519 4889 2722 4944 factum
2775 4899 2832 4945 et
2888 4891 3040 4946 omni
3102 4893 3261 4949 laude
3308 4894 3528 4965 plenum

1925 4974 2040 5044 pati
2081 4985 2304 5046 propter
2346 4979 2665 5044 Deum,nec
2727 4985 3106 5041 seducentium
3173 4990 3521 5045 sermonibus

1923 5067 1990 5121 ad
2035 5067 2211 5138 ipsum
2251 5070 2632 5129 otl'endendum
2671 5077 2902 5144 abduci;
2962 5080 3057 5134 sed
3117 5091 3244 5136 ante
3297 5082 3526 5150 experi-

1921 5161 2128 5216 entiam
2182 5163 2318 5218 iram
2359 5166 2478 5236 ejus
2523 5165 2835 5238 declinare,
2894 5186 2962 5226 ne
3007 5175 3182 5242 puniti
3225 5174 3338 5242 jam
3397 5189 3524 5232 sero

1920 5254 2537 5328 plorantes,aliqnando
2603 5263 2820 5320 tandem
2861 5267 2926 5320 ad
2950 5271 3250 5337 posteriora
3291 5269 3523 5324 consilia

1922 5348 2193 5404 inutiliter
2228 5353 2648 5411 descendamus.

1994 5441 2124 5496 lum.
2154 5443 2371 5499 Orietur
2393 5448 2528 5500 sicut
2554 5465 2770 5518 gramen
2781 5452 3050 5520 judicium
3077 5470 3231 5524 super
3253 5452 3521 5511 desertum

1920 5537 2058 5606 agri,
2096 5536 2258 5591 vitulo
2287 5538 2476 5594 domus
2507 5539 2603 5596 ὧν.

1989 5630 2170 5689 (ΣΧΗΙ.
2212 5631 2463 5702 Agrestis
2499 5636 2742 5690 nascitur
2775 5639 2827 5691 in
2870 5641 3036 5709 agris,
3094 5642 3324 5700 inaratis
3379 5659 3514 5712 pra!-

1917 5725 2106 5779 sertitn
2147 5734 2200 5780 et
2233 5725 2487 5798 desertis,
2528 5740 2730 5786 terram
2761 5733 2977 5788 obviam
3015 5745 3070 5790 et
3116 5735 3352 5793 vicinam
3396 5751 3517 5792 ina--
