3982 6502
457 407 565 477 945

1456 418 1514 473 S.
1558 417 1833 495 CYRILLI
1870 414 2347 475 ALEXANDRINI
2387 419 2702 476 ARCHIEP.

3630 414 3733 473 illi»

459 558 562 610 gna
595 541 809 600 luxurie
860 540 1178 611 corripiens.
1219 539 1401 611 Serpit
1434 539 1578 595 enim
1626 540 1679 594 in
1718 540 1908 602 latum,
1942 554 2024 594 net

2149 541 2295 612 μάλα
2320 540 2588 605 νεανικῶς
2614 539 2715 611 τῆς
2737 537 3163 610 παρατυχούσης
3213 536 3309 590 καὶ
3334 536 3576 605 γείτονος
3605 534 3728 604 γῆς.

468 633 710 689 cohiberi
765 642 942 703 potest
991 634 1059 689 ab
1095 632 1163 688 iis
1198 632 1291 703 qui
1328 631 1443 701 ejus
1486 630 1628 686 ultra
1689 641 1860 686 metas
1912 646 2039 701 pro-

456 729 799 797 pagationem
833 741 1087 783 coercere
1113 734 1400 781 conantur.
1441 742 1461 776 ι
1484 723 1755 779 Judieium
1792 742 1811 775 ι
1841 723 2037 794 igitur,

460 819 637 889 inquit
691 819 764 891 (a
804 819 916 875 Deo
959 821 1145 888 utique
1173 818 1260 889 ),‹
1294 816 1457 872 veluti
1509 816 1748 885 agrestis
1794 815 2039 885 quaedam

458 922 625 978 super
650 909 920 964 desertum
951 908 1092 979 agri,
1127 907 1405 963 exorietur
1458 908 1628 961 vitulo
1659 906 1853 961 domus
1884 906 1981 959 ὢν.
2015 925 2036 959 ι

458 998 691 1054 Perinde
734 999 872 1055 acsi
913 999 1093 1054 dicat:
1124 998 1401 1053 Sententia
1458 997 1780 1066 perditionis
1843 1004 1897 1051 et
1940 1012 2041 1051 nu—

460 1100 548 1146 tus
601 1092 831 1162 puniens
875 1092 981 1147 erit
1008 1107 1037 1146 a
1071 1090 1631 1159 me.Cornprehendet
1682 1097 1860 1145 autem
1924 1097 2041 1144 tan-

457 1199 622 1248 quam
660 1185 892 1254 agrostis
924 1184 1175 1249 vitulum,
1206 1184 1322 1239 sive
1361 1182 1505 1238 idola
1546 1182 1752 1253 templi,
1793 1182 1937 1252 quod
1958 1192 2042 1238 est

458 1277 510 1330 in
561 1276 790 1342 Betbel;
824 1277 925 1331 hoc
982 1274 1124 1329 enim
1194 1271 1295 1328 sibi
1345 1272 1458 1327 vult
1488 1290 1511 1324 ι
1543 1272 1736 1328 domus
1760 1270 1856 1326 ὢν.
1895 1292 1914 1327 ι
1949 1272 2040 1331 Sic

457 1382 691 1438 namque
723 1366 814 1421 alii
840 1367 1164 1436 interpretes
1205 1364 1513 1428 ediderunt,
1542 1382 1562 1415 ι
1618 1365 1772 1421 vituli
1840 1364 2037 1421 domus

456 1460 664 1514 Betliel.
712 1478 732 1511 ι
793 1460 1150 1528 Septuaginta
1215 1457 1375 1530 145
1443 1473 1575 1513 vero
1636 1473 1734 1528 pro
1788 1477 1810 1511 ε
1846 1458 2039 1514 domus

454 1550 662 1615 Betltel,
697 1550 1129 1606 stranstulerunt
1155 1550 1380 1609 «domus
1426 1548 1526 1607 ὥν.
1559 1568 1579 1602 ι
1613 1550 1847 1605 Causam
1874 1564 2038 1619 supra

2150 636 2373 707 Διέρπει
2412 634 2522 707 γάρ
2551 651 2670 699 πως
2710 635 2792 697 εἰς
2823 632 2884 686 τὸ
2928 631 3085 703 εὐρὺ,
3131 629 3225 683 καὶ
3262 629 3343 682 ἔτι
3383 626 3729 696 δυσκαταγώ-

2150 745 2329 791 νιστος
2369 730 2485 792 τοῖς
2529 727 2811 797 ἀνείργειν
2859 725 3029 795 αὐτῆς
3082 722 3327 778 ἐθέλουσι
3370 721 3462 787 τὸν
3497 707 3589 776 ἀεὶ
3626 719 3731 773 τῶν

2150 822 2575 893 παρακειμένων
2608 819 2869 873 ἐπέκεινα
2910 817 3129 889 δρόμον.
3186 834 3206 867 ι
3239 816 3431 889 Κρίμα
3465 834 3484 867 ι
3527 812 3730 876 τοίνυν,

2148 914 2304 985 φησὶ,
2329 913 2509 985 (δῆλον
2532 912 2609 979 δὲ,
2638 913 2719 967 ὅτι
2746 913 2877 982 παρ’
2914 909 3083 965 αὐτοῦ
3109 908 3207 963 τοῦ
3234 908 3393 977 Θεοῦ)
3429 926 3453 959 ε
3477 905 3731 976 καθάπερ

2148 1004 2427 1076 ἄγρωστις
2454 1003 2542 1055 ἐπ’
2569 1000 2742 1073 ἀγροῦ
2771 1001 2969 1072 χέρσον
3013 997 3262 1053 ἀνατελεί
3291 995 3369 1068 τῷ
3412 996 3598 1067 μόσχῳ
3635 993 3731 1049 τοῦ

2146 1094 2294 1147 οἴκου
2319 1090 2417 1148 ὢν.
2447 1110 2465 1141 ι
2499 1092 2723 1161 Ὅμοιον
2748 1089 2825 1154 ὡς
2853 1090 2902 1142 εἰ
2932 1087 3101 1157 λέγον
3132 1087 3327 1157 Ψῆφος
3366 1083 3611 1155 ὀλέθρου,
3639 1083 3733 1135 καὶ

2147 1186 2324 1256 νεῦμα
2352 1182 2580 1247 κολάζον
2611 1183 2765 1236 ἔσται
2798 1184 2931 1253 παρ’
2954 1180 3112 1252 ἐμοῦ.
3141 1177 3561 1251 Καταδράξεται
3582 1175 3639 1228 δὲ
3656 1175 3733 1237 ὡς

2144 1281 2425 1352 ἀγρωστις
2456 1276 2552 1331 τοῦ
2588 1277 2818 1347 μόσχου,
2855 1275 2973 1346 ἦτοι
2999 1273 3109 1327 τῶν
3141 1272 3503 1343 σε6ασμάτων
3536 1268 3628 1324 τοῦ
3651 1268 3737 1321 ὃν.

2146 1387 2238 1434 τος
2264 1368 2401 1425 ναοῦ
2428 1369 2572 1423 κατά
2602 1367 2700 1438 τὴν
2725 1365 2955 1437 Βαιθὴλ,
3002 1364 3257 1437 σημαίνει
3288 1363 3399 1435 γὰρ
3431 1360 3589 1417 τοῦτο
3628 1380 3646 1411 1
3671 1361 3732 1414 'O

2140 1458 2293 1526 οἶκος
2317 1460 2412 1515 τοῦ
2453 1459 2550 1515 ὢν.
2581 1478 2600 1512 s
2621 1455 2987 1514 Ἑκδεδὼκασι
3013 1457 3114 1527 μὲν
3139 1458 3246 1527 γάρ
3274 1457 3323 1509 οἰ
3352 1456 3531 1527 ἕτεροι
3565 1453 3731 1509 πάλιν

2145 1552 2503 1628 ὲρμηνευταὶ,
2527 1551 2623 1605 τοῦ
2653 1551 2858 1622 μόσχου
2888 1550 2980 1605 τοῦ
3011 1550 3161 1604 οἴκου
3192 1548 3421 1620 Βαιθήλ.
3465 1548 3529 1601 Οἱ
3567 1546 3625 1600 δέ
3664 1563 3733 1615 γε

452 1641 873 1711 explicavimus;
907 1649 1286 1697 verumtamen
1342 1650 1586 1710 repetere
1645 1653 1750 1693 non
1809 1638 2024 1708 pigebit.

2133 1647 2515 1718 Εὸδομήκοντα
2544 1644 2665 1697 ἀντὶ
2714 1642 2807 1697 τοῦ
2865 1660 2889 1695 ε
2921 1641 3072 1696 οἴκου
3121 1640 3348 1713 Βαιθὴλ,
3395 1639 3547 1692 οἴκου
3579 1638 3659 1691 ὣν
3710 1657 3731 1687 ι

452 1733 617 1788 Luna:
651 1734 842 1799 tilium,
871 1734 1002 1790 solis
1050 1742 1299 1803 nepotem
1328 1732 1466 1801 Apin
1521 1729 1765 1802 .Egyptii
1828 1729 2038 1786 fabula-

452 1826 677 1888 bantur,
708 1824 848 1894 apud
882 1838 1020 1894 quos
1057 1822 1140 1878 sol
1167 1831 1253 1877 est
1292 1839 1312 1875 ι
1339 1818 1435 1873 ὥν.
1466 1837 1485 1870 ι
1519 1818 1599 1873 Ad
1638 1825 2033 1886 repraesentan-

2144 1740 2421 1810 εἰρήκασι.
2470 1737 2582 1790 Καὶ
2625 1736 2724 1807 τὴν
2772 1735 2953 1789 αἰτίαν
2993 1734 3093 1806 ἤδη
3146 1732 3484 1803 προείπομεν
3523 1731 3582 1782 ὲν
3617 1731 3738 1793 τοῖς

2141 1830 2419 1901 ἀνωτέρω.
2447 1828 2593 1900 Πλὴν
2618 1827 2773 1881 οὐδὲν
2803 1824 3085 1889 ὀκνοῦντες
3110 1825 3516 1895 ὑπομνήσομεν.
3558 1820 3737 1892 Σελή-

452 1919 579 1973 dum
609 1933 739 1974 vero
766 1918 904 1989 Apin
953 1926 1073 1973 erat
1104 1915 1325 1981 vitulus,
1357 1927 1517 1984 quem
1562 1910 1690 1966 fecit
1720 1908 2024 1967 Jeroboam.

2134 1939 2232 1993 νης
2260 1921 2358 1993 μὲν
2393 1921 2502 1992 γὰρ
2528 1921 2717 1974 τέκνον
2736 1960 2752 1984 ,
2780 1917 3004 1987 ἔκγονον
3036 1919 3094 1972 δὲ
3124 1917 3279 1989 ἡλίου
3306 1916 3399 1970 τὸν
3425 1914 3593 1968 Ἀπιν
3632 1914 3738 1967 Δί-

452 2009 642 2080 ltaque
666 2018 723 2064 ut
746 2009 980 2080 agrostis
1035 2006 1523 2077 comprehenderis,
1562 2006 1757 2075 inquit,
1802 2010 1857 2058 et
1910 2003 2033 2057 vin-

453 2114 584 2154 cens
622 2098 882 2168 quidquid
924 2099 1210 2168 apponitur
1242 2096 1669 2162 obstaculnrutn,
1710 2093 1973 2164 judicium
2008 2107 2037 2146 a

452 2205 540 2245 me
583 2192 925 2245 exercebitur
957 2208 975 2241 ι
1009 2189 1176 2244 vitulu
1208 2189 1403 2244 domus
1455 2187 1584 2253 div,»
1650 2188 1766 2242 sive
1825 2184 2033 2241 Bethel.

453 2284 679 2351 Semper
710 2282 856 2347 enim
904 2281 1146 2337 divinum
1172 2295 1369 2335 numen
1402 2279 1607 2335 viribus
1644 2278 1807 2349 pollet
1865 2277 2038 2332 maxi-

452 2376 577 2441 mis,
602 2384 658 2430 et
690 2374 812 2446 ejus
850 2374 1005 2430 uului
1052 2373 1309 2429 resistere
1374 2372 1506 2427 nihil
1560 2373 1722 2426 valet.
1756 2390 1774 2423 ε
1817 2369 2032 2424 Manum

451 2468 594 2520 enim
663 2466 931 2522 excelsam
998 2466 1121 2537 quis
1176 2473 1386 2520 avertet
1433 2465 1480 2496 ⁸⁸
1527 2464 1550 2517 ?
1592 2482 1611 2515 ι
1669 2474 1726 2519 ιιι
1774 2462 2032 2531 scriptum

449 2567 550 2609 ('Sl.

522 2831 684 2888 Vens.
711 2832 764 2887 5.
794 2830 1068 2903 Peregrini
1082 2842 1131 2886 et
1155 2831 1348 2887 accola:
1376 2842 1527 2886 erunt
1554 2831 1850 2887 habitantes
1914 2828 2020 2887 Sa-

440 2925 699 2990 mariam,
726 2926 851 2995 quia
871 2924 1007 2980 lusit
1038 2924 1260 2995 populus
1290 2924 1405 2994 ejus
1440 2940 1596 2992 super
1631 2941 1771 2979 eum.
1801 2922 1865 2978 Et
1894 2926 2029 2978 sicut

447 3015 888 3071 perturbaverunt
915 3031 1060 3081 sunt,
1086 3015 1386 3085 gaudebunt
1428 3032 1586 3086 super
1633 3015 1858 3086 gloriam
1891 3017 2024 3087 ejus.

514 3205 702 3263 CXIV.
743 3205 823 3262 En
886 3205 1119 3263 dilucide
1172 3206 1413 3263 declarat
1457 3207 1721 3277 judicium
1770 3220 2021 3279 compre-

2141 2015 2361 2086 γύπτιοι
2394 2008 2910 2084 μυθοπλαστοῦντες
2938 2011 3146 2080 ἔλεγον.
3185 2010 3312 2064 «Ὧν
3334 2027 3352 2061 i
3379 2007 3437 2060 δέ
3458 2007 3576 2061 ἐστι
3602 2007 3737 2060 κατ’

2138 2108 2339 2172 αὐτοὺς
2386 2109 2416 2161 ό
2453 2106 2626 2178 ἥλιος.
2664 2105 2761 2169 Εἰς
2793 2105 2966 2168 τύπον
3009 2103 3068 2158 δὲ
3108 2101 3201 2157 τοῦ
3246 2102 3375 2173 παρ’
3406 2098 3738 2169 Αἰγυπτίοις

2141 2199 2368 2262 Ἄπιδος
2393 2200 2426 2267 ἡ
2458 2197 2695 2268 δάμαλις
2720 2192 2819 2267 ἦν,
2845 2197 2913 2268 ἢν
2940 2195 3197 2267 ἐποίησεν
3238 2192 3544 2265 Ἱεροϐοάμ.
3584 2190 3738 2245 Οὐκ-

2135 2290 2249 2355 οῦν,
2279 2291 2356 2354 ὡς
2376 2292 2654 2361 ἀγρωστις
2677 2286 3189 2360 καταδραττομένη,
3213 2285 3370 2359 φησὶ,
3402 2285 3496 2339 καὶ
3514 2283 3738 2338 νικῶσα

2136 2384 2247 2438 πᾶν
2311 2384 2435 2438 ὅσον
2471 2384 2590 2437 ἐστὶ
2622 2381 3031 2451 παρακείμενον
3065 2379 3240 2450 κρίμα
3271 2378 3561 2449 γενήσεται
3592 2394 3673 2428 πα
3684 2376 3737 2446 ρ’

2134 2474 2307 2546 ἐμοῦ,
2354 2494 2372 2527 ι
2409 2473 2487 2546 τῷ
2521 2475 2706 2547 μόσχῳ
2758 2474 2854 2526 τοῦ
2900 2471 3053 2525 οἴκου
3099 2471 3217 2535 ὢν,
3255 2488 3276 2522 s
3327 2470 3447 2541 ἢτοι
3492 2467 3734 2538 Βαιθήλ.

2134 2566 2418 2631 Παναλκὲς
2448 2566 2557 2638 γὰρ
2583 2566 2645 2620 τὸ
2675 2566 2817 2620 θεῖον
2845 2564 2952 2628 ἀεὶ,
2981 2564 3077 2617 καὶ
3108 2564 3221 2626 τοῖς
3248 2560 3415 2616 αὑτοῦ
3453 2559 3743 2631 νεύμασιν.

2130 2660 2285 2715 οὐδὲν
2322 2660 2477 2714 ἔσται
2513 2658 2578 2714 τὸ
2620 2656 3001 2714 ἀντιστατοῦν.
3053 2676 3071 2707 ι
3107 2655 3219 2726 Τὴν
3262 2653 3373 2723 γὰρ
3422 2655 3583 2723 χεῖρα
3620 2650 3737 2723 τὴν

2132 2754 2344 2825 ὑψηλὴν
2378 2753 2466 2816 τίς
2501 2752 2874 2823 ἀποστρέψει;
2914 2770 2933 2804 ι
2977 2748 3119 2805 κατὰ
3148 2747 3210 2801 τὸ
3235 2744 3655 2816 γεγραμμένον.

2200 2846 2696 2917 Παροικήσουσιν
2752 2848 2807 2899 οἱ
2854 2841 3276 2904 κατοικοῦντες
3343 2832 3730 2905 Σαμάρειαν,

2130 2940 2221 2996 ὅτι
2247 2938 2588 3007 ἐπένθησεν
2617 2936 2769 3003 λαὸς
2794 2933 2981 2990 αὐτοῦ
3019 2933 3112 2987 ἐπ’
3142 2930 3349 2988 αὐτόν.
3384 2926 3494 2982 Kal
3523 2925 3732 2991 καθὼς

2130 3030 2587 3100 παρεπίκραναν
2630 3029 2838 3093 αὑτὸν,
2876 3023 3306 3094 ἐπιχαροῦνται
3348 3020 3447 3075 ἐπὶ
3480 3018 3597 3090 τὴν
3626 3017 3732 3074 δό·

2130 3123 2248 3189 ξαν
2272 3120 2481 3177 αὑτοῦ.

2201 3216 2348 3270 ΡΙΔ¹.
2409 3213 2545 3268 ’ἰδοὺ
2590 3212 2655 3283 δὴ
2707 3211 3029 3280 καθίστησιν
3078 3206 3306 3278 ἐναργὲς
3337 3206 3398 3259 τὸ
3428 3204 3607 3277 κρίμα
3664 3203 3739 3259 τὸ.

444 3300 688 3355 hendens
741 3297 989 3365 vitulum,
1020 3308 1076 3354 et
1138 3299 1313 3355 instar
1362 3298 1597 3368 agrestis
1652 3314 1713 3355 se
1761 3299 2021 3354 dilatandi

2133 3281 2764 3376 nataSparsdpevovv'ro'S
2811 3300 3036 3373 μόσχου,
3062 3297 3158 3353 καὶ
3187 3298 3523 3369 ἀγρώστεως
3561 3295 3731 3367 δίκην

442 3390 550 3445 vim
586 3390 815 3457 habens,
847 3400 1036 3447 contra
1067 3405 1186 3461 quae
1207 3391 1318 3447 Deo
1358 3391 1534 3445 visum
1569 3389 1752 3446 fuerit.
1783 3390 2031 3446 Meminit

442 3493 623 3539 autem
669 3491 726 3538 et
765 3498 909 3538 nunc
941 3483 1202 3551 historiae,
1234 3498 1395 3552 quam
1450 3479 1631 3537 afferri
1674 3484 1730 3540 in
1789 3484 2026 3539 medium

441 3588 531 3629 res
606 3573 874 3644 postulat,
908 3574 1067 3631 aliter
1124 3575 1272 3631 enim
1319 3576 1600 3632 oraculum
1644 3576 1787 3632 haud
1843 3577 2024 3647 perci-

444 3664 681 3733 piemus.
737 3664 999 3721 Solebant
1037 3680 1228 3722 omnes
1286 3667 1378 3736 qui
1411 3666 1552 3722 idola
1586 3668 1903 3737 suppliciter
1936 3682 2026 3725 ve-

439 3758 796 3825 nerabantur,
843 3760 1059 3815 miseris
1111 3758 1446 3828 temporibus
1513 3767 1567 3814 et
1630 3759 1879 3815 bostibus
1936 3759 2024 3814 ina

439 3849 780 3919 gruentibus,
811 3850 859 3907 si
906 3851 1086 3922 inopia
1148 3852 1391 3921 pecunize
1448 3849 1915 3917 conﬂictarentur,
1946 3853 2026 3921 ip—

439 3957 500 3998 sa
544 3956 758 4013 quoque
823 3941 1146 4012 templorum
1193 3943 1536 3999 anathemata
1587 3953 1641 3998 et
1678 3943 1903 3999 donaria
1956 3942 2023 3998 ad

436 4049 597 4090 usum
621 4050 775 4091 suum
800 4044 1139 4092 convertere.
1169 4035 1448 4092 Traditum
1476 4048 1559 4094 est
1581 4036 1761 4107 itaque
1792 4037 1845 4091 in
1867 4034 2024 4091 libris

439 4126 672 4199 Regum,
714 4143 843 4199 rege
880 4127 1051 4200 Syriae
1086 4127 1321 4186 Mauaim
1350 4130 1513 4186 urbes
1549 4129 1813 4185 Samaria:
1843 4126 2022 4182 adori-

434 4232 582 4287 ente,
631 4230 743 4276 tum
784 4234 964 4293 regem
996 4222 1236 4290 lsraelis,
1259 4224 1401 4293 quod
1431 4236 1589 4292 pares
1641 4224 1706 4277 ad
1758 4220 2020 4275 resisten-

436 4315 562 4368 dum
615 4316 802 4386 copias
849 4329 955 4370 non
1000 4315 1247 4381 haberet,
1282 4315 1350 4371 ad
1401 4313 1633 4370 Phulam
1671 4311 2018 4383 Assyriorum

433 4423 616 4478 regem
662 4408 868 4479 legatos
912 4409 1144 4475 misisse,
1191 4423 1425 4476 eumque
1480 4406 1640 4461 donis
1693 4404 2017 4475 impulisse,

433 4498 510 4551 uti
551 4513 612 4555 se
668 4496 973 4568 adjuvaret,
1000 4507 1056 4553 et
1083 4496 1280 4569 Syrum
1331 4495 1647 4565 depelleret;
1680 4494 1823 4564 quod
1848 4502 1903 4550 et
1931 4491 2016 4549 fa-

431 4598 579 4642 ctum
635 4600 737 4645 est.
776 4587 835 4644 Vi
873 4589 1019 4644 enim
1051 4597 1108 4644 et
1160 4588 1359 4642 virtute
1414 4586 1736 4641 Damascum
1780 4600 2016 4655 occupa—

2127 3399 2519 3473 ὲξευρύνεσθαι
2549 3397 2818 3467 πεφυκὸς,
2841 3394 2963 3449 καθ’
2993 3387 3182 3465 ὧνπερ
3209 3393 3276 3448 ἂν
3299 3391 3543 3463 βούλοιτο
3560 3390 3725 3454 Θεός.

2141 3493 2407 3566 Ἱστορίας
2443 3491 2501 3545 δὲ
2530 3489 2901 3561 διαμέμνητοιι
2932 3487 3027 3542 καὶ
3054 3485 3166 3549 νῦν,
3197 3487 3264 3557 ἣν
3299 3486 3605 3554 ἀναγκαῖον
3643 3486 3728 3538 si-

2134 3589 2278 3639 πεῖν·
2315 3585 2638 3656 συνήσωμεν
2665 3580 2775 3652 γὰρ
2805 3579 2923 3643 ὡδὶ,
2958 3578 3163 3648 καὶούχ
3183 3576 3408 3649 ἑτέρως,
3427 3575 3490 3628 τὸ
3508 3591 3734 3645 χρησμ-

2124 3674 2448 3748 ῳδούμενον.
2488 3672 2650 3736 Ἐθος
2687 3667 2756 3742 ἦν
2794 3670 2971 3724 ἅπασι
3000 3671 3111 3732 τοῖς
3140 3666 3375 3721 εἰδώλων
3405 3682 3737 3736 προσκυνη-

2121 3770 2268 3832 ταίς,
2301 3765 2496 3839 καιροῦ
2521 3762 2964 3825 καταθλίϐοντος,
2990 3754 3085 3815 καὶ
3108 3758 3386 3829 πολεμίων
3408 3757 3731 3827 ἐφεστηκό-

2121 3877 2253 3925 των,
2287 3861 2337 3913 εἰ
2367 3860 2426 3913 ὲν
2463 3855 2642 3926 ἐνδείᾳ
2674 3854 2920 3923 γένοιντο
2956 3853 3278 3925 χρημάτων,
3310 3849 3582 3906 ἅπτεσθαι
3625 3850 3732 3903 καὶ

2123 3946 2304 4002 αὐτῶν
2336 3944 2445 4000 τῶν
2478 3945 2536 3999 ὲν
2578 3945 2693 4007 τοῖς
2723 3942 3008 4012 τεμένεσιν
3054 3941 3443 4013 ἀναθημάτων.
3498 3942 3733 4011 Γέγρα-

2124 4056 2257 4092 πται
2283 4037 2463 4091 τοίνυν
2507 4036 2567 4088 ὲν
2604 4036 2724 4099 ταῖς
2763 4034 3106 4100 Βασιλείαις,
3157 4036 3241 4091 ὅτι
3293 4028 3732 4105 πολιορκοῦντος

2122 4129 2219 4192 τὰς
2256 4129 2316 4183 ὲν
2354 4126 2643 4200 Σαμαρείᾳ
2684 4125 2868 4189 πόλεις
2907 4125 3001 4180 τοῦ
3035 4126 3299 4196 βασιλέως
3330 4127 3558 4197 Συρίας,
3594 4128 3734 4180 Μα-

2121 4222 2278 4292 ναῒμ,
2317 4222 2379 4275 τὸ
2408 4222 2666 4293 τηνικάδε
2718 4221 3019 4292 βασιλεύων
3042 4222 3135 4276 ἐπὶ
3176 4223 3268 4276 τὸν
3309 4219 3549 4292 Ἰσραὴλ,
3591 4215 3732 4275 εἶτα

2121 4317 2242 4376 ταῖς
2277 4315 2420 4381 ῐσαις
2452 4316 2748 4386 δυνάμεσιν
2773 4316 3164 4384 ἀντιφέρεσθαι
3206 4315 3342 4386 πρὸς
3368 4316 3580 4368 ἐκεῖνον
3614 4315 3732 4369 οὐκ

2119 4407 2283 4478 ἔχων,
2316 4406 2685 4479 ὲπρεσϐεύετο
2716 4408 2854 4479 πρὸς
2884 4409 3092 4464 Φούλαν
3121 4407 3213 4461 τὸν
3250 4406 3361 4460 τῶν
3404 4406 3735 4477 ’Δσσυρίων

2123 4500 2364 4573 βασιλέα,
2398 4501 2492 4554 καὶ
2524 4499 2718 4572 δώροις
2752 4501 3035 4556 ἀνέπειθεν
3073 4499 3355 4570 ἐπαμῦναι
3381 4499 3440 4552 τέ
3468 4499 3557 4564 οἰ,
3617 4500 3731 4554 καὶ

2120 4594 2427 4665 ἀποστῆσαι
2451 4592 2544 4647 τὸν
2582 4593 2777 4665 Σύρον,
2804 4594 2835 4647 ὃ
2866 4594 2931 4667 δὴ
2956 4595 3051 4648 καὶ
3076 4593 3407 4649 τετέλεσται.
3439 4585 3568 4645 Εἷλε
3598 4593 3730 4664 γὰρ

433 4683 528 4748 vit,
564 4685 850 4754 ipsumque
891 4684 1037 4737 Ader
1092 4679 1389 4734 interfecit.
1430 4679 1595 4733 Aiunt
1637 4680 1823 4749 igitur,
1871 4684 2017 4750 quod

2133 4661 2331 4751 ἐκεῖνος
2364 4687 2509 4741 κατά
2549 4661 2752 4758 κράτος
2786 4686 2884 4757 τὴν
2918 4661 3238 4757 λαμασκόν.
3258 4685 3629 4755 Ἀποσφάττει
3659 4661 3731 4740 δέ.

430 4791 551 4829 cum
587 4777 774 4847 ingens
807 4775 922 4830 auri
947 4772 1155 4844 pondus
1178 4782 1526 4840 quaereretur,
1552 4771 1603 4826 in
1631 4788 1723 4829 eas
1741 4775 2018 4844 angustias

430 4868 664 4923 Manaim
711 4868 1015 4939 conjectum
1071 4880 1213 4933 esse,
1258 4874 1314 4919 ut
1345 4881 1509 4920 unum
1539 4848 1756 4936 quoque
1787 4867 2011 4923 vitulum

431 4977 655 5017 aureum
707 4960 1074 5021 subtraheret,
1110 4969 1165 5012 et
1219 4973 1314 5028 per
1347 4958 1552 5029 legatos
1600 4960 1706 5014 illis
1735 4961 2014 5017 transmit-

430 5064 588 5108 teret.
638 5052 910 5121 Lnxitque
940 5048 1126 5114 Israel,
1153 5066 1299 5116 cum,
1338 5066 1499 5121 quem
1555 5053 1783 5120 putabat
1810 5053 2004 5121 Deum,

426 5147 535 5203 alio
568 5145 709 5200 mitti
748 5142 1110 5213 conspiceret.
1143 5144 1425 5199 Credebat.
1444 5144 1815 5210 nihilominus,
1839 5144 2008 5201 frivo-

426 5240 491 5294 lis
570 5238 871 5294 rationibus
915 5250 975 5292 se
1039 5236 1211 5305 ipsum
1290 5237 1601 5303 consolans,
1654 5237 2005 5309 Babylonium

425 5333 572 5387 hunc
623 5330 849 5385 vitulum
890 5329 942 5383 in
994 5330 1192 5399 templo
1256 5329 1460 5399 majore
1487 5341 1541 5385 et
1570 5333 1866 5390 illustriore
1895 5334 2008 5390 col-

420 5423 748 5480 locuturum.
805 5422 1067 5479 Praeterea
1097 5440 1125 5478 a
1163 5425 1404 5493 pluribus
1441 5426 1689 5495 gentibus
1719 5428 2001 5481 adoratum

421 5515 490 5570 iri
544 5515 869 5584 opinabatur
894 5534 907 5570 :
935 5532 1099 5587 quam
1136 5517 1379 5588 plurimae
1405 5518 1671 5588 siquidem
1713 5517 1999 5577 Persarum

420 5616 477 5661 et
542 5604 820 5661 Medorum
869 5623 1058 5676 gentes
1125 5621 1501 5666 numerantur.
1544 5610 1778 5666 Manaim
1843 5611 2004 5682 igitur

419 5698 649 5754 vitulum
681 5707 739 5754 ut
769 5708 907 5768 erat,
947 5710 1119 5758 totum
1166 5719 1231 5760 ex
1293 5718 1423 5759 auro
1489 5719 1627 5774 puro
1684 5712 1812 5773 puto
1866 5720 2001 5761 con-

504 5881 548 5913 “
572 5879 671 5936 La.
708 5898 819 5951 xiv,
850 5883 939 5938 27.

2121 4780 2214 4834 καὶ
2241 4780 2404 4834 αὐτὸν
2434 4779 2525 4832 τὸν
2537 4779 2736 4863 κἈδερ.
2766 4779 2902 4833 Φασί
2933 4780 3134 4846 τοίνυν,
3161 4780 3243 4832 ὅτι
3284 4778 3544 4849 πλείστης
3574 4778 3731 4849 ὅσης

2116 4872 2285 4943 ὁλκῆς
2309 4870 2650 4943 ζητουμένης
2676 4871 2921 4943 χρυσίου,
2939 4871 3203 4943 περιέστη
3230 4870 3417 4925 λοιπὸν
3445 4872 3525 4933 εἰς
3544 4868 3730 4924 τοῦτο

2115 4962 2194 5033 τῷ
2220 4959 2451 5031 Μαναῒμ
2501 4960 2748 5032 ἀνάγκης
2770 4961 2841 5015 τὰ
2869 4962 3196 5032 πράγματα,
3236 4960 3314 5024 ὡς
3338 4963 3432 5014 καὶ
3462 4958 3594 5030 μίαν
3621 4961 3731 5016 δά-

2118 5054 2285 5127 μαλιν
2317 5052 2613 5123 ὑφελέσθαι
2652 5052 2882 5125 χρυσῆν,
2914 5054 3009 5108 καὶ
3033 5053 3451 5107 συναποστεῖλαι
3478 5052 3573 5106 διὰ
3596 5052 3731 5107 τῶν

2118 5145 2423 5218 πρέσϐεων.
2454 5145 2564 5199 Καὶ
2592 5144 2895 5217 τεθρήνηκε
2928 5145 3027 5216 μὲν
3048 5143 3329 5216 ὁἹσραὴλ,
3357 5147 3425 5215 ἣν
3452 5145 3728 5215 ἐνόμιζεν

2114 5234 2255 5293 εἶναι
2285 5238 2440 5302 Θεὸν,
2480 5239 2912 5309 ὲκπεμπομένην
2939 5238 3103 5310 ὁρῶν.
3135 5239 3293 5310 ᾯετό
3331 5254 3393 5306 γε
3428 5237 3560 5307 μὴν,
3595 5238 3725 5307 ψυ-

2117 5333 2269 5401 χροῖς
2299 5330 2489 5385 ἑαυτὸν
2517 5329 2797 5401 λογισμοῖς
2841 5327 3360 5399 παραμυθούμενος,
3386 5328 3463 5391 ὡς
3491 5329 3550 5380 ὲν
3582 5330 3728 5397 μεί-

2115 5423 2266 5489 ζοσιν
2302 5422 2589 5489 ἔσται,καὶ
2614 5420 3022 5492 λαμπροτέροις
3055 5420 3227 5491 αὐτὴν
3254 5420 3524 5491 ὲνιδρύσει
3550 5422 3725 5486 ναοῖς

2110 5520 2138 5572 ὁ
2172 5515 2531 5579 Βαϐυλώνιος.
2582 5514 2824 5567 Διέκειτο
2859 5513 2915 5566 δὲ
2944 5513 3078 5582 πρὸς
3110 5513 3321 5576 τούτοις
3348 5558 3361 5579 ,
3408 5514 3490 5566 ὅτι
3530 5530 3725 5587 προσ-

2111 5610 2480 5682 κυνηθήσεται
2528 5608 2624 5662 καὶ
2652 5605 2800 5679 παρά
2835 5605 3102 5660 πλειόνων
3143 5606 3334 5661 ἐθνῶν·
3385 5604 3553 5677 μυρία
3585 5606 3723 5676 γὰρ

2111 5707 2210 5759 ὅσα
2241 5704 2357 5758 ἐστὶ
2394 5702 2462 5758 τὰ
2489 5700 2714 5775 Περσῶν
2741 5718 2801 5757 τε
2830 5701 2923 5757 καὶ
2958 5700 3160 5773 Μήδων
3200 5700 3347 5772 ἔθνη.
3388 5700 3445 5754 '0
3470 5698 3569 5771 μὲν
3599 5697 3721 5755 οὖν
