3982 6470
235 398 332 455 245

1140 390 1700 450 COMMENTARIUS
1739 393 1808 449 IN
1850 394 2086 451 OSEAM
2121 396 2563 452 PROPHETAM.

3386 402 3509 459 Ξιϐι

231 514 457 585 Μαναῒμ,
476 512 552 575 ὡς
579 509 704 582 ὅλην
731 502 898 564 οὖσαν
925 510 1102 564 διόλου
1144 515 1378 585 χρυσῆν,
1412 514 1671 586 πέπομφε
1700 515 1800 586 τὴν

1923 516 2090 571 latum
2146 518 2314 573 misit.
2356 516 2516 588 146
2561 517 2730 583 Quem
2783 515 2979 571 Pliulas
3033 526 3314 587 acceptum
3367 534 3498 577 con.

230 607 533 679 δάμαλιν.¹0
583 605 637 657 δέ
673 621 739 672 γε
768 604 979 668 Φούλας
1024 605 1319 660 συνέθλασε
1355 606 1569 662 λαϐὼν·
1607 608 1797 680 ἕτερον

232 704 325 773 γὰρ
354 701 478 769 παρ’
528 698 758 762 ἐκείνοις
788 698 850 751 τὸ
887 698 1073 765 σέϐας,
1125 700 1219 754 καὶ
1250 700 1539 771 δαμάλεως
1570 701 1669 754 ούκ
1698 702 1796 755 άν-

234 797 441 865 έχονται.
489 786 623 846 Εἷτά
665 809 831 864 φησιν
891 792 987 862 οὐχ
1037 792 1317 865 ηὑρῆσθαι
1375 795 1620 865 χρυσῆν,
1668 795 1800 848 ὑπό..

232 885 406 955 χαλκον
433 883 486 935 δὲ
518 881 741 953 μᾶλλον,
768 882 960 952 χρυσῷ
995 883 1475 955 διαπεπασμένην.
1493 884 1798 949 Ἐντεῦθεν,

232 978 395 1050 φησιν,
410 979 437 1030 6
452 974 740 1047 Ἀσσύριος
767 976 1001 1044 ἐγέλασε
1018 977 1111 1031 τὸν
1140 978 1403 1051 Ἐφραῒμ,
1418 979 1690 1047 τουτέστι,
1709 980 1800 1034 τὸν

230 1068 455 1139 Μαναῖμ,
506 1067 599 1122 τὸν
647 1070 713 1121 ἐκ
757 1069 933 1139 φυλῆς
975 1070 1217 1142 Ἐφραῖμ
1286 1071 1666 1142 βασιλεύοντα.
1714 1076 1803 1126 Δι-

230 1164 405 1216 έπτυσε
448 1160 503 1215 δὲ
541 1161 679 1232 πρὸς
718 1161 896 1233 τούτῳ
932 1164 1028 1216 καὶ
1080 1163 1180 1228 τὰς
1214 1164 1308 1217 τοῦ
1352 1164 1567 1236 Ἰσραὴλ
1604 1166 1802 1218 εἰκαιο-

231 1255 446 1317 6ουλίας.
482 1254 785 1325 Είρηκότες
812 1255 877 1326 δὴ
924 1251 1018 1308 οὖν
1055 1257 1157 1328 τῆς
1198 1256 1461 1328 ἱστορίας,
1495 1259 1664 1329 ἤγουν
1705 1257 1804 1329 τῆς

241 1347 481 1419 Ἐϐραίων
518 1346 876 1417 παραδόσεως
908 1346 999 1400 τὸν
1028 1347 1208 1417 λόγον,
1260 1348 1391 1421 φέρε
1418 1348 1605 1402 λοιπὸν
1644 1349 1806 1417 ἀναγ-

233 1441 379 1503 καίως
404 1438 785 1510 ἐπιτρέχωμεν
806 1439 903 1511 τὴν
921 1439 1087 1504 λέξιν,
1116 1440 1500 1505 Δυσκάτοπτος
1526 1441 1655 1513 γὰρ,
1682 1442 1805 1495 ’Ότι

236 1530 637 1601 παροικήσουσιν
678 1532 726 1583 οἱ
768 1530 1156 1596 κατοικοῦντες
1183 1532 1525 1604 Σαμάρειαν,
1560 1534 1622 1587 τὸ
1660 1550 1804 1606 παρ-

235 1622 549 1693 οικήσουσιν,
594 1622 719 1675 ἀντὶ
758 1621 853 1675 τοῦ
904 1624 1348 1694 μετοικήσουσιν,
1396 1625 1516 1696 ἦτοι
1567 1642 1807 1697 μετοικιο

235 1712 508 1785 σθήσονται,
543 1715 735 1785 φησιν,
763 1714 813 1767 oi
841 1713 934 1769 νῦν
957 1714 1108 1779 ὄντες
1134 1717 1193 1770 έν
1224 1717 1530 1789 Σαμαρείᾳ.
1554 1717 1719 1785 Λέγει
1748 1716 1806 1771 δὲ

232 1809 335 1870 sub;
361 1806 613 1877 μόσχους,
634 1806 755 1878 ἦτοι
776 1806 876 1871 τὰς
924 1807 1187 1879 δαμάλεις
1228 1807 1652 1880 ἐξεπέμφθησαν
1674 1809 1805 1880 γὰρ,

232 1902 293 1963 ὡς
319 1899 463 1969 ἔφην,
498 1901 583 1963 είς
618 1900 1021 1965 Βαϐυλωνίους.
1058 1920 1077 1954 ‹
1130 1902 1243 1955 Καὶ
1286 1901 1552 1974 ἐπένθησε
1585 1902 1686 1973 μὲν
1716 1902 1803 1955 ἐπ’
1840 1880 1882 1936 Β

232 1993 391 2054 αὐτοῖς
424 1994 452 2046 6
482 1992 616 2056 λαὸς
646 1992 839 2047 αὑτοῦ.
880 2012 900 2045 ι
946 1994 1107 2058 Τίνος
1134 1995 1193 2047 δὲ
1223 1993 1424 2061 αὑτοῦ;
1458 1995 1491 2066 ἢ
1516 1993 1698 2066 δῆλον,
1721 1994 1804 2049 ὃτι

1902 610 2064 681 fregit
2096 629 2110 677 ;
2138 610 2281 664 aliud
2325 611 2469 665 enim
2518 623 2717 664 umnen
2778 610 2988 680 Assyrii
3038 609 3245 676 colunt,
3289 627 3390 667 nec
3422 614 3500 667 vi-

1904 703 2075 755 tulum
2123 702 2427 771 patiuntur.
2462 700 2656 755 Postea
2688 715 2792 755 non
2839 701 3071 771 amplius
3103 717 3350 769 aureum,
3404 706 3499 761 sed

1901 806 1967 847 ex
2001 807 2107 847 aere
2131 806 2370 860 auroque
2403 792 2746 848 commistum
2783 794 3059 849 exstitisse
3093 807 3336 852 narrant.
3364 796 3501 853 lliuc

1901 884 2186 956 Assyrium
2216 885 2453 940 irrisisse
2500 885 2779 956 Ephraim,
2820 886 2922 941 hoc
2970 896 3074 952 est,
3128 887 3357 942 Manaim
3415 905 3499 943 re-

1902 992 2022 1047 gem
2082 978 2149 1033 de
2211 977 2353 1033 tribu
2379 977 2659 1048 Ephraim,
2705 986 2762 1033 et
2791 979 3079 1033 stultitiam
3115 979 3334 1036 lsraelis
3364 995 3498 1036 cou~

1907 1072 2209 1141 tempsisse.
2232 1071 2487 1142 Exposita
2516 1071 2678 1142 igitur
2710 1071 2960 1139 historia,
2985 1074 3099 1128 sive
3148 1072 3503 1129 llebraaorum

1907 1162 2214 1229 traditione,
2254 1178 2351 1234 age
2385 1163 2638 1234 deinceps
2670 1164 2833 1220 verba
2870 1173 3157 1220 contextus
3186 1206 3201 1232 ,
3235 1176 3292 1219 ut
3337 1166 3504 1220 debe-

1907 1272 2051 1324 mus,
2089 1272 2497 1329 percurramus.
2544 1257 2765 1313 Miuime
2810 1260 2954 1314 enim
3046 1261 3330 1331 perspicua
3419 1269 3505 1315 est

1907 1365 2093 1407 eorum
2154 1350 2442 1406 sententia.
2503 1348 2644 1405 Dicit
2713 1351 2877 1418 igitur
2942 1352 3155 1407 accolas
3220 1351 3338 1407 fore
3399 1352 3503 1407 ha-

1908 1441 2148 1496 bitantes
2203 1440 2531 1496 Samariam.
2581 1440 2795 1498 Accolae
2840 1452 3022 1507 erunt,
3082 1457 3203 1513 pro,
3246 1445 3507 1499 transmi-

1908 1530 2139 1597 grabunt
2196 1531 2303 1586 alio
2347 1531 2672 1599 habitatum,
2726 1548 2822 1588 seu
2880 1534 2987 1589 alio
3030 1534 3502 1590 ad'habitandum

1910 1622 2315 1678 transferentur
2347 1623 2538 1679 incolae
2572 1624 2854 1680 Samarize.
2881 1624 3000 1692 Quo
3029 1627 3248 1682 nomine
3278 1627 3499 1693 vitulos,

1910 1729 2005 1771 seu
2051 1715 2273 1771 buculas
2314 1717 2604 1785 intelligit;
2637 1719 2703 1772 ad
2734 1718 3058 1791 Babylonios
3112 1720 3259 1774 enim
3318 1720 3499 1775 missa:

1910 1815 2059 1873 sunt,
2108 1818 2167 1862 ut
2214 1808 2392 1863 docui.
2425 1827 2443 1861 ι
2471 1808 2537 1863 Et
2567 1809 2707 1865 luxit
2766 1825 2930 1881 super
2979 1811 3046 1867 iis
3072 1812 3300 1882 populus
3330 1810 3501 1881 ejus.»

1912 1897 2205 1967 Cujusnam
2262 1899 2513 1969 ejus?an
2567 1900 2668 1969 ὢν,
2727 1903 2778 1957 id
2828 1912 2930 1970 est,
2965 1903 3194 1973 Apidis?
3224 1902 3512 1958 Verumta-

1908 2005 2062 2058 men,
2119 1995 2577 2063 quemadmodum
2634 1996 2732 2051 visi
2792 2005 2940 2063 suut,
2996 1996 3193 2067 inquit,
3236 2013 3360 2052 eum
3413 2011 3512 2051 e1-

231 2086 309 2140 τοῡ
334 2086 421 2152 ὢν,
449 2087 477 2140 ὃ
498 2090 646 2154 ἐστι,
668 2087 765 2141 τοῦ
786 2087 1047 2154 ’Δπιδοςς
1080 2087 1221 2161 πλὴν
1241 2088 1316 2152 ὡς
1342 2086 1621 2159 ὤφθησαν,
1642 2088 1800 2159 φησὶ,

1923 2084 2163 2141 icerbare
2192 2095 2249 2142 et
2295 2097 2646 2144 contemnere
2683 2090 2810 2143 dum
2838 2090 2960 2145 aliis
2993 2090 3244 2156 mittunt,
3282 2091 3357 2146 ita
3411 2090 3507 2145 lae-

236 2180 773 2251 παραπικραίνοντες,
818 2180 914 2235 καὶ
956 2179 1319 2251 ἀτιμάζοντες
1366 2180 1531 2236 αὑτὸν
1573 2180 1663 2234 διὰ
1707 2180 1803 2235 τοῦ

1926 2176 2160 2233 abuntur
2176 2180 2520 2250 supergloria
2543 2180 2682 2252 ejus.
2703 2182 3260 2238 Existimabuntenim
3287 2200 3314 2238 a
3340 2183 3517 2253 plnri'

235 2272 444 2343 πέμπειν
493 2273 734 2344 ἑτέροις,
784 2273 931 2326 οὕτω
985 2272 1316 2343 ἡσθήσονται
1351 2273 1444 2327 ἐπὶ
1496 2273 1596 2346 τὴν
1648 2272 1804 2340 δόξαν

236 2364 393 2418 αὐτού.
417 2363 693 2437 Νομιοῦσι
721 2364 854 2436 γὰρ,
878 2365 960 2419 ὅτι
991 2364 1088 2418 καὶ
1118 2364 1253 2419 πολὺ
1277 2364 1398 2419 λίαν
1425 2364 1815 2436 εύκλεέστερος

236 2456 382 2525 ἐσται,
428 2458 584 2529 παρὰ
622 2457 889 2511 πλειόνων
921 2456 1094 2511 ἐθνῶν
1128 2457 1632 2529 προσκυνούμενος.
1673 2456 1814 2511 Ἀλλ’

237 2549 562 2621 ἡμαρτήκασι
611 2549 716 2620 τῆς
766 2549 1005 2613 ἐλπίδος.
1042 2548 1490 2621 Συντέθραυσται
1542 2548 1675 2621 γὰρ,
1717 2548 1815 2602 καὶ

238 2640 441 2708 γέλωτος
466 2640 703 2712 ἀφορμὴ
743 2644 856 2706 τοῖς
883 2640 1251 2704 Βαϐυλωνίοις
1294 2636 1385 2711 ἦν.
1416 2638 1629 2694 Οὐκοῦν
1662 2656 1815 2694 τεταρ-

237 2733 562 2806 λαιπώρηκεν
616 2736 651 2805 ἡ
700 2734 871 2806 στήλη
929 2733 1112 2787 αὐτῶν
1158 2731 1299 2786 κατὰ
1352 2731 1451 2804 τὴν
1501 2731 1668 2785 αὐτοῦ
1717 2730 1813 2785 τοῦ

238 2829 493 2899 προφήτου
532 2827 750 2898 φωνήν.
783 2826 1217 2904 Παρεπίκραναν
1249 2826 1306 2878 δὲ
1338 2824 1430 2879 τὸν
1465 2825 1693 2895 μόσχον,
1717 2823 1818 2893 οὐχ

235 2921 304 2975 ὅτι
348 2920 782 2995 παρεπικράνθη
833 2918 978 2974 κατὰ
1020 2919 1083 2973 τὸ
1130 2916 1363 2989 ἀληθέςο
1423 2916 1541 2981 πῶς
1586 2916 1694 2989 γὰρ
1751 2913 1817 2969 ἂν

238 3014 370 3068 τοῦτο
421 3013 704 3068 πέπονθεν
754 3010 1085 3084 ἀναίσθητος
1119 3010 1253 3083 ὒλη;
1290 3009 1407 3065 ἀλλ’
1442 3010 1525 3063 ὅτι
1565 3007 1675 3062 τῶν
1723 3008 1818 3076 ὲγ-

1910 2270 2013 2326 bus
2045 2271 2299 2341 gentibus
2350 2272 2637 2329 adoratum
2668 2274 3043 2345 gloriosiorem
3087 2274 3355 2331 futurum.
3404 2277 3513 2331 Sed

1922 2363 2115 2421 fefellit
2162 2380 2257 2422 eos
2286 2381 2434 2437 spes.
2481 2365 2803 2423 Confractus
2829 2368 2997 2433 enim,
3060 2369 3288 2424 materia
3360 2368 3506 2423 risus

1922 2466 1978 2514 et
2023 2457 2129 2527 ioci
2170 2458 2490 2530 Babyloniis
2542 2460 2668 2515 fuit.
2701 2460 2970 2527 Quocirca
3014 2459 3271 2517 alllictum
3307 2470 3392 2515 est
3437 2462 3515 2516 si-

1921 2547 2223 2604 mulacrum
2257 2549 2522 2619 ipsorum,
2570 2558 2632 2604 ut
2663 2551 2751 2605 hic
2783 2552 2896 2621 ipse
2923 2552 3187 2622 propheta
3223 2551 3375 2607 dicit.
3402 2552 3511 2606 Ex-

1922 2641 2321 2697 acerbaverunt
2348 2651 2531 2697 autem
2564 2642 2811 2710 vitulum,
2847 2657 2954 2698 non
3004 2645 3129 2713 quia
3183 2659 3373 2699 revera
3410 2657 3529 2697 ex-r

1923 2732 2211 2790 acerbatus
2262 2735 2332 2791 sit
2359 2733 2379 2809 (
2407 2736 2500 2804 qui
2529 2736 2675 2791 enim
2715 2737 2796 2793 sic
2845 2736 3150 2792 afﬁceretur
3206 2751 3290 2791 res
3320 2752 3514 2792 sensus

1922 2835 2119 2894 expers
2140 2822 2208 2895 ?),
2245 2826 2342 2880 sed
2392 2826 2519 2895 quia
2562 2826 2690 2882 facti
2750 2835 2943 2882 natura
2992 2828 3166 2899 ipsum
3221 2828 3533 2893 irritasset,.

1925 2916 1970 2971 si
2013 2930 2139 2971 vere
2203 2917 2339 2973 deus
2408 2917 2643 2987 fuisset,
2679 2928 2735 2975 et
2790 2930 2980 2975 eventa
3029 2936 3127 2977 sua
3180 2922 3382 2977 sentire
3425 2937 3517 2993 po-

1928 3009 2142 3065 tuisset.

238 3108 566 3179 χειρημάτων
605 3106 641 3176 ἠ
678 3103 910 3176 δύναμις
971 3102 1329 3175 παρὼργισεν
1367 3101 1435 3157 ἂν
1469 3100 1652 3168 αὑτὸν,
1694 3100 1850 3170 εἴπερ
1889 3094 1958 3171 ἦν
2022 3100 2197 3166 ὅντως
2237 3102 2381 3170 θεὸς,
2419 3103 2512 3157 καὶ
2546 3103 2603 3157 ὲν
2642 3102 2893 3175 αἰσθήσει
2922 3104 3018 3159 τοῦ
3047 3103 3240 3159 παθεῖν
3269 3103 3337 3158 τὰ
3374 3119 3515 3175 συμ-

238 3201 481 3273 ϐεϐηκότα

296 3298 405 3352 Ὅτι
428 3296 782 3367 μετῳκισθη
810 3294 911 3352 ἀπ’
953 3292 1177 3358 αὐτοῦ,
1210 3292 1309 3346 καὶ
1344 3291 1532 3345 αὐτὸν
1562 3292 1649 3357 είς
1692 3290 1816 3345 Ἀσσ

2001 3283 2167 3341 Vens.
2203 3284 2255 3339 6.
2290 3284 2429 3351 Quia
2468 3284 2761 3339 translatus
2802 3293 2879 3339 est
2934 3286 3003 3341 ab
3040 3295 3196 3353 eo,el
3238 3303 3410 3357 ipsum
3456 3290 3517 3344 in

238 3390 457 3456 συρίους
489 3388 806 3455 δήσαντες
844 3385 1206 3452 ἀπήνεγκαν
1242 3382 1413 3447 ξένια
1452 3381 1533 3447 τῷ
1570 3379 1826 3446 βασιλεῖ

247 3480 453 3551 Ἰαρείμ.
487 3483 594 3535 Ἐν
627 3480 847 3549 δόματι
870 3477 1119 3547 Ἐφραῒμ
1153 3475 1411 3541 δέξεται,
1440 3474 1541 3530 καὶ
1574 3476 1822 3542 αίσχυν-

239 3573 465 3639 θήσεται
505 3572 757 3643 Ἰσραὴλ
782 3573 852 3625 ἐν
888 3570 965 3639 τῇ
990 3568 1199 3638 βουλῇ
1227 3568 1433 3623 αὐτοῦ.

299 3666 687 3722 Ρ1Ε’.Ἐαυτὸν
715 3666 852 3737 ἡμῖν
885 3664 913 3717 6
941 3661 1283 3735 προφητικὸς
1311 3659 1605 3732 ὲρμηνεύει
1640 3659 1818 3727 λόγος.

241 3760 297 3813 Ὃ
324 3761 427 3832 γὰρ
475 3761 707 3832 εἴρηκεν
755 3757 1038 3829 ἀμυδρῶς,
1087 3756 1249 3810 τοῦτο
1296 3755 1551 3826 πειρᾶται
1600 3754 1823 3825 διατραοη

238 3849 366 3905 νοῦν.
409 3851 747 3923 Μετῳκίσθη
791 3849 901 3921 γὰρ
945 3851 973 3903 6
1021 3849 1225 3920 μόσχος
1293 3847 1403 3901 ἀπὸ
1445 3848 1538 3901 τοῦ
1584 3846 1820 3918 Ἰσραὴλ,

240 3946 320 3997 καὶ
363 3946 629 4017 δήσαντες
677 3943 844 3997 αὑτὸν
886 3941 1311 4014 (χαριεντίζεται
1350 3941 1408 3994 δὲ
1442 3941 1472 3994 ὀ
1504 3938 1685 4009 λόγος)
1728 3941 1825 3994 ἀπ-

240 4036 484 4107 εκόμισαν
515 4037 671 4102 ξένια
699 4035 777 4107 τῷ
814 4034 1027 4106 βασιλεῖ
1067 4034 1298 4105 Ἰαρεὶμ,
1333 4033 1361 4086 6
1389 4033 1557 4097 ἐστιν,
1599 4032 1821 4102 ἐκδίκῳ.

249 4128 510 4183 Ἐκαλεῖτο
550 4129 660 4201 γὰρ
696 4130 775 4192 είς
804 4126 1146 4200 ἐπικουρίαν,
1175 4127 1268 4180 καὶ
1299 4125 1460 4179 οἱονεί
1490 4142 1606 4189 πως
1635 4126 1717 4187 είς
1752 4124 1814 4177 τὸ

240 4219 508 4291 ἐκδικῆσαι
564 4222 663 4291 τὴν
712 4219 1030 4291 Σαμάρειαν
1074 4216 1506 4288 ὁλοθρευομένην
1556 4214 1663 4269 ὑπὸ
1715 4213 1824 4267 τῶν

239 4311 429 4382 Σύρων.
488 4312 655 4366 Ἀλλὰ
702 4312 919 4379 δέξεται
958 4311 1056 4382 μὲν
1097 4312 1125 4363 6
1163 4309 1371 4373 Φούλας
1413 4310 1487 4373 ὡς
1530 4309 1588 4361 ὲν
1630 4308 1824 4378 δόματι

241 4408 376 4476 παρὰ
401 4407 492 4461 τοῦ
531 4406 776 4478 Ἐςρραῖμ
802 4405 901 4477 τὴν
929 4404 1181 4476 δάμαλιν,
1208 4403 1449 4475 Ἐφραῒμ
1479 4403 1536 4456 δέ
1566 4420 1703 4472 φησι
1731 4401 1825 4455 τὸν

238 4499 323 4551 τοῦ
358 4501 577 4572 Ἰσραὴλ
610 4500 857 4571 βασιλέα.
906 4498 1052 4569 Πλὴν
1092 4517 1109 4549 ι
1141 4496 1601 4566 Αίσχυνθήσεται,
1636 4494 1823 4565 φησὶν,

238 4593 265 4644 6
301 4593 513 4666 Ἰσραὴλ
563 4595 659 4647 ἐπὶ
689 4596 815 4657 ταῖς
846 4591 1045 4646 ἑαυτοῦ
1077 4590 1313 4662 βουλαῖς.
1354 4607 1375 4640 ›
1420 4588 1543 4642 Ὅτι
1581 4587 1711 4659 γὰρ,
1750 4588 1827 4650 ὡς

240 4683 386 4755 ἔφην,
423 4687 638 4757 ἀπέστη
672 4685 772 4757 μὲν
810 4684 904 4738 τοῦ
940 4684 1122 4737 πάντα
1154 4680 1433 4753 ἰσχύοντος
1464 4678 1623 4743 Θεοῦ,
1650 4679 1825 4733 εἵλετο

240 4776 523 4849 δὲμᾶλλον
572 4778 841 4848 δαμάλεσι
892 4775 1241 4849 προσκυνεῖν,
1290 4772 1694 4841 καταγέλαστος
1731 4767 1821 4842 ἦν,

240 4870 326 4923 καὶ
347 4871 712 4942 κατεφωρᾶτο
747 4866 930 4922 πεσὼν
962 4868 1043 4929 εἰς
1081 4864 1329 4937 γραώδη,
1352 4865 1447 4918 καὶ
1468 4862 1704 4935 ψυχρὰν,
1726 4863 1824 4917 καὶ

239 4959 486 5034 ἀνόνητον
534 4960 951 5016 εἰκαιοὸουλίαν.
1014 4958 1292 5030 Ἀληθεύει
1326 4959 1391 5030 δὴ
1430 4953 1522 5011 οὖν
1556 4959 1584 5011 6
1618 4958 1825 5028 προφή-

240 5071 349 5124 της,
382 5057 582 5127 μᾶλλον
608 5056 665 5109 δὲ
697 5048 830 5119 Θεὸς
852 5094 865 5117 ,
895 5056 943 5107 εί
972 5053 1121 5122 λέγοι
1148 5050 1238 5106 διὰ
1272 5052 1456 5123 φωνῆς
1482 5050 1655 5120 ἁγίων
1695 5050 1825 5119 περὶ

240 5147 338 5200 τῶν
366 5142 809 5221 λελατρευκότων
840 5150 953 5211 τοῖς
1003 5147 1187 5218 ἔργοις
1232 5144 1340 5198 τῶν
1374 5142 1574 5216 χειρῶν
1622 5143 1823 5217 αυτ-ῶν,

250 5241 463 5296 «Ἴδετε
506 5242 588 5296 ὅτι
653 5241 847 5304 σποδὸς
895 5241 928 5311 ἡ
976 5238 1173 5311 καρδία
1224 5236 1435 5302 αὐτῶν,
1474 5256 1491 5288 ι
1544 5236 1639 5291 καὶ
1692 5237 1827 5289 πλα-

242 5331 458 5392 νῶνται.

321 5423 602 5495 Ἀρμόσειε
647 5425 692 5478 δ’
738 5423 806 5478 ἂν
853 5426 881 5478 6
925 5423 1083 5493 λόγος
1125 5422 1218 5477 καὶ
1269 5425 1379 5487 τοῖς
1439 5422 1508 5475 τὰ
1552 5420 1688 5491 ὀρθά
1730 5421 1827 5491 τῆς

255 5516 577 5588 Ἐκκλησίας
612 5518 955 5591 παραλύουσι
992 5518 1261 5589 δόγματα.
1295 5517 1509 5587 Ὥσπερ
1535 5514 1644 5584 γὰρ
1672 5515 1703 5584 ἡ
1731 5513 1825 5569 δά-

248 5608 405 5678 μαλις
448 5611 843 5685 συντριϐομένη
898 5612 996 5683 τὴν
1048 5610 1142 5667 τοῦ
1190 5610 1410 5683 Ἰσραὴλ
1465 5606 1693 5680 ἤλεγξεν
1752 5609 1829 5659 εἰ-

244 5701 567 5771 καιολογίαν,
632 5704 779 5759 οὕτω
838 5705 930 5757 καὶ
993 5702 1059 5757 τὰ
1124 5702 1350 5756 ἐκείνων
1403 5701 1648 5769 δόγματα
1712 5699 1827 5760 ταῖς

329 5879 373 5908 ἰ’
404 5877 527 5951 Sap.
561 5897 651 5950 xv,
686 5883 768 5934 ιι).

1923 3378 2169 3449 Assyrios
2201 3378 2419 3447 ligatum
2467 3377 2798 3432 abduxerunt
2826 3394 3047 3434 munera
3087 3380 3197 3450 regi
3226 3379 3419 3435 larim.
3448 3381 3469 3435 1
3480 3400 3519 3437 ιι

1925 3474 2061 3527 dono
2109 3470 2366 3542 Ep/iraim
2412 3472 2700 3540 suscipiet;
2733 3479 2783 3525 et
2828 3470 3185 3541 confundetur
3244 3471 3412 3527 Israel
3460 3474 3517 3529 in

1925 3566 2146 3620 consilio
2198 3582 2311 3620 suo.

1994 3658 2157 3715 CXV.
2223 3658 2472 3729 Seipsum
2541 3657 2700 3713 nobis
2763 3655 3113 3728 prOpheticus
3170 3671 3352 3712 sermo
3417 3674 3516 3714 ex-

1924 3748 2129 3818 planat.
2193 3746 2347 3817 Quod
2399 3749 2547 3803 enim
2604 3747 2743 3803 dixit
2823 3746 3154 3813 iuvolutius,
3210 3748 3312 3803 hoc
3363 3750 3515 3805 evol-

1925 3855 2051 3896 vere
2076 3841 2288 3897 nititur.
2357 3840 2680 3897 Translatus
2708 3848 2794 3897 est
2845 3841 3044 3913 quippe
3080 3840 3279 3897 vitulus
3311 3844 3379 3898 ab
3437 3845 3515 3899 ls-

1928 3933 2058 4000 rael,
2090 3942 2144 3989 et
2172 3933 2396 4005 ligatum
2430 3948 2554 3989 eum
2590 3933 2607 4005 (
2631 3934 2849 4005 jocatur
2870 3934 3014 3991 enim
3046 3934 3250 3992 festive
3283 3939 3520 4009 propius-

1928 4027 2021 4097 ta)
2057 4036 2403 4096 asportarunt
2427 4042 2526 4096 pro
2567 4044 2789 4083 munere
2827 4018 3165 4101 regi‘larim,
3230 4031 3335 4086 hoc
3390 4040 3517 4096 est,

1928 4119 2110 4176 ultori.
2147 4120 2382 4176 Vocatus
2414 4119 2556 4174 enim
2589 4118 2768 4174 fuerat
2803 4121 2872 4176 ad
2925 4120 3210 4187 auxilium,
3261 4132 3317 4177 et
3350 4122 3517 4177 veluti

1928 4215 1994 4268 ad
2033 4213 2409 4269 vindicandam
2466 4213 2791 4279 Samariam,
2846 4229 3007 4285 quam
3061 4211 3185 4286 Syri
3241 4215 3516 4284 perditum

1928 4308 2239 4364 veniebant.
2300 4308 2407 4363 Sed
2473 4308 2735 4379 suscipiet
2809 4308 3026 4378 quidem
3097 4306 3298 4363 Phulas
3373 4308 3514 4364 vitu—

1932 4401 2042 4456 lum
2117 4412 2175 4455 ut
2240 4404 2443 4456 donum
2497 4400 2801 4471 Ephraim,
2856 4417 2886 4455 a
2956 4416 3083 4472 rege
3138 4400 3305 4458 Israel
3358 4401 3514 4458 vide-

1930 4494 2087 4562 licet;
2132 4495 2485 4550 nihilominus
2520 4513 2539 4547 ι
2577 4492 2946 4550 confundetur
2973 4492 3158 4561 Israel,
3199 4493 3395 4564 inquit,
3461 4496 3517 4550 in

1932 4588 2177 4645 consiliis
2211 4589 2342 4643 suis.
2385 4607 2403 4640 ι
2435 4587 2699 4655 Quoniam
2755 4587 2921 4654 enim,
2953 4594 3011 4641 ut
3038 4587 3169 4652 dixi,
3206 4587 3274 4642 ab
3331 4585 3522 4642 Omni-

1934 4688 2152 4749 potente
2182 4679 2432 4744 descivit,
2464 4687 2517 4735 et
2552 4679 2748 4734 vitulos
2781 4678 3012 4733 adorare
3054 4678 3266 4743 maluit,
3317 4680 3522 4734 ridicu-

1933 4774 2016 4829 lus
2047 4774 2168 4835 fuit.
2205 4772 2362 4845 147
2401 4782 2454 4827 et
2487 4774 2539 4826 in
2569 4772 2785 4839 anilem,
2818 4771 3078 4841 ineptam,
3114 4771 3362 4837 inutilem
3396 4788 3526 4828 rou-

1932 4867 2037 4922 silii
2098 4868 2394 4921 vanitatem
2444 4866 2648 4920 abiisse
2713 4865 3086 4934 deprehensus
3149 4874 3252 4922 est.
3320 4864 3523 4921 Verum

1934 4958 2098 5028 igitur
2129 4957 2258 5012 dicit
2290 4957 2574 5025 propheta,
2608 4957 2715 5011 imo
2766 4957 2927 5022 Deus,
2971 4971 3095 5013 cum
3142 4972 3240 5027 per
3280 4971 3342 5019 os
3405 4972 3525 5012 san-

1934 5060 2144 5104 ctorum
2176 5047 2305 5103 dicit
2333 5049 2398 5102 de
2432 5047 2938 5117 iis,quiscrvierunt
2964 5049 3221 5119 operibus
3254 5064 3514 5104 manuum

1934 5158 2202 5196 suarum:
2285 5161 2303 5193 ‹
2360 5139 2586 5197 Vidistis
2645 5141 2773 5209 quia
2824 5140 2962 5196 ciuis
3021 5142 3184 5198 corda
3214 5140 3517 5205 eorum",»

1934 5246 1995 5290 et
2017 5237 2367 5292 seducuntur.

2002 5412 2520 5470 Accommodabitur
2552 5410 2730 5465 oratio
2764 5409 2928 5465 etiam
2985 5409 3037 5462 in
3073 5422 3168 5462 eos
3218 5408 3311 5476 qui
3366 5418 3517 5461 recta

1934 5508 2191 5566 ECclesim
2206 5508 2458 5574 dogmata
2478 5506 2796 5573 depravant.
2818 5502 2972 5556 Sicut
2994 5501 3141 5555 cnim
3163 5500 3363 5555 vitulus
3379 5514 3525 5555 com-

1934 5604 2181 5658 minatus
2203 5599 2420 5654 lsraclis
2455 5596 2752 5651 amentiam
2781 5594 3060 5664 coarguit,
3105 5594 3175 5648 ita
3211 5602 3265 5648 ct
3298 5593 3523 5648 illorum

1935 5694 2186 5763 dogmata
2214 5688 2656 5759 iuquisitiouibus
2682 5689 2941 5753 contrita,
2967 5696 3022 5743 et
3042 5688 3089 5742 vi
3118 5686 3521 5743 vcritaliscon-
