3982 6468
452 372 557 429 247

1442 376 1501 433 8.
1542 376 1822 433 CYRILLI
1860 372 2333 432 ΑιΕΧΑικοιιιΝι
2370 370 2727 439 ARCHIEP.,

3617 363 3721 421 948

454 492 647 557 fracta,
691 505 880 548 eorum
913 492 1251 561 auctoribus,
1289 502 1345 549 et
1390 493 1573 564 impiis
1611 493 1989 550 inventoribus
2012 533 2028 557 ,

2155 490 2384 563 ερεύναις
2408 488 2828 560 συντριϐόμενα,
2856 484 2951 538 καὶ
2973 485 3042 554 τῇ
3069 483 3294 553 δυνάμει
3321 480 3425 552 τῆς
3448 480 3710 552 ἀληθείας

453 589 619 649 alque
647 580 712 636 iis
754 582 919 637 etiam
951 584 1043 653 qui
1065 597 1128 639 ea
1154 582 1617 641 inconsultissime
1644 584 1697 639 in
1729 592 1918 655 pectus
1940 583 2037 640 ad-u

455 671 699 741 mittunt,
736 675 990 733 dedecori
1025 684 1081 732 et
1110 677 1301 748 pudori
1335 686 1517 733 erunt.
1612 700 1625 707 -

526 958 695 1018 Vens.
730 960 784 1026 7,
820 959 873 1015 8.
920 960 1155 1031 Projecit
1199 961 1452 1019 Samaria
1490 977 1661 1032 regem
1706 976 1861 1016 suum
1903 962 2038 1016 sicut

454 1058 777 1106 sarmentum
796 1067 953 1120 super
980 1051 1170 1121 faciem
1206 1068 1379 1123 aqum,
1408 1061 1454 1105 et
1490 1052 1803 1120 auferantur
1829 1050 2030 1105 altaria

455 1139 555 1207 ὧν,
583 1151 798 1211 peccata
821 1142 1011 1199 Israel.
1042 1141 1224 1213 Spina:
1247 1151 1297 1197 et
1340 1142 1524 1197 tribuli
1556 1142 1840 1197 ascenderit
1871 1158 2036 1211 super

457 1230 656 1288 altaria
687 1249 891 1288 eorum.

526 1406 710 1482 CXVI.
770 1408 947 1468 Mores
1000 1409 1365 1468 lsraelitarum
1399 1454 1414 1479 ,
1457 1413 1572 1469 sive
1636 1411 2039 1469 Samaritarum

455 1499 663 1556 solutos
691 1509 747 1557 et
780 1500 1077 1571 improbos,
1104 1503 1270 1559 etiam
1305 1505 1454 1561 circa
1491 1506 1660 1575 ipsos,
1687 1520 1825 1576 quos
1875 1514 2038 1575 puta-

456 1593 588 1648 bant
613 1591 764 1660 deos,
802 1592 959 1650 facile
991 1595 1081 1651 bic
1144 1610 1363 1668 quoque
1415 1598 1570 1655 locus
1610 1599 1877 1670 arguerit.
1929 1598 2042 1656 Nec

459 1684 678 1740 mirum.
713 1685 815 1753 Qui
847 1688 991 1742 enim
1022 1703 1213 1754 unum,
1241 1697 1297 1745 et
1327 1703 1539 1759 verum,
1561 1700 1616 1747 et
1640 1702 1829 1747 natura
1848 1690 2040 1758 Deum,

2143 582 2647 655 συντεθραυσμένα,
2699 580 2838 653 πρὸς
2899 577 3162 648 αἰσχύνης
3228 574 3446 629 ἔσονται
3494 574 3589 628 καὶ
3638 575 3723 629 ὲν-

2140 677 2349 749 τροπῆς
2414 675 2528 738 τοῖς
2592 671 2994 727 συντεθεικόσιν
3068 667 3209 721 αὐτά
3237 710 3253 733 ,
3327 666 3426 720 καὶ
3493 665 3724 730 ἀνοσίως

2140 774 2505 846 ὲξηυρηκόσι,
2573 771 2667 824 καὶ
2711 767 3048 823 ἀϐουλότατα
3107 760 3419 835 δεχομένοις
3465 763 3546 826 είς
3599 759 3725 816 νοῦν

2141 868 2236 920 καὶ
2266 865 2515 937 καρδίαν.
3039 929 3047 938 _

2225 958 2533 1029 Ἀπέῤῥιψε
2571 956 2871 1027 Σαμάρεια
2910 950 3180 1018 ,βασιλέα
3221 947 3411 1015 αὐτῆς
3457 947 3538 1013 ὠς
3582 947 3728 1016 φρύ-

2140 1068 2329 1122 γανον
2369 1050 2469 1104 ἐπὶ
2500 1047 2829 1118 προσώπου
2882 1045 3126 1110 ὕδατος,
3158 1041 3263 1097 καὶ
3286 1041 3727 1111 ὲξαρθήσονται

2136 1142 2329 1213 βωμοὶ
2381 1138 2467 1194 ὢν
2485 1183 2500 1207 ,
2555 1134 2947 1208 ἁμαρτήματα
2992 1132 3100 1187 τοῦ
3152 1129 3413 1200 Ἰσραήλ.
3447 1129 3731 1183 "Areas-0m

2143 1235 2240 1287 καὶ
2273 1231 2535 1301 τρισολοι
2582 1226 2996 1294 ἀναϐήσονται
3049 1223 3169 1297 ἐπὶΔ
3194 1221 3270 1277 τὰ
3324 1217 3731 1289 θυσιαστήρια

2142 1323 2360 1380 αὐτῶν.
2631 1351 2638 1356 -

2214 1415 2377 1483 Ριςν.
2408 1414 2483 1469 Τὸ
2509 1412 2819 1483 ἀνασφαλές
2840 1427 2901 1464 τε
2932 1408 3049 1481 ἅμα
3099 1407 3194 1461 καὶ
3214 1406 3275 1459 τὺ
3301 1406 3612 1468 ἀνεπιεικὲς
3633 1402 3733 1458 τοῦ

2142 1511 2345 1582 τρόπου
2371 1506 2482 1562 τῶν
2508 1506 2568 1572 ἐξ
2603 1504 2842 1576 Ἰσραὴλ,
2878 1502 2998 1573 ἦτοι
3029 1499 3141 1554 τῶν
3177 1486 3236 1553 ὲν
3272 1496 3593 1569 Σαμαρείᾳ,
3634 1495 3735 1549 καὶ

2144 1602 2273 1674 περὶ
2295 1601 2494 1664 αὐτοὺς
2521 1597 2615 1661 οὓς
2641 1595 2811 1667 ᾤοντο
2842 1593 3018 1659 θεοὺς,
3045 1588 3368 1656 ἐπιδείξειεν
3395 1589 3462 1643 ἂν
3488 1586 3736 1650 εὐκόλως

2145 1696 2240 1751 καὶ
2273 1696 2393 1751 τόδε
2416 1695 2481 1766 δὴ
2511 1693 2693 1748 πάλιν.
2726 1689 2836 1745 Καὶ
2870 1685 3180 1758 θαυμαστὸν
3212 1683 3388 1739 οὐδέν.
3409 1683 3473 1737 Οἱ
3506 1682 3620 1752 γάρ
3639 1676 3737 1734 τὸν

457 1781 513 1827 et
545 1773 895 1842 discedendo,
926 1785 981 1833 et
1005 1778 1219 1849 quidvis
1254 1780 1627 1851 turpissimum
1673 1785 2042 1852 perpetrando

2155 1787 2262 1853 ἕνα,
2280 1785 2375 1841 καὶ
2387 1783 2582 1856 ἀληθῆ,
2600 1781 2696 1837 καὶ
2721 1778 2882 1850 φύσει
2910 1776 3067 1843 Θεὸν,
3093 1775 3187 1830 καὶ
3209 1775 3330 1837 ταῖς
3352 1770 3734 1835 ἀποστασίαις,

457 1865 623 1933 impie
671 1880 770 1936 per
802 1881 1076 1923 summam
1132 1868 1385 1939 injuriam
1430 1870 1707 1940 lmserunt,
1749 1873 2042 1943 quomodo

459 1970 590 2019 erga
617 1956 857 2026 multos,
890 1966 946 2016 et
996 1957 1186 2028 falsos,
1231 1970 1284 2016 et
1330 1976 1363 2016 e
1416 1961 1688 2031 lapidibus
1747 1972 1840 2020 aut
1879 1964 2043 2035 lignis

460 2046 787 2107 ﬂabrel'actos
844 2050 1054 2107 sincere
1110 2066 1172 2107 ac
1216 2052 1457 2123 legitime
1485 2070 1545 2111 se
1596 2058 1891 2126 gererent?
1954 2058 2045 2113 Ait

459 2138 667 2207 igitur,
712 2139 1012 2210 projectum
1051 2156 1170 2196 esse
1199 2155 1231 2197 a
1278 2140 1575 2202 Samaritis
1623 2145 1851 2200 vitulum
1880 2186 1895 2212 ,
1949 2147 2042 2216 qui

456 2233 599 2302 apud
626 2248 721 2290 eos
753 2235 919 2307 regiis
944 2244 999 2293 et
1028 2237 1227 2294 divinis
1258 2239 1558 2297 honoribus
1588 2241 1893 2298 colebatur.
1952 2242 2043 2299 Sic

456 2331 635 2379 autem
667 2325 966 2396 projectum
996 2342 1147 2396 esse,
1199 2331 1366 2386 veluti
1422 2330 1471 2386 si
1505 2334 1662 2403 palea
1703 2343 1797 2389 aut
1845 2335 2041 2406 stipula

459 2429 617 2483 aqua:
676 2416 979 2475 vorticibus
1023 2419 1209 2492 illapsa
1240 2463 1253 2486 ,
1299 2436 1421 2477 mox
1467 2437 1566 2492 pro
1598 2425 1799 2495 impetu
1854 2441 2040 2482 earum

456 2505 653 2574 quovis
704 2517 970 2577 raptetur.
1006 2511 1142 2566 Cum
1196 2513 1327 2582 ipsis
1373 2523 1554 2570 autem
1604 2517 1913 2575 simulacris
1949 2518 2042 2573 de-

452 2595 609 2652 lubra
632 2600 900 2668 peritura,
974 2610 1030 2657 et
1059 2617 1183 2658 aras
1218 2605 1562 2661 destructum
1612 2607 1715 2674 iri,
1775 2616 1830 2662 et
1862 2608 2039 2664 locum

454 2689 737 2759 spinarum
763 2691 898 2761 fore,
931 2696 1181 2752 universa
1202 2712 1391 2753 eorum
1424 2698 1705 2766 provincia
1730 2699 2040 2767 devastata,

454 2782 728 2848 quomodo
771 2798 877 2837 non
933 2785 1305 2841 certissimum
1356 2788 1518 2842 erat?
1582 2788 1814 2845 Peecata
1868 2789 2039 2846 Israel

457 2871 646 2927 altaria
683 2884 861 2938 vocat,
895 2877 1199 2947 aptissime,
1229 2880 1376 2934 velut
1401 2892 1810 2938 monumentum
1845 2884 2041 2953 impie-

380 2961 389 2970 '
458 2965 586 3019 tatis
618 2980 744 3036 erga
764 2965 932 3023 Deum
947 2969 1209 3026 scelerate
1222 2972 1538 3041 excitatum,
1557 2971 1633 3026 ὢν
1658 2981 1839 3028 autem
1864 2974 2041 3030 denuo

456 3059 617 3129 Apin,
650 3074 746 3115 seu
777 3060 973 3117 vitulos
1004 3062 1056 3117 in
1089 3062 1275 3119 Betbel
1314 3072 1370 3119 et
1390 3062 1526 3132 Dan,
1566 3065 1617 3119 in
1655 3080 1887 3134 quorum
1920 3065 2036 3136 glo-

2148 1882 2244 1936 καὶ
2280 1880 2401 1944 ταῖς
2427 1878 2505 1941 είς
2533 1876 2644 1930 πᾶν
2693 1871 2874 1926 ὁτιοῦν
2906 1868 3015 1923 τῶν
3058 1867 3354 1938 αἰσχίστων
3392 1862 3738 1936 ἀποδρομαῖς

2146 1972 2375 2033 ἀνοσίως
2420 1964 2910 2040 περιυσρίσαντες,
2966 1958 3086 2021 πῶς
3119 1958 3186 2012 ἂν
3225 1957 3474 2025 ἐγένοντο
3518 1953 3738 2024 γνήσιοι

2147 2066 2277 2137 περὶ
2324 2060 2550 2123 πολλούς
2587 2074 2647 2111 τε
2716 2056 2813 2110 καὶ
2840 2050 3263 2125 ψευδωνύμως,
3299 2048 3395 2102 καὶ
3441 2044 3606 2137 λίθων
3644 2058 3741 2137 τεε-

2146 2130 2479 2229 ποιημένους
2529 2152 2563 2223 ἢ
2621 2150 2794 2218 ξύλων
2841 2145 3031 2212 θεούς;
3086 2139 3450 2213 ’Λπερρίφθαι
3499 2135 3578 2229 δὴᾲ
3641 2130 3741 2229 οῦν

2144 2227 2312 2321 φησι,
2366 2247 2513 2318 παρὰ
2543 2243 2650 2297 τῶν
2684 2244 2742 2295 έν
2788 2236 3075 2310 Σαμαρείᾳ
3111 2234 3205 2288 τὸν
3262 2231 3484 2302 μόσχον,
3677 2227 3741 2321 tv

2306 2342 2376 2411 τῇ
2430 2337 2561 2408 παρ’
2590 2335 2774 2395 αὐτοῖς
2808 2329 2944 2384 Θεοῦ
2975 2345 3037 2381 τε
3078 2326 3175 2381 καὶ
3216 2321 3502 2398 βασιλέως.
3546 2318 3742 2411 Ἀπερ-

2148 2432 2332 2506 ῥίφθαι
2354 2410 2419 2484 δὲ
2442 2430 2636 2495 οὕτως,
2666 2423 2869 2481 ὡσανεὶ
2889 2422 2985 2477 καὶ
3012 2419 3226 2490 κάρφος
3244 2418 3366 2477 ταῖς
3393 2411 3503 2506 τῷν
3523 2410 3742 2506 osa-m3»

2143 2500 2318 2590 δίναις
2349 2518 2713 2595 ὲμπεπτωκὸς
2741 2560 2756 2583 ,
2788 2513 3119 2583 ἀποφέροιτο
3143 2506 3329 2563 λοιπὸν
3363 2503 3502 2595 πρὸς
3531 2501 3594 2555 τὸ
3622 2500 3745 2595 τοῖς

2143 2590 2399 2675 διωθσῠσι
2428 2611 2768 2668 δοκοῦν.”οτι
2800 2607 2858 2661 δὲ
2886 2605 3072 2667 αὐτοῖς
3104 2598 3413 2670 σεϐάσμασι
3438 2593 3507 2649 τὰ
3530 2590 3744 2661 τεμένη

2146 2710 2548 2782 συνοιχήσεται,
2599 2700 2773 2775 βωμοί
2826 2715 2888 2753 τε
2935 2695 3295 2767 λυθήσονται,
3354 2686 3447 2782 καὶ
3471 2681 3745 2782 ’ἀκανθεῖς

2143 2775 2365 2858 ἔσονται.
2408 2799 2587 2862 τόποι,
2642 2788 3090 2863 καταδῃωθείσης
3141 2785 3326 2846 αὐτοῖς
3376 2777 3598 2846 ἀπάσης
3636 2775 3741 2845 τῆς

2143 2895 2348 2968 χώρας,
2394 2890 2513 2956 πῶς
2552 2885 2621 2960 ἦν
2681 2882 3024 2957 ἀμφίῦολον;
3081 2874 3485 2968 Ἀμαρτήματα
3520 2867 3602 2968 ’δὲ’
3643 2864 3742 2921 τοῦ

2156 2959 2375 3057 lupa-qi.
2402 2984 2533 3046 τοὺς
2580 2959 2807 3050 βωμοὺς
2847 2970 3111 3028 ἀποκαλεῖ
3161 2966 3256 3022 καὶ
3305 2962 3455 3057 μάλα
3486 2959 3740 3057 είκότως,

2143 3050 2253 3133 οἷον
2286 3050 2589 3148 ὑπόμνημα
2620 3072 2718 3143 τῆς
2768 3071 2849 3132 εἰς
2881 3063 3015 3120 Θεδν
3044 3058 3362 3122 δυσσεϐείας
3401 3052 3581 3148 αὺτιῖιν

459 3152 594 3209 riam
629 3164 683 3208 et
713 3168 821 3208 ara:
845 3155 1087 3209 stabant.
1122 3155 1301 3222 Quare
1329 3158 1471 3225 quod
1507 3172 1611 3210 non
1656 3158 1945 3212 constituit
1985 3168 2039 3211 et

2155 3170 2280 3234 σίως
2311 3141 2738 3239 ἐγηγερ-μένους,
2776 3158 2853 3213 ὢν
2885 3158 2940 3212 δὲ
2981 3154 3168 3219 πάλιν,
3205 3150 3496 3243 τὸν
3523 3141 3746 3243 ὠνόμαῗ

458 3244 642 3299 ﬁrmat
664 3244 829 3311 Deus,
862 3246 914 3300 id
950 3247 1167 3316 penitus
1201 3256 1445 3303 corruet.
1488 3248 1568 3303 Ae
1618 3248 1724 3304 tale
1761 3249 2038 3320 quidpiam

2155 3230 2543 3327 σενξὴτοι
2589 3250 2853 3322 δαμάλεις
2907 3247 3007 3311 τὰς
3056 3246 3115 3298 έν
3168 3244 3236 3313 τῇ
3281 3237 3485 3308 Βαιθήλ
3511 3252 3577 3327 τε
3648 3230 3746 3284 καί.

458 3351 583 3391 reor
635 3338 700 3393 ab
746 3338 855 3393 alio
913 3338 1175 3409 propheta
1226 3339 1375 3395 clare
1424 3340 1627 3396 dictum
1668 3354 1811 3407 esse,
1866 3358 1886 3392 ι
1942 3342 2040 3412 ipsi

457 3428 832 3496 asdilicabunt,
863 3440 918 3487 et
951 3446 1053 3502 ego
1080 3440 1323 3487 evertam
1346 3433 1448 3487 ".s

2148 3348 2278 3412 Δάν,
2298 3324 2373 3400 ὧν
2402 3346 2483 3410 εἰς
2515 3342 2674 3409 δόξαν
2705 3339 2800 3395 καὶ
2827 3339 2879 3391 οἱ
2908 3335 3103 3407 βωμοί.
3134 3330 3365 3388 Οὐκοῦν.
3393 3328 3422 3384 ὃ
3450 3326 3524 3398 μὴ
3555 3324 3745 3393 ἵστησι

2150 3439 2306 3503 θεὸς,
2343 3436 2500 3492 τοῦτο
2531 3434 2712 3503 πάντη
2743 3448 2805 3487 τε
2863 3430 2959 3484 καὶ⁵
2998 3426 3218 3489 πάντως
3265 3421 3582 3492 λυθήσεται.
3628 3412 3747 3469 Καί

457 3543 510 3580 τι
547 3525 790 3581 τοιοῦτον
826 3523 1020 3596 δηλοῦν
1064 3524 1431 3595 ὑπολαμϐάνω
1463 3524 1525 3578 τὸ
1574 3526 1641 3580 δι’
1708 3527 1895 3597 έτέροῦ
1935 3531 2216 3601 προφήτου
2284 3530 2470 3600 σαφῶς
2536 3524 2850 3599 εἰρημένονο
2885 3539 2904 3573 ι
2942 3518 3107 3573 Αὐτοὶ
3168 3513 3608 3585 οἰκοδομήσουσι,
3649 3507 3749 3562 καὶ

457 3622 570 3690 ἐγὼ
599 3619 985 3690 καταστρέφω.
1032 3637 1053 3672 ι

532 3713 600 3769 Ει
640 3716 815 3770 dicent
855 3716 1117 3770 montibus
1150 3732 1167 3769 :
1206 3712 1421 3785 Operite
1472 3729 1610 3781 nos;
1664 3725 1715 3771 et
1757 3716 1985 3771 collibus
2029 3730 2046 3769 :

461 3808 652 3864 Cadite
684 3824 841 3879 super
864 3825 981 3864 nos.

538 3902 702 3975 148
718 3902 924 3961 CXVII.
953 3903 1067 3959 Non
1086 3904 1258 3961 solum
1280 3905 1334 3961 in
1350 3905 1563 3963 duabus
1575 3907 1803 3965 urbibus
1821 3906 1955 3971 Dan,
1972 3906 2051 3962 in-

460 4011 623 4065 quam
645 4037 660 4059 ,
696 4003 751 4049 et
768 3995 974 4061 Betltel,
989 3995 1278 4052 simulacra
1293 3998 1673 4068 superstitiose
1686 3998 2004 4055 colebantur
2029 4014 2044 4064 ;

461 4089 556 4142 sed
582 4087 781 4142 ibidem
815 4087 965 4142 vituli
995 4090 1169 4154 aurei,
1203 4089 1254 4143 in
1288 4090 1564 4146 montibus
1598 4099 1806 4157 autem,
1855 4098 1911 4143 et
1934 4088 2047 4142 eol-

460 4182 603 4237 libus
631 4181 981 4235 ﬁuitimarum
1012 4182 1255 4252 gentium
1293 4182 1456 4250 idola,
1513 4181 1661 4248 Baal,
1690 4181 2043 4249 Beelpbcgor,

461 4278 700 4338 Astarte,
732 4272 990 4328 Chamos.
1050 4271 1167 4326 Non
1202 4274 1362 4327 mo.lo
1416 4273 1582 4342 igitur
1634 4286 1758 4325 aras
1791 4269 1891 4334 ὢν,
1947 4270 2049 4323 hoc

460 4373 546 4420 est
571 4364 781 4435 Apidis,
841 4364 959 4419 sive
1010 4363 1308 4419 vitulorum
1364 4362 1727 4417 disturbatnm
1789 4361 2049 4426 iri;,sed

2221 3712 2329 3768 Καὶ
2375 3708 2582 3778 ἐροῦσι
2630 3704 2756 3771 τοῖς
2790 3703 2979 3772 ὄρεσι,
3024 3697 3353 3764 Καλύψατε
3398 3689 3590 3761 ἡμᾶς,
3644 3689 3753 3744 real

2147 3806 2274 3872 τοῖς
2296 3801 2597 3869 βουνοῖς,.
2615 3797 2842 3852 ﬂevere
2867 3793 2959 3865 ἐφ’
2986 3790 3168 3862 ἡμᾶς.

2221 3896 2367 3951 PlZ'.
2404 3894 2521 3948 Οὐκ
2571 3894 2630 3945 ὲν
2680 3889 2871 3961 μόναις
2907 3886 3031 3948 ταῖς
3077 3880 3200 3937 δυσὶ
3241 3878 3455 3945 πόλεσι,
3505 3875 3612 3930 Δάν
3661 3891 3751 3939 τε,

2153 3986 2316 4057 φημὶ,
2346 3984 2440 4037 καὶ
2479 3978 2683 4048 Βαιθὴλ
2711 3973 3109 4048 ὲθρησκεύοντο
3143 3973 3215 4025 τὰ
3241 3966 3478 4039 γλυπτά,
3507 3964 3627 4019 ἀλλ’
3671 3965 3757 4018 ἑν-

2152 4078 2327 4135 ταῦθα
2357 4077 2456 4149 μὲν
2479 4075 2535 4128 αἱ
2564 4070 2828 4142 δαμάλεις
2853 4070 2911 4123 αί
2937 4067 3159 4140 χρυσαῖ,
3176 4065 3235 4118 ὲν
3264 4061 3321 4117 δέ
3349 4077 3413 4131 γε
3434 4060 3549 4149 τοῖς
3567 4057 3751 4129 ὄρεσι,

2156 4176 2252 4229 καὶ
2280 4148 2396 4234 τοῖς
2428 4169 2658 4239 βουνοῖς,
2692 4164 2762 4218 τὰ
2790 4162 2900 4216 τῶν
2932 4158 3229 4233 περιοίκων
3263 4151 3432 4220 ἐθνῶν
3462 4148 3754 4217 σεεάσμα-

2156 4282 2243 4330 τα,
2271 4265 2300 4317 ὁ
2331 4261 2506 4326 Βάαλ,
2540 4261 2569 4313 ὁ
2601 4254 2948 4326 Βεελφεγὼρ,
2990 4254 3024 4324 ἡ
3068 4249 3363 4319 Ἀστάρτη,
3414 4241 3509 4297 καὶ
3556 4241 3586 4293 ὁ
3633 4242 3755 4294 Χα-

2159 4353 2295 4424 μώς.
2315 4353 2437 4405 Ὅτι
2460 4351 2639 4403 τοίνυν
2664 4345 2785 4416 οὐχὶ
2812 4344 2971 4415 μόνον
3002 4335 3520 4407 κατασεισθήσονται
3551 4331 3650 4386 τοῦ
3674 4330 3755 4384 ὢν

461 4461 688 4515 omnino
743 4474 806 4513 ac
841 4459 1058 4529 penitus
1091 4457 1258 4511 etiam
1295 4457 1348 4509 in
1380 4454 1615 4510 collibus
1669 4462 1723 4508 et
1768 4454 2043 4509 montibus

2155 4448 2204 4501 οί
2236 4445 2434 4516 βωμοὶ,
2455 4439 2727 4504 τουτέστι,
2757 4436 2852 4492 τοῦ
2874 4433 3123 4498 νΑπιδος,
3154 4432 3275 4529 ἦτοι
3303 4425 3752 4529 τῷνδαμάλειιζν,

463 4552 588 4606 fana
633 4551 934 4621 collapsum
982 4564 1079 4618 per
1129 4549 1245 4603 haec
1294 4545 1627 4601 subindicat.
1671 4543 1749 4600 Eo
1803 4561 2044 4616 namque

461 4641 793 4696 calamitatis
828 4652 882 4695 et
910 4654 1161 4695 errorum
1195 4637 1530 4707 redigentur,
1582 4645 1640 4690 ut
1667 4638 1860 4691 malint
1887 4653 2045 4692 mon-

465 4736 613 4789 tibus
634 4732 875 4802 sepeliri,
909 4746 1074 4801 quam
1106 4728 1359 4784 vivcntes
1395 4742 1643 4792 cernere,
1671 4744 1792 4799 qua:
1834 4739 2048 4798 oporte-

466 4826 544 4879 bit
571 4823 680 4892 pati
732 4820 816 4874 vel
849 4820 1066 4873 invitos.
1098 4818 1392 4873 Sciendum
1417 4832 1566 4886 vero,
1605 4817 1879 4871 Christum
1921 4833 2052 4889 quo-

465 4932 571 4987 que
602 4914 1013 4971 denuntiantem
1055 4911 1396 4966 calamitates
1446 4919 1667 4982 prOpter
1717 4910 1958 4966 nefarios
1997 4911 2049 4964 in

465 5010 644 5077 ipsum
690 5020 859 5059 ausus
920 5005 1029 5059 illis
1084 5005 1499 5070 immittendus,
1546 5004 1819 5058 similibus
1870 5003 2051 5059 verbis

467 5112 624 5152 usum
655 5109 800 5150 esse.
825 5094 1005 5163 lnquit
1030 5094 1175 5147 enim
1207 5110 1220 5145 :
1255 5113 1274 5145 ι
1313 5094 1466 5147 Tunc
1500 5093 1697 5147 dicetis
1724 5094 2001 5149 montibus
2034 5110 2045 5143 :

469 5186 693 5256 Operite
742 5200 878 5251 nos;
922 5193 976 5237 et
1006 5184 1233 5239 collibus
1276 5201 1289 5236 :
1333 5182 1525 5238 Cadite
1573 5200 1737 5254 super
1789 5200 1888 5239 nos
1917 5184 1989 5254 ⁸⁸,
2025 5203 2043 5235 ι

469 5284 692 5336 Summa
728 5277 994 5348 siquidem
1033 5278 1299 5333 malorum
1326 5288 1379 5333 et
1420 5275 1904 5333 incommodorum
1937 5293 2053 5331 ma-

468 5367 805 5439 gnitudines,
839 5378 1070 5423 mortem
1108 5369 1357 5437 quamvis
1413 5368 1615 5438 alioqui
1648 5383 1913 5435 amaram,
1957 5368 2050 5422 de-

470 5459 922 5515 sideratissimam
987 5460 1261 5515 interdum
1329 5459 1517 5516 multis
1576 5459 1835 5515 elliciuut.
1914 5458 2051 5530 Ipsis

469 5554 635 5624 igitur
667 5553 941 5608 montibus
976 5561 1030 5607 el
1063 5552 1291 5608 collibus
1327 5552 1380 5607 in
1410 5552 1611 5623 quibus
1644 5552 1787 5608 idola
1819 5550 1965 5607 culta
1995 5561 2050 5606 et

470 5639 763 5715 impietatis
796 5645 1021 5700 crimina
1053 5646 1103 5698 in
1135 5644 1302 5699 Deum
1341 5645 1687 5713 impudenter
1733 5654 2050 5716 perpetrata

544 5822 792 5883 8“Malae.
830 5841 865 5890 ι,
904 5825 953 5879 4.
1034 5826 1076 5856 ⁸ε¹
1103 5823 1231 5880 Luc.
1268 5839 1423 5891 “tu,
1457 5825 1541 5880 50.

2157 4514 2294 4591 ἀλλά
2323 4514 2433 4606 γὰρ
2470 4530 2647 4603 πάντη
2675 4543 2736 4582 τε
2796 4524 2893 4580 καὶ
2924 4523 3143 4584 πάντως
3172 4519 3268 4573 καὶ
3308 4515 3380 4571 τὰ
3422 4516 3480 4569 έν
3513 4514 3754 4606 βουνοῖς,

2157 4630 2252 4684 καί
2281 4629 2433 4701 ὄρεσι
2462 4624 2669 4697 τεμένη
2718 4617 3008 4676 πεσοῦνται
3034 4658 3047 4681 ,
3100 4611 3191 4666 διά
3227 4610 3435 4665 τούτων
3465 4605 3754 4678 ὑποδηλοῖ.

2158 4697 2509 4792 Περιενστήξει
2536 4715 2645 4785 γὰρ
2679 4712 2759 4775 είς
2782 4708 2943 4764 τοῦτο
2970 4707 3156 4768 αὐτοῖς
3181 4699 3584 4792 ἀθλιότητος-τε
3650 4697 3758 4751 καὶ

2158 4789 2430 4883 δειμάτων
2459 4807 2528 4861 τὰ
2554 4804 2877 4877 πράγματα,
2906 4800 2982 4864 ὡς
3003 4796 3094 4851 ὑπ’
3129 4796 3313 4858 αὐτοῖς
3341 4789 3596 4883 γενέσθαι,
3632 4792 3757 4883 τοῖς

2156 4880 2307 4976 ὄρεσι
2360 4900 2453 4954 καὶ
2485 4897 2695 4969 βουνοῖς
2720 4893 2938 4947 ἑλέσθαι
2967 4889 3184 4962 μᾶλλον,
3218 4886 3253 4959 ἢ
3285 4884 3495 4950 ζῶντας
3522 4882 3686 4976 ίδεῖν,
3719 4880 3759 4935 ἃ

2160 4975 2352 5049 παθεῖν
2380 4988 2448 5063 ἦν
2487 4990 2701 5058 ἀνάγκη
2747 4987 2838 5041 καί
2886 4985 2985 5055 οὐχ
3018 4982 3245 5044 ἑκόντας
3279 4977 3496 5040 αὐτούς.
3545 4975 3759 5029 ’ἰστέον

2154 5087 2227 5150 δὲ,
2275 5087 2355 5138 ὅτι
2389 5083 2484 5137 καὶ
2531 5080 2693 5143 αὐτὸς
2734 5082 2761 5133 ὁ
2798 5076 3031 5151 Χριστὸς
3069 5070 3431 5140 ἀπαγγέλλων
3471 5066 3759 5130 Ἰουδαίοις

2158 5179 2255 5241 τὰς
2284 5173 2786 5246 ἐπενεχθησομένας
2813 5170 2997 5232 αὐτοῖς
3030 5165 3314 5238 συμφορὰς
3344 5162 3434 5215 διά
3470 5177 3533 5231 γε
3561 5159 3629 5212 τὰ
3667 5160 3759 5220 εἰς

2159 5272 2320 5326 αὑτὸν
2348 5269 2696 5340 τολμήματα,
2727 5266 2840 5328 τοῖς
2865 5262 3002 5325 ἴσοις
3034 5260 3307 5331 ἐχρήσατο
3330 5254 3530 5323 λόγοις.
3565 5268 3586 5301 ‹
3606 5250 3758 5303 Τότε

2160 5364 2269 5435 γὰρ
2296 5363 2492 5435 ἐρεῖτε,
2528 5380 2548 5413 ι
2587 5358 2720 5432 φησὶ
2744 5399 2759 5424 ,
2794 5374 2812 5409 ι
2850 5357 2962 5419 τοῖς
2991 5355 3144 5423 ὄρεσι
3172 5369 3184 5381 ·
3224 5345 3518 5416 Καλύψατε
3568 5343 3754 5435 ἡμᾶς,

2159 5434 2252 5511 και
2280 5434 2393 5518 τοῖς
2424 5454 2651 5525 βουνοῖς,
2683 5450 2887 5503 Πέσετε
2908 5449 2992 5517 ἐφ’
3026 5446 3194 5516 ἡμᾶς·
3229 5460 3248 5493 ³
3275 5438 3357 5494 Τά
3383 5436 3495 5507 γὰρ
3532 5434 3756 5525 είς-λῆ-

2162 5547 2241 5613 ξιν
2268 5523 2472 5617 ἥκοντα
2499 5543 2608 5597 τῶν
2637 5539 2845 5605 κακῶν,
2867 5538 2962 5591 καὶ
2982 5534 3092 5590 τῶν
3116 5530 3306 5587 δεινῶν
3337 5531 3393 5584 αί
3416 5523 3752 5617 ὑπερϐολαὶ,

2161 5615 2339 5696 καίτοι
2370 5637 2565 5711 πικρὸν
2592 5635 2719 5690 ὄντα
2744 5633 2835 5687 τὸν
2867 5631 3121 5697 θάνατον,
3150 5621 3484 5695 τριπόθητον
3510 5615 3623 5702 ἑσθξ
3647 5616 3751 5699 hs
