3982 6462
279 348 387 404 269

1210 351 1771 411 COMMENTARIUS
1811 353 1877 409 IN
1921 355 2155 413 OSEAM
2199 357 2644 416 PROPI-IETAM.

3469 355 3577 412 ‘250

277 463 583 519 δεικνύουσι
645 445 758 528 τοῖς
805 463 1043 528 πολλοῖς.
1103 465 1298 533 Αύτοῖς
1353 469 1418 539 δὴ
1463 464 1573 524 οὖν·
1603 471 1715 542 ἀρα
1765 473 1879 534 τοῖς

1997 481 2132 540 sunt,
2164 473 2352 531 dicent
2379 473 2794 543 propemodum,
2850 471 3046 541 inquit,
3100 488 3120 523 ι
3172 470 3366 527 Caditc
3414 486 3580 541 super

277 558 428 630 ὄρεσι
485 557 718 624 καὶτοῖς
755 556 985 628 βουνοῖς,
1017 561 1075 615 ὲν
1113 558 1196 624 οἷς
1224 561 1282 614 αἱ
1330 559 1741 633 ψευδολατρίαι,
1783 564 1878 617 καὶ

275 649 373 720 τῆς
395 649 538 703 κατά
567 649 705 704 Θεοῦ
736 651 1062 716 δυσσεϐείας
1081 651 1415 722 τετόλμηται
1436 651 1507 704 τά
1527 653 1696 723 ὲγκλή
1707 669 1875 722 ματα,

277 741 560 813 μονονουχὶ
604 742 702 797 καὶ
747 744 955 817 ἐροῦσι,
1014 743 1172 815 φησὶ,
1215 762 1234 795 ι
1275 743 1477 796 Πέσετε
1526 745 1610 812 ἐφ’
1641 745 1809 815 ἡμᾶς,
1851 763 1870 796 ι

1987 578 2111 631 nos,
2150 583 2169 616 ι
2205 575 2258 621 et
2287 567 2450 636 gladii
2482 564 2805 636 Babylonici
2839 563 3225 620 crudelitatem
3275 574 3444 632 atque
3494 580 3579 617 tu-

1983 653 2242 724 gloriam,
2275 665 2329 712 et
2361 657 2766 712 intolerandam
2812 656 3093 712 miseriam
3141 655 3492 713 abductionis
3525 656 3580 710 in

1985 749 2361 816 captivitatem
2392 751 2742 805 antevertite.

275 837 366 890 καὶ
391 834 639 904 φθάσατε
671 838 768 892 τοῦ
804 838 1152 894 Βαϐυλωνίου
1189 837 1378 909 ξίφους
1409 837 1510 908 τὴν
1545 839 1871 911 ἀγριότητα,
1913 839 2010 894 καὶ
2037 841 2140 914 τῆς
2178 845 2260 909 εἰς
2329 844 2712 917 αἰχμαλωσίαν
2754 844 3081 915 ἀπαγωγῆς·
3123 844 3221 916 τὴν
3250 841 3424 898 ἀκλεᾶ
3486 842 3582 896 καὶ

273 929 554 982 δύσοιστον
581 929 900 1001 ἀθλιότητα.

357 1023 475 1091 Ἀφ’
529 1019 605 1079 οὗ
661 1007 716 1077 οἳ
764 1024 1020 1092 βουνοί,
1085 1023 1354 1093 ἥμαρτεν
1407 1025 1686 1093 Ἰσραὴλ,
1756 1021 1888 1077 ἐκεῖ

273 1115 576 1182 ἔστησαν.
623 1117 706 1170 Οὐ
738 1115 825 1185 μὴ
855 1114 1166 1183 καταλάϐῃ
1203 1115 1430 1182 αὐτοὺς
1474 1118 1546 1170 ἐν
1569 1115 1649 1182 τῷ
1669 1114 1881 1195 ,βουνῷ

273 1207 563 1276 πόλεμος,
617 1208 717 1262 ἐπὶ
769 1210 844 1263 τὰ
896 1205 1082 1262 τέκνα
1125 1207 1238 1277 τῆς
1277 1209 1516 1275 ἀδικίας
1553 1208 1880 1264 παιδεῦσαι

273 1301 662 1366 αὐτούς.’Καὶ
703 1300 1206 1370 συναχθήσονται
1234 1301 1333 1355 ἐπὶ
1375 1301 1600 1368 αὐτοὺς
1637 1301 1772 1356 λαοί
1810 1301 1882 1356 ἐν

274 1390 351 1457 τῷ
391 1392 797 1448 παιδεύεσθαι
840 1392 1067 1459 αὐτοὺς
1109 1393 1181 1448 ἐν
1219 1393 1352 1461 ταῖς
1389 1393 1576 1448 δυσὶν
1615 1393 1879 1460 ἀδικίαις

272 1485 494 1541 αὐτῶν.

337 1580 500 1636 PlH'.
544 1578 941 1651 Πρεσϐυτέραν
989 1556 1131 1634 είναί
1159 1596 1314 1651 φησι,
1347 1579 1444 1648 τῆς
1486 1581 1580 1632 ἐπὶ
1611 1582 1732 1643 ταῖς
1779 1579 1877 1633 δα·

278 1670 475 1742 μάλεσι
509 1669 746 1742 πλάνης,
771 1670 869 1742 τὴν
897 1671 957 1725 ἐν
986 1670 1140 1743 ὅρεσί
1174 1688 1233 1723 τε
1281 1670 1376 1724 καὶ
1411 1670 1619 1740 βουνοῖς
1649 1687 1876 1740 γεγενη⁴

2057 1024 2224 1081 Vens.
2265 1025 2318 1092 9,
2360 1025 2444 1081 10.
2484 1025 2568 1080 Ea:
2595 1042 2698 1096 quo
2733 1025 2915 1088 colles,
2964 1025 3197 1094 peccarit
3253 1025 3463 1092 Israel,
3513 1026 3584 1080 ibi

1983 1127 2263 1173 steterunt.
2317 1119 2440 1173 Non
2487 1121 2888 1188 comprehendet
2937 1136 3023 1171 eos
3059 1122 3114 1173 in
3167 1119 3301 1174 colle
3359 1121 3580 1184 bellum,

1982 1225 2142 1277 super
2169 1211 2307 1279 ﬁlios
2335 1213 2634 1280 iniquitatis
2660 1213 2922 1278 corripere
2972 1213 3133 1280 ipsos.
3173 1210 3241 1264 Et
3290 1224 3582 1282 congrega-

1988 1301 2183 1353 bantur
2217 1317 2376 1368 super
2403 1317 2490 1355 cos
2533 1301 2746 1368 populi,
2797 1317 2918 1355 cum
2967 1300 3323 1370 corripiantur
3375 1301 3476 1372 ipsi
3530 1301 3586 1356 in

1990 1387 2196 1441 duabus
2223 1389 2596 1455 iniquitatibus
2621 1391 2755 1444 suis.

2059 1560 2292 1618 CXVIII.
2333 1562 2531 1618 Errore
2562 1565 2614 1617 iu
2667 1563 2928 1619 colendis
2978 1563 3163 1619 vitulis
3215 1564 3583 1635 antiquiorem

1988 1667 2110 1709 esse
2160 1654 2212 1708 in
2244 1655 2516 1709 mOutibus
2562 1664 2617 1708 et
2658 1655 2895 1710 collibus
2954 1655 3156 1710 lactant
3215 1655 3581 1711 deiectionem

280 1737 451 1836 μένην
477 1737 959 1816 ἀπόστασινίΚαὶ
993 1737 1124 1830 γοῦν
1149 1761 1239 1815 ὅτε
1263 1761 1364 1831 τὴν
1393 1737 1709 1833 έαμάρειαν
1731 1737 1881 1816 Ϋκατ-

1997 1745 2250 1800 afﬁrmat.
2285 1746 2514 1814 Quando
2544 1737 2712 1817 igitur
2757 1749 2808 1801 iu
2842 1749 3155 1802 Samariam
3180 1761 3453 1804 venerunt
3484 1749 3581 1805 de-

273 1855 571 1927 ειλήφασιν
616 1855 674 1908 αἱ
721 1854 855 1908 δέκα
900 1853 1104 1924 φυλαὶ,
1153 1854 1257 1923 τῆς
1316 1853 1553 1925 Ῥοϐοάμ
1607 1854 1885 1925 βασιλείας

273 1947 716 2015 ἀποσεισάμεναι
755 1946 850 2000 τὸν
900 1944 1088 2014 ζυγὸν,
1122 1945 1244 1999 τότε
1282 1947 1383 2010 τὰς
1413 1947 1675 2016 δαμάλεις
1707 1949 1886 2000 εἰσκε-

276 2038 857 2111 κόμικεν’⁹1εροϐοάμ.
903 2039 994 2092 Ἐν
1029 2038 1084 2091 δέ
1129 2055 1193 2107 γε
1224 2040 1334 2102 τοῖς
1371 2039 1766 2110 Ἱεροσολύμοις
1798 2038 1885 2092 ὃν·

275 2151 380 2197 τες,
411 2133 515 2204 τὴν
540 2135 598 2186 ὲν
629 2132 782 2204 ὅρεσί
811 2149 871 2185 τε
914 2133 1009 2185 καὶ
1049 2130 1260 2202 βουνοῖς
1291 2133 1625 2202 ἐπετήδευον
1650 2131 1883 2203 πλάνην,

276 2229 393 2286 ταῖς
420 2223 750 2294 ἀλλοφύλοις
783 2222 1032 2292 γυναιξὶν
1056 2223 1300 2287 εἴκοντος
1361 2224 1458 2277 καί
1483 2224 1881 2288 κατανεύοντος

276 2317 367 2371 τοῦ
403 2315 750 2387 Σολομῶνος,
785 2315 847 2368 τὸ
877 2315 1129 2386 τηνικάδε
1163 2317 1256 2370 καὶ
1289 2315 1507 2386 βωμοὺς
1532 2317 1883 2384 ἀνιστῶντος,

279 2411 371 2462 καὶ
415 2407 860 2479 τεμένηλοιπον
891 2410 1004 2470 τοῖς
1036 2407 1262 2461 ἐκείνων
1290 2408 1652 2479 σεϐάσμασιν.
1698 2411 1788 2476 Ἐξ
1825 2404 1887 2464 οὗ

279 2502 460 2555 τοίνυν
507 2499 891 2572 ἐπενοήθησαν
949 2500 999 2552 oi
1054 2499 1256 2570 βουνοί,
1318 2501 1414 2554 καὶ
1466 2502 1645 2555 τάοὲν
1702 2504 1888 2567 αὐτοῖς

281 2593 602 2668 ἀθύρματα,
659 2594 756 2647 καὶ
784 2594 840 2646 αί
866 2592 1271 2666 ψευδολατρίαι,
1305 2593 1363 2659 ἐξ
1396 2595 1607 2648 ἐκείνου
1637 2595 1730 2650 τοῦ
1767 2614 1890 2650 και-

285 2686 376 2756 ροῦ
403 2684 866 2758 προσκέκρουκεν
891 2687 918 2738 ό
961 2687 1200 2758 Ἰσραήλ.
1237 2685 1506 2751 Ἔνδειξις
1531 2687 1586 2740 δὲ
1608 2689 1703 2742 καὶ
1730 2689 1890 2744 τοῦτο

280 2779 379 2850 τῆς
423 2779 581 2842 Θείας
625 2778 970 2850 ἡμερότητος
1027 2779 1226 2849 γένοιτ’
1266 2779 1332 2832 ἂν
1380 2781 1481 2834 οὑκ
1533 2783 1886 2854 ἁσυμφανὴς,

283 2872 406 2926 οὐδὲ
459 2869 538 2925 ἐν’
578 2871 762 2943 χρόνῳ
815 2871 1014 2945 μακρῷ
1075 2871 1327 2936 κολάζειν
1382 2873 1719 2945 ἀνεχομένης
1761 2876 1890 2941 τοὺς

285 2962 658 3034 ἠσεϐηκότας,
716 2963 960 3034 ἀνιείσης
1001 2963 1059 3017 δὲ
1113 2964 1313 3036 μᾶλλον
1355 2967 1448 3019 καὶ
1486 2968 1890 3039 περιμενούσης

282 3055 429 3126 τάχα
455 3072 565 3108 που
590 3054 701 3108 τῶν
726 3053 1166 3126 πεπλανημένων
1195 3055 1294 3128 τὴν
1332 3058 1701 3128 μετάγνωσιν.
1734 3062 1796 3115 Ol
1833 3061 1889 3115 δὲ

283 3141 428 3219 ἦσαν
462 3145 834 3217 ἀπηνέστεροί
861 3163 942 3213 τε,
1001 3148 1094 3202 καὶ
1149 3147 1218 3202 τὰ
1270 3148 1351 3204 ἔτι
1389 3151 1559 3222 χείρω
1606 3154 1889 3218 νοσοῦντες

282 3241 597 3312 ἡλίσκοντο.
628 3240 981 3312 Προσέθεσαν
1005 3242 1114 3311 γάρ
1143 3246 1257 3306 τοῖς
1303 3243 1510 3314 βουνοῖς
1555 3247 1651 3300 καὶ
1690 3247 1760 3300 τὰ
1795 3247 1889 3302 ἐπὶ

283 3334 407 3396 ταῖς
433 3332 744 3403 δαμάλεσιν
789 3333 1103 3404 εὑρήματα.
1138 3332 1370 3398 Θύοντες
1399 3335 1456 3388 δὲ
1489 3338 1603 3400 τοῖς
1631 3337 1888 3408 δαίμοσιν

282 3425 344 3476 ὲν
371 3422 530 3494 δρεσί
560 3440 621 3477 τε
653 3423 750 3477 καὶ
778 3421 1014 3494 βουνοῖς,
1047 3425 1140 3477 καί.
1167 3424 1452 3490 δοκοῦντες
1476 3427 1724 3507 ειζσεϐεῖν
1757 3447 1822 3482 πε
1833 3431 1886 3502 pi.

281 3516 353 3570 τὰ
394 3516 629 3587 μάταια,
660 3515 808 3586 τάχα
838 3532 943 3568 που
972 3515 1063 3568 καί¹
1095 3513 1264 3587 ᾤοντο
1296 3517 1438 3570 κατά
1475 3519 1638 3588 σφᾶς,
1685 3520 1888 3588 μᾶλλον

282 3609 341 3662 δὲ
384 3610 481 3661 καὶ
527 3606 817 3678 ἀραρότως
850 3605 1122 3678 ἐνόμιζον,
1165 3607 1249 3660 ὅτι
1280 3609 1376 3661 καὶ
1411 3608 1469 3660 ἐν
1515 3607 1718 3680 βεϐαίῳ
1754 3610 1887 3682 στή-

284 3715 471 3752 σονται
502 3697 604 3767 τῆς
633 3696 958 3768 εὐημερίας,
988 3695 1204 3750 ἔσονται
1234 3696 1292 3751 δὲ
1347 3698 1442 3752 καὶ
1484 3699 1744 3769 ἀμείνους
1779 3701 1888 3755 τῶν

281 3789 724 3861 ἀνθεστηκότων,
758 3790 854 3842 καὶ
902 3789 1171 3845 ἀνάλωτοι
1201 3793 1315 3854 τοῖς
1365 3790 1601 3863 ἐχθροῖς.
1652 3792 1888 3864 Σύνηθες

281 3882 340 3935 δὲ
391 3885 508 3946 τοῖς
550 3882 930 3954 πλανωμένοις
983 3881 1200 3954 νόσημα
1243 3882 1423 3937 τοῦτο.
1471 3886 1582 3939 Καὶ
1621 3884 1752 3954 γοῦν
1796 3887 1887 3940 ὅτε

283 3976 601 4046 κατέϐησαν
645 3978 727 4039 εἰς
775 3975 1074 4044 Αἴγυπτον,
1107 3974 1346 4046 ἀλούσης
1378 3979 1482 4049 τῆς
1527 3977 1886 4050 Ἰερουσαλὴμ

284 4069 390 4121 ὑπὸ
413 4067 508 4121 τοῦ
543 4066 916 4132 Βαϐυλωνίου,
950 4065 1344 4120 συνεϐούλευσε
1382 4067 1482 4138 μὲν
1527 4067 1556 4119 ὁ
1599 4069 1886 4140 προφήτης

296 4160 612 4232 Ἱερεμίας,
662 4159 966 4231 ἀπέχεσθαι
1012 4159 1108 4213 τοῦ
1162 4158 1309 4213 θύειν
1362 4157 1624 4224 εἰδώλοις,
1676 4161 1764 4214 ἵνα
1802 4177 1887 4226 τις

288 4253 498 4321 γένοιτο
530 4251 702 4324 φειδῶ
730 4252 820 4305 ἐπ’
849 4252 1033 4316 αὐτοῖς
1065 4250 1215 4322 παρά
1251 4250 1344 4304 τοῦ
1375 4249 1568 4316 σώζειν
1607 4250 1884 4322 ἰσχύοντος

292 4346 441 4400 Θεοῦ.
495 4346 561 4400 Οἱ
615 4344 674 4399 δὲ
721 4343 928 4415 ταύτης
971 4344 1133 4397 ἓνεκα
1185 4342 1288 4412 τῆς
1336 4343 1518 4407 αἰτίας
1565 4347 1886 4416 περιπεσεῖν

293 4438 526 4508 ἔφασκον
556 4439 672 4502 τοῖς
707 4437 925 4501 δεινοῖς,
957 4437 1040 4489 ὅτι
1080 4435 1144 4506 δὴ
1174 4435 1234 4488 ού
1263 4435 1571 4505 κατέληξαν
1610 4436 1706 4490 τοῦ
1747 4438 1887 4510 πλη·
1920 4460 1964 4516 D

295 4532 416 4604 ροῦν
447 4531 659 4586 ἐθέλειν
679 4529 748 4584 τὰ
771 4528 1156 4600 νενομισμένα,
1186 4529 1278 4581 καὶ
1302 4527 1696 4599 ὀλιγωροῦντες
1726 4530 1893 4601 ὴλέγ.

294 4641 444 4692 χοντο
472 4621 576 4692 τῆς
615 4621 698 4683 εἰς
727 4619 798 4672 τά
831 4619 1038 4690 μάταια
1062 4619 1249 4690 τιμῆς.
1277 4617 1595 4689 Γέγραπται
1615 4619 1670 4674 δὲ
1693 4622 1888 4687 οὕτως’

300 4737 316 4768 ι
351 4717 461 4770 Καὶ
495 4712 881 4785 ἀπεκρίθησαν
918 4711 998 4782 τῷ
1048 4710 1292 4784 Ἱερεμίᾳ
1330 4710 1533 4774 πάντες
1587 4713 1636 4764 οἰ
1675 4712 1889 4786 ἄνδρες,

293 4811 339 4862 οἱ
371 4809 611 4877 γνῶντες
652 4809 734 4862 ὅτι
779 4804 1050 4877 θυμιῶσιν
1097 4806 1154 4858 αἱ
1208 4807 1469 4874 γυναῖκες
1520 4803 1703 4860 αὐτῶν
1748 4808 1892 4873 θεοῖς

294 4900 522 4973 ἑτέροις,
556 4897 655 4954 καὶ
685 4899 860 4952 πᾶσαι
893 4898 949 4950 αἰ
982 4898 1263 4965 γυναῖκες,
1309 4897 1604 4968 συναγωγὴ
1653 4899 1890 4971 μεγάλη,

297 4993 385 5046 καὶ
415 4994 527 5055 πᾶς
553 4991 584 5042 ό
610 4989 763 5054 λαὸς,
792 4992 843 5043 οἰ
868 4988 1170 5060 καθήμενοι
1202 4991 1260 5042 ἐν
1287 4991 1358 5061 γῇ
1393 4989 1680 5061 Αἰγύπτῳ,
1725 4993 1784 5046 ὲν
1817 4995 1888 5065 γῇ

295 5083 551 5154 Παθουρῇ
579 5122 594 5146 ,
626 5081 907 5149 λέγοντες’
939 5080 1048 5133 Τὸν
1089 5079 1250 5148 λόγον
1293 5079 1354 5134 ὃν
1396 5079 1704 5152 λελάληκας
1753 5083 1893 5154 πρὸς

294 5179 438 5249 ἡμᾶς
467 5177 528 5229 ὲν
567 5175 648 5246 τῷ
678 5174 907 5244 ὀνόματι
956 5172 1191 5244 Κυρίου,
1239 5173 1338 5226 ούκ
1379 5175 1753 5248 ἀκουσόμεθα,
1807 5177 1891 5230 ὅτι

294 5269 576 5333 ποιοῦντες
609 5267 915 5338 ποιήσομεν
945 5266 1126 5320 πάντα
1161 5265 1252 5320 τὸν
1289 5265 1447 5334 λόγον
1467 5307 1483 5334 ,
1517 5268 1573 5332 ὃς
1614 5267 1882 5334 ἐξελεύσεο
1933 5315 1936 5317 .

292 5381 380 5417 ται
409 5364 476 5417 ὲκ
503 5361 599 5416 τοῦ
628 5360 898 5430 στόματος
925 5358 1108 5430 ἡμῶν,
1137 5356 1341 5429 θυμιᾷν
1365 5360 1433 5430 τῇ
1472 5358 1759 5432 βασιλίσσῃ
1796 5359 1890 5414 τοῦ

295 5453 549 5528 ούρανοῦ,
577 5453 674 5507 καὶ
708 5450 958 5506 σπένδειν
993 5450 1133 5521 αὐτῇ
1164 5449 1420 5518 σπονδὰς,
1451 5450 1596 5505 καθά
1627 5451 1893 5522 ἐποιήσα-

301 5568 399 5620 μεν
431 5550 618 5620 ήμεῖς,
650 5546 747 5599 καὶ
793 5545 846 5598 οἱ
895 5543 1132 5615 πατέρες
1176 5543 1357 5614 ἡμῶν,
1407 5543 1505 5596 καὶ
1551 5544 1602 5597 οἰ
1653 5543 1895 5613 βασιλεῖς

296 5641 486 5712 ἡμῶν,
514 5639 610 5692 καὶ
641 5639 692 5690 οί
720 5637 980 5709 ἄρχοντες
1015 5635 1172 5707 ἡμῶν
1205 5637 1263 5690 ὲν
1307 5634 1525 5690 πόλεσιν
1565 5634 1758 5702 Ἰούδα,
1799 5635 1894 5688 καὶ

1990 1853 2108 1895 cem
2163 1840 2360 1906 tribus,
2420 1840 2576 1910 regni
2639 1840 2905 1895 ltoboami
2955 1841 3086 1912 jugo
3143 1856 3400 1909 excusso,
3461 1853 3589 1898 tunc

1990 1932 2193 1987 vitulos
2222 1931 2514 1987 .leroboam
2543 1931 3042 1998 iutroduxit'°.Qui
3077 1943 3434 1988 autemerant
3455 1933 3586 1989 llie-

1992 2025 2302 2097 resolymis,
2333 2026 2386 2080 in
2433 2025 2708 2080 montibus
2746 2033 2802 2080 et
2841 2025 3077 2081 collibus
3116 2040 3365 2080 errorem
3421 2042 3584 2082 suum

1991 2119 2324 2173 exercebant
2357 2117 2568 2183 sedulo,
2595 2133 2719 2173 cum
2764 2117 3090 2188 alienigenis
3131 2119 3454 2174 mulieribus
3483 2121 3588 2176 ob-

1991 2208 2302 2265 secundans
2347 2219 2402 2264 et
2437 2209 2750 2264 assentiens
2803 2208 3062 2264 Salomon
3089 2249 3105 2274 ,
3151 2210 3315 2265 etiam
3349 2225 3477 2266 aras
3532 2220 3589 2266 et

1993 2303 2114 2358 fana
2145 2303 2368 2373 insuper
2423 2302 2640 2357 illarum
2694 2303 3013 2357 numinibus
3061 2301 3174 2373 jam
3226 2314 3339 2357 tum
3387 2303 3585 2359 condi-

1993 2395 2166 2451 disset
2199 2395 2268 2450 ".
2301 2394 2379 2449 Ex
2412 2410 2524 2466 quo
2579 2393 2748 2465 igitur
2779 2395 3074 2466 excogitati
3118 2404 3246 2450 sunt
3296 2395 3485 2463 colles,
3531 2408 3589 2451 et

1995 2487 2226 2553 ludicra,
2259 2497 2316 2543 et
2341 2489 2746 2558 pseudolatriae,
2803 2505 2872 2544 ex
2903 2503 2971 2544 eo
3033 2498 3279 2557 tempore
3333 2489 3590 2559 peccavit

1992 2578 2046 2633 in
2076 2577 2244 2633 Deum
2275 2577 2464 2634 Israel.
2516 2576 2702 2632 Potest
2743 2588 2798 2633 et
2827 2578 2955 2632 hinc
2997 2578 3309 2646 benignitas
3343 2578 3434 2631 Dei
3470 2593 3580 2632 non

1992 2673 2226 2728 obscure
2257 2672 2534 2741 cognosci,
2569 2688 2690 2743 quae
2721 2686 2820 2726 nec
2858 2671 3020 2742 longo
3075 2669 3364 2726 intervallo
3415 2670 3585 2744 149

1995 2765 2289 2837 impietatis
2317 2781 2445 2822 reos
2487 2766 2684 2835 punire
2733 2764 3032 2831 sustinuit;
3076 2767 3172 2820 sed
3208 2765 3432 2819 indulsit
3488 2781 3581 2835 po‘

1996 2856 2140 2921 tius,
2179 2864 2234 2909 et
2270 2857 2397 2909 dum
2433 2855 2644 2910 seducti
2698 2856 3081 2926 paenitentiam
3137 2857 3278 2912 forte
3313 2865 3581 2927 agerent,

1995 2948 2353 3018 exspectavit.
2395 2949 2468 3002 At
2520 2948 2594 3002 illi
2631 2957 2683 3002 et
2739 2948 3198 3014 contumaciores,
3273 2957 3330 3003 et
3380 2949 3591 3006 scelere

1995 3041 2368 3111 corruptiores
2384 3041 2594 3097 inventi
2617 3051 2765 3097 sunt.
2788 3040 3036 3098 Collibus
3052 3041 3200 3097 enim
3221 3042 3425 3099 vitulos
3454 3056 3592 3113 quo-

1997 3147 2104 3203 que
2129 3130 2466 3201 adjecerunt.
2501 3130 2890 3188 Sacriﬁcantes
2939 3139 3122 3187 autem
3153 3132 3496 3187 daemonibus
3530 3133 3586 3188 in

1999 3226 2278 3282 montibus
2305 3237 2357 3281 et
2388 3226 2638 3290 collibus,
2673 3234 2729 3282 et
2754 3239 2816 3282 se
2848 3226 2902 3281 in
2937 3225 3040 3281 hoc
3093 3226 3240 3280 inani
3283 3225 3466 3280 Slltdio
3501 3240 3590 3282 re-

1999 3319 2221 3392 ligiosos
2243 3320 2600 3384 arbitrantes,
2636 3318 2884 3375 fortassis
2939 3321 3108 3375 etiam
3171 3319 3316 3390 apud
3343 3319 3589 3373 animum

1998 3414 2340 3483 cogitabant,
2394 3412 2504 3467 imo
2552 3421 2924 3483 congruenter
2965 3410 3272 3480 putabant,
3323 3425 3382 3466 se
3429 3410 3593 3465 rebus

2003 3504 2265 3560 secundis
2305 3512 2630 3559 constanter
2657 3516 2876 3569 usuros,
2938 3511 2990 3557 et
3026 3501 3358 3556 adversariis
3402 3501 3591 3556 valen-

2000 3595 2188 3661 tiores,
2227 3605 2282 3649 et
2310 3609 2338 3650 a
2357 3595 2622 3650 servitute
2649 3594 2900 3649 hostibus
2924 3593 3213 3648 servienda
3247 3601 3393 3649 tutos
3421 3591 3540 3647 fore
3569 3610 3583 3647 :

1997 3690 2087 3759 qui
2124 3690 2349 3743 morbus
2377 3701 2567 3743 errore
2595 3687 2839 3758 deceptis
2877 3684 3165 3741 familiaris
3190 3692 3294 3741 cst.
3338 3683 3450 3739 Hoc
3494 3683 3594 3755 igi-

2000 3793 2104 3848 tur,
2123 3781 2348 3852 quando
2371 3792 2524 3850 capta
2553 3796 2582 3835 a
2600 3780 2898 3852 Babylonio
2911 3778 3292 3851 Hierosolyma
3315 3779 3368 3833 in
3387 3775 3595 3848 Egyp-

1995 3883 2108 3929 tuni
2126 3873 2549 3938 descendebant,
2568 3874 2830 3944 propheta
2843 3871 3110 3930 Jeremias
3131 3871 3328 3938 suasit,
3348 3880 3405 3926 ut
3426 3870 3596 3927 sacri-

1997 3966 2139 4021 ficiis
2172 3964 2441 4019 idolorum
2477 3973 2871 4034 temperarent,
2902 3980 3011 4036 quo
3041 3964 3385 4022 Salvatorem
3415 3965 3591 4020 Deum

1995 4057 2293 4128 propitium
2327 4056 2613 4112 haberent.
2645 4055 2747 4111 Ast
2784 4057 2862 4111 illi
2899 4058 3005 4113 bac
3036 4057 3105 4112 de
3141 4072 3307 4112 causa
3346 4057 3402 4111 in
3440 4055 3590 4111 cala-

1997 4151 2217 4206 mitates
2257 4163 2317 4204 se
2358 4147 2622 4204 incidisse
2680 4149 3068 4220 praedicabant,
3112 4147 3258 4218 quod
3305 4146 3424 4216 lege
3459 4159 3593 4201 san-

1995 4247 2122 4304 citis
2146 4259 2342 4316 parere
2401 4258 2508 4299 non
2547 4242 2845 4299 desiissent
2887 4281 2904 4308 ,
2939 4249 2994 4297 et
3043 4239 3098 4296 in
3159 4239 3306 4295 cultu
3362 4239 3592 4294 deorum

1996 4337 2501 4395 cummentitiorum
2543 4335 2803 4392 socordes
2856 4333 3186 4388 evasissent.
3247 4331 3340 4387 Sic
3407 4335 3592 4384 autem

1997 4433 2234 4501 legimus
2277 4445 2291 4484 :
2336 4447 2357 4483 ι
2409 4428 2476 4484 Et
2513 4428 2914 4498 responderunt
2955 4423 3208 4482 Jeremia:
3247 4435 3440 4478 omnes
3487 4421 3590 4475 viri

1991 4527 2248 4588 scientes,
2281 4522 2428 4594 quod
2451 4521 2735 4578 adolerent
2765 4533 2967 4577 uxores
3000 4534 3192 4577 eorum
3225 4517 3334 4574 diis
3367 4515 3588 4583 alienis,

1991 4628 2048 4676 et
2086 4631 2278 4672 omnes
2313 4614 2606 4680 mulieres,
2668 4611 3024 4682 congregatio
3076 4623 3296 4680 magna,
3328 4616 3382 4661 et
3411 4605 3591 4661 omnis

1992 4707 2224 4780 populus
2271 4706 2529 4762 sedentes
2582 4703 2636 4758 in
2682 4712 2826 4758 terra
2880 4700 3101 4773 Egypti
3138 4738 3154 4766 ,
3198 4699 3250 4752 in
3306 4707 3450 4752 terra
3493 4694 3597 4749 Pa-

1995 4802 2202 4868 thures,
2248 4800 2537 4856 dicentes:
2585 4797 2906 4852 Sermonem
2955 4809 3117 4864 quem
3152 4791 3367 4848 locutus
3408 4805 3467 4844 es
3510 4789 3578 4842 ad

1994 4908 2093 4948 nos
2124 4893 2175 4946 in
2205 4891 2426 4946 nomine
2459 4888 2696 4952 Domini,
2743 4902 2848 4942 non
2885 4886 3198 4950 audiemus,
3229 4883 3353 4952 quia
3385 4879 3593 4934 iacien-

1999 4996 2081 5041 tes
2136 4983 2406 5040 faciemus
2437 4997 2602 5035 omne
2626 4979 2854 5034 verbum
2885 4977 3034 5048 quod
3065 4975 3381 5046 egredietur
3401 4973 3466 5028 de
3497 4984 3595 5025 ore

2000 5089 2209 5143 nostro,
2247 5074 2645 5129 utadoleamus
2677 5069 2880 5143 regina:
2936 5069 3083 5134 caeli,
3140 5077 3196 5123 et
3228 5066 3460 5122 libemus
3514 5063 3591 5117 illi

1999 5171 2284 5233 libamina,
2328 5168 2472 5223 sicut
2501 5166 2732 5221 fecimus
2773 5179 2893 5229 nos,
2955 5172 3010 5218 et
3040 5173 3224 5232 patres
3278 5157 3488 5221 nostri,
3540 5166 3592 5211 et

2003 5278 2160 5334 reges
2190 5262 2388 5328 nostri,
2427 5270 2482 5316 et
2518 5259 2794 5331 principes
2828 5256 3001 5312 nostri
3046 5254 3102 5308 in
3150 5250 3380 5307 urbibus
3428 5248 3591 5315 Juda,

2004 5364 2058 5411 et
2106 5353 2239 5410 foris
2264 5351 2591 5418 Jerusalem,
2637 5361 2692 5405 et
2730 5346 2964 5404 saturati
3004 5358 3193 5400 sumus
3241 5339 3501 5411 panibus,
3538 5351 3594 5395 et

2004 5446 2135 5502 facti
2171 5459 2361 5498 sumus
2394 5441 2540 5506 boui,
2581 5449 2634 5496 et
2668 5437 2806 5494 mala
2834 5452 2939 5491 non
2973 5433 3226 5488 vidimus.
3261 5430 3328 5486 Et
3362 5439 3422 5484 ut
3466 5443 3591 5486 ces-

2004 5538 2250 5595 savimus
2279 5535 2564 5591 adoleutcs
2597 5531 2799 5602 reginae
2825 5527 2949 5585 cteli
2968 5568 2983 5594 ,
3039 5524 3372 5596 indiguimus
3400 5536 3592 5578 omnes

2003 5645 2127 5688 nos.
2156 5639 2208 5685 et
2237 5628 2292 5684 in
2331 5628 2472 5683 fame
2502 5622 2802 5683 defecimus
2826 5620 2894 5674 ".
2949 5638 2966 5673 ι
3003 5616 3200 5691 Culpat
3231 5615 3394 5688 igitur
3419 5611 3592 5671 Israc-

378 5828 426 5860 θ’
454 5827 515 5883 Ill
550 5825 680 5895 Reg.
714 5838 812 5888 xu,
842 5823 930 5878 28.
1009 5823 1050 5852 θ’
1077 5820 1136 5876 llI
1175 5821 1387 5909 Ιὶυελιιζ
1429 5822 1479 5875 -l-.
1515 5819 1693 5878 "Jcr.
1726 5835 1876 5887 xuv,
1915 5818 2094 5875 15-18.
