3982 6462
408 358 512 415 251

1400 354 1461 415 s.
1500 354 1776 412 CYRILLI
1812 355 2292 412 ALEXANDRINI
2332 356 2653 413 ARCHIEP.
3078 340 3083 345 ’
3270 351 3305 387 ί

3571 360 3685 420 982

411 472 631 528 litarum
667 482 833 524 vanos
865 480 1146 523 sermones
1168 476 1225 524 et
1252 482 1404 537 spem
1435 467 1644 524 futilem
1680 482 1743 524 ac
1784 465 1855 522 de
1876 469 1981 524 col-

2098 467 2297 536 ἔξωοεν
2348 469 2738 541 Ἰερουσαλὴμ,
2789 468 2884 522 καὶ
2931 469 3283 542 ἑπλήσθημεν
3330 471 3533 543 ἄρτων,
3583 476 3682 530 καὶ

415 569 556 622 libus
581 563 772 627 dicit,¢
804 562 876 617 ibi
909 570 1201 627 steterunt,
1228 580 1248 615 ι
1284 560 1387 615 hoc
1405 568 1509 626 est,
1565 569 1623 614 ut
1678 560 1778 630 ipsi
1827 559 1993 615 dicti-

417 666 558 723 tant,
586 666 679 711 aut
717 653 913 710 saltem
949 654 1290 719 existimant,
1340 652 1417 708 ibi
1468 651 1632 708 cultis
1681 651 1841 708 idolis
1879 661 1993 707 sta-

415 749 576 802 bilem
607 745 922 801 felicitatem
949 745 1224 799 consecuti
1259 753 1407 809 sunt,
1434 754 1491 799 et
1522 744 1577 797 in
1608 744 1769 799 bonis
1797 743 1995 798 immo-

416 839 613 894 bilibus
647 838 1033 900 constiterunt,
1063 846 1118 891 et
1145 845 1203 891 ut
1237 836 1461 906 insuper
1489 835 1595 890 sibi
1630 836 1985 906 persuadent,

415 946 520 986 non
534 930 956 1000 comprehendet
974 943 1067 983 eos
1094 928 1148 982 in
1174 927 1315 982 colle
1334 927 1442 981 ulla
1463 943 1689 997 prorsus
1715 926 1991 995 molestia,

412 1021 459 1074 si
483 1019 721 1091 legitima
744 1017 1082 1088 sculptilibus
1129 1025 1391 1087 prmstare
1437 1032 1542 1071 non
1583 1013 1982 1071 recusaverint.

414 1113 524 1168 Sed
547 1112 775 1181 decepti,
797 1119 852 1165 et
884 1124 979 1179 spe
1010 1125 1106 1164 sua
1141 1108 1310 1164 delusi
1339 1118 1488 1172 sunt,
1533 1108 1732 1177 inquit.
1778 1107 1986 1163 Invasit

412 1204 567 1260 enim
606 1218 703 1259 eos
740 1202 939 1258 bellum
967 1209 1225 1270 tanquam
1275 1201 1417 1257 ﬁlios
1446 1200 1772 1270 iniquitatis,
1802 1207 1860 1254 et
1900 1214 1997 1253 ex-

411 1294 675 1365 perientia
710 1295 827 1363 ipsa
871 1293 1229 1358 erudientur,
1287 1292 1534 1354 odiosam
1567 1306 1689 1347 esse
1738 1290 1990 1347 rebellio-

414 1403 540 1443 nem
573 1403 588 1453 ;
620 1395 677 1441 et
713 1387 961 1456 quinam,
993 1395 1088 1440 aut
1121 1384 1283 1456 150
1331 1399 1431 1455 per
1474 1399 1611 1453 quos
1660 1383 1990 1452 corripiendi

410 1478 541 1540 sint,
590 1491 688 1546 per
734 1477 1029 1531 maximum
1073 1477 1325 1531 videlicet
1373 1475 1733 1543 hostilemque
1778 1473 1992 1528 exerci-

412 1581 523 1625 tum
554 1588 567 1624 :
596 1570 698 1643 ltpc
730 1568 877 1624 enim
907 1577 992 1625 est
1021 1569 1169 1640 quod
1217 1568 1390 1632 dicit,
1460 1586 1479 1619 ι
1513 1566 1993 1637 congregubuntur

406 1659 590 1730 populi
626 1672 789 1730 super
817 1673 936 1725 eos,
982 1676 1001 1710 ι
1034 1667 1090 1714 et
1118 1657 1257 1712 mala
1287 1658 1412 1712 belli
1453 1656 1613 1728 plane
1646 1654 1993 1724 occupabunt

408 1751 530 1806 illos
556 1751 681 1805 dum
716 1749 1105 1819 corripientur,
1169 1768 1188 1803 ι
1227 1758 1448 1819 propter
1497 1749 1631 1803 duas
1677 1747 1993 1816 iniquitates

2094 560 2394 631 ἐγενόμεθα
2422 563 2687 632 χρηστοὶ,
2727 562 2824 614 κα)⁵
2852 562 2999 615 κακὰ
3040 562 3143 614 οὐκ
3187 562 3425 633 εῖδομεν.
3459 566 3567 620 Καὶ
3602 568 3681 632 ὡς

2093 651 2199 705 διε)
2213 652 2408 723 ίπομεν
2461 652 2764 723 θυμιῶντες
2817 655 2882 723 τῇ
2932 652 3217 725 βασιλίσσῃ
3270 654 3366 708 τοῦ
3414 656 3678 728 οὐρανοῦ,

2092 741 2487 813 ήλαττώθημεν
2525 742 2725 807 πάντες
2755 744 2940 813 ἡμεῖς,
2972 743 3066 795 καὶ
3102 745 3160 795 ὲν
3194 745 3464 816 ῥομφαίᾳ,
3492 749 3591 801 καὶ
3616 749 3679 802 ὲν

2094 832 2235 904 λιμῷ
2268 834 2607 905 ὲξελίπομεν.
2645 852 2664 885 ι
2703 833 2958 887 Αίτιᾶται
2995 833 3175 888 τοίνυν
3210 835 3319 888 τῶν
3360 837 3419 903 ἐξ
3459 836 3682 911 Ἰσραὴλ

2094 924 2226 979 αὑτό
2262 942 2315 978 τι
2366 926 2427 979 τὸ
2465 925 2815 996 είκαιόμυθον
2850 926 2946 978 καὶ
2976 926 3038 979 τὸ
3071 926 3272 997 σαθρὸν
3303 928 3405 997 τῆς
3439 929 3678 996 ἐλπίδος,

2094 1015 2189 1071 καί
2236 1033 2370 1087 φησι
2410 1017 2542 1087 περὶ
2585 1016 2693 1070 τῶν
2728 1015 2967 1086 βυυνῶν,
3008 1016 3091 1069 ὅτι
3138 1035 3158 1068 ι
3190 1018 3307 1071 ἐκεῖ
3345 1017 3604 1089 ἔστησαν,
3652 1039 3679 1073 ι

2092 1110 2395 1171 τουτέστιν,
2429 1111 2511 1163 ὅτι
2542 1108 2795 1181 καθάπερ
2833 1108 2989 1162 αὐτοί
3022 1125 3208 1178 φασιν,
3238 1110 3272 1181 ἢ
3304 1110 3438 1179 γοῦν
3472 1113 3679 1166 οἴονται

2093 1201 2238 1257 κατὰ
2290 1203 2453 1273 σφᾶς,
2516 1203 2635 1255 ἐκεῖ
2684 1202 2799 1264 τοῖς
2846 1200 3106 1270 γλυπτοῖς
3147 1201 3566 1273 λατρεύσαντες,
3614 1204 3682 1257 τδ

2092 1294 2337 1366 ἀσφαλὲς
2377 1295 2647 1364 ἐσχήκασι
2674 1296 2772 1364 τῆς
2799 1293 3120 1364 εὐημερίας,
3151 1294 3247 1348 καὶ
3273 1294 3330 1347 ἐν
3359 1293 3679 1365 ἀκλονήτοις

2093 1385 2328 1457 ἔστησαν
2371 1385 2616 1453 ἀγαθοῖς.
2662 1386 2773 1438 Καὶ
2796 1381 2874 1447 ὦς
2919 1401 2984 1453 γε
3024 1385 3230 1438 οἴονται
3276 1384 3461 1450 πάλιν,
3489 1384 3553 1437 οὐ
3601 1384 3680 1457 μὴ

2093 1477 2377 1548 καταλάϐῃ
2399 1478 2596 1539 αὐτοὺς
2625 1478 2682 1529 ἐν
2711 1476 2789 1547 τῷ
2813 1476 3010 1547 βουνῷ,
3035 1477 3096 1531 τὸ
3128 1477 3273 1531 κατά
3298 1494 3351 1531 τι
3375 1477 3506 1546 γοῦν
3539 1477 3679 1541 ὅλως

2091 1570 2283 1623 λυπεῖν
2326 1568 2534 1633 εἰωθὸς,
2564 1570 2611 1621 εἰ
2644 1568 2888 1641 πληροῦν
2922 1568 3128 1622 ἕλοιντο
3160 1571 3275 1633 τοῖς
3317 1568 3576 1638 γλυπτοῖς
3608 1569 3680 1622 τὰ

2092 1659 2472 1732 νενομισμένα.
2517 1658 2660 1712 Ἀλλ’
2699 1659 3031 1731 ήπάτηνται,
3061 1660 3217 1729 φησὶ,
3246 1658 3341 1712 καὶ
3370 1658 3679 1731 διημαρτή-

2091 1769 2221 1806 κασι
2244 1752 2347 1822 τῆς
2373 1751 2608 1815 ἐλπίδος.
2645 1752 2901 1819 ’Λφῖκται
2940 1750 3049 1823 γὰρ
3089 1750 3154 1821 δὴ
3186 1749 3423 1819 πόλεμος
3454 1749 3544 1800 ἐπ’
3577 1747 3678 1801 αὐ-

406 1842 650 1912 ipsorum
686 1860 711 1893 ι
748 1843 880 1908 Quae
911 1842 1102 1911 quales
1153 1843 1284 1909 sint,
1341 1840 1648 1895 luculenter
1705 1838 1860 1892 nobis
1893 1851 1981 1907 per

2094 1841 2242 1902 τοὺς,
2278 1838 2490 1902 ἀδικίας
2534 1838 2695 1902 ὄντας
2739 1838 2938 1902 τέκνα,
2981 1840 3077 1892 καὶ
3125 1839 3214 1892 διὰ
3260 1838 3457 1910 πείρας
3506 1839 3678 1908 αὐτῆς

405 1948 470 1989 os
497 1932 749 1989 Jeremiae
810 1932 1123 1987 indicavit:
1163 1949 1182 1983 ι
1243 1931 1534 2001 Obstupuit
1581 1929 1778 1984 calum
1825 1941 1981 1997 super

2095 1924 2571 1996 παιδευθήσονται,
2605 1924 2801 1997 πικρὸν
2833 1927 2917 1979 ὅτι
2942 1926 3002 1978 τὸ
3030 1926 3239 1996 ὲξήνιον
3257 1942 3271 1956 °
3313 1927 3409 1981 καὶ
3438 1927 3583 1991 τίνες
3609 1926 3681 1980 ἂν

406 2023 533 2090 hoc,
562 2034 615 2079 et
651 2024 918 2079 inhorruit
948 2034 1103 2079 extra
1152 2023 1369 2077 modum
1404 2023 1790 2086 vehementer,
1844 2019 1981 2073 dicit

2091 2013 2222 2080 εἷεν,
2256 2016 2323 2070 δι’
2353 2009 2429 2070 ὧν
2460 2015 2672 2070 ἔσονται
2700 2016 2771 2071 τὰ
2800 2017 2878 2081 είς
2904 2017 3149 2071 παιδείαν
3179 2017 3385 2081 αὐτοῖς,
3405 2016 3679 2088 άπλείστη

406 2117 688 2182 Dominus,
750 2117 875 2186 quia
900 2120 1027 2182 duo,
1082 2125 1138 2171 et
1172 2115 1315 2170 mala
1364 2114 1491 2169 fecit
1525 2112 1751 2183 populus
1800 2126 1977 2165 meus.

2089 2120 2174 2166 τις
2220 2104 2324 2173 ὅση
2367 2102 2643 2173 πολεμίων
2687 2106 2979 2175 ὁμήγυρις.
3035 2104 3208 2158 Τοῦτο
3253 2106 3365 2178 γάρ
3411 2107 3531 2159 ἐστι
3590 2106 3676 2173 τὸ,

404 2210 489 2263 Me
519 2208 921 2277 dereliquerunt
948 2208 1150 2263 fontem
1174 2222 1328 2277 aquae
1347 2207 1612 2271 viventis;
1640 2214 1695 2259 et
1727 2203 1981 2259 foderunt

2090 2215 2109 2248 ι
2147 2196 2584 2266 Συναχθήσονται
2632 2197 2721 2250 ἐπ’
2770 2197 2965 2261 αὐτοὺς
3004 2196 3146 2263 λαοὶ,
3183 2217 3202 2250 ι
3254 2200 3351 2252 καὶ
3382 2198 3452 2253 τὰ
3479 2199 3544 2251 ὲκ
3577 2195 3678 2252 τοῦ

401 2298 507 2353 sibi
541 2296 689 2352 lacus
719 2297 1006 2362 contritas,
1034 2296 1125 2365 qui
1160 2311 1265 2351 non
1292 2303 1549 2365 poterunt
1600 2308 1795 2365 aquam
1842 2307 1981 2348 cou-

2087 2288 2323 2358 πολέμου
2359 2287 2512 2341 δεινὰ
2546 2287 2890 2359 συμϐήσεται
2937 2289 3186 2354 πάντως,
3220 2292 3278 2344 ὲν
3314 2289 3392 2361 τῷ
3425 2288 3681 2343 παιδεύε-

406 2390 581 2446 linere
607 2390 675 2447 ⁸³.
712 2408 731 2441 ι
2087 2380 2211 2434 σθαι
2238 2379 2469 2444 αὐτοὺς,
2517 2396 2537 2431 ι
2585 2379 2711 2432 Ἐπὶ
2752 2383 2872 2443 ταῖς
2917 2381 3067 2434 δυσὶν
3109 2381 3351 2445 ἀδικίαις
3400 2382 3604 2437 αὐτῶν.
3648 2398 3669 2434 ι

400 2480 516 2534 Καὶ
545 2481 675 2533 ποῖα
706 2479 770 2551 δὴ
802 2478 975 2533 ταῦτά
1015 2477 1154 2541 ἐστι,
1214 2475 1550 2550 σαφέστερον
1612 2478 1745 2549 ἡμῖν
1795 2475 1885 2529 διὰ
1932 2473 2117 2545 φωνῆς
2188 2472 2450 2544 Ἱερεμίου
2519 2471 2875 2541 παρέδειξεν,
2923 2472 3129 2527 εἰπών’
3175 2492 3193 2527 ι
3242 2474 3468 2545 Ἐξέστη
3511 2476 3542 2528 ὁ
3579 2474 3678 2527 οὐ·

402 2571 565 2644 ρανὸς
611 2573 703 2625 ἐπὶ
744 2572 938 2643 τούτῳ,
990 2572 1084 2626 καὶ
1118 2570 1337 2642 ἔφριξεν
1381 2574 1474 2625 ἐπὶ
1520 2572 1703 2626 πλεῖον
1749 2570 1976 2643 σφόδρα,
2014 2569 2164 2637 λέγει
2230 2567 2456 2635 Κύριος,
2501 2566 2585 2620 ὅτι
2653 2566 2747 2620 δύο
2803 2568 2900 2622 καὶ
2935 2571 3151 2639 πονηρά
3190 2569 3446 2641 ἐποίησεν
3480 2571 3510 2623 ὁ
3546 2568 3679 2631 λαός

402 2681 530 2734 μου.
575 2664 707 2734 Ἐμὲ
766 2663 1133 2733 ἒγκατέλιπον
1169 2665 1352 2738 πηγὴν
1400 2665 1592 2732 ὓδατος
1636 2667 1835 2732 ζῶντος
1857 2710 1872 2734 ,
1917 2665 2011 2719 καὶ
2076 2661 2297 2736 ὤρυξαν,
2353 2664 2565 2725 ἑαυτοῖς
2622 2662 2860 2727 λάκκους
2912 2664 3434 2735 συντετριμμένους,
3482 2663 3532 2716 οἳ
3596 2662 3671 2716 οὐ

394 2758 719 2829 δυνήσονται
759 2756 902 2827 ὕδωρ
942 2756 1213 2828 συνέχειν.
1248 2776 1267 2809 ι

472 2848 639 2903 γεω.
682 2848 768 2902 ll.
811 2848 1066 2915 Ephraim
1123 2850 1290 2903 vitula
1346 2850 1501 2903 docta
1549 2850 1767 2919 diligere
1816 2849 1983 2903 victo-

401 2940 560 2995 riam.
593 2938 703 3009 Ego
732 2949 906 2993 autem
935 2941 1138 2993 veniam
1167 2956 1326 3010 super
1364 2926 1810 3010 pulchritudinem
1858 2942 1981 2997 colli

399 3031 538 3095 eius.
581 3031 878 3085 Ascendam
910 3031 1194 3097 Ephraim,
1224 3042 1272 3086 et
1302 3032 1525 3087 reticebo
1549 3032 1773 3087 Iudam.

474 3187 662 3244 CXIX.
697 3189 955 3260 Ephraim
991 3204 1113 3245 cum
1141 3189 1321 3245 vitulo
1341 3189 1622 3255 componit
1648 3228 1664 3255 ,
1720 3189 1978 3244 intracta-

398 3278 494 3335 bili
528 3287 585 3335 et
611 3278 846 3349 superbo
881 3278 1046 3335 nimis
1074 3318 1092 3345 ,
1131 3278 1337 3349 impetu
1385 3279 1670 3344 indomito,
1703 3280 1755 3333 in
1787 3294 1981 3348 quem-

400 3384 619 3438 cunque
659 3368 800 3424 l'orte
846 3369 1105 3440 irruerit,
1151 3384 1246 3426 seu
1291 3371 1684 3426 cicurationem
1736 3387 1843 3426 non
1886 3387 1983 3442 pa-

400 3461 590 3527 tiente,
621 3461 716 3516 sed
753 3461 1034 3517 victoriam
1091 3461 1267 3531 magis
1312 3476 1529 3532 semper
1594 3471 1891 3530 quaerente,
1926 3473 1982 3519 et

394 3552 470 3610 ad
503 3553 556 3608 id
591 3553 735 3623 quod
762 3554 865 3609 sibi
899 3554 1313 3624 complacuerit,
1343 3554 1752 3610 incitatiouibus
1797 3570 1982 3625 repre-

398 3643 722 3699 hensionum
745 3643 955 3699 securis
972 3643 1347 3699 contendenti.
1376 3642 1484 3699 Sed
1503 3658 1812 3713 quanquam
1834 3645 1981 3715 ejus-

397 3735 545 3790 modi
574 3744 678 3801 est,
716 3736 872 3791 Cedet
906 3745 1088 3791 tamen
1126 3734 1209 3790 vel
1237 3735 1435 3790 invitus
1458 3736 1807 3801 ;domabitur
1833 3739 1977 3794 enim

398 3826 767 3884 calamitatum
793 3828 1123 3894 incursibus,
1141 3827 1460 3899 subjiciente
1475 3828 1626 3884 illum
1646 3829 1776 3896 Deo,
1799 3840 1979 3887 ettan-

398 3930 512 3976 tum
542 3934 650 3976 non
678 3937 774 3992 per
790 3935 850 3977 se
879 3921 1139 3993 idagente
1161 3931 1213 3976 et
1234 3920 1691 3992 pulchritudinem
1715 3925 1840 3980 colli
1860 3925 1977 3995 ejus

397 4011 761 4082 disperdente,
790 4014 894 4068 hoc
924 4022 1027 4075 est.
1048 4013 1373 4083 praecipuam
1406 4020 1461 4068 et
1487 4013 1745 4069 selectam
1766 4023 1976 4084 partem

397 4105 451 4159 in
493 4103 1014 4160 lsraelexeutiente.
1047 4104 1171 4160 llaec
1206 4113 1386 4159 autem
1422 4113 1540 4159 erat
1564 4119 1685 4174 quae
1716 4107 1979 4175 regnabat

394 4197 536 4267 apud
567 4197 736 4266 ipsos,
790 4199 1172 4270 subiectosque
1226 4196 1453 4269 populos
1504 4197 1574 4250 ad
1620 4197 1977 4252 deserendum

396 4288 565 4344 Deum
594 4291 943 4360 provocabat.
971 4290 1336 4358 Quamobrem
1368 4287 1478 4342 Deo
1498 4286 1845 4359 incumbente
1864 4289 1976 4346 dis-

2170 2843 2413 2914 Ὲρριιῒμ
2445 2843 2702 2912 δάμαλις
2742 2842 3136 2913 δεδιδαγμένη
3184 2843 3430 2915 ἀγαπᾷν
3475 2846 3670 2914 νικος.

2101 2936 2241 3006 Ἐγπὼ
2270 2936 2336 2989 δὲ
2372 2936 2775 3003 ἐπελεύσομαι
2813 2934 2914 2988 ἐπὶ
2947 2935 3016 2990 τὸ
3049 2936 3277 3003 κάλλος
3310 2938 3416 2992 τοῦ
3444 2938 3675 3009 τραχή-

2008 3061 2055 3123 c
2085 3032 2200 3084 λου
2252 3027 2462 3097 αὐτῆς.
2504 3025 2770 3081 Ἐπισιϐῶ
2812 3026 3090 3098 Ἐφραῒμ,
3139 3030 3238 3084 καὶ
3277 3031 3673 3100 παρασιωπή-

2083 3137 2265 3189 σομαι
2300 3119 2545 3174 Ἰούδαν.

2036 3266 2049 3275 ,
2153 3211 2299 3268 PIO’.
2339 3212 2542 3283 Μόσχῳ
2573 3212 2897 3284 παρεικάζει
2935 3211 3026 3266 τὺν
3061 3212 3320 3285 Ἑφραῖμ,
3362 3211 3586 3286 σκληρῷ
3611 3231 3676 3269 τε

2081 3305 2177 3359 καὶ¹
2226 3303 2493 3375 άγερώχῳ
2523 3303 2664 3367 λίαν,
2694 3305 2790 3357 καὶ
2820 3304 3225 3359 ἀνακόπτεσθαι
3261 3306 3336 3377 μὴ
3365 3306 3528 3361 εἰδότι
3570 3308 3675 3379 τῆς

2084 3395 2219 3459 ιδίας
2266 3396 2477 3467 ὁρμῆς,
2514 3396 2586 3466 ἣν
2629 3393 2696 3449 ἂν
2738 3395 2825 3464 ἐφ’
2862 3396 2968 3466 ὅτῳ
3008 3398 3213 3451 ποιοῖτο
3252 3398 3414 3469 τυχὸν
3437 3437 3453 3463 ,
3501 3399 3675 3469 ήγουν

2079 3486 2496 3541 τιθασσεύεσθαι
2545 3486 2619 3559 μὴ
2664 3486 3008 3558 ἀνεχομὲνῳ,
3059 3487 3317 3560 ζητοῦντι
3361 3490 3419 3544 δὲ
3466 3491 3675 3561 μᾶλλον

2080 3580 2169 3634 ἀεὶ
2194 3580 2255 3634 τὸ
2276 3581 2452 3651 νικᾷν,
2481 3580 2578 3633 καὶ
2607 3580 2744 3652 πρὸς
2774 3579 2835 3633 τὸ
2854 3579 3001 3651 αὐτῷ
3025 3580 3216 3634 δοκοῦν
3242 3582 3670 3653 ἀνεπιπλήκτοις

2081 3672 2258 3727 ίεσθαι
2295 3674 2415 3735 ταῖς
2453 3673 2675 3745 ὁρμαῖς.
2712 3672 2851 3725 Ἀλλ’
2881 3673 2931 3726 εί
2968 3673 3063 3726 καὶ
3091 3673 3208 3728 ἔστι
3244 3674 3519 3741 τοιοῦτος,
3566 3692 3675 3747 φη-

2081 3765 2187 3829 σὶν,
2225 3763 2445 3817 ἐνδώσει
2483 3765 2581 3817 καὶ
2608 3764 2707 3834 οὐχ
2748 3763 2910 3818 ἑκών.
2955 3766 3378 3838 Δαμασθήσεται
3411 3767 3519 3841 γὰρ
3545 3772 3675 3834 ταῖς

2077 3856 2187 3911 τῶν
2234 3854 2528 3928 συμφορῶν
2572 3856 2805 3925 ἐφόδοις,
2840 3856 3271 3926 ὑποζευγνύντος
3298 3857 3457 3926 Θεοῦ,
3508 3861 3676 3930 μόνον

2078 3947 2136 4002 δὲ
2183 3948 2304 4019 οὐχὶ
2348 3947 2537 4001 καὶτὸ
2571 3947 2767 4010 κάλλος
2815 3947 2912 4001 τοῦ
2958 3948 3235 4021 τραχήλου
3268 3949 3436 4004 αὐτοῦ
3485 3967 3672 4022 παρα-

2078 4036 2322 4103 λύοντος,
2364 4037 2647 4104 τουτέστι,
2690 4038 2752 4092 τὸ
2780 4038 3072 4111 ἐξαιρέτως
3103 4040 3353 4113 ἀφηνιῶν
3398 4040 3564 4113 μέρος
3607 4045 3673 4098 ὲν

2076 4127 2156 4199 τῷ
2191 4129 2428 4201 Ἰσραήλ.
2476 4128 2648 4183 Τοῦτο
2685 4129 2741 4183 δὲ
2781 4126 2849 4202 ἦν
2897 4133 2930 4203 ή
2973 4134 3103 4204 παρ’
3151 4133 3339 4195 αὐτοῖς
3374 4132 3670 4202 βασιλεία,

2078 4217 2506 4292 κατερεθίξουσα
2527 4220 2665 4293 πρὸς
2689 4222 2993 4277 ἀπόστασιν
3016 4224 3143 4287 τοὺς
3164 4224 3270 4279 ὑπὸ
3292 4227 3451 4297 χεῖρα
3478 4225 3673 4290 λαούς.

2077 4306 2287 4362 Οὐκοῦν
2309 4310 2839 4381 καταῤῥιφθήσεται,
2862 4310 2999 4365 Θεοῦ
3023 4313 3470 4385 καταϐρίθοντος.
3496 4314 3673 4370 Τοῦτο

395 4380 680 4450 sipabitur,
700 4382 803 4438 hoc
851 4382 994 4437 enim
1021 4382 1213 4451 opinor
1238 4377 1547 4449 signiﬁcare
1574 4376 1727 4445 illud,
1766 4396 1786 4430 ι
1817 4390 1871 4435 et
1891 4397 1976 4439 as-

2085 4398 2187 4470 γὰρ
2252 4392 2408 4471 οἶμαι
2455 4376 2682 4469 δηλοῦν
2720 4400 2800 4467 τὸ,
2849 4420 2867 4452 ι
2894 4401 3127 4456 ἐπιδιδῶ
3163 4376 3468 4475 ’έφραῖμίι
3505 4406 3671 4458 υίκοι-

394 4472 622 4526 ceudam
646 4470 923 4543 Ephraim.
947 4490 968 4526 ι
1002 4470 1369 4529 (Εεοηοηιῑοο
1389 4474 1570 4524 autem
1586 4468 1719 4523 dicit
1753 4486 1766 4524 :
1793 4489 1812 4523 ι
1836 4470 1981 4529 Reti-

394 4563 532 4619 cebo
560 4561 776 4629 Iudam,
815 4585 835 4619 ι
865 4581 983 4634 pro,
1011 4562 1289 4637 paululum
1324 4559 1564 4615 dilleram
1592 4557 1786 4617 Judam
1813 4604 1831 4631 ,
1869 4581 1978 4623 non

394 4657 545 4712 illum
575 4658 751 4726 pmuis
778 4660 1090 4728 subiiciens,
1115 4673 1220 4713 non
1239 4660 1353 4727 jam
1379 4669 1479 4725 pro
1504 4654 1581 4709 ira
1598 4661 1860 4730 multans;
1884 4666 1977 4721 sed

377 4733 384 4752 ⁸
396 4750 670 4819 perferam
704 4753 907 4823 potius,
940 4761 995 4806 et
1028 4767 1184 4823 agam
1214 4752 1432 4814 lentius.
1464 4758 1634 4827 Quam
1659 4763 1729 4819 ob
1753 4774 1975 4817 causam

394 4855 527 4895 vero
548 4841 572 4895 ?
593 4842 858 4910 Quoniam
890 4845 1171 4914 Ephraim,
1204 4849 1306 4905 hoc
1324 4860 1428 4915 est.
1456 4854 1642 4909 decem
1670 4857 1973 4925 tribus,sic—

395 4939 459 4984 ut
471 4930 583 4998 jam
623 4933 757 5002 dixi,
782 4949 1003 5004 prorsus
1022 4935 1125 4992 sibi
1136 4952 1300 5009 opera
1322 4941 1656 5002 seductiouis
1669 4948 1974 5003 exercenda

396 5031 707 5079 statuerunt
733 5041 749 5092 ;
773 5025 894 5082 dua;
920 5035 1098 5083 autem
1113 5044 1233 5101 quae
1253 5043 1413 5089 erant
1445 5033 1857 5109 Hierosolymis,
1885 5037 1952 5093 Ju

396 5113 520 5177 das,
549 5124 698 5185 puta,
734 5124 792 5172 et
837 5115 1142 5188 Benjamin,
1208 5127 1406 5194 sapius
1461 5128 1772 5185 habuerunt
1818 5144 1974 5200 reges

394 5207 597 5275 probos
648 5216 705 5264 et
752 5209 892 5279 pios.
944 5219 999 5266 et
1044 5216 1134 5283 qui
1168 5215 1402 5288 ineptias
1435 5220 1807 5276 idololatricas
1857 5224 1973 5277 dis-

396 5298 714 5364 turbarent,
765 5300 1129 5374 populumque
1183 5309 1251 5363 ad
1312 5310 1480 5363 vitam
1522 5311 1659 5365 bene
1706 5321 1971 5367 moratam

396 5400 455 5445 et
485 5389 696 5461 legibus
743 5403 1160 5452 consentaneam
1209 5399 1550 5467 impellerent
1586 5418 1601 5456 :
1652 5402 1832 5471 qualis
1867 5402 1974 5457 fuit

395 5483 649 5540 Amasias
683 5483 824 5540 ﬁlius
854 5484 1007 5556 Joas,
1038 5489 1325 5561 religiosus
1344 5491 1595 5563 etjustus
1618 5493 1724 5560 vir,
1756 5504 1811 5548 et
1838 5494 1975 5551 Eze-

395 5572 575 5639 chias,
607 5586 761 5643 mque
792 5587 854 5633 ut
880 5576 971 5634 ille
1002 5579 1400 5650 suscipiendus,
1450 5582 1571 5639 zelo
1601 5583 1788 5642 divino
1834 5600 1972 5656 pra:-

458 5755 506 5792 ”
533 5751 644 5812 Jer.
681 5770 742 5829 ιι,
774 5758 859 5826 l2,
894 5758 976 5816 15.

356 6130 445 6255 ἰ

2080 4491 2321 4561 νομικῶς
2353 4490 2409 4544 δὲ
2456 4492 2644 4563 φησιν,
2668 4491 2750 4544 ὅτι
2789 4510 2807 4543 ι
2840 4492 3359 4564 Παρασιωπήσομαι
3398 4494 3620 4558 Ἰούδαν,
3642 4514 3664 4548 ι

2078 4580 2201 4637 ἀντὶ
2234 4579 2350 4647 τοῦ,
2390 4581 2585 4652 μικρὸν
2626 4580 3009 4653 ὑπερθήσομαι
3055 4582 3145 4635 τὸν
3182 4582 3401 4649 Ἰούδαν,
3439 4584 3502 4636 οὐ
3544 4601 3670 4639 ποι-

2077 4673 2196 4738 ναῖς
2236 4672 2427 4737 ὲνιείς·
2457 4673 2559 4727 οὐκ
2598 4672 2822 4741 ἐπάγων
2861 4672 2962 4744 ήδη
2996 4672 3069 4726 τὰ
3098 4673 3157 4740 ἐξ
3191 4675 3390 4745 ὀργῆςο
3437 4674 3669 4747 διακαρ-

2075 4764 2252 4835 τερῶν
2297 4763 2357 4818 δὲ
2401 4764 2623 4835 μᾶλλον,
2669 4764 2765 4818 καὶ
2812 4763 3124 4828 ὑπενδιδοὺς
3173 4765 3382 4837 ἠρέμα.
3427 4767 3537 4820 Καὶ
3576 4768 3668 4824 διὰ

2081 4855 2236 4911 ποίαν
2279 4856 2491 4920 αἰτίαν;
2517 4857 2546 4909 ό
2576 4856 2674 4927 μὲν
2702 4855 2810 4928 γὰρ
2839 4856 3099 4929 Ἐφραίμ,
3121 4857 3423 4922 τουτέστιν,
3447 4860 3502 4913 αἱ
3531 4859 3668 4913 δέκα

2081 4945 2278 5016 φυλαὶ,
2327 4944 2580 5014 καθάπερ
2618 4944 2719 5017 ήδη
2753 4948 3036 5017 προεῖπον,
3080 4945 3508 5001 ἀπονενεύκασιν
3543 4948 3667 5002 ὀλο-

2076 5037 2295 5109 τρὸπως
2321 5036 2415 5089 ἐπὶ
2450 5036 2512 5089 τὸ
2554 5036 2668 5090 δεῖν
2704 5036 2920 5091 ἑλέσθαι
2949 5037 3193 5109 πληροῦν
3220 5039 3288 5093 τὰ
3321 5039 3421 5110 τῆς
3451 5037 3665 5111 πλανή-

2077 5146 2216 5192 σεως
2244 5128 2401 5200 ἔργα.
2425 5130 2491 5182 Δί
2520 5128 2576 5182 δὲ
2607 5131 2719 5192 τοῖς
2754 5128 3147 5201 Ἰεροσολύμοις
3181 5130 3275 5185 δύο
3304 5132 3491 5201 φυλαὶ,
3537 5131 3668 5185 Ἰού-

2076 5220 2171 5283 δας
2205 5237 2284 5284 τε,
2321 5220 2483 5291 φημὶ,
2515 5220 2610 5274 καὶ
2640 5220 2919 5292 Βενιαμὶν,
2960 5221 3218 5291 γεγόνασι
3253 5221 3515 5286 πολλάκις
3558 5223 3668 5278 ὑπὸ

2082 5310 2339 5382 βασιλέας
2384 5310 2578 5381 ὀρθούς
2608 5328 2668 5365 τε
2719 5313 2815 5366 καὶ
2844 5311 3111 5378 εὐσεϐεῖς,
3144 5312 3240 5366 καὶ
3282 5312 3353 5366 τὰ
3382 5313 3483 5382 τῆς
3510 5314 3668 5368 είδωο

2080 5402 2368 5475 λολατρξας
2398 5402 2690 5475 ἀθύρματα
2730 5401 3139 5469 κατασείοντας,
3168 5403 3219 5457 οἳ
3248 5404 3349 5476 ζῇν
3376 5404 3666 5459 ἀνέπειθον

2079 5494 2339 5557 ἐπιεικῶς
2375 5493 2472 5547 καὶ
2514 5493 2784 5565 ἐννόμως·
2854 5495 3038 5559 ὁποῖος
3075 5496 3300 5565 γέγονεν
3339 5494 3610 5565 Ἀμασίας
3638 5499 3668 5550 ό

2080 5585 2173 5641 τοῦ
2210 5587 2384 5656 Ἰωὰς,
2412 5586 2640 5659 εὐσεϐὴς
2687 5587 2782 5642 καὶ
2807 5586 3013 5653 δίκαιος
3038 5589 3199 5660 ἀνήρ.
3238 5587 3473 5661 Ὁμοίως
3513 5587 3666 5653 Ἐζε-
