3982 6476
268 356 377 408 255

1210 352 1769 413 COMMENTARIUS
1807 358 1873 412 IN
1905 359 2141 417 OSEAM
2182 360 2627 420 PROPIIETAM.

3459 357 3569 413 25".

268 473 419 533 κὲας,
454 470 549 523 καὶ
588 470 753 533 αὐτὸς
782 470 839 522 ὲν
877 470 979 541 ξ’σῳ
1013 469 1466 541 τεθαυμασμένος
1500 472 1579 541 τῷ
1616 490 1878 545 προειρη-

1990 480 2133 533 ditus
2158 489 2212 534 et
2251 480 2361 533 Deo
2410 480 2630 534 charos.
2666 475 2780 532 [lac
2812 476 2879 531 de
2931 490 3094 530 causa
3152 475 3342 531 decem
3393 475 3571 529 tribus

269 566 443 635 μένῳ,
488 563 748 634 ζηλωτὴς
797 564 892 617 καὶ
934 562 1209 633 θεοφιλής.
1245 563 1517 635 Ταύτῃτοι
1560 569 1873 637 προπεπόν-

266 656 393 709 θασι
426 657 529 728 μὲν
556 658 611 709 αἱ
645 657 780 708 δέκα
807 656 973 726 φυλαὶ
1001 656 1099 727 τὴν
1127 653 1528 726 αἰχμαλωσίαν.
1556 659 1876 729 Καταστραο

263 750 470 812 τεύσας
508 751 566 802 δὲ
601 749 710 801 τῶν
749 749 1143 821 Ἰεροσολύμων
1175 750 1203 801 6
1228 749 1591 814 Βαϐυλώνιος,
1619 751 1878 823 ἠδίκησεν

265 843 444 896 οὐδέν.
474 843 674 914 ’ῼχετο
704 842 763 896 δὲ
793 843 997 913 μᾶλλον
1039 844 1121 906 εἰς
1152 841 1248 912 τὴν
1283 842 1503 908 ἑαυτοῦ,
1546 844 1724 913 φυγὰς
1779 846 1874 899 καὶ

264 935 549 1006 περιδεὴς,
575 937 662 988 ὅτε
677 936 774 988 καὶ
799 934 1158 990 πεπτώκασιν
1184 937 1241 989 ὲν
1267 938 1365 1007 μιᾷ
1386 937 1563 1001 νυκτὶ,
1588 937 1673 990 διὰ
1697 938 1878 1009 χειρὸς

263 1028 528 1095 ἀγγέλου,
561 1026 671 1081 τῶν
726 1028 1028 1098 Ἀσσυρίων
1085 1028 1282 1080 ἑκατὸν
1335 1028 1668 1099 ὀγδοήκοντα
1716 1030 1877 1083 πέντε

263 1122 532 1192 χιλιάδες.
580 1122 1059 1187 Ἀνεξικακοῦντος
1087 1122 1150 1192 δὴ
1183 1116 1279 1175 οῦν
1318 1121 1413 1176 τοῦ
1444 1122 1601 1190 Θεοῦ,
1636 1123 1733 1176 καὶ
1776 1121 1875 1191 φέ·

265 1233 459 1285 ροντος
486 1215 650 1285 ἡμῶν
683 1217 781 1280 τὰς
818 1214 1127 1280 ἀσθενείας,
1167 1214 1243 1286 μὴ
1280 1193 1870 1287 ρᾳθυμῶμενήμεῖς,

266 1308 406 1377 μηδὲ
465 1308 931 1373 ἀναπεπτωκότες
982 1306 1340 1378 ἀλισκὼμεθα
1390 1310 1517 1379 περὶ
1568 1307 1628 1361 τὸ
1679 1310 1877 1380 χρῆναι

264 1399 515 1469 πληροῦν
542 1400 614 1451 τὰ
640 1399 791 1469 αὑτῴ
818 1398 1081 1453 δοκοῦντα
1110 1400 1211 1453 καὶ.
1232 1400 1382 1469 φίλα,

348 1495 703 1562 Ἐγισχύσει
733 1493 896 1559 αὐτῷ
941 1492 1159 1548 Ἰακώϐ.

334 1589 469 1642 PK'.
510 1589 714 1659 "Egaqv,
745 1590 831 1642 ὅτι
869 1606 1357 1660 καταστρατευσας
1387 1590 1415 1642 6
1452 1587 1735 1660 Ἀσσύριος
1778 1588 1881 1659 τὴν

266 1680 370 1734 ὑπὸ
412 1684 577 1753 χεῖρα
613 1682 849 1753 πληθὺν,
885 1681 981 1734 καὶ
1015 1682 1198 1734 πᾶσαν
1238 1681 1612 1751 ἐξαναστήσας
1646 1680 1743 1751 τὴν
1775 1682 1876 1733 Σα-

266 1774 529 1843 μάρειαν,
566 1774 668 1837 τάς
720 1790 780 1826 τε
838 1773 1021 1837 πόλεις
1062 1771 1231 1835 αὐτὰς
1275 1773 1367 1825 καὶ
1405 1774 1531 1835 τοὺς
1571 1772 1733 1835 ναοὺς
1775 1774 1875 1843 ἐμ-

266 1866 514 1936 πρήσας,
546 1866 959 1937 πεπολιόρκηκε
1004 1865 1143 1937 μετὰ
1170 1866 1329 1917 τοῦτο
1359 1864 1456 1933 τὴν
1490 1863 1872 1935 Ἰερουσαλήμ.

265 1956 391 2011 Εἷλε
413 1958 472 2010 δὲ
500 1957 777 2029 οὐδαμῶς,
802 1958 939 2011 Θεοῦ
969 1958 1420 2030 προασπίζοντος·
1446 1959 1745 2030 ἀνῄρηνται
1770 1960 1878 2030 γὰρ

265 2050 330 2101 δι’
377 2050 621 2118 ἀγγέλου
655 2054 711 2104 ἐν
751 2052 851 2122 μιᾷ
892 2052 1047 2104 νυκτὶ
1094 2052 1287 2105 ἑκατὸν
1334 2052 1667 2123 ὀγδοήκοντα
1715 2053 1879 2106 πέντε

267 2141 529 2211 χιλιάδες.
574 2138 750 2193 Τοῦτό
787 2158 892 2205 τοι,
933 2140 1187 2211 καθάπερ
1227 2135 1469 2210 ἐγῷμαι,
1513 2142 1885 2213 προαγγέλλει

268 2236 382 2289 νυνὶ
411 2234 613 2303 λέγων,
649 2256 667 2287 ι
693 2234 1001 2305 Ἐνισχύσει
1031 2235 1181 2307 αὐτῷ
1212 2234 1427 2288 Ἰακώϐ.
1448 2235 1740 2306 ι-ιΑὐτῷ
1770 2256 1787 2287 ›
1815 2236 1878 2308 δὴ

268 2327 408 2391 τίνι;
440 2326 472 2398 ἢ
498 2327 683 2398 δῆλον,
712 2328 794 2380 ὅτι
811 2329 889 2399 τῷ
907 2328 1292 2399 πολιορκήσειν
1318 2329 1567 2398 μέλλοντι
1592 2329 1875 2401 Ῥαψάκης

271 2418 511 2484 κέκληκε
550 2418 606 2471 δὲ
646 2416 842 2471 Ἰακὼϐ
881 2419 1009 2482 τοὺς
1046 2418 1104 2482 ἐξ
1146 2420 1378 2488 αἵματος
1418 2419 1637 2483 Ἰακὼϐ,
1676 2420 1879 2474 Ἰούδαν

268 2526 350 2575 τε,
385 2510 574 2581 φημὶ,
621 2510 717 2562 καὶ
756 2509 1036 2579 Βενιαμίν.
1082 2511 1182 2562 "lo:
1226 2510 1268 2562 δ’
1292 2510 1764 2582 ἂν,εἱ’περ,ἕλοιτό
1793 2527 1904 2577 τις,

270 2602 363 2655 καὶ
387 2600 539 2654 κατά
568 2599 772 2663 παντὸς
802 2598 896 2652 τοῦ
928 2600 1145 2671 Ἰσραὴλ
1169 2603 1201 2671 ἡ
1230 2600 1396 2666 λέξις.
1427 2601 1613 2654 Ἔοικε
1636 2602 1693 2655 δὲ
1716 2602 1880 2657 πάλιν

268 2694 367 2763 τῆς
411 2692 761 2763 προφητείας
790 2691 818 2743 6
855 2690 980 2753 νοῦς
1012 2692 1093 2755 εἰς
1142 2692 1447 2762 ἀνάμνησιν
1490 2693 1641 2762 ἡμᾶς
1674 2694 1878 2764 ἀναφέ-

269 2803 386 2857 ρειν
419 2784 787 2855 ἀρχαιοτέρου
828 2782 1180 2854 πράγματος·
1227 2785 1513 2853 μονονουχὶ
1544 2785 1881 2856 πληροῦντος

268 2876 404 2930 Θεοῦ
447 2879 549 2946 τὴν
583 2877 885 2947 ὑπόσχεσιν
912 2875 1011 2947 τὴν
1046 2875 1185 2946 πρὸς
1215 2875 1305 2927 τὸν
1334 2875 1620 2929 θεσπέσιον
1659 2876 1874 2932 Ἰακὼϐ.

280 2968 506 3039 Ἐπειδὴ
543 2969 655 3039 γὰρ
680 2968 756 3031 ὡς
788 2962 1079 3039 ἄνθρωπος
1111 2967 1227 3037 μετ’
1258 2966 1423 3019 αὑτοῦ
1456 2967 1797 3022 πεπάλαικεν
1823 2972 1880 3022 ὲν

267 3062 448 3124 νυκτὶ,
492 3060 673 3132 πέραν
711 3060 803 3113 τοῦ
831 3060 1137 3131 χειμάρρου
1184 3058 1401 3129 Ἰαϐὼχ,
1437 3054 1559 3112 εἶτα
1596 3062 1881 3128 γεγονότος

266 3172 326 3210 τε
367 3155 571 3225 ὄρθρου
600 3154 809 3216 λοιπὸν,
841 3153 936 3206 καὶ
980 3150 1381 3223 διαυγαζούσης
1427 3153 1667 3226 ἡμέρας,
1697 3155 1726 3207 6
1779 3155 1877 3225 μὲν

265 3245 399 3309 Θεὸς
438 3245 698 3315 ἀπαίρειν
727 3244 907 3312 ﬁdele,
944 3244 1150 3311 λέγων’
1188 3261 1206 3294 t
1250 3242 1547 3299 Ἀπόλυσόν
1584 3262 1671 3315 με’
1706 3245 1876 3316 ἀνέϐη

268 3338 377 3408 γὰρ
398 3340 427 3390 ὁ
457 3337 707 3408 ὄρθρος.»
727 3340 786 3389 ’0
802 3338 857 3391 δὲ
874 3335 974 3388 οῦκ
997 3336 1220 3405 ἀνήσειν
1246 3334 1506 3403 ἔφασκεν,
1530 3338 1579 3390 εί
1611 3336 1688 3408 μὴ
1715 3338 1878 3392 αὐτὸν

268 3430 643 3500 εὐλογήσειεν.
676 3430 883 3481 Ἤκουε
921 3427 984 3497 δὴ
1034 3427 1177 3495 τότε,
1213 3446 1231 3479 ί
1258 3428 1382 3481 Ὅτι
1410 3429 1702 3499 ἑνίσχυσας
1738 3432 1881 3498 μετά

268 3522 428 3584 Θεοῦ,
458 3523 555 3575 καὶ
595 3521 735 3591 μετά
781 3520 1084 3592 ἀνθρώπων
1127 3520 1354 3583 δυνατὸς
1376 3520 1494 3592 ἔσῃ.
1523 3539 1542 3572 ι
1570 3519 1743 3573 Τοῦτό
1775 3538 1879 3574 που

268 3617 409 3687 τάχα
449 3615 587 3685 πρὸς
617 3618 679 3668 τὸ
716 3616 891 3684 παρὸν
914 3616 941 3665 ὁ
981 3613 1079 3685 τῆς
1111 3613 1452 3685 προφητείας
1492 3614 1626 3685 ἡμῖν
1669 3614 1879 3686 ὑποση-

274 3707 455 3776 μαίνει
496 3706 689 3773 λόγος,
748 3705 1127 3775 ἐναργέστατα
1179 3703 1350 3767 τιθεὶς
1397 3703 1480 3769 τὸ,
1517 3723 1535 3755 ι
1578 3704 1881 3775 Ἐνισχύσει

271 3799 423 3870 αὑτῷ
460 3797 680 3852 Ἰακώϐ.
710 3818 726 3851 ι
753 3797 944 3869 ’Ἃθρει
974 3797 1029 3850 δὲ
1055 3798 1154 3868 τῆς
1167 3798 1503 3867 ἐπαγγελίας
1535 3798 1596 3850 τὸ
1623 3798 1875 3869 ἀκριϐές’

269 3894 332 3947 οὐ
364 3894 475 3963 γὰρ
505 3893 589 3945 ὅτι
618 3888 943 3959 κατισχύσει
972 3887 1080 3941 τῶν
1118 3888 1419 3963 Ἀσσυρίων
1447 3890 1475 3941 6
1512 3887 1729 3955 Ἰακὼϐ,
1762 3887 1879 3941 ἀλλ’

280 4005 299 4036 ι
328 3984 636 4055 ἐνισχύσει,
668 4003 684 4035 ι
723 3984 859 4053 φησί
881 3999 892 4010 ·
920 3983 978 4035 ὲν
1008 3980 1128 4035 Θεῶ
1155 3980 1269 4050 γὰρ
1299 3980 1540 4052 ἴσχυσεν,
1565 3981 1625 4035 οὐ
1654 3981 1721 4036 δι’
1751 3981 1883 4035 ἐαυ-

274 4096 366 4132 του
376 4120 387 4131 .

633 4200 1025 4292 ΤΟΜΟΣ
1118 4198 1520 4285 ΕΚΤΟΣ.

346 4361 642 4429 Σπείρατε
682 4355 923 4423 ἑαυτοῖς
960 4358 1047 4422 εἰς
1074 4355 1498 4425 δικαιοσύνην,
1545 4356 1889 4426 τρυγήσατε

278 4456 360 4520 εἰς
382 4452 622 4522 καρπὸν
642 4449 815 4518 ζωῆς,
839 4451 1141 4519 φωτίσατε
1160 4450 1398 4516 ἑαυτοῖς
1418 4449 1546 4519 φῶς
1578 4449 1878 4520 γνώσεως,

1980 575 2353 641 captivitatem
2401 574 2552 643 prius
2581 573 2885 627 subierunt.
2920 571 2986 623 Et
3037 569 3368 640 Babylonius
3400 569 3572 638 copiis

1980 678 2171 722 contra
2230 667 2534 723 Ierusalem
2576 666 2844 731 adductis,
2904 666 3024 720 sine
3074 664 3345 719 maleﬁcio
3386 662 3445 717 in
3480 678 3570 717 re-

1980 777 2143 831 gnum
2177 778 2333 816 suum
2392 762 2676 831 fugitivus,
2733 768 2787 815 et
2827 759 3039 814 timoris
3074 757 3269 827 plenus
3318 754 3570 819 recessit,

1984 854 2141 925 151
2177 856 2602 925 cecideruntque
2633 868 2735 907 una
2778 858 2939 907 nocte
2983 864 3079 919 per
3120 863 3338 901 manum
3389 845 3569 916 angeli

1980 958 2200 1001 centum
2230 947 2506 1017 octoginta
2536 946 2782 1015 quinque
2813 942 2983 997 millia
3012 940 3079 994 θδ.
3129 940 3420 996 Tolerante
3466 939 3570 1007 igi-

1984 1050 2070 1096 tur
2108 1040 2241 1106 Deo,
2264 1050 2318 1094 et
2345 1039 2693 1094 inﬁrmitates
2730 1047 2947 1092 nostras
2973 1034 3292 1100 suifereute,
3346 1046 3415 1087 ne
3472 1030 3566 1086 de-

1979 1134 2126 1188 sides
2150 1134 2345 1198 simus,
2381 1148 2555 1202 neque
2590 1133 2643 1186 in
2694 1132 2760 1188 iis
2793 1146 2913 1201 quae
2949 1129 3024 1184 illi
3065 1129 3260 1199 placita
3313 1137 3571 1197 accepta-

1979 1240 2085 1297 que
2112 1235 2239 1281 sunt
2270 1225 2632 1296 exsequendis
2663 1225 2880 1281 remissi
2911 1223 3271 1278 inveniamur.

2054 1498 2458 1553 Irroborabitur
2485 1496 2585 1566 ipsi
2610 1495 2800 1552 Iacob.

2052 1588 2213 1645 CXX.
2260 1589 2400 1650 Dixi,
2435 1588 2719 1657 Assyrium
2744 1586 2857 1639 suis
2888 1584 2940 1637 in
2964 1580 3366 1652 expeditionem
3431 1578 3572 1633 edu-

1982 1683 2126 1749 ctis,
2156 1692 2209 1736 et
2254 1691 2364 1735 tota
2418 1678 2665 1733 Samaria
2693 1692 2918 1744 eversa,
2962 1675 3186 1744 ejusque
3244 1674 3469 1728 urbibus
3516 1682 3573 1727 et

1984 1776 2182 1845 templo
2230 1776 2490 1837 incenso,
2543 1771 2736 1825 deinde
2786 1768 3218 1837 Hierosolymam
3267 1765 3571 1828 obsedisse,

1981 1884 2142 1939 quam
2173 1869 2283 1922 Deo
2318 1872 2639 1936 protegente
2659 1861 2976 1930 neutiquam
3004 1858 3256 1927 subegit;
3290 1873 3394 1910 una
3425 1857 3572 1909 enim

1980 1971 2141 2017 nocte
2179 1961 2247 2015 ab
2282 1959 2477 2028 angelo
2524 1966 2740 2013 centum
2786 1954 3060 2025 octoginta
3116 1953 3358 2020 quinque
3404 1949 3572 2002 millia

1982 2054 2293 2122 interempti
2324 2062 2446 2108 sunt
2476 2053 2544 2105 π.
2582 2050 2694 2104 IIoc
2746 2064 2913 2112 nunc,
2970 2055 3029 2100 ut
3066 2060 3182 2099 mea
3224 2044 3327 2098 fert
3360 2042 3569 2111 opinio,

1982 2148 2057 2202 ita
2097 2143 2447 2217 praenuntiat,
2493 2163 2511 2197 ι
2562 2144 2972 2199 Irroborabitnr
3026 2140 3126 2208 ipsi
3157 2137 3348 2193 Iacob.
3412 2157 3432 2191 ι
3472 2137 3574 2193 Cui

1987 2261 2005 2294 ι
2045 2240 2185 2311 ipsi?
2234 2259 2253 2291 ι
2290 2254 2357 2292 an
2394 2238 2684 2292 obsessuro
2718 2251 2835 2290 eam
2871 2232 3146 2305 IIabsat'i?
3170 2230 3337 2285 Iacob
3363 2230 3576 2286 vocavit

1981 2344 2299 2407 procreatos
2329 2346 2360 2385 e
2395 2338 2683 2385 stemmate
2716 2326 2909 2392 Iacob,
2966 2324 3164 2379 Iudam
3225 2325 3447 2392 inquam
3470 2362 3485 2388 ,
3522 2332 3579 2378 et

1981 2426 2288 2496 Beniamin.
2339 2425 2527 2479 Potest
2575 2423 2742 2478 etiam
2794 2435 2897 2475 vox
2937 2419 3003 2474 de
3063 2417 3323 2472 universo
3373 2413 3576 2469 Israele

1982 2521 2178 2590 accipi.
2214 2518 2441 2575 Videtur
2464 2531 2626 2586 porro
2658 2528 2852 2568 sensus
2885 2508 3183 2581 prophetiae
3220 2522 3434 2561 rursum
3477 2519 3576 2559 ve-

1984 2614 2118 2670 teris
2168 2610 2453 2680 cujusdam
2515 2607 2590 2660 rei
2656 2604 2980 2660 memoriam
3034 2600 3195 2655 nobis
3258 2613 3573 2661 renovare,

1983 2705 2372 2777 propemodum
2409 2700 2669 2769 implente
2698 2698 2808 2750 Deo
2856 2694 3124 2764 promissa
3171 2691 3358 2744 divino
3405 2688 3576 2744 Iacob

1983 2801 2129 2853 data.
2168 2794 2237 2850 Ut
2268 2790 2601 2870 enimquasi
2660 2789 2821 2842 homo
2870 2800 2992 2839 eum
3048 2785 3166 2852 ipso
3205 2783 3445 2835 Iuctatus
3489 2788 3576 2835 est

1985 2901 2149 2947 nocte
2183 2898 2336 2941 trans
2369 2891 2666 2939 torrentem
2700 2878 2893 2942 Iaboc,
2930 2876 3136 2930 factum
3176 2883 3258 2929 est
3293 2888 3474 2938 mane,
3520 2882 3577 2925 et

1984 2983 2329 3039 illucescente
2361 2978 2448 3032 die
2476 2976 2629 3029 abire
2647 2973 2840 3035 voiuit,
2867 2970 3143 3039 dixitque:
3168 2985 3187 3018 ι
3214 2966 3434 3022 Dimitte
3464 2978 3574 3030 me,

1984 3074 2231 3131 ascendit
2285 3070 2431 3127 enim
2490 3067 2787 3122 diluculum
2845 3066 2912 3117 ’⁸.
2975 3083 2995 3115 ι
3056 3062 3195 3116 Tum
3249 3059 3339 3114 ille
3372 3074 3478 3113 non
3519 3073 3579 3113 se

1906 3187 1949 3245 ρ
1982 3148 2337 3224 dimissurum
2363 3161 2705 3218 conﬁrmavit
2730 3198 2745 3224 ,
2784 3159 2836 3212 ni
2873 3157 3023 3227 prius
3060 3155 3165 3209 sibi
3199 3154 3575 3208 benediceret.

1984 3262 2205 3316 Audivit
2256 3259 2441 3329 igitur,
2471 3273 2491 3308 ς
2524 3253 2789 3323 Quoniam
2831 3247 3161 3320 praevaluisti
3191 3262 3315 3301 cum
3354 3245 3489 3310 Deo,
3523 3254 3579 3297 et

1984 3370 2108 3410 cum
2158 3351 2471 3408 hominibus
2515 3356 2711 3416 potens
2749 3344 2861 3399 eris
2886 3343 2956 3396 ".
2998 3360 3016 3394 ι
3050 3339 3164 3395 Hoc
3212 3340 3263 3393 in
3318 3337 3578 3408 praesenti

1984 3446 2339 3519 propheticus
2370 3455 2555 3497 sermo
2594 3438 2825 3493 forsitan
2859 3436 3019 3492 nobis
3062 3434 3327 3496 insinuat,
3353 3441 3409 3485 et
3445 3430 3578 3484 illud

1991 3538 2421 3594 cii-roborabitur
2448 3535 2523 3589 illi
2559 3531 2783 3597 Iacob»
2820 3528 3267 3584 manifestissime
3311 3523 3580 3579 declarat.

1983 3629 2283 3685 Considera
2323 3636 2508 3682 autem
2543 3622 2798 3696 promissi
2841 3619 3255 3692 perfectionem.
3298 3616 3414 3671 Nan
3453 3616 3531 3668 ait
3562 3655 3591 3699 ,κ

1983 3720 2333 3777 roborabitur
2359 3727 2550 3775 contra
2592 3714 2848 3786 Assyrios
2891 3710 3083 3776 Iacob,
3112 3712 3206 3766 sed
3243 3730 3263 3762 ι
3298 3708 3579 3763 irrobora-

1986 3813 2168 3879 bitur;
2217 3831 2236 3865 ι
2271 3813 2325 3867 in
2360 3812 2471 3868 Deo
2512 3811 2683 3879 enim,
2721 3825 2826 3865 non
2846 3823 2943 3879 per
2975 3821 3034 3862 se
3063 3807 3238 3876 ipsum
3288 3804 3580 3858 roboratus

1985 3914 2089 3961 est.

2268 4205 2684 4300 TOMUS
2787 4202 3294 4294 SEXTUS.

2062 4359 2226 4416 Vsus.
2261 4357 2351 4416 12.
2402 4358 2672 4415 Seminale
2710 4357 2854 4413 vobis
2919 4357 2973 4410 in
2994 4353 3230 4425 justitia,
3266 4348 3582 4405 vindemia“

1991 4453 2059 4507 ad
2090 4452 2323 4522 fructum
2370 4454 2514 4519 vitaz,
2548 4453 2848 4508 illuminale
2898 4451 3045 4504 vobis
3103 4449 3273 4501 lumen
3311 4445 3568 4507 scieniiw;

278 4547 645 4616 ἐκζητήσατε
688 4545 799 4599 τὸν
836 4545 1058 4613 Κύριον
1087 4544 1199 4609 ἕως
1228 4540 1301 4601 οὗ
1349 4545 1497 4613 ἔλθῃ
1544 4543 1879 4615 γεννήματα

1992 4547 2214 4616 quwrite
2251 4545 2537 4601 Dominum
2565 4548 2731 4601 donec
2754 4544 2962 4600 veniant
2990 4541 3168 4612 fruges
3189 4538 3442 4608 justitiw.

276 4641 674 4707 δικαιοσύνης
706 4638 869 4709 ὑμῖν.

344 4738 525 4789 ΡΚΑ’.
564 4736 756 4799 Διττὸς
803 4735 1014 4798 ἀείπως
1062 4734 1214 4787 ἐστὶν
1258 4734 1287 4785 6
1342 4733 1439 4804 τῆς
1492 4732 1878 4804 παραινέσεως

276 4830 497 4898 τρόπος.
531 4831 603 4882 Ἢ
646 4828 758 4900 γὰρ
789 4828 1148 4899 ἐξηγούμενοι
1182 4826 1279 4898 τὴν
1309 4830 1421 4889 τοῖς
1455 4825 1670 4878 θέλουσι
1709 4826 1878 4897 ρᾳθυ-

283 4927 399 4992 μεῖν
430 4922 865 4992 ὲπικεισομένην
913 4920 1137 4975 κόλασιν
1185 4917 1509 4989 μετασοϐεῐν
1555 4916 1877 4987 εἰθίσμεθα,

280 5015 371 5067 καὶ
402 5014 553 5084 μάλα
585 5012 806 5084 γοργῶς
834 5012 929 5065 ἐπὶ
952 5009 1016 5063 τὸ
1059 5009 1207 5080 βιοῦν
1249 5009 1466 5062 ἑλέσθαι
1497 5006 1804 5079 λαμπρῶς’
1847 5006 1883 5078 ἢ

277 5107 373 5171 τὰς
403 5110 517 5170 τοῖς
552 5106 857 5160 ἐπιεικέσιν
900 5101 1347 5176 ηὑτρεπισμένας
1383 5102 1551 5171 τιμὰς
1595 5099 1883 5169 ἀπαγγέλ-

280 5200 461 5264 λοντες
512 5198 961 5272 προθυμοτέρους
1028 5194 1402 5265 ἀποτελοῦμεν
1458 5196 1585 5257 τοὺς
1632 5193 1885 5246 παιδευο-

285 5292 474 5362 μένους
506 5292 603 5344 ὲπὶ
633 5291 697 5343 τὸ
728 5289 838 5343 δεῖν
869 5288 1008 5341 ἰέναι
1035 5286 1223 5341 λοιπὸν
1254 5285 1391 5355 πρὸς
1422 5285 1519 5356 τὴν
1552 5284 1763 5355 ἀμείνω
1820 5301 1881 5337 τε

282 5387 373 5441 καὶ
409 5383 798 5455 ὲννομωτάτην
847 5381 1016 5453 ζωήν.
1044 5379 1300 5433 Τοιοῦτόν
1334 5396 1386 5431 τι
1414 5377 1510 5431 νῦν
1543 5380 1572 5430 ὁ
1609 5379 1717 5432 τῶν
1745 5378 1881 5432 ὅλων

282 5478 410 5540 Θεὸς
456 5473 778 5547 ἐργάζεται.
815 5472 1115 5543 Ἢπείλησε
1154 5470 1252 5542 μὲν
1295 5470 1404 5541 γὰρ
1458 5472 1568 5533 τοῖς
1608 5471 1885 5543 πεπλανη-

288 5571 469 5643 μένοις
503 5570 632 5634 τοὺς
675 5566 972 5638 πολέμους,
1003 5566 1102 5629 τὰς
1138 5566 1447 5636 συμφορὰς,
1486 5563 1585 5635 τὴν
1616 5565 1698 5629 εἰς
1737 5564 1885 5619 ἀλλο-

286 5664 482 5734 φύλους
540 5662 869 5734 ἀπαγωγὴν,
913 5660 1041 5725 τοὺς
1082 5659 1190 5713 τῶν
1224 5658 1433 5711 πόλεων
1479 5658 1879 5730 ἐμπρησμοὺς,

356 5850 399 5886 ⁸⁸
427 5846 490 5902 Π
534 5847 666 5918 Reg.
708 5860 819 5913 xix,
852 5846 941 5900 35.
1023 5845 1066 5877 "5
1096 5846 1226 5901 ibid.

2064 4726 2253 4783 CXXI.
2288 4725 2492 4794 Duplex
2522 4738 2739 4793 semper
2764 4721 2879 4776 fere
2899 4730 2983 4776 est
3031 4713 3417 4773 admonitionis
3454 4728 3570 4766 mo-

1992 4821 2112 4876 dus.
2147 4818 2256 4873 Aut
2289 4818 2434 4872 enim
2468 4814 2917 4871 commemoratis
2952 4828 3072 4882 quae
3103 4812 3327 4882 ignavos
3354 4815 3574 4860 manent

1988 4908 2296 4981 suppliciis,
2330 4908 2397 4963 ad
2430 4922 2494 4961 ea
2541 4905 2874 4973 amolienda,
2903 4912 2957 4959 et
3005 4904 3069 4957 ad
3100 4902 3226 4955 vita:
3277 4899 3589 4963 conspicua:

1992 5005 2237 5059 rationes
2283 5002 2574 5057 celerrime
2631 4997 2981 5068 arripiendas
3021 4993 3459 5055 assuefacimus;
3495 4997 3591 5041 aut

1989 5097 2151 5153 bonis
2203 5104 2425 5166 paratos
2500 5094 2737 5148 honores
2816 5089 3253 5151 annuntiantes,
3316 5098 3453 5155 quos
3507 5081 3592 5132 in-

1993 5191 2294 5259 stituimus,
2324 5189 2391 5244 ad
2424 5189 2588 5241 vitam
2624 5186 2799 5239 adhuc
2829 5184 3227 5253 probatiorem,
3280 5187 3336 5233 et
3375 5176 3587 5245 legibus

1993 5282 2553 5355 congruentissimam
2613 5277 3035 5350 aggrediendam
3092 5274 3385 5353 alacriores
3449 5268 3583 5323 eili-

1990 5378 2190 5432 cimus.
2232 5374 2361 5430 Tale
2389 5374 2642 5444 quiddam
2697 5381 2755 5427 et
2792 5370 2952 5426 modo
2992 5368 3135 5422 Deus
3203 5352 3591 5418 universorum

1995 5471 2140 5526 facit.
2177 5468 2335 5540 152
2370 5467 2606 5522 Minatus
2637 5476 2723 5522 est
2752 5466 2895 5521 enim
2926 5459 3241 5517 errantibus
3276 5457 3441 5523 bella,
3489 5473 3587 5511 ca-

1993 5562 2286 5627 lamitates,
2324 5559 2757 5632 deportationem
2812 5556 2879 5614 ad
2932 5553 3313 5627 alienigenas,
3369 5552 3599 5609 urbium

1995 5659 2490 5725 inﬂammationes,
2535 5655 2775 5713 hostium
2831 5652 3233 5727 grassationes.
3290 5648 3587 5706 Vermina-

1307 5847 1504 5902 "Gen.
1548 5863 1718 5917 xuii,
1754 5847 1843 5904 26.
1920 5848 1963 5879 ³³⁷
1992 5845 2118 5903 ibid.
2164 5845 2249 5903 ‘28.
