3982 6464
384 377 494 434 255

1426 381 1484 436 s.
1527 371 1802 436 crtttLLt
1839 365 2313 424 ALEXANDRINI
2352 367 2671 425 accursu.

3556 360 3663 416 256

384 507 508 548 men
532 507 637 549 non
664 493 754 550 hic
801 496 1225 552 admonitionem
1273 510 1428 552 suam
1478 494 1832 557 terminavit;
1873 490 1966 547 sed

2075 488 2180 541 τῶν
2212 486 2537 559 μαχομένων
2564 485 2666 557 τὴν
2698 481 3021 556 ἀγριότητα.
3059 479 3208 551 Πλὴν
3240 478 3302 534 οὐ
3338 477 3502 549 μέχρι
3541 476 3665 530 τού-

384 597 513 639 ecce
550 601 769 641 rursum
803 587 910 642 alia
942 588 1109 643 etiam
1152 587 1235 642 via
1288 586 1395 643 illis
1415 586 1669 643 consulit.
1707 583 1841 638 Nam
1880 582 1965 638 di-

385 675 558 729 misso
589 675 732 745 quod
756 676 948 733 inutile
978 686 1033 731 et
1070 676 1248 733 omnis
1285 676 1520 731 miseriae
1546 675 1652 731 illis
1672 672 1796 730 fons
1837 680 1965 740 est,

384 764 528 831 quod
561 764 797 819 maxime
824 765 1084 837 prodesse
1112 769 1417 832 consuevit,
1449 775 1640 823 contra
1671 776 1968 834 capessere

387 851 658 929 hortatur,
698 854 1012 910 colonorum
1045 872 1196 913 more
1230 876 1251 910 ι
1280 858 1621 914 seminantes
1652 855 1872 926 quidem
1914 853 1969 909 in

381 942 595 1012 iustitia
623 982 639 1009 ,
698 945 1093 1002 vindemiautes
1124 956 1306 1003 autem
1349 948 1584 1003 fructum
1619 946 1763 1001 vitm.
1822 962 1844 997 ι
1901 943 1975 1001 Ut

386 1033 532 1088 enim
589 1032 780 1088 scribit
831 1035 1024 1090 beatus
1070 1034 1310 1103 Paulus,
1362 1056 1381 1089 ι
1430 1036 1573 1107 quod
1620 1035 1976 1091 seminaverit

390 1126 574 1187 homo,
604 1125 706 1180 hoc
728 1134 783 1180 et
819 1136 983 1180 metet
1005 1127 1083 1191 o3;
1113 1140 1133 1174 ι
1183 1138 1260 1195 et,
1288 1128 1378 1195 qui
1410 1126 1645 1182 seminat
1672 1126 1835 1193 mala,
1860 1140 1974 1180 me-

390 1226 467 1271 tet
490 1214 626 1269 mala
657 1217 724 1283 ",
765 1225 824 1271 ut
846 1217 1108 1289 scriptum
1134 1227 1239 1274 est.
1288 1218 1586 1288 Operarius
1618 1230 1799 1276 autem
1872 1218 1966 1288 ju-

397 1305 570 1360 stitiae
600 1305 775 1361 salute
806 1315 862 1361 et
892 1306 1004 1361 vita
1031 1307 1346 1377 replebitur,
1368 1318 1664 1377 spectatus,
1700 1317 1756 1363 et
1791 1309 1973 1363 imita—

388 1397 536 1452 tione
557 1398 749 1467 dignus
781 1408 874 1453 :et
894 1400 1077 1452 vinum
1109 1401 1463 1455 vindemiabit
1511 1418 1531 1452 ι
1566 1400 1853 1456 lmtiticans
1878 1415 1976 1457 cor

388 1487 623 1543 hominis
659 1489 699 1541 ί.
740 1507 759 1541 ι
810 1487 1011 1545 Atlhmc
1067 1489 1161 1560 qui
1198 1490 1338 1546 bene
1387 1491 1579 1548 audire
1624 1493 1870 1560 cupiunt,
1920 1491 1975 1546 in

387 1578 628 1633 animum
704 1589 759 1635 et
819 1596 919 1635 cor
975 1595 1117 1638 verae
1173 1583 1421 1639 scientia:
1485 1582 1666 1639 lumen
1723 1583 1978 1639 inducere

386 1670 607 1737 debent,
636 1686 747 1742 quo
768 1681 976 1738 carent,
1006 1673 1101 1743 qui
1138 1674 1507 1745 prmtermisso
1545 1674 1811 1731 Creatore
1879 1676 1977 1730 ad-

2070 593 2177 632 των
2217 578 2309 630 τὸν
2346 576 2445 646 τῆς
2476 574 2852 646 παραινέσεως
2881 573 3063 643 ἵστησι
3091 571 3270 640 λόγον,
3306 569 3420 624 ἀλλ’
3455 567 3565 620 ἰδοὺ
3599 565 3666 640 δὴ

2071 663 2254 729 πάλιν,
2300 662 2396 717 καὶ
2447 663 2572 716 καθ’
2598 662 2786 733 ἕτερον
2823 661 3023 724 αὐτοὺς
3056 661 3263 733 ὀνίνησι
3296 660 3519 731 τρόπον.
3553 657 3665 711 Καὶ

2069 753 2135 824 δὴ
2172 753 2434 823 μεθέντας
2473 753 2534 806 τδ
2569 753 2863 823 ἄχρηστον,
2891 752 2983 806 καὶ
3009 752 3231 822 ἀπάσης
3263 751 3447 813 αὐτοῖς
3478 747 3668 801 ταλαι-

2074 844 2285 914 πωρίας
2318 843 2597 914 πρόξενον,
2622 844 2684 897 τὸ
2717 844 2801 898 ὅτι
2852 843 3089 914 μάλιστα
3132 842 3379 910 πεφυκὸς
3406 841 3661 912 ὠφελεῖν,

2071 933 2389 989 ἀνθελέσθαι
2414 932 2647 999 κελεύει,
2665 932 2928 1003 γηπόνοις
2951 934 3009 986 ὲν
3027 931 3146 1002 ῐσῳ,
3173 949 3191 983 ι
3214 931 3549 1002 Σπείροντας
3565 930 3664 1000 μὲν

2073 1027 2153 1089 είς
2175 1024 2543 1096 δικαιοσύνην,
2568 1023 2965 1094 τρυγῶνταςδὲ
2994 1024 3089 1079 καὶ
3120 1025 3199 1088 είς
3223 1024 3435 1096 καρπὸν
3458 1025 3661 1095 ζωῆς.»

2085 1118 2175 1177 Ὠς
2209 1118 2315 1188 γὰρ
2351 1119 2381 1170 ὁ
2409 1117 2680 1187 μακάριος
2709 1116 2914 1188 γράφει
2943 1115 3175 1181 Παῦλος,
3209 1134 3228 1168 ι
3264 1118 3331 1169 Ὃ
3370 1116 3436 1171 ἂν
3467 1116 3669 1189 σπείρῃ

2073 1209 2170 1266 ἀνθ
2182 1226 2382 1280 ρωπος,
2404 1207 2563 1261 τοῦτο
2588 1209 2682 1261 καὶ
2706 1207 2911 1279 θερίσει
2928 1223 2943 1238 ’
2969 1226 2990 1260 ι
3012 1209 3129 1274 καὶ,
3161 1226 3179 1259 ι
3215 1210 3276 1262 '0
3304 1208 3403 1278 μὲν
3427 1209 3669 1279 σπείρων

2076 1301 2277 1372 φαῦλα,
2311 1300 2516 1370 θερίσει
2547 1299 2718 1363 κακά,
2747 1319 2765 1350 ι
2800 1297 2946 1352 κατά
2973 1299 3037 1352 τὸ
3065 1300 3477 1371 γεγραμμένον.
3515 1300 3575 1352 '0
3608 1299 3671 1353 δὲ

2074 1394 2176 1463 τῆς
2207 1391 2553 1462 δικαιοσύνης
2580 1388 2842 1461 ἐργάτης,
2877 1390 3151 1461 σωτηρίας
3176 1388 3333 1445 ἔσται
3390 1390 3486 1444 καὶ
3520 1389 3670 1460 ζωῆς

2077 1485 2352 1558 ἔμπλεως,
2387 1484 2638 1555 λαμπρὸς
2688 1483 2785 1538 καὶ
2817 1480 3205 1552 ἀξιοζήλωτος,
3237 1482 3331 1535 καὶ
3362 1478 3505 1536 οἶνον
3536 1481 3674 1536 ἀπο⁹

2076 1578 2391 1650 τρυγήσει,‹
2421 1576 2524 1630 Τὸν
2553 1576 2914 1647 εὐφραίνοντα
2940 1573 3170 1646 καρδίαν
3199 1574 3547 1646 ἀνθρώπου.»
3575 1576 3673 1627 Δεῖ

2075 1670 2135 1723 δὲ
2182 1669 2318 1741 πρὸς
2347 1667 2524 1740 τούτῳ
2555 1668 2681 1732 τούς
2722 1668 3004 1732 ἐθέλοντας
3050 1667 3382 1738 εὐδοκιμεῖν,
3422 1668 3502 1730 είς
3538 1664 3670 1720 νοῦν

385 1776 552 1819 orant
597 1775 900 1820 creaturam
918 1772 965 1821 ³.
987 1766 1236 1833 Quanam
1258 1777 1438 1823 autem
1472 1768 1684 1822 ratione
1705 1782 1972 1839 possimus

2079 1760 2173 1814 καὶ
2205 1759 2433 1832 καρδίαν
2463 1759 2526 1813 τὸ
2556 1759 2657 1830 τῆς
2700 1758 2935 1831 ἀληθοῦς
2974 1757 3232 1829 γνώσεως
3273 1756 3668 1821 είσοικίζεσθαι

386 1857 526 1911 bene
558 1856 830 1912 seminare
871 1857 924 1912 in
948 1857 1210 1935 justitia,
1261 1869 1317 1914 et
1372 1837 1717 1918 vindemiarei
1736 1862 1969 1918 fructum

2075 1852 2212 1924 φῶς,
2236 1852 2337 1905 οὐκ
2367 1851 2600 1923 ἐχόντων
2629 1851 2761 1906 αὐτὸ
2782 1851 2892 1905 τῶν
2914 1850 3367 1921 προσκυνούντων
3392 1851 3462 1921 τῇ
3489 1848 3671 1902 κτίσει

388 1947 535 2014 vitm,
563 1957 618 2002 et
647 1947 993 2017 splendidum
1029 1950 1272 2006 scientia:
1299 1951 1483 2008 lumen
1514 1953 1818 2024 suscipere,
1854 1955 1974 2023 ipse

389 2035 567 2102 docet,
604 2036 977 2107 subjungcns:
1017 2056 1037 2091 ι
1072 2037 1309 2105 Quaerite
1334 2039 1621 2096 Dominum
1666 2043 1837 2097 donec
1885 2058 1975 2097 ve-

390 2125 546 2182 niant
577 2127 735 2182 vobis
763 2126 944 2197 fruges
975 2126 1223 2196 iustitiae.
1278 2147 1299 2181 ι
1348 2130 1683 2197 ρυωιειιιιιιε
1724 2143 1907 2187 autem
1937 2148 1969 2188 a

390 2215 549 2271 nobis
575 2213 716 2272 Deus
746 2225 852 2281 est,
885 2232 989 2273 non
1020 2220 1319 2275 secundum
1351 2221 1555 2286 locum,
1579 2225 1724 2292 quod
1762 2222 1971 2279 fatuum

391 2302 552 2371 foret,
587 2306 1023 2376 quandoquidem
1050 2308 1289 2364 divinum
1323 2324 1523 2366 numen
1559 2311 1681 2367 loco
1709 2327 1814 2368 non
1842 2327 1974 2368 con-

390 2395 635 2464 tinetur;
676 2399 771 2453 sed
810 2409 869 2453 ut
899 2398 953 2453 in
988 2398 1276 2457 affectione
1320 2403 1536 2469 animae,
1595 2414 1651 2460 et
1690 2404 1975 2461 alacritate

388 2485 589 2540 mentis
618 2488 686 2541 ad
719 2486 897 2541 omnia
928 2487 1005 2543 illi
1049 2501 1202 2560 grata
1255 2492 1555 2559 inclinatae,
1606 2503 1662 2549 et
1687 2494 1971 2554 conscien-

385 2574 521 2628 tiam
550 2584 772 2645 rectam,
814 2589 870 2634 et
898 2581 1144 2649 nitidam,
1173 2591 1229 2637 et
1258 2583 1328 2638 ab
1355 2586 1503 2639 omni
1534 2587 1962 2656 reprehensione

389 2669 618 2725 alienam
651 2673 967 2742 spectantis.
1000 2673 1093 2730 Sic
1132 2676 1277 2731 enim
1323 2691 1390 2732 eo
1443 2676 1688 2746 invento,
1740 2679 1971 2736 aliorum

388 2773 604 2829 quoque
624 2761 885 2816 bonorum
910 2764 1274 2834 acquisitione
1293 2766 1647 2836 ditescemus.
1678 2768 1762 2823 An
1783 2785 1971 2826 verum

391 2863 496 2903 non
526 2857 611 2904 est
632 2852 775 2919 quod
809 2851 887 2906 ait
915 2852 1165 2910 Christus
1197 2871 1211 2908 :
1243 2873 1264 2908 ι
1299 2856 1431 2913 Sine
1457 2872 1544 2913 me
1581 2859 1714 2915 nihil
1745 2862 1972 2930 potestis

390 2937 573 2995 facere
596 2940 646 2996 'l
680 2958 699 2995 ι
739 2940 845 2998 Sed
873 2944 938 3001 de
967 2946 1071 3000 hoc
1089 2947 1236 3002 nullo
1269 2949 1431 3004 modo
1459 2951 1730 3018 dubitant,
1753 2955 1971 3024 opinor,

394 3029 451 3084 in
471 3033 669 3100 quibus
687 3047 874 3089 verum
898 3036 1035 3091 inest
1050 3037 1340 3105 judicium.
1367 3039 1496 3099 Haec
1519 3044 1662 3098 enim
1683 3059 1805 3101 cum
1835 3046 1971 3114 Deo,

391 3132 448 3177 et
500 3137 597 3193 per
626 3123 818 3193 Deum,
845 3135 901 3182 et
928 3143 957 3182 a
993 3129 1100 3186 Deo
1133 3131 1312 3189 omnis
1335 3133 1461 3189 boni
1510 3135 1782 3204 possessio
1817 3138 1972 3194 nobis

392 3222 496 3268 est.
535 3212 740 3272 Dixerit
778 3226 957 3273 tamen
994 3234 1101 3275 non
1155 3221 1294 3278 male
1341 3223 1614 3295 quispiam
1648 3267 1665 3294 ,
1713 3241 1818 3282 non
1876 3242 1969 3284 so-

394 3303 505 3358 lum
546 3304 809 3362 idolorum
847 3309 1166 3379 cultoribus,
1217 3329 1237 3364 ι
1273 3314 1544 3370 seminate
1584 3315 1739 3371 vobis
1762 3316 1820 3373 in
1881 3318 1973 3389 ju-

394 3396 600 3461 stitia,»
629 3407 682 3452 et
703 3413 824 3468 quae
847 3412 1149 3471 sequuntur
1175 3419 1192 3469 ;
1221 3406 1317 3460 sed
1349 3406 1516 3461 etiam
1551 3421 1583 3462 a
1621 3408 1833 3463 sincera
1867 3409 1974 3468 fide

396 3492 793 3563 refugientibus
820 3506 945 3561 ,σοι
974 3499 1259 3569 spiritibus
1298 3501 1501 3559 erroris
1549 3504 1972 3573 attendentibus,

395 3584 452 3638 in
492 3584 763 3656 hypocrisi
797 3589 1189 3647 daemoniorum
1217 3632 1234 3659 ,
1285 3602 1341 3648 et
1381 3596 1736 3650 cauteriatam
1768 3597 1975 3653 haben-

396 3677 545 3731 tibus
600 3678 1065 3736 conscientiam‘.
1117 3700 1138 3735 ι
1201 3682 1270 3738 Ut
1329 3685 1495 3755 igitur
1541 3688 1976 3757 sapientissimus

395 3764 595 3824 Paulus
621 3770 832 3833 scribit,
882 3771 935 3825 hi
981 3773 1262 3830 seminant
1290 3777 1530 3846 quidem,
1558 3778 1761 3835 sciendi
1804 3783 1974 3851 proli-

396 3857 684 3929 ciendique
724 3859 1003 3918 laboribus
1056 3864 1303 3934 impense
1346 3869 1557 3936 dediti;
1600 3882 1975 3928 verumtamen

396 3965 504 4005 non
535 3950 590 4006 in
612 3950 849 4018 justitia,
892 3957 986 4011 sed
1021 3955 1075 4012 in
1117 3958 1407 4029 iniquitate
1434 3972 1491 4019 et
1516 3964 1793 4034 impietate
1819 4008 1835 4035 ,
1888 3980 1975 4023 se-

395 4042 656 4098 ducentes
711 4054 767 4101 et
803 4047 1052 4115 seducti,
1106 4067 1128 4103 ι
1182 4060 1239 4107 et
1283 4054 1653 4124 percmientes
1699 4056 1971 4113 infirmam

394 4135 783 4192 conscientiam
820 4137 1072 4207 fratrum,
1106 4158 1205 4212 pro
1226 4146 1424 4214 quibus
1445 4145 1699 4202 Christus
1727 4158 1976 4205 mortuus

394 4234 479 4281 ost
515 4227 557 4282 ⁸.
612 4247 632 4281 ι
669 4229 825 4302 ι53
869 4231 1217 4291 Vindemiant
1272 4236 1436 4308 igitur
1478 4252 1585 4293 non
1625 4239 1693 4294 ad
1730 4239 1967 4296 fructum

394 4319 520 4374 vitm
553 4321 843 4390 aliquando
874 4364 890 4389 ,
921 4326 1015 4381 sed
1063 4341 1278 4397 poenam
1310 4336 1370 4382 et
1415 4329 1705 4398 judicium.
1770 4330 1975 4399 Quam-

394 4416 588 4471 obrem
629 4416 847 4474 dicebat
874 4418 1127 4476 Christus
1172 4436 1186 4472 :
1225 4438 1245 4472 ι
1274 4419 1597 4492 Quicunque
1635 4424 1973 4479 scandaliza-

2071 1944 2226 2017 παρὰ
2263 1943 2357 1997 τὸν
2390 1943 2668 1998 κτίσαντα.
2713 1942 2838 2006 Πῶς
2864 1941 2909 1996 δ’
2935 1941 3002 1996 ἂν
3031 1942 3242 2011 γένοιτο
3273 1940 3451 2003 καλῶς
3480 1939 3543 1993 τδ
3574 1939 3670 1993 ὀύ·-

2071 2036 2268 2093 νασθαι
2302 2036 2561 2107 σπείρειν
2598 2036 2678 2099 είς
2706 2034 3076 2102 δικαιοσύνην,
3121 2034 3214 2087 καὶ
3252 2032 3361 2104 μὴν
3391 2033 3485 2086 καὶ
3524 2033 3669 2085 ἁπο-

2069 2131 2293 2201 τρυγεῖν
2320 2130 2401 2192 εἰς
2428 2127 2640 2198 καρπὸν
2673 2127 2839 2197 ζωῆς,
2873 2126 2968 2181 καὶ
2995 2126 3059 2183 τὸ
3097 2124 3353 2196 λαμπρὸν
3393 2123 3491 2193 τῆς
3523 2121 3654 2192 γνὼ-

2073 2241 2211 2288 σεως
2249 2221 2586 2294 εἰσδέχεσθαι
2620 2220 2770 2290 φῶς,
2803 2219 2967 2283 αὐτὸς
3000 2216 3269 2282 ὑπέδειξε,
3317 2214 3665 2287 προστιθείς·

2074 2336 2095 2370 ι
2126 2317 2405 2386 Ζητὴσατε
2452 2314 2542 2368 τὸν
2575 2313 2781 2384 Κύριον
2820 2314 2925 2377 ἓως
2953 2308 3014 2367 οὐ
3042 2311 3172 2383 ἔλθῃ
3217 2309 3533 2379 γεννήματα
3581 2308 3668 2361 δι-

2071 2405 2367 2476 καιοσύνης
2410 2405 2559 2475 ύμῖν.
2593 2422 2612 2455 ι
2666 2404 2894 2474 Ζητοῖτο
2923 2401 2968 2455 δ’
3007 2400 3073 2454 ἂν
3119 2400 3254 2472 πρὸς
3299 2397 3457 2470 ἡμῶν
3489 2398 3622 2461 Θεὸς
3648 2436 3667 2461 ,

2069 2498 2190 2568 οὐχὶ
2216 2497 2474 2560 τοπικῶς.
2504 2493 2675 2549 Τοῦτο
2701 2493 2812 2565 γάρ
2832 2492 3058 2563 εὐηθεςο
3087 2491 3211 2544 ἐπεὶ
3245 2490 3319 2561 μὴ
3342 2491 3400 2542 ὲν
3425 2489 3578 2558 τόπῳ
3604 2490 3673 2542 τὸ

2071 2591 2246 2645 θεῖον·
2286 2588 2402 2643 ἀλλ’
2431 2588 2509 2651 ὡς
2550 2588 2610 2641 ὲν
2650 2585 2890 2641 διαθέσει
2920 2583 3131 2654 ψυχῆς,
3178 2583 3273 2635 καὶ⁸
3316 2580 3409 2634 νοῦ
3455 2579 3669 2650 προθυ-

2075 2681 2256 2754 μίαις,
2291 2682 2371 2745 εἰς
2403 2681 2512 2735 πᾶν
2549 2677 2731 2733 ὁτιοῦν
2757 2676 2867 2731 τῶν
2908 2676 3255 2747 ἀρεσκόντων
3298 2672 3447 2743 αὐτῷ
3486 2672 3670 2726 διανεο

2071 2773 2354 2839 νευκότος,
2398 2773 2491 2827 καὶ
2534 2772 2615 2834 είς
2640 2769 2846 2842 είδησιν
2887 2769 3175 2840 βλέποντος
3231 2765 3398 2838 ὀρθὴν
3435 2765 3532 2819 καὶ
3568 2765 3673 2818 ἀπ-

2072 2865 2391 2937 εξεσμένην,
2441 2868 2536 2919 καὶ
2582 2860 2881 2934 οὐδαμόθεν
2928 2860 3159 2932 ἔχουσαν
3197 2858 3261 2912 τὸ
3306 2856 3670 2927 ἐπιτιμᾶσθαι

2070 2959 2199 3013 δεῖν.
2228 2957 2495 3030 Εὐρόντες
2524 2955 2634 3025 γὰρ
2660 2953 2833 3017 οὕτως
2860 2952 3043 3018 αὐτὸν,
3074 2952 3170 3006 καὶ
3192 2950 3291 3021 τὴν
3318 2950 3430 3004 τῶν
3461 2948 3673 3020 ἑτέρων

2072 3047 2298 3118 ἀγαθῶν
2329 3044 2849 3117 καταπλουτήσομεν
2893 3042 3108 3111 κτῆσιν.
3148 3042 3220 3095 Ἦ
3257 3041 3358 3095 οὐκ
3411 3038 3671 3111 ἀληθεύει

2074 3139 2326 3212 Χριστὸς,
2357 3138 2484 3192 ὅταν
2509 3137 2664 3207 λέγῃ,
2702 3153 2721 3186 ι
2748 3134 2933 3206 Χωρὶς
2961 3133 3097 3206 ἐμοῦ
3129 3133 3191 3187 οὐ
3226 3132 3455 3187 δύνασθε
3490 3134 3670 3185 ποιεῖν

2073 3233 2259 3300 οὐδέν;
2282 3251 2302 3284 ι
2351 3230 2490 3283 Ἀλλ’
2517 3228 2685 3293 ἐστιν,
2716 3222 2901 3299 οἶμαι,
2934 3226 3086 3280 τουτὶ
3125 3227 3238 3289 τοῖς
3285 3225 3421 3297 ὀρθὰ
3450 3226 3670 3297 φρονεῖν

2073 3324 2323 3379 είωθόσιν
2346 3321 2648 3392 οὐδαμόθεν
2670 3318 2990 3390 ἀμφίϐολον.
3014 3317 3225 3387 κτῆσις
3246 3317 3355 3388 γάρ
3374 3319 3505 3388 ἡμῖν
3527 3316 3667 3386 αῦτη

2075 3416 2274 3479 παντὸς
2306 3412 2514 3484 ἀγαθοῦ
2550 3411 2688 3483 μετά
2727 3409 2885 3476 Θεοῦ,
2929 3409 3022 3464 καὶ
3064 3408 3153 3463 διὰ
3183 3407 3341 3476 Θεοῦ,
3380 3407 3474 3462 καὶ
3513 3406 3670 3477 παρὰ

2073 3505 2229 3560 Θεοῦ.
2257 3505 2417 3558 Είποι
2443 3503 2489 3558 δ’
2514 3503 2579 3556 ἀν
2607 3518 2711 3567 τις,
2744 3499 2839 3555 καὶ
2877 3498 3021 3570 μάλα
3054 3499 3302 3565 εἰκότως,
3331 3498 3454 3569 οὐχὶ
3484 3497 3670 3569 μόνοις

2072 3603 2186 3664 τοῖς
2209 3597 2319 3652 τῶν
2351 3595 2583 3650 είδώλων
2613 3594 3005 3665 θεραπευταῖς,
3049 3593 3132 3657 τὸ,
3170 3610 3188 3643 ι
3218 3591 3485 3661 Σπείρατε
3536 3590 3672 3644 ἐαυ-

2073 3693 2186 3755 τοῖς
2228 3691 2309 3754 εἰς
2347 3686 2715 3756 δικαιοσύνην,
2738 3703 2757 3738 t
2794 3685 2892 3739 καὶ
2922 3683 2991 3737 τὰ
3028 3684 3237 3746 τούτοις
3270 3680 3499 3750 ἑφεξῆς,
3531 3678 3677 3733 ἀλλά

2076 3782 2183 3855 γὰρ
2210 3781 2303 3835 καὶ
2329 3781 2444 3843 τοῖς
2472 3777 2572 3848 τῆς
2595 3775 2764 3846 ὀρθῆς
2796 3775 3033 3838 πίστεως
3060 3770 3676 3843 ἀποτρέχουσι,ιΠροσ-

2076 3874 2350 3946 κειμένοις
2393 3871 2453 3926 δὲ
2495 3868 2696 3941 μᾶλλον
2724 3866 2998 3937 πνεύμασι
3041 3867 3268 3934 πλάνης,
3298 3864 3356 3917 ὲν
3382 3861 3675 3932 ὑποκρίσει

2074 3965 2389 4037 δαιμονίων,
2420 3957 2983 4031 κεκαυτηριασμένοις
3019 3955 3116 4027 τὴν
3160 3952 3484 4045 συνείδησιν.
3515 3970 3536 4003 ι
3580 3950 3677 4045 Ὡς

2076 4059 2207 4130 γοῦν
2248 4059 2278 4111 ό
2326 4045 2637 4125 σοφώτατος
2669 4052 2872 4124 γράφει
2908 4049 3152 4115 Παῦλος,
3197 4041 3344 4103 οῦτοι
3380 4044 3675 4117 σπείρουσι

2080 4151 2180 4223 μὲν
2192 4150 2310 4212 τοῖς
2334 4150 2412 4211 είς
2438 4145 2641 4216 γνῶσιν
2662 4145 2755 4198 καὶ
2777 4141 3134 4212 φιλομάθειαν
3161 4140 3469 4210 ἐγκείμενοι
3488 4154 3501 4166 ·
3529 4135 3677 4209 πλὴν

2075 4242 2178 4296 οὐκ
2204 4242 2285 4304 είς
2312 4239 2451 4310 ἔργα
2489 4236 2855 4308 δικαιοσύνης,
2882 4237 2997 4291 ἀλλ’
3027 4236 3109 4297 είς
3139 4232 3354 4289 ἀδικίαν
3413 4231 3505 4284 καὶ
3541 4231 3677 4284 ἀσέ-

2077 4333 2250 4397 ϐειαν,
2289 4329 2599 4394 πλανῶντες
2645 4327 2740 4383 καὶ¹
2780 4327 3142 4399 πλανώμενοι,
3181 4344 3199 4377 ι
3227 4323 3341 4379 Καὶ
3371 4321 3674 4386 τύπτοντες

2077 4422 2409 4481 ἀσθενοῦσαν
2453 4423 2553 4495 τὴν
2597 4420 2901 4491 συνείδησιν
2944 4417 3052 4473 τῶν
3094 4415 3363 4486 ἀδελφῶν,
3404 4413 3546 4483 ὑπὲρ
3593 4407 3675 4466 ὧν

395 4508 539 4563 verit
574 4523 739 4564 unum
790 4510 858 4566 de
914 4511 1124 4581 pusillis
1172 4511 1296 4568 istis
1348 4512 1401 4566 in
1447 4527 1534 4568 me
1581 4514 1968 4586 credentibus,

2085 4516 2315 4588 Χριστὸς
2353 4515 2651 4569 ἀπέθανε.»
2687 4511 2942 4583 Τρυγῶσι
2985 4509 3050 4581 δὴ
3091 4505 3186 4563 οὖν
3213 4508 3313 4608 οὐκ
3348 4505 3676 4608 είς-καρπον

395 4599 615 4668 expedit
653 4600 702 4654 ei
759 4609 820 4655 ut
849 4602 1215 4672 suspendatur
1266 4601 1410 4657 mola
1454 4604 1693 4660 asinaria
1737 4606 1792 4662 in
1835 4608 1972 4665 collo

2075 4611 2221 4682 ζωῆς
2246 4610 2431 4672 ποθεν,
2459 4607 2573 4661 ἀλλ’
2596 4607 2677 4670 είς
2700 4603 2922 4659 κόλασίν
2946 4619 3007 4655 τε
3052 4600 3147 4655 καὶ
3174 4599 3374 4671 κρίσιν.
3402 4597 3513 4651 Καὶ
3538 4597 3677 4665 γοῦν

343 4741 346 4745 ,
394 4689 531 4758 ejus,
558 4699 612 4746 ct
638 4693 985 4764 demergatur
1013 4693 1064 4747 in
1099 4692 1427 4763 profundum
1459 4697 1629 4754 maris
1657 4698 1700 4752 ⁸.
1770 4719 1790 4755 ν
1843 4701 1978 4758 Dili—

395 4789 527 4849 gant
572 4781 736 4851 igitur
774 4781 1084 4847 veritatem,
1116 4782 1219 4837 hoc
1245 4793 1350 4848 est,
1401 4783 1530 4841 illud
1572 4787 1857 4858 sapientia:
1892 4791 1977 4847 luo

396 4886 543 4926 men.
585 4869 663 4926 Ita
687 4872 949 4942 quaeritur
990 4873 1151 4928 Deus.
1205 4874 1343 4932 Hinc
1375 4877 1482 4934 illis
1508 4878 1720 4938 fructus
1742 4880 1976 4951 justitia:

395 4962 645 5016 orientur
672 4962 726 5017 in
752 4962 940 5017 vitam.
977 4963 1412 5023 Vindemiabitur
1439 4969 1601 5025 etiam
1621 4972 1828 5042 vinum,
1864 4992 1973 5032 non

2074 4701 2313 4772 ἔφασκεν
2335 4701 2364 4753 ὁ
2392 4696 2650 4770 Χριστὸς,
2679 4695 2761 4748 ὅτι
2793 4712 2812 4746 ι
2845 4694 2940 4757 Ὃς
2969 4693 3036 4747 ἀν
3076 4688 3408 4762 σκανδαλίσῃ
3437 4688 3534 4741 ἕνα
3559 4686 3679 4740 τῶν

2078 4792 2289 4866 μικρῶν
2323 4788 2529 4845 τούτων
2568 4786 2679 4841 τῶν
2719 4784 3084 4839 πιστευόντων
3112 4782 3194 4846 είς
3230 4781 3353 4853 ἐμὲ,
3395 4779 3673 4851 συμφέρει

2082 4883 2254 4955 αὐτῷ,
2280 4883 2369 4937 ίνα
2394 4878 2682 4953 κρεμασθῇ
2710 4877 2891 4941 ὀνικὸς
2923 4877 3086 4948 μύλος
3114 4873 3243 4945 περὶ
3275 4872 3368 4927 τὸν
3398 4870 3672 4944 τράχηλον

2082 4976 2266 5042 αὐτοῦ,
2308 4975 2402 5029 καὶ
2437 4969 2839 5041 καταποντισθῇ
2872 4972 2930 5022 έν
2962 4968 3041 5040 τῷ
3068 4965 3294 5035 πελάγει
3340 4966 3439 5037 τῆς
3468 4963 3674 5018 θαλάσ-

395 5048 619 5119 quidem
648 5064 996 5120 corporeum,
1030 5053 1125 5109 sed
1153 5057 1297 5124 quod
1334 5056 1690 5129 intelligentia
1707 5065 1972 5135 cernitur,

2075 5066 2462 5133 της.»οὐκοῦν,
2500 5064 2871 5134 ἀγαπάτωσαν
2896 5062 2997 5133 τὴν
3039 5061 3315 5133 ἀλήθειαν,
3357 5060 3517 5114 τοῦτό
3555 5059 3675 5113 ἐστι

398 5149 455 5194 ct
481 5155 579 5209 per
600 5141 877 5212 spiritum,
908 5144 1053 5213 quod
1075 5147 1238 5201 etiam
1263 5160 1360 5203 cor
1394 5159 1449 5204 et
1482 5149 1722 5207 animum
1736 5155 1976 5216 hominis

396 5230 658 5290 laetificat.

2080 5166 2143 5214 τδ
2167 5160 2265 5230 τῆς
2297 5157 2550 5227 γνώσεως
2579 5154 2715 5224 φῶς.
2736 5153 2895 5207 Οῦτω
2932 5153 3173 5223 ζητεῖται
3203 5151 3356 5213 Θεός.
3391 5148 3675 5203 Ἐντεῦθεν

2080 5254 2263 5316 αὐτοῖς
2290 5249 2492 5323 καρποὶ⁹
2520 5249 2617 5318 μὲν
2643 5244 2986 5315 δικαιοσύνης
3016 5242 3364 5298 ἀνατελοῦσιν
3390 5242 3470 5305 είς
3500 5239 3671 5310 ζωήν.

395 5324 814 5398 Τρυγηθήσεται
855 5324 912 5380 δὲ
941 5327 1032 5381 καὶ
1064 5322 1222 5394 οἶνος,
1249 5331 1310 5386 οὗ
1341 5331 1673 5404 σωματικδς,
1709 5342 1900 5410 νοητὸς
1928 5343 1986 5401 δὲ
2024 5346 2246 5418 μᾶλλον,
2303 5322 2397 5399 καὶ
2419 5341 2509 5397 διὰ
2573 5340 2902 5419 πνεύματος,
2927 5337 2986 5402 ὃς
3014 5338 3108 5392 καὶ
3135 5334 3362 5405 καρδίαν
3390 5331 3673 5403 εὐφραίνει

401 5418 496 5476 καὶ
527 5417 671 5472 νοῦν.

476 5510 637 5565 Vens.
667 5512 751 5566 15.
797 5512 936 5579 Quid
967 5517 1203 5573 (uenistis
1231 5521 1567 5592 impietatem,
1600 5539 1646 5584 et
1673 5530 1970 5602 iniquitates

2153 5531 2289 5587 Ἵνα
2329 5528 2384 5583 τί
2416 5524 2918 5596 παρεσιωπὴσατε
2947 5519 3251 5583 ἀσέϐειαν,
3283 5516 3515 5584 καὶτὰς
3541 5516 3671 5575 ἀδι-
3722 5547 3726 5553 τ

473 5713 518 5744 ⁵⁸
543 5711 824 5797 (ﬁgulatum:
852 5715 922 5797 8._
980 5717 1023 5749 ’⁸
1053 5716 1209 5797 ίίονη,
1235 5734 1367 5791 xxii,
1396 5726 1447 5780 8.
1530 5727 1543 5797 ξ
1570 5725 1733 5783 Eccli‘.
1766 5743 1852 5796 λι,
1881 5730 1969 5786 20.

2092 5728 2252 5784 Rom.
2282 5744 2324 5796 ι,
2351 5730 2440 5783 ‘25.
2517 5722 2713 5780 ‘oJoun.
2754 5736 2841 5788 xv,
2876 5721 2928 5776 5.
3007 5719 3028 5751 ’⁸
3054 5720 3075 5775 ι
3100 5715 3239 5773 Tim.
3271 5729 3343 5785 Iv,
3365 5715 3420 5770 2.
3501 5717 3523 5747 ³
3545 5716 3667 5775 Cor.

405 5797 521 5851 rm,
553 5782 636 5839 ll.
731 5785 752 5816 ⁸
778 5784 964 5841 Matth.
992 5802 1144 5855 xvttt,
1170 5786 1223 5843 6.
