3982 6456
231 291 337 345 257
1170 294 1723 355 COMMENTARIUS
1758 300 1825 354 IN
1868 300 2097 355 OSI'IAM
2140 300 2592 356 PROPIIETAM.
3429 300 3537 356 253

230 406 370 472 κιάς
404 405 595 475 αὐτῆς
621 408 1025 480 ἐτρυγήσιιτες
1061 412 1339 483 Ἐφάγετε
1362 416 1597 484 καρπὸν
1616 416 1802 486 ψευδῆ

1958 419 2060 487 ejus
2111 419 2509 474 vindemiastia?
2559 415 2873 471 Comedistis
2915 415 3149 486 fructum
3197 417 3530 479 mendacem,

233 497 264 548 ξ’
268 517 317 551 τι
368 498 645 567 ἤλπισας
680 502 751 555 ἐν
792 503 920 569 τοῖς
947 504 1336 576 ἁμαρτήμασί
1359 522 1498 572 σου,
1528 508 1597 562 ἐν
1623 510 1805 575 πλήθε

1960 510 2068 577 μιία
2095 510 2317 576 sperasti
2348 512 2400 561 in
2429 508 2661 561 turribus
2695 507 2823 573 tuis,
2859 508 2912 561 in
2947 508 3290 561 multitudine
3319 508 3532 575 fortitu-

228 589 541 661 δυνάμεώς
565 607 706 657 σου,
730 594 831 648 καὶ
856 595 1341 667 ἐξαναστήσεται
1370 600 1639 654 ἀπώλεια
1664 603 1734 654 ἐν
1760 619 1800 655 τι

1962 602 2079 656 linis
2123 612 2248 658 tua’.
2297 602 2361 655 Et
2403 611 2678 671 consurget
2714 601 2943 669 perditio
2993 602 3047 654 in
3091 600 3283 670 populo
3326 610 3440 669 tuo,
3485 609 3534 656 et

226 680 356 747 λαῷ
378 700 522 748 σου,
556 686 653 739 καὶ
690 686 892 740 πάντα
922 687 993 743 τὰ
1025 692 1574 762 περιτετειχισμένα
1604 710 1722 748 σου
1751 697 1798 749 oi

1213 692 1574 762 ιτειχισμένα
1604 710 1722 748 σου
1751 696 1837 749 ol-
1942 696 2126 748 omnia
2166 704 2379 749 murata
2413 704 2504 748 tua
2541 693 2785 763 peribunt

226 773 508 844 χήσεται.

294 868 478 922 PKB’.
521 869 775 923 Λίτιᾶται
803 871 988 937 πάλιν,
1015 872 1092 934 ὡς
1122 873 1232 927 ἀπό
1265 891 1329 943 γε
1356 875 1454 946 τῆς
1486 878 1567 940 εἰς
1596 876 1658 930 τὸ
1691 875 1836 945 φαῦ-

2010 872 2218 930 CXXII.
2272 873 2471 930 lterum
2504 888 2599 928 eos
2629 874 2881 943 castigat,
2908 884 2965 927 ut
2991 873 3081 943 qui
3113 888 3225 942 pra:
3253 872 3534 944 voluptate

225 960 313 1011 λον
348 960 552 1031 ἡδονῆς
582 962 671 1032 ἐφ’
696 957 779 1026 οἷς
821 964 1025 1033 ἥκιστα
1068 966 1237 1038 ἐχρῆν
1280 973 1617 1041 κατηρεμεῖν
1645 971 1797 1041 ἐλομέ

1962 966 2066 1021 nali
2097 966 2407 1036 quieverint
2450 966 2501 1020 in
2529 966 2730 1036 quibus
2763 966 2989 1020 minime
3024 966 3225 1029 decuit,
3259 967 3534 1020 inconsul-

224 1072 368 1119 νους,
413 1055 763 1110 ἀϐουλότατά
790 1074 850 1109 τε
884 1060 1268 1129 σεσιγηκότας,
1293 1062 1379 1130 ἐφ’
1402 1056 1484 1126 οἷς
1509 1058 1575 1134 ἦν
1600 1065 1745 1128 εἰκὸς
1772 1082 1796 1117 ο

1964 1060 2259 1129 issimeque
2297 1058 2567 1113 tacuerint
2600 1057 2653 1111 in
2688 1057 2795 1122 his,
2832 1066 3053 1125 propter
3080 1072 3200 1125 quae
3226 1056 3395 1111 Deum
3421 1073 3530 1113 non

224 1147 467 1217 μετρίως
501 1147 794 1201 λυπεῖσθαι
827 1150 982 1203 Θεόν.
1015 1150 1146 1204 Δέον
1176 1151 1307 1223 γὰρ,
1337 1154 1491 1223 φησὶ,
1520 1156 1683 1208 παντὶ
1712 1155 1796 1209 σθὲ

1959 1151 2290 1207 nediocriter
2344 1150 2507 1203 irasci
2568 1158 2998 1205 consentaneum
3054 1150 3174 1204 fuit.
3228 1150 3363 1205 Nam
3408 1168 3531 1206 Cum

219 1257 297 1291 νει
317 1239 732 1311 διωθουμένους
753 1242 853 1312 τὴν
880 1243 961 1307 εἰς
991 1242 1093 1313 ἐμὲ
1123 1242 1470 1311 δυσσέϐειαν,
1502 1249 1614 1310 τοῖς
1644 1247 1712 1301 τά
1744 1250 1791 1301 al

1960 1242 2292 1311 iportuisset,
2330 1240 2528 1310 inquit,
2566 1241 2693 1295 totis
2723 1241 2931 1295 viribus
2968 1241 3256 1313 proﬂigare
3285 1243 3532 1313 impieta-

220 1331 360 1402 σχρά
384 1332 825 1402 συμϐουλεύουσι
853 1336 1136 1407 ἐπιτιμᾷν,
1167 1335 1327 1390 τοῦτό
1372 1355 1431 1390 τε
1482 1337 1727 1409 δρῶντας
1773 1340 1792 1393 ἐ

1958 1347 2042 1387 em
2083 1332 2379 1387 adversum
2426 1345 2534 1395 me,
2573 1339 2627 1385 et
2671 1332 2847 1401 turpia
2888 1335 3181 1388 suadentes
3227 1334 3530 1404 increpare,

219 1426 381 1478 παντὶ
420 1428 682 1494 γενέσθαι
714 1428 889 1499 καλῷ,
921 1429 1275 1499 σεσιγήκασι,
1309 1429 1673 1501 παρεδέξαντο
1706 1434 1791 1487 τοῦ

1958 1434 1987 1479 :t
2031 1425 2104 1479 ita
2156 1424 2262 1478 frui
2306 1422 2463 1478 bonis
2504 1424 2780 1487 omnibus,
2837 1431 3144 1489 tacuerunt,
3175 1425 3530 1481 seductiones

214 1517 313 1585 τῆς
362 1516 699 1588 πλανήσεως
746 1520 1003 1589 τρόπουςο
1035 1523 1136 1577 οὐκ
1184 1520 1253 1597 ἦν
1302 1526 1361 1579 ἐν
1414 1527 1597 1592 αὐτοῖς
1643 1530 1671 1581 6
1714 1532 1786 1581 τοῑ

1958 1516 2291 1583 ιᾶιηὶεοτιιηι,
2332 1532 2437 1570 non
2469 1526 2591 1571 erat
2620 1517 2764 1571 inter
2808 1530 2927 1580 eos,
2958 1516 3051 1585 qui
3089 1517 3179 1571 illa
3225 1532 3366 1571 nova
3415 1533 3530 1573 mo-

213 1611 395 1662 ἐκεῖνα
427 1610 854 1681 καινοτομοῦσιν
887 1614 1261 1688 ἀνθεστηκὼς,
1294 1618 1394 1671 οὐκ
1428 1619 1725 1684 ἀντιτιθεὶς
1758 1621 1827 1674 τά
1931 1610 2189 1665 Ῑίθηῑίίηιε
2239 1610 2544 1675 Γθεῖειθτθῑν
2602 1624 2708 1665 n0n
2749 1609 2841 1680 (Ιυί
2896 1608 3069 1681 legem
3111 1619 3433 1680 opponeret.
3475 1618 3531 1666 ει

208 1702 273 1754 ἐκ
320 1701 522 1771 νόμον,
555 1703 652 1755 καὶ
699 1703 782 1767 εἰς
831 1705 1143 1777 ἀνάμνησιν
1185 1709 1483 1781 ἀποφέρων
1514 1712 1624 1764 τῶν
1670 1712 1780 1767 τεθε

1953 1703 1997 1757 id
2031 1703 2467 1759 recordationem
2503 1703 2766 1758 divinitus
2798 1713 3193 1773 praeceptorum
3240 1702 3525 1760 excitaret.

211 1793 556 1864 σπισμένων.
587 1794 908 1866 Γέγραπται
954 1798 1087 1871 γάρ,
1132 1819 1150 1851 ι
1183 1802 1298 1855 Οὐκ
1336 1802 1550 1858 ἔσονταί
1574 1822 1680 1877 ,σοι
1711 1806 1783 1859 θει

1953 1795 2212 1866 Scriptum
2245 1796 2443 1867 quippe
2478 1803 2699 1850 exstat:
2740 1813 2758 1847 ι
2798 1794 2913 1851 Νοιι
2951 1804 3113 1849 erunt
3160 1796 3255 1848 tibi
3305 1795 3380 1849 dii
3434 1795 3525 1849 alii

207 1888 383 1959 ἕτεροι
434 1888 583 1961 πλὴν
605 1889 767 1959 ἐμοῦ.
792 1908 810 1940 ι
840 1891 951 1944 Καὶ
982 1893 1145 1946 πάλιν
1166 1912 1177 1924 ·
1216 1914 1233 1947 ι
1261 1896 1335 1949 Οὐ
1364 1897 1609 1968 ποιήσεις
1641 1916 1776 1951 σαυτ

1956 1896 2131 1942 praeter
2174 1889 2336 1943 me":
2378 1907 2397 1939 ι
2433 1896 2489 1943 et
2540 1902 2800 1943 rursum:
2837 1906 2854 1939 ι
2887 1885 3004 1940 Non
3043 1886 3213 1941 facies
3262 1886 3354 1941 tibi
3382 1920 3385 1923 -
3412 1887 3528 1941 ido-

206 1980 449 2037 εἴδωλον.
484 2000 504 2031 ι
541 1981 683 2034 Ἀλλ’
701 1981 884 2050 ὀλίγος
910 1983 1098 2056 αύτοῖς
1128 1985 1409 2051 παντελῶς
1455 1989 1484 2041 6
1522 1989 1652 2060 περὶ
1694 1990 1778 2043 τοι]

1954 1994 2040 2032 um
2063 1979 2104 2031 ⁸.
2144 1998 2163 2030 ι
2205 1977 2312 2033 Sed
2363 1978 2467 2033 ista
2508 1979 2993 2049 parvipendebant.
3043 1975 3326 2031 Siluerunt
3354 1978 3526 2043 enim,

202 2092 308 2129 των
350 2070 424 2146 ἦν
460 2074 641 2143 λόγος.
676 2075 1012 2146 Σεσιγήκασι
1068 2078 1201 2150 γὰρ,
1232 2080 1504 2150 τιμῶντες
1548 2081 1646 2151 τὴν
1691 2084 1774 2136 ἀσε

1952 2069 2101 2124 duris
2141 2068 2403 2125 facientes
2447 2069 2804 2140 impietatem,
2858 2070 2960 2124 hoc
3000 2078 3107 2132 est,
3138 2067 3524 2127 defectionem.

206 2166 380 2230 ϐειαν,
416 2167 700 2234 τουτέστι,
767 2168 868 2240 τὴν
912 2170 1237 2225 ἀπόστασιν.
1277 2173 1510 2238 Οὐκοῦν,
1560 2193 1577 2226 ι
1612 2176 1778 2246 Τετρι¹

1956 2172 2116 2231 taque
2154 2182 2173 2215 ι
2206 2163 2615 2218 vindemiarum
2639 2162 2707 2217 de
2738 2171 2935 2217 czmcro
2973 2162 3184 2217 fructus
3218 2161 3527 2232 iniquitatis

207 2261 410 2330 γήκασι
456 2260 589 2325 τοὺς
633 2260 736 2331 τῆς
777 2261 859 2326 είς
894 2260 1059 2316 τοῦτο
1088 2262 1275 2319 λοιπὸν
1302 2264 1522 2330 ἀδικίας
1546 2267 1779 2339 καρπούς

1954 2254 2063 2323 rjus.
2113 2253 2479 2309 Comederunt
2534 2254 2773 2309 fructum
2830 2254 3172 2319 mendacem,
3216 2273 3235 2306 ι
3282 2253 3383 2309 hoc
3415 2262 3526 2319 ost,

205 2352 627 2423 Κατεδηδόκασι
662 2353 877 2424 καρπὸν
902 2354 1092 2427 ψευδῆ,
1123 2375 1141 2408 ι
1174 2358 1475 2425 τουτέστιν,
1502 2358 1713 2430 ἀορανῆ
1762 2376 1777 2411 1

1952 2347 2256 2403 inbecillam
2282 2356 2335 2402 et
2360 2347 2606 2403 inutilem
2631 2362 2781 2417 spem
2817 2347 3146 2401 habuerunt.
3175 2347 3353 2403 Verus
3376 2348 3522 2403 enim

206 2446 297 2499 καὶ
328 2445 601 2514 ἀνόνητον
634 2447 906 2517 ἐσχήκασι
936 2449 1039 2519 τὴν
1073 2448 1286 2505 ἐλπίδα.
1320 2450 1549 2523 Καρπὸς
1582 2450 1680 2521 μὲν
1711 2453 1778 2520 γά

1955 2450 2139 2495 ructus
2165 2441 2393 2494 salutem
2423 2448 2476 2494 et
2508 2438 2799 2494 utilitatem
2834 2441 3138 2505 continens,
3175 2450 3260 2496 est
3284 2441 3526 2496 Charitas

204 2534 231 2584 ὁ
260 2532 544 2603 ἀληθινδς,
578 2535 608 2586 6
640 2531 836 2597 σώζειν
882 2553 940 2588 τε
998 2538 1093 2591 καὶ
1142 2537 1372 2608 ὠφελεῖν
1421 2539 1742 2611 δυνάμενος,

1950 2549 2055 2603 erga
2109 2533 2275 2587 Deum
2322 2543 2377 2586 et
2403 2532 2632 2602 justitim
2680 2542 3024 2586 ornamenta.
3070 2531 3304 2588 Fructus
3340 2540 3522 2587 autem

204 2629 281 2689 ei;
309 2626 449 2680 Θεὸν
479 2628 697 2700 ἀγάπη,
734 2630 828 2682 καὶ
868 2630 939 2684 τὰ
988 2631 1088 2702 τῆς
1117 2632 1466 2705 δικαιοσύνης
1500 2634 1776 2705 αὐχήματι

1946 2628 2180 2693 nendax,
2209 2628 2420 2682 fructus
2451 2627 2745 2695 impietatis
2774 2627 3021 2697 apposite
3045 2626 3276 2696 intelligi
3316 2634 3518 2696 potest,

206 2718 434 2789 Καρπδς
466 2719 525 2773 δὲ
560 2721 787 2792 ψευδὴς,
819 2724 848 2775 6
876 2724 976 2795 τῆς
1005 2725 1329 2791 δυσσεϐείας
1370 2728 1531 2780 νοοῖτ*
1558 2729 1625 2781 ἂν
1670 2729 1778 2781 εἰκό

1953 2720 1993 2773 ιι
2037 2718 2198 2772 linem
2231 2719 2374 2773 enim
2412 2732 2633 2788 prorsus
2662 2720 3061 2772 exsecrandum
3104 2717 3346 2774 devenit.
3388 2717 3525 2786 Quis

203 2826 335 2873 τωςο
377 2810 641 2882 καταίρει
684 2812 796 2883 γὰρ
840 2814 1061 2879 πάντως
1102 2817 1183 2881 εἰς
1222 2816 1377 2881 τέλος
1418 2818 1480 2871 τὸ
1522 2818 1775 2871 ἀπευκτὼ

1950 2811 2090 2881 gitur
2129 2811 2199 2865 sit
2247 2809 2455 2865 fructus
2508 2810 2764 2875 mendax,
2814 2810 2907 2880 qui
2956 2810 3085 2878 ipsis
3126 2825 3192 2865 ex
3241 2810 3522 2880 impietate

204 2902 360 2966 Ποῖος
388 2898 487 2957 οὖν
520 2905 550 2957 6
577 2904 781 2975 ψευδὴς
809 2907 917 2978 ἄρα
948 2908 1183 2981 καρπὸς,
1214 2911 1243 2962 6
1278 2910 1344 2963 ἐκ
1372 2908 1473 2979 τῆς
1501 2910 1776 2964 δυσσεϐείο

1949 2902 2170 2967 πίθων,
2221 2904 2405 2959 statim
2457 2903 2719 2960 ostendit.
2770 2904 3032 2975 Adiungit
3079 2906 3266 2972 enim,
3336 2923 3354 2957 ι
3392 2906 3521 2977 quia

204 2997 389 3062 αὐτοῖς
437 3000 838 3069 γεγενημένος,
871 3001 1191 3071 παρέδειξεν
1236 3002 1422 3068 εὐθύς.
1468 3004 1776 3075 Προσεπάγι

1955 2997 2154 3068 perasti
2205 2998 2259 3052 in
2288 2996 2545 3052 curribus
2576 2995 2708 3061 tuis,
2762 2996 2814 3049 in
2854 2996 3205 3052 multitudine
3245 2994 3522 3052 fortitudi-

202 3090 327 3161 γάρ,
361 3091 450 3143 ὅτι
486 3092 805 3155 «Ἥλπισας
852 3095 909 3146 ἐν
956 3096 1070 3158 τοῖς
1117 3094 1329 3166 ἅρμασί
1382 3113 1499 3162 σου,
1532 3098 1590 3150 ἐν
1622 3097 1774 3169 πλήθη

1951 3093 2011 3148 ιίε
2056 3100 2180 3146 tum.
2217 3089 2285 3145 Et
2337 3097 2636 3159 consurget
2679 3089 2918 3159 perditio
2968 3089 3025 3143 in
3080 3090 3281 3160 popqu
3322 3100 3434 3157 tuo,
3468 3099 3523 3145 et

200 3182 491 3253 δυνάμεώς
517 3200 613 3237 σου
634 3199 647 3212 ·
674 3185 770 3238 καὶ
793 3154 1226 3259 ἐξαναστήσεται
1250 3188 1498 3243 ἀπώλεια
1516 3190 1575 3243 ἐν
1598 3189 1676 3261 τῷ
1696 3154 1772 3243 λαε

1950 3186 2105 3239 ιηιηὶε
2159 3192 2373 3239 murata
2432 3192 2521 3236 tua
2560 3181 2838 3251 peribunt.
2874 3201 2893 3235 ι
2945 3180 3061 3237 Non
3118 3183 3263 3238 enim
3308 3184 3522 3240 modice

200 3292 316 3339 σου,
349 3276 450 3329 καὶ
482 3277 666 3332 πάντα
697 3277 766 3332 τά
796 3281 1313 3352 περιτετειχισμένα
1345 3300 1438 3337 σου
1469 3282 1772 3354 οἰχήσεται.

1948 3278 2072 3332 uisti
2111 3276 2333 3347 impius,
2381 3275 2580 3343 inquit,
2616 3274 2743 3329 dum
2777 3275 2919 3344 ligna
2955 3288 3010 3329 et
3053 3274 3259 3344 lapides
3286 3274 3520 3341 coleres,

197 3369 621 3441 Δεδυσσέόηκας
655 3370 759 3442 μέν
803 3372 912 3444 γὰρ
944 3373 1005 3426 ού
1039 3374 1299 3446 μετρίως,
1335 3375 1491 3445 φησὶ,
1530 3374 1709 3441 ξύλοις
1752 3395 1769 3429 ’ἲ

1950 3384 2218 3439 tuumque,
2254 3380 2310 3423 et
2351 3378 2567 3435 natura,
2620 3374 2676 3422 et
2708 3381 2833 3421 vere
2872 3366 3040 3420 Deum
3076 3366 3237 3439 154
3262 3382 3522 3436 asperna-

198 3460 292 3511 καὶ
322 3459 502 3523 λίθοις
532 3458 934 3531 λελατρευκῶς,
966 3462 1059 3514 καὶ
1102 3462 1195 3515 τὸν
1236 3462 1333 3516 ἕνα
1388 3464 1483 3517 καὶ
1527 3464 1688 3533 φύσει
1719 3482 1770 3521 κς

1951 3462 2079 3518 eris.
2116 3460 2321 3516 Deinde
2362 3459 2506 3515 bello
2546 3458 2934 3529 praznuntiato,
2970 3466 3025 3513 et
3053 3459 3165 3527 jam
3200 3460 3345 3513 intra
3376 3457 3520 3513 fores

196 3549 421 3620 ἀληθῶς
454 3550 734 3619 ἀτιμάσας
768 3551 924 3605 Θεόν.
952 3547 1087 3605 Εἶτα
1112 3553 1208 3606 τοῦ
1237 3554 1477 3624 πολέμου
1509 3556 1768 3627 προηγγεί

1947 3563 2198 3627 versante,
2260 3568 2367 3609 non
2416 3565 2593 3607 meam
2642 3551 2825 3622 potius
2866 3566 3024 3621 opem
3054 3550 3373 3620 flagitastis;
3422 3552 3519 3606 sed

199 3643 390 3713 μένου,
427 3643 728 3714 βεϐηκότος
771 3643 830 3696 δὲ
876 3642 974 3696 καὶ
1011 3644 1193 3699 αὐτῶν
1225 3645 1359 3700 εἴσω
1392 3646 1595 3718 θυρῶν,
1626 3650 1685 3702 ού
1714 3648 1771 3702 τ’)

1950 3646 2133 3699 'iribus
2164 3644 2363 3699 vestris
2399 3651 2454 3699 et
2501 3658 2731 3698 numero
2767 3658 3024 3697 curruum
3081 3643 3297 3707 confisi,
3336 3643 3522 3697 hostes

195 3740 325 3809 παρ’
355 3737 499 3808 ἐμοῦ
527 3738 734 3809 μᾶλλον
764 3736 980 3809 ἐζήτεις
1007 3738 1355 3811 ἐπικουρίαν,
1379 3740 1516 3795 ἀλλά
1540 3744 1659 3806 ταῖς
1682 3744 1767 3798 ἐαι

1945 3738 2291 3794 Iebellaturos
2324 3737 2708 3803 existimastis,
2745 3738 2899 3807 quasi
2934 3736 2998 3791 ad
3020 3739 3127 3792 hoc
3163 3737 3321 3793 vobis
3351 3736 3517 3791 falso-

193 3833 303 3885 τῶν
337 3831 633 3903 δυνάμεσι,
667 3832 765 3888 καὶ
811 3830 889 3901 τῷ
919 3830 1114 3901 πλήθει
1143 3831 1253 3886 τῶν
1279 3833 1545 3904 ἁρμάτων
1577 3834 1765 3907 ἐπεθαι

1947 3846 2043 3885 um
2071 3832 2297 3885 deorum
2333 3828 2487 3884 favor
2514 3830 2888 3900 auxiliumque
2914 3830 3205 3886 sufﬁceret.
3240 3828 3340 3884 llic
3368 3829 3519 3883 vobis

195 3926 439 3995 σήσατε,
495 3924 591 3977 καὶ
640 3924 744 3995 τῆς
793 3923 903 3977 τῶν
957 3923 1235 3995 πολεμίων
1288 3926 1470 3997 ἰσχύος
1512 3929 1767 4003 κρατήσει

1943 3924 2134 3977 'ructus
2194 3921 2429 3975 mendax
2491 3923 2617 3976 erit.
2686 3921 2803 3976 Erit
2870 3924 3015 3977 enim
3072 3924 3271 3992 popqu
3328 3921 3515 3990 pestis.

195 4017 660 4089 ὑπελαμϐάνετε,
698 4016 983 4088 ἀρκούσης
1032 4018 1162 4088 ὑμῖν
1212 4019 1292 4081 είς
1344 4018 1504 4072 τοῦτο
1551 4019 1651 4090 τῆς
1702 4020 1767 4072 τᾶ

1948 4018 2115 4071 tinnis
2138 4022 2317 4069 autem
2357 4014 2586 4069 illustris
2609 4024 2663 4070 et
2686 4016 3117 4071 fortunatissima
3142 4016 3334 4069 civitas
3362 4028 3518 4068 ever-

194 4108 578 4180 ψευδωνύμων
634 4108 775 4163 θεῶν
821 4108 1038 4178 φειδοῦς
1088 4109 1185 4164 καὶ
1230 4112 1575 4182 ἐπικουρίας.
1641 4112 1766 4166 Τοῦπ

1948 4120 2085 4165 etur.
2121 4107 2273 4175 Quod
2303 4104 2451 4160 enim
2496 4106 2639 4162 Deus
2677 4122 2783 4163 non
2821 4106 3049 4172 stabilit,
3096 4105 3252 4175 plane
3298 4112 3520 4159 corruat

198 4206 326 4273 ὑμῖν
366 4203 666 4274 γενήσεται
706 4201 927 4273 καρπὸς
955 4203 1178 4273 ψευδής.
1215 4204 1408 4257 Ἔσται
1450 4206 1560 4275 γὰρ
1591 4204 1770 4277 ὄλεθρε

706 4201 927 4273 καρπὸς
955 4203 1178 4273 ψευδής.
1215 4204 1408 4257 Ἔσται
1450 4206 1560 4275 γάρ
1591 4204 1812 4277 ὄλεθρος
1920 4218 2142 4260 necesse
2168 4211 2268 4258 est.

198 4302 341 4355 κατὰ
370 4300 483 4353 τῶν
520 4298 689 4352 λαῶν.
725 4298 885 4352 Πᾶσά
914 4314 972 4351 τε
1004 4297 1236 4369 λαμπρὰ
1292 4298 1384 4351 κα)⁵
1436 4298 1805 4369 εὐτυχεστάττι
1848 4297 2337 4368 κατασεισθήσεται
2365 4293 2540 4359 πόλις.
2588 4294 2655 4347 Ὃ
2676 4291 2785 4363 γὰρ
2841 4290 2940 4363 οὐχ
2966 4291 3150 4360 ἵστησι
3169 4287 3516 4359 Θεὸς,πάντη

194 4409 252 4444 τε
304 4394 399 4445 καὶ
432 4392 656 4456 πάντως
684 4394 957 4445 πεσεῖται.

265 4484 531 4554 Λεγέσθω
559 4485 623 4556 δὴ
654 4484 829 4539 ταῦτα
859 4485 955 4538 καί
984 4484 1121 4556 πρὸς
1150 4485 1333 4556 ἡμῶν,
1363 4487 1564 4557 μᾶλλον
1586 4488 1641 4542 δέ
1662 4487 1815 4561 παρά

1994 4485 2249 4542 Dicamus
2292 4499 2390 4541 nos
2435 4483 2552 4539 INBC
2580 4480 2767 4549 etiam,
2792 4478 2898 4534 imo
2926 4476 3068 4532 Deus
3108 4476 3193 4531 his
3219 4476 3310 4546 qui
3363 4490 3513 4531 asse-

194 4578 353 4645 Θεοῦ,
386 4582 503 4642 τοῖς
537 4578 926 4650 προσεδρεύειν
954 4578 1200 4632 ἐθέλουσι
1246 4582 1360 4644 τοῖς
1391 4581 1626 4645 ἀνοσίοις
1654 4584 1766 4654 αἱρε

1944 4586 2137 4631 tantur
2187 4576 2382 4645 impios
2441 4571 2751 4635 hatreticos,
2801 4578 2856 4625 et
2913 4581 2973 4622 se
3029 4566 3200 4621 teneri
3262 4566 3516 4635 cupidine

194 4674 388 4737 τικοῖς,
425 4673 524 4725 καὶ
560 4672 834 4743 μαθητιᾷν
869 4672 1321 4743 ὑποκρινομένοις
1354 4673 1423 4725 τὰ
1461 4674 1543 4737 εἰς
1577 4673 1766 4746 ζωήνοι

1940 4669 2161 4725 liscendi
2195 4670 2261 4722 ad
2292 4668 2477 4732 vitam,
2510 4672 2567 4719 et
2598 4662 2945 4733 prudentiam
2982 4656 3309 4729 pertinentia
3343 4658 3512 4712 simu-

195 4766 288 4818 καὶ
319 4765 564 4818 σύνεσιν.
594 4759 757 4818 υῦτοι
780 4763 1221 4835 παρασιωπῶσιν
1259 4763 1540 4819 ἀσέϐειαν.
1559 4766 1767 4837 Ἀνέχοκ

1943 4769 2053 4814 aut.
2124 4757 2189 4813 lli
2249 4765 2435 4812 tacent
2496 4754 2867 4824 impietatem;
2922 4765 3079 4820 atquo
3136 4751 3279 4803 enim
3332 4750 3515 4803 animo

195 4878 281 4913 ται
310 4860 424 4931 γάρ
456 4858 893 4928 δυσφημούντων
928 4856 1240 4921 ἀκούοντες,
1288 4857 1381 4911 καί
1421 4875 1503 4910 τοι
1547 4857 1767 4930 πλείστη

1944 4851 2313 4905 naledicentes
2360 4846 2612 4912 audiunt,
2661 4860 2785 4901 cum
2830 4857 2926 4898 eos
2974 4842 3347 4912 maximopere
3384 4858 3516 4897 con-

196 4955 323 5024 Ξητην
368 4952 686 5022 ὀφείλοντες
716 4951 816 5022 τὴν
849 4952 971 5003 κατ’
1005 4950 1183 5005 αὐτῶν
1219 4950 1496 5005 ποιεῖσθαι
1524 4952 1768 5025 κατάρρτ

1937 4943 2183 4996 ieiunare
2236 4941 2490 4995 debeant.
2538 4937 2841 5005 Partieipes
2895 4935 3061 5005 igitur
3113 4944 3274 4989 crunt
3320 4948 3509 4989 eorum

195 5064 295 5099 σιν.
336 5044 651 5111 Μεθέξουσι
694 5043 759 5115 δὴ
804 5039 898 5097 οῦν
941 5043 1042 5114 τῆς
1086 5043 1297 5096 ἑαυτῶν
1328 5044 1684 5115 συμϐουλίας,
1717 5062 1767 5098 κι

1941 5036 2156 5101 onsilii,
2209 5043 2263 5089 et
2322 5031 2631 5102 iniquitatis
2680 5029 2894 5083 fructus
2935 5034 3160 5081 metent.
3214 5025 3513 5082 Comcdent

194 5134 318 5196 τοὺς
349 5133 455 5202 τῆς
499 5130 715 5194 ἀδικίας
749 5129 1060 5203 ἐκθεριοῦσι
1095 5131 1367 5201 καρπούς.
1399 5134 1672 5202 Φάγονται
1702 5134 1766 5202 γά

1938 5130 2057 5181 enim
2101 5127 2416 5181 mendacem
2457 5124 2720 5187 fructum,
2752 5122 2995 5192 spuriam
3037 5130 3092 5175 et
3120 5119 3510 5190 explodendam

195 5225 386 5295 ψευδῆ,
418 5224 587 5292 νόθην
618 5224 712 5276 καὶ
739 5205 1050 5293 άπύίῐλητον
1102 5222 1385 5293 δεχόμενοι
1417 5225 1641 5293 γνῶσιν,
1669 5224 1767 5278 διδι

1942 5218 2200 5273 cientiam
2259 5215 2651 5285 suscipientes,
2694 5212 3065 5277 docentesque
3112 5220 3400 5276 perversa,
3457 5212 3510 5257 et

198 5317 456 5388 σχόμενοι
491 5333 553 5369 τε
586 5315 655 5369 τὰ
681 5315 1116 5387 διεστραμμένα,
1148 5316 1244 5369 καὶ
1287 5317 1388 5370 ὅσα
1416 5316 1516 5388 τῆς
1552 5316 1770 5388 ἀληθεία

1937 5314 2111 5385 [uibus
2142 5310 2393 5366 veritatis
2437 5306 2903 5378 pulchritudinem
2956 5301 3268 5356 adulterare
3306 5312 3509 5354 conan-

194 5412 251 5464 τὸ
279 5411 483 5473 κάλλος
516 5410 968 5479 παραχαράττειν
1008 5409 1434 5479 ἐπιχειρεῖ.”οτι
1478 5408 1537 5461 δὲ
1580 5410 1674 5463 καὶ
1710 5411 1766 5463 αἱ

1940 5423 2023 5461 ur.
2069 5404 2242 5461 Porro
2277 5414 2332 5459 et
2379 5404 2592 5458 illorum
2643 5400 3018 5457 fortitudinem
3073 5397 3183 5448 Deo
3230 5401 3512 5448 evertenle

195 5501 300 5555 τῶν
346 5503 504 5554 πᾶσα
559 5502 810 5552 πεσεῖται
853 5498 1105 5568 δύναμις,
1136 5498 1272 5552 Θεοῦ
1307 5499 1767 5572 καταστρέφοντος

1936 5513 2201 5565 :asuram,
2259 5507 2314 5552 et
2372 5497 2425 5551 in
2487 5506 2696 5565 pestem
2758 5500 2924 5561 atque
2973 5486 3203 5543 exitium
3263 5484 3508 5541 abituros

196 5592 514 5663 οἰχήσονται
550 5588 608 5641 δὲ
642 5589 734 5642 καὶ
758 5589 839 5652 εἰς
873 5587 1097 5659 ὀλεθρον
1154 5589 1251 5643 καὶ
1273 5588 1571 5647 ἀπώλειαν.
1598 5590 1715 5654 πῶς
1739 5591 1768 5643 ἃ

978 5587 1097 5659 ἆρον
1154 5589 1251 5643 καὶ
1273 5588 1571 5647 ἀπώλειαν.
1598 5590 1715 5654 πῶς
1739 5591 1806 5643 ἂν
1916 5591 2275 5648 dubitandum
2308 5602 2413 5644 non
2448 5593 2550 5643 est.

200 5684 495 5739 ἑνδοιάσειέ
527 5700 612 5745 τις
634 5700 648 5745 ;

266 5779 285 5809 τ
312 5780 488 5834 Exod.
524 5794 616 5843 xx,
646 5780 699 5833 5.
778 5775 997 5833 'Levit.
1034 5792 1182 5846 xm,
1221 5777 1273 5833 l.
