3982 6456
463 320 571 379 9.59

490 398 513 421 ἢ
538 441 703 496 Vens.
745 438 833 501 Η,
869 436 955 491 15.
1009 432 1158 489 Sicut
1205 429 1442 498 princeps
1480 425 1768 481 Salmanac
1797 430 1861 481 de
1899 426 2054 480 domo
2084 434 2127 489 Α

467 532 779 598 Hierobaul,
831 533 889 584 in
929 527 1110 581 diebus
1155 523 1272 578 belli
1318 530 1539 574 matrem
1579 536 1735 587 super
1759 520 1900 589 ﬁlios
1943 519 2054 574 solo

465 627 663 691 allisil;
691 624 765 679 sic
799 622 997 692 faciam
1020 619 1180 684 vobis,
1209 617 1395 670 domus
1417 611 1611 679 Israel,
1640 628 1672 665 a
1702 612 1838 683 [acie
1861 612 2056 682 iniqui-

466 722 592 775 tatis
620 718 977 789 nequitiarum
1007 723 1324 768 vestrarum.

535 808 776 866 CXXIII.
824 806 883 862 In
934 807 1073 860 libro
1120 801 1370 857 Iudicum
1425 798 1693 859 refertur.
1753 797 2055 855 declinasse

465 899 634 955 Israel
700 906 823 968 post
877 894 1080 948 Baalim
1127 890 1437 960 aliquando.
1492 889 1611 955 Quo
1667 888 1870 943 scelere
1927 902 2051 942 cum

467 992 636 1047 Deum
685 988 1057 1049 oll‘endisseut,
1092 983 1282 1038 traditi
1331 989 1455 1035 sunt
1507 981 1561 1035 in
1606 994 1797 1035 manus
1842 977 2053 1032 Madian

468 1086 537 1141 ad
598 1083 936 1152 septennium
985 1082 1276 1149 integrum.
1323 1078 1475 1132 Adeo
1533 1085 1711 1129 autem
1761 1072 2058 1128 inclemen-

470 1184 551 1231 tes
615 1174 867 1228 dominos
918 1176 1230 1234 senserunt,
1283 1175 1344 1221 ut
1390 1165 1553 1222 etiam
1611 1174 1766 1219 antra
1814 1170 1870 1218 et
1931 1177 2056 1231 spe-

471 1262 660 1322 luncas
707 1264 1060 1327 habitarent,
1105 1268 1161 1315 et
1205 1262 1257 1314 in
1314 1274 1408 1313 eas
1458 1272 1519 1313 se
1564 1258 1861 1321 abdentes,
1915 1270 2058 1325 aegre

470 1363 636 1415 vitam
667 1364 973 1418 tuerentur,
1010 1354 1364 1422 locorumque
1387 1349 1733 1407 difficultates
1760 1349 2059 1420 pro'muris

470 1470 564 1509 seu
609 1449 1029 1522 propugnaculis
1075 1446 1437 1514 objectarent,
1484 1445 1627 1515 quod
1674 1442 1907 1499 faustam
1956 1457 2057 1511 pu-

469 1560 628 1615 gnam
655 1544 874 1596 mnnino
906 1539 1325 1610 desperarent’.
1355 1536 1715 1607 Contingebat
1740 1535 1904 1605 igitur
1927 1551 2058 1590 con-

469 1647 757 1691 currentes
807 1648 931 1687 cum
987 1630 1299 1685 Madianitis
1350 1628 1644 1683 crudeliter
1692 1628 1948 1691 interﬁci,
2001 1634 2062 1682 ut

468 1744 592 1780 cum
622 1725 836 1782 miseris
870 1725 1137 1778 matribus
1166 1720 1401 1777 infantes
1426 1735 1641 1791 quoque
1671 1720 1817 1774 omni
1844 1719 2056 1777 sublata

1491 309 1547 364 S.
1591 306 1869 362 CYBILLI
1912 300 2381 361 ALEXANDRINI
2425 299 2747 357 ARCHIEP.

3638 298 3747 354 260

2241 425 2335 489 Ὡς
2371 423 2574 494 ἅρχων
2620 423 2944 492 Σαλμανὰκ
2977 421 3046 475 ἐκ
3075 419 3184 475 τοῦ
3215 417 3389 474 οἴκου
3428 419 3534 475 τοῦ
3580 418 3755 488 Ἰερο-

2162 516 2336 581 Eadm,
2369 517 2439 571 ἐν
2489 515 2736 585 ἡμέραις
2780 513 3050 585 πολέμου
3099 511 3322 583 μητέρα
3376 512 3477 566 ἐπὶ
3520 511 3757 580 τέκνοις

2158 610 2441 680 ἠδάερισε’
2471 610 2662 676 οὕτως
2692 608 2927 676 ποιήσω
2952 607 3114 677 ὑμῖν,
3152 607 3317 673 οἶκος
3336 606 3443 661 τοῦ
3478 605 3754 676 Ἰσραὴλ,

2159 700 2280 757 ἀπὸ
2318 701 2647 771 προσώπου
2669 700 2906 766 ἀδικίας
2935 699 3161 754 κακιῶν
3196 697 3384 769 ὑμῶν.

2231 794 2405 849 ΡΚΓ¹.
2458 794 2547 847 Ἐν
2596 796 2662 864 τῇ
2700 793 2870 863 βίϐλῳ
2903 793 3213 864 γέγραπται
3256 790 3365 846 τῶν
3406 790 3652 862 Κριτῶν,
3684 788 3760 854 ὡς

2161 882 2401 948 ἐξέκλινε
2426 883 2526 954 μὲν
2553 885 2582 937 6
2613 882 2830 956 Ἰσραὴλ
2857 880 3035 936 ὀπίσω
3061 881 3307 952 Βααλεὶμ
3338 881 3481 935 κατὰ
3503 879 3759 950 καιρούς,

2159 975 2431 1049 Ταύτῃτοι
2463 975 2581 1046 Θεῷ
2617 974 3120 1048 προσκεκρούκασι.
3149 973 3550 1043 Παραδέδονται
3579 972 3636 1026 δὲ
3665 974 3762 1028 καὶ

2160 1066 2242 1130 είς
2271 1068 2461 1137 χεῖρας
2502 1066 2755 1137 Μαδιάμ,
2786 1065 2875 1134 ἐφ’
2899 1064 3043 1129 ὅλοις
3074 1064 3255 1117 ἐτεσιν
3280 1064 3441 1118 ἑπτά.
3460 1064 3671 1135 Ἀπηνῆ
3702 1064 3762 1119 δὲ

2159 1155 2333 1220 οὓτως
2391 1157 2848 1229 ύπομεμενήκασι
2901 1157 3002 1226 τὴν
3051 1158 3115 1209 ἐκ
3173 1156 3283 1210 τῶν
3336 1156 3761 1228 κεκρατηκότων

2162 1246 2499 1314 πλεονεξίαν,
2530 1248 2606 1312 ὡς
2633 1248 2735 1320 ἤδη
2789 1248 2884 1302 καὶ
2918 1249 3127 1319 πέτρας
3155 1250 3326 1302 οἰκεῖν
3356 1249 3452 1302 καὶ
3488 1247 3760 1313 σώζεσθαι

2163 1341 2336 1412 μόλις,
2383 1342 2442 1394 ἐν
2494 1342 2685 1405 αὐταῖς
2730 1341 3187 1412 καταδυομένους,
3240 1343 3335 1395 καὶ
3390 1342 3762 1414 προτείχισμα

2160 1432 2430 1487 ποιεῖσθαι
2462 1432 2562 1497 τὰς
2593 1430 2920 1502 δυσχωρίας,
2952 1430 3041 1485 διά
3074 1449 3156 1485 τοι
3189 1431 3248 1485 τὸ
3288 1431 3566 1496 παντελῶς
3599 1433 3764 1489 ἀπει-

2159 1527 2282 1578 πεῖν
2326 1525 2465 1597 πρὸς
2499 1525 2701 1597 μάχην.
2736 1525 3062 1597 Συμϐἑϐηκε
3103 1525 3283 1579 τοίνυν
3313 1525 3479 1597 ὠμῶς
3512 1527 3762 1599 ἀναιρεῖ-

2161 1615 2286 1670 σθαι
2324 1617 2453 1680 τοὺς
2491 1616 2865 1687 ἐμπίπτοντας
2910 1617 3024 1679 τοῖς
3070 1615 3447 1687 Μαδιηναίοις,
3476 1615 3623 1669 ὥστε
3665 1617 3763 1671 καὶ

2159 1709 2373 1772 ἀθλίαις
2404 1708 2646 1780 μητράσι
2697 1708 3101 1764 συνδι6λλυσθαι
3142 1708 3333 1773 τέκνα,
3368 1708 3584 1779 φειδοῦς
3623 1710 3765 1764 άπά-

438 1842 442 1847 α
472 1817 849 1872 misericordia
879 1817 1142 1886 perirent.
1173 1814 1374 1868 Eorum
1401 1813 1675 1881 principes
1707 1821 1864 1867 erant
1892 1811 2057 1878 Oreb,

2169 1818 2266 1872 σης
2295 1796 2881 1873 ἐξῃρημένηςέἯρχον
2914 1801 2970 1855 δὲ
2998 1801 3179 1855 αὐτῶν
3209 1801 3377 1874 Ὦρήϐ
3405 1820 3465 1857 τε
3501 1802 3597 1857 καὶ
3621 1803 3759 1872 Ζὴό,

470 1919 521 1961 et
563 1908 673 1961 Zeb
699 1907 765 1970 ⁸ο,
800 1917 855 1961 et
878 1905 1076 1968 Zebee,
1125 1913 1179 1961 et
1218 1901 1561 1958 Salmana“.
1605 1903 1927 1957 Pcrduravit
1961 1918 2059 1955 an-

475 2009 579 2052 tem
609 1998 913 2064 calamitas,
946 1998 1119 2053 donec
1148 2010 1514 2052 aerumnosum
1546 1992 1796 2048 lsraelem
1832 1993 2061 2047 misera-

475 2103 561 2147 tus
594 2094 754 2158 Deus,
786 2091 1047 2145 excitavit
1082 2089 1415 2154 Gedeonem,
1455 2088 1545 2157 qui
1578 2095 1631 2140 et
1665 2103 1691 2139 ιι
1726 2095 1878 2156 patre
1913 2093 1967 2141 et
1995 2085 2062 2140 ab

473 2181 742 2252 indigenis
780 2180 886 2235 alio
936 2181 1155 2235 nomine
1198 2180 1373 2235 dictus
1426 2189 1511 2234 est
1563 2178 1874 2241 Hierobaal,
1903 2175 2060 2248 155

473 2276 544 2331 ob
583 2290 802 2329 causam
855 2274 1183 2329 istiusmodi.
1225 2273 1360 2329 Cum
1403 2272 1451 2328 ei
1506 2271 1650 2329 Deus
1697 2287 1796 2342 per
1841 2271 2060 2326 oracula

474 2366 717 2435 angelica
765 2368 837 2420 ita
881 2366 1256 2436 praecepisset,
1303 2379 1454 2419 aram
1496 2361 1625 2418 Baal
1675 2363 1963 2429 destruxit,
2007 2370 2063 2418 et

474 2455 654 2510 lucum
707 2455 826 2527 eius
866 2456 1119 2521 succidit,
1152 2454 1315 2524 idque
1366 2454 1505 2508 clam
1550 2463 1606 2509 et
1648 2463 1834 2509 noctu.
1866 2453 2064 2510 Incolae

472 2545 716 2617 oppidnli
747 2545 835 2603 ubi
869 2547 1046 2617 primo
1079 2545 1315 2602 diluculo
1340 2547 1515 2601 sacris
1539 2561 1637 2616 pro
1670 2561 1824 2603 more
1858 2546 2063 2603 facien-

475 2639 560 2693 dis
587 2638 653 2693 ad
692 2653 884 2692 nemus
915 2643 1325 2699 convenerunt,
1365 2636 1548 2704 ibique
1600 2635 1729 2689 Baal
1769 2643 1824 2691 et
1867 2650 2063 2690 nemus

474 2746 637 2800 super
669 2744 792 2784 eum
844 2730 1093 2799 illapsum
1140 2734 1563 2796 conspexerunt,
1623 2727 1747 2782 inde
1791 2724 2064 2782 Gedeonis

476 2826 716 2880 studium
754 2838 883 2892 erga
922 2822 1090 2877 Deum
1130 2822 1508 2891 conjicientes,
1542 2820 1718 2889 eidem
1762 2820 1925 2891 hujus
1980 2818 2061 2874 rei

477 2930 698 2971 causam
752 2915 1148 2984 ascripserunt.
1199 2912 1405 2967 Deinde
1452 2921 1722 2967 convento
1754 2910 1873 2981 ejus
1913 2920 2067 2981 patre

479 3008 777 3063 dixerunt:
812 3026 831 3059 ι
868 3005 944 3059 Da
988 3004 1144 3060 nobis
1191 3003 1361 3059 ﬁlium
1422 3013 1593 3069 tuum,
1643 3011 1704 3057 ut
1754 3001 2066 3057 occidamus

479 3117 627 3160 eum.
661 3100 788 3171 quia
824 3098 1096 3155 destruxit
1128 3096 1259 3152 Baal
1284 3098 1350 3152 ".
1380 3113 1398 3147 ι
1441 3095 1522 3149 Ad
1560 3095 1677 3150 haec
1714 3092 1802 3149 ille
1831 3112 1843 3147 :
1880 3112 1899 3145 ι
1928 3090 2063 3147 Num

477 3209 598 3258 vos,
637 3192 836 3262 inquit,
869 3191 1195 3247 ulciscimini
1239 3189 1403 3243 Baal?
1433 3191 1477 3243 si
1511 3189 1654 3243 Deus
1682 3197 1788 3250 est,
1827 3185 2063 3240 ulcisca-
2092 3163 2135 3219 (ἶ

479 3297 570 3341 tur
606 3302 667 3342 se
710 3285 778 3340 de
814 3299 879 3340 eo
915 3285 1008 3354 qui
1057 3283 1327 3339 destruxit
1366 3282 1515 3335 illum
1543 3280 1609 3332 ".
1643 3299 1661 3332 ι
1698 3277 1822 3333 Inde
1867 3291 2066 3347 cogno-

479 3394 604 3433 men
634 3376 835 3431 mansit
862 3373 1100 3430 Gedeoni
1143 3372 1434 3428 Hierobaal
1468 3390 1480 3425 :
1510 3371 1653 3441 quod
1702 3377 1880 3430 sonat,
1930 3385 1949 3418 ι
1982 3365 2066 3420 ul-

479 3471 718 3525 ciscatur
766 3482 826 3523 se
874 3467 1024 3522 Baal.
1053 3485 1071 3519 ι
1133 3467 1287 3522 Sicut
1333 3466 1498 3536 igitur
1541 3462 1823 3524 Salmana,
1868 3460 2062 3529 inquit,

479 3562 898 3619 Madianitarum
929 3565 1058 3627 dux,
1096 3562 1165 3616 de
1204 3561 1365 3614 domo
1400 3557 1697 3622 Gedeonis,
1734 3555 1850 3609 sive
1883 3552 2066 3607 Hiero-

478 3656 600 3712 haal
636 3665 868 3711 matrem
905 3671 1026 3709 cum
1061 3653 1189 3709 ﬁliis
1226 3653 1429 3718 allisit;
1468 3650 1659 3705 eodem
1702 3646 1861 3702 modo
1899 3647 2067 3718 Assy-

479 3748 688 3803 riorum
712 3746 817 3802 dux
861 3744 1124 3800 atrociter
1158 3753 1214 3798 et
1255 3741 1587 3805 nnmaniter,
1621 3739 1869 3809 citraque
1901 3736 2063 3790 ullam

479 3839 909 3896 misericordiam
953 3837 1093 3892 bello
1129 3850 1226 3891 vos
1259 3834 1534 3901 tractabit,
1573 3841 1911 3902 matremque
1942 3844 2065 3886 cum

479 3931 669 3988 liberis
719 3931 922 3987 allidet.
975 3929 1241 3984 Evenient
1280 3936 1461 3982 autem
1498 3927 1651 3983 vobis
1696 3928 1797 3981 ista
1845 3933 2069 3994 pr0pter

480 4022 752 4093 nequitias
797 4031 1030 4076 vestras.
1080 4018 1241 4074 Punit
1283 4019 1429 4075 enim
1491 4033 1599 4072 non
1649 4027 1855 4073 temere
1886 4013 2070 4081 justus

473 4112 642 4183 judex
671 4113 1050 4169 universorum
1087 4112 1270 4179 Deus;
1306 4110 1399 4167 sed
1432 4110 1478 4165 si
1518 4109 1661 4164 ultra
1695 4107 1912 4163 modum
1946 4118 2070 4160 sese

479 4205 869 4261 ofl'endentium
943 4204 1143 4259 delicta
1208 4199 1592 4270 perrexerint,
1665 4208 1792 4252 tunc
1852 4197 2067 4251 demum

481 4297 653 4352 iratus
694 4312 792 4367 pro
837 4296 1088 4363 portione
1132 4291 1460 4362 supplicium
1515 4289 1743 4359 irrogat.
1795 4288 1850 4342 Si
1905 4286 2071 4358 igitur

479 4406 800 4447 aversantur
834 4390 994 4452 iram,
1041 4400 1141 4458 par
1184 4394 1269 4439 est
1304 4384 1513 4452 utique,
1549 4397 1649 4439 nos
1680 4382 1847 4438 etiam
1877 4395 2070 4452 pecca-

482 4489 593 4535 tum
647 4477 889 4535 aversari
971 4484 1029 4531 et
1105 4471 1248 4527 nolle
1301 4471 1541 4526 divinam
1614 4471 2072 4542 mitissimamque

482 4584 730 4629 naturam
766 4573 835 4628 ad
868 4569 1297 4641 indignationem
1327 4567 1477 4622 velut
1510 4579 1796 4633 exacuere,
1826 4575 1880 4623 et
1907 4563 2070 4620 l'orsi-

482 4674 572 4720 tan
616 4667 843 4721 invitam
872 4677 1088 4734 quoque
1123 4659 1391 4718 scelerum
1423 4660 1645 4716 diritate
1676 4660 1783 4715 huc
1823 4658 2063 4729 adigere.

482 4757 778 4814 Sciendum
804 4765 986 4811 autem
1010 4763 1449 4826 antegressorum
1473 4755 2066 4825 explanatorumquos-

480 4849 603 4904 dam
648 4847 915 4913 scribere,
965 4859 1073 4901 non
1128 4845 1428 4917 principem
1478 4846 1897 4903 Madianitarum
1944 4844 2066 4899 Salo

482 4955 642 4996 mana
675 4948 905 4994 matrem
934 4953 1056 4994 cum
1091 4937 1218 4995 ﬁliis
1242 4938 1474 4996 allisisse
1501 4954 1534 4996 e
1560 4939 1722 4996 domo
1747 4937 2061 5003 Hierobaal,

480 5034 596 5091 sive
626 5032 793 5087 Israel
828 5030 882 5102 (α
939 5031 1171 5090 ducibus
1223 5033 1368 5089 enim
1426 5033 1699 5090 interdum
1740 5032 2067 5088 universitas

479 5122 866 5194 signiﬁcatur),
922 5123 1016 5178 sed
1058 5133 1243 5179 contra
1292 5123 1474 5193 potius
1525 5122 1580 5178 in
1614 5123 1777 5177 domo
1812 5120 2066 5176 Salmana

478 5214 787 5270 Gedeonem
835 5213 1067 5270 allisisse
1102 5222 1332 5269 matrem
1364 5229 1488 5270 cum
1541 5213 1747 5269 liberis.
1792 5210 1898 5268 Sed
1948 5229 2069 5268 me-

482 5306 584 5362 lius
616 5316 671 5361 et
720 5305 1136 5361 convenientius
1186 5305 1372 5370 fuerit,
1420 5306 1496 5360 uti
1535 5319 1680 5374 reor,
1726 5305 1858 5362 illud
1901 5319 2065 5375 quam

481 5396 642 5451 istuc.
700 5395 858 5452 Sicut
918 5398 1063 5452 eitim
1129 5407 1373 5467 tempore
1422 5399 1549 5464 illo,
1604 5413 1713 5468 quo
1772 5397 1940 5454 Israel
1998 5397 2064 5452 ad

482 5485 697 5540 Baalim
729 5488 1040 5556 declinavit,
1074 5489 1214 5557 apud
1258 5502 1351 5543 eos
1384 5488 1477 5542 lilii
1507 5504 1630 5543 cum
1666 5489 1931 5544 matribus
1970 5505 2067 5560 per

485 5594 676 5634 manus
724 5580 1154 5649 alienigenarum
1215 5580 1354 5636 allisi
1402 5590 1529 5635 sunt
1579 5600 1592 5636 :
1645 5582 1725 5636 sic
1784 5592 1839 5636 et
1892 5598 2064 5648 nunc,

2161 1893 2257 1948 xui.
2286 1893 2473 1960 Ζεϐεὲ,
2499 1895 2593 1949 καὶ
2617 1895 2899 1968 Σαλμανά.
2934 1894 3294 1966 Παρετείνετο
3319 1894 3377 1948 δὲ
3407 1895 3476 1948 τά
3498 1895 3598 1967 τῆς
3621 1912 3763 1967 συμ-

2162 1989 2335 2059 φορᾶς
2384 1989 2547 2060 ἄχρις
2593 1989 2660 2043 ἂν
2709 1988 3093 2060 κατοικτείρας
3138 1988 3269 2053 Θεὸς
3302 1987 3763 2059 ταλαιπωροῦντα

2160 2080 2252 2134 τὸν
2267 2082 2507 2154 Ἰσραὴλ,
2540 2081 2731 2155 ἤγειρε
2754 2081 2845 2137 τὸν
2865 2081 3094 2148 Γεδεὼν,
3128 2081 3186 2147 ὃς
3211 2083 3306 2136 καὶ
3339 2082 3762 2153 μετωνόμασται

2162 2178 2317 2249 παρά
2361 2196 2421 2231 τε
2470 2178 2564 2232 τοῦ
2609 2177 2815 2251 πατρὸς
2864 2178 2958 2232 καὶ
3002 2177 3113 2234 τῶν
3163 2177 3446 2250 ἐγχωρίων
3480 2177 3762 2249 Ἰεροϐάαλ

2161 2269 2229 2323 δι’
2255 2269 2435 2324 αἰτίαν
2480 2268 2756 2339 τοιαύτην.
2804 2270 3128 2342 Χρήσαντος
3178 2268 3278 2340 μὲν
3324 2268 3434 2342 γὰρ
3473 2269 3625 2340 αὐτῷ
3661 2269 3760 2323 τοῦ

2162 2359 2299 2414 Θεοῦ
2352 2360 2440 2415 διὰ
2492 2362 2678 2433 φωνῆς
2725 2361 2983 2431 ἀγγέλου,
3018 2360 3237 2416 καθεῖλε
3283 2361 3383 2432 τὴν
3429 2361 3632 2432 στήλην
3665 2360 3759 2415 τοῦ

2161 2452 2335 2517 Βάαλ,
2379 2454 2476 2509 καὶ
2504 2454 2567 2509 τὸ
2596 2453 2761 2519 ἄλσος
2786 2452 2950 2508 αὑτοῦ
2981 2451 3206 2525 ἐξέκοψε
3234 2452 3536 2526 λεληθότως
3563 2452 3661 2507 καὶ
3704 2453 3762 2507 ἐν

2162 2547 2339 2600 νυκτί.
2360 2546 2578 2619 Ἐπειδὴ
2612 2546 2671 2600 δὲ
2697 2548 2747 2601 oi
2783 2549 2884 2619 τῆς
2925 2546 3188 2619 πολίχνης
3231 2547 3516 2620 οἰκήτορες
3543 2546 3613 2601 τὰ
3638 2563 3764 2601 συν-

2164 2639 2273 2712 ήθη
2302 2638 2640 2712 πληροῦντες
2668 2639 2785 2721 ὑπὸ.
2801 2639 2900 2712 τὴν
2942 2639 3018 2694 ἓω
3052 2638 3468 2705 σπουδάζοντες,
3505 2638 3762 2711 παρῆσαν

2165 2734 2235 2787 ἐν
2270 2733 2350 2805 τῷ
2405 2733 2644 2804 τεμένει,
2673 2734 2768 2788 καὶ
2820 2734 3268 2805 κατεῤῥιμμένον
3332 2732 3619 2787 τεθέανται
3669 2732 3762 2788 τὸν

2168 2822 2339 2884 Βάαλ.
2380 2825 2475 2878 καὶ
2521 2824 2613 2878 τὸν
2658 2824 2866 2896 δρυμὸν
2897 2826 2983 2879 ἐπ’
3013 2824 3163 2897 αύτῷ
3219 2824 3572 2892 πεπτωκότα,
3628 2843 3762 2881 κατ-

2165 2916 2522 2987 εστοχάζοντο
2546 2919 2646 2988 τῆς
2668 2915 2764 2970 τοῦ
2790 2916 2999 2972 Γεδεὼν
3033 2918 3133 2991 ἤδη
3171 2918 3470 2990 φιλοθεῖας,
3494 2919 3591 2974 καὶ
3614 2918 3762 2991 αὐτῷ

2165 3005 2261 3063 τοῦ
2306 3007 2635 3080 πράγματος
2679 3008 2998 3080 ἐπέγραφον
3032 3010 3132 3073 τὰς
3165 3009 3367 3075 αἰτίας.
3402 3007 3537 3065 Εἶτα
3589 3028 3762 3084 προσ-

2167 3097 2340 3171 ῄεσαν
2373 3098 2450 3170 τῷ
2481 3101 2671 3172 πατρὶ,
2709 3099 2961 3169 λέγοντες
2984 3117 2998 3133 ’
3040 3120 3058 3152 ι
3089 3102 3188 3165 Δὸς
3222 3102 3315 3155 τὸν
3368 3103 3485 3156 υίὸν
3532 3120 3650 3170 σου,
3678 3103 3765 3159 ἵνα

2166 3190 2582 3262 ἀποκτείνωμεν
2628 3191 2814 3254 αὐτὸν,
2849 3192 2930 3246 ὅτι
2979 3191 3196 3247 καθεῖλε
3233 3192 3326 3247 τὸν
3365 3193 3535 3249 Βάαλ.
3570 3213 3589 3246 ι
3620 3194 3767 3268 Πρὸς

2166 3279 2340 3335 ταῦτα
2390 3283 2631 3347 ἐκεῖνος·
2694 3302 2714 3337 ι
2744 3282 2837 3355 Μὴ
2883 3284 3063 3357 ὑμεῖς,
3096 3285 3284 3358 φησὶν,
3315 3287 3633 3358 ἐκδικήσετε
3675 3289 3770 3343 τὸν

2168 3372 2350 3440 Βάαλς
2401 3376 2450 3428 εί
2491 3375 2626 3440 Θεός
2656 3376 2796 3444 ἐστι,
2825 3376 3144 3433 δικασάσθω
3174 3379 3313 3452 πρὸς
3346 3379 3436 3434 τὸν
3462 3381 3769 3438 καθελόντα

2167 3466 2352 3523 αὐτόν.
2386 3487 2404 3521 ι
2453 3468 2767 3523 Κάντεῦθεν
2827 3469 3034 3526 Γεδεὼν
3097 3474 3515 3545 μετωνόμασται
3580 3475 3771 3534 λοιπὸν

2179 3558 2481 3631 Ἰεροϐάαλ,
2514 3560 2544 3615 6
2572 3561 3014 3634 διερμηνεύεται,
3057 3584 3075 3617 ι
3109 3566 3434 3622 Δικασάσθω
3474 3570 3502 3623 6
3533 3570 3708 3627 Βάαλ.
3747 3591 3766 3625 ι

2170 3647 2386 3722 Ὥσπερ
2419 3646 2534 3716 οὖν,
2560 3652 2750 3722 φησὶν,
2778 3654 2808 3707 6
2831 3653 3093 3725 Σαλμανὰ
3119 3658 3219 3728 τῆς
3249 3657 3601 3731 Μαδιηναίων
3629 3660 3764 3733 πλη-

2168 3740 2296 3807 θύος
2321 3744 2349 3796 6
2377 3742 2812 3815 καθηγούμενος,
2846 3747 2910 3800 ἐκ
2944 3744 3038 3801 τοῦ
3072 3749 3222 3804 οῐκου
3258 3750 3485 3819 Γεδεὼν,
3515 3755 3639 3826 ἦτοι
3673 3752 3770 3809 τοῦ

2180 3836 2459 3908 Ἰεροδάαλ
2506 3837 2719 3909 μητέρα
2764 3839 2857 3892 ἐπὶ
2905 3841 3119 3906 τέκνοις
3159 3843 3420 3914 ήδάφισε,
3464 3847 3558 3902 τὸν
3601 3849 3773 3906 αὐτὸν

2168 3929 2381 3984 τουτονὶ
2410 3931 2613 4002 τρόπον
2644 3929 2754 3983 τῶν
2790 3930 3090 4004 ’Λσσυρίων
3142 3937 3171 3989 6
3222 3938 3528 4008 στρατηγὸς
3572 3939 3768 4011 ὠμῶς,

2168 4021 2265 4076 καὶ
2302 4021 2709 4094 ἀπανθρώπως,
2738 4026 2833 4079 καὶ
2863 4027 3153 4098 οἰκτιρμοῦ
3186 4030 3391 4094 παντὸς
3413 4029 3535 4102 δίχα
3564 4036 3773 4106 χρήσε-

2169 4132 2259 4169 ται
2312 4115 2536 4188 πολέμῳ
2584 4116 2664 4188 τῷ
2718 4116 2841 4172 καθ’
2868 4114 3042 4189 ὑμῶν,
3071 4122 3165 4175 καὶ
3191 4123 3404 4196 μητέρα
3431 4125 3529 4180 σὺν
3555 4127 3771 4193 τέκνοις

2171 4205 2401 4276 ἐδαφιεῖ.
2419 4209 2492 4261 Συ
2500 4207 2771 4281 μϐήσεται
2792 4209 2847 4264 δὲ
2868 4214 3026 4268 ταυτὶ
3047 4213 3139 4268 διά
3157 4231 3221 4284 γε
3242 4213 3342 4279 τὰς
3363 4215 3392 4269 ὑ
3400 4216 3517 4286 μῶν
3542 4219 3766 4285 κακίας.

2172 4296 2407 4362 Κολάζει
2433 4298 2544 4371 γὰρ
2568 4300 2630 4354 οὐ
2660 4300 2858 4373 μάτην,
2887 4303 3083 4377 κριτὴς
3106 4304 3182 4360 ὢν
3209 4306 3418 4372 δίκαιος
3447 4311 3475 4363 6
3498 4309 3608 4363 τῶν
3631 4311 3770 4365 ὅλων

2171 4389 2324 4455 Θεός.
2343 4390 2483 4445 Ἀλλ’
2510 4394 2559 4445 εί
2587 4393 2889 4448 ἐκτείνοντο
2920 4394 3108 4451 λοιπὸν
3156 4398 3237 4463 είς
3270 4399 3332 4452 τὸ
3374 4399 3636 4456 ἐπέκεινα
3670 4402 3768 4474 μέ-

2172 4499 2301 4554 τρον
2320 4483 2388 4538 τὰ
2412 4482 2519 4538 τῶν
2550 4488 3077 4558 προσκεκρουκότων
3114 4489 3264 4563 αὐτῷ
3292 4491 3766 4566 πλημμελήματα,

2174 4573 2295 4629 τότε
2340 4575 2621 4641 ἀναλόγως
2664 4579 2918 4649 ἐπιφέρει
2949 4580 3017 4634 τὰ
3058 4580 3120 4647 ἐξ
3148 4582 3336 4654 ὀργῆς.
3375 4581 3438 4639 El
3471 4585 3537 4659 δὴ
3567 4605 3773 4660 παραι-

2172 4667 2403 4740 τοίμεθα
2450 4669 2541 4724 τὸν
2588 4668 3200 4745 θυμὸν,νπαραιτητέον
3250 4671 3310 4731 εὖ
3360 4676 3506 4747 μάλα
3556 4681 3653 4733 καὶ
3710 4682 3772 4736 τὸ

2176 4759 2542 4831 πλημμελεῖν,
2577 4764 2671 4815 καὶ
2699 4762 2759 4815 τὸ
2791 4765 2954 4819 οἱονεὶ
2979 4767 3314 4840 καταθήγειν
3343 4771 3426 4834 είς
3450 4771 3768 4847 ἀγανάκτη-

2177 4867 2262 4903 σιν
2285 4848 2385 4921 τὴν
2415 4850 2564 4904 θείαν
2584 4867 2644 4904 τε
2688 4852 2783 4905 καὶ
2810 4855 3178 4929 ὴμερωτάτην
3202 4858 3386 4928 φύσιν,
3413 4860 3558 4932 τάχα
3582 4862 3641 4916 δέ
3663 4881 3767 4919 που

2174 4942 2269 4997 καὶ⁵
2314 4944 2414 5013 οὐχ
2460 4942 2694 4999 ἑκοῦσαν
2739 4947 2820 5010 εἰς
2850 4947 3010 5002 τοῦτο
3036 4950 3471 5017 καταϐιάζεσθαι
3507 4957 3631 5020 ταῖς
3660 4957 3770 5013 τῶν

2174 5034 2536 5106 πταισμάτων
2575 5036 3140 5110 ὑπερϐολαῖς.’1στέον
3183 5043 3261 5108 δὲ,
3302 5046 3384 5099 ὅτι
3417 5046 3527 5101 τῶν
3559 5050 3768 5121 προλα-

2174 5126 2378 5181 ϐόντων
2415 5127 2696 5200 ἐξηγητῶν
2717 5148 2882 5200 τινες,
2913 5132 2975 5185 οὐ
3007 5137 3100 5189 τὸν
3141 5136 3250 5191 τῶν
3280 5138 3636 5208 Μαδιηναίων
3665 5141 3769 5213 ἄρ-

2176 5236 2341 5289 χοντα
2368 5218 2629 5290 Σαλμανὰ
2656 5221 2869 5293 μητέρα
2916 5224 3009 5277 ἐπὶ
3052 5224 3266 5291 τέκνοις
3294 5227 3548 5297 ἐδαφίσαι
3578 5231 3767 5299 φασὶν,

2179 5312 2243 5364 ἐκ
2275 5310 2369 5364 τοῦ
2417 5310 2566 5367 οίκου
2603 5312 2901 5385 Ἱεροϐάαλ,
2936 5316 3057 5387 ἢτοι
3084 5317 3178 5371 τοῦ
3213 5319 3432 5391 Ἰσραὴλ
3476 5319 3631 5393 (ἀπὸ
3661 5322 3768 5394 γὰρ

2174 5402 2280 5456 τῶν
2309 5404 2634 5474 ἡγουμένων
2658 5406 2720 5459 τὸ
2753 5406 2975 5478 σύμπαν
2999 5408 3110 5463 ἔσθ’
3128 5411 3216 5465 ὅτε
3246 5414 3766 5485 κατασημαίνεται)ο

2176 5495 2312 5549 ἀλλὰ
2342 5497 2544 5567 μᾶλλον
2574 5498 2632 5552 ἐν
2668 5497 2747 5570 τῷ
2769 5500 2901 5571 οἴκῳ
2932 5502 3192 5572 Σαλμανὰ
3227 5505 3318 5558 τὸν
3344 5505 3551 5561 Γεδεὼν
3577 5506 3765 5576 ἐδαφί-

2178 5604 2267 5641 σαι
2297 5589 2509 5660 μητέρα
2538 5590 2629 5643 ἐπὶ
2650 5590 2879 5655 τέκνοις.
2901 5593 3041 5646 Ἀλλ’
3065 5592 3217 5666 οἶμαι
3247 5600 3515 5667 κρεῖττον,
3547 5599 3640 5653 καὶ
3669 5597 3764 5666 τὴν

558 5756 771 5812 ’Judic.
808 5775 877 5827 νι,
911 5759 960 5824 1,
992 5760 1046 5815 2.
1130 5762 1171 5792 ¹⁰
1197 5758 1372 5815 Judic.
1405 5777 1499 5816 vn.
1539 5760 1630 5815 23.
1715 5762 1750 5791 “
1781 5759 1961 5818 Judic.
1993 5779 2064 5818 vn

2177 5765 2229 5820 5.
2311 5766 2353 5798 ιι
2378 5764 2552 5822 Judic.
2590 5785 2664 5833 νε,
2700 5744 2797 5824 δοέ
2872 5771 2914 5802 ιι
2944 5772 3072 5828 ibid.
3102 5773 3189 5827 te.
