3982 6452
268 300 368 357 EG!

1201 303 1760 359 CUMMEN'I'ARH'S
1799 305 1866 359 1N
1909 304 2146 362 OSEAM
2188 304 2614 362 PROPHE'I‘A‘M

3467 307 3576 363 9.62

265 416 377 471 ἀπὸ
399 412 496 468 τοῦ
528 414 836 486 πρέποντος
862 416 1186 487 ἐπικουρίαν
1215 417 1339 489 ἔχον
1366 420 1432 473 ἂν
1456 421 1540 490 εἴη
1575 421 1695 490 οὐχὶ
1723 405 1879 473 τοῦτο

1990 431 2271 492 postquam
2302 423 2368 475 ad
2416 418 2777 475 idololatriam
2816 419 3039 476 deﬂexit
3077 420 3361 492 prraim,
3397 421 3578 478 denuo

266 510 492 582 μᾶλλον,
535 509 677 562 ἀλλά
711 508 772 561 τὸ
804 507 1238 582 ἕτερον.”Ωσπερ
1270 512 1380 583 γὰρ
1425 515 1542 567 κατ’
1579 515 1754 566 ἐκεῖνο
1783 512 1878 566 τοῦ

264 599 486 672 καιροῦ,
510 600 637 653 καθ’
661 601 720 653 δν
749 601 1118 671 προσκέκλιτο
1149 605 1265 667 τοῖς
1301 604 1546 675 Βαλαεὶμ
1573 607 1601 659 ὁ
1638 604 1876 676 Ἰσραὴλ,
1893 638 1899 654 ι.

261 689 652 760 ἡδαιρίσθησαν
704 693 836 760 παρ’
869 692 1056 754 αὐτοῖς
1105 693 1174 745 τά
1219 693 1388 748 τέκνα
1421 695 1694 765 μητράσιν
1739 696 1876 765 ὁμοῦ

259 781 348 833 διὰ
387 781 578 856 χειρὸς
633 782 971 852 ἀλλοφύλων,
1013 785 1156 838 οὕτω
1191 788 1288 840 καὶ¹
1337 786 1435 840 νῦν
1477 787 1878 852 ἀπονεύσαντος

260 876 342 937 εἰς
369 875 803 947 είδωλολατρίαν
845 878 940 930 τοῦ
984 879 1247 950 Ἐφραῒμ,
1289 880 1741 953 ὲδαφισθήσονται
1770 882 1878 935 πά·

1989 528 2088 583 per
2126 527 2322 569 manus
2367 513 2752 578 barbarorum,
2787 513 2890 566 hoc
2940 523 3024 568 est
3059 513 3436 584 Assyriorum,
3466 518 3577 569 nati

1989 619 2112 657 cum
2150 605 2418 658 matribus
2449 603 2760 658 allidentur.
2795 603 2932 658 Puto
2981 606 3167 676 itaque
3195 607 3239 660 si
3277 607 3577 662 secundum

1988 709 2210 748 sensum
2247 694 2412 748 verba
2462 696 2692 750 recitata
2752 696 3142 766 intelligamus,
3193 699 3336 767 quod
3384 699 3583 752 dicitur

1988 785 2327 855 probabilius
2361 787 2496 850 fore,
2535 797 2590 841 et
2634 789 3054 843 similitudinem
3101 806 3282 843 rermn
3313 799 3578 854 veterum,

1987 892 2044 935 ut
2074 897 2137 934 ex
2170 882 2424 952 imagine,
2461 883 2512 935 in
2547 883 2950 938 recentioribus
2979 884 3153 952 magis
3182 886 3581 953 appariturum.

257 966 341 1018 λιν
378 967 469 1020 διὰ
518 969 706 1039 χειρὸς
782 970 1108 1042 Βαρϐάρων,
1142 973 1392 1025 τουτέστι
1423 973 1534 1027 τῶν
1590 974 1914 1046 Ἀσσυρίων,
1941 973 2075 1045 ὁμοῦ
2105 977 2225 1038 ταῖς
2257 975 2558 1040 τεκούσαις
2590 978 2659 1031 τὰ
2686 977 3092 1047 γεγεννημένα.
3133 974 3305 1047 Οἶμαι
3355 976 3420 1046 δὴ
3460 971 3604 1041 οὗν,·

257 1059 340 1112 ὅτι
371 1061 433 1112 τὸ
466 1061 704 1114 πιθανὸν
730 1063 757 1113 ὁ
787 1062 966 1130 λόγος,
1008 1065 1104 1116 καὶ
1150 1064 1248 1136 τὴν
1298 1066 1599 1137 ὁμοιότητα
1626 1068 1724 1139 τὴν
1750 1068 1826 1126 ὡς
1857 1067 1918 1132 ἐξ
1945 1068 2152 1130 εἰκόνος
2190 1068 2288 1135 τῆς
2315 1070 2553 1140 ἀρχαίας
2582 1072 2673 1122 ἐπὶ
2697 1073 2764 1124 τὰ
2792 1068 3036 1140 νεώτερα
3057 1068 3316 1122 διασώσει
3351 1067 3577 1138 μᾶλλον,

260 1155 310 1208 εί
341 1155 471 1226 τῇδε
505 1157 684 1208 νοοῖτο
710 1155 818 1209 τῶν
849 1157 1230 1228 προκειμένων
1255 1161 1287 1228 ή
1321 1157 1582 1230 δύναμις.

879 1294 1131 1349 ΚΕΦΛΛ.
1177 1296 1277 1349 1Α’.

333 1407 604 1473 Ὀρθρου
674 1407 1118 1478 ἀπερρίφησαν.
1181 1411 1494 1480 Ἀπερρίφη
1571 1411 1873 1478 ,βασιλεὺς

273 1497 557 1565 Ἰσραήλ.

329 1613 511 1665 ΡΚΔ’.
557 1613 623 1665 υἱ
664 1613 846 1667 λοιποὶ
891 1613 1053 1668 πάλιν
1104 1615 1462 1686 ὲρμηνευταὶ,
1501 1617 1596 1670 καὶ
1642 1618 1747 1687 μὴν
1777 1617 1872 1670 καὶ

258 1701 366 1754 τῶν
381 1701 662 1772 Ἐϐραίων
682 1707 716 1774 ἡ
745 1705 1058 1776 συγγραφὴ,
1081 1706 1193 1771 τὸ,ι
1238 1707 1328 1770 Ὡς
1348 1707 1541 1778 ὄρθρος
1560 1709 1875 1781 ἀπερρίφη⁴

2548 1300 2707 1372 156
2731 1300 2882 1354 ear.
2931 1298 3020 1352 χι.

2056 1416 2217 1467 Vnus.
2265 1414 2308 1467 ι.
2353 1417 2508 1467 Mune
2559 1415 2780 1483 projccti
2833 1425 2973 1467 sunt.
3033 1411 3313 1481 Projcclus
3364 1422 3437 1464 est
3486 1427 3579 1467 rex

1983 1505 2172 1560 Israel.

2049 1614 2281 1671 CXXIV.
2341 1613 2579 1668 Rursum
2615 1612 2795 1666 caeteri
2837 1615 3184 1682 interpretes,
3218 1613 3348 1682 quin
3380 1622 3432 1668 et
3472 1612 3580 1667 lle-

1985 1707 2131 1763 braea
2203 1706 2477 1776 scriptura
2535 1703 2824 1759 manifeste
2881 1705 3104 1772 habent,
3173 1706 3364 1759 «sicut
3419 1720 3579 1760 mane

263 1809 384 1856 σαν,
410 1811 428 1843 ι
449 1793 748 1863 εἰρήκασιν
775 1795 1042 1865 ἐναργῶς,
1074 1795 1157 1860 τὸ,
1182 1793 1293 1850 οἷον
1312 1790 1387 1861 ὡς
1406 1800 1462 1850 ὲν
1488 1798 1657 1870 ὀλίγῳ
1687 1801 1879 1874 κομιδῇ

1990 1800 2238 1872 proiecti,
2272 1818 2288 1852 ι
2325 1815 2431 1868 quo
2474 1798 2787 1867 signiﬁcant.
2827 1800 3008 1866 quasi,
3046 1799 3244 1866 exiguo
3285 1798 3577 1852 admodum

261 1884 466 1957 καιρῷ,
491 1887 690 1956 ἦγουν,
719 1887 889 1953 ὀξέως
921 1889 1016 1941 καλ⁸
1041 1889 1309 1962 ἀμελλητὶ
1338 1892 1437 1962 τῆς
1467 1893 1604 1964 πρὸς
1640 1894 1772 1948 Θεὸν
1794 1895 1892 1953 οί-.

261 1978 550 2049 κειότητος
601 1980 1073 2034 ἀποπεπτωκέναι
1123 1982 1213 2037 τὸν
1248 1983 1462 2054 Ἰσραὴλ
1489 2025 1504 2051 ,
1554 1985 1644 2039 διά
1687 1987 1876 2043 τούτου

264 2073 660 2144 σημαίνοντες.
697 2076 916 2147 Βραχὺς
962 2077 1020 2130 δὲ
1057 2077 1199 2139 λίαν,
1226 2079 1254 2129 ὁ
1292 2078 1386 2131 τοῦ
1417 2079 1614 2150 ὄρθρου
1646 2082 1836 2152 καιρός
1857 2099 1872 2113 ·

264 2163 380 2234 ἅμα
410 2182 475 2217 τε
506 2166 622 2236 γὰρ
657 2167 886 2237 ἄρχεται
916 2167 1262 2239 διαυγασμοῦ
1288 2170 1387 2240 τῆς
1415 2171 1629 2241 ἡμέρας
1652 2173 1713 2225 τὸ
1739 2173 1874 2240 φῶς,

264 2258 359 2310 καὶ
386 2258 483 2311 τὸν
512 2259 718 2330 ὄρθρον
753 2261 1048 2330 ἐργάζεται
1071 2279 1084 2293 ·
1112 2263 1443 2332 ἀνασχόντος
1469 2281 1531 2332 γε
1567 2266 1674 2336 μὴν
1701 2265 1874 2335 ἡλίου,

264 2350 359 2403 καὶ
400 2350 636 2421 πρώτην
662 2353 862 2405 ἀκτῖνα
904 2355 1256 2424 προχέοντος,
1295 2355 1513 2410 λέλυται
1567 2357 1660 2410 καὶ
1701 2359 1879 2429 διελή-

264 2440 456 2495 λακεν.
503 2442 721 2496 Οὐκοῦν
768 2443 845 2507 ὡς
897 2444 1113 2515 ὄρθρος,
1144 2447 1446 2510 τουτέστιν,
1474 2449 1530 2499 ὲν
1575 2448 1741 2519 ὀλίγῳ
1782 2451 1878 2502 καὶ

269 2533 488 2602 βραχεῖ,
521 2534 620 2585 καὶ
660 2533 857 2604 κομιδῇ
892 2535 1312 2605 συνεσταλμένῳ
1341 2535 1535 2606 καιρῷ,
1561 2540 1674 2600 τοῖς
1711 2539 1878 2608 ἡγου-

268 2625 458 2694 μένοις
493 2623 636 2696 ὁμοῦ
668 2625 1260 2696 συναπερρίφησαν.”Η
1292 2629 1397 2700 γὰρ
1430 2629 1603 2693 οὕτως
1648 2632 1880 2701 συνήσο-

269 2732 390 2786 μεν,
423 2715 457 2785 ἦ
499 2714 626 2768 καθ’
652 2715 840 2784 ἕτερον
888 2717 1091 2786 τρόπον
1150 2719 1738 2790 μεταληψόμεθα.”οτε
1769 2722 1879 2794 γάρ

263 2809 377 2870 τοῖς
411 2806 784 2877 ἀνθρωπίνοις
813 2809 1148 2879 πταίσμασιν
1185 2810 1337 2864 οὔπω
1373 2813 1474 2876 τάς
1503 2812 1654 2877 δίκας
1690 2814 1882 2883 ἐπιφέ-

266 2918 352 2973 ρει
404 2899 634 2970 Θεὸς,ἣ
693 2903 1048 2973 μακροτέραν
1100 2907 1337 2957 ποιεῖται
1383 2906 1484 2975 τῆς
1530 2906 1880 2973 ἀνεξικακίας

261 2993 366 3063 τὴν
408 2993 750 3064 παράτασιν,
781 2992 839 3046 τὸ
866 2995 1096 3059 ἀπεικὸς
1123 2996 1297 3061 οὐδὲν,
1331 2999 1446 3061 τοῖς
1474 2999 1531 3050 ὲν
1561 2998 1718 3052 νυκτὶ
1749 3000 1882 3053 καθ-

263 3085 490 3138 εύδουσι
542 3086 906 3156 παρεικάζειν
953 3088 1139 3141 αὐτόν.
1186 3091 1298 3144 Καὶ
1339 3091 1470 3159 γοῦν
1519 3093 1569 3144 οἱ
1622 3093 1880 3162 μακάριοι

1983 1900 2250 1960 tempore,
2296 1891 2412 1943 sive
2450 1890 2728 1955 celeriter,
2783 1889 3033 1959 citraque
3080 1903 3288 1942 moram
3321 1887 3576 1943 lsraelem

1981 1985 2074 2038 Dei
2110 1983 2350 2036 amicitia
2384 1982 2656 2036 excidisse
2687 1999 2701 2035 :
2734 1990 2819 2036 est
2848 1981 3050 2049 quippe
3085 1981 3378 2034 admodum
3413 1981 3580 2035 breve

1982 2076 2308 2128 matutinum
2375 2082 2608 2142 tempus.
2667 2072 2843 2127 Simul
2897 2072 3044 2126 enim
3095 2072 3347 2126 diurnum
3396 2071 3578 2126 lumen

1981 2167 2290 2221 illuminare
2334 2167 2564 2232 incipit,
2630 2179 2790 2219 mane
2840 2173 3026 2228 creat;
3059 2163 3342 2219 exoriente
3395 2173 3578 2218 autem

1981 2259 2114 2330 sole,
2159 2265 2214 2312 et
2259 2260 2464 2328 primos
2515 2258 2696 2313 radios
2722 2256 3028 2325 iaculante,
3084 2272 3205 2311 mox
3259 2257 3480 2322 desinit,
3523 2265 3580 2311 et

1981 2352 2240 2420 praeterit.
2296 2351 2464 2420 lgitnr
2515 2359 2574 2403 ut
2638 2365 2817 2416 mane,
2876 2349 2928 2402 id
2987 2359 3091 2413 est,
3145 2350 3198 2402 iu
3247 2348 3479 2414 modico,
3524 2354 3580 2401 et

1983 2443 2156 2507 brevi,
2208 2453 2262 2498 et
2320 2443 2669 2496 vehementer
2721 2450 2953 2508 angusto
3008 2451 3251 2510 tempore
3299 2454 3401 2490 una
3453 2454 3579 2493 cum

1981 2535 2319 2606 principibus
2366 2532 2593 2602 projeeti
2643 2540 2791 2585 sunt.
2837 2531 2942 2583 Aut
2991 2531 3134 2584 enim
3182 2532 3260 2584 sic
3315 2529 3579 2596 intellige-

1982 2644 2134 2691 mus,
2191 2634 2284 2678 aut
2341 2625 2449 2679 alio
2503 2639 2665 2679 sensu
2724 2623 3079 2692 accipiemus.
3141 2621 3368 2688 Quando
3430 2626 3577 2677 en'm

1980 2719 2198 2789 ﬂagitiis
2238 2718 2492 2773 humanis
2543 2718 2782 2792 nondum
2833 2729 3026 2784 pugnas
3061 2715 3230 2768 infert
3274 2714 3433 2777 Deus,
3485 2724 3580 2769 aut

1984 2812 2329 2866 tolerantiam
2385 2809 2598 2879 longius
2642 2810 2913 2878 producit,
2965 2807 3101 2862 nihil
3145 2807 3308 2862 habet
3353 2806 3577 2861 absurdi

1983 2915 2151 2959 noctu
2184 2903 2582 2957 dormientibus
2611 2901 2787 2972 ipsum
2821 2899 3152 2970 comparari.
3210 2897 3576 2965 Quamobrem

1983 2997 2125 3052 beati
2158 2993 2440 3066 propheta:
2472 2993 2808 3047 multimodis
2837 2992 3236 3056 clamaverunt,
3271 2993 3374 3046 hoc
3400 2993 3577 3062 ipsum

1985 3089 2139 3144 nobis
2175 3087 2567 3157 significantes.
2608 3083 2876 3141 Jeremias
2916 3085 3059 3140 enim
3094 3085 3576 3154 sapientissimus:

265 3179 558 3249 προφῆται
614 3179 1018 3252 διακεκράγασι
1068 3183 1426 3254 πολυτρόπως
1461 3187 1612 3255 ἡμῖν,
1643 3185 1776 3239 αὐτὸ
1819 3186 1879 3256 δὴ

1993 3199 2012 3232 ι
2050 3178 2327 3249 Numquid
2360 3194 2466 3230 non
2500 3179 2631 3244 eris,
2677 3178 2874 3247 inquit.
2911 3176 3053 3231 sicut
3079 3179 3239 3231 homo
3275 3176 3578 3241 dormiens,

262 3269 430 3323 τοῦτο
463 3288 680 3342 καταση
691 3273 1000 3342 μαίνοντες.
1019 3275 1290 3344 Ἱερεμίας
1323 3276 1420 3344 μὲν
1446 3276 1555 3348 γὰρ
1577 3277 1608 3328 ὁ
1633 3275 1878 3346 σοφώτα-

262 3378 380 3425 τος,
420 3381 440 3413 ι
470 3363 564 3433 Μὴ
592 3362 712 3435 ἔσῃ,
745 3366 931 3435 φησὶν,
960 3365 1152 3436 ὥσπερ
1183 3367 1470 3438 ἄνθρωπος
1507 3368 1712 3433 ὑπνῶν,
1741 3368 1772 3438 ἢ
1802 3369 1878 3432 ὡς

264 3454 410 3525 ἀνὴρ
439 3455 501 3507 οὐ
533 3455 837 3526 δυνάμενος
872 3456 1097 3530 σώζειν;
1129 3477 1148 3510 ι
1170 3460 1227 3512 Ὀ
1249 3460 1306 3512 δέ
1338 3478 1402 3528 γε
1437 3461 1725 3525 θεσπέσιος
1753 3462 1881 3532 μελ-

261 3545 422 3616 ῳδος,
470 3549 606 3600 ποτὲ
663 3548 784 3612 μὲν,
843 3550 1032 3620 φησὶν,
1079 3552 1160 3605 ὅτι
1208 3552 1624 3624 «Ἐξεγέρθητι,
1691 3554 1782 3608 ἵνα
1827 3553 1879 3607 τί

265 3638 464 3701 ὑπνοῖς
491 3638 703 3708 Κύριες
741 3641 1032 3712 ἀνάστηθι,
1075 3645 1170 3695 καὶ
1202 3645 1276 3714 μὴ
1309 3643 1506 3715 ἀπὼσῃ
1541 3648 1620 3709 είς
1645 3647 1825 3709 τέλος·
1854 3665 1872 3698 ι

264 3732 404 3784 ποτὲ
446 3731 504 3784 δὲ
533 3727 600 3785 αὖ
629 3732 1058 3804 διεγηγερμένον
1088 3734 1300 3805 βλέπων
1330 3738 1410 3800 είς
1440 3738 1760 3809 ἐπικουρίαν
1793 3757 1877 3792 τι-

262 3823 398 3886 νῶν,
437 3843 456 3874 ι
479 3822 812 3894 Ἐξηγέρθη.
845 3844 864 3875 ι
901 3826 1089 3896 φησιν,
1120 3845 1140 3878 ι
1171 3827 1248 3890 ὡς
1275 3829 1304 3879 ὁ
1337 3828 1541 3893 ὑπνῶν,
1579 3829 1818 3900 Κύριος·
1855 3849 1872 3881 ι

265 3913 468 3985 δρθρον
491 3913 559 3984 δὴ
581 3909 677 3966 οὖν
703 3913 880 3966 ἔοικεν
906 3915 1230 3980 ἀποκαλεῖν,
1259 3915 1359 3985 τῆς
1392 3915 1479 3968 ἐπ’
1506 3917 1690 3978 αὐτοῖς
1716 3917 1880 3969 οἱονεὶ

267 4005 667 4076 ἐγρηγόρσεως
697 4005 789 4059 τὸν
816 4007 1030 4077 καιρόν.
1058 4006 1294 4077 ’Ὀρθρου
1348 4009 1455 4079 γὰρ
1493 4008 1551 4074 ἐξ
1594 4007 1762 4061 ὕπνου
1797 4009 1876 4061 δι-

269 4094 644 4165 ανιστάμεθα.
687 4095 1135 4165 Ἦγρυπνηκότος
1180 4096 1244 4168 δὴ
1279 4093 1372 4150 οὖν
1420 4102 1505 4151 ἐπ’
1549 4101 1734 4164 αὐτοῖς
1781 4097 1878 4153 τοῦ

270 4179 431 4244 (θεοῦ,
461 4181 559 4234 καὶ
606 4182 896 4253 μονονουχὶ
934 4183 1362 4256 διεγηγερμένου
1397 4187 1584 4242 λοιπὸν
1631 4191 1711 4253 είς
1760 4189 1882 4244 ἐπί·-

275 4273 468 4342 σκεψιν
498 4270 576 4326 ὧν
609 4271 960 4342 δεδράκασιν,
990 4275 1288 4346 ἀπόϐλητοι
1344 4279 1440 4332 καὶ
1475 4281 1879 4352 ἀπερριμμένοι

277 4365 627 4435 γενήσονται,
675 4365 856 4418 καίτοι
906 4366 995 4420 διὰ
1047 4367 1307 4438 πλείστην
1341 4371 1473 4442 ὅσην
1526 4373 1880 4437 ἀνεξικακίαν

279 4459 565 4528 μονονουχὶ
603 4457 699 4510 καὶ
729 4458 1087 4524 νυστάξοντος
1118 4459 1204 4512 ἐπ’
1231 4461 1438 4525 αὐτοῖς,
1471 4461 1614 4514 κατά
1641 4463 1731 4514 τὸν
1776 4462 1878 4534 ἤδη

1981 3283 2072 3325 aut
2105 3273 2187 3324 vir
2221 3289 2324 3324 non
2359 3282 2550 3338 potens
2575 3270 2788 3324 salvare
2817 3269 2943 3323 “‘h
2980 3268 3208 3323 Divinus
3244 3277 3576 3323 antemcan-

1984 3374 2090 3428 tor,
2124 3379 2267 3417 nunc
2293 3365 2368 3416 ait
2395 3381 2409 3416 :
2443 3380 2461 3413 ι
2495 3363 2760 3429 Exsurge,
2787 3376 2959 3431 quare
2985 3361 3284 3424 obdormis,
3308 3358 3579 3415 Domine?

1980 3468 2235 3523 exsurge,
2279 3463 2335 3508 et
2379 3467 2446 3507 ne
2478 3451 2707 3521 repellas
2736 3452 2790 3507 in
2827 3449 2988 3506 linem
3011 3452 3090 3520 ¹⁵;
3118 3471 3136 3505 ι
3175 3466 3319 3506 nunc
3359 3465 3576 3507 rursum

1981 3544 2278 3597 excitatum
2307 3544 2372 3596 ad
2400 3541 2759 3612 quorumdam
2786 3541 3048 3595 auxilium
3081 3556 3330 3605 cernens,
3367 3560 3387 3595 ι
3419 3541 3580 3595 Exci-

1983 3640 2129 3687 tatus
2167 3639 2271 3695 εει,
2317 3632 2513 3702 inquit,
2549 3641 2810 3701 tanquam
2845 3631 3127 3686 dormiens
3169 3632 3512 3687 Dominus“.
3552 3649 3573 3686 ι

1984 3721 2147 3778 Mane
2198 3725 2365 3792 igitur
2421 3723 2692 3794 appellare
2748 3724 2964 3779 videtur
3011 3724 3162 3779 velut
3213 3723 3577 3795 evigilationis

1983 3823 2196 3884 tempus
2247 3829 2412 3885 super
2465 3816 2597 3885 ipsis
2642 3834 2655 3870 :
2701 3831 2858 3871 mane
2915 3816 3186 3885 siquidem
3243 3816 3308 3870 de
3381 3829 3575 3872 somno

1982 3907 2278 3976 surgimus.
2358 3906 2585 3973 Quando
2649 3922 2780 3977 ergo
2842 3908 3153 3978 vigilaverit
3210 3922 3375 3977 super
3431 3907 3576 3977 ipsos

1982 3999 2145 4061 Deus,
2195 4007 2249 4051 et
2301 4000 2367 4050 ad
2416 3999 2658 4067 ipsorum
2714 4009 2833 4051 acta
2878 4000 2944 4052 de
2996 4008 3192 4052 czetero
3237 3998 3575 4067 inspicienda

1979 4085 2130 4140 velut
2188 4095 2543 4154 experrectus
2596 4085 2794 4148 fuerit,
2867 4085 3113 4154 rejectitii
3167 4095 3223 4139 et
3285 4086 3575 4154 projectitii

1985 4177 2137 4240 tient,
2188 4177 2402 4230 tametsi
2442 4184 2666 4246 propter
2712 4176 2871 4245 longe
2923 4176 3213 4229 maximam
3256 4177 3572 4245 patientiam

1983 4269 2372 4340 propemodum
2410 4283 2574 4339 super
2605 4268 2737 4336 ipsis
2775 4276 3020 4337 tempore
3054 4269 3332 4338 przeterito
3368 4271 3557 4324 dormi-

1982 4363 2144 4418 verit.
2177 4363 2291 4418 Una
2339 4373 2518 4416 autem
2563 4378 2684 4416 cum
2721 4361 2924 4433 populo
2953 4363 3120 4417 etiam
3165 4377 3350 4432 regem
3396 4361 3576 4433 proje-

1985 4465 2128 4509 ctum
2190 4454 2255 4509 iri
2316 4453 2582 4522 allirmat,
2656 4463 2844 4524 utpote
2909 4454 3059 4509 brevi
3122 4469 3289 4524 regno
3357 4469 3576 4527 (pioque

277 4550 656 4622 παρῳχηκότα
705 4551 918 4620 καιρόν.
954 4551 1400 4622 Συναπερρίφθαι
1445 4554 1503 4607 δὲ
1549 4557 1661 4619 τοῖς
1703 4555 1879 4626 δχλοις

1991 4547 2249 4616 Ephraim
2289 4561 2320 4601 e
2362 4548 2540 4601 medio
2595 4547 2849 4603 tollendo.
2902 4547 3148 4603 Reduces
3192 4549 3335 4602 enim
3386 4547 3439 4602 in
3477 4547 3576 4603 .Iu-

277 4643 370 4695 καὶ
423 4641 518 4695 τὸν
570 4640 822 4710 βασιλέα,
859 4643 1046 4713 φησιν,
1083 4643 1158 4708 ὡς
1204 4645 1327 4697 ὅσον
1372 4646 1601 4698 οὐδέπου
1655 4649 1882 4717 καὶτῆς

289 4733 537 4806 Ἑφραῒμ
583 4733 865 4803 βασιλείας
910 4735 1177 4805 ἐσομένης
1225 4739 1290 4790 ὲκ
1339 4737 1882 4812 μέσου.Ὑπονοστὴ-

280 4841 473 4888 σαντες
507 4825 643 4895 γὰρ,
679 4824 756 4887 ὡς
787 4824 942 4897 ἔφην.
973 4828 1056 4890 εἰς
1081 4827 1181 4898 τὴν
1215 4828 1478 4883 Ἰουδαίαν
1507 4829 1647 4899 μετὰ
1669 4831 1758 4884 τὸν
1785 4831 1884 4902 τῆς

279 4917 670 4989 αἰχμαλωσίας
697 4919 912 4990 καιρὸν,
947 4919 1036 4990 ὑφ’
1070 4920 1166 4973 ἕνα
1200 4923 1402 4987 πάντες
1437 4923 1696 4991 γεγόνασι
1728 4923 1884 4994 βασι-

278 5010 372 5064 λέα
408 5011 668 5082 καθάπερ
698 5013 917 5083 ἀμέλει,
943 5014 1037 5067 καὶ
1066 5014 1124 5066 ἐν
1151 5014 1368 5084 ἀρχαῖς,
1391 5016 1486 5068 καὶ
1517 5015 1622 5086 πρὸ
1647 5014 1755 5067 τῶν
1777 5014 1880 5084 τῆς

280 5103 539 5168 ἁλώσεως
566 5104 799 5175 χρόνων,
820 5106 1166 5160 Ἐϐασίλευον
1188 5109 1296 5178 γὰρ
1318 5111 1365 5160 οἱ
1389 5111 1453 5161 ὲκ
1480 5108 1652 5179 φυλῆς
1686 5107 1878 5174 Ἰούδα,

283 5197 421 5250 κατά
449 5197 554 5268 τὴν
590 5197 952 5268 Ἰερουσαλὴμ
980 5198 1131 5261 ὄντος
1163 5198 1258 5250 τοῦ
1283 5197 1526 5268 Ἰσραήλ.

352 5291 510 5343 Διότι
535 5288 757 5356 ’νήπιος
788 5291 1060 5359 Ἰσραὴλ,
1097 5291 1193 5344 καί
1223 5289 1337 5361 ἐγὼ
1356 5290 1643 5359 ἠγάπησα
1671 5293 1878 5356 αὐτὸν,

286 5381 382 5435 καὶ
435 5383 505 5447 ἐξ
540 5383 848 5453 Αἰγύπτου
883 5384 1265 5458 μετεκάλεσα
1317 5384 1389 5438 τὰ
1433 5383 1616 5437 τέκνα
1674 5386 1882 5449 αὑτοῦ,

289 5473 478 5540 καθὼς
521 5475 910 5544 μετεκάλεσα
957 5476 1202 5543 αὐτοὺς,
1245 5476 1433 5542 οὕτως
1471 5474 1788 5544 ἁπῲχοντο
1816 5477 1887 5530 ἐκ

291 5561 614 5624 προσώπου
643 5579 784 5630 μου.

357 5653 531 5708 ΡΚΕ¹.
578 5655 796 5708 Ἔοικεν
845 5657 976 5727 ἡμῖν
1007 5657 1064 5710 ὲν
1102 5656 1312 5720 τούτοις
1362 5660 1391 5712 ὁ
1439 5657 1595 5726 λόγος
1650 5656 1884 5711 ἀνθυπο-

386 5809 556 5868 “Jer.
591 5828 700 5882 ιιιν,
730 5815 783 5869 9.
872 5815 914 5846 ⁸⁵
942 5812 1081 5868 Psal.
1120 5827 1272 5878 ιιιιιι,
1303 5811 1394 5867 ‘25.

1980 4641 2172 4703 dream,
2223 4649 2283 4692 ut
2315 4640 2448 4703 dixi,
2489 4649 2602 4709 post
2652 4649 2864 4708 tempus
2921 4638 3279 4708 captivitatis,
3333 4638 3432 4693 sub
3462 4653 3573 4692 uno

1981 4746 2107 4799 rege
2161 4746 2350 4786 omnes
2399 4730 2570 4795 fuere,
2623 4731 2766 4785 sicut
2816 4731 2979 4784 etiam
3026 4730 3289 4800 principio
3343 4738 3398 4784 et
3449 4741 3575 4785 ante

1983 4831 2194 4892 tempus
2249 4823 2585 4892 captivitatis
2642 4822 2879 4877 fuerant.
2933 4820 3256 4891 Regnabaut
3305 4822 3452 4876 enim
3506 4823 3574 4876 de

1983 4913 2126 4967 tribu
2157 4910 2293 4966 Juda
2325 4914 2611 4982 progeniti,
2647 4913 2864 4981 quando
2891 4913 3178 4966 universus
3206 4912 3375 4968 Israel
3397 4913 3577 4968 adhuc

1988 5005 2418 5077 Hierosolymam
2462 5007 2611 5073 regni
2645 5006 2829 5060 sedem
2866 5006 3215 5076 agnoscebat.
3480 5000 3483 5001 ⁷

2066 5286 2230 5342 Vens.
2262 5285 2318 5341 2.
2370 5286 2506 5353 Quia
2535 5287 2786 5354 parvulus
2814 5284 3000 5347 Israel,
3030 5294 3078 5338 et
3115 5301 3205 5353 ego
3239 5283 3401 5338 di!e.t'i
3430 5267 3577 5346 eum,

1991 5391 2037 5434 et
2081 5397 2147 5433 ex
2188 5379 2422 5448 .Egypto
2454 5378 2633 5432 vocavi
2673 5377 2812 5445 ﬁlios
2856 5376 2989 5444 ejus.
3021 5373 3177 5443 157
3209 5373 3354 5428 Sicut
3399 5374 3605 5430 vocavi.

1989 5491 2102 5538 eos,
2133 5473 2206 5525 ita
2231 5473 2446 5525 abibam
2486 5488 2517 5524 a
2546 5469 2685 5540 [acie
2713 5486 2844 5523 mea.

2061 5645 2272 5703 CXXV.
2336 5646 2561 5702 Videtur
2593 5644 2721 5698 mihi
2771 5645 2855 5699 bis
2900 5643 3080 5700 verbis
3111 5642 3401 5714 obiectioni
3441 5659 3581 5715 quo-

1477 5812 1522 5843 ¹⁶
1545 5809 1680 5866 Psal.
1733 5824 1934 5866 LXXVII,
1961 5806 2051 5863 65.
