3982 6468
419 297 524 356 265

1414 302 1470 356 S.
1513 300 1786 357 CYIiILLI
1826 292 2300 353 ALEXANDRINI
2341 293 2662 350 ARCHIEP.

3567 294 3672 349 261

419 405 665 460 rumdam
695 421 1006 462 occurrere.
1029 406 1324 479 Fingamus
1349 412 1494 466 enim
1517 411 1824 481 quempiam
1856 408 1983 463 illud

2100 406 2233 477 φορᾷ
2277 405 2548 477 μάχεσθαι
2596 407 2662 476 τῇ
2717 407 2872 476 παρά
2917 422 3098 461 τινων.
3145 406 3393 461 Νοείσθω
3437 409 3546 478 γάρ
3589 423 3675 469 τις

419 498 557 565 apud
608 513 668 552 se
725 500 985 568 cogitare,
1043 511 1135 554 aut
1181 503 1341 556 etiam
1391 502 1564 572 palam
1619 502 1884 574 proloqui.
1933 500 1990 554 Si

419 585 656 642 futurum
697 599 815 644 erat
860 599 919 644 ut
970 593 1306 656 exciderent,
1356 601 1412 649 et
1458 609 1488 648 a
1535 594 1674 650 facie
1724 593 1816 648 Dei
1862 593 2018 670 olim_

421 679 776 748 rcjicerentur
806 683 1001 751 posteri
1054 683 1236 752 Israel,
1273 685 1568 755 lierentque
1606 684 1994 740 abominabiles

421 779 478 823 et
525 771 702 835 exosi,
753 787 853 827 cur
891 774 1112 830 omnino
1140 790 1168 828 a
1205 775 1471 846 principio
1503 775 1678 830 vocati
1717 774 1885 828 sunt?
1913 773 1994 828 Ad

422 862 525 916 ista
554 863 693 917 Deus
721 879 980 934 perquam
1006 882 1242 935 congrue
1266 867 1556 936 respondet
1573 864 1991 936 quodammodo,

425 961 479 1004 et
513 954 667 1018 dicit,
706 972 724 1006 ι
756 953 1018 1010 Parvulos
1070 957 1268 1024 Israel,
1317 967 1372 1014 et
1407 973 1506 1026 ego
1544 959 1700 1013 dilexi
1733 971 1875 1011 eum.
1912 957 1993 1012 Ex

419 1043 653 1114 Aigypto
692 1048 950 1102 accersivi
1007 1050 1145 1105 ﬁlios
1196 1048 1330 1118 ejus.
1363 1068 1382 1102 ι
1425 1049 1596 1105 IIomo
1636 1048 1898 1104 candidus
1939 1057 1995 1104 et

421 1137 539 1190 sine
572 1138 714 1206 fuco,
746 1141 944 1209 inquit,
973 1140 1072 1195 fuit
1103 1141 1290 1205 Jacob,
1335 1151 1540 1198 mutato
1571 1141 1786 1196 nomine
1814 1140 1994 1196 dictus

417 1226 609 1295 Israel;
652 1231 854 1286 idcirco
895 1233 1057 1288 dilexi
1088 1248 1234 1291 eum.
1270 1233 1404 1288 Nam
1443 1250 1564 1288 eum
1609 1235 1786 1289 adhuc
1810 1245 1995 1289 essent

421 1319 617 1377 fratres
647 1323 699 1378 in
735 1332 912 1389 utero,
950 1343 969 1375 ι
1002 1326 1168 1380 Jacob
1197 1326 1382 1390 dilexi,
1413 1327 1608 1396 inquit,
1641 1326 1781 1380 Esau
1813 1335 1992 1380 autem

418 1413 542 1468 odio
594 1415 756 1469 habui
785 1418 847 1472 ¹⁷,
882 1436 900 1467 ι
960 1417 1226 1484 Quoniam
1273 1419 1437 1489 igitur
1495 1419 1656 1474 dilexi
1705 1433 1868 1481 eum,
1925 1417 1996 1471 ob

418 1516 537 1556 eam
577 1520 795 1560 causam
830 1507 897 1563 de
943 1507 1322 1577 [Egyptiorum
1359 1525 1574 1580 quoque
1623 1511 1902 1565 dominatu
1934 1507 1997 1561 li-

417 1594 521 1648 lios
575 1598 692 1662 ejus
750 1598 944 1667 eripui.
985 1599 1198 1653 «Facio
1259 1599 1404 1654 enim
1458 1599 1880 1654 misericordiam
1940 1597 1994 1651 in

419 1685 585 1739 millia
616 1687 964 1758 diligentibus
995 1690 1164 1743 me“.
1196 1710 1214 1742 ι
1252 1690 1391 1758 Quid
1431 1691 1678 1745 honorati
1726 1699 1778 1744 et
1810 1687 1992 1744 selecti

417 1787 638 1844 propter
655 1780 877 1848 patres?
905 1780 1168 1837 libertatis
1201 1782 1376 1837 ornati
1406 1782 1600 1850 gratia,
1629 1780 1994 1848 servituteque

418 1880 470 1924 et
504 1870 779 1928 laboribus
828 1874 1106 1944 exempti?
1154 1872 1290 1928 Num
1338 1872 1580 1928 vicissim
1624 1870 1994 1926 honorarunt?

421 1978 547 2016 num
581 1963 718 2017 bene
748 1961 959 2021 allectis
993 1964 1188 2020 animis
1216 1973 1580 2034 protectorem
1623 1963 1791 2018 Deum
1823 1962 1995 2016 ketili-

420 2065 546 2104 care
580 2054 756 2107 conati
805 2052 1374 2124 sunt?Nequaquam,
1421 2053 1616 2122 inquit.
1657 2052 1994 2122 Aulugerunt

419 2142 564 2194 enim
599 2156 629 2196 α
664 2143 918 2206 Domino;
951 2144 1200 2200 abierunt
1231 2147 1299 2200 ab
1325 2160 1389 2198 eo
1426 2145 1516 2214 qui
1549 2157 1643 2199 eos
1668 2146 1991 2200 cohonesta-

425 2242 616 2297 vcrat;
678 2237 917 2304 protervi
968 2235 1020 2290 in
1071 2252 1193 2291 eum
1259 2237 1348 2305 qui
1395 2237 1606 2291 vocavit
1649 2236 1992 2290 exstiterunt.

421 2322 685 2376 Abicrunt
716 2333 918 2389 autem,
953 2340 1188 2394 quonam
1240 2325 1442 2379 modo?
1472 2339 1598 2378 num
1629 2323 1754 2392 quia
1802 2322 1994 2392 singil-

423 2409 592 2476 latim,
638 2421 693 2466 et
747 2413 1046 2468 secundum
1103 2429 1304 2484 paucos
1364 2429 1392 2467 a
1450 2423 1629 2468 mente
1695 2421 1749 2467 et
1791 2412 1995 2483 judicio

421 2503 790 2568 desciverunt,
839 2515 892 2558 et
938 2505 1299 2574 quorumdam
1353 2504 1585 2561 fallaciis
1635 2505 1778 2575 capti
1831 2506 1996 2562 sunt?

420 2593 574 2650 Nullo
606 2597 783 2652 modo.
820 2594 1167 2651 Resiluerunt
1205 2598 1347 2651 enim
1375 2598 1476 2659 sic,
1507 2598 1776 2668 quomodo
1805 2598 1997 2654 videliv

419 2698 508 2741 cet
544 2687 717 2742 vocati
754 2699 901 2753 sunt,
942 2689 994 2755 id
1037 2699 1138 2753 est,
1175 2692 1472 2744 secundum
1512 2691 1822 2746 universam
1857 2690 1995 2745 mul-

422 2778 726 2844 titudinem,
761 2788 814 2834 et
847 2779 1146 2834 secundum
1195 2781 1386 2845 tribus,
1435 2789 1603 2835 totum
1649 2796 1840 2850 genus,
1873 2789 1997 2835 totae

420 2869 659 2924 familiae.
706 2871 796 2925 Sic
835 2871 979 2926 enim
1019 2872 1290 2940 quondam
1337 2871 1402 2926 de
1448 2871 1682 2942 Aigypto
1723 2871 1993 2926 exierunt.

422 2960 766 3016 Meminimus
815 2975 998 3030 porro,
1029 2963 1114 3015 vix
1152 2962 1363 3016 tandem
1406 2959 1689 3016 Pharaone
1719 2960 1994 3016 dimissio-

420 3065 544 3105 nem
580 3051 946 3121 promittente,
975 3061 1028 3107 et
1055 3053 1121 3108 de
1165 3052 1511 3107 multitudine
1543 3051 1756 3108 abitura
1793 3066 1994 3123 cogno-

418 3156 572 3198 scere
595 3143 868 3212 cupiente,
906 3151 958 3198 et
981 3143 1182 3213 apertis
1197 3143 1380 3199 verbis
1398 3152 1690 3213 quaerente,
1731 3162 1749 3196 ι
1773 3144 1994 3214 quinam

421 3244 475 3286 et
492 3233 582 3302 qui
604 3242 746 3297 sunt,
762 3233 921 3302 etqui
948 3233 1132 3288 ibunt?
1151 3252 1170 3285 ι
1193 3231 1409 3303 Moysen
1430 3232 1803 3302 respondisse:
1824 3251 1842 3284 ι
1862 3231 1996 3287 Cum

418 3324 726 3393 junioribus
751 3334 804 3379 et
847 3324 1156 3380 senioribus
1184 3325 1388 3379 nostris
1423 3325 1642 3390 ibimus,
1681 3339 1804 3379 cum
1852 3324 1996 3390 liliis,

422 3425 476 3470 et
525 3415 761 3482 filiabus,
803 3425 858 3469 et
903 3415 1116 3481 ovibus,
1158 3425 1211 3469 et
1251 3416 1421 3470 bobus
1473 3414 1676 3469 nostris
1698 3415 1762 3468 ".
1794 3433 1813 3466 ι
1859 3415 1998 3485 Ergo

422 3505 722 3559 secundum
756 3512 897 3559 totas
937 3504 1128 3568 tribus,
1159 3511 1213 3558 et
1247 3502 1543 3558 secundum
1577 3501 1992 3568 multitudinem,

423 3595 718 3651 secundum
767 3610 937 3664 genus
983 3595 1320 3658 universum,
1386 3603 1442 3648 et
1490 3591 1720 3647 familias
1764 3592 1993 3648 vocavit.

423 3686 670 3741 Similem
699 3687 916 3740 modum
950 3686 1140 3740 habuit
1185 3684 1474 3755 apostasis,
1516 3683 1669 3752 cujus
1713 3683 2000 3753 turpitudi-

423 3792 546 3832 nem
573 3777 875 3832 clarissime
900 3776 1143 3832 OSIendit
1175 3793 1296 3831 cum
1323 3776 1473 3841 dicit,
1517 3794 1536 3827 ι
1563 3776 1781 3831 abibant
1804 3793 1833 3829 ιι
1861 3775 1999 3832 facie

425 3881 564 3921 mea.
625 3884 644 3918 ι
713 3864 859 3931 Quos
923 3865 1066 3920 enim
1127 3865 1307 3920 odisse
1348 3864 1578 3919 voluerit
1623 3864 1998 3919 universorum

424 3957 708 4020 Dominus,
754 3971 858 4010 non
910 3955 1160 4025 dignatur
1200 3955 1495 4024 respicere.
1538 3955 1692 4025 juxta
1723 3953 1876 4018 illud,
1915 3953 1998 4007 in-

422 4064 624 4119 quam,
686 4049 737 4103 in
802 4047 1020 4104 Psalmo
1065 4057 1387 4103 cantatum:
1424 4067 1442 4100 ι
1474 4048 1706 4118 Respice
1762 4061 1883 4110 me,
1945 4053 2000 4097 et

423 4143 680 4197 miserere
737 4141 932 4198 mei".
986 4159 1006 4194 ι
1071 4140 1346 4211 Scriptum
1407 4151 1492 4195 est
1544 4139 1687 4194 enim
1733 4157 1745 4192 :
1791 4156 1810 4188 ‹
1846 4135 1996 4192 Oculi

423 4231 631 4286 Domini
673 4246 834 4301 super
859 4230 1121 4300 justus".
1153 4251 1171 4283 ι
1221 4231 1287 4286 Ει
1336 4231 1454 4300 ips’e
1501 4228 1696 4283 alicubi
1733 4245 1794 4281 ιι
1827 4227 2000 4294 Super

422 4337 582 4390 quem
617 4323 928 4392 respiciam,
976 4323 1080 4377 nisi
1116 4337 1282 4391 super
1313 4318 1594 4382 humilem,
1641 4328 1696 4372 et
1733 4317 1998 4387 quietum,

423 4420 478 4468 et
507 4421 822 4466 trementem
861 4427 1141 4468 sermones
1180 4425 1328 4466 meos
1344 4409 1436 4462 "‘i
1463 4429 1483 4460 ι

499 4503 658 4574 158
679 4506 836 4559 Vnus.
862 4506 916 4568 5,
943 4506 996 4558 4.
1029 4505 1140 4572 Ipsi
1169 4502 1376 4557 Baalim
1402 4499 1763 4565 immolabant,
1784 4512 1831 4554 et
1858 4499 1997 4553 scul-

423 4597 640 4667 ptilibus
659 4596 958 4650 adolebant.
984 4596 1050 4648 Et
1066 4611 1157 4664 ego
1183 4593 1418 4661 colligavi
1435 4590 1706 4658 Ephraim,
1730 4600 1777 4644 et
1795 4592 1996 4658 suscepi

425 4705 539 4743 eum
563 4705 716 4758 super
743 4687 1012 4741 brachium
1052 4701 1246 4748 meum,
1277 4694 1322 4736 et
1353 4699 1453 4736 non
1484 4690 1849 4751 cognoverunt,
1875 4683 1998 4754 quia

424 4796 554 4833 sano
584 4797 668 4834 eos
721 4779 778 4832 in
817 4779 1151 4844 corruptione
1201 4775 1491 4829 hominum.
1543 4773 1768 4846 Extendi
1807 4791 1894 4829 eos
1945 4774 1999 4828 in

425 4871 642 4925 vinculis
671 4869 942 4924 charitalis
970 4883 1114 4919 mean

494 4958 728 5014 CXXVI.
803 4958 1124 5010 lmmensam
1180 4965 1234 5009 et
1287 4955 1563 5009 divinitate
1613 4952 1728 5022 ejus
1777 4954 1993 5024 dignam

426 5052 605 5105 inesse
660 5049 767 5102 Deo
818 5048 1283 5101 mansuetudinem
1331 5047 1686 5101 demonstrat.
1735 5045 1805 5099 Iis
1851 5047 1992 5100 enim

427 5143 518 5204 qui
562 5137 930 5199 crediderunt,
975 5145 1029 5191 et
1076 5137 1248 5204 ipsum
1281 5142 1672 5205 cognoverunt,
1713 5133 1995 5203 solumque

425 5233 652 5283 adorare
685 5236 967 5294 cmperunt
999 5228 1136 5280 bona
1171 5226 1433 5289 tribuere,
1463 5224 1632 5278 videri
1664 5224 1832 5294 possit
1865 5239 2000 5280 con-

2093 498 2270 550 έκεῖνο
2313 498 2790 570 διενθυμοὺμενος,
2837 498 2871 570 ἢ
2908 497 3002 552 xui
3030 497 3205 567 λέγων
3236 498 3562 567 ἀναφανδόν.
3608 497 3674 551 Εἰ

2093 588 2316 660 ἔμελλον
2353 591 2767 656 ἀποπεσεῖσθαι,
2796 591 2890 643 καὶ
2927 590 2994 642 ὲκ
3035 589 3327 661 προσώπου
3350 589 3487 643 Θεοῦ
3519 590 3675 657 γενέ-

2095 681 2218 735 σθαι
2265 682 2406 736 κατὰ
2449 684 2673 754 καιροὺς
2713 683 2764 735 οἱ
2806 683 2863 749 ἐξ
2894 683 3126 754 αἵματος
3159 681 3395 752 Ἰσραὴλ,
3432 680 3678 751 βδελυροί

2092 788 2151 824 τε
2185 771 2404 825 ἔσεσθαι
2454 773 2548 826 xui
2576 772 2977 843 ἀπηχθημένοι,
3011 772 3065 825 τί
3091 772 3186 826 καὶ
3216 771 3350 835 ὅλως
3381 770 3676 839 κέκληνται

2092 861 2191 933 τὴν
2237 863 2447 934 ἀρχήνς
2499 862 2644 931 Πρὸς
2693 862 2866 917 ταῦτα
2896 863 3048 926 Θεὸς,
3088 863 3180 914 xui
3225 861 3374 930 μάλα
3424 859 3676 924 εἰκότως,

2093 953 2368 1025 ἐξηγεῖται
2393 954 2591 1024 τρόπον
2621 953 2763 1017 τινὰ,
2792 953 2986 1021 λέγων’
3025 972 3043 1004 ι
3074 954 3283 1024 Νήπιος
3323 952 3558 1024 Ἰσραὴλ,
3582 953 3681 1006 xui

2094 1043 2204 1110 ἐγὼ
2242 1045 2508 1114 ἠγάπησα
2556 1045 2737 1098 αὑτόν.
2756 1044 2849 1110 Ἐξ
2890 1045 3168 1114 Αἰγύπτου
3221 1044 3561 1113 μετεκάλεσα
3606 1042 3681 1098 τά

2093 1137 2259 1190 τέκνα
2282 1136 2470 1190 αὑτοῦ.
2493 1155 2511 1188 ι
2532 1136 2696 1208 Ἀνὴρ
2716 1137 2989 1201 ἄπλαστος
3017 1137 3229 1206 γέγονε,
3257 1137 3440 1208 φησὶν,
3460 1135 3678 1202 Ἰακὼϐ,

2094 1225 2150 1289 ὃς
2199 1228 2664 1298 μετεπωνομάσθη
2704 1229 2941 1300 Ἰσραήλ.
2975 1229 3245 1303 Ταύτητοι
3294 1229 3388 1282 xui
3415 1229 3680 1297 ἠγάπησα

2095 1318 2408 1372 αὑτόν.Ἔτι
2441 1320 2549 1390 γὰρ
2586 1319 2755 1374 ὄντων
2783 1322 2841 1373 ὲν
2883 1322 3086 1392 μήτρᾳ,
3121 1339 3140 1372 r
3173 1320 3277 1373 Τὸν
3299 1319 3498 1374 Ἰακὼϐ
3543 1319 3682 1388 ἠγά-

2096 1428 2266 1480 πησα,
2291 1411 2454 1482 φησί·
2487 1413 2579 1466 τὸν
2627 1412 2684 1465 δὲ
2717 1413 2886 1467 Ἦσαῦ
2917 1413 3175 1484 ἐμίσησα.
3210 1433 3227 1464 ι
3250 1412 3469 1482 Ἐπειδὴ
3499 1411 3681 1466 τοίνυν

2096 1502 2356 1572 ἠγάπησα
2388 1503 2572 1565 αὐτὸν,
2604 1502 2862 1576 ταύτῃτοι
2909 1505 3004 1557 xui
3053 1503 3338 1574 ἐξειλόμην
3383 1507 3480 1574 τῆς
3507 1503 3680 1570 Λίγυ-

2096 1596 2268 1649 πτίων
2307 1594 2623 1660 πλεονεξίας
2649 1595 2718 1648 τά
2743 1595 2910 1650 τέκνα
2939 1595 3126 1649 αὑτοῦ.
3166 1615 3184 1647 ι
3216 1595 3360 1648 Ποιῶ
3387 1595 3492 1664 γὰρ
3529 1594 3680 1657 ἔλεος

2097 1688 2177 1749 εἰς
2205 1685 2444 1756 χιλιάδας
2467 1688 2578 1749 τοῖς
2609 1686 2866 1754 ἀγαπῶσι
2901 1704 2991 1758 με.
3024 1705 3042 1739 ι
3075 1687 3140 1740 Τί
3174 1682 3266 1740 οὖν
3297 1687 3346 1740 οἱ
3377 1685 3680 1755 τετιμημέ-

2096 1795 2175 1830 νοι
2223 1778 2318 1832 xui
2343 1778 2632 1832 ἀπόλεκτοι
2661 1778 2749 1832 διὰ
2772 1780 2898 1843 τοὺς
2934 1780 3205 1850 πατέρας;
3236 1780 3286 1832 οἱ
3311 1781 3376 1850 τῇ
3405 1781 3504 1850 τῆς
3531 1778 3681 1830 ἐλευ-

2098 1869 2283 1941 θερίας
2311 1871 2664 1942 τετιμημένοι
2702 1871 2910 1944 χάριτι,
2941 1871 3036 1926 xui
3073 1872 3316 1934 δουλείας
3371 1870 3466 1924 xui.
3501 1870 3681 1923 πόνων

2095 1959 2539 2030 ἀπηλλαγμένοις
2568 1954 2714 2032 ’Δρα
2739 1961 3104 2031 τετιμήκασιν
3129 1978 3144 2028 ;
3173 1955 3282 2030 ἆρα
3304 1961 3424 2023 ταῖς
3445 1957 3680 2018 εὐνοίαις

2096 2050 2518 2121 κατευφραίνειν
2550 2050 2888 2105 ἐσπούδασαν
2911 2051 3003 2103 τὸν
3032 2049 3483 2122 ὑπερασπίσαντα
3506 2047 3678 2112 Θεόν;

2096 2139 2379 2209 Οὐδαμῶς,
2416 2141 2596 2209 φησιν.
2627 2140 3133 2212 Ἀποδεδραμήκασι
3182 2139 3291 2210 γὰρ
3327 2138 3422 2192 τοῦ
3469 2138 3680 2192 Δεσπὸ-

2095 2246 2211 2294 του,
2245 2229 2528 2301 ἀπῲχοντο
2553 2231 2644 2284 τοῦ
2679 2233 3057 2304 τετιμηκότος,
3093 2233 3322 2304 ὕϐρισαν
3355 2231 3444 2285 τὸν
3477 2229 3681 2301 κεκλη-

2097 2325 2250 2379 κότα.
2273 2323 2586 2392 Ἀπῲχοντο
2615 2322 2690 2387 δὲ,
2720 2325 2840 2376 τίνα
2871 2324 3104 2394 τρόπον;
3139 2319 3249 2394 ἆρα
3279 2322 3399 2377 καθ’
3426 2321 3542 2384 ἕνα,
3584 2321 3682 2375 xui

2096 2418 2220 2474 κατ’
2241 2417 2458 2486 ὀλίγους
2489 2415 2582 2470 τοῦ
2619 2419 2836 2488 φρονεῖν
2875 2415 3050 2485 ὀρθῶς
3082 2414 3547 2486 ἀπωλισοηκότες,
3583 2415 3684 2468 xui

2096 2513 2216 2576 ταῖς
2247 2529 2409 2566 τινων
2433 2510 2669 2572 ἀπάταις
2695 2508 3191 2577 ὑποκλεπτόμενοι;
3222 2507 3520 2578 Οὑμενουν.
3541 2508 3682 2560 Ἀπ-

2098 2604 2284 2674 έθορον
2327 2603 2434 2675 γάρ
2485 2601 2696 2666 οὑτως,
2749 2600 2938 2670 ῶσπερ
2983 2599 3175 2669 ἀμέλει
3225 2598 3319 2652 xui
3363 2597 3682 2668 κέκληνται,

2096 2695 2363 2761 τουτέστι,
2397 2695 2538 2750 κατὰ
2583 2695 2790 2765 πληθὺν
2823 2693 2952 2764 ὅλην
2997 2695 3092 2746 xui
3135 2694 3276 2747 κατὰ
3307 2693 3500 2764 φυλὰς,
3535 2711 3684 2762 παγ-

2098 2786 2230 2856 γενῆ
2272 2803 2332 2838 τε
2382 2785 2476 2839 xui
2516 2785 2755 2837 πανοικί.
2778 2783 3033 2856 Ἐξῆλθον
3063 2784 3170 2855 γὰρ
3205 2782 3350 2838 οὕτω
3381 2787 3480 2854 τῆς
3517 2783 3687 2852 Αίγύ-

2100 2893 2232 2928 πτου
2259 2876 2398 2930 κατὰ
2425 2874 2668 2946 καιρούς.
2689 2877 2770 2929 Ms
2782 2876 3034 2946 μνήμεθα
3060 2876 3138 2941 δὲ,
3167 2876 3250 2929 ὅτι
3282 2873 3433 2945 μόλις
3457 2875 3685 2944 ἀνήσειν

2098 2966 2191 3018 τὸν
2225 2965 2440 3038 Ἰσραὴλ
2474 2967 2904 3038 ὑπισχνουμένου
2939 2966 3033 3020 τοῦ
3067 2965 3284 3037 Φαραὼ,
3315 2967 3410 3019 xui
3440 2965 3538 3036 τὴν
3574 2966 3684 3018 ἀπ-

2100 3057 2361 3129 αίρουσαν
2405 3058 2569 3112 αὑτοῦ
2615 3057 2824 3128 πληθὺν
2854 3058 3158 3130 ἀναμαθεῖν
3182 3058 3472 3121 ἐθέλοντος,
3501 3057 3688 3125 λέγον-

2101 3149 2190 3212 τός
2214 3165 2274 3202 τε
2311 3148 2518 3218 σαφῶς,
2562 3169 2580 3201 ι
2611 3151 2766 3213 Τίνες
2807 3150 2902 3204 καὶ
2939 3150 3085 3214 τίνες
3130 3150 3267 3204 εἰσὶν
3298 3151 3346 3202 oi
3382 3149 3686 3220 πορευόμε-

2099 3256 2215 3305 νοι;
2245 3258 2265 3292 ι
2288 3240 2492 3310 Μωσῆς
2515 3240 2856 3310 ἀπεκρίνετο·
2879 3258 2897 3291 ι
2919 3241 3024 3295 Σὺν
3047 3243 3160 3304 τοῖς
3182 3240 3484 3302 νεανίσκοις
3504 3239 3684 3310 ὴμῶν,

2099 3331 2194 3385 xui
2240 3332 2336 3384 σὺν
2381 3334 2493 3393 τοῖς
2539 3333 2930 3403 πρεσϐυτέροις
2963 3333 3119 3404 ἡμῶν
3149 3331 3551 3404 πορευσόμεθα,
3586 3330 3685 3384 σὺν

2098 3424 2211 3486 τοῖς
2237 3423 2392 3486 υἱοῖς,
2427 3423 2518 3475 xui
2548 3423 2873 3494 θυγατράσι,
2904 3426 2998 3477 καὶ
3028 3424 3343 3496 προϐάτοις,
3376 3424 3470 3476 xui
3499 3423 3686 3492 βουσὶν

2099 3514 2276 3584 ημῶν.
2311 3532 2330 3565 ι
2365 3513 2574 3567 Οὐκοῦν
2605 3515 2744 3569 κατά
2774 3515 2945 3584 φυλάς
2969 3515 3097 3579 ὅλας
3146 3515 3240 3570 xui.
3268 3516 3409 3568 κατὰ
3450 3515 3685 3587 πληθὺν,

2100 3605 2244 3658 κατά
2293 3605 2448 3674 γένος
2489 3623 2548 3658 τε
2597 3607 2692 3659 xui.
2731 3609 2912 3671 οἴκους
2942 3609 2976 3676 ἡ
3013 3608 3224 3678 κλῆσις.
3259 3607 3416 3661 Κατὰ
3449 3607 3540 3660 τὸν
3571 3609 3687 3661 ἴσον

2098 3692 2157 3745 δὲ
2186 3693 2385 3763 τρόπον
2418 3693 2511 3746 xui
2545 3695 2578 3764 ἡ
2611 3693 2932 3760 ἀπόστασις,
2961 3690 3027 3765 ἦς
3053 3696 3114 3749 τὸ
3148 3696 3380 3758 ἀκαλλὲς
3412 3695 3491 3748 ὅτι
3523 3695 3687 3766 μάλι-

2101 3801 2203 3836 στα
2239 3784 2515 3855 σημαίνει,
2544 3785 2720 3854 λέγων
2752 3786 2831 3852 τὸ,
2874 3807 2892 3839 ι
2924 3788 3233 3858 Ἀπῴχοντο
3275 3789 3340 3842 ὲκ
3388 3787 3686 3859 προσώπου

2104 3889 2228 3942 μου.
2256 3891 2273 3924 ι
2306 3871 2412 3936 Οὓς
2433 3873 2542 3944 γὰρ
2567 3872 2632 3926 ἂν
2656 3875 2828 3927 ’έλοιτο
2856 3880 3075 3947 μισεῖνό
3095 3877 3204 3931 τῶν
3232 3877 3368 3931 ὅλων
3383 3879 3685 3946 Δεσπότης,

2101 3961 2208 4014 οὐδ’
2231 3962 2298 4016 ἂν
2343 3961 2722 4032 ἐπισκέψαιτο,
2753 3966 2872 4018 κατ’
2899 3967 3094 4031 έκεῖνο,
3133 3967 3294 4038 φημὶ,
3325 3967 3386 4020 τὸ
3431 3968 3488 4020 ὲν
3536 3967 3689 4020 Ψαλ-

2105 4053 2225 4120 μοῖς
2254 4051 2586 4122 ὑμνούμενον
2605 4069 2618 4082 ·
2661 4071 2680 4105 ι
2710 4053 3030 4124 Ἐπίϐλεψον
3072 4057 3158 4109 ἐπ’
3190 4056 3309 4127 ἐμὲ,
3338 4057 3432 4110 xui
3465 4057 3689 4128 ἐλέησόν

2105 4157 2195 4211 με.
2227 4159 2245 4192 ι
2296 4143 2608 4213 Γέγραπται
2657 4144 2784 4215 γὰρ.
2833 4147 2916 4199 ὅτι
2969 4167 2986 4198 ι
3015 4147 3317 4218 Ὀφθαλμοὶ
3349 4149 3555 4220 Κυρίου
3595 4151 3690 4202 ἐπὶ

2101 4231 2344 4295 δικαίους
2366 4251 2379 4264 ο
2411 4253 2428 4284 ι
2460 4234 2556 4288 xui.
2589 4235 2748 4300 αὐτὸς
2779 4236 2835 4289 δέ
2869 4236 2971 4289 πού
2997 4252 3183 4307 φησιν’
3220 4258 3239 4291 ‹
3265 4238 3393 4292 Ἐπὶ
3425 4239 3548 4294 τίνα
3569 4241 3691 4294 ἐπι-

2104 4323 2305 4392 ϐλέψω,
2343 4325 2458 4378 ἀλλ’
2483 4325 2513 4396 ἢ
2547 4327 2638 4379 ἐπὶ
2663 4327 2753 4380 τὸν
2778 4329 3032 4382 ταπεινὸν
3056 4329 3150 4382 xui
3173 4329 3414 4400 ἡσύχιον.
3441 4331 3536 4384 xui
3556 4331 3689 4402 τρέε

2032 4445 2076 4501 D
2113 4432 2282 4486 μοντα
2311 4417 2436 4477 τοὺς
2468 4415 2658 4484 λόγους
2695 4434 2833 4487 μου;
2869 4436 2887 4470 ι

2174 4503 2352 4557 Αὐτοὶ
2402 4502 2526 4570 τοῖς
2551 4505 2816 4574 Βααλεὶμ
2857 4506 3056 4570 ἔθυον,
3091 4507 3189 4561 καὶ
3235 4507 3360 4572 τοῖς
3398 4506 3691 4576 γλυπτοῖς

2104 4593 2379 4662 ἐθυμίων.
2409 4593 2519 4646 Καὶ
2558 4593 2674 4664 ἐγὼ
2719 4595 3097 4648 συνεπόδισα
3140 4597 3245 4650 τὸν
3291 4596 3557 4666 Ὲφραῒμ,
3587 4595 3692 4649 καὶ

2105 4683 2404 4739 ἀνέλαϐον
2437 4685 2624 4741 αὑτὸν
2656 4687 2754 4740 ἐπὶ
2794 4687 2901 4740 τὸν
2926 4689 3227 4757 βραχίονά
3260 4706 3400 4758 μου.
3429 4687 3542 4742 Καὶ
3575 4690 3691 4742 οὐκ

2104 4775 2381 4842 ἔγνωσαν
2396 4773 2486 4829 ὅτι
2515 4775 2679 4844 ταμαι
2703 4777 2925 4844 αὐτοὺς
2946 4778 3014 4830 ἐν
3032 4777 3326 4847 διαφθορᾷ
3342 4778 3688 4846 ἀνθρώπων.

2122 4865 2415 4929 Ἐξέτεινα
2441 4865 2665 4933 αὐτοὺς
2693 4867 2761 4920 ἐν
2783 4867 3027 4938 δεσμοῖς
3053 4869 3412 4938 ἀγαπιὶονεώς
3437 4887 3577 4938 μου.

2174 4958 2366 5023 PKQ".
2408 4956 2742 5028 Ἀμὲτρητον
2780 4955 2947 5013 οὖσαν
3011 4961 3104 5014 xui
3149 4960 3428 5032 θεοπρεπῆ
3471 4960 3568 5031 τὴν
3598 4962 3691 5014 ὲν-

2100 5045 2265 5100 οὖσαν
2305 5045 2453 5116 αὑτῷ
2498 5046 2767 5102 δείκνυσιν
2799 5050 3133 5121 ἡμερότητα.
3164 5050 3237 5102 Τὸ
3285 5051 3382 5120 μὲν
3422 5050 3530 5121 γὰρ
3576 5053 3689 5114 τοῖς

2101 5136 2201 5206 ἤδη
2235 5137 2641 5204 πεπιστευκόσι,
2667 5141 2762 5193 xui
2801 5141 3172 5209 ὲπεγνωκόσιν
3200 5142 3383 5204 αὐτὸν,
3411 5142 3504 5195 xui
3539 5141 3688 5210 αὑτῷ

2098 5226 2164 5295 δὴ
2194 5227 2338 5298 μόνῳ
2363 5233 2689 5298 προσκυνεῖν
2722 5231 3020 5302 ᾑρημένοις
3065 5233 3361 5303 ἀπονέμειν
3387 5233 3453 5286 τὰ
3486 5231 3689 5301 ἀγαθὰ,

427 5322 671 5380 veniens,
703 5327 757 5372 et
787 5317 855 5372 ab
880 5318 1132 5386 aequitate
1153 5317 1388 5370 alienum
1425 5330 1528 5368 non
1557 5324 1663 5369 est.
1691 5313 1995 5384 Unusquis-

2102 5321 2260 5390 λόγον
2291 5324 2358 5375 ἂν
2387 5323 2500 5394 ἔχοι
2531 5325 2622 5378 τὸν
2651 5327 2953 5399 πρέποντα,
2979 5329 3074 5381 xui
3097 5327 3198 5380 οὑκ
3227 5327 3331 5394 ἔξω
3359 5326 3454 5379 τοῦ
3480 5326 3692 5389 εἰκότος

425 5425 531 5479 que
565 5410 708 5464 enim
740 5409 1008 5465 siouidem
1036 5420 1185 5465 recte
1213 5409 1392 5462 facere
1428 5406 1577 5473 velit,
1610 5405 1720 5477 jam
1754 5406 1992 5462 deditum

2101 5412 2163 5466 τὸ
2194 5415 2382 5486 χρῆμα
2415 5415 2674 5472 κείσεται.
2706 5418 2854 5490 Τιμᾷ
2895 5419 3005 5489 γάρ
3031 5437 3138 5484 τις,
3170 5421 3328 5490 είπερ
3362 5419 3533 5472 ἕλοιτο
3557 5418 3695 5489 δρᾷν

521 5594 564 5625 ¹⁷
588 5593 812 5650 Malacli.
873 5611 912 5660 ι,
947 5597 1000 5652 5.

504 5665 547 5696 η
572 5664 670 5720 lsa.
704 5681 848 5730 LXVI,
878 5667 928 5720 2.

1149 5596 1192 5628 "
1217 5593 1383 5650 Exod.
1418 5608 1511 5661 xx,
1546 5590 1599 5647 6.
1678 5591 1721 5623 ¹⁹
1747 5591 1916 5651 Exod.
1942 5609 1995 5662 x,

2153 5597 2209 5654 9.
2397 5600 2441 5631 ὀ
2466 5600 2609 5658 Psal.
2646 5617 2845 5672 Lxxxv,
2881 5606 2970 5660 l6.
3045 5607 3087 5638 ¹¹
3119 5606 3258 5664 Psal.
3292 5617 3486 5668 χχχιιι,
3525 5599 3612 5656 ιδ.
