3982 6502
188 360 291 418 8‘33

1117 350 1678 414 COMMENTARIUS
1717 349 1782 405 IN
1825 346 2059 404 OSEAM
2102 345 2550 402 PROPHETAM.

3375 349 3407 406 ‘2
3415 351 3480 405 ἱὶῧ

187 476 382 550 ὀρθῶς,
415 475 510 529 τὸν
542 477 743 529 οἰκεῖον
775 477 898 548 ἤδη,
930 475 1028 529 καὶ
1057 471 1608 545 προσδεδραμηκότα.
1637 469 1711 524 Τὸ
1732 467 1794 522 δὲ’

1902 465 2021 530 sibi,
2063 473 2118 522 et
2168 479 2198 519 a
2241 465 2346 518 ﬁde
2389 479 2484 519 sua
2543 463 2684 517 ultro
2736 462 3064 534 pendentem
3115 466 3366 520 honorat.
3417 470 3487 524 At

188 571 276 624 καὶ
303 571 416 631 τοῖς
446 568 699 638 βεϐήλοις
729 569 834 633 ἔτι,
872 569 967 622 καὶ
1008 569 1109 621 οὐκ
1138 566 1338 620 εἰδόσιν
1379 565 1565 631 αὑτὸν,
1592 564 1795 628 παντὸς

187 657 390 727 ἀγαθοῦ
423 657 716 727 φαίνεσθαι
749 658 1019 728 χορηγὸν,
1060 657 1372 728 ὑπερϐολὴν
1415 656 1481 711 ἂν
1523 655 1638 726 ἔχοι
1673 656 1794 725 φιλ-

186 747 523 817 ανθρωπίας,
561 747 657 801 καὶ
706 746 1008 818 θαύματος,
1044 747 1138 800 καὶ
1185 747 1528 818 θεοπρεποῦς
1579 747 1794 817 ἀληθῶς

183 839 461 906 ἀπόδειξιν
496 839 862 910 ἡμερότητος.
895 839 1192 913 Τοιγάρτοι
1237 839 1332 893 καὶ
1360 839 1525 904 αὐτὸς
1556 839 1794 909 ἔφασκεν

182 935 210 988 ὀ
236 931 453 1005 Σωτὴρ,
487 933 883 1004 κατοικτείρων
913 935 981 988 τά
1015 934 1136 988 καθ’
1172 935 1341 1005 ἡμᾶς,
1394 935 1486 989 καὶ
1515 935 1606 988 τὸν
1637 935 1795 988 οὐδα-

187 1024 349 1096 μόθεν
375 1025 666 1096 πρέποντα
688 1027 802 1090 τοῖς
821 1025 1138 1097 φιλαμαρτή
1149 1043 1306 1096 μοσιν
1329 1021 1479 1079 ἔλεον
1504 1025 1794 1097 ἀπονέμων

179 1117 252 1181 ὡς
278 1116 448 1182 Θεὸς,
483 1115 618 1170 ποτὲ
654 1117 783 1187 μὲν,
810 1117 894 1170 ὅτι
924 1135 942 1168 ι
975 1117 1048 1169 Οὐ
1076 1116 1265 1187 χρείαν
1296 1115 1510 1186 ἔχουσιν
1537 1116 1586 1168 οἱ
1616 1115 1797 1184 ὑγιαί-

181 1225 364 1271 νοντες
403 1209 598 1279 ἰατροῦ
618 1248 632 1269 ,
663 1207 781 1262 ἀλλ’
813 1209 863 1262 οἱ
887 1208 1073 1272 κακῶς
1109 1208 1352 1278 ἔχοντες⁹
1394 1226 1412 1258 ι
1448 1208 1579 1261 ποτε
1605 1207 1661 1261 δὲ
1692 1207 1797 1260 πά-

181 1299 282 1367 λιν,
315 1319 337 1352 ‹
369 1300 490 1354 Οὐκ
519 1295 687 1372 ἦλθον
717 1300 946 1356 καλέσαι
977 1300 1241 1364 δικαίους,
1272 1298 1409 1354 ἀλλὰ
1437 1298 1795 1372 ἁμαρτωλοὺς

180 1393 257 1454 είς
291 1393 617 1460 μετάνοιαν.
651 1409 669 1443 ι
719 1391 918 1447 Καίτοι
977 1392 1180 1458 τοίνυν,
1227 1392 1458 1463 φησ“ι....
1491 1391 1791 1457 τουτέστιν,

179 1484 224 1534 οἱ
256 1483 318 1549 ἐξ
351 1483 583 1554 Ἰσραὴλ
613 1482 926 1538 ἐπλανῶντο
968 1484 1112 1537 κατὰ
1155 1484 1254 1554 τὴν
1304 1484 1600 1552 Αἴγυπτον,
1642 1483 1795 1536 οὔπω

179 1575 310 1630 Θεὸν
355 1576 570 1646 ᾔδεσαν
618 1575 712 1630 τὸν
755 1574 1050 1646 ἀληθινὸν,
1099 1562 1238 1645 ἐμέο
1285 1573 1684 1645 κατεφωρῶντο
1736 1574 1794 1628 δὲ

183 1668 386 1739 μᾶλλον
424 1668 623 1732 θυσίας
655 1667 1027 1740 προσάγοντες
1071 1668 1185 1730 τοῖς
1227 1666 1494 1738 Βααλεὶμ,
1526 1667 1792 1730 τουτέστι,

179 1763 286 1824 τοῖς
314 1759 587 1824 εἰδώλοις,
612 1759 924 1832 θυμιῶντες
950 1761 1065 1824 τοῖς
1095 1759 1376 1828 γλυπτοῖς,
1405 1759 1525 1830 ἦτοι
1550 1761 1662 1825 τοῖς
1683 1759 1792 1813 τῶν

1900 571 2028 614 vero
2058 565 2113 613 et
2135 555 2378 628 profanis
2412 556 2615 619 adlmc,
2650 565 2706 609 et
2731 555 2906 624 ipsum
2934 555 3302 613 nescientibus
3323 573 3489 618 omne

1898 649 2099 703 bonum
2137 648 2312 718 palam
2346 647 2560 717 largiri,
2609 647 2964 702 excellentem
3002 649 3392 718 benignitatem
3435 662 3492 713 et

1899 743 2318 798 admirationem
2347 741 2546 806 habet,
2590 749 2644 795 et
2683 755 2872 796 revera
2915 743 3350 800 mansuetudinis
3378 743 3490 800 Deo

1898 831 2131 900 propria:
2190 830 2548 887 indubitabile
2594 839 2679 885 est
2728 831 3008 886 indicium.
3059 831 3240 904 Quare
3283 845 3337 890 et
3374 837 3490 906 ipse

1897 924 2175 992 Salvator,
2206 926 2474 980 miserans
2507 937 2593 980 res
2620 932 2857 988 nostras,
2892 934 2947 979 et
2980 927 3245 996 peccandi
3277 929 3490 1000 cupidis

1898 1019 2217 1090 neutiquam
2255 1018 2600 1074 tribuendam
2647 1017 3082 1074 misericordiam
3123 1029 3181 1073 ut
3213 1018 3356 1075 Deus
3386 1022 3487 1075 im-

1897 1113 2162 1181 pertiens,
2219 1112 2460 1176 dicebat,
2513 1110 2627 1180 jam
2679 1109 2896 1178 quidem
2940 1130 2953 1166 :
2994 1127 3012 1162 ι
3045 1109 3160 1165 Νοιι
3225 1122 3309 1166 est
3356 1129 3492 1181 opus

1897 1207 2038 1260 bene
2063 1203 2370 1260 valentibus
2401 1204 2664 1271 medicus,
2695 1203 2792 1259 sed
2832 1202 2973 1258 male
2997 1203 3389 1260 habentibus"
3418 1223 3433 1268 ;
3467 1225 3486 1258 ι

1892 1297 2006 1368 jam
2049 1312 2264 1352 rursum
2295 1310 2310 1350 :
2341 1315 2359 1349 ι
2387 1295 2503 1352 Νοη
2549 1297 2669 1352 veni
2704 1312 2902 1353 vocare
2923 1296 3128 1365 justos,
3171 1300 3266 1353 sed
3297 1315 3495 1370 peccao

1899 1400 2046 1445 tores
2095 1391 2163 1446 ad
2222 1390 2594 1461 paenitentiam
2624 1392 2692 1444 “.
2728 1409 2746 1442 ι
2809 1389 2901 1445 Ait
2959 1406 3188 1462 ergo....
3231 1393 3336 1448 hoc
3385 1404 3490 1462 est,

1897 1481 2159 1538 Israelita:
2211 1483 2264 1536 in
2312 1481 2547 1555 Egypto
2597 1497 2839 1538 errorem
2890 1499 3048 1539 suum
3098 1484 3489 1555 sequebantur,

1897 1574 2135 1628 nondum
2175 1573 2340 1629 Deum
2373 1588 2582 1639 verum,
2631 1588 2716 1628 me
2757 1573 2987 1641 scilicet,
3021 1575 3304 1642 sciebant;
3340 1591 3494 1632 com-

1897 1666 2036 1735 perti
2093 1675 2273 1721 autem
2329 1675 2456 1720 sunt
2506 1665 2679 1736 magis
2738 1665 2985 1733 Baalim,
3050 1668 3102 1721 id
3150 1677 3236 1722 est
3305 1669 3488 1739 idolis,

1898 1758 2104 1815 hostias
2139 1758 2444 1821 immolare,
2467 1767 2517 1812 et
2554 1758 2776 1813 adolere
2809 1759 2967 1812 thura
3000 1759 3331 1829 simulacris,
3378 1761 3495 1818 sive

178 1858 468 1930 ἐγχωρίων
505 1856 874 1928 σεϐάσμασιν.
896 1853 1044 1924 Ἐγὼ
1073 1854 1131 1909 δὲ
1155 1855 1389 1927 ἐπείπερ
1417 1854 1534 1927 εἰμὶ
1558 1857 1796 1928 χρηστός

1902 1853 2004 1908 diis
2032 1853 2322 1926 indigenis.
2372 1853 2669 1925 Egoovero,
2696 1855 2954 1926 quoniam
3005 1856 3272 1926 benignus
3304 1867 3358 1912 et
3394 1859 3493 1914 bo-

176 1967 234 2004 τε
285 1949 388 2003 καὶ
449 1947 694 2017 ἀγαθὸς,
731 1948 938 2019 καίπερ
989 1945 1162 2010 οὕτως
1222 1946 1414 2017 ἔχοντα
1472 1949 1794 2019 σκαιότητος

177 2041 264 2094 τὸν
289 2040 574 2112 Ἐφραῒμ,
613 2040 736 2112 ἦτοι
760 2039 887 2094 καθ’
916 2039 1040 2093 ὅλου
1075 2038 1167 2093 τὸν
1197 2038 1434 2112 Ἰσραὴλ,
1463 2039 1539 2104 ὡς
1570 2041 1632 2092 ἐκ
1667 2042 1796 2111 μιᾶς

180 2133 370 2188 ἐνθάδε
404 2134 588 2204 φυλῆς
621 2132 976 2205 δηλούμενον,
1004 2131 1348 2194 συνεπόδισα,
1385 2117 1571 2202 φησίν.
1603 2131 1713 2184 Καὶ
1742 2133 1796 2185 τί

181 2226 242 2296 δὴ
268 2225 438 2278 τοῦτό
473 2227 652 2288 ἐστιν,
688 2222 856 2287 αὐτὸς
883 2222 1204 2295 διεσάφησε,
1231 2223 1406 2293 λέγων
1427 2239 1440 2252 ·
1477 2224 1794 2277 «Ἀνέλαϐον

179 2320 338 2374 αὑτὸν
364 2319 464 2373 ἐπὶ
494 2319 592 2373 τὸν
623 2317 888 2389 βραχίονα
922 2333 1045 2388 μου.
1082 2336 1100 2368 ι
1121 2318 1188 2370 Ἠ
1210 2317 1264 2371 δὲ
1293 2315 1386 2370 τοῦ
1411 2317 1793 2389 παραδείγμα-

181 2427 268 2474 τος
305 2410 597 2482 ὁμοιότης,
625 2409 703 2473 ὡς
737 2411 802 2462 ἐκ
831 2408 926 2462 τοῦ
954 2409 1234 2481 δρωμένου
1266 2409 1394 2480 περὶ
1418 2409 1488 2462 τὰ
1511 2409 1703 2480 νήπια.
1732 2407 1793 2463 Οἱ

182 2500 290 2571 γὰρ
312 2500 386 2553 τὰ
418 2499 602 2571 μικρά
634 2499 744 2552 τῶν
772 2498 990 2570 βρεφῶν
1022 2499 1102 2561 είς
1147 2500 1339 2570 χεῖρας
1382 2497 1794 2569 ἀναλαμϐάνον-

181 2611 290 2658 τες.
336 2593 510 2646 οἱονεὶ
560 2589 982 2663 συμποδίζουσιν
1012 2587 1173 2654 αὐτὰ,
1223 2589 1638 2659 συνενεγκόντες
1670 2590 1797 2656 τοὺς

182 2684 370 2747 πόδας.
421 2684 518 2736 Δεῖ
562 2683 696 2754 γὰρ,
734 2679 910 2752 οἶμαι,
944 2680 1334 2735 συστέλλεσθαι
1368 2681 1576 2755 μηρούς
1606 2701 1668 2737 τε
1698 2685 1795 2739 καὶ

181 2778 386 2852 γόνατα
425 2777 638 2840 παντὸς
668 2776 766 2829 τοῦ
804 2774 1180 2847 συνιζηκότος,
1215 2776 1486 2844 τουτέστι,
1519 2777 1582 2832 τὸ
1625 2799 1644 2831 ι
1678 2797 1796 2832 συν-

183 2871 438 2925 επόδισα·
476 2888 496 2921 ι
556 2868 818 2940 καθάπερ
863 2867 1056 2939 ἀμέλει
1104 2867 1200 2921 καὶ
1251 2869 1382 2941 περὶ
1421 2869 1516 2923 τοῦ
1540 2871 1795 2942 Ἀϐραὰμ

183 2967 522 3037 γέγραπται,
548 2964 633 3020 ὄτι
665 2960 1222 3016 συνεπόδισενῚσαὰκ
1241 2961 1333 3015 τὸν
1357 2961 1470 3015 υίδν
1493 2963 1680 3026 αὑτοῦ,
1706 2965 1795 3017 ὅτε

182 3060 275 3116 καὶ
306 3059 466 3112 θύειν
493 3056 660 3110 αὐτὸν
688 3055 1061 3126 προσεδόκησε
1091 3053 1168 3126 τῷ
1201 3054 1340 3126 Θεῷ.
1382 3056 1594 3111 Εξδέναι
1625 3056 1680 3110 δὲ
1705 3057 1796 3110 ἁν-

180 3153 435 3220 αγκαῖον,
479 3149 562 3202 ὅτι
603 3147 715 3200 τῶν
750 3146 1023 3220 Ἐϐραίων
1121 3146 1354 3215 ἕκδοσις,
1381 3147 1476 3202 καὶ
1507 3148 1614 3220 μὴν
1647 3150 1795 3220 καὶὴ
1836 3201 1840 3205 .

1903 1961 2005 2001 nus
2049 1961 2194 2012 sum,
2245 1944 2529 2017 Ephraim,
2574 1948 2689 2002 sive
2741 1947 3053 2003 universum
3102 1949 3265 2004 lsrael
3301 1951 3382 2022 (ut
3427 1968 3494 2008 ex

1902 2047 2006 2091 una
2050 2037 2192 2091 tribu
2223 2037 2312 2092 hic
2359 2037 2770 2108 signiﬁcatum),
2813 2055 3124 2111 quanquam
3174 2045 3309 2100 adeo
3342 2047 3495 2101 Stoli-

1901 2127 2029 2182 dum
2058 2128 2333 2199 colligavi,
2358 2129 2556 2200 inquit.
2588 2130 2742 2198 Quod
2767 2135 2896 2202 quid
2932 2135 3026 2200 sit,
3059 2136 3287 2206 ipsemet
3312 2139 3496 2194 decla-

1904 2229 2008 2285 rat,
2057 2239 2074 2271 ι
2105 2221 2320 2292 suscepi
2370 2236 2496 2278 eum
2550 2238 2715 2294 super
2744 2223 3025 2281 brachium
3079 2243 3277 2284 meum.
3307 2249 3325 2282 ι
3365 2229 3496 2299 Qua:

1904 2311 2203 2369 similitudo
2259 2313 2327 2369 ab
2374 2314 2440 2370 iis
2485 2330 2607 2386 quae
2664 2315 2964 2374 infantibus
3015 2319 3184 2386 ﬁunt,
3251 2323 3495 2381 ducitur.

1904 2401 2004 2469 Qui
2045 2404 2190 2458 cnim
2234 2403 2470 2462 infantes
2525 2409 2578 2462 in
2630 2411 2786 2465 ulnas
2829 2412 3154 2482 suscipiunt,
3204 2415 3362 2484 quasi
3401 2431 3499 2472 eos

1903 2494 2258 2562 compedibus
2318 2494 2508 2566 ligant,
2574 2499 2700 2554 dum
2752 2514 2940 2556 eorum
2987 2504 3150 2572 pedes
3198 2507 3496 2575 stringunt.

1903 2581 2130 2655 Oportet
2194 2588 2386 2657 enim,
2423 2599 2481 2644 ut
2543 2591 2824 2657 arbitror,
2865 2595 3112 2650 contrahi
3171 2594 3381 2653 femora
3441 2609 3502 2656 οι

1903 2692 2075 2748 genua
2123 2679 2412 2751 cujuslibet
2458 2682 2812 2739 considentis.
2847 2684 3022 2755 Atque
3061 2687 3165 2742 hoc
3205 2699 3309 2756 est,
3344 2707 3364 2742 ι
3394 2693 3499 2746 col.

1905 2770 2096 2843 ligari;
2146 2789 2165 2825 ι
2220 2773 2365 2830 sicut
2433 2773 2685 2831 videlicet
2759 2785 2814 2832 et
2879 2779 2945 2835 de
3012 2780 3288 2838 Abraham
3355 2787 3494 2841 seri.

1903 2873 2052 2936 ptum
2107 2876 2231 2933 est,
2285 2880 2411 2922 eum
2491 2867 2780 2940 colligasse
2860 2868 3012 2926 Isaac
3063 2872 3232 2930 lilium
3313 2891 3494 2947 suum,

1903 2958 2336 3014 sacriﬁcaturum
2368 2959 2479 3016 Deo
2497 2960 2565 3028 ",
2605 2971 2665 3016 ut
2699 2962 2942 3031 putabat.
2996 2963 3287 3022 Sciendum
3335 2982 3500 3038 porro

1905 3049 2255 3107 Hebraeorum
2301 3053 2600 3108 editionem
2657 3063 2820 3125 atque
2877 3055 3110 3112 aliorum
3164 3059 3330 3115 etiam
3388 3078 3499 3122 non

1905 3143 2128 3212 habere,
2187 3143 2583 3216 (colligavip
2652 3148 2750 3202 sed
2808 3147 2940 3204 illud
3005 3150 3206 3218 potius,
3273 3151 3500 3213 «factus

180 3241 289 3296 τῶν
323 3241 564 3312 ἐτέρων,
605 3239 706 3292 οὐκ
749 3237 865 3308 ἔχει
896 3237 980 3304 τὸ,
1019 3255 1036 3289 ι
1074 3237 1420 3295 συνεπόδισα.
1455 3259 1472 3290 ι
1505 3239 1796 3293 Τεθείκασι

1902 3250 2021 3290 sum
2061 3233 2214 3305 quasi
2257 3237 2516 3292 nutritius
2537 3237 2816 3306 Ephraim.
2848 3259 2868 3294 ι
2906 3239 3093 3313 itaque
3135 3258 3235 3314 ego
3279 3245 3500 3316 quidem

178 3334 238 3388 δὲ
267 3333 478 3404 μᾶλλον
514 3333 598 3395 τὸ,
638 3351 655 3382 ι
690 3331 925 3399 Γέγονεν
976 3329 1054 3394 ὡς
1104 3329 1324 3403 τιθηνὸς
1357 3330 1436 3404 τῷ
1477 3333 1740 3404 Ἐφραῖμ.
1774 3352 1794 3385 ι

177 3425 394 3481 ῧῦκοῦν
426 3424 544 3494 ἐγὼ
582 3424 683 3494 μὲν
728 3422 858 3494 περὶ
897 3421 1097 3486 αὐτοὺς
1130 3422 1395 3490 τοιοῦτος,
1423 3423 1576 3477 αὐτοὶ
1613 3424 1669 3478 δὲ
1700 3425 1801 3478 οὐκ

176 3522 456 3589 ἔγνωσαν,
480 3517 790 3584 τουτέστιν,
818 3516 878 3569 οὺ
909 3517 1172 3587 συνῆκαν,
1197 3517 1296 3570 οὐκ
1328 3516 1558 3590 ᾔσθοντο
1581 3518 1662 3572 ὅτι
1694 3535 1799 3573 κα-

176 3614 502 3685 ταφθείρων
557 3612 808 3682 ἐτέρους,
855 3611 967 3663 τῶν
1003 3613 1128 3664 κατ’
1155 3612 1355 3675 αὐτοὺς
1394 3612 1653 3683 ποιοῦμαι
1699 3612 1800 3684 τὴν

177 3705 593 3779 ἐπανόρθωσιψ
621 3703 782 3756 τοῦτο
812 3703 922 3774 γὰρ
948 3702 1030 3771 τὸ,
1066 3704 1294 3773 «Ἵαμαι
1330 3704 1530 3768 αὐτοὺς
1580 3706 1638 3759 ἐν
1684 3705 1801 3760 δια-

178 3801 360 3874 φθορᾷ
411 3795 747 3868 ἀνθρώπων.
774 3814 792 3847 ι
829 3793 1277 3866 Κατεφθάρησαν
1332 3795 1431 3867 μὲν
1475 3796 1581 3868 γὰρ
1626 3797 1798 3866 Αίγύ·

176 3911 328 3952 πτιοι
377 3891 597 3964 πρῶτοι
644 3891 768 3952 ταῖς
811 3887 943 3940 δέκα
999 3886 1258 3955 πληγαῖς,
1294 3887 1395 3941 οὐκ
1425 3888 1670 3952 ἀνιέντος
1701 3889 1796 3943 τοῦ

173 3986 405 4058 Φαραώ.
444 3982 607 4040 Μετὰ
637 3981 695 4035 δέ
732 3997 797 4050 γε
847 3979 946 4044 τὰς
991 3979 1308 4048 Αἰγυπτίων
1340 3979 1576 4051 πληγὰς,
1609 3981 1798 4036 διολώ-

174 4073 305 4128 λασι
352 4074 609 4136 Χεταῖοι,
652 4070 843 4124 Εὺαῖοι
879 4068 975 4122 καὶ
1004 4069 1347 4141 ’Λμοῤῥαῖοι,
1385 4071 1680 4126 Χαναναῖοι
1705 4073 1801 4127 καὶ

185 4165 546 4228 Ἰεϐουσαῖοι,
599 4161 695 4226 οὓς
742 4159 1046 4230 νενικηκὼς
1099 4162 1443 4233 κατακράτος
1487 4163 1516 4216 ὁ
1556 4163 1798 4236 Ἰσραὴλ,

172 4258 640 4332 κεκληρονόμηκε
689 4255 790 4325 τῆς
839 4252 1176 4322 ἐπαγγελίας
1220 4254 1321 4326 τὴν
1368 4255 1491 4326 γῆν,
1521 4255 1658 4310 Θεοῦ
1692 4257 1800 4313 πᾶν

167 4354 368 4416 αὐτοῖς
422 4348 865 4420 καταφιλοῦντος
908 4347 970 4400 τὸ
1019 4347 1269 4416 ἄναντες,
1302 4347 1395 4402 καὶ
1437 4349 1498 4402 τὸ
1538 4345 1800 4407 δύνασθαι

165 4444 618 4516 κατευμεγεθεῖν
643 4440 753 4496 τῶν
780 4439 995 4512 ἐχθρῶν
1019 4439 1410 4511 ἀπονέμοντος.
1436 4442 1668 4508 Οὐκοῦν,
1699 4445 1800 4497 οὐκ

1902 3342 2030 3398 erga
2079 3328 2226 3400 ipsos
2276 3330 2400 3386 talis
2451 3328 2565 3397 fni;
2623 3349 2642 3383 ι
2673 3331 2774 3402 ipsi
2829 3343 3012 3389 autem
3067 3352 3176 3391 non
3227 3351 3499 3407 cognove-

1901 3429 2054 3485 runt,
2086 3439 2104 3472 ι
2146 3421 2248 3477 hoc
2285 3429 2392 3487 est,
2439 3436 2547 3476 non
2594 3422 2992 3490 intellexerunt,
3045 3443 3150 3482 non
3201 3439 3491 3485 senserunt

1901 3527 1989 3568 me
2022 3510 2158 3567 alios
2189 3511 2462 3582 perdendo
2504 3511 2638 3582 ipsis
2666 3513 2978 3580 consulere,
3020 3517 3122 3572 hoc
3157 3517 3318 3588 159
3349 3521 3493 3574 enim

1901 3613 2007 3668 est,
2043 3622 2062 3656 ι
2101 3617 2239 3660 sano
2266 3602 2411 3673 ipsos
2442 3603 2497 3659 in
2522 3605 2873 3675 corruptione
2901 3606 3204 3664 hominum.
3242 3628 3260 3661 ι
3298 3610 3498 3667 Corru-

1900 3695 1978 3766 pti
2028 3695 2200 3760 enim,
2240 3710 2335 3751 seu
2390 3696 2572 3752 vexati
2629 3705 2757 3752 sunt
2817 3697 3056 3770 Egyptii
3101 3701 3262 3771 primi
3309 3705 3498 3760 decem

1900 3787 2100 3859 plagis,
2129 3803 2234 3843 non
2261 3789 2567 3845 dimittente
2599 3787 2906 3845 Pharaone.
2937 3789 3068 3846 Post
3104 3791 3291 3862 plagas
3318 3791 3498 3866 1E”-

1904 3881 2045 3951 ptias
2084 3880 2366 3950 perierunt
2406 3881 2672 3950 Chetbaei,
2719 3883 2865 3939 Evsci
2915 3892 2971 3938 et
3019 3885 3500 3952 Amorrhmi,Cha-

1901 3972 2078 4027 naumi
2124 3981 2180 4027 et
2222 3971 2476 4039 Jebusazi,
2514 3973 2713 4044 quibus
2756 3975 3039 4032 debellatis
3080 3977 3250 4034 Israel
3293 3989 3498 4035 terram

1903 4060 2284 4129 promissionis
2321 4062 2552 4132 adeptus
2599 4071 2705 4126 est,
2742 4061 2851 4119 Deo
2902 4080 3064 4120 omne
3111 4069 3340 4122 arduum
3389 4070 3499 4124 illis

1902 4153 2306 4223 complanante,
2366 4155 2747 4224 tribuenteque
2793 4165 2854 4212 ut
2899 4155 3149 4213 hostibus
3185 4159 3500 4229 superiores

1903 4245 2139 4312 evadere
2173 4254 2417 4318 possent.
2469 4246 2656 4317 Igitur,
2690 4263 2798 4304 non
2843 4247 3371 4320 animadverterunt,
3409 4253 3498 4308 iu-

1906 4340 2046 4409 quit,
2087 4341 2233 4410 quod
2271 4338 2523 4396 homines
2565 4349 2772 4396 naturae
2802 4342 3046 4412 ipsorum
3088 4353 3373 4401 consortes
3400 4345 3496 4401 de-

1907 4432 2066 4501 lens,
2115 4448 2304 4488 eorum
2357 4433 2521 4489 rebus
2585 4432 2988 4505 prospicerem,
3046 4443 3101 4490 et
3147 4437 3500 4511 extenderem

161 4538 561 4601 αίσθάνονται,
589 4535 778 4606 φησιν,
807 4534 890 4587 ὅτι
919 4530 1303 4604 καταφθείρων
1323 4533 1650 4606 ἀνθρώπους
1668 4535 1796 4599 τοὺς

1907 4536 2021 4588 eos,
2064 4523 2167 4579 hoc
2211 4533 2318 4588 est,
2366 4523 2826 4596 constringerem,
2863 4535 2918 4580 et
2953 4525 3267 4582 cohiberem
3318 4543 3412 4586 eos
3444 4530 3498 4584 in

162 4630 468 4701 ὁμογενεῖς
522 4627 731 4692 αὐτοῖς,
787 4621 847 4678 εὖ
898 4624 1112 4680 ἐτίθουν
1155 4629 1226 4680 τά
1269 4625 1392 4678 κατ’
1426 4624 1660 4690 αὐτούς·
1702 4627 1797 4680 καὶ

162 4723 428 4792 ἐξέτεινα
463 4717 691 4783 αὐτοὺς,
721 4717 996 4784 τουτέστι,
1033 4715 1390 4786 συνέσφιγξα,
1416 4719 1509 4773 καὶ
1535 4718 1796 4790 συνέσχον

163 4817 228 4868 ἐν
274 4815 507 4884 δεσμοῖς
554 4810 799 4882 ἀγάπης.
821 4811 962 4868 Ἀλλ’
996 4812 1154 4882 εἴπερ
1183 4807 1324 4884 ἦσαν
1369 4811 1544 4880 σοφοὶ,
1577 4813 1797 4876 πάντως

164 4925 280 4962 που
323 4908 428 4966 καὶ
474 4905 796 4974 ἐνενόησαν,
828 4905 924 4958 καὶ
957 4903 1264 4973 ἐλογίζοντο
1297 4902 1440 4957 κατὰ
1481 4906 1642 4974 σφᾶς,
1675 4904 1796 4958 ἀνθ’

165 5002 302 5054 ὅτου
329 4998 405 5056 τὰ
439 4997 546 5068 μὲν
582 4995 714 5067 ἔθνη
745 4995 922 5049 ταῦτα
959 4994 1282 5066 κατεφθάρη
1314 4996 1466 5068 παρά
1488 4995 1649 5063 Θεοῦ,
1672 4998 1799 5050 ἀντ-

162 5089 666 5162 εισιιεκομίσμεθα
714 5088 772 5141 δὲ
817 5089 998 5160 ἡμεῖς.
1031 5086 1292 5150 Συνέντες
1334 5087 1446 5162 γὰρ
1491 5087 1688 5153 οὕτως,
1716 5083 1805 5142 ὅτέ

164 5184 475 5255 μεμίσηκά
516 5180 610 5233 τὸν
653 5179 957 5250 ἀλιτήριον,
988 5177 1086 5231 καὶ
1126 5176 1228 5230 οὐκ
1266 5177 1324 5230 ἐν
1351 5175 1495 5249 λόγῳ
1535 5177 1798 5250 ποιοῦμαι

156 5274 266 5329 τὸν
312 5271 427 5324 τῶν
469 5268 770 5338 δαιμονίων
813 5267 1180 5338 θεραπευτὴν,
1215 5264 1518 5337 κατέληξαν
1564 5267 1630 5321 ἂν
1655 5269 1798 5338 τάχα

156 5385 286 5426 που
315 5365 412 5419 τοῦ
445 5364 583 5435 δρᾷν
614 5359 832 5415 ἑλέσθαι
858 5362 927 5416 τὰ
956 5358 1335 5434 παραπλήσια.
1365 5362 1458 5420 Δεῖ
1478 5361 1542 5432 δὴ
1567 5355 1660 5417 οῦν
1687 5362 1798 5434 ἄρα

156 5461 295 5524 τοῖς
326 5457 616 5511 ἐθέλουσιν
643 5455 960 5526 εὐφραίνειν
989 5453 1125 5508 Θεὸν
1153 5455 1248 5508 καὶ
1281 5452 1546 5522 λογισμοῦ
1580 5453 1798 5524 σώφρορ

157 5569 292 5615 νος,
326 5551 423 5602 καὶ
471 5548 674 5622 φρενὸς
721 5546 954 5617 ἀγαθῆς,
991 5547 1083 5602 καὶ
1128 5545 1228 5618 τὴν
1255 5547 1340 5615 ἐφ’
1366 5545 1573 5618 ἐτέροις
1606 5546 1798 5621 ὀργὴν,

159 5643 486 5714 ἀσφαλείας
520 5642 796 5696 ποιεῖσθαι
820 5641 1118 5713 πρόφασιν.
1145 5639 1438 5695 Πάνδεινον
1463 5639 1518 5692 δὲ
1544 5640 1642 5711 τῆς
1665 5643 1801 5712 ἀχα-

165 5736 402 5820 ριστίας
453 5736 517 5787 τὸ
570 5734 784 5805 χρῆμα,
821 5733 916 5787 καὶ
966 5733 1043 5796 ὡς
1087 5732 1174 5802 ἐφ’
1202 5731 1377 5786 ἅπασι
1422 5732 1536 5796 τοῖς
1576 5732 1801 5799 ἀτόποις

250 5835 306 5876 ³³
329 5832 500 5897 Matth
559 5847 634 5894 ις,
668 5830 757 5884 12.
837 5831 884 5863 ’⁸
911 5830 1046 5886 Ibid.
1083 5829 1168 5884 15.
1250 5828 1296 5859 ³⁵
1321 5827 1458 5885 Gen.
1500 5844 1638 5898 xx",
1668 5829 1721 5892 9,

561 5928 838 5996 ΡΑτιιοι.
881 5923 998 5988 Gn.
1051 5921 1154 5989 LX
1171 5921 1276 5991 X1.

1904 4615 2137 4671 vinculis
2179 4616 2691 4687 cbaritatis.Atqui,
2744 4618 2790 4674 si
2837 4619 3166 4691 sapuissent,
3205 4620 3392 4690 utique
3441 4633 3499 4679 et

1905 4707 2256 4777 cogitassent,
2285 4718 2342 4764 et
2368 4708 2509 4776 apud
2542 4723 2603 4764 se
2637 4709 2944 4767 ratiocinati
2973 4722 3177 4781 essent,
3214 4727 3385 4784 quare
3417 4715 3503 4770 ha:

1905 4813 2098 4874 gentes
2128 4819 2156 4857 a
2187 4790 2300 4860 Deo
2328 4803 2539 4874 deletae,
2575 4815 2630 4861 et
2664 4807 2765 4876 ipsi
2800 4817 2989 4864 contra
3035 4809 3330 4868 introducti
3361 4810 3502 4870 fuis-

1905 4901 2049 4952 sent.
2092 4893 2185 4951 Sic
2235 4880 2584 4965 euim,’cum
2630 4899 3031 4957 intellexissent
3075 4903 3202 4972 quia
3260 4904 3500 4962 odissem

1903 4995 2274 5057 peccatorem,
2306 4987 2724 5061 daemonumque
2750 4991 3020 5048 cultorem
3049 5009 3362 5064 spernerem
3372 4995 3500 5065 ,‘de-

1903 5078 2126 5134 siissent
2149 5078 2383 5136 fortasse
2406 5080 2606 5138 similia
2629 5085 2994 5140 committere.
3029 5085 3180 5156 Opus
3200 5098 3285 5144 est
3314 5089 3502 5159 itaque

1904 5169 2073 5226 Deum
2108 5170 2386 5228 lattiﬁcare
2424 5173 2728 5231 volentibus
2754 5185 2809 5232 et
2842 5177 3094 5247 prudenti
3141 5179 3495 5250 cogitatione,

1905 5271 1962 5320 et
1993 5271 2177 5319 mente
2212 5265 2380 5334 bona,
2411 5273 2466 5322 et
2506 5265 2644 5322 iram
2688 5267 2742 5322 in
2775 5266 2912 5324 alios
2939 5267 2994 5324 in
3043 5284 3158 5326 sua:
3185 5269 3500 5326 securitatis

1907 5357 2255 5413 occasionem
2305 5368 2648 5414 convertere.
2701 5357 3099 5417 Gravissimum
3151 5371 3332 5416 autem
3377 5375 3499 5419 esse

1906 5449 2116 5505 crimen
2149 5449 2378 5520 ingrata
2412 5449 2730 5519 voluntatis,
2771 5461 2826 5506 et
2869 5452 3022 5521 quasi
3072 5452 3251 5508 omnis
3295 5451 3500 5522 impro-

1907 5543 2094 5599 bitatis
2161 5544 2476 5600 convictum
2525 5546 2725 5602 merito
2772 5546 2952 5615 puniri
3012 5543 3104 5614 qui
3155 5545 3260 5600 hoc
3307 5546 3502 5606 morbo

1910 5649 2146 5707 tenetur,
2191 5651 2243 5695 et
2288 5639 2417 5696 hinc
2448 5639 2608 5696 facile
2657 5650 2742 5696 est
2789 5641 2993 5697 videre.
3037 5640 3286 5712 Ingratus
3328 5641 3498 5716 enim,

1912 5733 2106 5804 inquit,
2137 5741 2221 5789 est
2241 5733 2436 5791 similis
2460 5733 2795 5805 blaSphemo.

3110 5917 3142 5984 9
