3982 6466
472 295 511 349 ε
526 296 584 352 37

1467 297 1523 350 S.
1567 292 1837 351 (ZYRILLI
1875 288 2341 347 ALEXANDRINI
2389 287 2705 345 ARCIIIEP.
3627 275 3734 330 9.63

482 406 867 480 ὲληλεγμένοις
900 409 1182 474 κολάζοιτο
1247 408 1312 461 ἂν
1350 410 1572 473 εἰκότως
1638 411 1664 463 ὀ
1688 411 1756 479 τῇ
1800 407 1941 478 νόσῳ
1982 403 2315 478 περιπεσὼν,
2377 404 2673 460 κάντεῦθεν
2706 404 2836 474 ἡμῖν
2877 400 3096 454 εὔκολον
3137 398 3283 453 iactv.
3316 397 3373 451 ’0
3405 394 3513 466 γὰρ
3538 394 3736 466 ἀχάρι-

483 521 627 567 στος,
669 504 856 574 φησὶν,
881 505 956 568 ὡς
989 506 1323 574 βλάσφημος.

558 593 623 647 Et
654 612 743 647 ero
778 594 885 647 illis
910 596 1067 663 quasi
1092 596 1225 648 dans
1253 594 1461 660 alapam
1499 593 1654 647 homo
1687 609 1842 659 super
1865 591 2059 645 stutin-

2235 583 2346 640 Καὶ
2388 585 2604 650 ἔσομαι
2637 578 2845 647 αὐτοῖς
2874 582 2955 648 ὡς
2989 577 3251 649 ῥαπίζων
3282 580 3594 648 ἀνθρωττος
3614 632 3617 635 ,
3638 579 3740 633 ἐπὶ

485 687 564 741 las
597 687 734 757 ejus,
766 694 815 740 et
844 688 1124 755 respiciam
1155 686 1224 740 ad
1253 685 1427 753 illum,
1457 684 1751 754 pra'valebo
1778 684 1879 739 illi.

555 861 813 919 CXXVII.
871 862 1135 931 Quoniam
1190 861 1404 917 dicebat
1454 877 1515 917 se
1557 861 1811 917 dilexisse
1861 873 1977 919 eos,
2011 865 2066 912 et

487 955 659 1011 instar
704 954 927 1010 infantis
973 956 1026 1009 itt
1059 954 1281 1010 brachia
1326 954 1627 1024 accepisse,
1655 960 1709 1008 et
1739 950 1890 1005 velut
1935 965 2065 1004 cou-

488 1046 780 1102 strinxisse
810 1044 1040 1099 vinculis
1067 1042 1357 1099 cltaritatis
1387 1041 1672 1114 Ephraim,
1708 1040 1836 1095 licet
1866 1039 2064 1092 etiam-

488 1155 615 1193 num
650 1137 936 1208 profanum
965 1146 1020 1191 et
1048 1135 1395 1207 ﬂagitiosum,
1439 1134 1646 1189 ideirco
1681 1143 1736 1186 et
1772 1145 2069 1186 conversu-

488 1245 609 1283 rum
639 1236 953 1297 peccantem
987 1227 1162 1295 inquit
1192 1243 1206 1279 :
1253 1243 1272 1275 ι
1309 1223 1480 1291 Quem
1511 1223 1656 1276 enim
1695 1222 1873 1290 diligit
1904 1220 2065 1281 Deus,

487 1322 736 1389 corripit,
770 1318 1003 1389 ﬂagellat
1035 1326 1214 1371 autem
1252 1330 1468 1370 omnem
1518 1313 1683 1366 lilium
1717 1326 1879 1382 quem
1929 1310 2070 1365 reci-

488 1413 567 1482 pit
595 1413 662 1465 ²⁶.
701 1430 720 1463 ι
758 1408 891 1465 Vide
930 1420 1110 1463 autem
1150 1405 1422 1477 quomodo
1477 1403 1913 1460 mansuetudinis
1960 1401 2071 1455 Deo

486 1504 663 1573 dignae
711 1519 817 1556 tton
868 1509 1147 1569 expertem
1197 1497 1364 1553 etiam
1415 1494 1780 1565 correptionis
1851 1492 2070 1547 modum

490 1595 837 1667 polliceatur.
886 1592 1107 1649 Similes
1146 1591 1291 1646 enim
1343 1588 1462 1643 fore
1504 1587 1639 1642 dicit
1686 1584 1856 1654 alapis
1910 1598 2073 1637 tnanu

487 1688 723 1743 Itutnana
753 1684 1001 1755 impactis
1030 1698 1160 1740 suos
1183 1682 1236 1737 in
1267 1696 1362 1737 eos
1388 1679 1643 1747 impetus.
1674 1676 1857 1732 Potest
1886 1684 2073 1729 autem

487 1777 798 1841 huiusmodi
842 1777 1078 1845 impetus
1119 1781 1383 1845 paternus
1429 1767 1656 1838 intelligi
1682 1807 1698 1834 ,
1751 1766 2074 1822 remissione

490 1878 546 1926 et
574 1868 843 1925 eharitate
871 1882 1087 1937 poenam
1121 1865 1380 1928 miscens,
1415 1869 1470 1917 et
1513 1858 1659 1915 velut
1705 1858 1849 1912 lenta
1887 1871 2071 1923 manu,

2161 675 2270 742 τὰς
2297 675 2589 744 σιαγόνας
2630 673 2838 737 αὑτοῦ,
2874 671 2975 725 καὶ
3016 670 3415 740 ἐπιϐλέψομαι
3451 668 3603 739 πρὸς
3635 670 3742 724 ab—

2162 767 2291 829 τὸν,
2317 765 2654 833 δυνήσομαι
2687 760 2864 828 αὐτῷ.

2233 855 2405 911 ΡΚΖ’.
2452 855 2669 926 Ἐπειδὴ
2702 854 2813 925 γὰρ
2839 854 3076 923 ἔφασκεν
3122 852 3471 923 ἠγαπηκέναι
3517 869 3599 916 τε,
3648 850 3746 905 καὶ

2165 946 2240 1009 ὡς
2269 948 2327 999 ὲν
2353 946 2505 1012 τάξει
2545 943 2777 1015 βρέφους
2809 944 2889 1008 είς
2931 942 3191 1016 βραχίονα
3233 942 3439 1009 λαόεἶν,
3476 941 3749 996 συνδεῖναι

2164 1035 2221 1088 δὲ
2252 1035 2442 1105 ὥσπερ
2485 1034 2579 1089 καὶ
2628 1034 2685 1086 ἑν
2729 1033 2949 1102 δεσμοῖς
2989 1033 3232 1103 ἀγάπης,
3272 1032 3369 1087 καί
3403 1049 3485 1086 τοι
3519 1031 3750 1102 βέϐηλον

2167 1124 2269 1188 ἔτι,
2300 1123 2393 1181 καὶ
2421 1122 2702 1192 ἀλιτήριον
2748 1122 2879 1174 ὄντα
2916 1120 3007 1175 τὸν
3055 1118 3317 1191 Ἐφρατμ,
3362 1120 3620 1192 ταύτῃτοι
3656 1120 3753 1172 καὶ

2168 1214 2517 1285 ἐπιστρέψειν
2544 1210 2968 1285 πλημμελοῦντά
2995 1229 3159 1282 φησιν
3185 1230 3199 1244 ·
3244 1231 3264 1265 σ
3298 1215 3396 1267 Ὃν
3422 1214 3532 1282 γάρ
3562 1214 3754 1281 ἀγαπᾷ

2168 1303 2395 1379 Κύριος,
2433 1303 2702 1367 παιδεύει,
2737 1305 2995 1375 μαστιγοῖ
3022 1303 3080 1357 δὲ
3110 1304 3291 1358 πάντα
3332 1302 3449 1358 υἱὸν
3478 1304 3536 1357 ὃν
3566 1320 3747 1375 παρα-

2169 1395 2401 1465 δέχεται.
2431 1414 2451 1447 s
2489 1395 2598 1449 Θέα
2625 1396 2683 1450 δὲ
2712 1396 2861 1460 ὅπως
2903 1397 3242 1468 ἡμερότητος
3282 1395 3383 1450 οὐκ
3423 1397 3756 1468 ἀμοιρήσειν

2171 1485 2268 1555 τῆς
2295 1483 2656 1557 θεοπρεποῦς,
2679 1485 2772 1539 καὶ
2802 1485 2892 1539 τὸν
2912 1485 3013 1556 τῆς
3038 1484 3383 1556 ὲπιπλήξεως
3410 1487 3759 1557 ὑπισχνεῖται

2171 1576 2391 1649 τρόπον.
2439 1576 2526 1630 Ἐν
2562 1578 2661 1648 ἴσῳ
2700 1577 2809 1648 γὰρ
2841 1577 3060 1631 ἔσεσθαί
3088 1594 3221 1648 φησι
3257 1579 3370 1641 τοῖς
3403 1578 3485 1641 είς
3530 1578 3762 1647 σιαγόνα

2175 1667 2482 1739 ραπίσμασι
2511 1665 2601 1720 διά
2630 1666 2728 1737 τῆς
2757 1665 3046 1738 ἀνθρώπου
3094 1664 3276 1736 χειρὸς
3320 1665 3391 1718 τά
3432 1665 3519 1724 ἐπ’
3558 1665 3763 1728 αὐτοὺς

2173 1760 2468 1830 κινήματα.
2499 1758 2712 1830 Πατρὸς
2748 1757 2794 1811 δ’
2822 1758 2891 1812 ἂν
2917 1760 3087 1812 νοοῖτο
3126 1756 3334 1829 κίνημα
3376 1757 3544 1822 τουτὶ,
3584 1755 3765 1826 φειδοϊ

2175 1852 2269 1904 καὶ
2293 1849 2483 1923 ἀγάπῃ
2511 1849 2869 1922 κεραννύντος
2888 1848 2956 1903 τὰ
2984 1847 3043 1914 ἐξ
3067 1850 3257 1921 ὀργῆς,
3284 1848 3379 1902 καὶ
3411 1843 3523 1903 οἷον
3550 1847 3763 1919 ἡρέμα.

489 1968 548 2017 et
587 1960 675 2015 vix
714 1936 1050 2028 percutiens,
1098 1970 1167 2010 ne
1214 1953 1431 2023 penitus
1467 1965 1573 2004 nou
1618 1947 1925 2002 vindicasse
1953 1945 2067 2000 eul-

2185 1940 2269 1995 Kal.
2297 1941 2442 2011 χειρὶ
2466 1940 2793 2012 πλήττοντος
2819 1940 2993 2011 μόλις,
3026 1939 3102 2004 ὡς
3142 1940 3208 1995 ἂν
3250 1940 3327 2013 μὴ
3369 1941 3766 2012 άνεπιτίμητος

417 2044 427 2050 ’
492 2067 615 2122 pam
662 2050 936 2105 videatur.
985 2046 1252 2115 Quoniam
1310 2053 1495 2098 autem
1534 2039 1743 2107 dilexit,
1780 2038 1945 2093 etiam
1993 2050 2078 2090 re-

490 2153 802 2216 specturutn
851 2153 1016 2210 super
1078 2137 1254 2207 ipsum
1306 2131 1562 2203 spondet.
1614 2130 1879 2201 Dignatur
1928 2127 2075 2183 enim

494 2242 741 2304 respectu
776 2245 914 2300 quos
945 2230 1236 2284 honestare
1265 2224 1520 2290 voluerit,
1552 2230 1608 2277 et
1643 2219 1905 2291 pravalet
1944 2232 2077 2274 con-

493 2336 575 2382 trs
625 2338 748 2389 nos,
782 2321 944 2393 160
992 2317 1237 2375 doctrina
1273 2325 1330 2371 et
1365 2315 1570 2370 virtute
1616 2311 1802 2367 divina
1846 2309 2075 2366 rebelles

492 2416 597 2471 sibi
638 2404 959 2482 subiiciens.
991 2409 1126 2464 Nam
1165 2423 1289 2464 cum
1326 2406 1381 2460 in
1430 2404 1709 2461 suadendo
1739 2401 1874 2458 nihil
1908 2402 2076 2471 proft-

493 2507 592 2573 eit,
641 2504 972 2561 necessitate
1006 2502 1071 2556 ad
1107 2497 1516 2569 complectenda
1567 2495 1797 2551 meliora
1838 2491 2077 2563 compel-

486 2578 578 2661 Iit,
628 2606 685 2652 et
715 2591 1160 2651 tribulationibus
1188 2590 1357 2662 adigit
1395 2588 1462 2644 ad
1496 2587 1549 2643 id
1592 2586 1736 2657 quod
1770 2586 1926 2641 nobis
1956 2585 2076 2656 plu-

495 2688 693 2743 rimum
721 2682 999 2749 conducit,
1047 2690 1104 2738 et
1157 2681 1223 2736 ad
1269 2679 1500 2736 salutem
1539 2684 1627 2733 est
1684 2674 2073 2731 necessarium.

493 2777 694 2834 Audiat
723 2792 856 2848 ergo
883 2792 913 2831 a
941 2774 1098 2830 nobis
1128 2772 1514 2828 universorum
1548 2768 1719 2831 Deus,
1758 2785 1779 2820 ι
1812 2766 1867 2822 itt
1899 2766 2074 2821 tribu-

496 2867 696 2921 latione
743 2878 906 2935 parva
965 2860 1249 2929 castigatio
1298 2869 1388 2913 tua
1442 2856 1599 2913 nobis
1633 2856 1702 2910 ’⁷.
1746 2872 1766 2908 t
1825 2852 1951 2909 Ilaec
1996 2860 2080 2909 est

496 2957 676 3025 alapa.
710 2954 776 3010 Et
807 2969 1020 3009 rursum
1054 2969 1069 3006 :
1105 2969 1124 3004 ι
1159 2952 1375 3020 Castiga
1424 2964 1541 3013 nos.
1571 2948 1822 3014 Domine,
1861 2962 2077 3003 vet-um-

499 3057 681 3103 tamen
703 3048 757 3101 in
793 3043 1021 3115 judicio,
1049 3051 1106 3098 et
1136 3057 1241 3096 non
1276 3042 1329 3096 iu
1376 3040 1582 3106 furore,
1616 3051 1683 3094 ne
1714 3052 1811 3093 nos
1841 3037 1909 3092 ad
1942 3052 2078 3106 pau-

497 3140 716 3195 citatem
765 3136 988 3207 redigas
1021 3134 1090 3191 ³⁸.
1152 3152 1172 3186 ι
1220 3130 1484 3201 Castigari
1527 3130 1673 3185 enim
1734 3126 2079 3184 credentibus

498 3229 785 3286 molestum
838 3238 1003 3298 atque
1044 3224 1301 3282 acerbum
1355 3237 1460 3277 non
1509 3228 1615 3275 est.
1660 3217 1719 3274 lu
1778 3218 1859 3272 ira
1898 3226 2078 3271 autem

2178 2032 2402 2105 ὑπάρχῃ
2450 2031 2753 2096 παντελῶς.
2793 2031 3013 2103 Ἐπειδὴ
3062 2031 3120 2086 δὲ
3163 2032 3440 2103 ἠγάπησε,
3486 2031 3583 2086 καὶ
3635 2034 3765 2085 ἐπι-

2176 2123 2396 2193 ϐλέψειν
2445 2123 2535 2178 ἐπ’
2590 2123 2751 2179 αὑτὸν
2790 2122 3208 2192 ἐπαγγέλλεται.
3266 2123 3433 2188 Ἀξιοῖ
3470 2122 3581 2196 γάρ
3630 2124 3767 2177 ἑπο-

2176 2217 2391 2281 πτείας,
2425 2216 2519 2281 οὒς
2542 2215 2609 2271 ἂν
2639 2215 2813 2270 ἕλοιτο
2837 2218 3024 2288 τιμᾷν,
3054 2217 3148 2271 καὶ
3173 2215 3397 2272 δύναται
3419 2210 3566 2287 πρὸς
3586 2217 3758 2288 ἡμᾶς.

2176 2305 2425 2377 ὲντεχνίᾳ
2501 2305 2597 2360 καλ⁸
2643 2304 2870 2377 δυνάμει
2926 2307 2993 2378 τῇ
3046 2305 3341 2378 θεοπρεπεῖ
3382 2305 3765 2377 χειρούμενος,

2175 2396 2302 2461 τοὺς
2333 2397 2493 2467 οῐπερ
2523 2396 2589 2450 ἂν
2630 2395 2836 2450 ἕλοιντο
2872 2398 3047 2450 νοσεῖν
3080 2395 3140 2449 τὸ
3174 2395 3405 2468 ἑξήνιον.
3451 2396 3514 2449 Et
3547 2396 3656 2466 γάρ
3691 2395 3770 2466 μὴ

2177 2487 2382 2542 πείθων
2410 2488 2669 2560 ὀνίνησιν,
2694 2487 2752 2556 ἐξ
2770 2487 3018 2559 ἀνάγκης
3043 2487 3362 2559 περιτρέπει
3383 2488 3523 2559 πρὸς
3542 2489 3605 2542 τὸ
3629 2488 3770 2559 δρᾷν

2178 2580 2395 2634 ἑλέσθαι
2419 2580 2482 2634 τὸ
2525 2581 2767 2651 ἄμεινον,
2805 2579 2899 2634 καὶ
2928 2578 3221 2651 μετασοὸεῖ
3246 2580 3368 2643 ταῖς
3393 2577 3606 2649 θλίψεσι
3627 2578 3771 2649 πρὸς

2176 2674 2238 2727 τὸ
2260 2673 2342 2726 ὅτι
2381 2670 2619 2742 μάλιστα
2641 2670 2922 2744 συμφέρον
2959 2688 3020 2725 τε
3046 2673 3202 2743 ἡμῖν,
3230 2670 3654 2741 καὶάναγκαῖον
3687 2672 3773 2736 είς

2181 2763 2477 2836 σωτηρίαν.
2522 2764 2791 2818 ’Δκουέτω
2820 2763 2887 2835 δὴ
2932 2758 3025 2818 οὖν
3060 2763 3198 2836 πρὸς
3234 2763 3393 2835 ήμῶν
3429 2765 3459 2819 ὀ
3489 2762 3598 2818 τῶν
3627 2763 3773 2819 ὅλων

2177 2855 2311 2919 Θεός
2329 2871 2345 2886 ⁸
2376 2875 2394 2908 ι
2418 2855 2507 2909 Ἐν
2537 2854 2712 2926 θλίψει
2742 2857 2917 2928 μικρᾷ
2938 2858 2972 2928 ή
2998 2855 3216 2911 παιδεία
3244 2874 3339 2911 σου
3372 2858 3525 2930 ἡμῖν,
3553 2874 3573 2910 ι
3609 2855 3774 2911 τοῦτό

2178 2948 2294 3001 ἐστι
2334 2946 2395 3001 τὸ
2443 2947 2717 3019 ῥάπισμα.
2774 2949 2885 3002 Καὶ
2944 2949 3145 3004 πάλινο
3201 2968 3220 3001 ι
3250 2949 3545 3003 Παίδευσον
3595 2951 3773 3021 ἡμᾶς,

2178 3039 2375 3111 Κύριε,
2403 3039 2542 3111 πλὴν
2574 3040 2632 3093 ἓν
2659 3040 2861 3110 κρίσει,
2894 3041 2990 3095 καὶ
3022 3041 3098 3112 μὴ
3125 3042 3182 3094 ὲν
3218 3040 3396 3112 θυμῷ,
3432 3041 3521 3095 ἵνα
3551 3040 3628 3112 μὴ
3656 3041 3775 3095 ὀλί-

2178 3144 2309 3198 γους
2337 3130 2486 3200 ὴμᾶς
2510 3130 2763 3201 ποιήσῃς.
2796 3149 2816 3184 s
2845 3131 2922 3185 Οὐ
2950 3131 3060 3203 γάρ
3092 3130 3155 3184 τὸ
3182 3130 3534 3186 παιδεύεσθαι
3564 3134 3679 3196 τοῖς
3710 3127 3775 3187 εὖ

2180 3220 2436 3293 φρονοῦσι
2485 3222 2705 3292 πικρόν.
2755 3223 2831 3275 Τὸ
2884 3221 2943 3276 δὲ
2994 3222 3053 3276 έν
3092 3222 3230 3295 ὀργῇ
3276 3223 3638 3288 κολάξεσθαι,
3676 3225 3777 3276 καὶ

499 3323 679 3393 puniri
713 3330 769 3377 et
806 3319 1087 3385 horribile,
1119 3326 1176 3372 et
1223 3313 1586 3381 intolerabile,
1625 3313 1735 3367 imo
1763 3309 1916 3366 exitii
1956 3308 2071 3378 ple-

2185 3311 2368 3378 Βεινδυ,
2409 3313 2505 3367 καὶ
2547 3312 2827 3367 δύσοιστον
2853 3330 2866 3342 ·
2930 3314 3133 3384 μᾶλλον
3183 3313 3241 3368 δὲ
3291 3316 3389 3369 καὶ
3436 3313 3662 3385 ὀλέθρου
3715 3316 3778 3369 τδ

501 3420 830 3562 ""3335,
860 3495 916 3553 6.
952 3494 1233 3551 Habitavit
1269 3493 1524 3562 Ephraim
1550 3493 1606 3547 in
1634 3489 1889 3562 Egypto,
1912 3500 1962 3545 et
1982 3487 2082 3543 As-

500 3604 595 3647 sttr
623 3606 717 3646 rex
750 3590 912 3657 ejus;
944 3589 1069 3659 quia
1102 3602 1207 3641 non
1237 3585 1399 3641 coluit
1424 3583 1674 3647 conuerti,
1704 3591 1753 3638 et
1780 3581 2081 3650 inﬁrmatus

497 3694 577 3738 est
609 3683 823 3755 gladius
853 3681 909 3735 in
948 3679 1247 3734 civitatibus
1276 3676 1414 3747 ejus,
1445 3685 1493 3731 et
1526 3675 1773 3745 requievit
1814 3673 1871 3727 in
1908 3672 2083 3727 mani-

505 3775 605 3830 bus
633 3774 801 3828 illius.
831 3771 898 3826 Et
931 3770 1202 3826 comedent
1226 3770 1290 3823 de
1317 3766 1743 3838 cogitationibus.

571 3949 854 4009 CXXVIII.
891 3949 1046 4018 Quod
1082 3947 1294 4021 seiungi
1324 3962 1355 4003 a
1407 3945 1540 4015 Deo,
1572 3944 1837 4002 effrenato
1877 3944 2082 4014 impetu

502 4042 572 4099 ad
604 4040 743 4097 mala
782 4039 1035 4098 facienda
1067 4039 1401 4111 prmcipites,
1433 4046 1489 4093 et
1527 4037 1849 4094 rebellando
1878 4034 2081 4090 insole-

458 4166 468 4179 -
501 4149 660 4191 scere
688 4132 1095 4205 quodammodo
1128 4133 1393 4188 adversus
1421 4142 1570 4196 eum,
1599 4128 1852 4199 quamvis
1878 4125 1948 4181 ad
1992 4139 2081 4179 sa-

501 4227 666 4282 lutem
698 4225 1042 4292 invitantem,
1073 4224 1140 4280 ad
1168 4235 1473 4280 extremam
1515 4220 1880 4288 undequaque
1918 4216 2085 4271 mise-

505 4319 642 4373 riam
684 4332 783 4373 nos
813 4316 1069 4385 deducat,
1100 4314 1292 4370 beatus
1329 4323 1549 4383 quoque
1599 4307 1799 4363 Paulus
1827 4307 2086 4369 ostendit,

502 4424 629 4466 eum
659 4410 785 4466 ait:
833 4426 853 4463 t
896 4409 1110 4472 Videte,
1155 4406 1398 4469 fratres,
1451 4416 1518 4456 ne
1563 4401 1827 4457 recusetis
1861 4398 2088 4470 loquen-

503 4512 639 4558 tem.
670 4518 698 4553 τ
735 4500 1098 4557 Nihilominus
1141 4506 1197 4553 et
1228 4512 1296 4551 ex
1327 4492 1618 4564 propositis
1646 4491 1826 4548 verbis
1851 4491 1904 4546 id
1934 4500 2090 4560 pate-

502 4597 606 4652 bit.
644 4593 859 4650 llelicta
890 4594 1038 4649 enim
1080 4589 1259 4661 patria
1298 4585 1493 4642 tellure
1524 4598 1644 4652 sua,
1692 4582 2091 4639 aerumnosissi-

2183 3405 2375 3478 χρῆμα
2417 3406 2635 3475 μεστόν.
3284 3464 3287 3469 _

2253 3495 2614 3565 Κατῴκησεν
2657 3495 2900 3565 Ἐφραῒμ
2940 3495 3329 3567 evan-13mg),
3374 3497 3472 3552 καὶ
3516 3498 3778 3566 Ἅσσοὺρ

2182 3590 2366 3653 αὐτὸς
2410 3589 2711 3656 ,ϐασιλεὺς
2754 3587 2962 3673 αὐτοῦ,
3016 3588 3106 3642 ἔτι
3143 3591 3256 3643 οὐκ
3303 3588 3600 3656 ἐθέλησεν
3652 3590 3783 3644 ἐπι·

2184 3676 2466 3752 στρέψαι,
2491 3682 2592 3735 καὶ
2615 3680 2967 3750 ἠσθένησεν
3008 3682 3080 3735 ἐν
3113 3682 3380 3751 ῥομφαίᾳ
3409 3682 3479 3733 ἐν
3511 3680 3642 3748 ταῖς
3667 3682 3783 3734 πό-

2182 3776 2362 3827 λεσιν
2410 3773 2625 3828 αὐτοὶ·
2684 3773 2783 3827 καὶ
2829 3772 3215 3828 κατέπαυσεν
3256 3773 3328 3827 ἐν
3372 3772 3501 3839 ταῖς
3562 3772 3787 3843 χερσὶν

2183 3863 2394 3919 αὐτοῦ.
2427 3864 2537 3919 Καὶ
2559 3861 2846 3933 φάγονται
2867 3864 2937 3918 ἐκ
2961 3863 3079 3917 τῶν
3110 3863 3469 3919 διαϐουλίων
3486 3863 3717 3922 αὐτῶν.

2256 3951 2570 4011 ΡΚΗ’.”οτι
2616 3954 2796 4024 πάντη
2845 3971 2903 4008 τε
2955 3955 3052 4008 καὶ
3091 3954 3312 4019 πάντως
3354 3956 3437 4018 είς
3474 3954 3631 4025 λῆξιν
3682 3957 3791 4027 τὴν

2187 4046 2451 4102 ἀνωτάτω
2475 4044 2679 4108 παντὸς
2713 4045 2862 4115 ήμᾶς
2889 4045 3156 4116 ἀποφέρει
3188 4045 3358 4100 κακοῦ
3394 4045 3454 4100 τὸ
3481 4047 3788 4116 ἀπονοσφί-

2187 4135 2379 4200 ζεσθαι
2435 4132 2593 4199 Θεοῦ,
2648 4133 3062 4198 διανενευκότας
3113 4136 3359 4206 ἀσχέτως
3407 4136 3503 4190 ἐπὶ
3547 4136 3610 4190 τὸ
3653 4137 3791 4208 δρᾷν

2189 4225 2405 4280 ἑλέσθαι
2432 4224 2504 4278 τὰ
2530 4223 2763 4296 πονηρὰ,
2800 4225 2894 4278 καὶ
2925 4227 3047 4290 ταῖς
3067 4225 3372 4290 ἀπειθείαις
3402 4227 3791 4298 περιυόρίζειν

2190 4313 2389 4386 τρόπον
2420 4312 2561 4377 τινὰ,
2587 4313 2765 4368 καίτοι
2800 4313 3069 4370 καλοῦντα
3100 4315 3237 4386 πρὸς
3268 4318 3544 4389 σωτηρίαν
3595 4318 3788 4384 αὑτὸν,

2193 4406 2450 4477 σαφηνιεϊ
2471 4405 2573 4477 μὲν
2600 4406 2774 4476 λέγων
2805 4408 2900 4462 καὶ
2929 4409 2957 4462 ὀ
2991 4410 3265 4482 μακάριος
3308 4409 3519 4473 Παῦλος
3542 4426 3555 4440 ·
3601 4430 3621 4462 ι
3656 4411 3790 4467 Βλέ-

2194 4513 2347 4562 πετε,
2387 4497 2631 4568 ἀδελφοὶ,
2701 4497 2779 4570 μὴ
2833 4500 3246 4573 παραιτήσησθε
3293 4500 3384 4557 τὸν
3441 4499 3737 4559 καλοῦντα.
3766 4522 3786 4553 ι

2192 4588 2358 4644 Οὐδὲν
2386 4589 2442 4645 δδ
2468 4586 2632 4665 ἦττον
2659 4593 2754 4646 καὶ
2787 4591 2875 4646 διὰ
2895 4592 3004 4648 τῶν
3033 4596 3413 4667 προκειμένων
3457 4596 3591 4666 ήμῖν
3621 4594 3788 4649 ἔσται

506 4702 630 4743 mus
651 4687 912 4755 Epitraim
940 4683 1237 4753 Egyptum
1264 4691 1364 4748 pro
1394 4675 1570 4747 patria
1601 4674 1813 4742 babull,
1839 4673 1967 4729 dum
1998 4687 2081 4728 ca-

2191 4682 2527 4751 καταφανές.
2579 4683 3004 4749 Καταλελοιπὼς
3034 4685 3165 4757 γάρ,
3210 4689 3365 4759 φησὶ,
3391 4688 3490 4758 τὴν
3521 4685 3793 4755 ἐνεγκοῦ-

506 4779 777 4835 Iamitates
823 4775 1048 4831 bellicas
1086 4770 1303 4826 metuit.
1350 4768 1647 4856 Subjeetus
1678 4777 1764 4824 est
1808 4768 1939 4823 item
1983 4766 2088 4838 ipsi

505 4871 699 4936 Assur,
727 4880 786 4923 et
815 4863 1103 4937 peregrino
1118 4872 1342 4932 sceptro
1368 4861 1641 4917 cervicem
1668 4860 1992 4930 supposuit;
2023 4872 2089 4912 eo

508 4956 747 5031 statuque
782 4952 1114 5013 calamitatis
1162 4955 1402 5009 devenit.
1436 4951 1677 5008 Causam
1715 4952 1760 5005 si
1785 4950 1908 5020 quis
1936 4963 2088 5020 qute-

509 5066 621 5118 rat,
653 5052 721 5106 ab
790 5064 856 5105 eo
894 5046 1076 5101 audiet
1112 5044 1206 5116 qui
1246 5044 1396 5099 novit
1423 5043 1607 5098 omnia
1636 5058 1651 5097 :
1684 5058 1702 5093 ι
1743 5042 1881 5109 Quia
1920 5039 2093 5096 noluit

510 5142 778 5199 converti.
817 5159 839 5192 ι
889 5138 958 5193 Et
1008 5148 1198 5207 captus
1236 5145 1321 5192 est
1368 5134 1586 5200 deinde,
1633 5142 1690 5189 et
1726 5134 1976 5190 subditus
2008 5133 2091 5187 ra-

512 5245 634 5291 ctus
684 5241 773 5288 est
821 5229 1074 5287 osorilms
1122 5230 1264 5285 suis.
1309 5244 1329 5280 ι
1368 5224 1686 5282 Inlirtnatus
1722 5236 1816 5281 est
1856 5239 2094 5295 namque

514 5325 732 5395 gladius
780 5323 835 5376 in
882 5320 1111 5377 urbibus
1150 5318 1288 5388 ejus,
1324 5328 1380 5374 et
1434 5317 1700 5387 requievit
1743 5318 1796 5372 in
1843 5316 2095 5372 manibus

514 5420 661 5490 ejus.
690 5433 709 5467 ι
738 5413 852 5470 Hoc
879 5421 984 5478 est,
1019 5412 1073 5467 in
1103 5411 1250 5468 nulla
1277 5409 1486 5466 urbium
1516 5407 1777 5480 Ephraim
1807 5410 2095 5478 quisquam

518 5520 711 5579 pugnae
756 5505 959 5573 sciens,
993 5512 1048 5560 et
1079 5502 1172 5575 qui
1215 5510 1399 5573 posset
1448 5515 1670 5555 versare
1710 5499 1972 5569 giadium,
2008 5499 2095 5553 iu-

589 5683 635 5716 "
661 5683 820 5741 Prov.
856 5700 937 5753 III,
972 5682 1057 5739 I2.
1132 5683 1174 5717 ³⁷
1198 5679 1311 5737 Jcr.
1349 5694 1476 5745 xxx,
1510 5677 1594 5733 14.
1672 5676 1717 5709 ⁸⁸
1740 5675 1850 5733 Jer.
1888 5690 2033 5743 snt,
2059 5675 2151 5732 28.

2195 4787 2296 4827 σαν
2319 4773 2483 4826 αὑτὸν
2509 4774 2539 4826 ὀ
2560 4773 2962 4847 παμμόχθηρος
3008 4775 3249 4847 Ἐφραῒμ
3282 4777 3405 4849 γῆν,
3431 4775 3623 4849 ὥσπερ
3649 4778 3792 4831 ἰδίαν

2192 4861 2292 4932 τήν
2320 4862 2633 4931 Αἰγυπτίων
2651 4864 2967 4935 ἐποιήσατο,
2996 4862 3097 4928 τὰς
3118 4866 3184 4918 ὲκ
3209 4864 3305 4919 τοῦ
3330 4865 3569 4937 πολέμου
3594 4864 3795 4928 δεδιὼς

2197 4953 2503 5025 συμφοράς.
2539 4953 2733 5023 Γέγονε
2767 4954 2825 5009 δὲ
2852 4956 2947 5009 καὶ
2974 4956 3067 5009 ὑπ’
3098 4958 3261 5013 αὐτὸν
3283 4957 3375 5011 τὸν
3410 4958 3665 5029 ’Δσσοίδρ,
3697 4958 3798 5012 καὶ

2195 5043 2427 5107 ὀθνείοις
2456 5044 2757 5117 σκήπτροις
2804 5045 3080 5117 ὑπήνεγκε
3103 5048 3195 5102 τὸν
3227 5047 3450 5119 αὐχένα·
3484 5046 3795 5101 κατώλισθε

2197 5134 2308 5205 γὰρ
2338 5134 2417 5198 εἰς
2439 5133 2598 5188 τοῦτο
2623 5136 3017 5212 ταλαιπωρίας.
3081 5137 3202 5193 Κᾶν
3252 5139 3308 5191 et
3340 5155 3424 5202 τις
3468 5137 3649 5210 ἔροιτο
3693 5139 3799 5208 τὴν

2200 5227 2401 5293 αἰτίαν,
2449 5226 2742 5282 ἀκούσεται
2784 5228 3035 5298 λέγοντος
3088 5229 3182 5284 τοῦ
3223 5230 3294 5285 τὰ
3344 5232 3523 5285 πάντα
3562 5230 3796 5294 εἰδότος

2208 5336 2228 5369 ι
2258 5317 2380 5371 Ὅτι
2408 5318 2509 5374 οὐκ
2530 5318 2797 5391 ἠθέλησεν
2818 5319 3167 5395 ἐπιπρέψαι.
3193 5342 3213 5374 ι
3252 5323 3524 5395 Ταύτῃτοι
3554 5324 3651 5377 καὶ
3676 5324 3803 5397 ἥλω

2202 5406 2408 5477 λοιπὸν,
2458 5410 2554 5464 καὶ
2615 5411 2721 5464 ὑπὸ
2765 5413 2922 5484 χεῖρα
2971 5413 3161 5482 γέγονε
3214 5413 3322 5468 τῶν
3382 5414 3799 5485 μεμισηκότων.

2211 5521 2229 5554 ι
2252 5502 2545 5575 Ἦσθένησε
2575 5502 2683 5576 γὰρ
2707 5505 2763 5560 ἐν
2794 5507 2914 5569 ταῖς
2942 5505 3159 5560 πόλεσιν
3198 5505 3363 5579 αυτοῦ
3400 5508 3664 5581 ῥομφαία,
3699 5503 3804 5559 καὶ
