3982 6482
172 272 270 328 ⁵269

1110 259 1667 320 COMMENTARIUS
1707 262 1773 317 IN
1813 258 2048 317 OSE'AM
2087 253 2537 314 PROPHETAM.

3369 255 3478 309 270

169 389 517 445 κατέπαυσεν
565 385 623 439 ἑν
665 385 788 449 ταῖς
829 385 1018 457 χερσὶν
1063 386 1251 440 αὑτοῦ.
1280 406 1298 437 ι
1353 387 1671 450 Τουτέστιν,
1717 385 1774 437 ἐν

1897 388 2077 436 reatus
2102 387 2202 433 est.
2247 375 2514 432 lieruissa:
2557 372 2702 427 enim
2759 380 2812 427 et
2849 371 2992 426 velut
3027 370 3304 426 dissolntm
3347 383 3478 428 sunt

167 479 393 552 οὐδεμιᾷ
420 479 576 532 πόλει
602 477 698 531 τοῦ
723 477 964 549 Ἑφραῒμ
990 478 1230 548 ηὓρηταί
1251 496 1333 541 τις
1356 479 1516 548 ἀνὴρ,
1550 479 1577 530 6
1604 476 1775 542 δεινὸς

166 574 241 636 εἰς
275 573 486 643 μάχην,
526 570 621 625 καὶ
662 570 908 642 ῥομφαία
941 570 1176 641 χρῆσθαι
1207 570 1524 640 δυνάμενος.
1571 570 1776 638 Παρεί-

167 665 338 736 θησαν
388 664 522 734 γάρ,
569 664 666 716 καὶ
714 658 830 716 οἷον
875 663 1144 733 ἐλύθησαν
1178 662 1287 716 τῶν
1314 662 1572 732 κατέχειν
1601 662 1777 734 αὐτὴν

166 754 436 808 εἰωθότων
481 756 537 807 αἱ
577 757 779 826 χεῖρες.
837 754 1058 827 Ἐπειδὴ
1087 753 1144 807 δὲ
1172 754 1387 824 πονηρὰ
1412 755 1535 808 καθ’
1566 753 1777 808 ἑαυτῶν

166 848 255 900 καὶ
292 847 707 918 πεφρονήκασι,
739 847 834 899 καὶ
855 845 1169 918 δεδράκασι,
1195 845 1292 916 τῆς
1310 847 1520 900 ἑαυτῶν
1550 845 1777 901 δυσϐου-

165 940 278 1001 λίας
305 940 527 991 ἔδονται
562 939 692 1002 τοὺς
716 936 985 1009 καρπούς.

236 1031 446 1101 Πικρὸν
509 1026 606 1083 οὖν
655 1030 765 1102 ἄρα
813 1031 874 1083 τὸ
935 1031 1228 1101 ἀτιμάζειν
1280 1031 1600 1104 ἀποτολμᾷν
1652 1035 1772 1097 ταῖς

162 1125 478 1187 ἀπειθείαις
528 1123 621 1176 τὸν
679 1123 946 1189 σώζοντα,
999 1123 1102 1177 κᾶν
1145 1126 1194 1178 εί
1237 1125 1526 1196 προκέοιτὸ
1564 1143 1672 1180 τινι
1717 1127 1780 1180 τὸ

160 1217 448 1285 διαφυγεῖν
486 1212 750 1266 δύνασθαι
790 1211 1174 1283 πλημμελείας
1215 1212 1274 1278 ἐξ
1311 1212 1651 1283 ἡμερότητος
1677 1212 1779 1283 τῆς

161 1307 310 1379 παρὰ
346 1305 516 1369 Θεοῦ,
552 1305 614 1358 τὸ
645 1305 913 1376 ῥᾳθυμεῖν
941 1304 1042 1357 οὑκ
1069 1301 1326 1374 ἀζήμιον.
1358 1303 1778 1373 Κατοικὴσομεν

160 1400 265 1470 γὰρ
303 1401 364 1452 ὲν
397 1398 672 1468 Αἰγύπτῳ
700 1436 715 1460 ,
750 1396 1050 1458 τουτέστιν,
1098 1395 1296 1463 ἑξοικοί
1342 1412 1402 1448 τε
1441 1395 1537 1448 καὶ
1581 1395 1779 1466 ἀλῆται
1815 1405 1821 1411 ‘

163 1494 337 1563 πάντη
365 1511 427 1547 τε
457 1489 552 1543 καὶ
589 1491 808 1552 πάντως
847 1487 1105 1560 ἐσόμεθα,
1144 1489 1238 1543 καὶ
1265 1489 1384 1559 οὐχὶ
1411 1487 1517 1558 γῆν
1547 1488 1779 1556 ἀφέντες

160 1587 254 1657 τὴν
284 1583 594 1655 αἰσθητὴν,
625 1583 720 1637 καὶ
754 1584 831 1646 είς
867 1583 1063 1654 ἑτέραν
1112 1583 1592 1654 μετανιστάμενοι,
1641 1581 1781 1636 ἀλλά

160 1678 246 1731 τὸν
293 1676 414 1730 τῶν
465 1676 647 1744 ἁγίων
699 1675 927 1748 κλῆρον.
981 1674 1252 1746 Ἐσόμεθα
1297 1673 1355 1727 δὲ
1395 1674 1489 1728 καὶ
1543 1674 1649 1728 ὑπὸ
1686 1674 1779 1727 τὸν

1889 485 2087 525 manus
2136 483 2328 524 eorum
2382 468 2473 536 qui
2511 465 2680 534 ipsam
2716 463 2854 518 tueri
2884 473 3294 517 consueverant.
3328 462 3475 529 Quo-

1883 567 2030 621 niam
2067 577 2197 618 vero
2227 562 2366 616 mala
2395 569 2588 614 contra
2626 558 2955 628 semetipsos
2985 568 3039 611 et
3067 556 3480 626 cogitarunt,ct

1882 659 2153 720 fecerunt,
2217 654 2430 710 fructus
2498 651 2798 707 infelicium
2851 649 3209 706 consiliorum
3251 661 3478 703 suorum

1880 747 2192 806 comedent.

1950 1034 2226 1091 Acerbum
2278 1043 2364 1090 est
2412 1033 2580 1105 igitur
2629 1046 2726 1102 per
2777 1029 3210 1086 inobedientiam
3272 1028 3474 1096 saepius

1881 1129 2086 1184 audere
2119 1128 2400 1199 despicere
2431 1126 2818 1191 Servatorem;
2859 1137 2960 1178 nec
2989 1122 3033 1178 si
3067 1122 3269 1192 quibus
3304 1121 3373 1175 fa:
3397 1121 3481 1174 nl-

1883 1235 1966 1277 tas
2009 1232 2232 1292 peccata
2273 1221 2512 1292 fugiemli
2537 1235 2603 1276 ex
2635 1219 2818 1272 divina
2858 1217 3083 1274 lenitate
3112 1225 3480 1288 proponatur,

1882 1316 2080 1370 inertia
2122 1327 2308 1370 manet
2361 1313 2648 1382 impunita.
2696 1312 2854 1384 161
2906 1309 3290 1365 llabitabimus
3333 1310 3482 1365 enim

1883 1408 1936 1462 in
1966 1406 2228 1478 Egypto,
2261 1406 2366 1461 hoc
2395 1417 2500 1471 est,
2536 1404 2753 1459 exsules
2781 1414 2835 1459 et
2865 1418 3093 1459 errones
3113 1404 3345 1466 erimus,
3376 1417 3482 1455 non

1882 1499 1956 1554 ita
1995 1509 2054 1554 nt
2089 1511 2294 1554 terram
2342 1497 2597 1554 sensibus
2627 1495 2932 1567 expositam
2976 1493 3399 1563 reliquerimus,
3429 1500 3486 1545 et

1883 1591 1936 1645 in
1976 1590 2142 1644 aliam
2175 1587 2744 1659 commigraverimus,
2777 1586 2874 1640 sed
2911 1593 2971 1638 ut
3008 1593 3324 1638 sanctorum
3357 1593 3482 1635 sor-

1892 1694 1999 1739 tem
2049 1681 2422 1737 amiserimus.
2473 1678 2691 1733 Erimus
2736 1686 3001 1749 praeterea
3054 1677 3157 1730 sub
3205 1682 3482 1744 potestate

173 1769 432 1840 Ἄσσουρ,
489 1767 584 1820 τὸν
625 1767 866 1837 ἄρχοντα
903 1765 1147 1837 δηλονότι
1194 1765 1290 1820 τοῦ
1327 1766 1522 1830 αἰῶνος
1564 1766 1781 1830 τούτου,

1897 1777 2084 1842 Assur,
2128 1778 2230 1830 sub
2263 1773 2532 1844 principe,
2563 1774 2810 1842 inquam,
2850 1770 3016 1840 hujus
3047 1767 3234 1823 mundi
3264 1769 3334 1821 ³³.
3375 1766 3482 1836 Ipsi

163 1861 244 1913 ἐπ’
276 1859 434 1930 αὺτῷ
471 1876 535 1911 τε
570 1857 872 1926 κεισόμεθα
912 1858 1087 1911 δοῦλοι
1135 1859 1231 1912 καὶ
1289 1859 1648 1928 αἰχμάλωτοι,
1686 1859 1782 1912 καὶ

165 1955 267 2016 τοῖς
283 1951 462 2006 αὑτοῦ
483 1951 617 2022 θελή
626 1967 797 2022 μασιν
820 1950 1250 2016 ὑποκύπτοντες,
1269 1951 1356 2006 διά
1376 1969 1457 2006 τοι
1473 1952 1533 2006 τὸ
1552 1953 1783 2024 ἀσθενῆ-

166 2064 272 2110 σαι,
324 2045 426 2099 καὶ
479 2043 844 2099 καταπαῦσαι
885 2045 1016 2117 παρ’
1059 2046 1191 2117 ἡμῖν
1225 2043 1324 2118 τὴν
1357 2046 1656 2116 ῥομφαίαν.
1705 2047 1780 2100 Οὐ

167 2140 271 2211 γὰρ
300 2138 482 2202 ἐστιν,
507 2137 613 2192 οὐκ
648 2137 765 2191 ἐστι
795 2139 908 2200 τοῖς
933 2137 1418 2209 φιλαμαρτήμοσιν
1450 2139 1588 2192 ἑλεῖν
1621 2139 1783 2192 δύνα-

171 2234 290 2285 σθαι
330 2231 437 2302 τὴν
484 2229 799 2283 πανοπλίαν
833 2228 930 2282 τοῦ
973 2227 1134 2293 Θεοῦ,
1174 2247 1192 2279 ι
1219 2230 1328 2282 Καὶ
1371 2230 1472 2300 τὴν
1505 2229 1784 2302 μάχα·ραν

167 2324 258 2377 τοῦ
297 2323 655 2393 πνεύματος,
703 2321 733 2374 ὅ
769 2321 887 2374 ἐστι
924 2323 1078 2392 ῥῆμα
1126 2320 1282 2376 Θεοῦ.
1311 2343 1332 2374 ι
1381 2323 1674 2395 Μαχαιραν
1727 2323 1784 2378 δὲ

169 2418 406 2490 νοήσεις,
445 2415 549 2469 καὶ
589 2414 693 2484 τῆς
735 2413 974 2478 διανοίας
1004 2414 1162 2486 ἡμῶν
1192 2414 1355 2468 οἱονεὶ
1389 2416 1489 2487 τὴν
1531 2433 1786 2487 μαχιμω-

171 2511 336 2582 τάτην
369 2527 436 2562 τε
474 2507 573 2562 καὶ
627 2506 1040 2577 φιλοθεωτάτην
1077 2505 1318 2580 κίνησιν,
1364 2509 1430 2580 ἣν
1473 2511 1586 2571 τοῖς
1613 2508 1784 2562 παθε-

174 2622 254 2657 σιν
277 2601 702 2669 ἀντεξάγοντες,
726 2599 954 2663 καὶτοῖς
979 2598 1306 2663 διαϐολικοῖς
1329 2601 1785 2672 κακουργήμασιν

173 2695 620 2758 ἁντιτάττοντες,
676 2691 778 2764 τὴν
825 2691 1022 2762 εὐσεϐῆ
1074 2692 1169 2745 καὶ
1215 2690 1519 2763 ἀμώμητον
1562 2692 1786 2746 διατάτ-

172 2806 334 2861 τομεν
375 2786 596 2858 τρίϐον,
651 2786 746 2839 καὶ
800 2784 902 2852 τῆς
945 2784 1309 2854 εὐαγγελικῆς
1346 2783 1624 2849 πολιτείας
1668 2788 1786 2848 ταῖς

176 2881 384 2937 ἑαυτῶν
409 2878 692 2950 κεφαλαῖς
732 2877 1051 2948 ἀνάπτομεν
1083 2876 1151 2930 τὰ
1169 2876 1486 2947 αὐχήματα.

244 2974 357 3028 Καὶ
388 2975 423 3027 o'
453 2971 610 3037 λαὸς
634 2970 826 3024 αὐτοῦ
855 2967 1334 3038 ἐπικρεμάμενος
1362 2968 1429 3022 ἐκ
1456 2966 1566 3035 τῆς
1592 2985 1784 3022 κατοι-

176 3067 308 3133 κίας
339 3062 556 3119 αὑτοῦ.
580 3062 691 3117 Καὶ
717 3062 861 3128 656g-
883 3061 980 3114 ἐπὶ
1009 3061 1083 3115 τὰ
1111 3062 1272 3131 τίμια
1295 3061 1484 3116 αὐτοῦ
1514 3061 1785 3131 augeo»:-

172 3175 366 3222 σεται,
398 3155 503 3210 καὶ
521 3157 594 3210 οὐ
626 3155 711 3224 μὴ
738 3153 958 3224 ὑψώσῃ
993 3155 1202 3208 αὐτόν.

241 3247 427 3301 PKB’.
482 3247 909 3316 Δυσέκφραστος
950 3244 1148 3316 κομιδῇ
1197 3245 1307 3298 τῶν
1343 3244 1726 3316 προκειμένων
1761 3245 1788 3297 6

171 3341 318 3409 νοῦς,
345 3341 448 3395 καὶ
487 3341 723 3411 τραχεῖα
746 3339 856 3392 τῶν
882 3337 1084 3404 λέξεων
1111 3340 1144 3408 ἡ
1170 3337 1435 3410 συνθήκη,
1460 3339 1554 3392 καὶ
1585 3337 1790 3409 πολλῆς

172 3433 235 3488 ἂν
265 3436 454 3490 δέοιτο
486 3433 814 3504 σαφηνείας,
838 3435 952 3496 τοῖς
993 3431 1243 3486 ἐθέλουσι
1278 3435 1440 3486 νοεῖν.
1473 3433 1631 3487 Ἔστι
1670 3432 1727 3485 δὲ
1760 3431 1788 3485 ὃ

173 3527 431 3598 βούλεται
474 3527 673 3598 δηλοῦν
721 3527 798 3590 ὡς
840 3527 896 3579 ἐν
935 3525 1123 3594 ὀλίγῳ,
1178 3524 1438 3580 τοιοῦτον.
1489 3525 1786 3595 Ἀπιξ›χετο,

173 3623 365 3692 φησὶν,
393 3622 424 3674 ὁ
468 3618 717 3690 Ἐφραῒμ
748 3620 830 3683 είς
854 3621 1211 3689 Αἰγυπτίους,
1246 3620 1437 3690 γέγονε
1471 3618 1528 3672 δὲ
1558 3601 1652 3671 καὶ
1683 3617 1790 3671 ὑπὸ

175 3715 429 3786 βασιλέα,
463 3713 559 3766 τὸν
601 3712 860 3784 Ἀσσούρ.
898 3711 1056 3777 Εἶτα,
1088 3713 1281 3781 ὥσπερ
1315 3713 1461 3776 τινὸς
1517 3711 1787 3765 πυνθανο-

175 3809 342 3878 μένου
384 3824 450 3860 τε
487 3806 584 3859 καὶ
618 3807 896 3874 λέγοντος,
943 3805 1089 3861 Ἀνθ’
1119 3807 1264 3872 ὅτου,
1300 3808 1395 3861 καὶ
1427 3806 1551 3860 τίνα
1586 3805 1789 3878 τρόπον

175 3898 613 3971 συγκεχώρηται
639 3899 858 3964 παθεῖν,
893 3899 1061 3971 ἧπῶς
1089 3901 1411 3971 ἀλλοφύλοις
1440 3901 1790 3958 δεδούλευκεν

171 3995 197 4046 ὀ
231 3991 500 4064 Ἰσραήλ;
529 3991 747 4063 τίθησιν
773 3991 976 4063 ἑφεξῆς
999 3993 1100 4057 τὰς
1131 3994 1450 4063 ἀπολογίας,
1475 3995 1568 4049 καί
1599 4014 1787 4067 φησιν,

174 4085 398 4154 πρῶτον
469 4085 604 4154 μὲν,
659 4085 830 4138 ι”Οτι
893 4085 996 4138 οὐκ
1056 4083 1316 4158 ἠθέλησεν
1389 4089 1785 4160 ἐπιστρέψαι.»

174 4177 563 4251 ιιροκειμένης
593 4177 705 4250 γὰρ
741 4178 1103 4251 ἡμερότητος,
1140 4181 1274 4252 ἥλω,
1318 4182 1475 4254 φησὶ,
1520 4185 1611 4237 καὶ
1655 4185 1790 4257 πρὸς

173 4269 332 4323 τοῦτο
385 4270 638 4340 ῥᾴθυμος
672 4270 766 4323 καὶ
807 4269 1059 4341 ἀπειθὴς.
1095 4267 1250 4337 Εἶτα,
1281 4273 1364 4326 ὅτι
1413 4292 1430 4324 ι
1483 4275 1594 4327 Καὶ
1629 4275 1793 4344 ἡσθέ-

173 4377 309 4430 νησε
348 4359 606 4433 ῥομφαία
635 4360 694 4412 ἑν
732 4361 855 4422 ταῖς
894 4359 1116 4413 πόλεσιν
1144 4358 1333 4415 αὑτοῦ.
1369 4380 1386 4412 ι
1429 4361 1503 4414 Οὐ
1549 4362 1658 4434 γὰρ
1700 4357 1789 4433 ἦν,

170 4454 246 4516 ὡς
276 4452 447 4524 ἔφην,
491 4453 518 4504 6
555 4453 669 4515 τοῖς
719 4451 1031 4522 Ἀσσυρίοις
1080 4453 1582 4523 ἀντανιστάμενος,
1623 4454 1656 4524 ἢ
1697 4455 1792 4507 καὶ

170 4545 468 4616 εὐδόκιμος
499 4544 569 4598 τὰ
597 4545 858 4608 τακτικὰ,
909 4544 1046 4598 Θεοῦ
1093 4544 1154 4598 τὸ
1185 4545 1428 4615 μάχιμον
1485 4546 1794 4617 παραλύον-

172 4651 284 4700 τος,
315 4633 625 4708 καὶὮδειλίᾳ
662 4651 770 4687 που
829 4634 972 4705 τάχα
1015 4634 1510 4704 προκατασείοντος
1559 4637 1651 4688 καὶ
1699 4637 1792 4688 τὸν

172 4728 408 4797 εὐσθενῆ
440 4725 564 4778 λίαν
597 4727 656 4779 ἑν
685 4727 910 4797 μάχαις.
952 4726 1113 4780 Δίτία
1144 4726 1202 4780 δὲ
1247 4726 1338 4780 καὶ
1370 4726 1533 4798 ἑτέρα
1568 4727 1662 4781 τοῦ
1698 4746 1794 4782 πε-

175 4819 284 4871 σεῖν
325 4815 500 4870 αὐτὸν
529 4815 639 4868 ὑπὸ
681 4814 774 4867 τὸν
817 4815 1072 4887 Ἀσσούρ.
1118 4815 1254 4870 Ποία
1281 4815 1336 4869 δὲ
1374 4815 1548 4889 ain-:1;
1596 4817 1656 4869 Ὀ
1685 4816 1794 4888 γὰρ

173 4905 321 4969 λαὸς,
341 4904 657 4971 τουτέστιν,
680 4905 710 4957 6
737 4903 1000 4977 Ἐφραῖμ,
1029 4905 1313 4976 μονονουχὶ
1335 4907 1425 4962 καὶ
1454 4907 1794 4979 ἑξεκρέματο

175 4997 363 5063 αὐτοῦ,
427 4995 529 5049 τοῦ
591 4997 828 5068 Ἀσσοὺρ
874 4997 1142 5069 δηλονότι,
1203 4999 1298 5051 καὶ
1358 5000 1423 5054 ὲκ
1467 5001 1570 5072 τῆς
1620 5001 1790 5056 αὐτοῦ

173 5088 469 5150 κατοικίας
505 5087 770 5157 ἀπαίρειν
800 5087 1068 5157 ἠθέλησεν
1093 5089 1174 5151 είς
1199 5089 1300 5159 τὴν
1325 5090 1553 5162 Περσῶν
1589 5109 1645 5146 τε
1697 5093 1790 5148 καὶ

172 5179 401 5250 Μήδων.
445 5179 561 5232 Καὶ
589 5179 651 5232 οὐ
675 5179 852 5250 δήπου
881 5181 1083 5251 φαμὲν,
1113 5181 1196 5234 ὅτι
1222 5180 1382 5235 τοῦτο
1404 5183 1600 5238 παθεῖν
1626 5186 1789 5249 αὐτὸς

171 5269 238 5323 ἂν
263 5272 542 5342 ἠθέλησεν
568 5273 597 5324 6
637 5271 903 5344 Ἐφραῒμ,
933 5273 1050 5326 ἀλλ’
1077 5275 1202 5327 ὅσον
1235 5270 1370 5348 ἧκεν
1415 5279 1494 5340 είς
1532 5278 1601 5332 τὰ
1639 5279 1792 5350 αὐτῷ

175 5365 729 5436 πεπλημμελημένα,
767 5368 1055 5438 μονονουχὶ
1105 5368 1197 5421 καὶ
1231 5369 1469 5441 ἐζήτησε
1504 5371 1699 5426 παθεῖν
1723 5374 1793 5427 τὰ

176 5453 319 5510 οὕτω
350 5456 533 5522 δεινὰ,
566 5456 731 5530 εἴπερ
772 5454 892 5522 ἐξὸν
926 5456 1214 5528 διαδράναι
1255 5459 1356 5531 τὴν
1391 5461 1584 5532 ὀργὴν,
1628 5481 1797 5534 μετα-

179 5551 371 5621 φιτᾷν
404 5549 671 5622 ᾑρημένῳ
699 5549 837 5623 πρὸς
868 5551 937 5606 τά
988 5552 1198 5620 ἀμείνω
1225 5553 1321 5607 καὶ
1348 5554 1794 5629 πρεπωδέστερα.

253 5733 296 5763 ⁸⁸
317 5733 479 5788 Joan.
510 5749 606 5798 xu,
642 5733 733 5790 51.
813 5733 859 5767 ⁸ο
885 5733 1085 5806 Ephes.
1118 5749 1194 5801 vt,
1239 5734 1326 5788 Π.

1885 1879 1943 1926 ιιι
1969 1869 2112 1925 servi
2146 1878 2201 1924 et
2227 1866 2451 1937 captivi,
2473 1873 2528 1920 et
2550 1864 2698 1921 dicto
2732 1863 3018 1918 audientes
3052 1859 3482 1931 subjacebimus.

1885 1963 2012 2033 quia
2045 1961 2359 2016 infirmatus
2388 1959 2482 2024 sit,
2522 1967 2579 2015 et
2613 1957 2886 2028 quieverit
2916 1956 3058 2026 apud
3111 1969 3210 2009 nos
3248 1953 3484 2024 gladius.

1885 2053 2005 2108 Non
2034 2051 2178 2106 enim
2220 2060 2477 2120 possunt,
2515 2049 2762 2118 inquam,
2806 2047 3048 2118 peccatis
3096 2046 3265 2101 dediti
3300 2059 3483 2100 arma-

1889 2154 2067 2199 turam
2103 2141 2196 2197 Dei
2224 2154 2553 2211 capessere:
2591 2159 2609 2192 ι
2652 2140 2717 2194 Et
2749 2139 2992 2210 gladium
3039 2139 3292 2210 spiritus,
3342 2140 3485 2208 quod

1886 2247 1974 2293 est
2009 2237 2233 2292 verbum
2264 2233 2360 2289 Dei
2396 2234 2464 2289 ³ο.
2507 2254 2525 2288 ι
2557 2234 2811 2290 Gladium
2837 2241 3019 2288 autem
3054 2231 3331 2303 intelligas
3355 2232 3488 2287 licet

1891 2328 2060 2382 etiam
2098 2327 2264 2380 animi
2311 2325 2485 2381 nostri
2533 2324 2700 2381 veluti
2745 2324 2812 2379 ad
2864 2323 3214 2394 pugnandum
3255 2324 3483 2393 aptissi-

1889 2436 2059 2486 mam,
2107 2429 2164 2474 et
2215 2419 2306 2473 Dei
2342 2418 2779 2474 amantissimam
2827 2417 3148 2484 motionem,
3193 2416 3310 2472 sive
3357 2413 3492 2469 alle-

1890 2521 2068 2575 ctum,
2101 2525 2264 2580 quem
2298 2511 2508 2565 vitiosis
2552 2509 2796 2564 moribus
2820 2509 2972 2578 quasi
3011 2510 3062 2563 in
3093 2509 3283 2578 prmlio
3313 2522 3487 2578 Oppo-

1893 2611 2108 2668 nentes,
2141 2613 2196 2657 et
2232 2612 2421 2656 contra
2463 2603 2766 2658 diabolicas
2799 2602 3078 2672 nequitias
3124 2602 3484 2665 instruentes,

1887 2692 1997 2761 jam
2031 2703 2085 2747 et
2110 2702 2264 2748 extra
2297 2692 2784 2762 reprehensionem
2823 2693 3078 2748 semitam
3105 2692 3408 2756 currimus,
3431 2701 3490 2748 et

1891 2785 2219 2856 evangelica:
2245 2786 2370 2842 vitae
2430 2800 2757 2856 morumque
2787 2785 2954 2842 decus
2978 2785 3250 2856 capitibus
3281 2785 3490 2842 nostris

1889 2891 2247 2947 acqutrtmus.

1965 2970 2129 3026 Vens.
2163 2970 2218 3024 7.
2254 2969 2320 3023 Et
2354 2969 2580 3040 populus
2612 2969 2677 3023 ab
2715 2985 2776 3025 eo
2814 2983 3099 3040 suspensus
3144 2983 3208 3023 ex
3238 2966 3479 3022 incolatu

1894 3078 2012 3115 suo.
2052 3061 2115 3114 Et
2155 3061 2296 3116 Deus
2323 3077 2480 3132 super
2504 3065 2764 3117 honorata
2813 3061 2928 3133 ejus
2961 3061 3246 3128 irascetur,
3291 3072 3340 3117 et
3385 3078 3491 3117 non

1817 3139 1861 3197 (οἶ
1895 3155 2153 3210 exaltabit
2188 3172 2299 3209 eos.

1964 3244 2204 3304 CXXIX.
2233 3247 2580 3305 Perdiﬂicilis
2611 3248 2884 3319 explicatur
2919 3258 3005 3304 est
3030 3249 3322 3305 verborum
3354 3249 3490 3304 isto-

1897 3355 2016 3394 rmn
2051 3355 2270 3405 sensus,
2299 3348 2353 3395 et
2400 3355 2593 3410 aspera
2641 3341 2988 3409 compositio,
3038 3351 3093 3396 et
3139 3341 3308 3396 multa
3346 3341 3490 3395 indi-

1894 3447 2029 3502 gens
2081 3432 2469 3499 illnstratione,
2511 3443 2568 3487 ut
2605 3433 2963 3504 intelligatur.
3001 3434 3095 3489 Est
3131 3444 3314 3490 autem
3345 3435 3488 3504 quod

1897 3528 2090 3597 paucis
2128 3528 2378 3584 indicare
2406 3529 2544 3594 vult,
2581 3528 2917 3596 hujnsmodi.
2944 3527 3093 3583 Abiit
3128 3529 3387 3599 Ephraim
3423 3531 3490 3582 ad

1895 3618 2206 3691 Egyptios,
2249 3619 2451 3690 inquit,
2501 3630 2556 3675 et
2609 3620 2710 3675 sub
2767 3627 3096 3687 potestatem
3140 3618 3286 3689 regis
3315 3616 3489 3674 Assur

1895 3714 2199 3769 concessit.
2250 3714 2389 3769 Tum
2445 3715 2600 3785 quasi
2654 3724 3046 3785 percunctante
3091 3715 3370 3784 quopiam,
3411 3715 3492 3770 di-

1891 3816 2181 3876 centeque,
2209 3823 2305 3862 cur
2331 3816 2386 3862 et
2413 3822 2653 3878 quonam
2677 3807 2839 3862 modo
2869 3807 3169 3877 permissus
3189 3818 3270 3862 est
3303 3807 3488 3879 amigi,

1895 3910 1949 3956 et
1988 3899 2267 3969 quomodo
2305 3899 2626 3970 alienigenis
2669 3901 2895 3955 servivit
2942 3898 3108 3955 Israel
3138 3940 3153 3966 ,
3197 3903 3493 3971 respondet

1896 3993 2264 4057 continenter,
2325 3992 2561 4063 primum
2595 3993 2832 4062 quidem,
2874 4012 2892 4045 ι
2930 3994 3071 4060 Quia
3125 3995 3302 4048 noluit
3361 4009 3494 4050 con-

1896 4085 2086 4142 verti.»
2117 4084 2402 4156 Proposita
2439 4087 2581 4139 enim
2614 4083 2711 4140 Dei
2739 4085 3050 4153 clementia,
3087 4087 3251 4141 etiam
3286 4087 3354 4142 ad
3384 4087 3490 4141 hoc

1897 4177 2081 4246 segnis
2145 4188 2199 4232 et
2239 4175 2566 4232 inobedicns
2618 4176 2874 4231 inventus
2914 4187 3018 4230 est.
3071 4176 3272 4230 Deinde
3307 4194 3325 4227 ι
3365 4177 3494 4246 quia

1897 4270 2208 4326 infirmatus
2255 4277 2340 4324 est
2393 4268 2606 4338 gladius
2655 4269 2708 4323 in
2766 4265 3080 4323 civitatibus
3125 4267 3264 4335 eius;
3308 4286 3325 4320 ο
3381 4281 3490 4320 non

1898 4363 2044 4418 enim
2078 4371 2229 4428 erat,
2281 4371 2338 4416 ut
2372 4361 2507 4426 dixi,
2540 4362 2632 4431 qui
2670 4361 2916 4432 Assyriis
2957 4362 3256 4429 resisteret,
3307 4371 3398 4416 aut
3435 4360 3492 4416 In

1897 4464 2018 4512 arte
2047 4455 2270 4511 militari
2310 4456 2600 4524 probatus,
2626 4453 2738 4510 Deo
2767 4453 3025 4508 virtutem
3057 4452 3306 4508 bellicam
3335 4467 3496 4508 ener-

1903 4555 2088 4616 vante,
2123 4557 2178 4603 et
2226 4547 2484 4603 fortassis
2511 4548 2675 4602 etiam
2712 4547 2766 4601 in
2799 4562 2977 4618 pugna
3016 4545 3371 4602 fortissimum
3411 4546 3496 4605 in-

1898 4639 2042 4710 jecta
2077 4639 2374 4696 timiditate
2432 4638 2586 4708 prius
2637 4648 3011 4694 convertente.
3063 4637 3157 4692 Est
3207 4638 3336 4692 item
3390 4637 3496 4692 alia

1903 4745 2067 4786 causa
2133 4747 2234 4788 cur
2274 4733 2375 4786 sub
2413 4733 2585 4785 Assur
2626 4730 2881 4785 redactus
2931 4729 3021 4784 sit.
3065 4729 3362 4796 Qnmnam?
3396 4728 3500 4784 Po-

1903 4825 2062 4895 pulus
2091 4826 2236 4883 enim
2263 4865 2276 4889 ,
2313 4835 2441 4895 puta
2489 4823 2768 4893 Ephraim,
2810 4833 3017 4877 tantmn
3051 4838 3159 4877 non
3202 4822 3367 4877 etiam
3406 4839 3500 4893 pe-

1902 4918 2086 4986 pendit
2115 4918 2183 4973 ab
2218 4919 2359 4988 ipso,
2392 4917 2567 4972 Assur
2610 4915 2887 4981 videlicet,
2921 4924 2978 4970 et
3007 4929 3076 4970 ex
3124 4915 3363 4972 incolatu
3395 4931 3498 4971 suo

1900 5010 1966 5063 ad
2002 5008 2200 5064 Persas
2227 5018 2283 5064 et
2316 5007 2503 5064 Medos
2531 5008 2683 5063 abire
2710 5008 2897 5063 voluit.
2935 5008 3048 5064 Nec
3085 5009 3320 5064 dicimus
3360 5025 3494 5064 sane

1900 5101 2159 5171 Ephraim
2191 5102 2335 5156 istud
2370 5101 2578 5171 perpeti
2608 5099 2877 5164 voluisse;
2932 5101 3028 5155 sed
3070 5099 3218 5171 quod
3259 5102 3326 5156 ad
3368 5116 3498 5170 pec-

1901 5204 2025 5249 cata
2058 5195 2176 5263 ejus
2201 5195 2417 5262 attinet,
2453 5201 2562 5249 tam
2595 5193 2826 5248 adversa
2857 5193 3250 5262 propemodum
3280 5190 3498 5246 affecta-

1902 5289 1978 5343 vit
2021 5287 2268 5357 perpeti;
2318 5289 2586 5358 siquidem
2621 5287 2820 5342 licebat
2860 5286 2996 5341 iram
3024 5286 3284 5356 effugere,
3330 5285 3374 5339 si
3425 5286 3492 5339 ad

1904 5381 2134 5435 meliora
2176 5390 2231 5435 et
2255 5379 2704 5435 convcnientiora
2737 5391 2796 5432 se
2832 5376 2963 5430 dare
2997 5375 3314 5445 placuisset.
3348 5371 3495 5426 Tan-

1907 5481 2022 5526 tum
2046 5486 2152 5526 non
2173 5481 2230 5527 et
2255 5471 2510 5542 pependit
2535 5470 2603 5526 ab
2622 5469 2798 5525 Assur
2817 5475 2872 5523 et
2891 5469 3067 5537 patria
3103 5465 3260 5536 162
3283 5465 3494 5532 relicta,

1911 5563 2013 5620 hoc
2045 5573 2130 5620 est
2173 5563 2438 5632 incolatu,
2482 5576 2578 5621 seu
2624 5559 2965 5617 habitatione
3011 5573 3130 5616 sua,
3176 5560 3228 5616 in
3268 5575 3496 5630 regnum
