3982 6470
485 283 586 339 271

1487 280 1544 337 S.
1589 279 1868 336 CYiliLLl
1907 279 2382 336 ALEXANDill-Nl
2426 279 2747 337 ARCI-IIEP.

3672 283 3774 338 9.73

490 399 636 454 illius
666 395 820 453 abire
857 395 1190 467 concupivit,
1246 399 1599 466 quantumvis
1635 399 1774 453 Deus
1818 416 2078 469 capt-csse

2187 399 2481 466 Μονονουχὶ
2531 399 2626 451 καὶ
2679 395 3016 468 ἐξεκρέματο
3069 395 3165 449 τοῦ
3215 395 3467 468 'Aacobp,
3521 398 3615 450 καὶ
3683 393 3778 460 τὴν

488 490 931 561 prmnuntiasset,
972 490 1196 544 omnino
1243 491 1370 544 talia
1418 507 1478 545 se
1532 492 1899 559 inducturum,
1970 491 2074 547 nisi

487 579 869 650 panitentiam
911 589 1158 647 agerent.
1198 579 1468 646 Quoniam
1521 581 1622 652 ipsi
1668 583 1734 636 ad
1767 583 1910 637 hunc
1953 597 2078 637 sco-

487 687 617 741 pum
668 672 1094 740 descenderunt,
1131 690 1151 724 t
1187 671 1458 729 irascetur
1513 674 1657 730 Deus
1705 691 1870 746 super
1908 677 2080 730 bono-

489 773 605 816 rata
643 762 782 832 ejus.
817 781 836 815 ι
866 761 1168 829 Honorata,
1196 773 1250 819 ct
1286 764 1510 831 eximia,
1551 776 1601 820 el
1635 771 1951 836 pra-stantia
1986 783 2081 836 po-

489 854 604 924 puli
637 870 792 924 reges
835 855 1092 910 nimirum
1148 865 1300 926 sunt,
1346 867 1402 912 et
1445 858 1636 924 duces,
1671 860 1763 928 qui
1805 875 1910 912 una
1953 875 2077 914 cum

491 945 654 1014 vulgo
699 947 919 1002 abducti
971 957 1098 1003 sunt
1146 949 1357 1012 miseri,
1409 957 1465 1005 et
1515 949 1684 1014 servi,
1733 959 1789 1004 et
1850 950 2079 1017 captivi,

489 1039 615 1106 quia
658 1040 935 1110 subjectos
962 1040 1321 1104 seduxerunt,
1353 1050 1408 1093 et
1433 1039 1566 1096 facti
1599 1047 1725 1093 sunt
1757 1035 1982 1108 laqueus
2017 1039 2085 1096 iis

444 1178 454 1197 ,
499 1132 617 1199 qui,
676 1134 719 1184 si
779 1131 1078 1186 voluissent
1121 1132 1246 1201 ipsi,
1287 1131 1430 1186 viam
1481 1131 1822 1186 rectitudinis
1863 1141 2088 1187 currere

445 1213 768 1289 'potcrant.
827 1222 1056 1290 Semper
1107 1224 1252 1276 enim
1315 1223 1482 1276 duces
1535 1222 1771 1276 subditis
1817 1231 2080 1292 prmeunt.

492 1310 661 1365 Erunt
698 1313 881 1381 itaque
938 1313 1174 1369 humiles
1223 1323 1276 1368 ct
1328 1313 1548 1383 abjecti,
1608 1315 1861 1383 quamvis
1911 1313 2082 1385 gloria

489 1403 818 1458 allluxerint.
848 1401 1014 1460 l’lane
1046 1407 1190 1460 enim
1226 1406 1375 1477 regni
1409 1407 1605 1461 solium
1637 1409 1800 1461 decus
1827 1421 2083 1476 magnum

486 1495 673 1550 habet.
733 1493 928 1550 Verum
989 1512 1094 1550 non
1147 1497 1474 1552 exaltaverit
1533 1498 1654 1552 illos
1704 1497 1880 1565 Deus;
1924 1496 2085 1553 desiit

483 1590 651 1653 enim,
691 1588 741 1641 id
789 1589 930 1657 quod
967 1588 1079 1656 jam
1122 1593 1321 1660 swpius
1365 1589 1501 1658 dixi,
1537 1605 1760 1661 regnum
1800 1589 2079 1660 Ephraim.

2182 491 2510 559 ἐνεγκοῦσαν
2562 489 2742 559 ἀφεὶς,
2791 487 3058 551 τουτέστι,
3103 487 3204 559 τὴν
3249 487 3530 542 κατοικίαν
3589 489 3774 552 αὑτοῦ,

2185 580 2323 652 πρὸς
2363 580 2458 652 τὴν
2497 582 2708 634 ἐκείνου
2746 580 2985 652 βαδίζειν
3031 581 3310 645 ἀσυνέτως
3361 582 3630 654 ἐγλίχετο,
3687 585 3779 638 καί

2182 688 2266 724 τοι
2323 671 2459 726 Θεοῦ
2496 673 2673 744 πάντη
2709 691 2770 726 τε
2835 673 2930 726 καὶ
2981 673 3201 736 πάντως
3237 673 3465 740 ἐπάξειν
3517 674 3665 746 αὐτῷ
3712 682 3778 729 τὰ

2181 763 2359 818 τοιάδε
2425 765 2794 836 διειρηκότος,
2855 767 2904 818 εἰ
2984 765 3059 837 μὴ
3125 765 3399 836 βούλοιντο
3471 770 3774 837 μετανοεῖν.

2195 858 2412 929 Ἐπειδὴ
2470 858 2527 912 δὲ
2579 858 2716 930 πρὸς
2759 857 2919 912 τοῦτο
2964 858 3118 912 αὐτοὶ
3163 858 3499 912 κατὼλισθον
3549 859 3776 925 σκοποῦ,

2193 967 2212 1000 t
2242 948 2643 1020 Θυμωθήσεται
2677 949 2810 1013 Θεὸς
2851 949 2944 1002 ἐπὶ
2974 948 3041 1002 τά
3069 948 3227 1021 τίμια
3263 949 3452 1003 αὐτοῦ.
3479 970 3496 1003 ι
3526 951 3697 1021 Τίμια
3723 951 3779 1004 δὲ

2185 1043 2282 1094 καὶ
2324 1042 2596 1113 ἐξαίρετα,
2649 1042 2743 1095 καὶ
2790 1040 3098 1112 προῦχοντα
3149 1040 3259 1094 τῶν
3315 1041 3482 1104 λαῶν,
3539 1042 3781 1112 βασιλεῖς

2185 1134 2446 1206 δηλονότι,
2485 1134 2579 1188 καὶ
2626 1133 2943 1206 ἡγούμενοι,
2978 1135 3027 1186 οἳ
3058 1133 3152 1187 καὶ
3183 1136 3297 1197 τοῖς
3337 1131 3613 1203 ἀγελαίοις
3656 1153 3780 1188 συν-

2184 1225 2658 1296 απεκομίσθησαν,
2687 1224 2914 1278 ἐλεεινοί
2945 1242 3003 1278 τε
3051 1225 3145 1277 καὶ
3180 1223 3377 1291 δοῦλοι,
3407 1227 3502 1278 καὶ
3532 1227 3591 1280 ἐν
3626 1226 3781 1290 τάξει

2182 1314 2554 1386 δορυκτήτων,
2610 1315 2693 1368 ὅτι
2747 1316 2874 1378 τοὺς
2904 1313 3008 1367 ὑπὸ
3039 1315 3198 1384 χεῖρα
3248 1314 3657 1386 πεπλανήκασι,
3686 1319 3781 1369 καὶ

2189 1405 2444 1474 γεγόνασι
2470 1406 2640 1474 παγὶς
2663 1406 2797 1470 τοῖς,
2832 1405 2990 1475 εἴπερ
3009 1405 3200 1476 ἤθελον
3226 1404 3402 1471 αὐτοὶ,
3429 1405 3522 1457 καὶ
3543 1405 3782 1458 διάττειν

2183 1496 2504 1566 δυναμένοις
2537 1497 2636 1565 τὴν
2670 1495 2758 1548 ἐπ’
2799 1493 2950 1548 εὐθύ.
2997 1496 3337 1567 Καθηγεῖται
3376 1497 3484 1568 γὰρ
3534 1497 3624 1550 ἀεὶ
3670 1497 3781 1550 τῶν

2185 1587 2626 1658 ὑπεστρωμένων
2651 1584 2712 1638 τὸ
2737 1585 3060 1657 ἡγούμενον.
3091 1588 3350 1642 Ἔσονται
3369 1586 3434 1658 δὴ
3463 1583 3558 1640 οὖν
3587 1604 3781 1641 ταπει-

483 1679 585 1744 νοὶ,
615 1679 710 1734 καὶ
737 1681 1170 1752 ἀπερριμμένοι,
1201 1683 1294 1736 καί
1327 1701 1411 1738 τοι
1459 1683 1718 1755 πλείστην
1750 1685 1883 1755 ὅσην
1911 1685 2206 1756 ἐσχηκότες
2237 1680 2335 1754 τὴν
2391 1682 2572 1748 δόξαν.
2597 1681 2867 1752 Πρόσεστι
2922 1680 3033 1752 γὰρ
3091 1683 3310 1746 πάντως
3365 1685 3476 1745 τοῖς
3504 1682 3604 1752 τῆς
3623 1682 3783 1752 βαει-

483 1772 633 1836 λείας
683 1774 879 1837 θώκοις
939 1775 1002 1828 τὸ
1063 1777 1301 1841 εὐκλεές.
1363 1778 1502 1832 Ἀλλ’
1567 1779 1668 1832 οὐκ
1729 1777 1796 1832 ἂν
1850 1777 2116 1848 ὑψώσειεν
2187 1774 2386 1840 αὐτοὺς
2417 1777 2445 1830 ὁ
2471 1774 2621 1838 Θεός.
2655 1775 2936 1829 Πέπαυται
2970 1775 3102 1847 γὰρ,
3130 1774 3206 1838 ὡς
3231 1773 3369 1846 ἔφην
3397 1773 3496 1846 ἤδη
3527 1773 3783 1828 πλειστά-

485 1883 596 1931 κις,
633 1869 665 1938 ἡ
704 1868 798 1921 τοῦ
848 1867 1092 1940 Ἐφραῖμ
1132 1869 1399 1940 βασιλεία.

557 1963 816 2017 Cavenda
843 1963 1009 2032 igitur
1041 1963 1199 2017 nobis
1232 1964 1559 2020 Christianis
1611 1964 1847 2020 maxime
1875 1963 1944 2020 ad
1977 1965 2076 2020 im-

2253 1958 2715 2033 Παραφυλακτέον
2748 1958 2812 2030 δὴ
2835 1955 2929 2014 οὖν
2969 1959 3102 2032 ἡμῖν
3135 1959 3372 2031 μάλιστα
3401 1963 3516 2025 τοῖς
3545 1963 3602 2014 ἐν
3642 1963 3778 2034 Χριο

485 2056 816 2128 probitatem
879 2054 1184 2111 inclinatio.
1233 2057 1388 2122 Quod
1444 2058 1549 2112 nisi
1591 2056 1924 2126 fecerimus,
1974 2060 2076 2128 ipsi

488 2147 690 2202 diaboli
722 2144 914 2216 jngum
961 2147 1120 2201 nobis
1163 2149 1406 2203 volentes
1463 2149 1828 2218 imponemus,
1869 2161 2074 2205 tantum

487 2253 598 2294 non
625 2237 693 2291 ab
735 2236 851 2305 ejus
883 2237 1177 2293 dilectione
1217 2241 1490 2310 suspensi,
1529 2250 1752 2312 totaque
1795 2241 2080 2297 alacritate

487 2332 556 2385 ad
586 2329 704 2400 ejus
747 2329 937 2400 jttgum
981 2330 1234 2400 deinceps
1267 2331 1572 2396 ferendum,
1611 2342 1660 2388 et
1692 2333 1758 2386 ad
1803 2333 1977 2402 ipsius
2011 2333 2078 2387 li-

487 2423 660 2478 bidini
689 2421 1097 2492 obsequendum
1151 2424 1535 2478 concedentes.
1584 2426 1700 2491 Quo
1735 2425 1881 2480 facto
1912 2427 2080 2486 Deum

489 2514 853 2581 irritabimus,
904 2524 961 2570 ct
1008 2516 1088 2570 sic
1141 2516 1193 2570 in
1252 2526 1529 2584 posterum
1573 2519 1777 2573 erimus
1824 2517 2077 2585 humiles,

489 2607 760 2675 dejectum
827 2617 884 2663 et
918 2609 1067 2662 velut
1103 2610 1329 2676 pedibus
1357 2609 1622 2666 calcatqu
1665 2621 1918 2682 gerentes
1959 2613 2080 2666 ani-

490 2714 661 2764 mum,
692 2697 806 2754 Deo
850 2697 1202 2765 debilitante,
1257 2700 1609 2771 strenuisque
1657 2703 2083 2772 cogitationibus

487 2792 556 2846 ad
600 2791 804 2846 bonum
848 2793 1279 2862 comparandum
1338 2809 1438 2849 nos
1485 2793 1700 2863 erigere
1741 2810 1846 2850 non
1903 2796 2074 2850 susti-

489 2891 674 2938 ncnte.

582 2974 746 3030 \‘Etts.
787 2972 842 3042 8,
878 2973 931 3030 9.
960 2973 1103 3040 Quid
1139 2974 1232 3029 tibi
1254 2975 1472 3045 faciam,
1495 2973 1791 3046 Ephraim?
1812 2987 2082 3049 protegant

487 3075 559 3131 te,
589 3063 784 3129 Israel,
815 3067 942 3130 quid
974 3066 1068 3120 tibi
1094 3067 1339 3136 faciam?
1380 3070 1519 3122 sicut
1559 3070 1766 3124 Atlanta
1798 3087 1987 3138 pommt
2012 3083 2080 3138 te,

488 3166 538 3212 et
565 3159 701 3213 sicut
745 3155 976 3213 Seboim.
1013 3156 1333 3213 Conventum
1380 3170 1456 3214 est
1495 3176 1588 3215 cor
1627 3177 1822 3215 nteant.
1867 3161 1931 3217 Ιιι
1974 3162 2082 3232 ipso

488 3249 807 3305 conturbata
859 3261 935 3305 est
980 3253 1290 3319 pwniteutia
1330 3269 1484 3319 mea,
1529 3270 1633 3308 non
1688 3253 1889 3324 faciant
1921 3255 2083 3326 juxta

2182 2053 2315 2126 στῷ,
2348 2053 2448 2124 τὴν
2493 2055 2570 2116 είς
2608 2051 2678 2104 τὰ
2705 2051 2886 2121 φαῦλα
2921 2052 3116 2123 ῥοπήν.
3153 2051 3223 2104 Ἦ
3248 2051 3393 2123 εἰμὴ
3423 2054 3580 2108 τοῦτο
3606 2055 3778 2127 δρῴη-

2185 2163 2285 2217 μεν
2326 2144 2567 2208 ἑκόντες,
2612 2143 2768 2196 αὐτοὶ
2797 2143 2890 2196 τὸν
2939 2142 3032 2196 τοῦ
3071 2141 3318 2196 διαϐόλου
3349 2144 3514 2213 ζυγὸν
3563 2146 3779 2210 ἑαυτοῖς

2183 2235 2540 2307 ἐπιθήσομεν,
2584 2233 2869 2308 μονονουχὶ
2910 2233 3005 2286 καὶ
3051 2231 3504 2305 ἀποκρεμάμενοι
3551 2235 3653 2306 τῆς
3700 2239 3781 2301 είς

2183 2327 2344 2382 αὑτὸν
2379 2327 2622 2396 ἀγάπης,
2661 2325 2759 2398 ὅλῃ
2786 2341 2842 2378 τε
2881 2323 3189 2394 βαδίζοντες
3220 2326 3499 2397 προθυμίᾳ
3542 2328 3682 2398 πρὸς
3720 2328 3780 2381 τὸ

2184 2423 2276 2478 ὑπ’
2321 2420 2471 2492 αὐτῷ
2509 2418 2767 2489 γενέσθαι
2817 2418 3026 2483 λοιπὸν,
3075 2419 3169 2472 καὶ
3211 2419 3279 2472 τὰ
3329 2419 3478 2490 αὐτῷ
3514 2421 3779 2474 δοκοῦντα

2183 2515 2448 2588 πληροῦν.
2521 2513 2660 2565 Ἀλλ’
2721 2515 2770 2565 εί
2831 2510 2992 2564 τοῦτο
3061 2509 3292 2579 γένοιτο,
3363 2512 3780 2583 παροξυνοῦμεν

2183 2610 2340 2673 Θεὸν,
2377 2607 2520 2662 οὕτω
2564 2624 2625 2660 τε
2656 2605 2844 2660 λοιπὸν
2892 2605 3131 2676 ἐσόμεθα
3180 2606 3445 2670 ταπεινοὶ,
3498 2607 3781 2677 χθαμαλὸν

2184 2703 2280 2756 καὶ
2318 2699 2706 2772 πεπατημένον
2747 2697 2964 2768 ἔχοντες
3010 2697 3156 2764 νοῦν,
3206 2697 3340 2750 Θεοῦ
3379 2697 3778 2768 παραλύοντος,

2184 2793 2281 2847 καὶ
2308 2795 2430 2856 ταῖς
2468 2793 2546 2856 εἰς
2591 2789 2654 2843 τὸ
2683 2787 2888 2858 ἀγαθὸν
2923 2786 3168 2857 ἀνδρίαις
3196 2787 3461 2860 ἀνορθοῦν
3491 2789 3641 2859 ἡμᾶς
3675 2790 3781 2842 οὐκ

2185 2885 2542 2954 ἀνεχομένου.

2262 2978 2322 3030 Τί
2347 2991 2421 3028 σε
2443 2973 2750 3045 διαθῶμαι,
2789 2976 3072 3045 Ἐφραΐιη
3112 2969 3463 3041 ὐπερασπιῶ
3485 2985 3624 3037 σου,
3670 2973 3780 3026 Ἰσ-

2178 3070 2366 3138 ραὴλ,
2390 3069 2446 3122 τί
2466 3084 2540 3123 σε
2571 3067 2791 3131 διαθῶ;
2821 3068 2900 3134 ὡς
2935 3066 3144 3136 Ἁδὰμα
3167 3063 3428 3132 θήσομαι
3447 3078 3542 3126 σε,
3574 3062 3677 3116 καί
3700 3064 3780 3127 ὡς

2185 3161 2450 3230 Σεσοείμ.
2492 3157 2886 3228 Μετεστριὶφη
2913 3159 2950 3227 ἡ
2984 3156 3200 3225 καρδία
3214 3172 3356 3224 μου.
3394 3153 3490 3208 Ἐν
3508 3152 3588 3219 τῷ
3615 3154 3783 3219 αὑτῴ

2186 3251 2610 3322 συνεταράχθη
2647 3253 2685 3321 ἡ
2727 3249 3090 3322 μεταμέλειὰ
3112 3266 3255 3318 μου,
3297 3250 3368 3302 οὐ
3404 3247 3490 3318 μὴ
3542 3246 3784 3313 ποιήσω

487 3345 626 3396 iram
687 3333 894 3410 furoris
949 3343 1072 3396 mei.
1133 3340 1259 3396 Non
1318 3345 1678 3416 derelinquant
1745 3357 1796 3399 ut
1845 3348 2079 3400 deleatur

2187 3344 2337 3400 κατὰ
2359 3343 2477 3413 τὴν
2505 3343 2694 3413 ὀργὴν
2737 3343 2844 3397 τοῦ
2879 3342 3071 3412 θυμοῦ
3091 3359 3235 3412 μου.
3287 3342 3369 3394 Οὐ
3411 3339 3498 3410 μὴ
3528 3341 3784 3410 ἐγκατα-

490 3433 773 3502 Epitraim,
800 3435 1052 3504 quoniam
1093 3433 1237 3490 Deus
1276 3451 1371 3505 ego
1409 3452 1552 3504 sum,
1593 3447 1642 3492 et
1677 3453 1781 3492 non
1807 3439 1983 3505 homo,
2027 3441 2082 3493 iit

489 3536 538 3579 te
557 3535 794 3579 εαιιεειιε.

559 3609 776 3671 CXXX.
831 3611 1094 3670 Adhibuit
1135 3615 1614 3687 reprehensiones,
1655 3614 1925 3684 iudicans,
1967 3632 2082 3674 ont-

489 3707 731 3762 niutodis
766 3706 834 3762 de
880 3716 1082 3763 caetero
1121 3706 1265 3762 iram
1321 3707 1721 3766 inexorabilem
1766 3711 1819 3766 in
1850 3726 1944 3768 eos
1982 3727 2080 3768 exc

490 3797 872 3868 premendam,
919 3806 977 3853 ut
1023 3799 1076 3854 in
1111 3801 1429 3869 sceleratos,
1459 3810 1515 3857 et
1548 3815 1713 3874 supra
1763 3805 1979 3861 modum
2025 3804 2081 3861 in

492 3892 662 3943 Deum
715 3889 932 3961 impios,
978 3900 1040 3946 ut
1096 3892 1274 3949 nullus
1315 3895 1489 3951 venite
1524 3895 1746 3954 relictus
1786 3897 1861 3954 sit
1903 3896 2079 3954 locus.

490 3982 632 4050 Quia
678 3997 808 4038 vero
836 3985 1012 4040 bonus
1043 3989 1153 4051 est,
1194 3987 1630 4044 mansuetudinis
1663 3989 1787 4045 fons
1825 3996 1881 4046 et
1905 3989 2080 4058 origo,

490 4083 698 4126 motum
747 4074 1087 4144 comprimit,
1139 4091 1245 4132 non
1293 4086 1353 4132 ut
1398 4087 1601 4146 praeter
1641 4079 1906 4133 rationem
1941 4076 2084 4132 forte

491 4166 790 4221 excitatum
819 4181 886 4222 ex
915 4168 1333 4224 ratiOcinatione
1365 4168 1604 4224 melioris
1630 4168 1917 4237 increpans
1948 4167 2080 4238 (non

492 4259 641 4313 enim
676 4259 968 4330 aliquando
995 4277 1024 4316 a
1060 4262 1495 4334 cogitationibus
1524 4273 1579 4318 et
1628 4261 1936 4318 actionibus
1977 4262 2081 4318 sibi

492 4353 1085 4409 accommodatissimis
1127 4356 1312 4410 divina
1348 4363 1404 4410 et
1452 4353 1856 4424 inexplicabilis
1887 4367 2081 4411 natura

492 4441 824 4516 deﬂexerit),
875 4446 970 4500 sed
1001 4447 1159 4516 quasi
1209 4446 1478 4501 cohibens
1517 4447 1662 4516 quod
1706 4447 1814 4504 illis
1858 4447 2079 4519 dignum

489 4545 628 4603 erat,
667 4547 721 4592 et
755 4538 1053 4608 prohibens
1099 4555 1168 4594 ex
1195 4539 1467 4606 'lenitate,
1499 4540 1642 4610 quod
1687 4541 1762 4596 illi
1813 4541 2082 4613 imprimis

491 4631 870 4698 merebantur,
913 4627 1072 4704 163
1111 4632 1215 4686 hoc
1253 4640 1362 4697 est,
1388 4643 1447 4686 ιιι
1487 4633 1732 4703 perirent
1759 4636 1995 4706 penitus,
2025 4645 2080 4690 et

489 4720 657 4775 veluti
694 4724 761 4777 ab
806 4725 993 4776 radice
1049 4723 1165 4792 ipsa
1209 4723 1671 4793 exstirparentur.
1724 4723 1934 4781 idcirco
1979 4725 2078 4790 ait,

495 4831 515 4863 ι
555 4812 705 4880 Quid
735 4813 935 4867 faciam
969 4813 1064 4867 tibi
1089 4813 1112 4868 2
1140 4833 1158 4867 ι
1187 4814 1303 4882 Qua
1331 4815 1438 4892 via,
1473 4817 1668 4888 inquit,
1701 4828 1824 4873 utar
1855 4817 1908 4873 in
1935 4833 2080 4874 cont-

490 4904 755 4974 ponendis
808 4905 968 4960 rebus
1013 4906 1153 4962 tuis?
1203 4905 1490 4978 l’rotegatn
1524 4919 1596 4977 te,
1648 4919 1703 4966 et
1758 4924 2074 4966 succurram

495 5009 708 5062 rursus,
755 5003 812 5050 et
860 4995 1090 5054 insidias
1142 4997 1532 5057 meditantibus
1597 5001 2074 5072 inexpugnabilem

493 5087 827 5142 ostendam?
875 5087 984 5144 Sed
1019 5091 1292 5160 quomodo
1343 5093 1487 5148 i'stud
1536 5093 1676 5149 ﬁet?
1711 5093 1877 5150 Decet
1931 5095 2076 5150 enim

493 5176 678 5248 puniri
719 5180 891 5250 magis
952 5194 1112 5249 quain
1148 5182 1311 5236 rebus
1347 5185 1424 5238 uti
1451 5183 1519 5238 ad
1553 5183 1881 5239 voluntatem
1906 5183 2078 5240 ﬂuen-

496 5271 665 5339 tibus,
696 5273 823 5341 qnia
871 5279 1010 5326 tetra
1066 5273 1118 5327 in
1168 5274 1335 5328 Deum
1392 5273 1634 5331 facinora
1670 5279 2076 5332 consciverunt.

493 5357 681 5432 Itaque
713 5364 956 5419 tribuens
993 5366 1089 5420 tibi
1125 5381 1224 5435 pro
1257 5367 1544 5438 dignitate,
1583 5379 1643 5424 et-
1677 5385 1838 5440 pares
1865 5372 2078 5427 delictis

497 5455 604 5508 tuis
629 5468 817 5524 pinnas
844 5456 1173 5526 'decernens,
1211 5477 1230 5512 t
1269 5469 1330 5514 ut
1355 5461 1564 5516 Adama
1586 5477 1794 5532 ponant
1832 5473 1906 5528 Ic,
1932 5473 1988 5518 et
2020 5475 2079 5517 ιιι

496 5535 738 5597 Sebuitn.
767 5563 786 5596 ι
817 5543 1062 5601 Fuerunt
1091 5548 1171 5602 ita:
1204 5551 1367 5606 nrbes
1393 5551 1764 5617 Sodomiticzc,
1785 5568 1920 5622 quas
1953 5568 2074 5607 cum

497 5633 631 5702 ipsis
675 5633 1039 5714 iundamentis
1093 5639 1232 5709 ignis
1266 5643 1404 5698 cwlo
1439 5643 1623 5715 lapsus
1665 5647 2066 5716 absumpsit“.

563 5727 605 5758 ³¹
633 5726 767 5786 Gen.
815 5745 928 5798 xu,
958 5729 1048 5785 Ἡ,

2185 3440 2342 3494 λίπω
2375 3439 2481 3493 τοῦ
2521 3435 2954 3507 ἐξαλειφθῆναι
2989 3435 3098 3489 τὸν
3134 3434 3402 3503 Ἐφραΐμ,
3446 3432 3596 3487 διότι
3633 3431 3784 3498 Θεὸς

2184 3528 2298 3600 ἐγώ
2317 3531 2456 3599 εἰμι,
2481 3529 2580 3585 καὶ
2612 3531 2722 3583 οὐκ
2742 3528 3077 3596 ἄνθρωπος,
3109 3527 3179 3581 ἐν
3203 3525 3304 3579 σοὶ
3341 3525 3529 3595 ἅγιος.

2255 3621 2380 3677 PA’.
2431 3622 2762 3692 Προσήγαγε
2816 3618 2917 3684 τὰς
2978 3618 3238 3691 μέμψεις,
3299 3616 3645 3680 ὑποδεικνὺς,
3701 3618 3786 3670 ὅτι

2185 3712 2365 3785 πάντη
2401 3729 2463 3766 τε
2535 3711 2631 3765 καὶ
2690 3711 2911 3774 πάντως
2963 3711 3148 3773 αὐτοῖς
3199 3707 3635 3780 ἀποτομωτάτην
3671 3709 3786 3762 ἔδει

2182 3806 2374 3861 λοιπὸν
2401 3803 2760 3875 ἐπιφέρεσθαι
2787 3803 2884 3875 τὴν
2913 3803 3004 3874 όργ
3017 3802 3082 3873 ὴν
3106 3801 3296 3855 ἀνόσια
3321 3799 3653 3872 πεπραχόσι,
3690 3801 3789 3855 καὶ

2183 3897 2446 3953 ἐπέκεινα
2491 3896 2692 3968 μέτρου
2723 3895 2868 3949 κατά
2896 3895 3033 3948 Θεοῦ
3063 3892 3536 3964 δεδυσσεϐηκόσιν,
3567 3892 3647 3956 ὡς
3678 3911 3790 3965 μη-

2183 3989 2379 4061 δεμιᾶς
2435 3986 2516 4041 ἔτι
2579 3985 2794 4056 φειδοῦς
2856 3987 3041 4048 αὐτοῖς
3093 3982 3501 4056 περιλελεῖφθαι
3551 3984 3786 4054 τρόπον.

2196 4080 2421 4152 Ἐπειδὴ
2452 4080 2511 4133 δέ
2533 4079 2683 4133 ἐστιν
2712 4077 2936 4148 ἀγαθὸς,
2969 4076 3308 4149 ἡμερότητος
3505 4075 3604 4129 καὶ
3629 4077 3789 4145 γένε-

2185 4192 2292 4240 σις,
2329 4172 2630 4228 ἀνακόπτει
2659 4172 2720 4224 τὸ
2747 4169 2978 4242 κίνημα,
3014 4171 3116 4248 aiax
3141 4169 3217 4232 ὡς
3248 4169 3576 4240 παραλόγως
3619 4187 3791 4239 γεγο-

2182 4265 2297 4321 νότι
2324 4264 2485 4335 τυχὸν
2513 4265 2579 4318 ἐκ
2606 4262 2871 4334 λογισμοῦ
2911 4263 3004 4317 τοῦ
3042 4265 3354 4334 κρείττονος
3387 4262 3683 4330 ἐπιτιμῶν,
3724 4265 3788 4315 οὐ

2185 4357 2292 4430 γάρ
2339 4356 2405 4412 ἂν
2467 4357 2703 4430 ἁμάρτοι
2758 4356 2890 4411 ποτέ
2941 4355 3053 4410 τῶν
3109 4357 3248 4428 αὐτῇ
3309 4357 3790 4428 πρεπωδεστάτων

2183 4449 2422 4516 ἐννοιῶν,
2453 4449 2486 4521 ἦ
2517 4449 2792 4522 πράξεων,
2818 4450 2852 4519 ὴ
2891 4447 3010 4501 θεία
3041 4465 3100 4501 τε
3131 4448 3225 4501 καὶ
3258 4449 3546 4520 ἄφραστος
3576 4448 3748 4518 φύσις
3771 4466 3786 4480 υ

2182 4541 2465 4612 ἀπείργων
2495 4541 2553 4594 δὲ
2581 4539 2772 4610 ὥσπερ
2812 4540 2874 4593 τὸ
2916 4539 3038 4594 κατ’
3068 4539 3248 4604 ἀξίαν,
3279 4541 3374 4594 καὶ
3409 4540 3792 4594 κατακωλύων

2182 4632 2242 4700 ἐξ
2279 4633 2616 4706 ἡμερότητος
2651 4632 2713 4685 τὸ
2743 4633 2824 4685 ὅτι
2865 4631 3100 4702 μάλιστα
3136 4632 3350 4702 πρέπον
3381 4633 3586 4695 αὐτοῖς,
3621 4649 3793 4685 τουτο

2115 4688 2154 4742 υ
2184 4688 2350 4789 sint?
2371 4688 2471 4794 τὴν
2503 4688 2739 4777 είσάπαν
2765 4688 3062 4788 ἀπωλειαν,
3088 4688 3196 4776 καὶ⁵
3216 4723 3278 4775 τὸ
3311 4724 3375 4775 ἐκ
3403 4688 3795 4796 ῥίζηςῶσπερ

2183 4817 2356 4888 αὐτῆς
2381 4814 2848 4887 ἀναϐοθρεύεσθαι
2879 4815 3009 4868 δεῖν.
3051 4814 3326 4887 Ταύτῃτοί
3365 4830 3536 4886 φησι·
3575 4815 3676 4868 ιΤί
3727 4832 3791 4867 σε

2181 4908 2382 4975 διαθῶ;
2411 4927 2430 4959 ι
2499 4907 2656 4978 licia,
2701 4907 2887 4978 φησὶν,
2936 4905 3041 4978 όδῷ
3089 4908 3366 4978 χρήσομαι
3417 4908 3485 4961 τά
3533 4907 3682 4961 κατά
3729 4908 3794 4960 σὲ

2183 5000 2487 5066 συντιθείς;
2549 4999 2908 5070 ’Υπερασπιῶ
2956 5015 3072 5064 σου,
3126 4999 3224 5052 καὶ
3279 4997 3543 5070 ἐπαμυνῶ
3590 4998 3789 5061 πάλιν,

2187 5092 2280 5146 καὶ
2302 5091 2792 5161 δυσκαταμάχητον
2817 5081 3086 5154 ἀποδείξω
3116 5091 3229 5151 τοῖς
3255 5088 3628 5142 ἐπιϐουλεύειν
3664 5088 3794 5142 £03-

2184 5184 2405 5247 λουσιν;
2452 5180 2584 5235 Εἶτα
2623 5181 2742 5244 πῶς
2781 5179 2941 5233 τοῦτο
2969 5181 3301 5250 γενήσεταις
3339 5180 3547 5250 Πρέπει
3573 5179 3689 5249 γὰρ
3723 5179 3794 5232 ἂν

2186 5275 2247 5331 τὸ
2283 5275 2608 5341 κολάζεσθαι
2683 5273 2886 5345 μᾶλλον
2933 5273 2966 5343 ἦ
3011 5273 3326 5344 εὐημερεῖν,
3379 5276 3492 5336 τοῖς
3531 5271 3600 5326 τά
3632 5271 3798 5327 δεινᾶ

2187 5367 2332 5422 κατά
2367 5365 2503 5420 Θεοῦ
2551 5365 2888 5436 δεδρακόσιν.
2937 5364 3148 5419 Οὐκοῦν
3181 5365 3471 5434 ἀπονέμων
3519 5365 3582 5418 τὸ
3643 5365 3797 5436 πρὸς

2187 5461 2363 5526 ἀξίαν,
2394 5457 2488 5514 καὶ
2516 5457 2876 5527 ίσοστάθμους
2915 5459 3029 5521 τοῖς
3061 5457 3495 5528 πλημμελήμασι
3525 5459 3639 5520 τοῖς
3673 5459 3797 5520 σοῖς

2185 5553 2382 5623 ὁρίζων
2430 5551 2606 5613 δίκας,
2648 5568 2665 5600 t
2692 5549 2766 5613 ὡς
2803 5549 3014 5620 Ἀδὰμα
3050 5548 3286 5620 θήσομαι
3320 5565 3398 5611 σε,
3443 5549 3536 5601 καὶ
3567 5549 3642 5611 ὡς
3684 5548 3794 5604 Σε-

2181 5647 2359 5717 δοείμ.
2392 5665 2408 5697 ι
2445 5645 2634 5707 Πόλεις
2667 5643 2723 5695 δὲ
2749 5636 2910 5697 αὗται
2943 5642 3310 5713 Σοδομιτικαὶ,
3354 5642 3420 5707 ἃς
3452 5641 3646 5714 μέχρις
3682 5641 3794 5695 αὺ-
