3982 6506
154 521 249 578 973

1074 519 1649 597 COMMENTARIUS
1690 523 1755 579 ΙΝ
1796 525 2033 582 OSEAM
2077 528 2525 588 PROPHETAM.

3360 536 3487 589 9.7-1».

154 643 256 696 τῶν
288 641 624 713 κατεδήδοκε
684 641 909 713 βάθρων
958 643 1019 697 τὸ
1052 643 1385 699 καταϐαῖνον
1436 641 1568 712 πῦρ.
1620 641 1757 694 Ἀλλ’

1869 641 1976 696 Sed
2009 658 2190 712 neque
2232 644 2334 699 hoc
2361 643 2582 713 l‘aciam,
2624 648 2824 717 inquit,
2856 665 3167 721 quanquam
3197 652 3313 706 ﬁeri
3346 654 3469 723 jure

153 738 265 792 οὐδὲ
311 736 478 791 τοῦτο
512 736 720 807 δράσω,
772 737 935 809 φησὶ,
992 738 1173 790 καίτοι
1230 736 1485 805 γενέσθαι
1535 734 1760 798 δικαίως

153 830 381 899 ὀφεῖλον.
445 828 872 901 ’Υπερθήσομαι
922 829 979 883 δὲ
1014 827 1551 900 (μεταῆεὸούλευμαι
1602 825 1758 896 γὰρ),

154 922 236 976 καὶ
257 923 358 975 οὐκ
386 922 661 994 ἀκράτοις
694 922 975 993 χρήσομαι
999 922 1113 986 τοῖς
1132 921 1346 993 θυμοῖς
1381 920 1484 974 οὐκ
1516 918 1582 973 ἂν
1611 918 1760 987 δοίην

153 1017 222 1078 είς
264 1014 556 1087 ὲξάλειῲιν
598 1014 866 1086 παντελῆ,
896 1014 1075 1069 καίτοι
1106 1013 1346 1085 πονηρὸν
1376 1011 1641 1084 γεγονότα
1670 1011 1760 1066 τὸν

163 1107 420 1179 Ἐφραῖμ.
457 1107 561 1162 Διά
608 1107 771 1161 ποίαν
806 1106 1031 1169 αἰτίαν;
1068 1107 1129 1160 οὺ
1161 1106 1273 1177 γὰρ
1306 1101 1451 1177 ἦσαν
1480 1104 1621 1170 ἄξιοι
1663 1102 1759 1156 τοῦ

154 1194 335 1249 παθεῖν
379 1195 557 1262 αύτό;
584 1195 714 1259 Ναὶ,
756 1195 946 1268 φησὶν,
996 1194 1111 1250 ἀλλ’
1151 1195 1270 1267 εἰμὶ
1312 1194 1466 1259 Θεὸς,
1519 1194 1615 1248 καὶ
1660 1194 1762 1248 οὐκ

150 1286 456 1358 ἄνθρωπος,
488 1287 695 1356 ἀγαθὸς
727 1286 996 1358 δηλονότι,
1032 1287 1131 1343 καὶ
1168 1287 1292 1358 οὐχὶ
1335 1289 1449 1350 τοῖς
1497 1287 1557 1353 ἐξ
1590 1286 1762 1359 ὀργῆς

154 1382 420 1451 κινήμασι
464 1382 824 1454 παραχωρῶν
853 1382 916 1436 τὸ
945 1382 1125 1453 νικᾷν,
1154 1379 1497 1451 ἀνθρώπινον
1552 1379 1660 1453 γὰρ
1698 1379 1762 1434 τὸ

150 1474 342 1527 τοιόνδε
398 1474 601 1539 πάθος.
644 1474 710 1529 Τί
740 1468 835 1529 οὖν
865 1474 946 1529 ἔτι
974 1475 1248 1541 κολάζεις,
1287 1474 1475 1544 φησὶν,
1517 1474 1675 1543 εἴπερ
1711 1467 1765 1527 εἷ

151 1566 267 1629 Θεὸς
309 1566 520 1637 ὀργαῖς
570 1567 647 1640 μὴ
706 1567 1104 1641 κρατούμενος,
1163 1566 1393 1638 ἐμφύτῳ
1448 1565 1504 1619 δὲ
1557 1564 1759 1636 μᾶλλον

152 1658 411 1730 ἑπόμενος
462 1659 801 1731 ήμερότητι;
833 1657 1086 1723 Κολόιζω,
1140 1659 1329 1731 φησίν·
1381 1659 1499 1729 εἰμὶ
1547 1657 1657 1727 γὰρ
1696 1658 1757 1710 ού

154 1752 296 1823 μόνον
331 1750 575 1819 ἀγαθὸς,
598 1752 676 1815 ὡς
704 1751 837 1815 Θεός
858 1767 872 1784 ο
917 1750 1056 1807 ἀλλὰ
1082 1750 1220 1823 πρὸς
1249 1748 1425 1821 τούτῳ
1454 1750 1549 1803 καὶ
1582 1748 1759 1819 ἅγιος,

154 1843 312 1912 μισῶν
379 1843 642 1906 ἀδικίας’
683 1844 1171 1915 ἀποστρεφόμενος
1227 1843 1355 1907 τοὺς
1408 1841 1757 1913 μεμολυσμέσ

152 1948 290 1995 γους*
346 1932 799 2004 παραιτούμενος
842 1934 935 1988 τὸν
978 1933 1231 2005 θεομισῆν
1270 1934 1365 1987 καὶ
1404 1933 1759 2006 ἐπιστρέφων

1867 737 2132 804 deberet;
2180 736 2431 792 dilferam
2478 748 2707 795 autem:
2760 745 2964 798 mutavi
3012 762 3250 814 namque
3288 749 3471 801 consi-

1865 827 2019 894 lium,
2061 843 2165 895 nec
2215 846 2428 884 summa
2482 842 2607 886 utar
2655 835 2770 902 ira;
2807 852 2916 892 non
2968 838 3165 894 delebo
3216 856 3468 905 prorsus,

1863 922 2117 990 quamvis
2182 923 2455 991 pravitate
2515 939 2858 996 corruptum,
2920 930 3204 999 Epltraim.
3265 931 3470 998 Quatu-

1863 1013 2099 1068 obrem?
2131 1029 2197 1069 an
2240 1016 2344 1070 hoc
2388 1015 2465 1071 illi
2500 1032 2606 1073 non
2654 1020 3056 1077 merebantur?
3095 1022 3467 1091 Merebautur,

1865 1109 2066 1177 inquit,
2095 1110 2190 1165 sed
2220 1110 2365 1165 Deus
2392 1125 2536 1178 sum,
2574 1127 2680 1166 non
2719 1113 2915 1179 homo;
2966 1116 3139 1170 bonus
3182 1117 3468 1178 nimirum,

1864 1215 1965 1261 nec
2004 1200 2245 1256 motibus
2295 1201 2389 1258 ira:
2435 1203 2728 1258 victoriam
2777 1206 2998 1263 cedens.
3035 1206 3282 1262 Humana
3317 1210 3493 1263 enim

1863 1302 1947 1348 est
1974 1293 2099 1351 talis
2130 1294 2369 1351 aﬂ'ectio.
2411 1295 2554 1364 Quid
2582 1312 2713 1367 ergo
2744 1300 2904 1368 punis
2950 1302 3151 1368 adhuc,
3188 1303 3386 1373 inquit,
3421 1303 3489 1356 si-

1867 1387 2009 1443 Deus
2038 1402 2123 1454 es,
2156 1398 2212 1444 et
2241 1389 2311 1449 ab
2348 1390 2427 1451 ira
2474 1405 2580 1446 non
2614 1394 2849 1457 teneris;
2893 1393 2986 1448 sed
3034 1394 3256 1449 insitam
3289 1396 3470 1464 potius

1865 1482 2347 1538 mansuetudinem
2374 1484 2625 1555 sequeris
2646 1486 2668 1540 '.'
2689 1487 2889 1553 Punio,
2920 1487 3095 1556 inquit
3127 1504 3142 1543 :
3178 1504 3297 1543 smn
3323 1490 3467 1543 enim

1866 1587 1972 1627 non
2006 1582 2217 1628 tantum
2246 1575 2447 1641 bonus,
2475 1587 2533 1630 nt
2570 1577 2756 1645 Dens;
2790 1581 2885 1634 sed
2925 1591 3192 1649 przetcrea
3221 1590 3467 1645 sanctus,

1863 1664 1989 1717 odio
2018 1663 2228 1721 habens
2260 1665 2606 1736 iniquitates,
2646 1684 2910 1726 aversans
2936 1672 3275 1743 inquinatos,
3308 1689 3487 1743 repum

1865 1757 2023 1812 dians
2068 1756 2163 1812 Dei
2202 1772 2399 1815 osorcs
2441 1769 2497 1814 et
2545 1770 2883 1821 convertens
2932 1775 3297 1832 peceatorcm,
3345 1781 3471 1834 pur-

1863 1864 1999 1920 gans
2033 1850 2335 1921 impurum,
2363 1862 2423 1913 ut
2457 1855 2589 1915 tnihi
2625 1872 2819 1912 rursus
2853 1858 3141 1926 copuletur
3162 1898 3177 1915 .
3211 1860 3470 1916 (Somnio.

1865 1942 1957 2003 dat
1992 1943 2157 2015 igitur
2188 1944 2348 2005 nobis
2396 1947 2659 2016 propheta
2721 1949 3042 2007 exclamans
3093 1962 3149 2008 et
3202 1953 3394 2008 dicens
3449 1972 3464 2008 :

106 2058 109 2063 -
151 2024 227 2078 τὸν
270 2025 593 2100 ἀλιτήριον,
640 2028 733 2082 καὶ
772 2028 1094 2101 διασμήχων
1132 2029 1192 2082 τὸ
1244 2028 1493 2099 βέϐηλον,
1536 2030 1622 2085 ἵνα
1669 2048 1758 2101 μοι

1872 2052 1891 2083 ι
1937 2034 2179 2102 ρεισκε-ηδ
2223 2037 2535 2105 Dominum,
2577 2050 2632 2096 et
2674 2056 2798 2099 cum
2836 2042 3178 2111 inveneritis,
3220 2045 3471 2101 invocate

153 2119 298 2173 πάλιν
336 2120 716 2190 συνάπτηται.
748 2120 965 2190 Ὠφελεῖ
995 2121 1059 2192 δὴ
1081 2116 1176 2174 οῦν
1207 2122 1234 2176 ό
1266 2122 1559 2196 προφήτης
1588 2123 1758 2197 ἡμᾶς,

154 2213 548 2283 ἀναηκραγὼς
571 2229 632 2266 τε
686 2212 783 2272 καὶ
806 2212 986 2280 λέγων
1008 2229 1021 2243 ·
1063 2232 1080 2263 ι
1101 2214 1245 2283 Ζητή
1256 2229 1385 2266 σατε
1404 2213 1499 2267 τὸν
1534 2212 1756 2287 Κύριον,

152 2304 231 2355 καὶ
260 2305 319 2356 ὲν
364 2303 450 2373 τῷ
491 2303 775 2375 εὑρίσκειν
807 2302 996 2369 αὑτὸν,
1040 2303 1469 2370 ὲπικαλέσασθε,
1505 2305 1670 2376 ἡνίκα
1712 2305 1759 2359 δ’

147 2394 203 2447 ἂν
225 2396 431 2469 ἐγγίξῃ
462 2396 619 2467 ὑμῖν,
650 2396 968 2451 ἀπολιπέτω
988 2397 1017 2449 ό
1039 2396 1244 2468 ἀσεϐὴς
1263 2397 1363 2461 τὰς
1387 2398 1540 2463 ὀδοὺς
1567 2399 1757 2466 αὐτοῦ,

149 2488 230 2540 καὶ
248 2487 395 2558 ἀνὴρ
424 2487 633 2558 ἄνομος
652 2488 753 2549 τὰς
780 2486 980 2558 βουλὰς
1007 2486 1175 2541 αὐτοῦ
1193 2528 1208 2554 ,
1245 2487 1340 2542 καὶ
1365 2490 1760 2561 ἐπιστραφήτω

150 2578 277 2649 πρὸς
320 2577 563 2648 Κύριον,
599 2579 696 2631 καὶ
732 2578 1116 2651 ἐλεηθήσεται.
1144 2598 1161 2631 ι
1219 2580 1341 2652 Χρὴ
1370 2581 1479 2652 γὰρ
1507 2584 1677 2653 ἡμᾶς,
1709 2584 1759 2637 εί

147 2670 262 2738 περὶ
304 2669 512 2724 πολλοῦ
562 2669 871 2741 ποιούμεθα
914 2671 975 2724 τὸ
1017 2667 1155 2726 εἶναι
1200 2674 1341 2743 μετά
1386 2672 1547 2739 Θεοῦ,
1589 2675 1753 2728 παντὶ

148 2762 314 2816 σθένει
367 2764 770 2835 παραιτεῖσθαι
814 2763 875 2817 τὸ
920 2764 1288 2835 πλημμελεῖν,
1340 2766 1655 2838 μεμνῆσθαί
1698 2785 1758 2821 τε

144 2854 417 2921 λέγοντος
462 2857 683 2925 ι”Λγιοι
714 2856 929 2922 ἔσεσθε,
964 2857 1100 2911 διότι
1132 2855 1244 2927 ἐγὼ
1274 2856 1431 2927 ἅγιός
1473 2860 1589 2929 εἰμι
1636 2877 1654 2910 ι

206 2948 318 3003 Καὶ
356 2950 477 3003 οὐκ
515 2950 952 3020 εἰσελεύσομαι
993 2952 1082 3016 εἰς
1122 2951 1323 3005 πόλιν.
1367 2951 1591 3005 Ὀπίσω
1639 2955 1755 3006 Κιν-

138 3040 261 3107 ρίου
292 3042 707 3111 πορεύσομαι.

205 3136 382 3191 ΡΛΛ’.
440 3135 759 3207 Ἐπιτρέχει
798 3135 907 3189 τῶν
955 3136 1128 3205 ἁγίων
1178 3135 1479 3208 προφητῶν
1523 3135 1635 3189 ἔσθ’
1667 3140 1755 3191 ὅτε
1831 3186 1837 3193 .

138 3226 220 3279 sint
244 3225 379 3280 νοῦν
417 3226 673 3297 ἀκριϐῶς
703 3226 814 3281 τῶν
848 3228 1185 3300 ὲσομένωνή
1228 3229 1453 3297 γνῶσις,
1490 3231 1756 3301 ἐνειστρά-

138 3335 363 3384 πτοντος
386 3319 452 3373 τὸ
481 3320 678 3392 χρῆμα
712 3319 898 3382 αὐτοῖς
920 3319 1016 3374 τοῦ
1054 3320 1212 3389 ἁγίου
1244 3320 1588 3389 Πνεύματος.
1620 3323 1746 3376 Τοι-

137 3414 327 3483 γὰρτοι
365 3413 468 3466 καὶ
502 3412 712 3483 μεταξὺ
736 3412 846 3467 τῶν
881 3413 1029 3466 ίδίων
1056 3412 1256 3481 λόγων,
1292 3414 1415 3484 ἤτοι
1470 3413 1580 3467 τῶν
1610 3414 1751 3467 ἅνω-

138 3506 220 3559 θεν
250 3508 358 3562 καὶ
415 3506 578 3578 παρὰ
608 3505 770 3569 Θεοῦ,
822 3506 923 3569 τάς
955 3524 1120 3559 τινων
1156 3505 1270 3558 ἐσθ’
1318 3507 1407 3559 ὅτε
1447 3524 1756 3577 προανακε-

138 3599 381 3668 κράγασι
411 3597 625 3667 φωνὰς,
653 3597 685 3668 ἦ
734 3597 1165 3669 μετανοούντων,
1190 3598 1222 3669 ἢ
1255 3598 1752 3670 εύχαριστούντων,

135 3685 165 3759 ἦ
192 3689 671 3760 ἀνασκιρτῶντων
704 3688 791 3758 ἐφ’
813 3683 895 3753 οἷς
924 3689 991 3743 ἂν
1019 3690 1219 3752 αὐτοὺς
1247 3688 1562 3760 εὐφραίνειν
1584 3691 1754 3757 ἑπαγ-

137 3779 395 3851 γέλληται
440 3781 599 3844 Θεός.
634 3781 921 3836 Τοιουτονί
969 3798 1022 3833 τι
1082 3780 1327 3834 παθόντα
1384 3780 1478 3835 καὶ
1524 3780 1619 3834 νῦν
1664 3782 1755 3835 τὸν

140 3875 415 3946 μακάριον
462 3873 779 3945 εὑρήσομεν
836 3872 1016 3943 Ὀσηέ.
1076 3872 1135 3925 '0
1188 3873 1285 3943 μὲν
1325 3872 1433 3944 γὰρ
1465 3874 1574 3927 τῶν
1617 3874 1756 3928 ὅλων

132 3964 256 4025 Θεὸς
288 3968 631 4035 ὑπισχνεῖτο
680 3965 781 4036 τὴν
823 3965 1164 4037 ἡμερότητα,
1222 3965 1316 4020 καὶ
1362 3967 1464 4019 οὐκ
1520 3967 1756 4021 εἰσάπαν

134 4058 381 4128 ἔφασκεν
430 4058 785 4129 ὁλοθρεύσειν
832 4061 960 4123 τοὺς
1000 4060 1415 4130 ἡμαρτηκότας,
1458 4060 1540 4112 ὅτι
1573 4076 1635 4112 τε
1669 4059 1756 4130 εἴη

130 4152 277 4219 θεὸς,
301 4153 530 4223 ἀγαθὸς
552 4152 823 4223 δηλονότι,
859 4145 955 4205 καὶ
975 4152 1078 4205 ούκ
1098 4152 1406 4222 ἄνθρωπος.
1434 4153 1510 4206 Οὐ
1539 4152 1648 4224 γάρ
1674 4171 1756 4207 τοι

130 4245 247 4300 λαθ⁹
277 4247 449 4318 ἡμᾶς
496 4247 526 4299 ὁ
561 4245 705 4315 ὑπὲρ
749 4244 935 4297 πᾶσαν
973 4243 1074 4316 τὴν
1118 4242 1320 4297 κτίσιν.
1364 4244 1428 4299 Οί
1462 4243 1521 4297 δὲ
1566 4243 1758 4315 ὥσπερ

123 4338 527 4407 ἐπεγνωκότες
560 4335 629 4390 τὰ
661 4337 840 4391 οίκεία
873 4334 1351 4406 πλημμελήματα,
1389 4335 1484 4390 καὶ
1523 4354 1758 4407 κατερυ-

123 4431 406 4502 θριῶντες
453 4431 562 4502 ἤδη
606 4448 723 4494 πως
758 4428 852 4482 ἐπὶ
882 4432 948 4500 τῇ
987 4428 1215 4500 πλείστῃ
1246 4446 1306 4481 τε
1360 4429 1454 4483 καὶ
1506 4429 1760 4500 ἀδοκήτῳ

120 4526 337 4595 χάριτι,
372 4523 709 4595 καταλήξειν
730 4522 1163 4591 ἐπαγγέλλονται
1187 4520 1298 4574 τῶν
1320 4522 1505 4591 σφίσιν
1525 4520 1758 4593 ἐξηυρη-

123 4618 333 4687 μένων,
382 4618 454 4671 δι’
488 4613 566 4670 ὧν
597 4617 693 4670 καὶ
723 4614 1227 4687 προσκεκρούκασι.
1280 4614 1390 4667 Καὶ
1423 4617 1553 4666 ποῖα
1586 4613 1761 4669 ταῦτά

1785 3364 1831 3426 C

1865 2138 2021 2193 eum;
2064 2140 2189 2189 cum
2223 2135 2408 2183 autem
2444 2129 2972 2199 appropinquavcrit
3012 2131 3186 2195 vobis,
3228 2133 3471 2193 derelin-

1865 2227 1996 2291 quat
2033 2220 2234 2289 impius
2268 2221 2388 2275 vias
2422 2235 2577 2289 suas,
2611 2231 2664 2277 ct
2701 2222 2785 2279 vir
2817 2222 3036 2293 iniquus
3081 2224 3309 2278 consilia
3343 2238 3479 2289 sua,

1864 2321 1919 2366 et
1963 2320 2273 2367 revertatur
2304 2314 2373 2366 ad
2408 2313 2722 2380 Dominum,
2755 2324 2811 2371 et
2854 2316 3287 2371 misericordiam
3334 2331 3468 2371 con-

1862 2414 2126 2472 sequetur
2152 2403 2219 2459 ".
2261 2424 2279 2458 ι
2312 2401 2543 2477 Oportet
2565 2409 2710 2463 enim
2751 2424 2873 2473 nos,
2922 2410 2968 2464 si
3010 2411 3193 2481 magni
3227 2410 3465 2465 (estima-

1863 2514 1987 2553 mns
2014 2512 2140 2554 esse
2172 2514 2296 2554 cum
2322 2500 2453 2566 Deo,
2485 2501 2613 2558 totis
2637 2502 2844 2557 viribus
2880 2503 3129 2573 refugere
3154 2520 3183 2558 a
3222 2515 3464 2573 peccato,

1862 2599 1918 2646 ct
1950 2593 2269 2649 tnetninisse
2300 2593 2534 2651 dicentis
2568 2612 2583 2649 :
2623 2613 2643 2648 ί
2683 2595 3063 2665 Sancticritis,
3086 2598 3351 2668 quoniam
3366 2613 3487 2668 ego.

1862 2694 2091 2740 sanctus
2118 2700 2240 2740 sum
2273 2684 2338 2739 ³³.
2380 2702 2399 2737 ι

1940 2951 2007 3005 Et
2064 2968 2167 3005 non
2214 2951 2491 3022 ingrediar
2539 2954 2594 3007 in
2644 2954 2932 3012 civitatem.
3005 2954 3129 3009 Post
3178 2954 3471 3010 Dominum

1864 3044 2169 3101 ambulabo.

1933 3135 2177 3191 CXXXI.
2208 3135 2447 3191 lncurrit
2471 3151 2863 3207 nonnunquam
2892 3138 2943 3192 in
2978 3139 3219 3193 animum
3250 3147 3470 3192 sancto-

1862 3243 1980 3282 rum
2018 3230 2411 3298 prophetarum
2449 3227 2689 3298 perfecta
2721 3228 3028 3284 futurorum
3069 3230 3284 3292 notitia,
3321 3244 3457 3284 san-

1864 3335 1953 3380 clo
1982 3325 2190 3396 Spiritu
2214 3341 2337 3380 eum
2378 3325 2500 3380 lucc
2528 3324 2763 3395 quadam
2790 3336 2902 3377 rem
2930 3320 3037 3376 illis
3076 3319 3464 3390 patefaciente.

1865 3418 2102 3472 Proinde
2134 3428 2187 3471 et
2220 3420 2272 3472 in
2305 3418 2487 3473 medio
2519 3431 2836 3471 sermonum
2873 3429 3119 3491 suorum,
3146 3413 3265 3470 sive
3300 3415 3467 3468 desu-

1865 3526 1961 3580 per
1999 3527 2028 3564 a
2070 3511 2177 3566 Deo
2210 3520 2596 3581 suggestorum
2626 3507 2990 3579 quormndam
3025 3520 3189 3561 voces
3219 3506 3469 3575 aliquan~

1864 3604 1932 3657 do
1967 3614 2093 3657 ante
2143 3606 2523 3673 prommtiant,
2560 3613 2653 3656 aut
2698 3599 3106 3669 ptenitentium,
3141 3608 3236 3651 aut
3264 3597 3471 3669 gratias

1864 3699 2166 3765 agentium,
2202 3708 2295 3750 aut
2332 3696 2736 3765 pres-ilieutium
2764 3695 2830 3747 ad
2864 3708 2947 3757 ea,
2977 3691 3177 3761 quibus
3210 3690 3351 3745 Deus
3380 3691 3469 3744 la:-

1864 3790 2200 3843 tilicaturum
2229 3802 2289 3844 se
2312 3788 2433 3843 illos
2453 3786 2796 3858 promiserit.
2836 3785 3159 3857 Hnjttsmodi
3198 3784 3460 3854 quiddam

1865 3891 1920 3937 ct
1954 3883 2005 3936 in
2033 3896 2274 3951 praesens
2307 3882 2465 3935 beato
2487 3881 2645 3937 Osca:
2674 3878 2973 3949 contigisse
3008 3877 3168 3951 164
3196 3877 3465 3934 videmus.

1866 3977 2011 4032 Dens
2074 3974 2218 4029 enim
2266 3975 2651 4029 universorum
2694 3972 3041 4028 clementiam
3087 3970 3465 4042 pollicebatur,

1867 4068 2287 4137 aﬂirmabatque
2341 4076 2660 4141 peceatores
2703 4080 2808 4119 non
2863 4064 3112 4118 funditus
3141 4063 3466 4124 deletorum,

1868 4158 2014 4230 quod
2047 4158 2195 4213 Dens
2223 4164 2391 4223 esset,
2427 4156 2600 4210 bonus
2636 4153 2910 4217 videlicet,
2967 4168 3072 4206 non
3116 4151 3301 4205 homo.
3352 4151 3467 4204 Non

1867 4252 2013 4307 enim
2043 4251 2217 4306 nostri
2247 4249 2443 4305 similis
2472 4258 2579 4311 est,
2628 4247 2719 4317 qui
2760 4260 2977 4303 onmem
3016 4252 3328 4298 creaturam
3372 4257 3467 4301 su-

1868 4344 2234 4416 pergreditur.
2279 4342 2379 4398 Ast
2416 4341 2512 4406 illi,
2563 4351 2622 4395 ut
2661 4346 3028 4407 agnoscentes
3062 4345 3288 4406 peccata
3344 4348 3466 4396 sua,

1867 4446 1925 4490 ct
1982 4432 2373 4489 erubescentes
2428 4429 2832 4500 quodammodo
2877 4442 3046 4496 super
3103 4425 3335 4496 plurima
3415 4435 3470 4477 et

1869 4527 2163 4597 improvisa
2198 4525 2397 4595 gratia,
2427 4532 2745 4579 cessaturos
2776 4535 2834 4576 se
2861 4519 3132 4591 spondent
3163 4518 3232 4572 ab
3271 4518 3471 4571 inven-

1873 4620 1940 4675 tis
1972 4620 2087 4674 suis
2122 4618 2321 4689 quibus
2350 4617 2517 4673 Deum
2550 4614 2918 4671 offenderunt.
2950 4614 3082 4681 Qua:
3120 4626 3286 4683 porro
3321 4610 3471 4665 ista?
3554 4622 3557 4623 '

120 4712 263 4775 ἐστι,
299 4711 385 4765 δι’
410 4708 586 4764 αὐτοῦ
612 4708 777 4763 πάλιν
800 4708 951 4778 ἡμᾶς
976 4706 1073 4760 τοῦ
1092 4707 1373 4777 προφήτου
1403 4704 1584 4775 πεπλη
1596 4707 1758 4776 ροφό-

1872 4712 2088 4768 Rursus
2132 4725 2232 4780 per
2286 4714 2466 4781 ipsum
2520 4709 2841 4779 prophetam
2892 4706 3051 4775 plene
3101 4705 3261 4759 docet
3308 4704 3467 4759 Deus.

126 4824 300 4876 ρηκεν
333 4806 372 4858 ὁ
399 4804 560 4867 Θεός.
593 4804 740 4873 Ἔφη
772 4801 883 4872 γὰρ
918 4802 977 4855 ἐν
1005 4802 1118 4863 τοῖς
1144 4800 1322 4853 ὀπίσω
1353 4798 1550 4871 βραχὺ,
1580 4799 1672 4853 τόν
1700 4817 1761 4853 τε

136 4898 349 4951 Ἰούδαν
424 4895 617 4957 αὐτὸν,
649 4895 743 4948 καὶ
790 4895 883 4949 τὸν
934 4892 1180 4965 Ἑφραῖμ
1205 4892 1553 4963 αἰτιώμενος
1591 4912 1611 4945 ‹
1652 4894 1765 4947 Καὶ

123 4990 448 5044 ἐπελάθετο
494 4987 717 5058 Ἰσραὴλ
773 4985 867 5040 τοῦ
920 4986 1254 5057 ποιήσαντος
1286 4986 1469 5049 αὐτὸν,
1502 4986 1766 5056 καὶῴκο-

120 5081 341 5153 δόμησε
396 5080 634 5150 τεμένη,
672 5080 767 5134 καὶ
809 5079 1016 5144 Ἰούδας
1043 5077 1326 5149 ἐπλήθυνε
1361 5078 1548 5142 πόλεις
1587 5096 1763 5132 τετει-

126 5177 445 5247 χισμένας.
488 5175 602 5227 Καὶ
641 5174 933 5227 ἀποστελῶ
965 5172 1077 5244 πῦρ
1110 5171 1203 5225 ἐπὶ
1232 5170 1332 5234 τὰς
1360 5170 1543 5235 πόλεις
1571 5172 1764 5236 αὐτοῦ,

121 5269 219 5322 καὶ
254 5268 667 5337 καταφάγεται
717 5266 787 5320 τὰ
844 5265 1076 5336 θεμέλια
1123 5264 1368 5318 αὐτῶν.)
1420 5264 1478 5316 Ὁ
1528 5263 1627 5333 μὲν
1657 5265 1765 5332 γὰρ

131 5362 426 5432 Ἐφραῖμ,
461 5361 637 5431 ἤγουν
658 5362 687 5416 ὁ
720 5359 962 5431 Ἰσραὴλ,
993 5358 1234 5429 βωμοὺς,
1263 5358 1357 5411 καὶ
1388 5356 1591 5429 τεμένη
1623 5357 1769 5411 κατὰ

120 5454 223 5524 τὴν
270 5453 619 5524 Σαμάρειαν
680 5453 797 5516 τοῖς
836 5451 1080 5516 εἰδώλοις
1122 5449 1588 5519 ἁναδειμάμενοι,
1634 5467 1771 5502 κατ-⁹
1815 5440 1820 5446 ’

120 5546 391 5599 ὡλισθον.
428 5548 513 5608 είς
545 5544 1231 5613 ἀπόστασινέὲπελάθοντο
1248 5542 1343 5596 τοῦ
1373 5541 1531 5605 Θεοῦ,
1551 5542 1646 5595 καὶ
1672 5542 1773 5613 τῆς

126 5640 207 5703 εἰς
271 5638 459 5693 αὐτὸν
511 5638 742 5708 ἀγάπης
798 5637 861 5691 τὸ
927 5638 1156 5708 γνήσιον
1208 5636 1425 5699 οὐδενὸς
1491 5634 1774 5700 ἀξιοῦντες

126 5732 324 5800 λόγου,
360 5730 811 5801 παροτρύνοντες
833 5730 1124 5783 διετέλουν.
1146 5728 1345 5791 Ἰούδας
1375 5728 1433 5781 δὲ
1463 5724 1556 5789 αὖ,
1594 5727 1772 5780 καίτοι

131 5824 487 5886 πεποιθότες
524 5823 621 5875 ἐπὶ
655 5823 733 5894 τῷ
767 5823 909 5892 Θεῷ,
948 5822 1092 5876 κατὰ
1125 5822 1251 5885 τοὺς
1290 5819 1498 5875 ἄνωθεν
1534 5818 1613 5871 ἔτι
1645 5819 1773 5890 χρό-

205 6004 393 6058 “lsa.
436 6018 519 6068 ιν,
558 6001 614 6069 6,
654 6000 711 6055 7.

790 6001 830 6031 ³³
859 5999 1030 6057 [ιρνὶι.
1066 6014 1143 6066 xt,
1182 5999 1261 6052 iii.
1345 5998 1383 6028 3"
1413 6000 1536 6056 υες.
1576 6013 1691 6065 vm,
1741 5996 1822 6051 14.

1865 4806 1957 4860 Ait
1993 4805 2137 4859 enim
2167 4804 2327 4874 paulo
2357 4818 2544 4873 supra,
2573 4801 2771 4857 Jndam
2795 4810 2851 4857 et
2874 4798 3132 4870 Ephraim
3162 4811 3430 4852 accusans
3457 4816 3469 4850 :

1870 4918 1888 4951 ι
1921 4897 2135 4954 Oblitus
2161 4906 2245 4951 est
2278 4896 2445 4951 Israel
2480 4895 2705 4950 fartoris
2740 4895 2846 4959 sui,
2876 4902 2933 4948 et
2966 4892 3260 4947 aedificavit
3298 4891 3458 4945 delu-

1867 4993 1989 5057 bra,
2017 4998 2071 5044 et
2094 4988 2261 5045 Judas
2311 4986 2699 5057 multiplicavit
2731 4987 2897 5041 urbes
2938 4994 3207 5039 muratas.
3234 4984 3295 5038 Et
3344 4984 3475 5037 mit-

1875 5094 1983 5138 tam
2042 5083 2226 5153 ignem
2269 5081 2321 5135 in
2378 5079 2633 5135 civitates
2668 5079 2807 5150 ejus.
2855 5088 2911 5133 et
2954 5078 3243 5133 devorabit
3281 5076 3474 5130 fomla-

1873 5186 2055 5229 menta
2094 5173 2308 5228 illarum
2330 5171 2434 5224 “.t
2467 5172 2722 5241 Ephraim
2754 5171 2922 5236 enim,
2955 5174 3069 5226 sive
3098 5169 3283 5234 Israel,
3313 5176 3468 5236 νόει-ο

1874 5283 2037 5337 quam
2070 5282 2193 5321 aras
2229 5274 2283 5321 et
2320 5264 2444 5320 fana
2499 5265 2660 5321 idolis
2689 5266 2741 5319 in
2787 5265 3035 5320 Samaria
3084 5262 3470 5324 exmdillcavit,

1876 5361 2059 5431 lapsus
2090 5359 2253 5415 estin
2285 5359 2644 5428 apostasiam,
2687 5358 2890 5413 oblitus
2921 5367 3001 5412 est
3048 5356 3164 5419 Dei,
3198 5362 3253 5409 et
3292 5353 3477 5407 chario

1874 5466 2039 5511 tatem
2090 5470 2219 5525 erga
2267 5454 2418 5509 illum
2470 5452 2896 5522 ﬂoccipendcns,
2940 5450 3161 5504 irritare
3209 5446 3475 5499 eumdem

1874 5563 1979 5602 non
2020 5547 2204 5603 desiit.
2251 5545 2420 5602 Judas
2453 5559 2640 5614 porro,
2682 5542 2937 5614 quamvis
2984 5542 3038 5595 in
3079 5540 3189 5595 Deo
3230 5538 3476 5593 eonl‘tdee

1874 5648 1955 5693 ret
1996 5654 2095 5709 pro
2142 5636 2540 5694 consuetudine
2582 5635 2928 5705 superiorum
2983 5641 3313 5701 temporum,
3348 5630 3475 5699 qni-

1874 5733 1975 5786 bus
2006 5732 2072 5786 ab
2107 5730 2227 5800 ipso
2258 5737 2314 5785 et
2353 5743 2451 5799 per
2497 5727 2672 5798 ipsum
2710 5733 2959 5782 servatus
2994 5724 3200 5787 fuerat,
3231 5722 3295 5778 ad
3336 5722 3473 5777 iram

1877 5832 2057 5879 tamen
2112 5822 2296 5879 multis
2324 5831 2381 5879 et
2428 5821 2548 5876 aliis
2595 5819 2770 5877 modis
2801 5834 2925 5876 eum
2968 5818 3323 5890 provocabat,
3373 5815 3477 5872 hoc
