3982 6450
522 472 633 550 975

1559 500 1620 558 S.
1658 500 1935 560 CYRlLLl
1973 505 2446 566 ALEXANDRINI
2481 510 2803 573 ARCHIEP.

3690 506 3805 570 εις

529 622 639 665 uno
670 616 850 664 autem
886 609 1181 680 praecipue.
1214 610 1348 666 Nam
1386 627 1508 667 cum
1539 613 1679 671 Deus
1703 618 1938 675 minatus
1976 619 2109 677 fuis-

2221 641 2339 688 νους
2368 627 2497 697 παρ’
2531 626 2697 680 αὑτοῦ
2720 644 2777 679 τε
2832 626 2926 680 καὶ
2967 625 3034 679 δι’
3078 624 3245 680 αὐτοῦ
3282 623 3605 696 σωζόμενοι,
3665 640 3797 679 κατα

531 705 637 764 set,
665 699 956 753 ntissurum
997 715 1058 755 se
1091 700 1221 771 ipsis
1246 701 1552 772 Assyrium,
1578 705 1669 774 qui
1693 713 1897 761 terram
1926 717 2107 765 vasta-

531 797 635 856 ret,
672 791 834 846 urbes
856 805 984 847 suas
1020 792 1344 848 instauratis
1379 796 1651 851 numnibus
1681 801 2112 867 communiebat,

534 891 710 944 ratus,
747 881 857 937 Deo
899 883 1155 954 quamvis
1187 883 1424 950 nolente,
1474 886 1715 942 bonitate
1753 889 2012 944 moenium
2053 905 2113 947 se

530 971 741 1027 salvum
772 982 828 1027 et
859 974 928 1029 ab
973 977 1401 1045 oppugnantium
1439 977 1646 1034 viribus
1686 979 1946 1036 invictum
1973 980 2110 1042 fore.

530 1065 719 1135 itaque
758 1066 866 1121 Deo
900 1067 1039 1121 bona
1073 1083 1137 1123 ex
1189 1070 1607 1124 mansuetudine
1656 1072 2024 1141 promittente,
2059 1084 2114 1131 et

529 1158 888 1214 vehementer
908 1158 1274 1227 oﬂ'enderunl,
1307 1170 1361 1215 et
1387 1161 1692 1216 conservati
1723 1162 1939 1229 deinde,
1977 1178 2006 1218 a
2036 1164 2111 1219 fa-

531 1249 637 1305 ctis
698 1249 858 1305 simul
909 1261 964 1304 et
1033 1250 1278 1306 consiliis
1330 1251 1593 1322 improbis
1643 1266 1766 1309 sese
1830 1255 2114 1324 quieturos

531 1342 707 1399 aiunt.
758 1341 899 1409 Quin
950 1342 1116 1397 etiam
1155 1342 1355 1398 clamet
1400 1342 1586 1410 ludas,
1624 1360 1648 1396 ι
1693 1358 1799 1399 non
1840 1345 2116 1417 ingrediar

530 1435 587 1490 in
620 1436 920 1502 civitatem,
964 1454 984 1489 ι
1021 1438 1122 1492 hoc
1150 1446 1257 1501 est,
1291 1451 1507 1490 murum
1539 1436 1750 1493 habebo
1790 1435 1982 1507 Deum,
2028 1451 2115 1494 se-

531 1526 841 1593 curitatem,
874 1534 931 1583 et
973 1537 1241 1595 tutamen,
1278 1535 1332 1582 ct
1379 1542 1530 1599 spem
1563 1528 1618 1583 in
1648 1527 1824 1596 ipsum
1863 1529 1995 1585 mihi
2033 1529 2116 1584 fa-

528 1616 704 1684 ciam,
741 1616 844 1673 sub
887 1617 1159 1673 servantis
1219 1616 1499 1672 dexteram
1537 1618 1826 1673 succedam
1850 1657 1868 1685 ,
1911 1619 2028 1689 ipse
2060 1628 2115 1673 et

531 1709 680 1766 solus
727 1710 795 1765 ad
853 1709 1082 1765 salutem
1120 1710 1253 1765 mibi
1308 1709 1561 1775 suillciet,
1595 1710 1756 1767 inane
1811 1720 1868 1766 et
1923 1711 2116 1768 inutile

529 1816 755 1869 prorsus
780 1802 1099 1866 conﬁtebor,
1128 1809 1467 1870 exspectare,
1497 1800 1717 1870 quando
1754 1801 1899 1858 bello
1941 1803 2116 1873 regio-

536 1909 659 1949 nem
694 1896 1026 1964 pervadente
1050 1895 1107 1949 in
1142 1895 1332 1948 urbem
1357 1893 1637 1964 ingressus
1662 1893 1954 1951 salvandus
1987 1896 2113 1951 sim.

2215 710 2416 784 έοηγον
2461 715 2542 779 είς
2568 713 2761 787 ὀργὰς,
2813 714 2955 768 κατά
2994 713 3224 778 πολλοὺς
3283 715 3383 784 μὲν
3432 713 3529 767 καὶ
3573 712 3796 785 ἐτέρους

2212 804 2466 874 τρόπους,
2509 805 2743 876 μάλιστα
2770 805 2825 861 δέ
2853 805 2921 859 δι’
2945 805 3063 870 ἐνὸς
3085 804 3298 860 τούτου.
3339 804 3475 859 Θεοῦ
3505 804 3616 875 γὰρ
3647 806 3798 874 ήπει-

2213 892 2440 962 ληκότος
2470 896 2801 967 ἐπιπέμψειν
2830 895 3011 959 αὐτοῖς
3035 895 3127 949 τὸν
3157 895 3439 967 Ἀσσύριον
3463 894 3796 965 ἀφανιοῦντα

2212 983 2313 1056 τὴν
2337 984 2462 1055 γῆν,
2493 987 2795 1057 ἀνετείχιζε
2840 986 2940 1051 τὰς
2976 986 3170 1041 ἐαυτοῦ
3214 986 3419 1051 πόλεις,
3460 987 3685 1057 οἰηθεὶς,
3713 987 3797 1039 ὅτι

2214 1079 2317 1132 κᾶν
2351 1079 2399 1131 εί
2431 1079 2507 1149 μὴ
2548 1078 2792 1150 βούλοιτο
2838 1079 2991 1146 Θεὸς,
3032 1083 3099 1151 τῇ
3138 1080 3249 1133 τῶν
3301 1079 3511 1133 πόλεων
3552 1080 3801 1151 εύτειχίᾳ

2216 1167 2543 1240 σωθήσεται,
2565 1171 2659 1225 καὶ
2685 1171 2785 1241 τῆς
2806 1169 2900 1223 τοῦ
2931 1171 3242 1241 μαχομένου
3274 1170 3561 1240 περιέσται
3592 1171 3799 1240 χειρός.

2215 1261 2424 1316 Ούκοῦν
2440 1263 2908 1333 ἐπαγγελλομένου
2924 1262 3059 1317 Θεοῦ
3076 1263 3146 1317 τὰ
3167 1262 3227 1329 ἐξ
3240 1263 3579 1336 ἡμερότητος
3595 1261 3799 1331 ἀγαθὰ,

2214 1354 2309 1408 καὶ
2337 1356 2400 1408 οὐ
2429 1354 2671 1428 μετρίως
2695 1353 3191 1428 προσκεκρουκόσι,
3228 1355 3322 1408 καὶ
3351 1354 3507 1407 αὐτοὶ
3532 1353 3722 1406 λοιπὸν
3750 1353 3805 1406 οι

2216 1445 2515 1519 σωζόμενοι
2545 1447 2653 1503 τῶν
2685 1447 2903 1502 ἀτόπων
2946 1446 3366 1519 ἐγχειρημάτων
3397 1462 3457 1499 τε
3499 1443 3661 1515 όμοῦ,
3705 1443 3804 1496 καὶ

2218 1538 2318 1610 μέν
2354 1555 2437 1592 τοι
2469 1538 2563 1593 καὶ
2591 1538 2974 1610 βουλευμάτων
2994 1535 3419 1592 ἀποπαύσασθαί
3444 1548 3602 1605 φασι⁸
3625 1534 3720 1589 καὶ
3733 1533 3802 1588 δὴ

2214 1630 2311 1684 καὶ
2334 1628 2512 1701 βοάτω
2537 1628 2637 1701 μὲν
2672 1628 2871 1691 Ἰούδας
2897 1645 2913 1661 ο
2948 1645 2968 1679 ι
2990 1626 3106 1681 Ούκ
3139 1623 3519 1695 εἰσελεύσομαι
3569 1625 3654 1687 είς
3700 1622 3804 1676 πό⁴¹

2213 1722 2319 1787 λιν,
2343 1741 2363 1773 ι
2396 1722 2664 1786 τουτέστι,
2714 1722 2907 1791 Τεῖχος
2947 1718 3057 1785 ἔξω
3096 1716 3252 1772 Θεόν⁸
3293 1714 3599 1785 ἀσφάλειαν
3640 1712 3807 1784 ποιή-

2217 1832 2383 1887 σομαι
2409 1814 2510 1887 τὴν
2546 1815 2627 1879 είς
2657 1812 2819 1869 αὐτὸν
2856 1812 3069 1879 ἐλπίδα,
3099 1810 3199 1883 τὴν
3225 1809 3321 1864 τοῦ
3351 1808 3618 1873 σώζοντος
3667 1806 3808 1859 ὑπο-

2215 1904 2530 1977 δραμοῦμαι
2569 1903 2773 1971 δεξιάν.
2833 1903 3008 1967 Αὐτὸς
3068 1900 3314 1972 ἀρκέσει,
3373 1900 3470 1955 καὶ
3524 1898 3686 1969 μόνος
3724 1896 3809 1959 είς

529 1986 720 2057 itaque
755 2001 861 2042 non
899 1985 1173 2057 ingrediar
1202 1986 1257 2041 iu
1279 1985 1581 2041 civitatem.
1609 1983 1772 2043 Israel
1812 2001 1976 2057 porro
2002 1987 2114 2043 sive

2221 1995 2498 2067 σωτηρίαν
2535 1996 2682 2065 ἐμοί.
2750 1995 2975 2049 Εξκαῖον
3023 1993 3348 2064 ὁμολογήσω
3392 1991 3488 2044 καὶ
3529 1990 3811 2062 ἄχρηστον

529 2074 788 2145 Ephraim
837 2086 1027 2131 contra
1064 2074 1294 2130 alterum
1350 2075 1478 2130 illud
1527 2075 1847 2146 proclamet,
1894 2090 2109 2147 nempe,

539 2186 558 2219 ε
589 2176 711 2235 post
745 2167 1034 2222 Dominum
1067 2165 1378 2220 ambulabo.
1415 2184 1434 2218 ι
1472 2166 1869 2235 Supersedebo,
1911 2168 2109 2238 inquit,

528 2257 778 2327 antiquis
821 2258 1165 2322 criminibus,
1198 2258 1253 2313 iu
1296 2258 1537 2314 futurum
1581 2258 1673 2314 Dei
1719 2258 1862 2331 leges
1890 2272 2110 2328 sequar,

532 2347 725 2402 ducem
754 2347 887 2403 mihi
925 2348 1304 2404 universorum
1337 2348 1506 2405 Deum
1537 2338 1787 2420 deligam.
1817 2350 1895 2405 Ae
1922 2349 1966 2406 si
1996 2350 2117 2419 quis

529 2439 928 2511 beneplacitum
955 2441 1050 2497 Dei
1080 2452 1466 2514 persequatur,
1504 2444 1663 2513 plane
1691 2452 1744 2498 et
1776 2442 1953 2513 ipsum
1979 2444 2115 2499 sciet

523 2531 722 2598 solum,
762 2541 818 2587 et
849 2534 1271 2590 eidem‘cultum
1302 2534 1603 2601 adhibebit,
1650 2533 1928 2603 aliumque
1969 2548 2106 2605 prte-

528 2635 674 2680 terea
711 2625 983 2681 neminem
1025 2627 1295 2683 adorabit.

2217 2082 2498 2148 παντελῶς
2530 2082 2592 2137 τδ
2619 2083 2923 2155 προσδοκᾷν
2955 2083 3060 2149 ὅτι,
3095 2081 3335 2153 πολέμου
3363 2078 3463 2152 τὴν
3491 2080 3597 2150 γῆν
3631 2095 3809 2132 κατα-

2217 2176 2454 2240 Θέοντος,
2479 2173 2736 2228 είσελθὼν
2775 2175 2857 2239 εἰς
2886 2173 3064 2238 πόλιν,
3102 2171 3443 2243 σωθήσομαι.
3473 2167 3688 2223 Οὐκοῦν
3710 2164 3812 2220 οὒκ

2222 2260 2603 2332 εἰσελεύσομαι
2649 2262 2731 2326 εἰς
2772 2260 2949 2315 πόλιν.
3012 2259 3231 2333 Ἰσραὴλ
3263 2260 3321 2314 δὲ
3351 2258 3537 2322 πάλιν,
3578 2258 3756 2327 ήγουν
3785 2256 3814 2308 6

2228 2350 2492 2423 Ἐφραϊμ,
2550 2352 2906 2423 ἀναφωνείτω
2938 2352 3001 2406 τὸ
3046 2352 3258 2423 ἕτερον.
3308 2350 3383 2404 T6
3428 2349 3487 2402 δέ
3538 2349 3683 2409 ἐστι,
3753 2345 3814 2399 τὸ

2222 2443 2473 2498 (Ὀπίσω
2527 2444 2738 2516 Κυρίου
2792 2443 3206 2515 πορεύσομαι.»
3290 2439 3814 2508 Ἀποπεπαύσομαι,

2215 2537 2373 2608 φησι,
2401 2536 2511 2589 τῶν
2543 2537 2788 2606 ἀρχαίων
2832 2536 3199 2608 αίτιαμόιτων.
3246 2534 3448 2589 Λοιπὸν
3482 2535 3594 2595 τοῖς
3639 2531 3816 2593 Θείοις

2214 2627 2417 2699 ἕψομαι
2450 2627 2655 2698 νόμοις.
2686 2627 3024 2699 Καθηγητὴν
3049 2612 3367 2700 ’ποιήσομαι
3396 2625 3489 2678 τὸν
3532 2623 3644 2678 τῶν
3671 2624 3816 2676 ὅλων

521 2718 677 2774 Θεόν.
709 2719 773 2774 Ei
804 2719 861 2775 δὲ
888 2720 953 2793 δή
980 2739 1062 2786 τις
1092 2722 1163 2776 τοι
1194 2719 1331 2792 πρὸς
1374 2718 1436 2774 τὸ
1478 2718 1673 2774 δοκοῦν
1717 2719 1861 2791 Θεῷ,
1913 2720 2134 2786 πάντως
2209 2739 2342 2787 που,
2396 2723 2492 2778 καὶ
2540 2723 2702 2778 αὐτὸν
2747 2723 2955 2777 εἵσεται
3007 2724 3189 2797 μόνον.
3228 2721 3390 2794 Αὐτῷ
3428 2738 3490 2775 τε
3529 2720 3593 2774 τὸ
3641 2718 3816 2783 σέϐας

523 2811 742 2883 ἀνάψει,
774 2813 1147 2886 προσκυνήσει
1179 2830 1240 2867 τε
1276 2814 1463 2886 ἕτερον
1494 2814 1625 2885 παρ’
1645 2813 1809 2869 αὑτὸν
1834 2813 2114 2880 παντελῶς
2150 2815 2362 2871 οὐδένα.
3568 2806 3574 2811 ’

600 2929 760 3002 165
779 2929 941 2987 Vsus.
964 2933 1052 3002 10,
1068 2932 1155 2989 ll.
1184 2931 1330 2989 Sicut
1344 2932 1423 2987 leo
1442 2933 1632 3004 rttgiet,
1661 2932 1783 3003 quia
1798 2932 1906 3003 ipse
1924 2933 2114 3003 rugict,

2298 2936 2396 3004 Ὧς
2436 2936 2595 2991 λέων
2638 2934 2972 3006 ἐρεύξεται,
3004 2934 3093 2989 ὅτι
3137 2934 3322 3000 αὐτὸς
3351 2932 3678 3002 ὠρύσεται,
3718 2928 3816 2985 καί

526 3031 574 3074 ιι
605 3024 884 3091 stupebant
907 3023 1008 3094 ﬁlii
1051 3023 1651 3094 aquarum.Avolabuut
1694 3023 1847 3094 quasi
1886 3024 1996 3078 avis
2047 3038 2114 3077 ex

2221 3026 2619 3095 ἐκστήσονται
2685 3027 2868 3080 τέκνα
2924 3024 3182 3087 ὐδάτωνῑ.
3233 3023 3683 3092 Ἐκπτήσονται
3736 3023 3818 3087 ὡς

524 3112 785 3184 JEgypto,
804 3125 852 3170 et
873 3117 1032 3187 quasi
1056 3116 1297 3171 columba
1321 3133 1387 3172 ea:
1411 3126 1552 3171 terra
1571 3117 1929 3187 Assyriorum.
1952 3113 2019 3170 Et
2043 3131 2120 3170 re-

523 3207 744 3261 stituant
769 3208 908 3277 ipsos
935 3210 989 3264 in
1010 3209 1194 3265 domos
1223 3226 1373 3278 suas,
1399 3211 1523 3265 dicit
1550 3209 1833 3265 Dominus.

595 3406 860 3481 CXXXII.
918 3409 1051 3466 Cum
1104 3410 1217 3481 jam
1263 3410 1479 3467 adesset
1543 3418 1757 3481 tempus
1805 3410 2111 3481 deﬁnitum,

526 3513 639 3565 quo
691 3500 1009 3571 captivitate
1054 3502 1191 3558 solvi
1241 3502 1500 3559 lsraelcm
1555 3503 1857 3572 oportebat,
1916 3503 2113 3575 Cyrus,

526 3590 811 3663 Cambysat
850 3593 1018 3659 ﬁlius,
1052 3594 1343 3651 Persarum
1383 3595 1772 3665 Medorumque
1826 3595 2113 3665 imperium

524 3685 774 3751 sortitus,
806 3700 929 3742 cum
961 3688 1205 3743 exercitu
1240 3686 1445 3758 ingenti
1493 3696 1546 3740 et
1584 3687 1820 3756 potentia
1863 3687 2116 3744 inexora-

528 3777 619 3832 bili
649 3778 978 3851 Babylonem
1013 3781 1182 3849 ipsam
1214 3791 1269 3835 et
1303 3782 1605 3852 Assyriam,
1641 3782 1747 3835 Deo
1774 3781 1842 3835 ad
1890 3781 1993 3838 hoc
2019 3797 2116 3839 ex-

500 3858 751 3936 citante,
789 3873 1003 3941 irrupit.
1039 3873 1219 3940 Quare
1247 3874 1508 3944 praplteta
1540 3871 1813 3949 Jeretnias
1858 3890 2117 3946 praenun-

530 3961 674 4016 tians
705 3962 1037 4035 Babylonem
1071 3966 1412 4036 capiendam,
1447 3968 1513 4022 de
1538 3966 1708 4023 Medis
1739 3976 1793 4023 et
1814 3966 1997 4023 Persis
2042 3968 2116 4022 ita

525 4053 791 4123 loquitur:
828 4073 848 4109 ι
876 4055 1134 4112 lnvadent
1166 4068 1239 4123 te,
1269 4069 1326 4114 et
1352 4058 1611 4127 capieris,
1642 4056 1909 4128 Babylon,
1930 4065 1986 4111 et
2010 4070 2116 4110 non

526 4149 897 4218 cognosceris.
935 4148 1157 4205 Inventa
1189 4164 1271 4213 es,
1296 4161 1353 4205 et
1394 4159 1551 4220 capta
1594 4162 1673 4212 es,
1714 4147 1842 4217 quia
1890 4146 2119 4201 Domino

526 4240 777 4296 restitiin
807 4240 874 4298 ³⁸.
914 4259 933 4294 ›
971 4242 1044 4296 At
1072 4242 1140 4297 de
1166 4241 1309 4313 Cyro
1340 4258 1354 4297 :
1393 4258 1413 4290 ι
1450 4239 1713 4294 Ascendit
1753 4238 1836 4294 leo
1864 4239 1932 4293 de
1955 4237 2119 4292 cubili

529 4347 650 4399 suo,
686 4341 745 4388 ut
771 4343 936 4404 ponat
978 4343 1177 4391 terram
1228 4343 1374 4386 tuam
1406 4333 1458 4386 in
1489 4330 1860 4385 solitudinem.
1887 4329 1952 4384 Et
1980 4330 2120 4387 civi-

531 4433 672 4482 tates
695 4435 799 4482 luce
820 4425 1200 4492 vastabuntur,
1217 4424 1359 4495 quod
1386 4438 1491 4478 non
1521 4422 1977 4492 babitenturipste
1998 4422 2064 4479 ³⁸.
2092 4443 2112 4477 ι

530 4518 664 4574 Esse
692 4527 870 4574 autem
903 4520 1284 4574 universorum
1322 4510 1489 4571 Deum
1523 4514 1616 4583 qui
1661 4514 1809 4570 dedit
1848 4514 1989 4586 Cyro
2037 4516 2119 4571 vi-

528 4612 781 4678 ctoriam,
815 4611 973 4666 ﬁdem
1010 4620 1214 4666 certam
1267 4607 1429 4662 faciet
1461 4606 1629 4663 lsaias
1669 4624 1683 4661 :
1734 4627 1752 4659 ι
1804 4605 1931 4664 Hth
1987 4609 2114 4665 dicit

2222 4610 2732 4683 καθαιρεθήσονται.
2762 4610 2915 4683 παρὰ
2952 4610 3012 4665 τὸ
3056 4610 3133 4682 μὴ
3164 4608 3536 4664 κατοικεῖσθαι
3575 4609 3773 4671 αὐτάς.
3798 4627 3816 4657 ι
3912 4620 3913 4623 ‘

2215 3121 2428 3191 ὄρνεον
2473 3120 2544 3184 ἐξ
2577 3120 2904 3191 Αἰγύπτου,
2953 3117 3055 3173 καί
3095 3118 3178 3185 ὠς
3222 3115 3545 3187 περιστερὰ
3576 3115 3648 3169 ἐκ
3700 3113 3818 3183 τῆς

2227 3214 2577 3283 Ἀσσυρίων.
2616 3212 2728 3269 Καὶ
2764 3210 3252 3279 ἀποκαταστήσω
3282 3207 3507 3276 αὐτοὺς
3544 3208 3630 3272 εις
3669 3204 3818 3271 τοὺς

2139 3322 2183 3382 C
2216 3304 2424 3371 οἴκους
2451 3304 2671 3371 αὐτῶν,
2702 3302 2865 3371 λέγει
2892 3301 3126 3372 Κύριος.

2285 3419 2457 3474 PAB'.
2500 3418 2765 3482 Ἢκοντος
2805 3416 2907 3489 ήδη
2947 3415 3041 3469 τοῦ
3074 3415 3290 3488 χρόνου,
3319 3412 3414 3469 καὶ
3455 3408 3820 3481 πεπερασμέ-

2214 3525 2307 3564 νου
2346 3507 2441 3561 τοῦ
2474 3506 2690 3579 καιροῦ.
2719 3506 2841 3561 καθ’
2864 3506 2924 3559 ὃν
2957 3506 3064 3559 ἔδει
3092 3503 3279 3559 λοιπὸν
3306 3503 3407 3574 τῆς
3432 3500 3821 3571 αίχμαλωσίας

2215 3600 2460 3655 ἀνεῖσθαι
2483 3600 2574 3655 τὸν
2604 3598 2841 3671 Ἰσραὴλ,
2866 3597 3052 3669 Κῦρος
3084 3599 3112 3651 6
3151 3594 3477 3667 Καμϐύσου,
3498 3593 3734 3664 Περσῶν
3759 3609 3819 3646 τε

2215 3694 2313 3748 καὶ
2350 3693 2548 3764 Μήδων
2577 3690 2892 3762 ἀνημμένος
2936 3691 2998 3743 τὸ
3030 3688 3253 3763 κράτος,
3283 3689 3396 3757 ,σὺν
3437 3686 3582 3757 ὄχλῳ
3625 3683 3819 3757 βαρεῖ,

2216 3787 2313 3841 καὶ⁵
2339 3785 2647 3856 δυσαιτήτῳ
2676 3784 2750 3852 (l)
2784 3783 3034 3855 δυνάμει,
3056 3786 3155 3855 τῆς
3188 3799 3246 3837 τε
3270 3779 3590 3843 Βαϐυλῶνος
3618 3778 3819 3846 αὐτῆς,

2217 3879 2313 3934 καὶ
2351 3878 2453 3949 τῆς
2512 3877 2813 3951 Ἀσσυρίων
2868 3875 3332 3948 κατεστρατεύετο
3392 3872 3613 3945 χώρας,
3665 3871 3821 3925 διαν-

2228 3971 2480 4033 ιστάντος
2500 3969 2662 4023 αὐτὸν
2691 3968 2771 4032 εἰς
2787 3968 2947 4023 τοῦτο
2971 3966 3129 4023 Θεοῦ.
3161 3968 3273 4022 Καὶ
3304 3965 3436 4037 γοῦν
3462 3966 3491 4019 6
3527 3966 3824 4034 προφήτης

2229 4061 2501 4132 Ἱερεμίας
2527 4061 2935 4131 προαναφωνῶν
2964 4061 3062 4131 τῆς
3097 4058 3416 4122 Βαϐυλῶνος
3454 4058 3554 4129 τὴν
3587 4055 3817 4121 ἅλωσιν,

2220 4154 2350 4225 περί
2379 4171 2439 4208 τε
2483 4153 2707 4224 Μήδων,
2752 4154 2921 4226 φησι,
2956 4153 3052 4208 καλ⁵
3081 4153 3327 4225 Περσῶψ
3369 4170 3388 4204 t
3430 4147 3822 4223 Ἐπιθήσονταί

2221 4262 2341 4311 σοι,
2382 4246 2477 4300 καὶ
2506 4245 2712 4321 ἁλὼσῃ,
2746 4244 3027 4310 Βαϐυλὼν,
3071 4246 3163 4300 καὶ
3197 4246 3259 4298 οὺ
3289 4242 3496 4315 γνώσῃ.
3530 4242 3820 4313 Εὑρέθης,

2220 4336 2316 4392 καὶ
2356 4337 2627 4410 ἐλήφθης,
2665 4338 2747 4392 ότι
2784 4337 2866 4409 τῷ
2897 4337 3087 4410 Κυρίῳ
3135 4337 3422 4407 ἀντέστης.
3450 4353 3469 4386 ι
3523 4334 3719 4406 Κύρου
3766 4332 3824 4386 δέ

2222 4431 2349 4503 πέρι
2378 4447 2392 4462 ο
2426 4450 2445 4483 ι
2488 4430 2678 4503 Ἀνέϐη
2702 4430 2840 4486 λέων
2867 4431 2933 4485 ἐκ
2960 4431 3059 4502 τῆς
3091 4429 3335 4502 μάνδρας
3362 4426 3555 4489 αὐτοῦ,
3580 4427 3682 4481 τοῦ
3715 4425 3824 4479 θεῖ-

2219 4538 2308 4575 ναι
2355 4520 2453 4591 τὴν
2499 4520 2607 4590 γῆν
2657 4536 2752 4574 σου
2797 4520 2881 4584 είς
2926 4521 3229 4591 ἐρήμωσιν,
3264 4518 3358 4573 καὶ
3389 4518 3448 4572 αἱ
3499 4516 3692 4582 πόλεις
3728 4532 3822 4570 σου

530 4677 793 4759 Dominus
825 4703 1034 4759 christo
1064 4716 1186 4756 meo
1220 4700 1363 4771 Cyro
1383 4740 1401 4768 ,
1436 4700 1588 4770 cujus
1621 4700 1951 4771 apprehendi
1979 4702 2113 4757 dex-

2225 4704 2346 4756 Ὂτι
2379 4677 2437 4757 δὲ
2568 4704 2596 4756 6
2638 4703 2747 4756 τῶν
2791 4677 2930 4757 ὅλων
2971 4677 3135 4766 Θεδς,
3163 4704 3192 4755 6
3221 4703 3299 4772 τῷ
3333 4700 3504 4773 Κύρῳ
3546 4699 3733 4764 διδοὺς
3765 4699 3824 4751 τὸ

532 4802 727 4854 terant,
764 4798 823 4844 ut
847 4788 1133 4857 subjiciam
1179 4798 1305 4845 ante
1336 4804 1459 4844 eum
1507 4800 1795 4859 gentes,et
1841 4789 2115 4847 fortitudi-

530 4897 654 4938 nem
686 4896 872 4951 regum
903 4881 1230 4950 dirumpam.
1254 4882 1510 4952 Aperiunt
1547 4892 1675 4936 ante
1726 4897 1849 4937 cum
1896 4882 2113 4953 januas,

530 4987 586 5030 et
611 4974 773 5029 urbes
800 4989 905 5029 non
929 4973 1268 5030 claudentur.
1302 4973 1414 5044 Ego
1443 4982 1568 5030 ante
1597 4984 1649 5029 te
1681 4973 1790 5040 ibo,
1817 4983 1870 5030 et
1906 4986 2117 5030 montes

531 5066 913 5138 complanabo.
952 5066 1143 5122 Portas
1176 5081 1348 5122 aereas
1371 5077 1670 5129 conteram,
1702 5077 1758 5120 et
1788 5076 1968 5122 vectes
2006 5066 2117 5123 fcr-

530 5174 656 5217 reos
683 5158 1045 5229 confringam,
1075 5168 1131 5214 et
1151 5158 1288 5214 dabo
1323 5158 1417 5213 tibi
1453 5159 1738 5212 thesauros
1765 5159 2116 5224 tenebrosos,

531 5252 914 5320 absconditos;
944 5252 1245 5309 invisibiles
1274 5253 1509 5321 aperiam
1541 5251 1635 5307 tibi
1661 5252 1726 5307 ³⁷.
1760 5271 1778 5304 ι
1812 5252 1991 5308 Victor
2014 5253 2118 5307 ita-

531 5360 640 5418 que
668 5344 842 5417 Cyrus
871 5345 921 5401 vi
961 5345 1187 5402 subacto
1245 5343 1661 5415 Babyloniorum
1702 5360 1892 5415 regno,
1938 5343 2116 5399 lsrae-

2222 4795 2466 4865 κρατεῖν,
2501 4793 2907 4864 πληρρφορήσει
2951 4792 3125 4861 λέγων
3166 4793 3194 4845 6
3225 4791 3514 4863 προφήτης
3550 4788 3819 4850 Ἡσαΐας·

2229 4906 2247 4939 ι
2278 4886 2418 4940 Τάδε
2434 4885 2581 4954 λέγει
2627 4886 2830 4955 Κύριος
2858 4883 2937 4956 τῷ
2962 4881 3168 4955 χριστῷ
3198 4900 3301 4954 μου
3333 4881 3524 4953 Κύρῳ,
3556 4872 3622 4932 οὗ
3652 4879 3825 4950 ἐκρὰε

2221 4994 2361 5048 τησα
2399 4977 2500 5049 τῆς
2536 4976 2735 5044 δεξιᾶς,
2767 4976 3072 5031 ἐπακούσαι
3104 4974 3413 5047 ἔμπροσθεν
3446 4972 3617 5028 αὑτοῦ
3658 4971 3820 5040 ἐονη,

2213 5070 2309 5124 καὶ
2358 5070 2512 5139 ἰσχὺν
2567 5068 2830 5139 βασιλέων
2889 5067 3191 5140 διαῤῥήξω.
3227 5063 3451 5131 Ἀνοίξω
3504 5062 3823 5135 ἔμπροσθεν

2213 5160 2380 5214 αὐτοῦ
2419 5160 2611 5232 Θύρας,
2646 5161 2741 5215 καὶ
2779 5160 2963 5225 πόλεις
2992 5160 3054 5213 οὐ
3088 5157 3629 5229 συγκλεισθήσονται.
3677 5153 3822 5222 Ἐγὼ

2210 5253 2523 5325 ἔμπροσθέν
2563 5271 2658 5307 σου
2690 5252 3054 5325 πορεύσομαι,
3084 5252 3183 5307 καὶ
3226 5251 3329 5323 ὅρη
3358 5247 3570 5320 ὁμαλιῶ
3592 5263 3605 5276 ³
3643 5245 3818 5317 θύρας

2212 5344 2420 5413 χαλκᾶς
2460 5342 2759 5414 συντρίψω,
2809 5343 2904 5396 καὶ
2940 5342 3172 5413 μοχλοὺς
3201 5338 3456 5413 σιδηροῦς
3508 5335 3819 5399 συνθλάσωι

533 5436 639 5493 lem
672 5436 902 5492 liberum
941 5437 1168 5500 dimisit,
1200 5436 1290 5507 qui
1349 5435 1573 5499 reversi,
1630 5436 1903 5508 regionem
1962 5450 2114 5490 suam

2221 5434 2309 5490 καὶ
2350 5433 2508 5488 δώσω
2547 5451 2632 5488 σοι
2678 5432 2988 5506 θησαυροὺς
3023 5432 3335 5498 σκοτεινοὺς
3358 5474 3375 5500 ,
3422 5428 3818 5501 ἀποκρύφους,

610 5616 652 5649 ⁸⁵
689 5613 800 5671 Jer.
831 5634 883 5682 ι,
914 5618 1005 5672 '26.
1082 5615 1128 5647 ³⁵
1166 5614 1278 5670 Jer.
1308 5630 1381 5682 tv,
1410 5615 1462 5668 '7.
1540 5614 1582 5644 ³⁷
1623 5613 1726 5668 Isa.
1759 5630 1881 5681 xcv,
1916 5614 1967 5681 1,
1996 5613 2050 5668 5.

610 5796 688 5869 (ι)
717 5797 1017 5873 Cotvlerius
1050 5798 1314 5873 (Monum.
1462 5795 1525 5858 (ἶ,
1556 5795 1623 5864 ll,
1666 5793 2113 5873 ξίβῷῌρςθιιιιιιιη

537 5865 717 5924 monet
752 5865 1093 5940 δυσαντήτῴ,
1120 5870 1221 5924 hoc
1246 5880 1330 5922 est
1351 5867 1776 5940 inexpugnabili.
1802 5865 1895 5940 Sic
1926 5865 2115 5940 mortis

537 5940 869 6013 δυσάντητον
897 5930 1096 6012 κρατὸς
1123 5942 1257 5995 dixit
1283 5930 1517 6010 (Zysillu's
1557 5930 1644 5992 lib.
1676 5952 1727 5991 tv
1764 5938 1883 5990 ade.
1917 5930 2117 5987 ‘Nesto-

2225 5792 2386 5854 rium,
2422 5805 2475 5857 p.
2516 5789 2635 5851 l07.
2660 5788 2968 5860 similiaque
2998 5787 3167 5845 multa
3190 5786 3567 5860 proferrentur
3590 5797 3663 5839 cx
3693 5781 3813 5854 ipso

2223 5864 2267 5920 si
2298 5876 2518 5920 necesse
2543 5869 2704 5918 esset.
2738 5859 2893 5916 Eutr.
3203 5859 3206 5860 ⁷
3594 5863 3619 5868 “
