3982 6460
232 418 336 472 ‘277

1175 421 1731 480 COMMENTARIUS
1776 422 1839 478 IN
1881 421 2117 479 OSEAM
2160 417 2605 477 PROPIIETHI.

3435 412 3553 466 ‘278’

225 537 492 610 ἁοράτους
516 537 714 602 ἁνοίξω
746 556 850 592 σοι.
869 559 885 592 ι
919 541 1238 611 Νενικηκὼς
1263 544 1554 615 τοιγαροῦν
1577 546 1606 598 ὁ
1633 545 1833 616 Κῦρος,

1961 545 2120 599 lentio
2157 542 2520 598 incoluerunt.
2562 539 2935 594 Narratiouctn
2981 537 3120 591 banc
3177 536 3542 604 inlcrprclans

221 635 310 686 καὶ
361 633 713 704 κατακράτος
769 632 908 687 ἐλὼν
961 634 1062 706 τὴν
1105 636 1490 704 Βαϐυλωνίων,
1538 639 1706 708 ἀνῆκε
1747 638 1838 692 τὸν

234 725 474 796 Ἰσραήλ.
520 726 634 779 Καὶ
682 726 747 797 δὴ
783 725 877 778 καὶ
911 727 1422 798 ὑπονοστήσαντες,
1471 729 1839 800 κατῳκήκασι

219 811 312 882 τὴν
354 812 595 866 ἑαυτῶν.
625 813 793 867 Τουτὶ
828 814 890 867 τὸ
926 815 1174 887 διήγημα
1216 817 1565 890 διερμηνεύει
1608 819 1782 889 λέγων
1812 819 1843 871 ὁ

222 905 513 974 προφήτης
548 904 735 976 Ὠσηὲ.
775 923 793 957 ι
841 906 934 970 Ὠς
956 906 1095 960 λέων
1141 907 1447 980 ὲρεύξεται.
1475 928 1493 961 ι
1541 909 1638 973 Τίς
1681 910 1842 982 ὲρεύ-

218 995 404 1060 ξεταις
453 994 644 1066 Κῦρος
695 995 962 1067 δηλονότι.
996 998 1223 1068 Ὅμοιον
1249 999 1326 1062 ὡς
1364 1001 1415 1053 εί
1457 1000 1608 1069 λέγοι
1651 1001 1837 1072 τυχὸν,

225 1087 411 1140 Δεινὸν
437 1086 538 1141 καὶ
579 1086 863 1159 διαϐριθὲς
893 1089 1036 1143 κατὰ
1068 1091 1168 1160 τῆς
1203 1091 1585 1158 Βαϐυλωνίων,
1627 1094 1655 1146 ό
1689 1092 1844 1165 παρὰ

215 1177 406 1249 Κύρου
438 1179 720 1250 κτυπήσει
754 1179 1014 1250 πόλεμος.
1052 1182 1383 1254 Ὠρυομένου
1416 1183 1473 1237 δὲ
1509 1184 1699 1246 αὐτοῦ,
1746 1185 1845 1238 καὶ

213 1270 376 1324 οίονεί
421 1288 577 1335 τινος
623 1272 842 1338 λέοντος
893 1276 1385 1347 κατακεκραγότος
1430 1275 1542 1330 τῶν
1590 1277 1658 1331 δι’
1689 1279 1845 1332 ἐναν-

214 1365 371 1427 τίας,
415 1383 436 1416 ι
481 1365 883 1436 Ἐκστήσονται
930 1368 1101 1421 τέκνα
1153 1368 1385 1424 ὑδάτων.
1415 1387 1433 1420 ι
1483 1369 1594 1422 Καὶ
1641 1369 1704 1423 τὸ
1747 1371 1846 1441 μὲν

222 1473 238 1504 ι
256 1453 631 1525 ἐκστήσονται
651 1475 671 1507 ›
684 1457 892 1527 ,φησὶν,
911 1458 1035 1512 ἀντὶ
1055 1457 1176 1524 τοῦ,
1195 1459 1847 1531 καταπλαγήσονται.Τέ-

217 1563 316 1600 κνα
349 1546 414 1600 δὲ
443 1547 683 1615 ὑδάτων,
724 1551 854 1614 τοὺς
895 1550 1277 1616 Βαϐυλωνίους
1305 1552 1460 1624 φησὶ,
1489 1551 1541 1605 οἳ
1573 1555 1690 1617 τοῖς
1725 1554 1836 1607 τῶν

217 1638 429 1692 ὑδάτων
466 1639 707 1705 τέκνοις,
737 1643 1011 1707 τουτέστι,
1029 1645 1146 1708 τοῖς
1161 1644 1221 1698 ἐν
1241 1643 1399 1698 ὕδατι
1423 1648 1662 1716 νηκτοῖς,
1677 1645 1847 1714 ήγουν

219 1728 401 1799 ἰχθύσι
452 1733 929 1805 παραχωροῦντες
973 1736 1129 1790 οὐδὲν
1177 1738 1259 1801 εἰς
1310 1736 1535 1800 δειλίαν,
1577 1736 1846 1792 εὐάλωτοί

214 1838 270 1873 τε
325 1822 425 1875 καὶ
473 1823 734 1895 ἄνανδροι
767 1827 858 1880 διὰ
890 1828 1092 1900 πείρας
1121 1829 1294 1900 αὐτῆς
1343 1831 1632 1899 γεγονότες
1694 1828 1840 1884 ἁλώ-

1941 637 2111 693 Oseas
2134 637 2249 691 ait:
2291 655 2308 686 ι
2350 635 2418 690 Ut
2443 635 2524 688 leo
2550 633 2741 703 rugiet.
2777 651 2796 684 ›
2828 631 2961 698 Quis
2985 629 3200 699 rugiet?
3250 628 3426 699 Cyrus
3461 627 3544 679 vi-

1941 729 2160 784 delicet.
2189 727 2422 782 Perinde
2454 726 2704 781 fortassis
2732 739 2794 779 ac
2825 725 2869 777 si
2920 724 3084 777 dicat:
3118 720 3456 775 llorrcndnm
3483 735 3544 770 ac

1941 820 2119 876 dirum
2147 828 2335 874 contra
2367 817 2750 890 Babylonicum
2788 815 3075 885 imperium
3114 814 3314 868 bellmu
3353 829 3382 867 τι
3404 813 3547 883 Cyro

1944 922 2150 966 motum
2193 909 2492 965 insonabit.
2543 908 2812 977 Rugiente
2863 915 3046 958 autem
3091 905 3228 974 ipso,
3269 893 3332 956 'et
3379 904 3542 957 veluti

1945 1002 2102 1058 leone
2133 1011 2321 1058 contra
2357 999 2708 1055 adversarios
2761 995 3055 1060 clamante,
3095 1012 3113 1046 ι
3155 995 3546 1062 obstupesceut

1946 1095 2040 1150 lilii
2069 1109 2356 1164 aquarum.
2405 1113 2423 1145 ι
2458 1091 2880 1160 Obstupescent,
2926 1087 3122 1154 inquit,
3165 1102 3284 1154 pro,
3334 1085 3545 1152 perecl-
3571 1158 3582 1164 -
3615 1157 3620 1164 ι

1946 1191 2149 1245 lentur.
2184 1188 2352 1243 Filios
2378 1194 2557 1242 autem
2591 1198 2855 1254 aquarum
2908 1180 3232 1250 Babylonius
3275 1158 3583 1238 nominat,‘
3613 1158 3616 1196 ί

1945 1282 2036 1352 qui
2070 1280 2195 1336 miis
2224 1293 2513 1348 aquarum,
2541 1277 2643 1330 boc
2668 1285 2774 1341 est,
2805 1275 2857 1327 in
2886 1288 3026 1341 aqua
3061 1269 3398 1335 natantibus,
3432 1269 3553 1322 sive

1947 1375 2219 1445 piscibus,
2248 1371 2545 1426 timiditate
2578 1367 2714 1422 nihil
2750 1368 2973 1428 cedunt,
3007 1364 3234 1432 ipsaque
3255 1361 3546 1430 experien-

1950 1467 2022 1522 tia
2049 1475 2211 1534 captu
2243 1462 2436 1518 faciles
2465 1472 2521 1516 et
2547 1459 2792 1516 imbelles
2825 1457 2953 1512 l'acti
2984 1459 3289 1526 capientur.
3325 1455 3414 1508 Est
3451 1469 3549 1507 an-

1952 1567 2056 1613 tem
2086 1570 2258 1626 genus
2283 1555 2513 1625 pisciqu
2549 1561 2743 1606 natura
2786 1547 3216 1613 timidissinnnn,
3262 1555 3318 1600 ct
3351 1546 3548 1614 strepi-

1950 1658 2038 1704 tus
2083 1649 2241 1718 fugit,
2277 1654 2332 1702 et
2381 1645 2552 1700 solam
2601 1645 2864 1713 piscantis
2920 1643 3167 1696 umbram
3235 1647 3544 1692 aversatur.

1951 1741 2180 1808 Quando
2211 1739 2396 1808 igitur,
2425 1737 2623 1807 inquit,
2660 1735 2910 1805 rugicute
2955 1733 3118 1803 Cyro,
3168 1741 3225 1786 et
3271 1730 3545 1800 ingentem

1951 1831 2242 1902 quemdam
2261 1829 2691 1896 horribilemque
2713 1828 2972 1881 adversus
2990 1823 3297 1894 Babylonite
3321 1837 3546 1890 regnum

216 1932 430 1968 σονται.
475 1916 869 1988 Ἐτοιμότατον
896 1919 953 1974 δὲ
987 1920 1127 1993 πρὸς
1168 1921 1374 1977 δειλίαν
1407 1923 1516 1976 τῶν
1552 1921 1752 1994 ἰχθύων
1784 1921 1846 1977 τὸ

1960 1927 2244 1981 clamorem
2300 1921 2547 1985 tollente,
2596 1921 2791 1974 timore
2840 1932 3104 1986 aquarqu
3168 1915 3261 1968 lilii
3314 1913 3547 1982 perculsi

215 2007 403 2074 γένος,
443 2009 542 2062 καὶ
579 2010 777 2080 φεύγει
823 2011 922 2082 μὲν
960 2012 1223 2077 κτύπους,
1261 2017 1614 2084 παραιτεῖται
1652 2013 1710 2068 δὲ
1749 2015 1844 2069 καὶ

218 2099 390 2170 μόνην
424 2101 530 2173 τὴν
559 2102 656 2154 τοῦ
702 2102 986 2174 θηρῶντος
1033 2105 1216 2158 σκιάν.
1244 2106 1418 2160 Ὅταν
1449 2106 1633 2160 τοίνυν
1681 2108 1842 2176 ἐρευ-

215 2190 454 2260 γομένου
501 2191 714 2264 Κύρου,
748 2196 914 2265 φησί,
955 2197 1049 2251 καὶ
1095 2196 1271 2250 δεινόν
1317 2215 1370 2251 τι
1430 2200 1526 2251 καὶ
1570 2198 1846 2270 φρικῶδες

214 2283 311 2352 τῆς
347 2283 722 2341 Βαϐυλωνίων
773 2289 1250 2354 καταλαλάζοντος
1272 2330 1286 2352 ,
1322 2291 1706 2363 καταπλαγείη
1763 2293 1844 2364 τῷ

218 2375 366 2447 φόϐῳ
395 2375 469 2430 τὰ
491 2377 606 2432 τῶν
641 2379 852 2434 ὑδάτων
881 2381 1069 2448 τέκνα,
1102 2383 1403 2449 τουτέστιν,
1432 2386 1480 2437 οἰ
1510 2385 1844 2438 Βαϐυλώνιοι

215 2469 328 2530 τοῖς
365 2467 587 2537 ἰχθύσιν
631 2471 713 2534 εἰς
749 2471 952 2526 δειλίαν
988 2475 1453 2548 παραχωροῦντες
1490 2475 1647 2528 οὐδέν
1673 2492 1686 2506 ·
1718 2477 1843 2530 τότε

220 2559 312 2612 καὶ
338 2559 541 2630 ὀρνέου
580 2562 744 2634 δίκην
775 2564 873 2617 καὶ⁵
903 2567 1240 2638 περιστερᾶς
1287 2568 1702 2639 ἀποπτήσονται
1743 2568 1846 2638 τῆς

217 2651 502 2720 Αἰγύπτου
573 2656 672 2709 καὶ
719 2657 771 2709 οἱ
836 2657 1006 2712 πάλαι
1063 2660 1520 2729 συμπεφευγότες
1571 2662 1628 2714 ὲν
1679 2661 1840 2732 αὐτῇ.

231 2746 714 2819 ’Δποδραμοῦνται
742 2749 800 2803 δὲ
833 2750 934 2821 τῆς
971 2751 1257 2805 Χαλδαίων
1287 2752 1382 2805 καὶ
1419 2753 1470 2804 οἱ
1505 2751 1607 2822 τῆς
1668 2755 1837 2823 αἰχμ-

218 2839 460 2905 αλωσίας
500 2841 787 2908 ἐναλόντες
814 2845 928 2908 τοῖς
976 2843 1593 2916 βρόχοις.Ἐπανήξουσί
1623 2863 1683 2897 τε
1730 2844 1845 2898 λοι-

218 2931 338 2994 πὸν,
372 2932 476 2985 καὶ
514 2933 806 3004 οἰκήσουσι
842 2934 943 3005 τὴν
983 2935 1215 2992 ἑαυτῶν.
1258 2936 1410 3004 Ἐξὸν
1447 2933 1544 2990 οὖν
1583 2935 1728 3007 ἔχειν
1776 2936 1846 2989 τὰ

217 3022 424 3090 ἀγαθὰ,
458 3023 584 3094 Θεῷ
622 3024 728 3095 τῆς
775 3025 1014 3091 διανοίας
1053 3027 1429 3100 ὑποφέροντας
1473 3027 1566 3082 τὸν
1608 3026 1843 3098 αὐχένα,

218 3115 312 3168 καὶ
357 3116 456 3170 ὑπ’
483 3117 640 3190 αὐτῷ
671 3119 1016 3190 πράττοντας
1049 3120 1217 3192 μόνῳ,
1254 3121 1328 3194 μὴ
1375 3121 1655 3175 ἐθελονταὶ
1699 3118 1848 3192 βαδί-

1949 2017 2148 2073 fuerint
2181 2015 2344 2086 166
2379 2014 2596 2084 (nempe
2626 2010 2927 2081 Babylonii,
2959 2009 3202 2079 piscibus
3253 2007 3549 2064 timiditate

1951 2110 2091 2165 baud
2127 2104 2451 2173 absimiles),
2503 2113 2635 2159 tunc
2676 2111 2732 2157 et
2770 2102 2888 2155 avis
2940 2101 3112 2154 instar
3172 2107 3228 2153 et
3284 2097 3550 2151 columbae

1950 2200 2246 2258 avolabunt
2273 2213 2341 2254 ex
2376 2196 2638 2268 Egypto,
2663 2196 2755 2265 qui
2793 2193 2998 2264 pridem
3030 2192 3082 2246 in
3125 2206 3246 2245 eam
3289 2189 3548 2258 confugc-

1949 2303 2108 2356 rant;
2139 2301 2194 2347 et
2222 2290 2502 2360 aul‘ugient
2530 2290 2598 2343 de
2624 2297 2769 2342 terra
2817 2283 3221 2345 Chaldaeorum,
3248 2283 3337 2351 qui
3369 2281 3547 2350 capti-

1950 2384 2140 2440 vitatis
2191 2383 2405 2453 laqueis
2459 2379 2724 2451 implicati
2784 2378 3128 2433 tenebantur.
3187 2375 3551 2430 Revertentur

1954 2490 2092 2543 tttm,
2128 2486 2182 2533 el
2206 2477 2485 2547 regionem
2521 2489 2677 2529 suam
2719 2471 2978 2527 incolent.
3022 2469 3158 2525 Cum
3190 2467 3353 2522 liccat
3385 2465 3550 2536 igitur

1953 2569 2158 2624 habere
2191 2567 2334 2622 bona
2379 2566 2490 2620 Deo
2520 2564 2794 2620 cervicem
2841 2561 3020 2616 animi
3064 2558 3436 2628 subjicientes,
3497 2563 3552 2609 et

1950 2660 2053 2716 sub
2075 2660 2194 2729 ipso
2227 2659 2344 2714 solo
2362 2660 2648 2727 degentes,
2685 2669 2758 2709 ne
2784 2663 2978 2724 sponte
3001 2667 3136 2707 eum
3165 2650 3432 2704 ol'l‘eusmn
3457 2662 3550 2703 ea-

1953 2767 2098 2817 mus,
2127 2750 2434 2821 ultroneam
2488 2748 2542 2802 in
2598 2761 2698 2804 nos
2739 2746 2877 2800 iram
2929 2743 3103 2815 ipsius
3161 2749 3547 2812 provocantes,

1951 2857 2076 2896 cum
2110 2841 2194 2896 las
2225 2841 2330 2904 sit,
2357 2848 2417 2893 ut
2447 2836 2594 2901 dixi,
2639 2837 2691 2890 in
2752 2835 2922 2888 multa
2979 2834 3339 2903 prosperitate
3393 2830 3552 2900 quie-

1952 2948 2130 2999 scere,
2160 2933 2448 2987 Dominum
2494 2946 2592 3000 per
2621 2928 3119 2993 conversationem,
3147 2935 3203 2980 et
3252 2925 3419 2980 vitam
3480 2921 3549 2976 ad

1954 3026 2106 3096 leges
2138 3025 2560 3090 conformatam,
2591 3033 2646 3079 et
2679 3022 3050 3078 sinceritatem
3088 3033 3216 3089 erga
3250 3018 3426 3088 ipsum
3455 3015 3554 3070 lte-

1959 3120 2252 3174 tilicantes.

217 3207 408 3277 ζωμεν
439 3209 538 3264 ἐπὶ
565 3210 629 3264 τὸ
658 3210 886 3278 λυποῦν,
914 3212 1250 3283 αὐτόκλητον
1275 3213 1468 3285 ὥσπερ
1501 3213 1588 3282 ἐφ’
1656 3213 1871 3278 ἑαυτοῖς
1908 3211 2316 3284 κατασύροντες
2378 3211 2596 3282 κίνησιν
2621 3225 2635 3240 ο
2678 3208 2858 3262 καίτοι
2938 3208 3120 3277 μετὸν,
3170 3205 3246 3268 ὡς
3289 3204 3447 3274 ἔφην,
3491 3203 3554 3256 ὲν

217 3302 471 3374 βαθείαις
498 3305 716 3360 κεῖσθαι
740 3307 840 3378 τῆς
866 3308 1193 3380 εὐημερίας,
1222 3311 1727 3383 κατευφραίνοντας
1781 3310 1874 3364 τὸν
1909 3311 2194 3381 Δεσπότην
2237 3309 2326 3364 διὰ
2354 3307 2455 3378 τῆς
2500 3307 2728 3379 ἐννόμου
2792 3304 3069 3367 πολιτείας
3113 3304 3208 3357 καὶ
3254 3302 3421 3374 ζωῆς,
3455 3299 3554 3356 καὶ

214 3398 318 3468 τῆς
347 3400 435 3462 εἰς
466 3399 638 3454 αὑτὸν
665 3403 1045 3475 γνησιότητος.

298 3490 652 3588 Τεκύἑκλωοςέ
687 3495 864 3588 ,με-ἑν
901 3496 1117 3564 ψεύδει
1143 3497 1422 3588 γῈφρατμ,
1455 3498 1557 3556 καί
1599 3499 1672 3553 ἐν
1703 3499 1850 3555 ἆσεο
1879 3526 1926 3588 c

218 3584 353 3667 ϐείςι
391 3578 568 3651 οἶκος
607 3585 876 3655 Ἰσραὴλ,
906 3588 1006 3642 καὶ
1045 3587 1256 3644 Ἰούδα.

289 3677 465 3732 ΡΛΓ’.
506 3675 676 3731 Φύσει
718 3680 818 3749 μὲν
862 3681 1067 3751 ἀγαθὸς
1108 3681 1206 3748 ὢν,
1252 3687 1346 3736 καὶ
1390 3683 1787 3755 φιλοικτίρμων
1824 3687 1854 3739 ὁ

218 3769 378 3834 Θεὸς,
426 3771 526 3825 καὶ
563 3769 892 3843 ἀνεθέλητον
938 3774 1052 3846 ἔχει
1084 3777 1146 3830 τὸ
1191 3776 1451 3851 πλήττειν
1488 3777 1627 3842 ὅλως
1661 3779 1814 3842 τινὰς
1836 3817 1851 3844 ,

221 3867 480 3921 καλεῖται
509 3867 569 3947 δὲ
597 3869 692 3923 καὶ
719 3872 1039 3940 ἀναγκαίως
1074 3875 1156 3937 εἰς
1192 3875 1569 3946 ἀγανάκτησιν
1597 3877 1855 3948 ἐπιστρε-

224 3961 455 4031 πτικὴν,
478 3961 608 4014 ὅταν
640 3961 710 4014 τοι
740 3963 903 4017 τινῶν
953 3965 1098 4036 πέρα
1128 3966 1291 4036 λόγου
1321 3985 1382 4020 τε
1418 3967 1513 4022 καὶ
1550 3967 1751 4040 μέτρου
1781 3968 1852 4023 τὰ

223 4051 584 4122 ἐγκλήματα.
642 4053 816 4108 Τοῦτο
869 4055 1114 4110 διδάσκει
1167 4058 1331 4114 πάλιν
1398 4060 1549 4129 ἡμᾶς
1601 4059 1692 4113 διὰ
1743 4059 1853 4114 τῶν

225 4143 640 4214 προκειμένων.
687 4146 989 4220 Μονονουχὶ
1029 4151 1138 4222 γάρ
1187 4167 1341 4222 φησι·
1385 4152 1527 4221 Τῇδε
1600 4153 1851 4219 κάκεῖσε,

225 4236 324 4289 καὶ
347 4235 519 4290 οίονεί
554 4253 674 4301 πως
702 4239 760 4291 ἐν
790 4239 980 4312 κύκλῳ
1011 4242 1104 4296 τὸν
1137 4243 1237 4314 τῆς
1268 4244 1525 4311 θεότητος
1572 4244 1852 4317 ὀφθαλμὸν

226 4327 430 4380 ὲνιέντι
463 4345 524 4381 τε
578 4329 676 4382 καὶ
716 4331 1090 4404 περιφέροντι,
1139 4339 1393 4408 πανταχῇ
1429 4336 1490 4390 τὸ
1521 4335 1719 4406 ψεῦδος
1753 4335 1849 4388 καὶ

227 4418 327 4490 τὴν
357 4419 629 4475 ἀσέϐειαν
651 4416 720 4492 ἦν
749 4423 878 4477 ἰδεῖν
902 4424 1088 4479 τοῦτε
1117 4426 1378 4498 Ἐφραῒμ,
1409 4429 1504 4482 καὶ
1531 4429 1628 4482 τοῦ
1659 4428 1849 4483 Ἰούδα.

228 4509 449 4574 Ψεῦδος
475 4511 535 4565 δὲ
574 4513 847 4567 ἀποκαλεῖ
881 4515 950 4570 τὰ
983 4517 1084 4586 τῆς
1122 4518 1540 4591 εἰδωλολατρίας
1589 4520 1851 4588 παίγνια,

229 4604 327 4656 καὶ
381 4604 487 4674 τὴν
536 4604 650 4658 τῶν
703 4607 951 4677 ματαίων
1007 4611 1416 4682 προσκύνησιν·
1469 4611 1732 4666 ἀσέϐειαν
1795 4613 1853 4666 δὲ

228 4697 394 4767 τάχα,
427 4696 531 4767 τὴν
566 4696 725 4769 ὐϐριν
764 4699 868 4772 τὴν
901 4702 1046 4754 κατὰ
1081 4701 1242 4757 Θεοῦ.
1275 4703 1401 4767 Πῶς
1434 4703 1544 4776 γὰρ
1573 4705 1675 4758 οὐκ
1720 4706 1853 4760 ἀσέ-

229 4786 354 4841 ϐεια
384 4788 559 4859 δεινὴ,
591 4791 689 4842 καὶ
729 4790 1112 4864 ἐκτοπωτάτη,
1137 4794 1198 4848 τὸ
1224 4793 1587 4849 ἀποσείεσθαι
1633 4797 1732 4866 μὲν
1762 4797 1854 4851 τὸν

2031 3499 2192 3554 Vsus.
2229 3497 2315 3552 ιε.
2347 3494 2706 3552 Circumdcdit
2750 3510 2832 3548 me
2873 3495 2924 3547 in
2959 3492 3232 3547 mendacio
3275 3489 3547 3560 (Ep/iraira,

1956 3601 2004 3646 et
2028 3593 2081 3643 in
2113 3589 2482 3660 iniquitatibus
2512 3587 2701 3640 domus
2735 3585 2925 3650 Israel,
2949 3595 2996 3638 et
3021 3584 3188 3639 Jmlu.

2027 3680 2313 3737 CXXXIII.
2353 3681 2495 3735 Deus
2539 3690 2733 3733 natura
2788 3677 2984 3738 bonus,
3030 3676 3362 3742 inriserit-ars,
3417 3689 3472 3731 et
3523 3693 3556 3731 ο

1956 3773 2127 3843 plagis
2155 3772 2574 3841 quibuscunque
2608 3768 2902 3824 metiendis
2957 3767 3187 3830 alienus,
3227 3777 3555 3838 provocatur

1955 3875 2160 3929 tamen,
2199 3874 2254 3922 et
2282 3873 2604 3921 convertere
2633 3878 2693 3918 se
2741 3863 2808 3916 ad
2851 3861 3279 3930 indignationem
3319 3862 3554 3932 cogitur,

1955 3975 2077 4016 cum
2102 3959 2464 4029 quorumdam
2497 3956 2708 4013 scelera
2747 3954 2952 4022 majora
2997 3955 3220 4020 fuerint,
3251 3971 3414 4026 quam
3448 3956 3553 4011 dici

1953 4052 2148 4124 possit.
2185 4051 2341 4118 Quod
2373 4066 2474 4105 nos
2504 4064 2720 4105 rursum
2766 4048 2948 4102 verbis
2995 4062 3025 4101 a
3065 4062 3155 4101 me
3186 4047 3428 4101 recitatis
3459 4047 3556 4100 do-

1954 4156 2062 4201 cet.
2103 4142 2500 4214 Propemodum
2537 4141 2681 4196 cuim
2711 4139 2882 4209 inquit
2915 4158 2928 4194 :
2968 4138 3069 4193 l-Iic
3099 4148 3153 4192 et
3184 4137 3281 4200 ibi,
3322 4148 3376 4192 et
3399 4138 3556 4206 quasi

1955 4237 2312 4294 circumcirca
2363 4213 2665 4289 divinitatis
2709 4232 2929 4287 oculum
2973 4231 3307 4295 immittenti,
3352 4240 3406 4282 et
3434 4231 3555 4282 ’cir-

1956 4328 2308 4395 cumferenti,
2339 4327 2538 4396 ubique
2583 4324 2944 4392 mendacium,
2997 4332 3053 4379 ct
3103 4323 3458 4392 impietatem,
3501 4331 3557 4375 et

1959 4423 2239 4493 prraim,
2277 4430 2333 4476 et
2362 4420 2505 4477 Jnda
2536 4417 2737 4474 intueri
2784 4417 2968 4471 datur.
3007 4414 3343 4470 Mendacium
3382 4414 3555 4468 idolo-

1957 4513 2132 4567 latrize
2159 4512 2332 4575 lusus.
2367 4522 2424 4566 et
2447 4509 2691 4564 inanium
2729 4506 3152 4581 simulacrorum
3181 4504 3555 4559 adoratioucm

1956 4605 2600 4676 appellat.'lutpietatem
2671 4602 2904 4656 fortasse
2969 4599 3226 4667 injttt‘iam
3296 4601 3559 4651 adversus

1960 4699 2148 4754 Deum.
2187 4698 2472 4766 Quomodo
2495 4697 2638 4752 enim
2675 4713 2780 4751 non
2830 4705 2915 4749 est
2971 4693 3167 4759 injuria
3233 4692 3438 4762 gravis,
3505 4701 3560 4744 ct

1958 4793 2154 4847 rationi
2189 4791 2424 4845 maxime
2463 4789 2738 4844 contraria
2763 4829 2778 4853 ,
2813 4786 3075 4856 repellere
3110 4797 3304 4839 natura
3330 4795 3382 4838 et
3415 4785 3558 4838 veri-

233 4877 396 4946 φύσει
429 4895 493 4931 τε
536 4879 634 4933 καὶ
677 4880 896 4952 ἀληθῶς
929 4883 1060 4939 όντα
1101 4885 1255 4950 Θεὸν,
1319 4887 1754 4958 προσκλίνεσθαι
1794 4888 1849 4942 δὲ

1961 4895 2072 4938 tate
2107 4885 2297 4948 Deum,
2349 4891 2402 4936 et
2429 4884 2494 4936 ad
2531 4882 2675 4951 ligna
2713 4890 2766 4934 et
2798 4880 3004 4948 lapides
3045 4893 3104 4933 se
3139 4879 3436 4947 applicare,
3464 4891 3556 4928 seu

232 4971 469 5040 ἀμαθῶς
529 4971 710 5038 ξύλοις
745 4991 804 5027 τε
839 4975 936 5028 κα)⁸
969 4975 1173 5040 λίθοις·
1207 4977 1377 5048 ήγουν
1414 4981 1746 5049 προσκυνεῖν
1782 4980 1850 5050 τῇ

233 5066 436 5129 κτίσει,
464 5065 622 5136 παρᾶ
641 5067 736 5120 τὸν
757 5068 1041 5135 κτίσαντα,
1068 5071 1163 5126 καὶ
1188 5071 1541 5135 Δεσποτικοῖς
1563 5070 1855 5142 ὑψώμασιν

236 5157 541 5228 ἐπιχειρεῖν
575 5159 880 5229 στεφανοῦν
925 5160 995 5215 τὰ
1034 5162 1166 5231 παρ’
1212 5161 1379 5215 αὐτοῦ
1442 5163 1582 5234 πρὸς
1611 5163 1674 5217 τὺ
1717 5163 1858 5218 εἶναι

238 5249 704 5319 παρενηνεγμένα
729 5267 742 5316 ;

310 5315 452 5394 Νῦν-
487 5315 646 5409 ἓγοίιω
690 5342 916 5407 αὐτοὺς
949 5345 982 5398 ὀ
1025 5341 1192 5409 Θεὸς,
1227 5344 1327 5398 καὶ
1358 5315 1508 5411 νίίὸς
1540 5343 1709 5416 ἅγιος
1760 5363 1856 5401 xs-

241 5433 541 5499 ποιήσεται
583 5433 757 5489 Θεοῦ.

315 5525 480 5578 PAA'.
536 5524 852 5578 Ἐκύκλωσε
891 5527 990 5598 μὲν
1035 5527 1094 5581 ἐν
1134 5525 1318 5596 ψεύδει
1357 5545 1424 5598 με
1469 5526 1564 5580 καὶ
1598 5525 1855 5598 ἀσεϐείᾳ,

242 5619 432 5686 φησιν,
481 5614 632 5683 οἶκος
666 5619 910 5690 Ἐφραῒμ
966 5621 1061 5674 καὶ
1127 5621 1315 5676 Ἰούδα.
1363 5621 1512 5691 Πλὴν
1550 5620 1644 5673 καὶ
1683 5619 1857 5683 οῦτως

243 5709 439 5781 ἔσομαι
468 5711 728 5783 χρηστὸς,
757 5712 1076 5787 σύμμετρον
1109 5715 1295 5779 αὐτοῖς
1326 5715 1550 5783 ἐπάγων
1573 5713 1671 5784 τὴν
1700 5713 1854 5783 κίνη-

246 5818 354 5858 σιν,
389 5803 577 5873 Ἔγνω
607 5805 718 5876 γὰρ
763 5805 984 5872 αὐτοὺς,
1014 5805 1090 5872 ὡς
1124 5807 1224 5861 οὐκ
1268 5806 1334 5861 ἂν
1370 5805 1858 5878 ἑτέρως’δύναιντο

249 5895 322 5948 τὰ
362 5896 572 5968 ἀμείνω
609 5898 971 5970 μεταμαθεῖν,
1020 5899 1066 5952 εί
1112 5899 1186 5971 μή
1228 5916 1276 5952 τι
1323 5899 1414 5954 καί
1463 5897 1686 5954 πάθοιεν
1727 5897 1853 5965 τῶν,

1957 4978 2188 5031 adorare
2216 4985 2527 5029 creaturam
2591 4973 2780 5028 relicto
2806 4971 3097 5034 Creatore,
3135 4980 3330 5038 etqure
3352 4969 3421 5023 ab
3445 4968 3561 5035 ipso

1961 5078 2018 5123 ut
2046 5076 2232 5122 essent
2265 5066 2526 5136 producta
2554 5074 2700 5132 sunt,
2735 5062 2824 5118 illa
2876 5062 2945 5117 ad
2996 5061 3275 5133 fastigium
3333 5058 3560 5113 υοιιιίηυ

1962 5160 2244 5232 proprium
2269 5159 2565 5215 extollere?

2041 5341 2196 5396 Nunc
2229 5341 2465 5413 cognovit
2505 5355 2592 5394 eos
2639 5337 2807 5404 Deus,
2839 5345 2888 5390 et
2919 5333 3169 5404 templum
3199 5338 3439 5386 sanciunt
3471 5345 3558 5384 ro—

1963 5436 2171 5490 cabitur
2196 5433 2314 5489 Dei.

2034 5525 2322 5583 CXXXIV.
2359 5523 2731 5582 Circumtledit
2761 5534 2844 5575 me
2891 5518 3114 5588 quidem
3163 5516 3217 5572 in
3275 5516 3562 5572 mendacio

1963 5631 2016 5676 et
2052 5621 2332 5689 impietate
2361 5619 2553 5672 domus
2596 5616 2850 5683 prraint
2887 5623 2939 5667 et
2983 5609 3144 5678 Jntla,
3198 5610 3394 5680 inquit.
3453 5608 3558 5664 Ve—

1966 5721 2271 5766 rumtamen
2304 5710 2467 5764 etiam
2505 5709 2584 5762 sic
2614 5707 2858 5762 clemens
2887 5720 3003 5770 ero,
3053 5705 3121 5772 si,
3159 5715 3218 5758 ut
3255 5713 3559 5767 merentur,

1970 5806 2072 5860 illis
2139 5805 2366 5859 irascar.
2417 5801 2634 5856 Sciebat
2687 5800 2832 5855 Cllllll
2885 5815 2980 5855 eos
3026 5817 3130 5854 non
3180 5799 3338 5853 aliter
3382 5799 3563 5851 denuo

1972 5912 2128 5968 posse
2164 5895 2388 5953 meliora
2422 5895 2654 5960 discere,
2691 5894 2798 5948 nisi
2831 5892 3074 5962 quaalam
3105 5892 3278 5948 tristia
3311 5898 3565 5960 pateren—
