3982 6454
216 389 307 447 281

1140 390 1705 462 COMMENTARIUS
1743 398 1814 461 IN
1854 403 2087 464 OSEAM
2130 404 2581 468 PROI’IIETAM.

3404 414 3516 479 282

277 508 386 564 Kal
434 508 642 578 κρίσις
690 507 773 576 τῷ
805 512 1001 583 Κυρίῳ
1033 515 1184 584 πρὸς
1222 517 1468 587 Ἰούδαν,
1511 522 1617 576 τοῦ
1657 521 1816 577 ἐκδι-

1993 522 2157 579 Vuus.
2183 526 2237 581 2.
2278 526 2342 579 Ει
2374 527 2640 596 judicium
2678 525 2901 581 Domino
2952 537 3136 584 contra
3187 528 3409 600 ludam,
3458 545 3513 589 ut

211 600 390 669 κῆσαι
442 601 556 655 τὸν
594 602 815 658 Ἰακώϐ.
866 605 1029 659 Κατὰ
1072 608 1180 674 τὰς
1229 610 1410 677 ὀδοὺς
1452 613 1665 678 αὐτοῦ,
1712 613 1810 667 καὶ

208 690 353 745 κατὰ
380 690 454 743 τὰ
488 691 935 763 ἐπιτηδεύματα
966 697 1155 753 αὐτοῦ
1183 700 1601 757 ἀνταποδώσω
1628 704 1812 772 αὐτῷ.

272 786 463 852 FACT.
503 784 719 858 Ὠσπερ
758 788 1000 859 Ἐφραῒμ
1028 791 1324 863 ὀνομάσας,
1357 797 1643 868 παρέδειξε
1672 802 1813 853 νοεῖν

204 877 326 939 τοὺς
354 878 423 930 ἐκ
452 877 633 949 φυλῆς
667 877 911 951 Ἐφραῖμ
948 881 1437 953 βεϐασιλευκότας,
1485 887 1630 943 οὕτω
1677 892 1811 945 κάν-

204 969 325 1024 θὰδε
358 971 493 1033 τοὺς
531 973 597 1025 ἐκ
639 972 812 1045 φυλῆς
848 975 1018 1030 ’ἰούδα
1058 978 1202 1033 κατὰ
1231 983 1460 1052 καιροὺς
1495 979 1813 1053 βασιλεύον-

201 1078 317 1125 τας,
345 1062 425 1126 ὡς
459 1063 525 1128 ἐξ
557 1064 824 1136 ὀνόματος
847 1067 950 1138 τῆς
979 1067 1376 1143 βασιλευούσης
1406 1078 1815 1148 κατασημαίνει

202 1153 404 1223 φυλῆς·
437 1156 783 1229 ἐπιτιμήσας
814 1156 877 1229 δὴ
910 1156 1005 1214 οῦν
1033 1161 1113 1233 τῷ
1150 1163 1413 1237 Ἐφραῖμ,
1454 1166 1572 1238 ἦτοι
1605 1172 1719 1233 τοῖς
1755 1170 1816 1237 ἐξ

212 1246 459 1319 Ἐφραῖμ
511 1249 779 1320 κρατοῦσι
811 1252 903 1306 τοῦ
939 1254 1186 1327 Ἰσραὴλ,
1239 1257 1461 1328 πνεῦμά
1501 1276 1558 1313 τε
1614 1261 1815 1327 αὐτοὺς

198 1340 478 1409 ὀνομάσας
513 1342 773 1414 πονηρὸν,
818 1347 913 1399 καὶ
967 1347 1100 1400 κενὰ,
1151 1349 1247 1403 καὶ
1279 1351 1485 1420 μάταια
1520 1352 1816 1425 πληθύνειν

202 1431 393 1501 εἰπὼν,
424 1432 519 1487 διά
554 1450 621 1502 γε
647 1435 746 1489 τοῦ
791 1435 1056 1509 διαθήκας
1091 1439 1192 1511 μὲν
1230 1441 1480 1497 τίθεσθαι
1520 1446 1659 1517 πρὸς
1691 1447 1816 1501 Ἀσ-

205 1525 457 1598 συρίους,
498 1529 911 1600 ἐμπορεύεσθαι
955 1531 1012 1585 δέ
1054 1533 1148 1587 καὶ
1186 1531 1367 1589 ἔλαιον
1400 1537 1481 1601 είς
1513 1538 1813 1606 Αἴγυπτον,

203 1621 558 1674 καταιτιᾶται
583 1620 772 1675 λοιπὸν
795 1623 923 1688 τοὺς
944 1624 1005 1690 ἐξ
1036 1622 1209 1680 Ἰούδα
1235 1628 1421 1694 πάλιν,
1452 1629 1815 1702 κριθήσεσθαί

202 1728 257 1765 τε
291 1712 439 1783 πρὸς
492 1714 695 1778 αὐτοὺς
723 1714 816 1769 τὸν
845 1716 956 1772 τῶν
999 1718 1136 1774 ὅλων
1166 1721 1300 1776 Θεὸν
1350 1717 1409 1777 εὖ
1447 1724 1592 1795 μάλα
1625 1728 1812 1799 φησιν,

202 1806 360 1859 οἱονεί
393 1823 519 1869 πως
552 1807 877 1863 ἐκδικοῦντα
915 1811 1007 1865 τὸν
1046 1811 1265 1881 Ἰακὼϐ,
1299 1816 1443 1887 φημὶ
1483 1817 1547 1889 δὴ
1586 1817 1676 1871 τὸν
1711 1834 1817 1873 πα-

201 1898 495 1971 τριάρχην,
535 1900 613 1965 ὡς
642 1901 705 1955 οὐ
745 1904 984 1975 μετρίως
1026 1903 1380 1977 ἠδικημένον,
1410 1909 1582 1963 διὰτοι
1626 1910 1688 1964 τὸ
1719 1905 1816 1966 ἴσα

206 1992 275 2063 μὴ
314 1993 546 2046 ἑλέσθαι
591 1998 816 2065 φρονεῖν
843 1998 971 2061 τοὺς
1019 1998 1079 2063 ἐξ
1109 1999 1275 2052 αὐτοῦ
1318 2003 1633 2071 γεγονότας,
1679 2006 1818 2076 μήτε

168 2118 175 2127 -
207 2085 306 2156 μὴν
334 2085 444 2156 τῆς
473 2087 743 2159 πατρῴας
769 2090 1002 2145 κατόπιν
1032 2092 1167 2146 ίέναι
1191 2092 1441 2166 γνώμης,
1466 2097 1819 2152 ἀποσείεσθαι

203 2174 257 2227 δὲ
286 2174 489 2245 ὥσπερ
523 2195 579 2231 τι
608 2176 719 2231 τῶν
750 2180 894 2246 ἀγαν
936 2180 1185 2238 ἐκτόπων
1214 2184 1274 2238 τδ
1302 2186 1704 2257 ἀπομιμεῖσθαι
1738 2187 1821 2242 θέ-

204 2267 311 2321 λειν
342 2268 539 2325 αὐτόν.
568 2270 780 2324 Οὐκοῦν
808 2272 887 2336 ὡς
911 2273 1243 2347 ἠδικημένον
1273 2278 1353 2341 είς
1384 2278 1544 2344 δόξαν
1581 2278 1669 2333 διὰ
1721 2280 1837 2351 τῆς¹

203 2358 309 2411 τῶν
336 2361 555 2415 τέκνων
595 2363 933 2447 φαυλότητος
962 2366 1055 2420 τὸν
1092 2366 1288 2422 Ἰακὼϐ
1315 2370 1628 2442 ἐκδικήσειν
1655 2373 1825 2441 ἐπαγ-

204 2451 460 2520 γέλλεται
481 2494 497 2518 ,
537 2458 652 2519 τοῖς
676 2448 1004 2527 ἠδικηκόσιν
1048 2459 1333 2524 ἀποδιδοὺς
1362 2462 1506 2515 κατὰ
1533 2462 1633 2525 τὰς
1668 2463 1822 2526 ὁδοὺς

206 2546 407 2613 αὐτῶν,
443 2549 543 2602 καὶ
574 2551 716 2603 κατὰ
744 2551 814 2603 rit
842 2552 1255 2625 ἐπιτηδεύματα
1281 2556 1483 2610 αὐτῶν.

284 2642 385 2694 ’Er
433 2639 512 2709 τῇ
554 2643 759 2709 κοιλίᾳ
802 2644 1123 2713 ἐπτέρνισε
1160 2646 1269 2701 τόν
1307 2646 1581 2717 ἀδελφόν
1610 2649 1818 2715 αὐτοῦ,

205 2732 301 2787 καὶ
338 2735 415 2787 ἐν
454 2735 671 2802 κόποις
707 2736 897 2791 αὑτοῦ
943 2737 1244 2807 ἐνίσχυσε
1293 2739 1446 2807 πρὸς
1492 2741 1662 2795 Θεόν.
1712 2741 1824 2797 Καὶ

205 2825 507 2894 ἐνίσχυσε
534 2828 689 2895 μετά
718 2826 1005 2896 ἀγγέλου,
1042 2828 1144 2883 καὶ
1180 2828 1521 2898 ἠδυνάσθη.

272 2920 450 2973 ΡΛΖ’.
502 2920 932 2991 Ἀπαριθμεῖται
981 2922 1272 2993 χρησίμως
1303 2922 1403 2986 τὰς
1444 2922 1845 2995 εὐδοκιμήσεις

205 3010 297 3064 τοῦ
336 3011 577 3083 Ἰακὼϐ,
625 3014 707 3077 είς
749 3013 975 3084 ἐλέγχου
1019 3013 1250 3085 δύναμιν
1290 3014 1615 3087 παρατιθεὶς
1654 3015 1825 3078 αὑτὰς

205 3104 312 3157 τῶν
347 3105 522 3175 ἕτερα
577 3105 717 3159 ἄττα
775 3107 992 3176 φρονεῖν
1035 3122 1096 3158 τε
1166 3106 1263 3159 καὶ
1310 3105 1444 3177 δρᾷν
1490 3104 1817 3177 ᾑρημένων·

1916 614 2207 670 ulciscatur
2224 616 2415 673 Jacob.
2450 618 2622 674 Juxta
2646 619 2753 673 uias
2774 621 2910 688 ejus,
2944 629 2993 676 et
3008 622 3169 692 juxta
3198 625 3378 679 studia
3401 625 3515 695 ejus

1917 709 2171 764 retribuet
2198 710 2271 765 ci.

1987 798 2276 855 CXXXVI.
2355 799 2828 869 Quemadmodum
2900 804 3181 861 nominato
3252 807 3511 875 Ephraim

1915 893 2157 948 ostendit
2185 893 2563 964 intelligendos
2592 910 2746 965 reges
2796 897 2864 953 de
2902 899 3044 953 tribu
3091 900 3378 969 Ephraim,
3438 905 3513 960 ita

1914 991 1969 1035 et
1992 982 2081 1037 hic
2114 984 2206 1052 qui
2238 983 2529 1053 aliquando
2562 1000 2628 1040 ex
2665 986 2809 1042 tribu
2841 986 2978 1043 .luda
3010 999 3285 1059 sceptrum
3324 1000 3513 1048 tenne¢

1917 1084 2066 1140 runt,
2105 1086 2252 1131 utex
2284 1076 2425 1132 tribu
2460 1087 2744 1147 regnante,
2792 1081 3018 1139 indicat.
3069 1082 3366 1155 OIljlll'g‘JtO
3414 1086 3515 1156 igi-

1918 1176 2006 1223 tur
2036 1168 2317 1239 Ephraim,
2341 1170 2459 1225 sive
2477 1169 2833 1240 Ephraimitis
2860 1172 3047 1229 lsraeli
3094 1175 3511 1246 imperantibus,

1917 1270 1966 1317 ct
2007 1261 2295 1331 appellatis
2322 1263 2514 1331 spiritu
2548 1263 2713 1329 malo,
2751 1264 3027 1336 dictoque,
3062 1267 3183 1323 illos
3236 1269 3415 1323 inania
3460 1278 3516 1323 et

1916 1371 2054 1411 vana
2091 1356 2471 1427 multiplicare,
2506 1358 2647 1426 quod
2677 1366 3063 1414 testamentum
3115 1374 3236 1416 cum
3271 1361 3515 1431 Assyriis

1919 1448 2183 1517 facerent,
2211 1458 2265 1503 et
2292 1449 2469 1505 oleum
2503 1450 2849 1507 vendendum
2880 1451 2933 1506 in
2963 1450 3260 1522 Egyptqu
3307 1453 3515 1522 impor-

1920 1549 2119 1607 tarent,
2151 1542 2406 1611 deinceps
2433 1541 2602 1596 etiam
2640 1540 2792 1597 Iudae
2818 1557 2977 1613 reges
3008 1543 3308 1611 insimulat,
3345 1553 3401 1598 et
3425 1544 3513 1614 ju'o

1919 1633 2059 1688 dicio
2090 1649 2212 1687 cum
2244 1633 2351 1689 illis
2396 1633 2775 1687 universorum
2829 1632 3001 1689 Deum
3048 1643 3384 1689 certaturum
3430 1649 3517 1689 re-

1919 1726 2160 1782 Clissime
2213 1724 2410 1794 inquit,
2444 1726 2595 1794 quasi
2640 1722 2808 1779 Iacob
2854 1722 3234 1791 ulciscentem,
3278 1726 3514 1795 patriar-

1920 1821 2100 1884 cham,
2135 1821 2379 1890 inquam,
2414 1829 2472 1877 ut
2508 1822 2853 1892 iniquissime
2880 1821 3092 1885 laesum,
3122 1823 3413 1891 quodcum
3445 1835 3515 1877 ex

1922 1929 1987 1968 eo
2018 1914 2372 1982 prodiissent,
2402 1914 2541 1969 idem
2572 1915 2638 1969 de
2667 1914 2926 1984 religione
2957 1914 3165 1967 sentire
3213 1913 3516 1967 detrectas~

1923 2015 2073 2070 sent,
2104 2021 2281 2074 neque
2308 2016 2522 2076 patrum
2565 2006 2812 2076 vestigiis
2848 2004 3198 2071 institissent,
3241 2011 3296 2069 et
3324 2002 3520 2058 volun-

1926 2106 2092 2152 tatem
2123 2097 2266 2155 illius
2299 2097 2544 2153 imitandi
2583 2112 2683 2153 ceu
2719 2096 2978 2168 quiddam
3020 2096 3369 2149 vehementer
3418 2096 3519 2149 ab-

1922 2191 2144 2245 surdum
2181 2189 2577 2256 repudiassent.
2610 2187 2813 2256 Quare,
2845 2196 2904 2241 ut
2924 2187 3041 2255 ejus
3061 2186 3231 2256 gloria
3266 2202 3361 2256 per
3383 2185 3521 2241 liliov

1924 2297 2045 2337 rum
2078 2280 2477 2351 improbitatem
2517 2281 2836 2344 obscurata,
2888 2277 3058 2333 Iacob
3104 2292 3166 2333 se
3214 2276 3521 2332 vindicatu—

1922 2391 2044 2431 rum
2072 2374 2379 2445 pollicetur,
2416 2373 2693 2429 reddendo
2740 2371 3019 2444 iniuriosis
3070 2370 3371 2425 secundum
3401 2367 3521 2423 vias

1923 2480 1977 2525 et
2006 2469 2181 2525 studia
2208 2469 2470 2539 ipsorum.

1997 2649 2164 2705 Vsus.
2192 2649 2247 2705 5.
2276 2647 2345 2703 In
2371 2658 2519 2701 utero
2535 2644 2896 2714 supplantavit
2928 2643 3151 2712 fratrem
3183 2657 3361 2703 suum,
3392 2646 3442 2694 et
3465 2641 3521 2694 in

1927 2742 2196 2798 laboribus
2236 2742 2345 2796 suis
2376 2738 2653 2807 prwualuit
2681 2737 2738 2791 in
2764 2736 2955 2794 Deum.
2986 2736 3051 2790 Et
3086 2733 3366 2804 praevaluit
3394 2738 3522 2788 ‘cum

1926 2835 2132 2905 angelo,
2158 2844 2205 2889 et
2237 2835 2432 2902 potuit.

1998 2922 2310 2980 CXXXVII.
2347 2922 2566 2979 Utiliter
2595 2920 2786 2976 laudes
2818 2917 2988 2974 Jacob
3010 2924 3316 2983 enumerat,
3350 2923 3411 2979 ut
3456 2914 3523 2970 iis

1927 3016 2086 3073 aliter
2114 3027 2167 3072 et
2196 3014 2500 3086 cogitantes
2549 3022 2605 3069 et
2641 3012 2905 3068 facientes
2938 3012 3261 3081 redarguat;
3311 3022 3527 3078 semper

1928 3108 2073 3163 enim
2099 3107 2228 3162 boni
2260 3105 2603 3177 appositione
2628 3102 2827 3157 malum
2863 3114 2957 3155 seu
2998 3099 3255 3156 vitiosum
3278 3096 3527 3167 coargui-

206 3196 291 3249 ὰεὶ
328 3196 446 3268 γάρ
486 3213 607 3259 πως
650 3197 1083 3269 ἀντιπαραθέσει
1121 3196 1217 3251 τοῦ
1265 3196 1475 3268 ἀγαθοῦ
1529 3197 1590 3251 τὸ
1621 3196 1822 3273 φαῦλον

1934 3211 2036 3266 tur,
2070 3209 2127 3257 et
2174 3215 2242 3255 ex
2291 3198 2584 3255 collatione
2634 3194 3009 3259 laudabilium,
3058 3191 3202 3261 quod
3254 3188 3524 3259 ejusmodi

206 3287 519 3359 ἐλέγχεται,
554 3288 650 3342 καὶ
683 3292 749 3361 τῇ
794 3289 1112 3359 παραδείξει
1156 3290 1268 3345 τῶν
1310 3291 1720 3363 ἐπαινουμένων
1762 3291 1823 3345 τὺ

210 3381 282 3451 μὴ
311 3379 501 3444 οὕτως
547 3380 672 3450 ἔχον
714 3382 1142 3452 κατηγορεῖσθαι
1176 3383 1342 3452 φιλεῖ.
1373 3384 1494 3438 Ὀτι
1524 3382 1701 3436 τοίνυν
1728 3382 1825 3435 καὶ

204 3470 262 3537 ἐξ
288 3471 480 3523 αὐτῶν
508 3470 844 3540 σπαργάνων
874 3471 1078 3543 εὐφυὴς
1108 3472 1333 3541 γέγονεν
1368 3471 1585 3539 Ἰακὼϐ,
1624 3472 1824 3543 μᾶλλον

208 3562 260 3614 δὲ
286 3562 387 3615 καὶ
422 3562 536 3631 πρὸ
559 3560 772 3625 ὠδῖνος,
811 3565 1068 3633 πειρᾶται
1096 3562 1364 3617 δεικνύειν
1402 3564 1491 3617 διὰ
1515 3564 1611 3617 τοῦ
1657 3581 1822 3636 πτιερ⁴

209 3652 351 3706 νίσαι
385 3652 484 3706 τὸν
507 3652 740 3720 ἀδελφὸν
770 3653 828 3705 ὲν
862 3656 929 3725 τῇ
957 3654 1154 3725 κοιλίᾳ.
1182 3655 1246 3707 El
1288 3655 1393 3725 γὰρ
1427 3655 1523 3709 καὶ
1558 3655 1711 3718 θείας
1737 3655 1828 3709 δυ-

209 3745 434 3817 νάμεως
480 3744 769 3814 ἐνέργημα
808 3744 870 3797 τὸ
910 3745 1189 3817 δρώμενον
1221 3742 1293 3818 ἦν
1340 3747 1422 3814 (οῦ
1468 3746 1579 3817 γάρ
1623 3765 1729 3801 που
1765 3746 1828 3801 τὸ

212 3836 417 3908 βρέφος
451 3835 515 3888 τὸ
539 3836 598 3888 ἐν
628 3835 856 3907 ὲμὸρύῳ
910 3838 1006 3891 καὶ
1042 3841 1223 3911 μήτρᾳ
1250 3841 1535 3910 πτερνίσαι
1564 3841 1744 3913 φαμὲν
1768 3842 1831 3907 ἐξ

212 3926 413 3981 ἑαυτοῦ
440 3927 536 3979 τὸν
575 3926 795 3998 Ἡσαῦ),
821 3928 937 3982 ἀλλ’
963 3924 1056 3983 οῦν
1095 3931 1239 3985 κατά
1270 3930 1581 4002 πρόγνωσιν
1608 3932 1683 3997 ὠς
1709 3934 1829 3986 ἐσο-

216 4020 365 4091 μένῳ
398 4018 654 4091 χρηστῷ,
689 4018 787 4090 τὴν
818 4019 916 4073 τοῦ
956 4023 1243 4091 γεγονότος
1280 4023 1619 4095 κατόρθωσιν
1654 4023 1830 4078 ἐνετί-

215 4112 295 4166 θει
326 4113 487 4176 Θεός.
521 4111 683 4165 Οὕτω
719 4113 813 4165 καὶ
840 4113 1049 4183 ἔφασκε
1077 4131 1092 4148 ο
1127 4134 1146 4167 ι
1178 4116 1283 4169 Τὸν
1324 4115 1519 4170 Ἰακὼϐ
1543 4106 1829 4189 ἠγάπησα,

213 4205 305 4258 τὸν
346 4205 408 4257 δέ
456 4203 634 4257 Ἡσαῦ
678 4205 941 4275 ἐμίσησα.
967 4225 987 4258 ι
1022 4205 1195 4260 Τοῦτο
1238 4207 1294 4260 δὲ
1328 4203 1395 4279 ἦν
1435 4210 1556 4262 κατ’
1600 4209 1833 4281 ἐκλογὴν

213 4298 463 4370 χάριτος,
500 4298 761 4368 ἑλομένου
800 4297 939 4351 Θεοῦ
971 4299 1065 4352 τὸν
1091 4301 1300 4369 ἀμείνω
1332 4318 1433 4354 που
1468 4301 1687 4365 πάντως
1715 4302 1837 4354 ἐσό-

216 4408 408 4461 μενον,
439 4389 519 4453 ὡς
564 4392 622 4443 ἐν
656 4390 967 4461 προγνώσει
1005 4390 1069 4463 δὴ
1111 4393 1293 4446 πάλιν.
1331 4392 1494 4447 Ἀλλά
1542 4391 1703 4446 ταυτὶ
1736 4393 1835 4465 μὲν

212 4484 273 4537 ἐν
312 4483 529 4553 μήτρᾳ.
570 4483 790 4554 Ἐπειδὴ
816 4484 874 4536 δὲ
916 4483 1187 4555 προῆλθεν
1218 4487 1298 4546 εἰς
1336 4485 1498 4557 ἣὸην,
1534 4485 1738 4556 μᾶλλον
1778 4485 1836 4538 δὲ

1932 3306 2039 3349 non
2069 3301 2174 3357 est,
2210 3291 2533 3362 reprehendi
2566 3304 2630 3345 ac
2661 3288 2906 3343 damnari
2943 3285 3100 3340 solet.
3131 3283 3212 3337 Ab
3242 3282 3375 3352 ipsis
3420 3280 3526 3351 igi—

1932 3398 2020 3445 tur
2050 3384 2390 3443 ineunabulis
2416 3382 2583 3439 Iacob
2618 3381 2787 3436 fuisse
2824 3378 3057 3434 habilem
3100 3392 3164 3432 ae
3218 3377 3527 3436 dexterum,

1933 3483 2043 3538 imo
2072 3489 2361 3550 antequam
2392 3486 2548 3548 partu
2576 3476 2853 3537 ederetur,
2881 3488 2948 3527 ex
2976 3486 3042 3527 eo
3070 3470 3301 3542 probare
3349 3466 3530 3520 studet

1933 3575 2077 3647 quod
2107 3573 2334 3628 fratrem
2381 3570 2434 3625 in
2476 3579 2634 3624 utero
2667 3577 2916 3622 materno
2970 3561 3352 3635 supplantarit.
3413 3557 3528 3613 Etsi

1934 3668 2078 3722 enim
2116 3664 2312 3719 divina:
2341 3662 2560 3718 virtutis
2592 3674 2729 3730 opus
2757 3657 2880 3723 fuit,
2920 3655 3064 3727 quod
3109 3654 3371 3726 agebatur
3399 3650 3529 3721 (non

1934 3757 2079 3812 enim
2111 3756 2377 3810 infantem
2414 3755 2466 3808 in
2501 3750 2804 3807 visceribus
2846 3757 2901 3804 et
2944 3756 3099 3801 utero
3137 3760 3229 3815 per
3278 3757 3337 3798 sc
3390 3741 3529 3795 Esau

1936 3851 2175 3920 plantam
2204 3847 2442 3903 tenuisse
2470 3844 2654 3901 dicere
2682 3840 2988 3907 audemus),
3027 3833 3529 3893 tamensecundum

1938 3938 2360 4011 praescientiam,
2394 3945 2457 3992 ut
2485 3936 2576 4005 qui
2605 3934 2780 3989 bonus
2806 3941 2955 3987 esset
2987 3930 3224 3991 futurus,
3262 3929 3401 3981 Deus
3430 3925 3535 3979 hoc

1938 4033 2139 4088 factum
2161 4029 2439 4100 egregium
2465 4026 2520 4081 in
2547 4042 2612 4082 eo
2636 4023 2926 4091 excitavit;
2958 4022 3051 4092 qui
3069 4022 3233 4077 etiam
3259 4022 3332 4075 ita
3359 4019 3532 4072 dixit:

1945 4145 1964 4180 ι
1997 4123 2167 4180 Jacob
2202 4121 2388 4184 dilexi,
2430 4117 2595 4190 169
2627 4116 2768 4170 Esau
2805 4121 2989 4167 autem
3037 4109 3165 4164 odio
3209 4108 3370 4162 habui
3401 4106 3467 4160 δ’.
3508 4123 3531 4158 ι

1940 4218 2056 4283 Hoc
2093 4227 2255 4285 porro
2285 4219 2404 4267 erat
2441 4207 2738 4265 secundum
2780 4201 3102 4259 electionem
3142 4198 3354 4270 gratiae,
3407 4210 3533 4251 cum

1940 4306 2195 4380 elegisset
2219 4302 2362 4357 Deus
2385 4300 2536 4355 omni
2564 4297 2775 4353 ratione
2799 4293 3079 4348 meliorem
3110 4290 3386 4356 futurum;
3428 4287 3535 4380 sed

1942 4408 2001 4454 ut
2025 4376 2092 4452 ex
2122 4391 2484 4467 praescientia.
2510 4390 2685 4457 Atque
2719 4386 2836 4441 haec
2865 4383 3089 4454 quidem
3128 4381 3182 4436 in
3213 4387 3391 4434 utero.
3428 4376 3533 4433 Ubi

1943 4497 2124 4545 autem
2154 4483 2451 4555 iuvenilem
2483 4489 2698 4536 attatem
2724 4477 2933 4547 attigit,
2963 4475 3075 4529 imo
3099 4472 3283 4528 verius
3318 4470 3371 4525 in
3397 4468 3534 4525 viris

215 4578 314 4630 καὶ
354 4578 415 4629 ἐν
465 4574 700 4646 ἀνδράσι
745 4575 920 4627 ἐτέλει
968 4574 1176 4641 λοιπὸν,
1228 4593 1245 4625 ι
1292 4576 1383 4629 Ἐν
1430 4575 1620 4640 κόποις
1667 4573 1825 4628 αὐτοῦ

1942 4588 2260 4637 numeratus
2293 4586 2396 4642 est,
2439 4593 2459 4626 ‹
2524 4573 2577 4627 in
2631 4569 2911 4625 laboribus
2963 4566 3077 4622 suis
3140 4562 3425 4636 praevaluit
3480 4560 3536 4616 in

214 4669 480 4740 ἐνίσχυσε
510 4667 652 4739 πρὸς
695 4667 894 4723 Θεόν.»
945 4667 1083 4721 Θεοῦ
1131 4668 1240 4739 γὰρ
1272 4667 1589 4738 πέμποντος
1634 4669 1841 4720 οἰκονο-

218 4762 403 4833 μικῶς
430 4763 516 4825 είς
557 4760 790 4833 ἱδρῶτας
821 4762 918 4815 καὶ
955 4762 1173 4827 πόνους,
1201 4761 1302 4814 οὐκ
1332 4760 1621 4831 ἠσθένησε,
1651 4760 1841 4830 φησίν.

216 4854 455 4926 ’ἐι-γὰρ
505 4854 608 4924 οὐχ
662 4853 855 4923 ἱδρὼς,
897 4854 959 4907 τὸ
995 4856 1098 4925 τῆς
1136 4852 1403 4925 πατρῴας
1440 4853 1538 4924 μὲν
1582 4853 1842 4923 ἀπαίρειν

217 4947 431 5013 ἑστίας,
474 4946 826 5015 ἀφικνεῖσθαι
869 4947 925 5001 δέ
963 4930 1101 5019 προς
1130 4946 1336 5011 Λάϐαν,
1378 4946 1473 5001 καὶ
1510 4945 1839 5017 ἀνασχέσθαι

218 5036 452 5107 θητείας
472 5079 486 5103 ,
536 5039 633 5090 καὶ
662 5040 793 5101 τοὺς
823 5039 917 5091 ἐπὶ
960 5039 1021 5091 τὸ
1052 5038 1364 5109 ποιμαίνειν
1400 5037 1699 5109 ἀνατλῆναι
1739 5037 1839 5090 πό-

217 5147 385 5196 νο·.ις;
422 5129 758 5199 Ἀμφίὸολον
782 5130 1002 5194 οὐκοῦν,
1030 5149 1049 5181 ι
1080 5131 1171 5183 Ἐν
1198 5129 1382 5193 πόνοις
1411 5129 1661 5199 ἐνίσχυσε
1697 5127 1837 5199 πρὸς

217 5220 412 5274 Θεόν.»
444 5222 561 5290 Οὐχ
590 5221 667 5284 ὼς
690 5220 811 5291 Θεῷ
842 5221 1172 5293 μαχόμενος,
1202 5220 1495 5274 ὑπακούων
1520 5220 1577 5272 δὲ
1610 5219 1833 5290 μᾶλλον,

219 5314 323 5366 καὶ
356 5314 523 5366 οἱονεὶ
554 5314 1011 5384 περιγιγνόμενος
1049 5312 1138 5367 διὰ
1166 5312 1261 5366 τοῦ
1284 5309 1528 5382 πληροῦν
1561 5310 1630 5365 τὰ
1673 5328 1837 5365 κεκε-

221 5404 525 5473 λευσμένα.
562 5405 716 5469 Ἐξὸν
753 5405 863 5480 γὰρ
906 5406 1164 5477 ἀνιδρωτὶ
1198 5405 1468 5471 πλουτεῖν,
1505 5404 1599 5458 καὶ
1639 5405 1839 5476 εὐημε-

227 5499 351 5566 ρεῖν
378 5497 520 5550 οἶκοι
549 5498 783 5569 μένοντα
807 5500 900 5553 τὸν
929 5498 1148 5566 Ἰακὼὸ,
1173 5499 1273 5552 οὐκ
1306 5498 1656 5569 ἀγύμναστον
1684 5499 1836 5569 ἠφίει

227 5586 389 5651 Θεός.
423 5588 551 5642 Ἐπὶ
577 5590 850 5661 προφάσει
877 5590 937 5643 δὲ
979 5590 1179 5661 μᾶλλον
1217 5590 1327 5643 τῶν
1356 5588 1413 5656 ἐξ
1447 5586 1616 5641 Ἠσαῦ
1646 5588 1835 5659 δειμά-

229 5694 343 5735 των
373 5680 458 5732 ἐπ’
489 5681 797 5754 ἀλλοδαπὴν
830 5683 977 5739 ἰόντα
1018 5681 1203 5754 χώραν
1237 5701 1295 5737 τε
1341 5682 1435 5736 καὶ
1484 5681 1658 5749 πόλιν,
1706 5679 1834 5735 δύσ-

308 5861 357 5893 “
401 5859 625 5916 Malach.
661 5877 700 5928 ι,
734 5862 786 5914 5.

1942 4674 2134 4729 Deum.
2172 4688 2191 4722 ι
2238 4668 2370 4723 Nam
2404 4680 2527 4722 cum
2550 4665 2688 4719 Deus
2708 4660 3055 4734 providenter
3076 4672 3200 4714 eum
3221 4656 3288 4710 ad
3311 4654 3539 4711 sudores

1938 4767 2265 4833 laboresque
2312 4759 2573 4821 misisset,
2625 4740 2733 4819 nou
2789 4751 3009 4817 defecit,
3066 4749 3263 4820 inquit.
3311 4748 3537 4803 Annon

1938 4859 2083 4913 enim
2115 4852 2336 4911 sudoris
2364 4865 2502 4921 opus
2533 4857 2636 4913 est,
2679 4862 2708 4917 a
2750 4853 2974 4917 paterna
3025 4842 3187 4897 domo
3232 4838 3536 4904 discedere,

1939 4950 2005 5004 ad
2041 4947 2223 5003 Laban
2250 4943 2526 5007 devenire,
2549 4940 2621 4996 ibi
2648 4936 3039 4992 mercenariam
3065 4933 3382 4990 servitutem
3413 4946 3537 4986 sus‘

1944 5042 2151 5105 tinere,
2182 5045 2237 5093 et
2264 5034 2579 5107 pastoritios
2620 5031 2839 5087 labores
2875 5026 3157 5098 perferre?
3204 5024 3317 5080 Hoc
3368 5024 3540 5094 igitur

1945 5141 2030 5188 est
2062 5130 2396 5201 ambiguum,
2431 5144 2449 5178 ι
2486 5126 2541 5180 1η
2572 5123 2852 5179 laboribus
2881 5119 3165 5191 praevaluit
3189 5120 3243 5173 in
3278 5118 3442 5172 Deum
3471 5134 3485 5171 :
3513 5135 3532 5166 ι

1945 5237 2052 5278 non
2088 5219 2243 5291 quasi
2269 5233 2392 5275 cum
2426 5216 2535 5271 Deo
2564 5228 2833 5285 pugnans,
2875 5213 2971 5267 sed
3024 5210 3288 5265 obediens
3334 5206 3537 5275 potius,

1946 5324 2001 5371 et
2034 5312 2200 5369 veluti
2236 5309 2486 5381 superior
2521 5321 2585 5362 ac
2617 5306 2814 5371 victor,
2870 5303 3013 5374 quod
3064 5302 3210 5371 justa
3262 5297 3536 5367 impleret.

1945 5404 2081 5460 Nam
2119 5417 2241 5458 cum
2277 5402 2473 5457 liceret
2507 5397 2675 5453 Jacob
2701 5397 2838 5452 citra
2867 5394 3121 5449 sudorem
3164 5390 3454 5453 ditescere,
3482 5395 3540 5443 et

1946 5495 2259 5552 felicitatem
2292 5491 2541 5563 adipisci,
2587 5489 2632 5545 si
2692 5487 2837 5544 domi
2888 5492 3155 5548 maneret,
3215 5480 3360 5535 Deus
3410 5495 3536 5534 eum

1944 5585 2342 5645 exercitatione
2369 5596 2567 5637 vacare
2616 5594 2723 5635 non
2775 5574 3053 5647 permisit;
3112 5573 3210 5629 sed
3249 5572 3541 5628 occasione

1944 5677 2214 5733 minarum
2238 5675 2306 5732 ab
2328 5674 2468 5731 Esau
2487 5672 2891 5734 intcntatarum,
2906 5666 2959 5722 in
2976 5664 3321 5737 peregrinum
3341 5659 3538 5727 solum,
