3982 6480
497 403 605 464 283

1493 395 1550 464 S.
1595 395 1870 463 CvtnLLI
1910 402 2384 460 ALEXANDRINI
2422 403 2744 461 ARCIIIEP.

3641 406 3733 462 9.95

500 508 556 554 ct
587 500 775 568 urbem
807 497 1105 567 profectum
1134 498 1201 565 δ’,
1237 497 1509 568 negotium
1535 498 1921 567 permolestum
1952 512 2076 552 sus-

2191 510 2356 549 ιιστον
2407 496 2730 564 ὑπενεγκεῖν
2773 493 3152 565 παρεσκεύαζε
3199 492 3382 556 πόνον.
3435 493 3519 547 ενα
3560 496 3644 549 καὶ
3685 500 3738 551 ἐν

504 590 678 644 linere
711 587 870 655 fecit,
902 597 964 644 ut
1005 589 1170 644 etiam
1211 590 1264 644 in
1302 590 1438 659 ipsis
1483 589 1698 645 casibus
1749 589 1964 645 sincere
2024 588 2078 643 in

506 682 673 736 Deum
723 680 994 736 charitate
1045 690 1285 746 servata,
1357 680 1479 751 jure
1522 689 1668 735 esset
1713 677 2079 733 admirationi.

506 772 671 843 Igitur
706 790 726 824 ι
761 771 1041 842 praevaluit
1070 771 1125 827 in
1153 771 1427 828 laboribus
1452 773 1566 827 suis
1598 770 1652 825 in
1680 771 1886 837 Deum;
1924 788 1943 822 ι
1984 770 2081 825 sed

510 881 529 914 ι
564 861 855 919 Praevaluit
878 864 1040 921 etiam
1071 878 1196 920 cum
1242 863 1452 933 angelo,
1501 858 1700 932 inquit,
1739 872 1796 918 et
1829 862 2020 933 potuit.
2053 879 2075 914 ι

507 953 769 1011 Luctatus
785 964 870 1010 est
896 955 1038 1010 enim
1068 969 1192 1009 cum
1219 970 1285 1011 eo
1321 956 1544 1025 angelus
1570 963 1629 1009 ut
1663 954 1713 1007 in
1751 952 1921 1007 forma
1962 950 2081 1005 Dei.

509 1045 645 1100 Tum
674 1046 841 1111 etiam
875 1047 1138 1102 emarcuit
1170 1046 1346 1102 femur
1388 1046 1527 1116 eius.
1572 1044 1952 1100 Verumtamen
2001 1041 2084 1096 di—

506 1134 668 1190 vinus
722 1134 889 1190 Jacob
931 1135 1137 1205 gratias
1198 1135 1324 1191 huic
1379 1135 1538 1190 lucta:
1592 1137 1816 1205 agebat;
1867 1132 2084 1188 dicebat

508 1226 695 1281 enim:
727 1246 746 1280 ι
780 1227 913 1293 Quia
937 1227 1045 1282 vidi
1071 1228 1239 1281 Deum
1277 1225 1417 1281 faeie
1461 1224 1527 1280 ad
1567 1224 1784 1306 faciem,
1826 1232 1884 1280 et
1933 1223 2081 1280 salva

512 1318 651 1373 facta
683 1328 764 1374 est
793 1319 968 1373 anima
994 1334 1113 1374 mea
1145 1319 1211 1372 “.
1250 1336 1271 1371 ι
2016 1321 2023 1331 “

580 1409 891 1480 Mysterium
924 1409 1086 1480 igitur
1112 1409 1164 1464 in
1190 1409 1407 1466 Christo
1441 1422 1537 1479 per
1578 1407 1779 1464 luctam
1822 1421 1945 1462 eum
1985 1423 2087 1463 an-

507 1501 627 1571 gelo
658 1508 1129 1570 pra‘monstratum
1156 1509 1258 1557 est.
1289 1500 1711 1555 Perseveraruut
1732 1500 1875 1554 enim
1903 1508 2086 1571 poste-

513 1590 556 1644 ri
584 1589 751 1645 Jacob
786 1591 1060 1646 adversari
1097 1590 1339 1655 Christo,
1370 1605 1531 1661 quem
1578 1590 1854 1661 prophetae
1901 1590 2085 1660 magni

509 1681 720 1735 consilii
747 1681 1009 1747 Angelum
1041 1690 1237 1736 vocant
1275 1681 1343 1737 ⁸³.
1397 1682 1464 1736 Et
1490 1681 1578 1736 alii
1613 1681 1830 1753 quidem
1876 1697 2087 1737 marco-

511 1783 649 1833 rem,
679 1770 730 1825 id
765 1779 870 1833 est,
915 1770 1340 1839 redemptionem
1386 1771 1504 1839 ejus
1552 1786 1658 1826 non
1710 1771 2080 1835 admittentes;

509 1859 601 1915 alii
630 1862 793 1916 etiam
824 1874 884 1917 se
916 1861 1116 1916 vidisse
1157 1876 1253 1931 per
1286 1863 1483 1930 ipsum,
1506 1874 1560 1919 et
1608 1863 1662 1918 in
1710 1864 1825 1932 ipso
1853 1863 1991 1919 facie
2019 1864 2086 1919 ad
2117 1840 2159 1895 Β

515 1951 708 2007 faciem
739 1967 924 2018 unum,
952 1962 1006 2007 et
1034 1962 1248 2019 natura,
1281 1962 1336 2008 et
1367 1968 1491 2007 vere
1526 1954 1691 2008 Deum
1721 1954 1965 2009 conﬁteri
1992 1970 2088 2008 no-

516 2045 709 2099 lentes.
737 2044 789 2097 In
815 2046 991 2112 seipse
1021 2045 1163 2098 enim
1194 2045 1430 2099 ostendit
1484 2045 1638 2099 nobis
1690 2044 1903 2099 Patrem
1961 2044 2088 2107 Em-

516 2137 749 2200 manuel,
769 2136 956 2191 dicens
990 2149 1006 2189 :
1039 2154 1059 2187 ς
1082 2134 1184 2201 Qui
1207 2135 1333 2189 vidit
1361 2148 1464 2195 me.
1495 2135 1627 2189 vidit
1656 2145 1710 2189 et
1728 2135 1941 2189 Patrem
1966 2135 2032 2190 “.
2062 2154 2082 2187 ι

512 2226 869 2280 Adumhravit
895 2241 1023 2295 ergo
1054 2227 1363 2296 mysterium
1399 2226 1588 2281 modus
1618 2227 1950 2283 certaminis.
1988 2226 2089 2284 Vc-

514 2331 633 2371 rnm
670 2314 811 2371 Deus
838 2316 1034 2370 factum
1070 2315 1213 2372 istud
1266 2313 1432 2371 Jacob
1465 2313 1608 2369 laudi
1639 2313 1879 2385 apponit.

584 2591 747 2647 Vsus.
779 2589 834 2658 4,
862 2589 914 2646 5.
954 2587 1264 2655 Fleverunt;
1289 2600 1338 2645 et
1386 2589 1652 2659 deprecati
1699 2600 1820 2645 sunt
1866 2606 1966 2645 me.
2021 2589 2090 2644 In

513 2685 667 2737 domo
689 2699 802 2736 mea
829 2683 1131 2738 invenerunt
1168 2697 1273 2745 me,
1310 2691 1357 2736 et
1392 2682 1465 2735 ibi
1491 2682 1690 2735 dictum
1730 2692 1804 2736 est
1844 2683 1914 2735 ad
1946 2697 2085 2735 eum.

517 2764 770 2830 Dominus
793 2789 912 2829 vero
931 2774 1072 2828 Deus
1093 2776 1415 2844 omnipotens
1433 2773 1535 2828 erit
1559 2772 1862 2827 memorial:
1881 2772 2014 2842 ejus.

584 2950 914 3008 CXXXVIII.
946 2951 1134 3007 Adhuc
1161 2951 1391 3007 aliarum
1436 2950 1783 3007 historiarum
1822 2950 2085 3014 meminit,

516 3043 777 3114 inclytum
826 3052 883 3100 et
930 3046 1286 3113 undequaqne
1341 3043 1662 3098 laudabilem
1717 3041 1872 3098 nobis
1919 3040 2090 3097 Jacob

2179 587 2372 651 αὑταῖς
2408 587 2531 652 ταῖς
2560 586 2774 657 θλίψεσι
2808 587 2907 658 τῆς
2933 588 3013 651 εἰς
3039 586 3173 639 Θεδν
3197 586 3419 655 ἀγάπης
3443 588 3741 656 τετηρηκὼς

2178 678 2242 732 τὸ
2256 678 2498 747 γνήσιον,
2525 679 2752 741 εἰκότως
2775 676 3128 748 θαυμάζοιτο.
3151 675 3382 739 Οὐκοῦν,
3411 694 3435 727 (η
3452 675 3741 744 Ἐνὶσχυσεν

2180 769 2239 823 ὲν
2268 768 2451 832 πόνοις
2483 768 2648 822 αὑτοῦ
2690 768 2827 840 πρὸς
2866 765 2960 820 τὸν
3014 766 3170 822 Θεόν.
3196 784 3216 818 ι
3260 764 3397 818 ’Δλλ’
3426 783 3451 817 ιε
3483 765 3741 835 Ἐνίσχυσε

2180 859 2276 913 καὶ
2329 860 2445 929 μετ’
2469 858 2726 928 ἀγγέλου,
2757 858 2914 929 φησὶ,
2949 858 3046 912 καὶ
3083 856 3410 926 ἠδυνάσθη.»
3449 856 3743 910 Πεπάλαικε

2180 949 2290 1022 γὰρ
2319 950 2553 1020 ἄγγελος
2585 950 2723 1022 πρὸς
2749 950 2934 1011 αὑτὸν,
2959 950 3037 1013 ὡς
3068 950 3127 1002 ἐν
3153 948 3284 1002 εῖδει
3312 948 3466 1001 Θεοῦ.
3506 948 3635 1001 Τότε
3658 950 3745 1001 καὶ

2182 1039 2487 1108 ὲνάρκησεν
2518 1040 2548 1092 6
2588 1037 2764 1109 μηρὸς
2796 1038 2983 1106 αὑτοῦ.
3020 1036 3168 1106 Πλὴν
3195 1035 3225 1088 6
3254 1035 3536 1098 θεσπέσιος
3570 1035 3752 1089 Ἰακὼϐ

2182 1128 2442 1198 πλείστην
2470 1128 2601 1197 ὃσην
2648 1126 2920 1197 ὡμολόγει
2959 1129 3026 1198 τῇ
3062 1126 3209 1197 πάλῃ
3254 1124 3355 1195 τὴν
3405 1124 3583 1194 χάριν.
3612 1126 3751 1194 Ἔφη

2182 1218 2313 1289 γὰρ,
2346 1237 2365 1269 ι
2385 1218 2507 1272 Ὀτι
2535 1214 2673 1270 εἶδον
2697 1216 2831 1271 Θεὸν
2860 1217 3152 1289 πρόσωπον
3175 1214 3310 1286 πρὸς
3337 1214 3641 1283 πρόσωπον,
3661 1216 3747 1269 καῖ

2183 1309 2362 1379 ἐσώθη
2392 1326 2498 1379 μου
2524 1310 2559 1380 ἡ
2596 1309 2764 1381 ψυχή.
2789 1327 2809 1361 ι

2253 1397 2327 1451 Τὸ
2368 1400 2466 1469 μὲν
2496 1392 2589 1451 οὖν
2631 1397 2723 1450 ἐπὶ
2772 1395 2994 1467 Χριστῷ
3030 1394 3325 1466 μυστήριον
3353 1391 3441 1447 διὰ
3482 1391 3578 1462 τῆς
3623 1390 3750 1461 πρὸς.

2184 1491 2274 1546 τὸν
2308 1491 2538 1562 ἄγγελον
2571 1490 3019 1561 προανεδείκνυτο
3052 1489 3251 1558 πάλης.
3282 1485 3513 1557 Ἐμενον
3562 1485 3667 1556 γὰρ
3700 1485 3745 1537 οἱ

2185 1582 2245 1648 ἐξ
2278 1582 2469 1637 Ἰακὼϐ
2510 1580 2976 1651 ἀνταγωνίζεσθαι
3007 1578 3087 1651 τῷ
3128 1576 3388 1650 Χριστῷ,
3425 1576 3486 1630 ὃν
3524 1575 3749 1646 μεγάλης

2187 1674 2383 1745 βουλῆς
2406 1674 2674 1744 Ἄγγελον
2698 1673 2849 1727 ὁτῶν
2878 1671 3174 1743 προφητῶν
3199 1670 3453 1740 ὠνόμασε
3479 1667 3753 1735 λόγος.1(α);

2184 1770 2233 1822 οἱ
2263 1768 2361 1837 μὲν
2392 1767 2659 1839 νάρκησιν
2702 1766 2804 1837 τὴν
2833 1765 2962 1835 παρ’
3003 1762 3169 1818 αὑτοῦ
3199 1761 3469 1832 λύτρωσιν
3501 1759 3560 1812 οὑ
3599 1775 3748 1829 προσ-

2185 1861 2453 1931 ηκάμενοι
2471 1875 2487 1893 ⁸
2523 1863 2571 1914 οἱ
2601 1860 2660 1914 δὲ
2691 1859 2785 1912 καὶ
2812 1858 3113 1930 ὁμολογεῖν,
3139 1856 3222 1910 δτι
3252 1854 3538 1909 τεθέανται
3567 1851 3630 1904 δι’
3658 1851 3744 1905 ait-

2187 1951 2282 2005 τοῦ
2317 1968 2377 2006 τε
2424 1951 2518 2004 καὶ
2548 1951 2605 2003 ὲν
2634 1947 2785 2019 αὑτῷ
2833 1948 3122 2018 πρόσωπον
3165 1944 3304 2014 πρὸς
3354 1941 3634 2013 πρόσωπον
3666 1939 3753 1992 τὸν

2187 2043 2283 2096 ἕνα
2321 2059 2382 2095 τε
2415 2042 2510 2097 καὶ
2542 2042 2722 2110 φύσει,
2753 2041 2848 2093 καὶ
2881 2038 3095 2109 ἀληθῶς
3121 2036 3278 2089 Θεόν.
3317 2035 3405 2087 Ἑν
3457 2032 3624 2101 ἑαυτῷ
3652 2031 3747 2102 γὰρ
3786 2076 3795 2083 ,

2187 2135 2318 2205 ἡμῖν
2344 2133 2592 2198 ὑπέδειξε
2618 2133 2708 2187 τὸν
2734 2130 2953 2201 Πατέρα
2983 2129 3158 2198 λέγων
3182 2129 3212 2181 6
3251 2123 3596 2197 Ἐμμανουήλ
3616 2139 3628 2151 ⁸
3658 2142 3675 2174 ι
3696 2122 3752 2176 '0

2187 2226 2450 2296 ἑωρακὼς
2491 2226 2613 2295 ἐμὲ,
2649 2221 2863 2294 ἑώρακε
2911 2220 3003 2274 τὸν
3045 2220 3292 2292 Πατέρα.
3321 2239 3341 2270 ι
3380 2214 3603 2278 Οὐκοῦν,
3634 2231 3748 2284 προ-

2185 2312 2457 2373 ανετύπου
2480 2317 2540 2369 τὸ
2566 2316 2863 2387 μυστήριον
2884 2313 2913 2365 6
2937 2313 3038 2381 τῆς
3060 2311 3345 2381 ἀθλήσεως
3381 2310 3593 2381 τρόπος.
3620 2307 3748 2375 Πλὴν

2188 2409 2270 2472 εἰς
2315 2405 2644 2476 κατόρθωμα
2696 2403 2774 2475 τῷ
2811 2401 3007 2457 Ἰακὼϐ
3045 2400 3395 2472 καταγράφει
3420 2398 3547 2463 Θεὸς
3587 2397 3644 2450 τὸ
3667 2411 3748 2463 γε-

2188 2515 2319 2568 γενη
2329 2498 2515 2568 μένον.

2263 2589 2639 2650 Ἔκλαυσαν,
2668 2585 2767 2639 καί
2812 2583 3155 2652 ἐδεήθησάν
3202 2600 3349 2653 μου.
3380 2583 3480 2636 Ἐν
3513 2579 3590 2645 τῷ
3626 2578 3750 2642 οῑκῳ

2185 2697 2306 2750 μου
2333 2677 2599 2747 εὕροσάν
2632 2694 2730 2747 με,
2760 2676 2857 2732 καί
2905 2675 3031 2731 ἐκεῖ
3077 2674 3359 2741 ἐλαλήθη
3391 2672 3537 2741 πρὸς
3566 2672 3748 2725 αὐτόν.

2200 2771 2254 2823 '0
2284 2768 2353 2822 δὲ
2384 2770 2598 2837 Κύριος
2621 2771 2654 2823 ό
2689 2768 2833 2836 Θεὸς
2856 2770 2890 2823 ό
2919 2764 3349 2836 παντοκράτωρ
3368 2765 3533 2819 ἐσται
3552 2760 3752 2832 μνημό-

2184 2876 2384 2915 συνον
2406 2856 2616 2913 αὑτοῦ.

2259 2952 2436 3005 PAH'.
2472 2948 2709 3019 Ἐτέρων
2738 2946 3108 3018 διαμέμνηται
3140 2945 3312 3000 πάλιν
3343 2945 3604 3016 ἱστοριῶν,
3629 2943 3748 3012 λαμ-

2191 3043 2329 3114 πρὸν
2379 3041 2472 3096 καὶ
2503 3041 2791 3111 εὐδόκιμον
2821 3039 3159 3110 πανταχόθεν
3182 3040 3320 3110 ἡμῖν
3346 3037 3647 3106 ἀποφαίνων
3670 3033 3749 3088 τὸν

515 3136 913 3190 demonstrans.
948 3134 1129 3202 Quare
1155 3134 1416 3203 scriptum
1445 3142 1527 3187 est
1570 3133 1624 3187 in
1673 3130 1896 3196 Genesi,
1951 3129 2085 3185 ﬁlios

2203 3135 2419 3192 Ἰακώϐ.
2443 3134 2754 3206 Γέγραπται
2786 3134 2963 3187 τοίνυν
2992 3133 3052 3185 ὲν
3073 3134 3141 3202 τῇ
3170 3131 3416 3198 Γενέσει,
3447 3132 3528 3185 ὅτι
3556 3126 3746 3197 Σικιμί-

512 3226 678 3281 Jacob
712 3226 1041 3294 Simeonem,
1068 3235 1124 3280 et
1164 3223 1294 3281 Levi
1328 3223 1640 3281 Sichimitas
1673 3221 1964 3278 crudeliter
1991 3220 2095 3276 im-

464 3378 469 3383 .
519 3318 857 3386 maniterque
886 3316 1203 3382 trucidasse,
1233 3329 1522 3371 succensos
1554 3312 1715 3384 170
1758 3313 1837 3368 ira
1872 3320 2092 3381 propter

516 3406 707 3460 Dinam
737 3419 1002 3470 sororem,
1028 3405 1116 3460 cui
1156 3404 1520 3475 virginitatem
1570 3405 1793 3456 Emmor
1833 3400 1974 3456 illius
2003 3400 2092 3457 Si-

514 3496 671 3550 chem
697 3495 990 3550 ademerat.
1022 3493 1173 3549 Unde
1221 3493 1274 3548 in
1301 3508 1554 3564 magnum
1587 3492 1850 3566 ‘timorem
1909 3490 2092 3561 conje-

513 3596 635 3642 ctus
668 3586 855 3642 beatus
883 3586 1068 3652 Jacob,
1104 3600 1333 3654 seseque
1360 3584 1631 3653 extemplo
1664 3599 1785 3638 cum
1824 3584 2009 3640 liberis
2037 3593 2092 3639 ct

514 3674 824 3730 dotnesticis
844 3675 1096 3730 omnibus
1137 3673 1479 3729 interfectum
1515 3674 1579 3729 iri
1615 3674 1953 3739 existimans,
1990 3690 2091 3729 au-

473 3827 480 3833 ,
513 3776 693 3821 ctores
725 3767 935 3821 illarum
959 3767 1186 3821 medium
1243 3766 1530 3838 increpuit,
1584 3784 1706 3823 cum
1739 3768 1809 3823 ita
1834 3768 2034 3824 diceret
2070 3783 2087 3822 :

519 3878 539 3911 ι
576 3857 832 3914 Odiosum
866 3875 951 3913 me
976 3858 1202 3925 fecistis,
1235 3860 1309 3915 ita
1344 3869 1401 3916 ut
1434 3859 1606 3916 malus
1636 3875 1735 3931 ego
1762 3861 1864 3916 sim
1909 3858 2091 3915 ontui-

515 3952 616 4005 hus
647 3950 1013 4007 habitantibus
1068 3959 1293 4017 terram,
1338 3962 1394 4007 et
1442 3953 1494 4006 in
1549 3951 1890 4017 Chananaeis,
1934 3961 1990 4006 ct
2035 3951 2089 4005 in

514 4039 840 4095 l‘ltcrezteis.
876 4039 988 4111 Ego
1016 4050 1192 4097 autem
1220 4042 1578 4112 paucissimus
1605 4057 1723 4098 sum
1761 4042 1813 4095 in
1839 4054 2085 4104 numero,

2193 3244 2293 3291 τας
2342 3226 2441 3298 μὲν
2485 3224 2652 3296 ὠμῶς
2678 3241 2739 3277 τε
2768 3224 2862 3278 καὶ
2887 3220 3272 3294 ἀπανθρώπως
3313 3221 3657 3275 ἀπεκτόνασιν
3701 3217 3746 3269 οἱ

2195 3319 2257 3386 ἐξ
2296 3317 2491 3374 Ἰακὼϐ
2542 3318 2675 3372 Δευῖ
2700 3334 2759 3371 τε
2788 3316 2884 3371 καὶ
2916 3313 3164 3386 Συμεὼν,
3210 3314 3592 3385 ἀνακαιόμενοι
3631 3308 3747 3379 πρὸς

2196 3409 2366 3481 ὀργὰς
2395 3407 2487 3461 ἐπὶ
2512 3407 2644 3479 Δίνᾳ
2666 3408 2734 3478 τῇ
2765 3405 2992 3477 ἀδελφῇ,
3023 3405 3090 3475 ἠν
3114 3403 3563 3475 διεπαρθένευσεν
3587 3398 3750 3469 Ἐμὼρ

2195 3502 2224 3555 6
2261 3500 2444 3572 Συχὲμ
2466 3500 2598 3564 υἱός.
2634 3495 2767 3552 Εἶτα
2796 3497 3050 3569 περιδεὴς
3077 3496 3332 3550 ἐντεῦθεν
3360 3498 3388 3549 6
3419 3493 3670 3566 μακάριος
3693 3484 3750 3559 ἦν

2209 3588 2403 3643 Ἰακώϐ
2424 3606 2436 3619 ·
2468 3590 2563 3643 καλ⁸
2592 3589 2792 3643 αὐτίκα
2828 3587 2892 3659 δὴ
2938 3586 3082 3657 μάλα
3123 3585 3513 3641 συνδιολεῖσθαι
3552 3585 3654 3645 τοῖς
3677 3579 3750 3634 τέ-

2197 3699 2346 3746 κνοις
2403 3681 2500 3736 καὶ
2522 3683 2635 3742 τοῖς
2662 3680 2785 3734 κατ’
2811 3675 2958 3733 οἷκον
2991 3678 3166 3733 ἀπασι
3188 3677 3522 3751 προσδοκῶν,
3544 3674 3753 3742 ἐπετίμα

2194 3776 2308 3837 τοῖς
2344 3775 2532 3826 ἐκεῖνα
2556 3770 2893 3843 δεδρακόσιν,
2920 3770 3064 3825 οὑτω
3095 3787 3154 3824 τε
3190 3769 3298 3842 ἔφη
3325 3784 3342 3800 ο
3381 3788 3400 3821 ι
3429 3765 3659 3836 Μισητόν
3695 3777 3753 3832 με

2197 3865 2556 3937 πεποιήκατε,
2583 3864 2725 3918 ὥστε
2757 3864 2992 3936 πονηρόν
3040 3881 3107 3935 με
3147 3861 3290 3919 εἶναι
3335 3864 3447 3926 τοῖς
3472 3856 3756 3914 κατοικοῦσι

2194 3956 2294 4027 τὴν
2320 3956 2442 4027 γῆν,
2473 3953 2531 4007 ἔν
2562 3971 2623 4007 τε
2662 3955 2774 4019 τοϊς
2807 3954 3153 4020 Χαναναίοις,
3182 3955 3281 4008 καλ⁸
3312 3956 3422 4016 τοῖς
3450 3949 3752 4022 Φερεζαίοιςι

2210 4045 2353 4115 Ἐγω
2378 4046 2436 4100 δὲ
2463 4044 2740 4115 όλιγοστός
2776 4045 2894 4115 είμι
2936 4046 2994 4099 ὲν
3042 4046 3285 4117 ἀριθμῷ,
3313 4046 3406 4099 καὶ
3430 4040 3757 4112 συναχθέντες

511 4142 567 4188 ct
586 4133 893 4203 congregati
925 4148 1087 4203 super
1131 4148 1216 4188 me
1249 4135 1551 4202 percutient
1597 4148 1705 4199 me,
1755 4140 1810 4187 et
1864 4130 2085 4186 delebor

2199 4137 2287 4189 ἐπ’
2317 4135 2439 4205 ἐμὲ,
2474 4135 2804 4206 συγκόψουσί
2845 4154 2934 4207 με,
2966 4137 3059 4191 καὶ
3089 4137 3487 4209 ὲκτριϐήσομαι
3525 4132 3645 4202 ἐγὼ,
3676 4126 3755 4182 καὶ

512 4239 630 4291 ego,
661 4235 717 4280 et
748 4226 938 4281 domus
966 4240 1081 4281 mea
1111 4224 1210 4281 ⁸⁸.»
1250 4226 1317 4280 At
1334 4226 1559 4296 juvenes
1605 4224 1670 4278 de
1708 4221 1908 4277 ferocia
1958 4221 2085 4276 nihil

2198 4226 2226 4279 6
2253 4221 2400 4291 οἶκός
2428 4244 2550 4297 μου.
2584 4245 2602 4278 ι
2631 4228 2743 4281 Καὶ
2766 4227 3069 4299 κατέληγον
3099 4228 3198 4300 μὲν
3228 4228 3479 4299 οὐδαμῶς
3514 4224 3603 4278 τοῦ
3641 4220 3755 4292 Optio
3821 4232 3827 4241 ‘

515 4315 860 4371 remittebant
931 4316 1177 4383 omnino,
1239 4324 1703 4384 occurrentesque
1763 4312 2014 4367 dicebant
2073 4324 2085 4363 :

2200 4332 2327 4377 σους
2353 4316 2658 4370 οίονεανίαι.
2690 4317 3098 4387 Προσυπήντων
3129 4316 3240 4389 γὰρ
3265 4317 3543 4386 λέγοντες·
3578 4332 3595 4364 ι
3620 4308 3754 4364 Ἀλλ’

518 4425 536 4458 ι
573 4405 680 4462 Sed
709 4405 851 4465 sicut
878 4418 1061 4464 scorto
1091 4416 1312 4464 utentur
1343 4422 1531 4463 sorore
1559 4413 1744 4459 nostra
1777 4402 1853 4458 "’1
1887 4421 1907 4456 ι
1942 4402 2085 4470 Quo-

2198 4407 2332 4461 ὡσεὶ
2368 4407 2544 4480 πόρνῃ
2580 4408 2876 4479 χρήσονται
2910 4410 2977 4480 τῇ
3019 4408 3223 4481 ἀδελφῇ
3273 4407 3464 4479 ἠμῶν;
3494 4423 3512 4457 ι
3559 4397 3756 4468 Ἐπειδὴ

514 4497 657 4553 niam
688 4511 817 4552 vero
837 4511 1162 4569 magnopere
1190 4496 1482 4580 metuebat,
1528 4494 1671 4550 sicut
1726 4493 1862 4561 dixi,
1912 4493 2085 4563 justus

2197 4499 2277 4565 δὲ.
2307 4500 2381 4565 ὡς
2408 4500 2565 4569 ἔφην,
2595 4501 2853 4573 περιδεὴς
2868 4495 2937 4571 ἦν
2963 4500 3103 4568 ἄγαν
3131 4502 3159 4553 6
3187 4500 3415 4565 δίκαιος,
3439 4494 3752 4585 προσέπιπτε

512 4587 624 4654 ille,
654 4589 832 4644 denuo
861 4590 1089 4645 cadebat
1113 4570 1472 4658 supplex'Deo
1513 4585 1809 4652 Servatori,
1840 4587 1930 4657 qui
1965 4601 2088 4642 eum

437 4735 498 4763 ’,Δ
515 4678 814 4736 terroribus
842 4680 982 4734 haud
1012 4678 1182 4734 multo
1220 4686 1342 4747 post
1392 4677 1742 4733 liberaturum
1773 4679 2087 4751 spopondit,

411 4756 584 4824 "vita
614 4768 840 4839 loquens
880 4784 1068 4824 amans
1102 4767 1367 4836 iustorum
1400 4767 1543 4825 Deus
1592 4785 1605 4823 :
1645 4786 1665 4822 ι
1708 4769 1968 4840 Surgens,
2002 4786 2089 4826 as-

512 4861 686 4917 cende
714 4862 768 4917 in
800 4861 975 4917 locum
1018 4859 1227 4928 Bethcl,
1262 4870 1317 4916 et
1356 4860 1538 4917 habita
1575 4860 1669 4926 ibi,
1696 4872 1753 4916 et
1779 4859 1865 4918 fac
1896 4861 1966 4918 ibi
2003 4861 2087 4917 al-

514 4963 629 5009 tare
652 4955 783 5018 Deo,
815 4954 906 5022 qui
937 4955 1185 5023 apparuit
1219 4953 1336 5023 tibi,
1373 4954 1589 5026 quando
1622 4954 1863 5025 fugiebas
1891 4972 1919 5008 a
1951 4954 2089 5009 facie

515 5044 656 5101 Esau
684 5043 869 5100 fratris
893 5044 970 5100 tui
1002 5044 1071 5098 ⁴⁸.
1112 5063 1132 5098 ι
1186 5045 1379 5102 Postea
1434 5061 1757 5103 ascensurus
1807 5046 1857 5101 in
1898 5045 2090 5101 Bethel

512 5138 703 5193 beatus
733 5135 921 5201 Iacob,
953 5146 1008 5191 ct
1039 5137 1271 5192 divinam
1308 5139 1526 5193 domum
1567 5138 1909 5209 ingressurus
1942 5138 2087 5211 (red-

512 5227 657 5281 ditur
679 5226 826 5282 enim
850 5225 1035 5282 Betltel
1068 5246 1088 5280 ι
1142 5227 1195 5282 in
1242 5228 1459 5285 domum
1506 5228 1628 5298 Dei,
1669 5231 1736 5302 ι)
1792 5230 1862 5284 ita
1919 5240 2084 5286 totant

512 5320 734 5371 domum
763 5330 937 5383 suam,
968 5327 1025 5373 et
1053 5333 1243 5374 omnes
1274 5318 1365 5390 qui
1396 5334 1518 5376 cum
1551 5334 1616 5375 eo
1644 5321 2092 5392 erant,[compel-

512 5408 688 5465 lavit:
725 5428 745 5462 ι
782 5408 976 5468 Tollite
1020 5414 1150 5468 deos
1190 5413 1397 5476 alienos
1445 5415 1512 5470 de
1539 5415 1716 5470 medio
1748 5424 2006 5479 vestrum,
2037 5422 2094 5468 et

513 5501 869 5570 mundamini,
903 5511 959 5564 et
996 5514 1202 5562 mutate
1239 5506 1560 5562 vestimenta
1604 5492 1808 5572 vestra,
1857 5514 1912 5562 ct
1968 5521 2093 5562 sur—

539 5770 628 5825 50.
705 5772 746 5802 ⁸⁷
788 5770 918 5831 Ibid.
948 5770 1034 5831 51.
1112 5779 1159 5810 ⁸⁸
1196 5777 1331 5835 Gen.
1369 5792 1533 5844 xxxv,
1566 5779 1613 5833 I.

584 5698 629 5779 ξ’
666 5700 1003 5779 G.9":-’5~‘_‘V|_'.
1034 5707 1123 5762 4|—
1201 5708 1245 5779 ξ’
1281 5707 1414 5763 Gen.
1448 5722 1623 5771 xxxn.
1650 5708 1739 5765 30.
1817 5710 1861 5742 “
1900 5710 1999 5766 lsa.
2031 5726 2107 5779 Ix,
2138 5707 2192 5777 6,
2221 5709 2439 5766 sccund.
2470 5706 2633 5763 LXX.

2193 4589 2355 4645 πάλιν
2387 4590 2465 4661 τῷ
2477 4588 2795 4654 διασώζοντι
2823 4588 2964 4661 Θεῷ.
3010 4586 3147 4643 Εἶτα
3182 4588 3294 4642 τῶν
3319 4587 3585 4658 δειμάτων
3611 4578 3753 4635 αὐτὸν

2192 4683 2556 4739 ἀπαλλάττειν
2599 4684 2931 4754 ὑπισχνεῖτο,
2961 4698 3056 4736 και
3100 4682 3202 4735 οὑκ
3243 4683 3325 4744 είς
3372 4679 3584 4750 μακρὰν
3626 4671 3754 4726 οὕτω

2192 4776 2369 4845 λέγων
2395 4776 2425 4829 6
2448 4775 2777 4846 φιλοδίκαιος
2800 4775 2953 4839 Θεός·
2986 4793 3006 4827 ι
3034 4774 3301 4837 Ἀναστὰς
3326 4769 3555 4843 ἀνάϐηθι
3580 4769 3655 4830 εἰς
3674 4763 3754 4817 τδν

2191 4869 2355 4925 τόπον
2399 4867 2625 4938 Βαιθὴλ,
2659 4866 2757 4920 καὶ
2788 4866 2928 4922 οίκει
2962 4867 3101 4932 ἐκεῖ,
3129 4867 3225 4922 καὶ
3256 4867 3481 4937 ποίησον
3522 4862 3631 4915 ἐκεῖ
3671 4856 3751 4909 θυ-

2195 4961 2511 5031 σιαστήριον
2540 4958 2617 5029 τῷ
2638 4957 2778 5030 Θεῷ,
2820 4958 2899 5030 τῷ
2940 4958 3160 5029 ὀφθέντι
3189 4975 3273 5012 σοι
3302 4959 3362 5011 ὲν
3399 4955 3476 5026 τῷ
3505 4970 3561 5007 σε
3587 4946 3752 5005 ἀποδι-

2191 5052 2450 5123 δράσκειν
2498 5051 2607 5104 ἀπὸ
2654 5051 2948 5123 προσώπου
2984 5050 3155 5104 Ἥσαῦ
3189 5050 3286 5103 τοῦ
3331 5045 3558 5117 ἀδελφοῦ
3595 5057 3698 5095 σου.
3730 5054 3746 5086 t

2192 5139 2348 5207 Εἶτα,
2385 5141 2593 5213 μέλλων
2635 5140 2946 5196 ἀναϐαίνειν
2990 5142 3073 5203 είς
3097 5138 3303 5210 Βαιθὴλ
3330 5140 3360 5192 6
3390 5136 3645 5207 μακάριος
3662 5129 3750 5180 Ἰασ

2193 5234 2331 5301 κὼϐ,
2363 5233 2458 5289 καὶ¹
2489 5235 2569 5299 είς
2594 5234 2687 5288 τὸν
2714 5232 2855 5288 θεῖον
2886 5228 3036 5287 οἷκον
3069 5231 3242 5286 ἐλθεῖν
3268 5227 3640 5301 (ἑρμηνεύεται
3659 5219 3751 5297 γᾴρ

2191 5329 2225 5398 ἡ
2253 5325 2474 5397 Βαιθὴλ,
2516 5344 2535 5378 ι
2563 5327 2643 5389 εἰς
2668 5320 2815 5379 οἷκον
2848 5322 2983 5377 Θεοῦ
3012 5341 3030 5375 ι
3059 5322 3078 5393 )
3102 5362 3118 5387 ,
3140 5319 3482 5393 προσεφώνει
3515 5311 3662 5369 παντὶ
3685 5306 3751 5375 τῷ

2190 5418 2326 5490 οἴκῳ
2354 5416 2543 5483 αὑτοῦ,
2568 5418 2661 5472 καὶ
2683 5418 2816 5470 πᾶσι
2844 5418 2957 5479 τοῖς
2990 5415 3107 5487 μετ’
3138 5414 3306 5469 αὑτοῦ
3335 5429 3348 5442 ·
3385 5413 3610 5479 (Ἄρατε
3641 5401 3749 5490 τους

2193 5487 2349 5575 θεοὺς
2390 5512 2519 5575 τοὺς
2558 5507 2874 5579 ἀλλοτρίους
2911 5507 2978 5560 ὲκ
3005 5506 3171 5578 μέσου
3212 5503 3389 5574 ὑμῶν,
3424 5500 3516 5555 καὶ
3546 5487 3746 5560 καθαρί-

2741 5708 2785 5740 "
2825 5704 2982 5763 .Ioan.
3013 5722 3123 5771 xw,
3178 5703 3230 5759 9.
3334 5704 3377 5735 "‘
3416 5701 3544 5758 Gen.
3581 5706 3738 5757 tum,
