3982 6462
301 450 406 508 285

1256 453 1635 511 COMMENTA
1648 454 1810 513 RIUS
1828 453 1919 513 .lN
1961 453 2136 511 OSEA
2147 455 2195 510 M
2235 454 2686 511 PROPHETAM.

3496 466 3604 523 286

303 561 489 625 σασθε,
517 561 612 614 καὶ
640 560 907 627 ἀλλάξατε
936 561 1035 627 τὰς
1071 564 1263 629 στολὰς
1295 566 1472 637 ὑμῶν,
1506 567 1601 621 καὶ
1636 566 1892 620 ἀναστάν-

2010 575 2198 636 genles
2233 570 2594 624 ascendamus
2621 569 2673 621 in
2711 567 2917 633 Betltel,
2947 582 3001 625 et
3035 572 3296 627 faciamus
3334 574 3404 628 ibi
3436 576 3607 632 altare

300 671 387 718 τες
427 653 724 726 ἀναδῶμεν
775 657 857 719 είς
909 656 1134 727 Βαιθὴλ,
1175 661 1271 712 καὶ
1306 661 1625 731 ποιήσωμεν
1653 660 1768 712 ἐκεῖ
1818 657 1906 710 θυ-

301 748 619 818 σιαστήριον
654 746 736 819 τῷ
762 748 902 819 Θεῷ,
933 750 1011 819 τῷ
1054 750 1424 804 ὲπακούσαντί
1456 770 1560 823 μου
1608 752 1667 804 ὲν
1718 752 1905 822 ἡμέρᾳ

297 838 553 909 θλίψεως,
580 840 641 903 ὃς
674 835 746 911 ἦν
775 843 895 912 μετ’
921 842 1080 913 ἐμοῦ,
1113 844 1208 897 καὶ
1236 843 1462 898 διέσωσε
1505 862 1570 915 με
1601 845 1658 897 ὲν
1688 847 1753 915 τῇ
1778 843 1902 913 όδῷ,

294 927 325 1005 ᾖ
351 932 687 1003 ἐπορεύθην.
715 934 829 990 Kal.
865 934 1076 989 ἔδωκαν
1110 935 1188 1007 τῷ
1213 937 1409 990 Ἰακὼϐ
1438 938 1563 1000 τοὺς
1592 936 1750 999 θεοὺς
1778 936 1904 999 τοὺς

292 1022 634 1095 ἀλλοτρίους,
662 1025 711 1077 οἳ
762 1020 905 1096 ἦσαν
949 1027 1009 1079 ὲν
1041 1028 1161 1089 ταῖς
1209 1027 1399 1097 χερσὶν
1445 1025 1647 1091 αὑτῶν,
1694 1024 1791 1079 καὶ
1835 1022 1903 1076 τὰ

290 1116 489 1170 ἐνώτια
532 1116 603 1170 τὰ
643 1118 702 1171 ὲν
743 1121 857 1182 τοῖς
884 1119 1018 1172 ὠσὶν
1044 1118 1246 1185 αὐτῶν,
1290 1121 1385 1173 καὶ
1419 1119 1731 1191 κατέκρυψε
1763 1116 1903 1171 αὑτά

302 1208 500 1263 Ἰακὼϐ
554 1210 662 1264 ὑπὸ
709 1211 810 1281 τὴν
857 1210 1172 1282 τερέϐινθον
1216 1210 1315 1281 τὴν
1365 1212 1423 1265 ὲν
1470 1209 1760 1280 Σικίμοις,
1807 1211 1903 1261 καὶ

288 1301 576 1357 ἀπώλεσεν
626 1302 769 1356 αὑτά
827 1302 930 1366 ἕως
978 1303 1080 1373 τῆς
1130 1305 1370 1374 σήμερον
1402 1302 1637 1374 ἡμέρας.
1675 1320 1693 1350 ι
1730 1295 1803 1354 Οἵ)
1837 1300 1899 1371 δὴ

288 1393 613 1462 γεγονότος,
668 1395 727 1446 ὲν
756 1394 911 1465 καλῷ
942 1395 1043 1467 τῆς
1072 1394 1287 1459 ἐλπίδος
1318 1390 1387 1465 ἦν
1416 1396 1445 1448 ὁ
1481 1393 1771 1457 Θεσπέσιος
1800 1394 1903 1445 ἰα-

287 1483 425 1539 κώϐ.
447 1485 855 1555 ’Λπηλλάττετο
880 1488 988 1557 γὰρ
1022 1488 1257 1541 είσάπαν
1296 1487 1397 1556 τῆς
1442 1485 1741 1557 Σικιμιτῶν
1771 1486 1903 1538 ὑπο-

286 1577 439 1647 ψίας,
476 1576 616 1630 Θεοῦ
650 1579 1081 1642 κατευνάζοντος
1115 1579 1222 1650 ἰδίᾳ
1255 1578 1484 1648 δυνάμει
1519 1579 1646 1640 τοὺς
1680 1576 1778 1648 τὴν
1812 1577 1899 1630 ἐπ’

288 1668 437 1738 αὐτῷ
471 1670 659 1740 μάχην
683 1670 1152 1742 ὡδίνοντας.Ἐφη
1178 1670 1289 1741 γὰρ
1316 1670 1377 1724 τὸ
1408 1671 1647 1742 Γράμμα
1669 1669 1730 1723 τὸ
1754 1668 1901 1740 ἱερὸν

288 1761 487 1834 ἑφεξῆς
515 1778 529 1791 ·
570 1782 586 1811 ι
622 1763 734 1816 Kal
760 1763 981 1831 ἐγένετο
1008 1763 1173 1831 φόϐος
1211 1763 1420 1835 Κυρίου
1450 1764 1541 1816 ἐπὶ
1579 1762 1678 1825 τὰς
1717 1761 1901 1824 πόλεις

285 1852 385 1915 τὰς
436 1851 631 1924 κύκλῳ
687 1853 893 1916 αὑτῶν,
934 1853 1029 1908 καὶ
1076 1853 1137 1905 οὑ
1186 1852 1523 1918 κατεδίωξαν
1568 1852 1745 1906 ὀπίσω
1791 1850 1901 1903 τῶν

285 1943 418 1998 υἱῶν
457 1944 703 2015 Ἰσραήλ.
738 1964 755 1994 ι
778 1945 997 2016 Ἐπειδὴ
1030 1945 1089 1999 δὲ
1124 1946 1394 2017 ἐγήγερτο
1422 1945 1809 2014 θυσιαστήριον
1842 1943 1892 1994 ὲν

2001 1941 2192 2009 Iacob,
2223 1953 2277 1998 et
2315 1943 2589 2017 benedixit
2622 1942 2696 2007 ei,
2730 1943 2980 2011 dixitque
3025 1959 3038 1996 :

287 2035 489 2099 Λουζά,
516 2038 546 2090 ὃ
568 2038 686 2091 ἐστι
712 2037 938 2111 Βαιθὴλ,
974 2059 990 2088 ι
1007 2038 1208 2109 Ὠφθη,
1233 2039 1388 2109 φησι,
1414 2038 1547 2101 Θεὸς
1566 2036 1645 2107 τῷ
1666 2034 1888 2103 Ἰακὼϐ,

287 2128 378 2180 καὶ
400 2128 714 2198 ηὑλόγησεν
749 2130 935 2195 αὑτὸν,
978 2131 1074 2185 καλ⁸
1111 2126 1288 2184 εἷπεψ
1342 2128 1487 2197 Ἐγὼ
1521 2130 1550 2181 ό
1584 2129 1719 2192 Θεός
1770 2144 1887 2193 σου,

286 2217 546 2286 αὑξάνου,
584 2222 679 2276 καὶ
709 2222 1013 2293 πληθύνουο
1057 2222 1185 2293 ἔθνη
1252 2222 1347 2276 καὶ⁵
1379 2222 1697 2290 συναγωγαὶ
1722 2220 1893 2275 ἐθνῶν

286 2311 503 2366 ἔσονται
542 2315 609 2368 ἐκ
650 2314 767 2377 σοῦ,
802 2315 896 2368 καὶ
941 2315 1183 2385 βασιλεῖς
1215 2316 1281 2368 ἐκ
1309 2315 1411 2385 τῆς
1444 2314 1646 2383 ὀσφύος
1678 2332 1772 2367 σου
1803 2315 1893 2381 ἐξ-

284 2397 630 2469 ελεύσονται,
674 2403 769 2455 καὶ
816 2403 916 2474 τὴν
964 2402 1094 2470 γῆν,
1147 2403 1215 2474 ἢν
1269 2404 1448 2457 ἔδωκα
1492 2404 1747 2475 ’Λϐραὰμ
1798 2405 1893 2457 καὶ

295 2486 506 2553 Ἰσαὰκ,
550 2490 637 2542 σοὶ
674 2489 888 2545 δέδωκα
942 2492 1146 2562 αὑτήν·
1183 2493 1277 2547 καὶ
1332 2492 1407 2562 τῷ
1458 2493 1737 2564 σπέρματί
1797 2510 1890 2546 σου

287 2578 424 2647 μετά
467 2580 531 2633 σὲ
588 2578 747 2635 δώσω
778 2581 877 2651 τὴν
907 2583 1009 2653 γῆν
1038 2583 1267 2656 ταύτην.
1302 2604 1321 2636 ι
1356 2585 1577 2639 Τούτων
1611 2586 1744 2657 ἡμῖν
1773 2585 1892 2639 δια-

285 2669 564 2741 μέμνηται
598 2672 710 2726 τῶν
744 2673 1000 2745 ἱστοριῶν
1042 2677 1123 2739 εἰς
1173 2676 1234 2729 τὸ
1286 2676 1463 2747 παρὸν
1504 2663 1893 2748 χρησμῴδημα

280 2762 343 2815 τὸ
372 2764 745 2834 προφητικόν.
765 2765 978 2820 Οὐκοῦν
1004 2763 1072 2839 ἦν
1107 2767 1207 2838 μὲν
1229 2769 1294 2820 ὲκ
1321 2769 1534 2839 μήτρας
1562 2768 1893 2840 πτερνιστὴς

292 2854 512 2921 Ἰακὼϐ,
544 2856 706 2926 ὑμεῖς
734 2857 791 2911 δὲ
827 2860 916 2912 ἀεὶ
950 2860 1323 2930 πτερνίζεσθε,
1354 2861 1449 2913 καὶ
1478 2860 1539 2913 ού
1572 2860 1893 2931 πτερνίζετε

282 2947 488 3017 μᾶλλον
523 2948 623 3020 τὴν
649 2950 951 3021 ἁμαρτίαν.
987 2951 1099 3004 Καὶ
1130 2951 1568 3022 φιλοπονώτατος
1608 2953 1709 3024 μὲν
1750 2953 1894 3006 ἐκεῖ·

278 3054 389 3104 νος,
429 3040 527 3092 καὶ
544 3042 603 3094 ἐν
633 3042 823 3114 ἱδρῶσι
856 3044 1167 3113 εὐδόκιμος,
1199 3044 1294 3097 καὶ
1334 3046 1556 3115 γνήσιος
1579 3046 1718 3116 πρὸς
1735 3046 1889 3100 Θεόν⁶

279 3129 442 3200 ὑμεῖς
487 3133 546 3186 δὲ
594 3134 912 3207 τρυφῶντες
968 3139 1092 3200 ταῖς
1129 3138 1515 3204 ἀποστασίαις,
1544 3139 1637 3192 τὸν
1671 3139 1893 3210 ἀπάσης

276 3226 411 3298 ὑμῖν
440 3223 712 3296 εὐθυμίας
746 3227 809 3280 οὑ
852 3228 1194 3299 τετιμήκατε
1238 3230 1496 3301 χορηγόν.
1544 3230 1894 3283 «Ἔκλαυσαν

275 3317 325 3371 ci
360 3316 608 3388 πατέρες
655 3317 832 3388 ὑμῶν,
872 3320 965 3371 καὶ
1018 3318 1321 3390 ἐδεήθησάν
1375 3337 1499 3389 μου,
1534 3337 1552 3371 ι
1604 3318 1792 3389 φησίν.
1830 3316 1895 3371 Εἰ

281 3414 391 3485 γάρ
433 3430 542 3468 που
569 3413 865 3483 γεγόνασιν
898 3414 957 3467 ὲν
992 3414 1257 3483 ὑποψίαις
1284 3415 1380 3469 τοῦ
1417 3415 1612 3470 παθεῖν
1640 3414 1711 3467 τὰ
1745 3415 1898 3486 παρά

277 3510 380 3578 τῆς
429 3523 597 3559 τινων
649 3506 968 3579 ἐπιϐουλῆς,
998 3506 1219 3561 ἔκλαιον
1273 3509 1368 3560 καὶ
1420 3506 1631 3560 ἐδέοντό
1662 3524 1785 3576 μου.
1815 3503 1896 3560 Δι’

276 3597 419 3669 ἐμοῦ
451 3598 567 3671 γὰρ
600 3600 697 3652 καὶ
729 3598 894 3669 μόνου
925 3598 1196 3663 σώζεσθαι
1232 3599 1581 3669 προσεδόκων
1601 3614 1614 3627 ·
1658 3599 1815 3668 ὑμεῖς
1837 3598 1894 3651 δὲ

280 3692 471 3755 πόλεις
518 3690 811 3761 τειχίζετε,
843 3690 1024 3744 οἴεσθέ
1071 3710 1152 3757 τε,
1184 3692 1267 3745 ὃτι
1313 3692 1416 3745 κᾶν
1450 3694 1499 3745 εί
1545 3692 1620 3763 μὴ
1657 3691 1890 3762 θέλοιμι,

280 3784 427 3853 τάχα
469 3798 573 3835 που
616 3780 955 3852 σωθήσεσθε,
990 3782 1086 3834 καὶ
1136 3784 1441 3853 κρατήσετε
1490 3784 1598 3836 τῶν
1628 3784 1894 3852 ἀνθεστη-

278 3871 478 3927 κότων.
514 3872 776 3926 Κάκεῖνοι
832 3868 890 3922 δὲ
951 3889 970 3921 ι
996 3871 1087 3923 Ἐν
1139 3870 1219 3941 τῷ
1264 3872 1401 3942 οἴκῳ
1440 3871 1676 3943 εῦροσάν
1735 3890 1821 3942 με.
1864 3890 1886 3926 ι

293 3965 487 4035 Ἀνέϐη
532 3963 666 4035 γὰρ,
698 3965 775 4028 ὼς
806 3964 965 4036 ἔφην,
996 3966 1053 4017 ὲν
1092 3966 1299 4037 Βαιθὴλ
1330 3969 1358 4020 ὁ
1389 3966 1608 4028 Ἰακὼϐ,
1640 3967 1888 4039 ἐπεφάνη

278 4074 340 4111 τε
386 4056 527 4120 Θεὸς
577 4056 752 4126 αὑτῷ,
782 4058 875 4110 καὶ
925 4060 1042 4110 ἐκεῖ
1076 4058 1313 4129 ἐλαλήθη
1361 4060 1499 4131 πρὸς
1536 4060 1699 4112 αὑτὸν
1727 4061 1759 4131 ή
1789 4061 1890 4129 τῆς

277 4150 537 4219 εὐλογίας
560 4149 878 4218 ὑπόσχεσις,
902 4149 1158 4222 καθάπερ
1179 4149 1464 4221 ἐδείξαμεν
1483 4152 1709 4223 ἀρτίως,
1733 4154 1889 4223 ὑμεῖς

280 4244 338 4298 δὲ
364 4244 533 4299 πάλιν
558 4243 619 4296 οὑ
650 4242 868 4313 ζητεῖτε
894 4242 1029 4297 Θεὸν
1072 4246 1132 4297 ὲν
1172 4243 1251 4314 τῷ
1292 4244 1428 4315 οἴκῳ
1456 4245 1646 4308 αὑτοῦ,
1678 4246 1889 4317 εἰστρέ-

281 4355 404 4408 χετε
433 4337 490 4391 δὲ
522 4336 750 4407 μᾶλλον,
772 4336 865 4389 καὶ
894 4337 1101 4407 σφόδρα
1135 4337 1458 4409 προθύμως,
1485 4340 1542 4392 ἐν
1576 4343 1689 4404 τοῖς
1718 4358 1775 4393 τε
1785 4341 1887 4411 μέ-

281 4445 395 4481 νεσι
436 4426 533 4481 τοῦ
580 4427 749 4490 Βάαλ,
783 4426 880 4490 καὶ
916 4427 1184 4493 ὲξαιτεῖτε
1224 4428 1417 4497 λόγους
1444 4430 1505 4482 ού
1542 4432 1693 4501 παρά
1725 4430 1884 4497 Θεοῦ,

280 4519 415 4574 ἀλλὰ
467 4518 539 4572 τὰ
587 4519 653 4571 ὲκ
698 4517 807 4572 τῶν
853 4517 1131 4587 δαιμόνων
1163 4518 1541 4589 μαντεύματα.
1590 4521 1700 4573 Καὶ
1728 4522 1757 4573 ό
1787 4522 1886 4592 μὲν

2011 658 2146 722 Deo,
2170 660 2260 729 qui
2303 660 2581 714 exaudivit
2610 675 2693 713 nte
2721 661 2773 713 in
2804 660 2890 714 die
2936 662 3325 729 tribulationis,
3359 666 3448 734 qui
3505 667 3605 721 fuit

2009 765 2243 816 meeum,
2277 759 2330 805 et
2358 749 2585 805 salvavit
2636 766 2721 805 me
2775 752 2828 806 in
2884 754 2968 807 via
3021 769 3123 822 qua
3187 757 3477 811 ambulavi.
3542 760 3607 813 Et

2006 843 2269 898 dederunt
2305 842 2474 898 Jacob
2502 844 2632 898 deos
2673 844 2900 912 alienos,
2936 848 3025 915 qui
3050 858 3208 901 erant
3243 851 3294 903 in
3353 852 3605 905 manibus

2006 950 2217 999 eorum,
2243 944 2298 990 et
2323 936 2563 997 inaures,
2593 950 2713 1005 qua:
2758 935 2810 989 in
2850 938 3077 993 auribus
3119 953 3332 1004 eorum,
3377 950 3431 995 et
3476 944 3604 995 abs-

2006 1026 2191 1081 condit
2218 1040 2281 1080 ea
2332 1025 2502 1082 Jacob
2536 1027 2639 1082 sub
2688 1028 2994 1082 terebintho
3052 1045 3174 1099 quae
3204 1040 3289 1085 est
3324 1032 3375 1085 in
3421 1033 3602 1087 Siehi-

2006 1118 2132 1184 mis,
2160 1126 2213 1173 et
2247 1119 2482 1188 perdidit
2514 1135 2576 1173 ea
2614 1135 2785 1189 usque
2810 1120 2861 1174 in
2899 1121 3223 1176 hodiernum
3264 1124 3404 1177 diem
3456 1124 3522 1175 ⁸ο.
3576 1142 3595 1175 ι

2004 1210 2122 1277 Quo
2156 1221 2379 1279 peracto
2410 1211 2547 1267 bona
2581 1227 2677 1281 spe
2706 1212 2950 1266 alebatur
2986 1223 3207 1268 sanctus
3242 1213 3431 1269 Jacob.
3464 1215 3598 1267 Nam

2006 1302 2410 1360 Siehimitarum
2444 1304 2732 1369 formidine
2774 1306 2989 1374 penitus
3035 1306 3436 1368 exsolvcbatur,
3491 1306 3600 1360 Deo

2005 1395 2204 1451 virtute
2238 1410 2332 1449 sua
2372 1394 2567 1449 bellum
2606 1396 2866 1450 adversus
2897 1412 3020 1449 eum
3054 1397 3417 1464 parturientes
3447 1412 3599 1452 com-

2004 1485 2289 1553 primente.
2321 1482 2397 1537 Ita
2430 1486 2572 1537 enim
2610 1485 2662 1537 in
2690 1500 2845 1539 sacra
2879 1484 3160 1553 Scriptura
3208 1486 3463 1555 deinceps
3513 1502 3599 1540 se-

2003 1575 2189 1644 quitur
2221 1592 2234 1629 :
2278 1592 2297 1626 ι
2334 1574 2402 1628 Ει
2429 1573 2605 1629 factus
2630 1585 2713 1629 est
2744 1576 2903 1628 timor
2923 1575 3018 1629 Dei
3044 1591 3208 1644 super
3252 1576 3501 1630 civitates
3542 1576 3596 1629 in

2003 1666 2231 1721 circuitu
2254 1680 2465 1729 eorum,
2495 1676 2547 1719 et
2602 1681 2707 1719 non
2764 1667 3033 1735 persecuti
3098 1678 3225 1721 sunt
3280 1677 3402 1735 post
3458 1668 3598 1721 ﬁlios

2004 1758 2169 1813 Israel
2196 1760 2265 1813 '°.
2306 1777 2324 1810 ι
2354 1757 2648 1828 Postquam
2691 1770 2868 1813 autem
2912 1759 3238 1814 aediﬁcatum
3287 1771 3370 1814 est
3426 1761 3597 1815 altare

2004 1852 2058 1904 itt
2084 1850 2252 1916 Luza,
2285 1866 2403 1919 quze
2433 1858 2516 1905 est
2540 1852 2749 1917 Bethel,
2802 1870 2820 1904 ι
2874 1854 3157 1921 Apparuit,
3199 1853 3394 1920 inquit,
3456 1853 3596 1908 Dens

3087 1942 3199 2009 Ego
3255 1943 3393 1996 Deus
3451 1952 3594 2006 tuus,

1994 2050 2187 2090 cresce
2247 2044 2302 2089 et
2341 2008 2704 2104 tnidtiplieare
2740 2050 2754 2088 :
2784 2046 2971 2104 gentes
3032 2045 3089 2090 et
3148 2035 3596 2105 congregatioues

1995 2128 2235 2198 gentium
2271 2137 2431 2182 erunt
2458 2143 2522 2181 ex
2566 2137 2637 2193 te,
2673 2138 2728 2181 et
2772 2144 2924 2197 reges
2972 2128 3038 2182 de
3080 2128 3263 2182 lumbo
3294 2138 3384 2181 tuo
3434 2144 3593 2198 egre-

1996 2222 2234 2283 dientur,
2264 2231 2317 2274 et
2346 2232 2541 2275 terram
2584 2236 2746 2290 quam
2796 2221 2918 2275 dedi
2979 2220 3255 2274 Abraham
3316 2232 3371 2274 et
3415 2220 3592 2287 Isaae,

1997 2313 2092 2367 tibi
2125 2314 2244 2367 dedi
2272 2329 2417 2375 eam,
2450 2322 2502 2367 et
2540 2313 2733 2368 semini
2781 2323 2871 2365 tuo
2916 2321 3037 2382 post
3090 2323 3141 2367 te
3198 2314 3339 2365 dabo
3390 2320 3591 2365 terram

1997 2405 2135 2460 hanc
2162 2406 2229 2458 ⁵¹.
2267 2424 2285 2458 ι
2325 2404 2528 2459 llarum
2560 2406 2911 2459 historiarum
2962 2420 3059 2458 nos
3088 2394 3506 2458 centmonel‘acit
3538 2403 3591 2456 in

1995 2497 2246 2565 prwsettti
2282 2496 2655 2564 propheticum
2682 2494 2983 2550 oraculum.
3013 2492 3143 2545 Erat
3179 2491 3341 2559 igitur
3364 2507 3428 2545 ex
3470 2499 3589 2544 ute-

1997 2602 2061 2641 ro
2090 2586 2468 2655 supplantator
2496 2584 2681 2644 .lacob,
2712 2600 2808 2639 vos
2852 2593 3035 2638 autem
3083 2598 3298 2651 semper
3335 2581 3593 2651 supplan-

1998 2680 2207 2743 tamini,
2235 2689 2289 2731 et
2316 2695 2420 2733 non
2451 2677 2811 2745 supplantatis
2857 2677 3035 2746 potius
3071 2677 3225 2744 171
3285 2684 3588 2743 peccatum.

1997 2773 2062 2825 Et
2090 2772 2177 2824 ille
2201 2772 2420 2840 quidem
2452 2769 2693 2823 laborum
2724 2778 2845 2823 erat
2874 2767 3391 2835 amantissimustet
3424 2764 3592 2818 sudo-

1996 2863 2146 2917 ribus
2179 2871 2478 2930 spectattts,
2510 2870 2565 2913 et
2593 2859 2839 2913 sincerus
2866 2873 2995 2925 erga
3030 2855 3231 2918 Deum;
3265 2869 3363 2908 vos
3408 2864 3589 2907 autem
3688 2900 3695 2909 .

1998 2953 2395 3009 defectionibus
2430 2950 2699 3015 ludentes,
2745 2949 2922 3002 omnis
2959 2946 3159 3001 laetitiae
3191 2954 3384 2999 vestrae
3432 2942 3592 3011 largi-

2000 3058 2172 3102 torem
2208 3062 2316 3101 non
2347 3045 2680 3100 honorastis.
2717 3060 2735 3093 ι
2778 3041 3071 3096 Fleverunt
3103 3047 3284 3108 patres
3310 3036 3497 3098 vestri,
3538 3043 3593 3090 et

1996 3141 2358 3195 obsecrarunt
2394 3152 2501 3198 me,
2545 3154 2562 3187 ι
2605 3134 2798 3203 inquit.
2830 3132 2965 3187 Nam
3002 3131 3049 3185 si
3074 3131 3290 3199 quando
3325 3142 3420 3197 per
3452 3126 3589 3180 insi-

1999 3235 2120 3289 dias
2144 3231 2420 3303 quidpiam
2453 3230 2521 3282 ab
2560 3228 2681 3281 aliis
2721 3242 2781 3281 se
2836 3238 3094 3295 passuros
3149 3222 3587 3290 StISpicabantur,

2006 3327 2203 3381 ﬂebant
2228 3332 2281 3379 et
2305 3320 2683 3391 supplicabant
2707 3318 2835 3372 mihi
2871 3331 3008 3386 :pcr
3035 3330 3119 3369 me
3158 3314 3303 3368 enim
3355 3319 3590 3365 tantum-

2005 3419 2165 3475 modo
2195 3418 2424 3473 salutem
2464 3413 2881 3482 cxsliectabant;
2918 3420 2972 3463 at
3009 3424 3105 3462 vos
3143 3406 3305 3460 urbes
3347 3417 3592 3457 commu-

2004 3513 2155 3578 nitis,
2191 3510 2505 3581 putatisque
2532 3507 2695 3561 etiam
2720 3503 3038 3557 nolenteme
3066 3499 3293 3554 fortasse
3316 3503 3589 3551 servatum

2005 3605 2093 3667 iri,
2127 3612 2181 3658 et
2208 3604 2272 3655 de
2306 3599 2556 3655 hosﬁbus
2589 3595 2872 3650 victoriam
2916 3591 3205 3646 relaturos.
3266 3589 3327 3641 Et
3364 3586 3437 3639 illi
3476 3602 3497 3635 ι
3537 3585 3591 3637 in

2001 3697 2164 3750 domo
2195 3695 2518 3747 invenerunt
2542 3704 2647 3744 me.
2685 3707 2702 3739 ι
2741 3683 3162 3741 Ascenditenim
3192 3681 3245 3734 in
3280 3678 3461 3735 Bethel
3496 3674 3590 3730 Ja-

2000 3790 2124 3849 cob,
2158 3797 2217 3839 ttt
2255 3785 2393 3847 dixi,
2422 3783 2783 3850 apparuitque
2814 3778 2891 3833 illi
2926 3778 3085 3840 Deus,
3134 3783 3189 3829 et
3229 3775 3299 3827 ibi
3334 3773 3474 3827 dicta
3505 3779 3592 3825 est

1998 3880 2064 3934 ad
2095 3879 2243 3931 illttm
2283 3875 2680 3931 benedictionis
2712 3870 3022 3942 promissio,
3048 3879 3100 3922 ιιι
3135 3867 3294 3937 paulo
3328 3875 3453 3919 ante
3490 3865 3589 3917 do-

1997 3972 2237 4033 coimus;
2277 3978 2331 4021 at
2360 3982 2456 4021 vos
2486 3980 2703 4019 rursum
2739 3981 2844 4017 non
2877 3962 3119 4030 qumritis
3146 3960 3309 4013 Deum
3346 3958 3398 4011 in
3430 3958 3591 4011 domo

1997 4062 2135 4130 ejus,
2168 4060 2260 4115 sed
2288 4059 2341 4113 in
2370 4058 2591 4110 delubra
2623 4055 2746 4108 Baal
2778 4054 2979 4122 potius,
3005 4062 3059 4106 et
3084 4050 3437 4120 cupidissime
3467 4063 3591 4101 cur-

1999 4155 2145 4216 ritis;
2187 4167 2287 4206 nec
2317 4168 2345 4205 a
2372 4150 2480 4204 Deo
2505 4161 2787 4216 responsa,
2822 4145 2917 4199 sed
2968 4144 3274 4197 danuonum
3334 4138 3589 4192 vaticinia

1995 4244 2308 4315 exquiritis.
2350 4243 2414 4296 Et
2455 4242 2669 4295 divinus
2714 4238 2931 4306 quidem
2976 4234 3143 4290 Jacob
3183 4231 3483 4285 ascendens
3533 4230 3586 4282 in

1996 4337 2205 4400 Bethel,
2249 4336 2352 4390 hoc
2389 4342 2491 4395 est,
2530 4350 2547 4382 ι
2589 4332 2641 4383 in
2676 4331 2893 4383 domum
2937 4326 3051 4383 Dei.
3093 4342 3111 4375 ι
3166 4322 3364 4376 delevit
3413 4318 3587 4379 idola;

1996 4446 2091 4485 vos
2122 4438 2308 4483 contra
2340 4426 2391 4479 in
2426 4424 2587 4477 domo
2613 4421 2704 4474 Dei
2741 4420 2907 4473 Deum
2955 4414 3258 4485 scnlptilem
3302 4411 3587 4467 constitui-

1995 4522 2113 4575 stis.
2152 4517 2473 4573 Statuerunt
2502 4514 2704 4583 qnippe
2735 4512 2789 4564 in
2844 4507 3026 4563 Betbel
3075 4505 3297 4559 vitulum
3341 4517 3587 4567 aureum,

281 4612 571 4675 θεσπέσιος
602 4610 803 4665 Ἰακὼϐ
850 4611 1158 4665 ἀναϐαίνων
1203 4612 1283 4673 εἰς
1331 4610 1551 4681 Βαιθὴλ,
1579 4614 1881 4677 τουτέστιν,

2000 4608 2214 4664 tametsi
2272 4606 2456 4661 Bethel
2510 4601 3009 4671 interpretationem
3071 4598 3296 4651 haberet
3327 4614 3344 4644 ι
3390 4592 3588 4647 domus

286 4725 302 4756 ι
336 4708 416 4769 εἰς
456 4702 609 4757 οἷκον
639 4703 797 4768 Θεοῦ,
838 4723 855 4754 ι
906 4704 1242 4774 κατηφάνισε
1270 4702 1336 4757 τὰ
1368 4703 1595 4756 εἴδωλα·
1635 4704 1793 4775 ὑμεῖς
1830 4708 1888 4761 δὲ

278 4800 337 4851 τὸ
382 4798 632 4852 ἐναντίον
672 4799 730 4850 ἐν
763 4796 899 4867 οἴκῳ
944 4796 1080 4849 Θεοῦ
1133 4796 1254 4849 θεὸν
1312 4798 1577 4869 ὲστήσατε
1629 4798 1886 4865 γλυπτόν.

283 4892 565 4962 Ἐστησαν
613 4890 724 4961 γὰρ
774 4891 856 4952 είς
896 4888 1099 4960 Βαιθὴλ
1136 4890 1236 4959 τὴν
1260 4889 1494 4961 δάμαλιν
1521 4891 1622 4960 τὴν
1652 4892 1885 4962 χρυσῆν,

279 4986 371 5037 καί
400 5001 487 5037 τοι
516 4982 617 5053 τῆς
644 4982 849 5052 Βαιθὴλ
874 4982 1341 5052 ὲρμηνευομένης,
1369 4982 1446 5045 ὡς
1475 4978 1648 5047 εἶπον,
1689 5001 1706 5033 ι
1737 4978 1886 5048 οἶκος

277 5075 431 5129 Θεοῦ.
470 5093 488 5125 ι
530 5072 631 5125 Διά
658 5072 817 5125 τοῦτο
846 5071 1060 5124 καὶρδιὲι
1116 5074 1302 5142 φωνῆς
1336 5072 1603 5144 Ἰερεμίου
1653 5074 1819 5145 φησιν
1858 5076 1886 5127 ὁ

276 5167 407 5230 Θεὸς
439 5165 573 5236 περὶ
601 5166 702 5235 τῆς
728 5164 999 5217 Ἰουδαίων
1032 5163 1370 5237 Συναγωγῆς
1398 5180 1412 5195 ⁸
1456 5182 1474 5216 ι
1503 5166 1568 5218 Τί
1603 5167 1634 5235 ἡ
1668 5167 1885 5236 ἠγαπη-

281 5260 416 5329 μένη
448 5260 508 5311 ἐν
539 5255 618 5326 τῷ
655 5256 791 5326 οἴκῳ
829 5272 929 5325 μου
954 5254 1179 5323 ἐποίησε
1204 5254 1512 5324 βδέλυγμα;
1541 5274 1558 5306 ι
1584 5256 1881 5320 τουτέστιν,

280 5350 526 5404 εἴδωλον.
560 5349 671 5402 Καὶ
720 5348 749 5399 ό
801 5346 901 5414 μὲν
934 5345 1222 5410 θεσπέσιος
1247 5344 1445 5399 Ἰακὼϐ
1478 5347 1572 5399 καὶ
1619 5349 1699 5411 εἰς
1739 5343 1890 5402 οἷκον

281 5440 639 5495 ἀναϐαίνουσι
687 5440 826 5492 Θεου
851 5436 1243 5509 καθαρίζεσθαί
1273 5455 1332 5489 τε
1364 5438 1459 5489 καὶ
1492 5437 1665 5500 αὑτὰς
1690 5437 1749 5489 δὲ
1784 5439 1885 5501 τὰς

285 5534 479 5595 στολὰς
525 5503 1230 5602 μεταμείϐευθὲκέλευσενο
1282 5530 1442 5600 ὑμεῖς
1473 5529 1529 5581 δὲ
1558 5529 1757 5599 όρᾶσθε
1796 5528 1887 5599 βέ-

288 5627 441 5697 ϐηλοι
494 5625 588 5678 καὶ
640 5623 963 5695 ἀκάθαρτοι,
995 5623 1091 5677 καὶ
1135 5623 1381 5684 ἀνίπτοις
1414 5620 1584 5683 ίόντες
1614 5620 1773 5673 ποσὶν
1807 5622 1887 5683 είς

290 5719 379 5774 τὸν
398 5719 550 5772 θεῖον
575 5712 725 5771 οἷκον
765 5717 866 5769 οὐκ
900 5716 1220 5787 ὲρυθριᾶτε;
1257 5713 1442 5784 φησίν.
1494 5712 1714 5783 Ἐπειδὴ
1738 5712 1794 5765 δὲ
1817 5707 1887 5781 ἦν

2003 4702 2120 4763 Dei,
2168 4719 2187 4752 ›
2225 4710 2284 4753 ιιι
2318 4697 2448 4753 dixi.
2481 4693 2748 4761 Quocirca
2776 4701 2831 4747 et
2865 4706 2961 4760 per
2994 4687 3287 4742 Jeremiatn
3334 4685 3474 4738 Deus
3514 4685 3591 4737 ait

1996 4798 2064 4849 de
2090 4791 2400 4848 Judaeorum
2437 4786 2770 4856 Synagoga:
2817 4800 2835 4833 ι
2890 4781 3030 4847 Quid
3083 4779 3277 4832 dilecta
3326 4776 3378 4829 in
3429 4776 3590 4857 doth

1997 4900 2115 4939 mea
2158 4882 2288 4937 fecit
2321 4879 2785 4934 abominationem
2828 4874 2916 4931 "‘2
2967 4892 2986 4925 ι
3051 4871 3250 4927 idolum
3308 4877 3457 4938 puta.
3497 4838 3591 4921 ’Ἀθ

1994 4977 2210 5031 divinus
2242 4972 2458 5041 quidem
2484 4969 2652 5026 Jacob
2678 4969 2843 5023 etiam
2882 4967 2933 5019 in
2984 4965 3204 5018 demunt
3255 4961 3347 5016 Dei
3392 4974 3587 5013 ascen-

1994 5067 2246 5124 dentibus
2289 5062 2567 5117 mandavit
2603 5058 2878 5124 mundari,
2926 5064 2980 5109 et
3010 5065 3219 5109 mutare
3249 5061 3460 5113 vestes;
3492 5062 3589 5102 vos

1994 5168 2173 5215 autem
2206 5155 2491 5212 cernitnini
2523 5152 2761 5223 profani,
2792 5160 2846 5204 et
2870 5147 3163 5210 immundi,
3199 5155 3252 5200 ct
3301 5142 3464 5196 illotis
3491 5155 3587 5208 pe-

1993 5254 2152 5306 dibus
2184 5251 2403 5304 domum
2430 5246 2669 5302 divinam
2692 5244 2907 5309 ingredi
2974 5257 3079 5294 non
3119 5231 3476 5291 erubescitis?
3504 5230 3588 5285 itt-

1996 5346 2134 5415 quit.
2169 5340 2437 5410 Quoniam
2478 5352 2642 5409 porro
2685 5335 2811 5390 talis
2864 5342 2981 5388 erat
3038 5328 3226 5389 Jacob,
3280 5324 3588 5415 idcirco-et

2003 5412 2028 5489 ἑ
2058 5436 2315 5491 Dominus
2348 5431 2697 5500 omnipotens
2726 5427 2831 5482 erit
2858 5420 3173 5479 memoriale
3205 5418 3345 5486 ejus.
3394 5432 3413 5466 ι
3472 5412 3588 5467 Ma-

1996 5537 2090 5581 net
2125 5526 2269 5580 enim
2303 5524 2491 5579 salvus
2534 5522 2589 5574 in
2640 5515 2898 5572 memoria
2951 5513 3068 5577 Dei,
3110 5520 3166 5563 et
3210 5506 3366 5562 ﬂoret
3417 5504 3585 5576 gloria

1995 5616 2312 5673 immortali.
2341 5612 2623 5669 Glorilicat
2653 5608 2851 5679 quippe
2885 5605 3027 5660 Deus
3053 5603 3454 5670 diligentesse.
3484 5596 3587 5650 lt'a-

1995 5726 2100 5779 que
2123 5709 2322 5779 (dicam
2356 5708 2502 5763 enim
2534 5705 2731 5762 iterum
2760 5700 3039 5772 quidpiam
3068 5698 3422 5755 vehementur
3454 5705 3585 5747 cou-

358 5896 404 5933 ⁴⁹
442 5898 575 5956 Gen.
614 5914 776 5964 xxxv,
808 5896 859 5961 ἓ,
898 5898 947 5952 4.
1030 5898 1073 5929 δα
1118 5895 1249 5951 lbid.
1302 5896 1352 5950 5.
1433 5895 1473 5926 “
1517 5894 1648 5950 lbil.
1713 5893 1765 5958 9,
1806 5891 1887 5945 l2.

1999 5892 2007 5921 ¹
2048 5886 2159 5943 Jer.
2196 5899 2268 5950 τι,
2306 5884 2388 5939 15.
