3982 6474
409 416 515 478 287
1407 417 1465 474 S.
1506 413 1785 474 CYRILLI
1823 410 2292 468 ALEXANDRINI
2329 413 2651 472 ARCIIIEP.
3567 419 3668 478 9.83

414 541 670 610 ducibile)
700 541 935 598 honores
964 549 1177 611 patrum
1207 546 1512 594 vestrorum
1562 535 2001 592 eoudemnabunt

2110 533 2342 598 τοιοῦτος
2369 536 2398 588 ὁ
2418 534 2636 597 Ἰακὼϐ,
2669 534 2927 604 ταύτῃτοι
2964 533 3055 586 καὶ
3091 550 3111 583 t
3141 531 3340 603 Κύριος
3386 537 3667 606 παντοκρὰ·

414 651 532 698 vos,
563 636 650 703 qui
689 651 808 690 cum
839 634 970 703 ipsis
1001 647 1213 702 sapere.
1243 629 1616 698 similibusque
1653 628 1898 683 moribus
1942 634 1998 680 et

2110 642 2216 698 τωρ
2247 627 2404 680 ἔσται
2437 627 2783 698 μνημόσυνον
2809 624 2998 680 αὑτοῦ.
3029 645 3047 676 ι
3079 625 3316 690 Σώζεται
3343 625 3447 695 γὰρ
3473 627 3526 680 ὲν
3552 629 3672 698 μνήο

415 726 610 780 studiis
663 725 916 781 exornari
967 721 1273 779 nolueritis.
1335 717 1733 774 Damnabimini
1794 727 1998 782 autem,

2110 737 2184 791 μη
2210 721 2368 782 Θεοῦ,
2400 719 2515 789 ἔχει
2551 737 2611 772 τε
2646 717 2872 789 ἀειθαλῆ
2905 717 3006 788 τὴν
3035 717 3304 773 εὔκλειαν.
3336 719 3546 784 Δοξὰζει
3575 721 3672 790 γὰρ

416 833 522 872 non
553 818 675 886 quia
704 818 989 872 animabus
1016 824 1224 870 tantum
1251 813 1449 867 vestris
1477 809 1669 881 iniqui,
1694 811 1787 868 sed
1818 809 2002 878 gloria:

2110 811 2134 863 ὑ
2164 811 2293 875 Θεὸς
2328 811 2455 874 τοὺς
2491 808 2823 878 ἀγαπῶντας
2865 809 3050 864 αὐτόν.
3083 808 3292 862 Οὐκοῦν
3329 809 3474 879 (ἐρῶ
3501 810 3602 882 γάρ
3625 829 3674 864 τι
3729 887 3737 895 ς

416 921 629 976 quoque
656 916 866 975 patrum
901 903 1145 960 insidiati
1176 902 1411 969 fueritis,
1449 901 1823 972 majorumque
1842 900 1999 956 nobi-

2110 902 2270 957 πάλιν
2306 902 2365 956 τὸ
2393 905 2473 966 εἰς
2505 901 2692 972 ὄνησιν
2725 902 3058 971 ἀναγκαῖον)
3096 900 3507 970 κατακρίνουσιν
3544 901 3674 970 ὑμᾶς

417 996 621 1052 litatem
656 994 1174 1053 eontamiuaveritis.

2110 993 2214 1049 τῶν
2248 993 2503 1065 πατέρων
2545 994 2601 1048 αἱ
2626 993 2798 1059 δόξαι,
2830 993 2904 1063 μὴ
2933 993 3002 1044 τὰ
3038 985 3131 1045 ῐσα
3164 993 3377 1062 φρονεῖν
3408 991 3676 1060 ἑλομένους

417 1089 620 1153 αὐτοῖς.
645 1092 740 1146 καὶ
772 1091 860 1144 διὰ
881 1091 988 1144 τῶν
1044 1088 1246 1159 ὁμοίων
1279 1085 1787 1142 κατακαλλύνεσθαι
1850 1085 2070 1158 τρόπων
2103 1105 2161 1142 τε
2189 1091 2284 1142 καὶ
2339 1087 2789 1157 σπουδασμάτων.
2823 1083 3309 1154 Κατακριθήσεσθε
3345 1082 3422 1146 δὲ,
3475 1081 3566 1151 οὐχ
3608 1081 3675 1145 ὡς

416 1183 496 1244 εἰς
544 1182 710 1251 μόνας
748 1181 1068 1253 ἠδικηκότες
1099 1180 1197 1244 τὰς
1233 1179 1443 1233 ἑαυτῶν
1466 1179 1668 1250 ψυχὰς,
1705 1179 1822 1234 ἀλλ’
1859 1179 2021 1234 οἱονεί
2060 1198 2181 1246 πως
2219 1181 2315 1234 καὶ
2371 1181 2491 1243 ταῖς
2531 1179 2638 1233 τῶν
2696 1179 2950 1249 πατέρων
2975 1174 3246 1239 εὐκλείαις
3277 1174 3678 1228 ἐπιϐουλεύσαν-

415 1289 527 1336 τες,
563 1273 655 1326 καὶ
682 1273 1010 1344 προγονικὴν
1034 1271 1311 1340 εὐγένειαν
1343 1269 1828 1341 καταισχύναντες.

491 1363 653 1418 Vens.
691 1362 743 1418 6.
785 1363 848 1417 Et
886 1374 942 1417 tu
979 1366 1031 1418 in
1064 1363 1170 1417 Deo
1201 1372 1290 1418 tuo
1323 1363 1668 1428 converteris,
1701 1364 2004 1417 misericor-

2176 1359 2287 1417 Καὶ
2311 1358 2394 1414 σὺ
2426 1358 2497 1414 ἐν
2517 1355 2640 1423 Θεῷ
2662 1373 2779 1412 σου
2803 1355 3208 1425 ἐπιστρέψεις,
3233 1354 3408 1409 ἔλεον
3439 1357 3532 1410 καὶ
3568 1361 3680 1426 κρί-

417 1456 561 1508 diam
596 1466 643 1509 et
671 1455 937 1525 judicium
976 1455 1202 1520 custodi,
1238 1465 1286 1510 et
1325 1455 1688 1524 appropinqua
1725 1455 1796 1508 ad
1835 1453 2004 1512 Deum

2110 1471 2187 1525 μα
2218 1451 2569 1522 φυλάσσου,
2598 1448 2697 1502 καὶ
2725 1445 2914 1519 ἐγγιζε
2935 1447 3086 1516 πρὸς
3114 1447 3265 1501 Θεόν
3290 1463 3406 1501 σου
3429 1446 3523 1502 διὰ
3549 1465 3681 1503 παν.

418 1558 562 1601 tuum
599 1561 814 1611 anuper.

487 1635 774 1690 CXXXIX.
817 1636 1018 1691 Gratia:
1055 1635 1373 1704 pollicitatio
1408 1637 1568 1691 minis
1604 1635 1834 1691 atlmista
1865 1643 1950 1690 est
1982 1650 2000 1690 :

417 1729 800 1783 comminantis
825 1728 970 1782 enim
1005 1727 1175 1796 magis
1212 1742 1373 1796 quam
1428 1727 1752 1797 simpliciter
1775 1728 2002 1796 promit-

2105 1547 2348 1690 ngG’.
2390 1633 2615 1704 Ἀπειλῇ
2651 1631 2986 1706 κεκέρασται
3015 1631 3115 1701 τῆς
3145 1629 3370 1702 χάριτος
3402 1631 3434 1702 ἡ
3467 1630 3682 1703 ὑπόσχεο

2108 1745 2212 1792 σις.
2234 1725 2614 1789 Ἀπειλοῦντος
2650 1724 2760 1796 γὰρ
2811 1723 3035 1794 μᾶλλον,
3063 1722 3096 1794 ἢ
3142 1723 3570 1792 ὑπισχνουμένου
3597 1741 3682 1778 κα-

420 1822 580 1876 tentis
612 1831 694 1876 est
728 1821 834 1875 ista
865 1822 1061 1877 oratio.
1086 1819 1467 1877 Verumtamen
1497 1838 1562 1876 ex
1596 1837 1780 1877 amore
1808 1838 1999 1890 proce-

2110 1787 2287 1889 θαρῶς
2320 1820 2400 1882 εἰς
2427 1817 2488 1870 τὸ
2523 1787 2698 1888 παρδν
2730 1787 2784 1869 ’ὁ
2811 1787 2981 1883 ’λόγος
3004 1787 3030 1845 ’⁷
3085 1787 3231 1884 πλὴν
3275 1787 3336 1877 ένξ
3393 1787 3604 1886 αγὰπης
3650 1817 3681 1886 ἡ

417 1913 498 1966 dit
527 1912 901 1976 comminatio,
931 1922 986 1965 et
1011 1920 1095 1966 est
1120 1913 1186 1965 ad
1218 1913 1418 1982 probas
1445 1914 1826 1985 cogitationes,
1853 1924 1906 1966 et
1935 1914 2002 1969 ad

423 2001 584 2072 172
613 2002 938 2057 desiderium
966 2001 1145 2057 oﬂlcio
1173 1981 1393 2073 parendi
1426 1981 1669 2060 vocanlis
1698 2004 1999 2060 oraculum.

419 2091 548 2146 Erat
577 2093 743 2156 enim,
769 2092 962 2160 inquit,
989 2092 1208 2161 sapiens
1233 2093 1499 2163 longeque
1518 2097 1760 2164 optimus
1785 2096 2004 2152 divinus

417 2183 615 2251 Jacob,
645 2193 700 2238 et
728 2184 986 2253 propositi
1016 2185 1099 2239 sui
1135 2184 1370 2239 fructum
1401 2184 1634 2240 habebat
1665 2186 1754 2241 Dei
1787 2202 1915 2256 erga
1945 2203 2005 2243 se

419 2276 764 2332 cbaritatcm.
794 2276 900 2331 Sed
931 2285 986 2330 tu
1016 2285 1223 2346 patrem
1257 2291 1364 2331 non
1396 2291 1456 2331 es
1487 2276 1752 2332 imitatus.
1777 2277 2005 2332 Verum-

421 2376 603 2420 tamen
637 2385 655 2418 ‹
689 2366 1034 2422 Converteris
1064 2369 1114 2422 in
1145 2367 1256 2422 Deo
1285 2377 1375 2422 tuo
1399 2368 1564 2423 etiam
1598 2377 1675 2433 tu,
1715 2387 1734 2420 ι
1768 2369 1870 2423 hoc
1896 2379 2002 2437 est,

419 2460 670 2529 quamvis
709 2459 972 2528 insipiens
1012 2458 1202 2526 fueris,
1239 2469 1296 2514 et
1334 2469 1602 2529 apostata,
1645 2469 1699 2514 et
1743 2462 2003 2527 insolens,

423 2549 775 2606 nihilominus
808 2552 969 2606 etiam
1002 2561 1198 2622 praeter
1227 2553 1561 2607 voluntatem
1596 2553 1662 2607 ad
1693 2554 1858 2608 vitam
1892 2555 2004 2609 vir-

423 2643 553 2697 tutis
582 2659 770 2697 norma
801 2643 1062 2698 directam
1093 2644 1316 2700 redibis.
1349 2644 1568 2699 Redibis
1599 2654 1780 2700 autem
1811 2660 2005 2699 corre-

419 2743 543 2802 ptus
586 2734 638 2788 in
677 2733 809 2798 Deo,
850 2734 901 2787 id
945 2743 1047 2798 est,
1091 2749 1187 2805 per
1226 2735 1416 2790 Deum.
1458 2736 1522 2790 Et
1565 2737 1822 2805 quoniam
1866 2739 2005 2793 bona

420 2826 561 2881 ratio
588 2840 691 2879 non
718 2826 984 2894 persuasit
1024 2835 1084 2880 ut
1126 2836 1272 2881 recta
1296 2827 1380 2880 via
1407 2828 1738 2892 ambulat-es,
1765 2829 2007 2900 velleque

421 2929 614 2985 sapere
640 2925 698 2970 ut
727 2925 1023 2983 oporteret,
1055 2917 1281 2972 restabit
1311 2917 1407 2972 tibi
1442 2919 1600 2987 plane
1632 2920 1923 2991 ﬂagellum,
1952 2930 2008 2976 et

420 3005 674 3060 celeriter
706 3006 774 3059 ad
815 3006 1120 3074 eligendum
1161 3016 1216 3062 et
1251 3008 1686 3077 cognoscendum
1725 3009 1866 3078 quod
1905 3023 2005 3065 ex-

421 3095 572 3164 pedit
613 3104 664 3150 te
706 3095 1018 3152 transferet.
1056 3097 1233 3166 Atque
1272 3097 1385 3152 haec
1432 3096 1608 3162 nobis,
1649 3106 1706 3153 ut
1746 3100 2004 3164 arbitror,
2034 3137 2078 3196 α

423 3186 744 3243 indicaverit
774 3189 967 3243 merito
997 3193 1140 3258 quod
1174 3190 1396 3254 dicitur,
1433 3209 1451 3243 ε
1478 3190 1542 3245 Et
1563 3200 1616 3244 tu
1652 3193 1703 3244 in
1737 3190 1846 3244 Deo
1873 3205 2005 3246 con-

421 3278 670 3341 verteris,
703 3297 722 3331 ι
751 3279 944 3341 minas,
971 3288 1029 3331 ut
1060 3279 1193 3343 dixi,
1218 3280 1376 3336 bouis
1406 3281 1688 3350 promissis
1715 3279 2006 3336 scitissime

422 3369 709 3436 permistas
741 3367 960 3422 babcns.
993 3368 1197 3423 Deinde
1227 3384 1412 3438 porro.
1443 3380 1502 3424 ut
1526 3369 1638 3435 jam
1670 3368 1876 3437 ﬂagella
1909 3383 2003 3436 pa-

423 3460 599 3523 tienti,
641 3461 770 3514 etin
798 3459 980 3520 medio
1010 3461 1292 3515 verberum
1325 3465 1621 3516 constituto
1654 3462 1792 3516 Deus
1823 3463 2002 3522 aeelav

423 3561 564 3604 mat:
599 3569 617 3601 ι
644 3549 1066 3605 Misericordiam
1096 3562 1150 3606 et
1172 3551 1438 3621 judicium
1469 3553 1702 3616 custodi,
1730 3561 1786 3607 et
1811 3568 2007 3620 appro-

421 3642 621 3710 pinqua
670 3642 734 3696 ad
783 3641 948 3696 Deum
996 3652 1147 3696 ttutm
1191 3657 1429 3712 semper.
1478 3661 1498 3694 ι
1544 3643 2003 3710 Quemadmodum

419 3733 564 3786 enim
601 3733 644 3787 si
683 3733 934 3788 dominus
965 3733 1232 3802 quispiam
1266 3749 1423 3789 servo
1459 3735 1510 3788 in
1549 3750 1704 3804 pmna
1729 3776 1744 3800 ,
1775 3745 1830 3791 et
1862 3737 2005 3791 inter

421 3823 540 3890 ipsa
578 3821 783 3890 ﬂagella
817 3836 940 3876 cum
972 3823 1127 3877 venia
1163 3831 1218 3877 et
1255 3823 1628 3894 indignatione
1661 3826 1808 3881 dicat
1842 3845 1857 3882 :
1889 3825 2005 3881 Mo-

422 3913 610 3968 destus
650 3921 788 3978 esto,
831 3919 884 3967 et
926 3922 1172 3983 prompte
1210 3914 1489 3980 obediens,
1532 3926 1587 3969 et
1628 3917 1818 3972 berilia
1855 3917 2003 3985 jussa

422 4017 492 4058 ne
521 4013 844 4069 contemne;
876 4005 1063 4060 eodem
1095 4005 1273 4072 modo,
1303 4007 1516 4075 opinor,
1543 4017 1599 4063 et
1628 4009 2006 4064 universorum

425 4096 586 4160 Deus,
616 4109 876 4164 percusso
902 4097 1297 4165 quodammodo
1329 4099 1602 4167 Ephraim,
1632 4110 1686 4154 et
1717 4100 1840 4154 belli
1858 4101 2003 4154 cala-

421 4185 702 4242 ntitatibus
730 4187 1014 4256 eaStigato,
1045 4188 1244 4259 inquit,
1276 4209 1294 4243 ι
1328 4190 1754 4246 Misericordiam
1782 4200 1838 4245 et
1860 4190 2006 4257 judio

421 4280 566 4336 cium
600 4281 836 4346 custodi,
866 4291 921 4336 et
953 4283 1324 4352 appropinqua
1361 4282 1428 4337 ad
1467 4283 1634 4336 Deum
1674 4290 1826 4336 tuum
1859 4296 2006 4337 sem-

423 4386 542 4442 per.
582 4389 602 4423 ι
643 4370 872 4427 Perinde
905 4371 1139 4428 fortasse
1171 4387 1236 4427 ac
1267 4373 1314 4426 si
1349 4371 1499 4427 dicat
1531 4389 1548 4426 :
1584 4372 1700 4426 Hac
1735 4371 1803 4426 de
1837 4387 2004 4429 causa

2103 1909 2323 1980 ἀπειλὴ,
2352 1908 2448 1962 καὶ
2479 1907 2774 1970 καλοῦντος
2796 1908 2874 1970 εἰς
2901 1905 3169 1976 ὀρθότητα
3189 1904 3489 1974 λογισμῶν,
3506 1906 3597 1960 καὶ
3610 1905 3684 1970 εἰς

2103 2002 2290 2071 ἔφεσιν
2312 2000 2611 2071 εὐκοσμίας
2631 2001 2692 2053 τὸ
2713 1994 3235 2070 χρησμῴδημα.Ἶίν
3266 1998 3366 2068 μὲν
3391 1999 3518 2069 γὰρ,
3538 1997 3682 2069 φησι,

2107 2095 2270 2165 σοφὸς
2301 2095 2396 2148 καὶ
2431 2093 2764 2165 πανάριστος
2805 2095 2834 2146 ὁ
2878 2093 3165 2156 θεσπέσιος
3189 2091 3408 2156 Ἰακὼϐ,
3435 2093 3526 2146 καὶ
3553 2092 3682 2160 γνῶ-

2108 2204 2216 2259 μης
2250 2187 2384 2251 ιδίας
2421 2187 2562 2257 ἔχων
2612 2185 2827 2257 καρπὸν
2870 2185 2934 2238 τὸ
2981 2185 3250 2255 θεοφιλές.
3276 2185 3418 2238 Ἀλλ’
3447 2185 3544 2240 οὐκ
3575 2187 3683 2255 ἐμι-

2109 2280 2268 2351 μήσω
2307 2279 2398 2332 τὸν
2435 2280 2669 2348 πατέρα.
2703 2277 2850 2346 Πλὴν
2887 2296 2905 2328 ι
2929 2277 3316 2348 Ἐπιστρέψεις
3356 2279 3427 2352 ἐν
3455 2277 3570 2346 Θεῴ
3600 2294 3686 2330 σου

2105 2373 2200 2424 καὶ
2233 2371 2320 2432 σὺ,
2354 2389 2372 2422 ι
2407 2371 2677 2436 τουτέστι,
2715 2371 2818 2424 κᾶν
2847 2368 3088 2438 ἐξίτηλος
3121 2367 3208 2440 ᾖς,
3239 2368 3338 2422 καὶ
3365 2368 3684 2437 ἀποστάτης.

2106 2459 2201 2512 καὶ
2223 2459 2502 2530 ὑϐριστὴς,
2529 2459 2643 2512 ἀλλ’
2670 2454 2764 2513 οὖν
2795 2459 3061 2531 ὲπανήξῃ,
3085 2460 3182 2512 καὶ
3209 2459 3313 2529 οὐχ
3343 2457 3506 2524 ἑκὼν,
3539 2458 3612 2519 είς
3632 2457 3688 2510 τὸ

2106 2550 2325 2604 ἑλέσθαι
2361 2549 2512 2621 βιοῦν
2543 2550 2739 2620 ὀρθῶς.
2766 2550 3092 2620 Ἐπανήξεις
3131 2549 3188 2603 δὲ
3218 2549 3606 2618 παιδευόμενος
3635 2549 3690 2601 ἐν

2105 2641 2239 2711 Θεῷ,
2277 2643 2542 2704 τουτέστι,
2567 2642 2656 2696 διὰ
2698 2643 2854 2695 Θεοῦ.
2890 2643 3000 2696 Καὶ
3043 2641 3230 2712 ἐπειδή
3269 2660 3330 2696 σε
3356 2641 3606 2710 λογισμὸς
3631 2641 3686 2694 οὺ

2083 2725 2370 2789 ’πέπεικεν
2402 2733 2625 2803 ἀγαθὸς,
2661 2735 2748 2788 ἐπ’
2770 2734 2936 2806 ὀρθὴν
2967 2734 3102 2787 ξέναι
3126 2733 3340 2805 τρίϐον,
3373 2735 3466 2786 καὶ
3489 2732 3691 2800 ἁγαπῆο

2109 2844 2201 2880 σαι
2236 2829 2455 2900 φρονεῖν
2492 2827 2527 2880 ἃ
2553 2826 2653 2890 δεῖ,
2689 2826 3107 2897 περιγενήσεται
3140 2843 3235 2879 σου
3278 2827 3452 2896 πάντη
3497 2842 3555 2878 τε
3605 2823 3692 2876 καὶ

2109 2918 2325 2981 πάντως
2370 2917 2402 2987 ἠ
2453 2916 2677 2986 μάστιξ,
2707 2916 2804 2970 καὶ
2859 2917 3156 2988 μεταθήσει
3195 2917 3418 2988 γοργῶς
3446 2915 3578 2986 πρὸς
3604 2913 3694 2982 τὴν

2106 3006 2202 3061 τοῦ
2249 3007 2625 3078 συμφέροντος
2675 3006 2888 3077 αἵρεσίν
2915 3024 2975 3060 τε
3006 3006 3100 3062 καὶ
3133 3006 3363 3075 γνῶσιν.
3389 3006 3558 3060 Ταυτὶ
3605 3003 3695 3073 μὲν

2108 3093 2202 3153 οὖν
2253 3101 2406 3170 ἡμῖν,
2435 3097 2688 3169 καθάπερ
2726 3097 3118 3166 ὑπολαμϐάνω,
3153 3099 3598 3168 κατασημήνειεν
3634 3095 3696 3147 ειν

2111 3193 2339 3254 εἰκότως
2369 3191 2452 3254 τὸ,
2495 3209 2514 3244 t
2549 3190 2657 3244 Kal
2687 3191 2752 3246 σὺ
2783 3193 2841 3244 ὲν
2871 3189 2990 3260 Θεῷ
3025 3207 3120 3243 σου
3151 3190 3529 3262 ὲπιστρέψεις.
3564 3208 3580 3239 ι
3609 3188 3698 3238 ἀπ’.

2112 3283 2263 3354 ειλὴν
2291 3281 2432 3354 ἕχον,
2465 3281 2541 3345 ὡς
2585 3281 2744 3354 ἔφην,
2774 3282 3036 3351 χρησταῖς
3071 3281 3408 3350 ὑποσχέσεσι
3454 3277 3513 3333 εὖ
3564 3277 3698 3348 μάλα

2112 3373 2550 3446 κεκερασμένην.
2603 3367 2738 3426 Εἶτα
2787 3370 2993 3429 λοιπὸν.
3024 3371 3100 3433 ὡς
3149 3371 3250 3442 ἠδη
3307 3369 3694 3440 μαστιζομένῳ,

2113 3467 2206 3519 καὶ
2235 3467 2290 3518 ὲν
2319 3463 2470 3534 αὐτῷ
2489 3463 2734 3532 γεγονότι
2758 3461 2837 3532 τῷ
2863 3462 3220 3531 πλήττεσθαι,
3245 3464 3380 3526 Θεὸς
3404 3463 3658 3530 ἐπιφωνεῖ
3679 3474 3691 3488 ⁸

2117 3555 2342 3609 «Ἔλεον
2379 3556 2475 3608 καὶ
2504 3554 2681 3626 κρίμα
2723 3554 3024 3622 φυλάσσου,
3057 3553 3150 3607 καὶ
3196 3553 3387 3622 ἔγγιζε
3437 3553 3572 3622 πρὸς
3613 3551 3698 3606 τὸν

2112 3645 2245 3700 Θεόν
2269 3662 2362 3698 σου
2389 3644 2702 3708 διαπαντός.
2738 3644 2978 3714 »Ὥσπερ
3006 3643 3115 3713 γὰρ
3143 3643 3197 3696 εῐ
3220 3662 3307 3708 τις
3333 3644 3595 3714 δεσπότης
3623 3644 3698 3694 ol-

2115 3734 2249 3807 κέτῃ
2279 3735 2675 3806 παιδευομένῳ,
2708 3734 2802 3788 καὶ
2833 3736 2890 3788 ἐν
2915 3734 3064 3804 αὐτῷ
3095 3736 3462 3805 μαστίζεσθαι
3491 3733 3700 3803 γεγονό-

2111 3845 2186 3890 τι,
2209 3829 2356 3894 λέγοι
2409 3828 2546 3897 μετὰ
2586 3825 2802 3895 φειδοῦς
2847 3844 2906 3879 τε
2952 3827 3069 3895 ἅμα
3118 3827 3213 3879 καὶ
3263 3828 3698 3896 ἀγανακτήσεως,

2115 3917 2357 3988 Σώφρων
2403 3917 2496 3971 ἔσο
2547 3918 2642 3974 καὶ⁵
2691 3917 2970 3988 εὐπειθὴς,
2999 3917 3091 3970 καὶ
3139 3916 3216 3988 μὴ
3267 3916 3601 3990 καταφρόνει
3630 3913 3698 3966 δε-

2115 4009 2386 4064 σππικῶν
2417 4009 2782 4079 ὲνταλμάτων’
2803 4009 2894 4063 τὸν
2923 4009 3107 4072 αὐτὸν,
3134 4006 3313 4079 οἶμαι,
3336 4009 3540 4081 τρόπον
3563 4007 3654 4061 καὶ
3675 4005 3704 4057 ὁ

2112 4101 2225 4155 τῶν
2253 4102 2391 4155 ὅλων
2433 4103 2566 4164 Θεὸς
2607 4102 2930 4171 τυπτομένῳ
2962 4103 3163 4172 τρόπον
3194 4103 3320 4156 τινὰ
3343 4100 3423 4174 τῷ
3448 4097 3699 4172 Ἐφραῖμ,

2115 4193 2211 4248 καὶ⁵
2239 4194 2362 4256 ταῖς
2391 4193 2484 4245 τοῦ
2517 4192 2756 4262 πολέμου
2789 4195 3099 4262 συμφοραῖς
3137 4191 3590 4261 ὲκπαιδευομένῳ
3614 4206 3706 4258 φη·

2117 4284 2223 4337 σίν·
2283 4283 2508 4338 «Ἕλεον
2536 4285 2628 4338 καὶ
2671 4285 2847 4355 κρίμα
2891 4285 3188 4352 φυλάσσου,
3223 4288 3322 4340 καὶ
3360 4285 3546 4354 ἔγγιζε
3574 4281 3706 4352 πρὸς

2115 4373 2207 4427 τὸν
2234 4373 2366 4427 Θεόν
2399 4391 2492 4427 σου
2518 4374 2831 4436 διαπαντός.
2877 4374 3130 4444 »Ὅμοιον
3156 4375 3232 4436 ὡς
3257 4376 3308 4428 εί
3334 4374 3489 4442 λέγοι
3513 4370 3698 4441 τυχόν·

422 4465 563 4521 scito
606 4472 658 4520 te
699 4467 940 4535 percuti,
983 4467 1113 4537 quia
1181 4479 1286 4518 non
1349 4463 1634 4519 custodisti
1689 4479 1787 4519 nec
1825 4465 2002 4533 magni

2117 4465 2334 4538 Ταύτης
2380 4467 2543 4521 ἕνεκα
2587 4466 2689 4536 τῆς
2738 4467 2918 4529 αἰτίας
2949 4466 3057 4520 ῖσθι
3098 4466 3494 4537 πληττόμενος,
3524 4465 3605 4518 ὅτι
3635 4459 3706 4529 μὴ

421 4555 623 4609 duxisti
669 4571 789 4624 qute
815 4556 944 4610 mibi
973 4565 1123 4625 grata
1154 4562 1282 4608 sunt
1305 4561 1360 4607 et
1389 4553 1604 4608 dilecta.
1632 4553 2004 4612 Misericordia

2110 4558 2378 4626 ἐφυλάξω,
2416 4558 2549 4626 μηδὲ
2577 4557 2882 4627 τετίμηκας
2909 4557 2977 4611 τὰ
3032 4557 3156 4626 ἐμοὶ
3185 4557 3317 4626 φίλα
3355 4557 3451 4610 καὶ
3497 4557 3708 4622 ἠγαπη-

424 4645 593 4716 igitur
627 4646 969 4702 dilectionem
1013 4645 1315 4715 signiﬁcat,
1361 4662 1380 4695 ι
1432 4643 1660 4700 Dilectio
1702 4654 1882 4702 autem
1927 4658 2006 4704 est

2111 4647 2267 4717 μένα.
2301 4648 2374 4701 Τὸ
2415 4647 2514 4718 μὲν
2541 4641 2633 4700 οῦν
2661 4647 2810 4710 ἕλεος
2837 4646 2940 4716 τὴν
2967 4646 3190 4715 ἀγάπην
3225 4645 3404 4716 δηλοῖ.
3447 4665 3465 4696 ι
3491 4641 3705 4712 Ἃγάπη

425 4738 561 4809 legis
598 4739 874 4808 plenitudo
896 4738 943 4771 ⁸³
983 4754 999 4791 :
1049 4756 1068 4790 ι
1111 4736 1363 4806 proximo
1403 4736 1548 4792 enim
1598 4758 1618 4792 ι
1667 4739 1861 4793 Malum
1903 4755 2008 4796 non

423 4831 770 4899 operatur",
815 4848 834 4882 ι
875 4836 935 4883 ιιι
973 4829 1162 4881 beatus
1201 4826 1404 4885 Paulus
1439 4829 1534 4884 ait.
1571 4829 1840 4886 Iudicium
1884 4847 2010 4888 vero

423 4919 628 4987 justam
659 4921 951 4983 actionem,
985 4921 1098 4972 sive
1124 4918 1411 4987 justitiam,
1445 4932 1502 4978 et
1528 4923 1721 4978 divinze
1752 4923 1885 4995 legis
1911 4939 2009 4978 vo-

426 5007 758 5078 lnutatisque
790 5009 1246 5064 observationem.
1277 5010 1546 5068 Iudicium
1581 5015 1724 5068 enim
1762 5030 1790 5067 a
1826 5016 2008 5070 divina

428 5099 712 5168 Scriptura
757 5098 844 5152 lex
890 5109 1131 5153 vocatur.
1179 5101 1629 5172 Appropinquare
1674 5113 1854 5158 autem
1901 5103 2011 5160 Deo

426 5205 660 5261 semper,
688 5191 998 5262 siguiﬂcare
1025 5201 1200 5260 potest
1227 5195 1500 5249 sincerum
1530 5196 1727 5249 intentis
1755 5196 1806 5248 in
1837 5197 2011 5265 ipsum

431 5281 760 5335 desiderium
799 5288 852 5335 et
884 5279 1311 5346 inclinationem,
1348 5291 1404 5336 et
1437 5283 1733 5338 abhorrere
1791 5284 1860 5338 ab
1894 5283 2016 5339 aliis

429 5371 522 5438 qui
561 5386 667 5426 non
707 5378 832 5425 sunt
863 5371 958 5437 dii,
993 5380 1085 5425 aut
1120 5386 1150 5425 a
1187 5380 1434 5428 creatura
1468 5371 1628 5436 forte.
1668 5381 1762 5428 aut
1799 5383 1947 5430 certe
1982 5388 2012 5429 a

431 5461 596 5532 lignis
644 5471 698 5517 et
749 5462 1034 5532 lapidibus.
1079 5465 1550 5536 Appropinquabit
1591 5480 1719 5521 vero
1771 5465 1914 5531 Deo,
1961 5475 2018 5522 et

435 5566 603 5622 prope
635 5555 742 5608 erit
778 5559 1073 5612 secundum
1108 5559 1383 5624 allectum,
1415 5557 1503 5633 qui
1539 5567 1593 5612 et
1627 5559 1809 5627 probis
1841 5558 2014 5614 actio-

443 5641 602 5700 nibus
623 5645 887 5704 excellere
909 5654 1055 5705 novtt
1071 5693 1084 5719 ,
1110 5659 1164 5705 et
1186 5649 1555 5719 incorruptam
1577 5649 1631 5704 in
1655 5649 1833 5720 seipso
1855 5651 2015 5708 iidem

525 5821 575 5858 ⁸³
615 5823 770 5882 Rom.
802 5843 922 5897 xm,
955 5831 1039 5886 10.
1117 5831 1161 5864 ⁸⁵
1203 5830 1374 5887 lCor.
1410 5845 1527 5899 ιιιιι,
1560 5829 1614 5886 5.

2107 4740 2166 4794 δὲ
2196 4740 2362 4811 νόμου
2385 4741 2685 4812 πλήρωσις.
2727 4758 2745 4790 ι
2779 4737 2869 4810 Τῷ
2911 4741 3019 4811 γὰρ
3069 4739 3303 4809 πλησίον
3345 4757 3363 4789 ι
3399 4737 3588 4791 Κακὸν
3611 4733 3705 4787 οὐκ

2110 4832 2424 4902 ἐργάζεται,
2459 4851 2474 4882 ι
2513 4831 2653 4885 κατὰ
2668 4830 2764 4902 τὴν
2795 4830 2892 4883 τοῦ
2933 4830 3206 4902 μακαρίου
3241 4830 3466 4884 Παύλου
3507 4827 3704 4896 φωνήν.

2112 4924 2187 4977 Τὸ
2205 4923 2262 4976 δὲ
2288 4924 2464 4994 κρίμα
2487 4921 2585 4992 τὴν
2605 4922 3047 4992 δικαιοπραγίαν,
3071 4922 3190 4990 ἦτοι
3211 4921 3312 4990 τὴν
3342 4916 3705 4983 δικαιοσύνην,

2116 5014 2212 5068 καὶ
2236 5013 2334 5084 τὴν
2359 5013 2453 5066 τοῦ
2487 5012 2631 5066 θείου
2660 5014 2824 5083 νόμου
2851 5013 3192 5084 βουλήματος
3228 5013 3488 5082 τήρησιν.
3528 5008 3710 5078 Κρίμα

2118 5105 2227 5178 γὰρ
2277 5108 2305 5159 ὁ
2358 5104 2522 5174 νόμος
2571 5104 2886 5174 ὠνόμασται
2939 5104 3092 5173 παρά
3137 5121 3203 5170 γε
3250 5105 3320 5172 τῇ
3368 5098 3710 5167 θεοπνεύστῳ

2109 5199 2327 5269 Γραφῇ.
2361 5197 2434 5250 Τὸ
2457 5197 2515 5250 δὲ
2547 5195 2788 5266 ἐγγίζειν
2819 5195 2938 5265 Θεῷ
2967 5194 3280 5258 διαπαντὸς,
3320 5195 3603 5262 ὑπέφηνεν
3638 5191 3698 5242 ἂν

2111 5291 2211 5360 τὴν
2254 5289 2334 5352 εἰς
2378 5287 2540 5341 αὐτὸν
2584 5287 2814 5358 γνησίαν
2859 5287 2959 5356 τῆς
3003 5286 3243 5348 διανοίας
3279 5285 3476 5352 ἔφεσιν
3508 5299 3566 5334 τε
3622 5277 3710 5331 καὶ

2116 5377 2309 5450 ῥοπὴν,
2338 5378 2431 5432 καὶ
2452 5378 2514 5431 τὸ
2544 5377 2620 5448 μὴ
2650 5378 3010 5448 προσκεῖσθαι
3036 5375 3210 5443 φιλεῖν
3239 5374 3458 5442 ἑτέροις
3482 5374 3594 5432 τοῖς
3616 5368 3711 5419 οὐκ

2112 5467 2232 5523 οὖσι
2267 5469 2427 5533 θεοῖς,
2467 5468 2502 5540 ἢ
2537 5472 2602 5539 τῇ
2638 5468 2810 5522 κτίσει
2841 5467 3023 5538 τυχὸν,
3061 5453 3092 5537 ἧ
3148 5465 3281 5535 γοῦν
3312 5465 3496 5530 ξύλοις
3524 5479 3582 5514 τε
3622 5457 3710 5512 καὶ

2113 5563 2301 5627 λίθοις.
2321 5564 2529 5632 Ἐγγιεῖ
2555 5563 2611 5614 δὲ
2641 5560 2780 5632 Θεῷ,
2815 5561 2909 5614 καὶ
2939 5559 3164 5629 πλησίον
3205 5559 3364 5613 ἔσται
3410 5557 3554 5610 κατᾶ
3598 5553 3708 5604 διὰ·

2117 5655 2288 5722 θεοιν,
2319 5656 2414 5709 καὶ
2445 5656 2474 5708 ὁ
2509 5653 2773 5726 πράξεσιν
2803 5651 3034 5723 ἀγαθαῖς
3063 5651 3375 5722 ἐμπρέπειν
3410 5647 3585 5710 εἰδὼς,
3622 5641 3707 5694 καὶ
