3982 6448
240 257 351 315 εδει

1186 252 1743 313 COMMENTARIUS
1782 250 1851 309 IN
1891 251 2127 311 OSEAM
2167 252 2619 312 PROl’ilETAM.

3450 265 3560 323 290

244 374 643 448 άπαράφοορον
669 376 729 430 ὲν
754 374 935 446 ἑαυτῷ
962 375 1211 446 τηρήσας
1243 374 1345 445 τὴν
1374 373 1578 427 πίστιν.
1603 371 1855 428 Μεσολα-

1962 371 2223 425 servavit.
2264 370 2419 441 Step0
2455 371 2601 426 enim
2644 380 2926 442 peccatum
2970 387 3031 429 se
3069 374 3398 446 interponit,
3436 390 3493 436 et
3527 396 3560 437 a

243 468 327 520 ϐεῖ
377 467 490 535 γὰρ
536 466 801 530 πολλάκις
842 468 875 537 ἡ
929 465 1211 537 ἁμαρτία,
1255 466 1352 520 καὶ
1408 464 1647 535 διίστησι
1690 464 1850 518 Θεοῦ.

242 557 401 611 Κατά
442 556 538 609 τὸν
585 556 703 609 ἴσον
750 556 807 610 δὲ
859 558 1062 629 τρόπον
1099 557 1364 612 ἀποσοϐεῖ
1391 556 1555 611 πάλιν
1588 556 1688 627 τῆς
1718 556 1856 628 πρὸς

242 649 405 702 αὐτὸν
426 649 767 719 οἰκειότητος
792 649 886 702 καὶ
908 649 971 703 τὸ
994 648 1358 719 προσκεῖσθαι
1386 652 1593 718 φωναῖς
1625 650 1856 702 ἀνοσίων

241 740 772 811 ψευδοδιδασκὰλων.
808 742 1187 812 Παραιτητέον
1220 740 1283 813 δὴ
1310 737 1404 796 οὖν
1436 745 1549 805 τοῖς
1578 740 1855 795 ἐθέλουσιν

244 832 409 901 ἐγγὺς
443 826 589 885 εἶναι
620 832 778 898 Θεοῦ,
808 832 877 886 τὰ
905 831 971 885 δι’
1005 826 1081 886 ὧν
1116 832 1182 887 ἂν
1208 835 1452 902 γένοιντο
1485 835 1724 905 μακράν.

310 963 584 1028 Χαναὰν,
621 965 694 1019 ὲν
735 965 890 1034 χειρὶ
934 966 1126 1020 αὑτοῦ
1161 965 1336 1037 ζυγὸς
1382 967 1641 1035 ἀδικίας,
1680 985 1859 1023 κατα-

240 1057 653 1112 δυναστεύειν
680 1057 983 1129 ἠγάπησε.
1020 1059 1130 1112 Καὶ
1160 1054 1332 1113 εἶπεν
1364 1061 1615 1130 Ἐφραΐμ
1635 1077 1648 1091 ο
1684 1062 1860 1129 Πλὴν

244 1152 667 1220 πεπλούτηκα,
707 1152 935 1221 εῢρηκα
976 1152 1311 1222 ἀναψυχὴν
1335 1153 1590 1222 ἐμαυτῷ.
1628 1155 1859 1221 Πάντες

240 1247 292 1297 οι
308 1245 489 1297 πόνοι
522 1244 715 1299 αὐτοῦ
736 1246 808 1298 οὺ
812 1264 850 1315 χ
873 1244 1310 1314 εὑρεθήσονται
1332 1244 1495 1312 αὐτῷ
1519 1245 1594 1301 δι’
1619 1247 1859 1316 ἀδικίας

239 1337 313 1403 (ῖς
346 1337 641 1408 ἥμαρτεν.

309 1469 453 1524 ΡΜ’.
499 1470 672 1526 Ὅσον
715 1472 815 1542 μὲν
844 1472 952 1546 γὰρ
992 1475 1119 1544 ἥκει
1164 1476 1244 1539 εῖς
1285 1493 1349 1546 γε
1398 1475 1458 1529 τὸ
1497 1475 1686 1530 δοκοῦν
1715 1476 1857 1547 Θεῷ,

240 1563 551 1633 τετήρηκεν
599 1563 667 1617 ἂν
713 1564 862 1630 ἔλεός
899 1584 961 1620 τε
994 1569 1089 1621 καὶ
1133 1568 1329 1641 κρίμα,
1373 1569 1468 1623 καὶ
1511 1568 1572 1623 τὸ
1616 1570 1860 1639 ἐγγίζειν

242 1655 393 1727 αὐτῷ
423 1655 727 1722 διαπαντὸς
753 1661 781 1712 ό
803 1658 1066 1731 Ἐφραῖμ.
1086 1662 1307 1733 Ἐπειδὴ
1332 1663 1390 1716 δὲ
1421 1663 1619 1734 φρενὸς
1646 1663 1859 1718 ἀπώλι-

1959 460 2072 518 Deo
2109 464 2371 532 disiungit
2412 479 2477 519 ac
2520 471 2757 534 separat.
2798 464 2996 519 Eodem
3040 482 3256 537 quoque
3294 474 3454 526 modo
3492 474 3560 527 ab

1957 554 2075 623 ejus
2118 556 2498 612 fatitiliaritate
2540 568 2692 611 arcet
2741 558 3334 629 pseudomagistmrum
3379 564 3562 632 impiis

1959 646 2304 702 sermonibus
2348 648 2589 702 deditum
2638 665 2778 705 esse.
2828 650 2986 720 1'73
3031 649 3352 707 Volentibus
3396 653 3564 723 igitur

1962 740 2073 793 Deo
2102 741 2439 809 pmpiuquos
2470 755 2613 807 esse,
2648 744 2975 798 relnoveuda
3011 755 3136 797 sunt
3167 758 3263 815 per
3290 760 3411 815 quae
3444 745 3561 801 lon-

1962 831 2146 902 ginqui
2176 830 2245 885 ab
2274 846 2339 887 eo
2374 832 2527 886 (iant.

2034 968 2198 1024 Vens.
2244 967 2299 1034 7,
2338 969 2391 1024 8.
2435 970 2714 1037 Chanaan,
2751 973 2806 1026 in
2852 988 3015 1028 manu
3058 974 3172 1043 ejus
3216 985 3416 1030 statera
3456 977 3563 1030 ini-

1962 1061 2213 1131 quitatis,
2260 1062 2553 1129 opprimere
2594 1082 2686 1131 per
2726 1067 3013 1135 potentiam
3055 1067 3263 1122 dilexit.
3312 1068 3379 1122 Et
3426 1070 3561 1123 dixit

1965 1151 2220 1222 Epitraim
2262 1168 2280 1206 :
2337 1152 2704 1208 Verumtamen
2752 1156 2894 1210 dives
2938 1157 3153 1225 e/fectus
3196 1175 3345 1220 sum,
3389 1160 3562 1213 iuveni

1962 1245 2193 1315 requiem
2226 1245 2376 1298 mihi.
2408 1244 2600 1299 Omnes
2634 1248 2840 1301 labores
2872 1248 2986 1316 ejus
3021 1265 3124 1303 uou
3157 1249 3486 1304 invenientur
3513 1250 3563 1304 ei

1960 1348 2171 1408 propter
2198 1338 2504 1407 iniquitates
2540 1356 2673 1409 quas
2708 1342 2961 1409 peccavit.

1963 1473 1975 1485 '
2033 1467 2190 1525 CXL.
2232 1472 2386 1538 Quod
2428 1473 2625 1527 attinet
2666 1474 2732 1529 ad
2775 1474 3172 1543 beneplacitum
3220 1478 3337 1546 Dei,
3373 1492 3561 1534 custo-

1964 1562 2133 1618 disset
2167 1564 2599 1621 misericordiam
2635 1576 2688 1621 et
2716 1564 2982 1634 judicium
3007 1609 3023 1635 ,
3058 1581 3113 1625 et
3145 1571 3446 1628 sltlduissct
3483 1574 3560 1628 illi

1964 1657 2399 1726 appropinquare
2444 1671 2663 1728 semper
2706 1658 2988 1729 Ephraim.
3032 1662 3139 1717 Sed
3185 1666 3313 1734 quia
3361 1667 3559 1719 bonam

242 1748 369 1801 σθεν
395 1748 643 1821 ἀγαθῆς,
674 1751 769 1805 καὶ
791 1751 859 1805 δι’
879 1752 1099 1816 οὐδενὸς
1125 1755 1419 1825 πεποίηται
1444 1754 1604 1823 λόγου
1626 1755 1695 1808 τὰ
1718 1755 1856 1809 οὓτω

1965 1755 2202 1801 mentem
2234 1748 2435 1810 amisit,
2464 1756 2518 1803 et
2548 1764 2636 1804 res
2667 1748 2802 1805 adeo
2830 1753 3168 1808 venerandas
3197 1754 3562 1826 colcndasque

241 1840 418 1892 σεπτά
448 1839 551 1893 καὶ
582 1839 762 1910 τίμια,
789 1841 1016 1911 γέγονεν
1047 1843 1106 1895 ὲν
1133 1845 1232 1913 ῖσῳ
1262 1846 1377 1908 τοῖς
1400 1844 1714 1913 ἀλλογενὲσι
1739 1847 1855 1900 Χα-

240 1933 486 1996 ναναίοις
532 1932 696 1999 ἀθεός
738 1952 798 1987 τε
830 1935 925 1989 καὶ
978 1936 1245 2008 δυσσεϐὴς
1272 1979 1287 2003 ,
1335 1938 1430 1992 καὶ
1484 1939 1565 1992 ὅτι
1617 1939 1857 2009 μάλιστα

239 2025 452 2097 χαίρων
477 2026 576 2079 ἐπὶ
596 2029 711 2091 τοῖς
738 2030 839 2099 τῆς
856 2028 1189 2100 φαυλότητος
1209 2030 1453 2101 τρόποις,
1478 2031 1573 2086 καὶ
1598 2032 1858 2106 βαρϐάρῳ

241 2116 439 2189 γνώμῃ
470 2116 577 2187 τῆς
616 2118 921 2190 ἀλλοτρίων
967 2120 1264 2191 ἐπιθυμίας
1305 2122 1575 2193 ἀχαλίνως
1605 2123 1857 2195 ἡττώμε-

241 2226 350 2272 νος.
384 2209 605 2263 Οὐκοῦν
637 2209 748 2264 ἔδει
795 2211 896 2283 μὲν
935 2213 1027 2266 τὸν
1054 2213 1296 2286 Ἐφραῖμ
1343 2213 1591 2286 ζηλωτὴν
1625 2218 1856 2288 ὁρᾶσθαι

240 2300 333 2355 τοῦ
369 2304 732 2376 προπάτορος
757 2302 976 2371 Ἰακὼϐ,
1012 2307 1107 2359 καὶ
1138 2308 1238 2378 τῆς
1273 2309 1484 2362 ἐκείνου
1512 2308 1858 2382 δικαιοσύνης

238 2394 361 2448 κατ’
419 2396 573 2466 ἴχνος
623 2396 765 2454 ίέναι
812 2398 1008 2467 φιλεῖν.
1051 2400 1215 2453 Ἀλλά
1280 2401 1475 2470 γέγονε
1528 2403 1853 2467 Χαναναῖος.

244 2485 498 2557 Πῦρηται
549 2488 663 2559 γὰρ
724 2491 948 2560 ιΖυγὺς
997 2492 1212 2556 ἀδικίας
1262 2494 1320 2545 ὲν
1363 2494 1553 2565 χερσὶν
1601 2495 1789 2559 αὐτοῦ,
1832 2516 1851 2547 ι

234 2581 552 2648 τουτέστιν,
584 2582 844 2654 ἀνισότης
908 2584 1001 2637 καὶ
1030 2584 1332 2649 πλεονεξία.
1364 2584 1638 2657 Τετίμηκε
1665 2588 1774 2660 γὰρ
1797 2591 1857 2643 ὲν

242 2673 341 2743 ῖσῳ
371 2675 489 2737 τοῖς
527 2673 710 2726 ἔθνεσι
762 2678 876 2738 τοῖς
907 2676 1006 2730 οὐκ
1048 2677 1213 2731 εἰδόσι
1245 2678 1397 2740 Θεὸν,
1432 2678 1531 2749 τὴν
1578 2680 1856 2749 ἐπάρατον

241 2762 742 2818 καταδυναστείαν.
767 2756 879 2820 Καὶ
900 2767 982 2819 ὅτι
1017 2767 1117 2839 μὲν
1142 2767 1489 2841 ὲπλημμέλει
1510 2768 1668 2823 τοῦτο
1688 2770 1853 2841 δρῶν,

243 2858 445 2909 ἐννοεῖν
478 2856 586 2909 οὐκ
619 2857 796 2926 ἠξίου.
825 2857 1197 2931 Ἐπετὲρπετο
1224 2860 1279 2914 δὲ
1309 2862 1457 2933 μόνῳ
1485 2862 1562 2933 τῷ
1604 2864 1855 2917 πλουτεῖν

243 2949 334 3002 καὶ
367 2951 614 3020 τρυφᾷν,
646 2949 722 3015 ὡς
760 2951 863 3005 οὐκ
892 2954 1200 3023 ἐφορῶντος
1226 2954 1384 3020 Θεοῦ,
1420 2957 1497 3019 ὡς
1544 2957 1728 3011 οὐκέτι
1760 2975 1857 3012 κα-

241 3039 699 3111 τασκεπτομένου
733 3044 863 3107 τοὺς
906 3044 1001 3096 ἐπὶ
1048 3045 1149 3115 τῆς
1184 3046 1306 3117 γῆς,
1352 3048 1446 3100 καὶ
1482 3049 1595 3111 τοῖς
1648 3048 1857 3103 ἀδικεῖν

238 3133 527 3187 ἐθέλουσιν
592 3134 961 3206 ἐπιτιμῶντος
1017 3135 1262 3200 δικαίως.
1313 3137 1599 3202 ’Λπονοίας
1651 3138 1706 3192 δὲ
1755 3139 1857 3209 τῆς

240 3227 486 3297 ἐσχάτης
530 3226 620 3299 εἴη
649 3228 717 3282 ἂν
752 3230 1029 3296 ἀπόδειξις
1062 3230 1323 3301 ἐναργὴς,
1352 3232 1413 3283 τὸ
1441 3233 1505 3285 ὲκ
1528 3234 1732 3296 παντὸς
1759 3234 1856 3303 μὲν

239 3321 450 3390 τρόπου
502 3322 759 3375 πλουτεῖν
805 3323 1122 3392 ἐπείγεσθαι
1165 3324 1257 3377 τὸν
1298 3323 1560 3396 Ἐφραῒμ,
1603 3327 1755 3381 οὐδὲν
1800 3327 1857 3382 δὲ

241 3409 381 3467 εἶναι
412 3414 666 3485 νομίζειν
707 3415 776 3467 τὰ
837 3414 897 3480 ἐξ
938 3416 1198 3487 ἁρπαγῆς
1227 3418 1319 3471 καὶ
1353 3417 1475 3487 βίας
1508 3418 1854 3489 ἐγκλήματα,

244 3506 646 3576 σεμνολόγημα
679 3507 737 3560 δὲ
776 3506 966 3579 ὥσπερ
1014 3506 1285 3561 ποιεῖσθαι
1319 3507 1506 3561 λοιπὸν
1543 3510 1606 3561 ἐκ
1655 3508 1857 3579 πολλῆς

240 3596 385 3664 ἄγαν
440 3597 813 3668 ἀποπληξίας,
845 3598 912 3650 τὰ
958 3594 1039 3661 οἷς
1093 3599 1200 3651 ἔδει
1256 3599 1457 3670 μᾶλλον
1498 3599 1853 3671 ὲπερυθριᾷν.

245 3690 393 3761 Ἔφη
450 3690 565 3761 γάρ
589 3707 605 3719 °
643 3709 660 3742 ι
692 3690 839 3761 Πλὴν
896 3691 1273 3763 πεπλούτηκα,
1303 3690 1526 3764 ηὕρηκα
1573 3692 1856 3765 ἀναψυχὴν

240 3782 497 3854 ἐμαυτῷ.
525 3802 543 3835 ι
580 3783 647 3836 Τί
677 3779 771 3837 οὖν
807 3785 946 3853 πρὸς
978 3785 1152 3838 ταῦτα
1178 3784 1348 3849 Θεός;
1388 3804 1407 3838 t
1439 3785 1648 3849 Πάντες
1674 3787 1724 3839 oi
1754 3787 1853 3839 πό-

238 3893 319 3929 νοι
373 3874 551 3928 αὐτοῦ
595 3875 695 3946 οὐχ
744 3874 1132 3947 εὑρεθήσονται
1184 3874 1354 3947 αὐτῷ,
1398 3875 1486 3928 διὰ
1527 3874 1739 3938 ἀδικίας
1791 3874 1857 3939 ἂς

236 3969 486 4039 ἥμαρτεο
521 3988 540 4020 ³
588 3970 700 4021 Καὶ
734 3968 845 4039 γάρ
878 3968 1026 4021 ἐστιν
1057 3967 1277 4038 ἀληθὲς,
1308 3969 1389 4022 ὄτι
1426 3989 1442 4020 ι
1479 3967 1713 4031 Πλοῦτος
1740 3965 1857 4020 ἀδί-

235 4079 354 4125 κως
388 4059 767 4131 συναγόμενος
791 4059 877 4127 ὲξε
886 4059 1209 4131 μεθήσεται,
1240 4077 1257 4112 ι
1293 4060 1433 4114 κατά
1453 4058 1515 4113 τὸ
1533 4059 1859 4129 γεγραμμὲδ

234 4172 348 4211 νον.
386 4156 503 4210 Καὶ
537 4154 602 4227 δὴ
634 4156 747 4217 τοῖς
778 4150 1054 4207 ἐθέλουσιν
1085 4154 1142 4221 ἐξ
1169 4153 1387 4218 ἀδικίας
1431 4153 1733 4223 συλλέγειν,
1764 4150 1859 4209 καὶ

239 4250 498 4303 πλουτεῖν
538 4249 605 4301 ὲκ
638 4246 974 4313 πλεονεξίας,
1004 4246 1350 4317 ὲπιφωνείτω
1391 4262 1477 4311 τις
1527 4247 1628 4320 ἤδη
1677 4246 1739 4300 τὸ
1771 4242 1859 4302 διὰ

240 4343 432 4412 φωνῆς
470 4341 633 4408 ἀγίσυ
656 4354 670 4368 ·
716 4339 939 4393 Βέλτιον
971 4334 1040 4409 ἦν
1075 4356 1136 4393 σε
1172 4358 1191 4389 ι
1220 4341 1394 4393 ποιεῖν
1424 4341 1621 4412 κρίμα,
1658 4340 1752 4394 καὶ
1786 4340 1862 4394 δι-

241 4432 545 4503 καιοσύνην
594 4432 807 4500 καλήψ
837 4450 857 4483 ι
893 4431 1260 4502 προκειμένου
1292 4434 1401 4506 γὰρ
1434 4433 1529 4486 τοῦ
1559 4431 1705 4486 θείου
1755 4431 1856 4503 βή-
1889 4478 1935 4535 D

242 4541 440 4595 ματος,
477 4544 494 4576 ι
522 4522 639 4575 Οὐκ
672 4522 1017 4597 ὠφελήσουσι
1050 4522 1148 4592 μὲν
1183 4521 1451 4594 θησαυροὶ
1481 4523 1736 4593 ἀνόμους,
1780 4522 1859 4575 διὸ

241 4617 511 4687 καιοσύνη
539 4615 596 4669 δὲ
625 4615 850 4687 ῥύσεται
875 4617 940 4669 ὲκ
968 4615 1223 4672 θανάτου.
1253 4634 1271 4667 ι
1300 4608 1467 4689 Καὶῇ
1496 4632 1631 4685 φησι
1657 4618 1684 4668 ὁ
1711 4615 1861 4685 Παρ-

241 4706 561 4778 οιμιαστὴς,
598 4724 617 4757 t
649 4707 939 4777 Κρείσσων
970 4706 1144 4778 μικρά
1174 4706 1331 4778 μερὶς
1366 4705 1507 4776 μετὰ
1549 4705 1718 4775 φόϐου
1749 4707 1860 4759 Κυ-

246 4802 381 4872 ρίου,
418 4798 450 4868 ἢ
490 4798 759 4869 θησαυροὶ
791 4798 1021 4870 μεγάλοι
1050 4799 1191 4872 μετὰ
1220 4797 1475 4870 ἀφοϐίας.
1511 4817 1529 4851 ι
1557 4798 1668 4853 Kal.
1698 4797 1862 4852 πάλιν

242 4896 269 4943 ὁ
296 4891 463 4953 αὑτός
490 4907 504 4920 ·
543 4906 562 4941 t
592 4890 882 4960 Κρείσσων
913 4890 1070 4960 ὀλίγη
1116 4889 1280 4961 λῆψις
1330 4893 1467 4961 μετά
1490 4889 1862 4960 δικαιοσύνης,

243 4984 277 5054 ἢ
306 4982 486 5037 πολλά
517 4984 837 5053 γεννήματα
870 4982 1011 5053 μετά
1038 4980 1275 5044 ἀδικίας.
1306 4999 1325 5033 ι
1357 4981 1503 5054 Πλὴν
1535 4981 1592 5035 αἱ
1621 4981 1853 5053 πράξεις

244 5078 412 5147 ἡμᾶς,
448 5075 547 5129 καὶ
586 5074 619 5145 ἡ
653 5073 762 5127 τῶν
799 5074 977 5145 ἔργων
1012 5074 1258 5143 ποιότης,
1290 5072 1476 5139 ἀξίους
1502 5072 1615 5126 ἔσθ’
1645 5074 1734 5127 ὅτε
1753 5074 1855 5144 τῆς

245 5170 350 5221 τῶν
386 5170 565 5237 ἁγίων
597 5164 861 5239 Πατέρων
891 5167 1176 5235 εὐγενείας
1202 5165 1478 5232 ἀποτελεῖ,
1505 5165 1768 5238 ἀπονέμει
1796 5165 1854 5221 δὲ

249 5265 338 5316 καὶ
390 5261 674 5332 πατράσιν
718 5259 1089 5331 ἁμαρτωλοῖς.
1141 5258 1425 5326 Διοίσομεν
1471 5260 1581 5329 γὰρ
1616 5258 1736 5311 κατ’
1767 5258 1857 5311 οὺ-

249 5353 367 5407 δένα
398 5354 606 5425 τρόπον
629 5351 739 5405 τῶν
761 5353 819 5405 ὲν
851 5349 1078 5421 ἀσεϐείᾳ
1108 5349 1475 5420 βεϐιωκότων,
1503 5351 1551 5401 εί
1576 5348 1645 5403 τὰ
1674 5347 1857 5401 αὐτῶν

255 5444 581 5514 μ’μοίμεθα.
618 5442 913 5513 Ταύτῃτοι,
944 5440 1246 5512 κεκλῆσθαί
1292 5456 1476 5509 φαμεν
1506 5437 1733 5491 Χαναὰν
1766 5437 1857 5490 τὸν

264 5537 524 5609 Ἐφραίμ.
568 5536 893 5607 Πεφρὸνηκε
928 5534 1037 5605 γὰρ
1066 5535 1135 5587 τὰ
1160 5526 1492 5600 ἀλλογενῶν.
1522 5530 1857 5599 ’Λλλογενεῖς

1960 1837 2119 1892 nihili
2148 1836 2296 1903 fecit,
2322 1836 2656 1896 Chananmis
2682 1841 3006 1913 alienigenis
3036 1842 3211 1899 factus
3236 1855 3318 1900 est
3343 1848 3560 1915 similis,

1960 1928 2154 1985 atheus
2179 1939 2232 1985 et
2255 1930 2475 2009 impius,
2497 1940 2553 1986 et
2577 1932 2820 1988 moribus
2846 1939 3074 2003 nequam
3105 1936 3397 2006 plurimum
3423 1955 3558 2009 gau-

1960 2020 2128 2087 dens,
2163 2031 2219 2076 et
2251 2005 2435 2077 animo
2469 2021 2761 2079 barbarico
2795 2005 3312 2094 cupiditateircrutn
3351 2005 3563 2084 aliena-'-

1962 2128 2081 2168 rum
2128 2113 2456 2183 impotenter
2493 2113 2834 2188 subiugatus.
2879 2116 3023 2190 Ergo
3069 2119 3299 2175 debebat
3340 2121 3560 2190 quidem

1960 2206 2217 2277 Ephraim
2261 2209 2421 2279 primi
2468 2210 2641 2278 patris
2683 2210 2765 2265 sui
2804 2209 2971 2265 Jacob
3006 2211 3231 2268 annulus
3267 2213 3461 2279 videri,
3504 2218 3561 2270 et

1959 2311 2059 2365 per
2084 2298 2307 2369 vestigia
2335 2298 2562 2367 justitire
2591 2298 2706 2368 ejus
2736 2300 2967 2356 libenter
2994 2302 3276 2371 incedere;
3308 2306 3402 2360 sed
3431 2322 3560 2362 cva-

1958 2390 2029 2445 sit
2058 2390 2418 2447 (Jhananzeus.
2440 2391 2664 2446 Inventa
2689 2402 2775 2447 est
2798 2394 2941 2448 enim
2971 2411 2991 2446 ι
3024 2403 3227 2450 statera
3257 2397 3560 2468 iniquitatis

1961 2482 2014 2536 in
2062 2498 2225 2537 manu
2272 2485 2425 2554 ejus,
2470 2503 2490 2537 ι
2541 2486 2641 2541 hoc
2682 2495 2784 2553 est,
2826 2487 3165 2557 inaequalitas
3207 2499 3261 2544 et
3303 2492 3557 2547 avaritia.

1959 2576 2094 2631 Nam
2124 2592 2274 2633 more
2301 2579 2543 2646 gentium
2571 2579 2740 2633 Deum
2771 2579 3136 2649 ignorantium
3164 2584 3556 2639 exsecrandam

1958 2668 2367 2737 oppressionem
2404 2684 2502 2738 pro
2534 2684 2733 2739 magno
2763 2669 2971 2725 habuit.
3006 2670 3071 2725 Et
3105 2685 3163 2726 se
3197 2687 3423 2741 peccare
3458 2673 3560 2729 hoc

1958 2760 2229 2829 faciendo,
2257 2762 2499 2832 cogitare
2526 2763 2719 2817 noluit.
2742 2762 2887 2818 Solis
2909 2764 3114 2819 divitiis
3136 2766 3484 2835 acquirendis
3505 2775 3561 2823 et

1956 2854 2327 2926 voluptatibus
2365 2856 2762 2919 delectabatur,
2805 2855 2960 2925 quasi
3010 2856 3122 2911 Deo
3164 2872 3270 2911 non
3305 2858 3557 2924 vidente,

1958 2963 2059 3004 nec
2099 2948 2328 3017 amplius
2370 2950 2620 3004 homines
2662 2950 2716 3003 in
2758 2949 2922 3004 terris
2956 2948 3229 3015 visitante,
3265 2962 3322 3005 et
3363 2949 3561 3019 injuste

1959 3051 2185 3111 agentes
2209 3042 2356 3108 juste
2391 3041 2682 3097 inuitante.
2716 3041 2810 3097 Est
2840 3049 3021 3096 autem
3052 3052 3310 3097 extrema:
3338 3043 3562 3099 demeno

1885 3117 1927 3175 C
1961 3134 2049 3187 tite
2089 3143 2467 3204 argumentum
2504 3135 2897 3202 certissimum,
2934 3133 3189 3206 Ephraim
3232 3138 3406 3192 modis
3436 3152 3559 3193 om-

1962 3227 2123 3282 nibus
2153 3228 2220 3282 ad
2253 3228 2471 3284 divitias
2503 3228 2872 3284 corradendas
2902 3229 3247 3297 incumbere,
3272 3243 3325 3286 et
3358 3229 3563 3301 rapinae

1959 3334 2025 3376 ac
2056 3322 2332 3377 violentiae
2376 3323 2607 3376 crimina
2653 3305 2805 3393 nihili
2849 3321 3069 3390 facere;
3115 3324 3208 3378 sed
3254 3340 3321 3379 ex
3367 3340 3564 3397 magno

1960 3418 2180 3484 stupore
2211 3414 2389 3467 adhuc
2419 3412 2719 3469 honoriﬁce
2745 3415 3150 3485 quodammodo
3178 3417 3247 3472 de
3278 3430 3338 3472 se
3368 3419 3562 3488 przedi-

1960 3518 2106 3571 care,
2125 3508 2194 3561 ob
2219 3521 2339 3577 quae
2368 3515 2652 3576 prazstaret
2678 3508 2885 3575 pudore
2908 3506 3166 3563 sull‘uudi.
3186 3508 3278 3562 Ait
3301 3524 3558 3578 namque,

1966 3614 1986 3648 ‹
2034 3595 2415 3652 Verumtamen
2448 3596 2599 3652 dives
2639 3596 2861 3653 elfectus
2901 3612 3052 3661 sum,
3090 3598 3273 3653 inveni
3315 3598 3560 3668 requiem

1959 3690 2113 3745 mihi.
2150 3707 2172 3742 ι
2209 3689 2349 3757 Quid
2386 3691 2553 3761 igitur
2585 3690 2649 3746 ad
2686 3690 2800 3746 lucc
2835 3688 3012 3745 Deus?
3050 3709 3068 3741 ι
3110 3689 3315 3745 Omnes
3346 3690 3562 3746 labores

1958 3780 2077 3851 ejus
2122 3796 2228 3835 non
2274 3782 2619 3836 invenientur
2661 3782 2743 3848 ei,
2793 3790 3020 3853 propter
3063 3782 3379 3852 iniquitates
3424 3796 3562 3851 quas

1959 3872 2224 3941 peccavit.
2268 3890 2289 3925 ι
2325 3872 2521 3927 Verum
2560 3881 2645 3928 est
2679 3874 2854 3939 enim,
2896 3893 2914 3926 ι
2957 3873 3162 3929 divitiae
3199 3873 3398 3943 injuste
3429 3889 3561 3929 con~

1960 3969 2197 4031 gregatae
2225 3971 2550 4015 evomeutur
2566 3960 2635 4027 ⁸⁸,
2670 3978 2689 4011 ι
2724 3971 2782 4015 ut
2811 3963 3076 4031 scriptum
3104 3969 3208 4017 est.
3236 3961 3375 4029 Quin
3408 3973 3463 4017 et
3490 3978 3558 4017 ex

1960 4051 2254 4122 iniquitate
2287 4051 2615 4106 conantibus
2646 4066 2779 4121 opes
2813 4051 3101 4122 colligere,
3136 4063 3190 4107 et
3223 4068 3291 4108 ex
3327 4054 3557 4108 avaritia

1960 4144 2233 4201 ditescere
2264 4144 2391 4199 illud
2422 4144 2597 4198 sancti
2626 4144 2895 4214 quispiam
2926 4143 3221 4206 acclamet,
3258 4143 3447 4199 Melius
3476 4152 3561 4199 est

1965 4250 2017 4294 te
2061 4255 2081 4290 ι
2135 4236 2315 4293 laeere
2352 4237 2652 4306 judicium,
2697 4249 2753 4291 et
2787 4236 3053 4305 justitiam
3084 4234 3152 4290 “.
3204 4254 3223 4289 ι
3272 4234 3560 4304 Proposito

1964 4342 2204 4399 namque
2242 4329 2428 4385 divino
2466 4329 2725 4384 tribunali
2767 4347 2787 4381 ε
2828 4340 2937 4384 non
2980 4329 3279 4399 proderunt
3314 4330 3556 4385 thesauri

1963 4420 2198 4490 iniquis;
2226 4421 2439 4490 jusﬁtia
2471 4429 2652 4476 autem
2689 4421 2945 4477 liberabit
2976 4436 3005 4475 a
3039 4432 3216 4477 morte
3238 4421 3307 4477 ⁸⁷.
3344 4442 3364 4476 ι
3400 4423 3464 4478 Ει
3498 4431 3558 4478 ut

1960 4514 2038 4569 ait
2069 4513 2455 4569 Paroemiastes
2494 4531 2508 4568 :
2549 4531 2569 4566 ι
2614 4511 2805 4569 Melior
2836 4523 2923 4570 est
2956 4529 3122 4584 parva
3160 4528 3286 4584 pars
3323 4524 3446 4570 cum
3485 4516 3557 4571 ti-

1960 4616 2114 4660 more
2142 4602 2383 4671 Domini,
2415 4619 2579 4675 quam
2612 4606 2852 4661 thesauri
2886 4606 3066 4677 magni
3100 4621 3222 4662 cum
3256 4606 3441 4663 animo
3472 4608 3560 4663 in-

1959 4698 2171 4769 trepido
2187 4697 2255 4752 ⁸⁸.
2286 4715 2306 4750 ι
2335 4697 2403 4753 Ει
2427 4713 2619 4755 rursus
2644 4699 2785 4754 idem
2810 4717 2824 4754 :
2856 4718 2875 4753 ι
2906 4698 3097 4756 Melior
3122 4714 3291 4770 pauca
3317 4701 3559 4769 acceptio

1959 4805 2081 4846 cum
2103 4790 2339 4861 iustitia,
2358 4807 2523 4861 quam
2544 4791 2713 4847 multa
2730 4792 2974 4863 germina
2995 4808 3119 4847 cum
3137 4793 3508 4864 iniquitate".
3536 4813 3554 4847 ι

1960 4885 2450 4942 Verumenimvero
2476 4886 2721 4941 actiones
2748 4900 2866 4953 nos,
2901 4884 3064 4960 174
3090 4895 3146 4943 et
3170 4901 3396 4958 operum
3427 4903 3563 4957 qua-

1960 4979 2086 5036 litas
2112 4988 2427 5035 sanctorum
2465 4978 2687 5034 Patrum
2724 4978 3011 5035 nobilitate
3046 4981 3340 5052 aliquando
3370 4984 3561 5054 dignos

1960 5072 2233 5138 eliiciunt,
2268 5085 2324 5128 et
2360 5075 2607 5143 patribus
2644 5073 3025 5144 peccatoribus
3060 5075 3266 5132 similes
3305 5078 3557 5137 reddunt.

1962 5165 2121 5221 Nullo
2148 5167 2345 5237 quippe
2374 5166 2533 5222 modo
2558 5166 2626 5222 ab
2657 5167 2741 5222 his
2768 5166 2859 5237 qui
2890 5165 3054 5237 impie
3077 5167 3329 5223 vixerunt
3354 5167 3555 5223 discre-

1965 5259 2215 5330 pabimus
2235 5300 2251 5326 ,
2281 5261 2324 5316 si
2362 5260 2600 5331 ipsorum
2634 5273 2815 5316 mores
2848 5259 3145 5315 imitemur.
3174 5258 3380 5315 Idcirco
3411 5260 3553 5316 dici-

1964 5367 2085 5406 mus
2110 5351 2366 5420 Ephraim
2392 5333 2640 5408 vocatum
2669 5366 2787 5407 esse
2808 5350 3090 5406 Chanaan.
3112 5351 3189 5407 Eo
3209 5350 3352 5404 enim
3377 5351 3563 5418 animo

1965 5444 2186 5499 fuerunt
2207 5458 2315 5512 quo
2335 5444 2680 5514 alienigenae;
2700 5442 2994 5498 Chanantci
3014 5450 3194 5496 autem
3218 5440 3558 5514 alienigenae,

1966 5547 2021 5590 et
2060 5546 2279 5606 propter
2313 5537 2646 5609 impietatem
2685 5537 2935 5592 infames.
2974 5535 3207 5593 Proinde
3241 5544 3299 5595 et
3334 5535 3556 5618 quidam

325 5719 369 5750 ⁸⁵
408 5715 510 5773 Job
541 5732 633 5785 xx,
671 5716 757 5773 i5.
836 5716 883 5749 ⁵⁸
922 5712 1035 5770 Jer.
1066 5729 1201 5782 xm,
1236 5713 1287 5767 5.
1354 5712 1398 5743 ⁵⁷
1439 5710 1596 5766 Prov.
1634 5724 1685 5775 ι,
1718 5707 1773 5764 2.
1852 5708 1856 5737 ¹

1962 5709 2097 5764 ’rov.
2131 5724 2219 5775 xv,
2255 5709 2342 5765 16.
2422 5712 2467 5743 ⁸⁸
2508 5711 2668 5769 Prov.
2701 5728 2811 5781 xvi,
2843 5714 2902 5775 8.
