3982 6480
474 216 573 273 991

1467 209 1528 265 S.
1568 208 1841 266 CYRILLI
1881 206 2353 266 ALEXANDRINI
2390 204 2714 263 ARCHIEP.

3640 215 3734 274 299.

476 337 847 403 iucrcpantur,
878 329 1201 386 facinorosae
1227 329 1472 388 audacia:
1503 342 1618 384 suae
1650 330 2057 394 convenienter,

2172 327 2221 381 δὲ
2275 329 2324 381 οί
2377 327 2706 389 Χαναναῖοι,
2754 323 2849 376 καὶ
2891 321 2977 375 ἐπ’
3015 319 3270 392 ἀθεότητι
3318 320 3735 400 διαϐεϐλημένον

479 427 782 493 audientes,
819 442 839 478 ι
875 438 1062 481 semen
1093 423 1372 484 Chanaan.
1401 430 1456 478 et
1486 436 1592 476 non
1622 419 1760 476 Jnda
1786 422 1851 474 °'.
1890 439 1909 473 ι

554 698 715 753 Vens.
744 696 799 764 9,
831 696 918 751 10.
955 695 1067 766 Ego
1095 704 1271 748 autem
1300 692 1559 748 Dominus
1588 693 1729 749 Deus
1760 701 1881 748 tuus
1910 694 2070 748 eduxi

478 801 527 845 te
560 794 624 844 de
658 802 799 843 terra
826 786 1067 858 .‘Egypti.
1098 786 1286 840 Adhuc
1318 785 1556 840 habitare
1589 796 1638 839 te
1669 784 1866 853 faciam
1901 786 1954 839 in
1989 794 2071 839 ta-

479 880 797 945 bernaculis,
827 881 957 933 sicut
991 880 1045 931 in
1075 879 1259 933 diebus
1288 876 1657 931 solemnitatis.
1686 874 1757 929 Et
1788 876 1978 945 loquar
2000 875 2069 929 ad

475 971 783 1040 prophetas.
823 966 889 1019 Et
929 983 1023 1036 ego
1064 967 1289 1021 visiones
1324 965 1696 1035 multiplicavi,
1730 976 1779 1020 et
1815 967 1871 1018 iu
1911 982 2070 1019 manu

476 1061 849 1130 prophetarum
885 1058 1214 1112 assimilatas
1248 1073 1385 1110 sum.

546 1151 726 1205 CXLI.
768 1151 1029 1205 Chanaan
1061 1147 1350 1219 appellavit
1381 1147 1662 1218 Ephraim,
1697 1154 1756 1203 ut
1785 1146 1919 1214 dixi,
1948 1162 2069 1201 ma-

372 1254 379 1257 '
479 1241 675 1298 nileste
702 1255 1002 1310 coarguens
1027 1248 1085 1304 ut.
1113 1239 1390 1293 inimicum
1418 1238 1806 1294 misericordias
1831 1248 1885 1292 et
1905 1237 2070 1308 justi-

481 1335 596 1397 tim,
624 1342 678 1387 et
706 1341 1001 1387 sectantem
1037 1329 1216 1398 potius
1247 1328 1751 1399 inaequalitatem’et
1783 1330 2070 1388 avaritiam

477 1435 533 1481 et
558 1422 856 1493 iniquitatis
880 1433 1045 1475 omne
1067 1436 1258 1490 genus.
1288 1419 1486 1475 Verum
1514 1435 1643 1477 ecce
1668 1430 1900 1477 conatur
1929 1436 2070 1491 pra:-

477 1528 626 1573 terea
656 1516 944 1572 ostendere
962 1552 977 1578 ,
1010 1529 1117 1568 non
1142 1513 1318 1569 solum
1348 1515 1401 1568 in
1429 1514 1594 1572 rebus
1622 1516 1877 1570 humanis
1904 1515 2073 1570 fuisse

477 1609 666 1674 talem,
697 1608 789 1663 sed
818 1607 984 1664 etiam
1015 1606 1454 1676 appropinquare
1482 1605 1595 1661 Deo
1624 1607 1787 1662 rebus
1817 1607 1949 1678 ipsis
1980 1622 2072 1662 re-

477 1714 721 1758 cusasse.
749 1698 1032 1755 Insimulat
1061 1698 1228 1768 igitur
1256 1707 1316 1752 ut
1349 1698 1692 1768 ignorantem
1725 1676 2068 1754 liberatorem

2173 1693 2293 1765 Θεῷ
2324 1693 2415 1748 διὰ
2443 1696 2792 1766 πραγμάτων
2821 1695 3003 1751 αὐτῶν
3032 1693 3487 1768 παραιτούμενον.
3511 1698 3741 1754 Δίτιᾶται
3840 1752 3846 1761 ,

477 1808 660 1856 suum,
694 1803 754 1847 ut
783 1792 1069 1847 vecordem
1102 1805 1167 1847 ac
1201 1799 1515 1860 protervum
1549 1791 1811 1847 adversus
1841 1791 2070 1846 educto-

478 1903 594 1943 rem
628 1902 817 1951 suum,
855 1903 873 1938 ι
915 1886 989 1940 De
1023 1885 1183 1940 domo
1216 1884 1523 1951 servitutis,
1562 1885 1616 1939 in
1649 1884 1821 1955 signis
1851 1894 1907 1940 et
1939 1898 2071 1955 por-

480 1979 666 2042 tentis,
689 1977 817 2031 etin
838 1976 1060 2031 brachio
1077 1975 1293 2031 excelso
1310 1976 1378 2031 °‘.
1407 1975 1653 2046 s—tEgo
1678 1976 1845 2042 enim,
1872 1976 2069 2047 inquit,

478 2068 640 2125 eduxi
662 2082 758 2123 vos
778 2081 844 2122 ex
879 2067 1134 2138 Egypto.
1158 2085 1177 2120 ι
1206 2066 1342 2122 Dum
1380 2076 1561 2124 autem
1598 2067 1752 2135 dicit,
1791 2084 1810 2120 ι
1835 2068 2022 2135 eduxi,
2045 2086 2064 2120 ι

478 2171 700 2217 revocat
736 2174 836 2216 nos
869 2160 936 2214 ad
976 2158 1297 2215 memoriam
1332 2169 1673 2229 patratorum
1709 2175 1876 2232 super
1910 2161 2064 2231 ipsis,

480 2254 659 2325 quoad
698 2254 753 2308 in
788 2259 991 2307 terram
1027 2251 1275 2323 patribus
1308 2252 1546 2322 ipsorum
1582 2253 1907 2322 promissam
1940 2267 2070 2323 pro-

481 2346 610 2402 fecti
641 2354 786 2402 sunt.
820 2344 894 2400 Ea
928 2352 1192 2401 sexcenta
1225 2354 1376 2412 sunt,
1405 2353 1463 2399 et
1495 2359 1613 2414 qua:
1646 2347 1781 2400 satis
1809 2345 2068 2401 admirari

480 2452 641 2493 nemo
670 2446 867 2507 potest.
897 2434 1107 2490 Nullam
1140 2443 1320 2491 autem
1353 2436 1596 2492 relictam
1626 2436 1731 2493 illis
1757 2438 2069 2494 excusatio-

414 2521 421 2530 ’
479 2543 604 2583 nent
621 2528 689 2582 de
703 2526 973 2582 oblivione
990 2526 1180 2581 horum
1202 2526 1690 2598 docet,adjungens
1705 2545 1751 2584 ιι
1769 2526 1960 2584 Adhuc
1971 2528 2071 2584 ha-

478 2623 654 2677 hilare
672 2631 724 2676 te
739 2621 932 2677 faciam
952 2620 1004 2674 in
1023 2619 1405 2685 tabernaculis,
1426 2621 1570 2676 sicut
1586 2620 1638 2675 in
1653 2621 1847 2678 diebus
1871 2621 2068 2677 solem.

478 2712 688 2767 uitatis.
713 2730 733 2764 ι
759 2711 911 2778 Quod
952 2710 1082 2780 quid
1128 2709 1219 2772 sit,
1267 2709 1454 2765 audies
1477 2725 1717 2767 rursum.
1739 2710 1845 2767 Lex
1870 2711 2070 2784 Moysis

479 2803 534 2857 in
569 2816 754 2856 mense
779 2800 1029 2868 septimo,
1048 2799 1258 2855 decimo
1282 2799 1474 2868 quinto
1492 2800 1601 2867 die,
1634 2800 1832 2857 festum
1859 2800 2068 2858 Sceno-

478 2894 651 2964 pcgiae
671 2934 687 2959 ,
724 2907 818 2947 seu
853 2891 1354 2946 Tabernaculorum
1394 2892 1659 2948 celebrari
1689 2893 1873 2962 jussit.
1904 2893 2068 2963 Cujus

480 3002 602 3056 quae
635 2985 801 3039 fuerit
825 2983 1063 3047 occasio,
1098 2984 1212 3051 ipse
1244 2984 1518 3052 legislalor
1545 2985 1808 3051 declarat,
1837 2987 1904 3041 de
1932 2986 2067 3042 Sce-

481 3075 708 3145 uopcgia
746 3075 890 3129 hunc
925 3076 977 3128 in
1015 3075 1231 3129 modum
1270 3076 1498 3144 loquens
1532 3076 1583 3131 in
1622 3074 1867 3131 Levitico
1899 3092 1914 3129 :
1952 3094 1972 3128 ι
2010 3075 2066 3130 In

480 3180 669 3220 mense
708 3166 941 3234 septimo
981 3166 1565 3235 celebrabitis‘ipsam.
1604 3166 1661 3222 In
1705 3167 2070 3225 tabernaculis

481 3258 794 3314 habitabilis
839 3265 1045 3328 septem
1098 3259 1231 3314 dies.
1274 3259 1464 3315 Omnis
1511 3259 1765 3329 indigena
1809 3260 1861 3313 in
1906 3258 2066 3313 Israel

481 3349 752 3405 habitabit
797 3349 850 3403 in
895 3350 1281 3405 tabernaculis.
1322 3348 1393 3405 Ut
1431 3350 1649 3404 videant
1690 3351 2069 3420 generationes

480 3452 711 3507 vestrae,
744 3440 886 3510 quod
917 3440 971 3493 in
1006 3440 1369 3496 tabernaculis
1398 3439 1644 3496 habitare
1675 3440 1896 3495 fecerim
1928 3439 2069 3497 filios

481 3529 676 3596 Israel,
718 3544 841 3584 cum
886 3529 1169 3585 educerem
1216 3530 1339 3586 illos
1382 3531 1449 3586 de
1492 3538 1637 3585 terra
1675 3528 1916 3599 Egypti.
1954 3528 2069 3601 Ego

482 3622 745 3679 Dominus
782 3622 922 3678 Deus
953 3632 1131 3679 vester
1158 3623 1224 3676 ⁶².
1265 3640 1284 3674 ι
1319 3621 1507 3691 Itaque
1538 3622 1605 3677 ad
1639 3622 2065 3677 recordationem

480 3716 658 3770 exitus
670 3718 734 3771 de
749 3713 984 3787 Egypto
1002 3713 1196 3770 festum
1219 3715 1566 3786 peragebant.
1590 3714 1792 3777 Deinde
1809 3715 1905 3781 ait,
1923 3714 2069 3783 Quo-

486 3807 644 3862 modo
673 3807 848 3877 possis
875 3808 979 3862 mei
1005 3806 1288 3874 oblivisci,
1312 3807 1407 3877 qni
1436 3807 1599 3863 eduxi
1628 3817 1682 3864 te
1705 3823 1773 3864 ex
1796 3811 2067 3884 Atlgypm,

486 3898 645 3970 175
675 3899 852 3953 adhuc
883 3897 1136 3954 habitans
1164 3898 1218 3953 in
1250 3900 1641 3967 tabernaculis,
1671 3910 1728 3958 et
1756 3902 1932 3972 ipsum
1966 3904 2069 3959 hoc

483 3991 758 4059 negotium
805 3989 1167 4045 solemnitatis
1208 3992 1549 4048 occasionem
1597 4003 1655 4049 et
1703 4009 1926 4050 causam
1973 3997 2069 4050 ha-

482 4082 650 4138 bens?
681 4099 701 4134 ι
740 4082 929 4139 Adhuc
958 4084 1104 4139 enim
1139 4083 1389 4140 habitare
1409 4093 1470 4167 te
1500 4085 1696 4140 faciam
1730 4085 1784 4140 in
1814 4088 2069 4142 taberna-

481 4173 638 4238 culis,
655 4174 778 4227 utin
791 4173 878 4227 die
899 4173 1458 4250 festl.s——rllabitare
1477 4182 1531 4228 te
1549 4174 1743 4228 faciam
1774 4191 1795 4225 ι
1817 4176 1917 4239 ait,
1946 4188 2067 4244 pro,

2165 420 2445 491 τοιγάρτοι
2478 418 2574 471 καὶ
2609 413 2949 480 ὼνειδίζοντό
2978 431 3145 478 τινες,
3174 413 3287 478 τοῖς
3319 413 3534 471 ἑαυτῶν
3558 422 3739 497 τολμή-
3782 484 3793 499 ⁸

2172 526 2305 580 μασι
2354 509 2676 580 πρεπόντως
2722 505 3036 570 ἀκούοντες,
3072 524 3092 558 ι
3124 505 3353 577 Σπέρμα
3390 508 3620 578 Χαναὰν,
3650 516 3732 569 καὶ

2169 602 2271 655 οὐκ
2308 600 2500 654 Ἰούδα.
2533 619 2553 653 ι

2252 692 2395 762 Ἐγὼ
2422 691 2491 745 δὲ
2515 692 2732 761 Κύριος
2746 694 2779 747 δ
2801 691 2946 757 Θεός
2967 704 3085 744 σου
3115 688 3424 759 ἀνήγαγόν
3444 707 3517 745 σε
3535 693 3601 748 ἐκ
3634 695 3734 766 γῆς

2167 784 2627 853 Αίγύπτου.“Ἐτι
2655 782 2933 838 κατοικιῶ
2961 797 3036 836 σε
3058 782 3129 835 ἐν
3156 781 3437 848 σκηναῖς,
3471 784 3655 851 καθὼς
3676 788 3736 841 ἐν

2173 873 2423 942 ἡμέραις
2476 873 2710 943 ἑορτῆς.
2747 874 2858 928 Kal
2914 871 3170 940 λαλήσω
3223 870 3372 941 πρὸς
3422 875 3731 943 προφήτας.

2169 965 2281 1018 Καὶ
2313 963 2427 1035 ἐγὼ
2458 963 2699 1032 δράσεις
2727 963 3064 1033 saxosum,
3090 964 3189 1018 καὶ
3216 964 3289 1018 ἐν
3324 964 3493 1033 χερσὶ
3526 982 3737 1037 προφη-

2170 1055 2292 1109 τῶν
2315 1055 2644 1124 ὡμοιώθην.
2768 1046 2777 1054 ’

2242 1146 2425 1200 PMA'.
2468 1146 2693 1201 Χαναὰν
2741 1146 2999 1217 ὠνόμασε
3047 1146 3141 1200 τὸν
3181 1145 3442 1217 Ἐφραῒμ,
3483 1146 3556 1211 ὡς
3594 1148 3735 1220 ἔφην,

2170 1237 2494 1309 ἁπελέγχων
2520 1238 2791 1310 ἐναργῶς,
2820 1239 2895 1303 ὡς
2932 1238 3019 1310 είη
3052 1238 3375 1311 μεμισηκὼς
3398 1239 3544 1303 ἔλεός
3568 1258 3625 1294 τε
3655 1244 3738 1297 καὶ

2173 1331 2368 1403 κρίμα,
2397 1329 2778 1403 ἀνθῃρημένος
2814 1331 2871 1385 δὲ
2908 1332 3112 1403 μᾶλλον
3155 1332 3255 1402 τὴν
3304 1331 3627 1400 πλεονεξίαν,
3655 1339 3741 1389 καὶ

2171 1420 2269 1493 τὴν
2297 1422 2609 1493 ἀνισότητα,
2642 1426 2740 1476 καὶ
2786 1423 2896 1477 πᾶν
2941 1418 3083 1487 εἶδος
3123 1423 3358 1486 ἀδικίας.
3381 1422 3519 1477 Ἀλλ’
3546 1423 3649 1478 ἰδοὺ
3682 1426 3739 1497 δὴ

2173 1510 2337 1566 πάλιν
2368 1512 2631 1583 πειρᾶται
2663 1510 2952 1579 δεικνύειν,
2985 1513 3061 1578 ὡς
3102 1512 3179 1586 μὴ
3209 1514 3373 1585 μόνον
3402 1515 3654 1583 γεγονότα
3678 1520 3741 1572 τὰ

2172 1603 2254 1666 είς
2299 1601 2622 1675 ἀνθρώπους
2670 1603 2933 1668 τοιοῦτον,
2964 1603 3101 1658 ἀλλὰ
3132 1603 3241 1676 γὰρ
3286 1604 3384 1660 καὶ
3426 1604 3487 1658 τὸ
3524 1605 3741 1675 ἐγγίζειν

2170 1783 2237 1857 δὴ
2281 1780 2397 1851 οὖν,
2429 1785 2506 1851 ὡς
2550 1787 2860 1858 ὴγνοηκότα
2912 1787 3004 1841 τὸν
3044 1787 3343 1861 λυτρωτὴν,
3368 1788 3444 1853 ὡς
3468 1791 3588 1854 ταῖς
3620 1791 3741 1844 ἀπο-

2169 1876 2342 1942 νοίαις
2372 1878 2804 1950 περιυϐρίσαντα
2831 1879 2923 1934 τὸν
2949 1880 3009 1945 ἐξ
3028 1880 3180 1935 οἴκου
3208 1880 3453 1945 δουλείας
3475 1882 3740 1954 ἐκκεκομι-

2170 1967 2307 2022 κότα
2340 1969 2588 2039 σημείοις
2617 1987 2678 2024 τε
2712 1971 2808 2025 καὶ
2826 1971 3041 2043 τέρασι,
3063 1958 3159 2026 καὶ
3186 1973 3243 2026 ἐν
3268 1972 3494 2044 δυνάμει
3524 1974 3736 2047 μεγάλῃ,

2168 2057 2266 2136 καὶ
2302 2058 2360 2113 ἐν
2394 2054 2640 2131 βραχίονι
2677 2060 2889 2132 ὑψηλῷ.
2938 2080 2957 2113 ι
2988 2062 3134 2131 Ἐγὼ
3174 2063 3306 2136 γὰρ,
3344 2064 3528 2134 φησὶν,
3558 2064 3739 2135 ἀνήγα-

2169 2166 2268 2220 γον
2280 2151 2426 2221 ὑμᾶς
2441 2151 2503 2216 ἐξ
2518 2142 2852 2222 Δίγύπτου.ἶ
2875 2154 2967 2209 Ἐν
2983 2153 3041 2207 δὲ
3065 2153 3144 2225 τῷ
3168 2172 3188 2206 ι
3211 2154 3489 2226 ἀνήγαγον
3510 2174 3528 2207 ι
3559 2156 3734 2219 εἰπεῖν,

2169 2242 2436 2312 ἀποφέρει
2464 2243 2600 2316 πρὸς
2625 2244 2934 2317 ἀνάμνησιν
2962 2245 3070 2301 τῶν
3098 2247 3186 2300 ἐπ’
3218 2247 3406 2309 αὐτοῖς
3433 2249 3735 2320 γενομένων,

2170 2335 2332 2407 ἄχρις
2357 2336 2424 2391 ἂν
2453 2337 2811 2392 εἰσελάσωσιν
2839 2340 2921 2405 είς
2948 2339 3048 2411 τὴν
3068 2340 3173 2411 γῆν
3196 2341 3298 2411 τὴν
3318 2343 3440 2404 τοῖς
3466 2340 3631 2409 ἁγίοις
3653 2357 3740 2393 πα-

2169 2428 2365 2499 τράσιν
2396 2428 2837 2499 ἐπηγγελμένην.
2879 2430 3065 2502 Μυρία
3092 2431 3151 2485 δὲ
3178 2431 3279 2485 ὅσα
3309 2429 3488 2497 ταυτὶ,
3516 2430 3605 2486 καὶ
3628 2448 3740 2484 παν-

2168 2522 2262 2586 τὸς
2282 2524 2547 2577 ἐπέκεινα»
2570 2520 2871 2592 θαύματος.
2888 2523 3011 2577 Ὅτι
3035 2522 3093 2577 δὲ
3116 2523 3488 2595 προφάσιστον
3502 2522 3673 2586 αὐτοῖς
3685 2523 3739 2575 τό

2171 2615 2641 2674 ἐπιλανθάνεσθαι
2667 2614 2896 2679 τούτων,
2926 2614 3212 2687 παρέδειξε
3238 2613 3577 2686 προστιθείς·
3602 2614 3738 2667 «Ἔτι

2171 2708 2441 2767 κατοικιῶ
2474 2726 2535 2762 σε
2561 2710 2621 2763 ἐν
2656 2710 2906 2781 σκηναῖς,
2940 2706 3124 2770 καθὼς
3156 2706 3213 2759 ἐν
3245 2706 3483 2777 ἡμέραις
3512 2703 3734 2776 ἑορτῆς.»

2173 2804 2284 2858 Καὶ
2330 2802 2385 2857 τί
2425 2801 2492 2873 δὴ
2524 2800 2682 2855 τοῦτό
2733 2803 2873 2865 ἐστι,
2897 2797 3081 2871 πεύσῃ
3121 2798 3188 2868 δὴ
3226 2797 3412 2853 πάλιν.
3431 2797 3488 2851 '0
3516 2795 3601 2849 διὰ
3629 2796 3742 2855 Μω-

2174 2893 2314 2957 σέως
2344 2891 2683 2965 προστέταχε
2712 2892 2874 2963 νόμος
2902 2891 2960 2944 ἐν
2973 2889 3052 2962 τῷ
3069 2889 3286 2961 ἑϐδόμῳ
3315 2889 3464 2961 μηνὶ,
3487 2890 3551 2960 τῇ
3577 2904 3741 2942 πεντε-

2172 2986 2475 3058 καιδεκάτῃ
2520 2986 2732 3056 ὴμέρᾳ,
2774 2985 2875 3055 τῆς
2927 2983 3309 3056 σκηνοπηγίας
3353 2981 3613 3037 τελεῖσθαι
3658 2977 3742 3049 τὴν

2171 3078 2387 3150 ἑορτήν.
2425 3077 2535 3131 Καὶ
2562 3076 2646 3141 τίς
2676 3079 2708 3147 ἡ
2743 3075 2898 3130 τοῦδε
2929 3076 3225 3154 πρόφασις,
3256 3075 3424 3139 αὐτὸς
3455 3075 3580 3148 ἡμῖν
3604 3073 3631 3126 ό
3657 3089 3744 3125 νο·-

2177 3168 2413 3240 μοθέτης
2438 3168 2707 3238 διεσάφει,
2737 3168 2912 3240 λέγων
2956 3168 3086 3240 περὶ
3133 3167 3234 3238 τῆς
3281 3166 3665 3239 σκηνοπηγίας,
3693 3165 3742 3217 ἐν

2280 3236 2551 3331 Λευῖτικῷ
2578 3236 2651 3312 ’γι
2686 3260 2777 3313 Ἐν
2932 3236 3064 3331 μηνὶ
3092 3258 3171 3330 τῷ
3192 3236 3198 3238 Ἴ
3219 3236 3441 3331 ἑϐδόμῳ
3478 3236 3740 3330 ἐόρτάσετε

2174 3352 2368 3422 αὐτήν.
2386 3351 2474 3405 Ἐν
2506 3354 2736 3423 σκηναῖς
2764 3352 3120 3422 κατοικήσετε
3154 3350 3302 3406 ἑπτὰ
3334 3351 3561 3423 ἡμέρας.
3587 3348 3691 3410 Πᾶς
3718 3346 3742 3397 ό

2172 3432 2456 3517 αὐτόχθων
2484 3446 2703 3519 Ἰσραὴλ
2734 3447 3053 3518 κατοικήσει
3084 3447 3144 3500 ἐν
3172 3450 3403 3519 σκηναῖς
3423 3463 3437 3477 ο
3468 3448 3609 3508 ὅπως
3637 3441 3742 3497 ίδω-

2176 3555 2260 3593 σιν
2289 3539 2347 3593 αί
2377 3538 2566 3608 γενεαὶ
2609 3536 2784 3609 ὑμῶν,
2812 3538 2895 3592 ὅτι
2940 3538 3001 3592 ἐν
3055 3541 3290 3611 σκηναῖς
3322 3537 3596 3609 κατῴκισα
3628 3534 3740 3595 τοὺς

2173 3629 2325 3693 υἱοὺς
2345 3628 2588 3700 Ἰσραὴλ,
2619 3629 2677 3681 ἐν
2715 3628 2795 3700 τῷ
2823 3628 3115 3698 ἐξαγαγεῖν
3143 3646 3211 3700 με
3242 3629 3440 3693 αὐτοὺς
3467 3629 3530 3681 ἐκ
3555 3628 3648 3697 γῆς
3668 3625 3742 3677 Δί-

2173 3721 2407 3791 γύπτου.
2425 3718 2567 3790 Ἐγὼ
2587 3718 2796 3791 Κύριος
2826 3722 2857 3775 ό
2880 3720 3015 3785 Θεὸς
3051 3720 3226 3791 ὑμῶν.
3247 3741 3267 3774 s
3287 3721 3402 3776 Οὐκ
3421 3720 3513 3774 οὖν
3534 3720 3610 3782 είς
3626 3715 3741 3771 ἀνά-

2177 3830 2374 3886 μνησιν
2421 3812 2522 3883 τῆς
2569 3810 2750 3877 ἐξόδου
2794 3811 2916 3882 τῆς¹
2938 3811 3000 3878 ἐξ
3045 3812 3326 3882 Αἰγύπτου
3373 3809 3739 3883 γεγενημένης,

2173 3903 2392 3958 ἐτέλουν
2420 3902 2520 3973 τὴν
2541 3901 2756 3974 ἐορτήν.
2785 3897 2941 3966 Εἶτα,
2964 3901 3081 3966 πῶς
3105 3901 3171 3955 ἂν
3198 3901 3401 3969 δύναιο,
3443 3900 3620 3971 φησὶν,
3639 3898 3743 3949 ἐπι-

2174 3993 2535 4049 λανθάνεσθαι
2572 4010 2699 4065 μου,
2731 3991 2827 4046 τοῦ
2858 3993 3220 4063 ἐξαγαγόντος
3266 4012 3331 4048 σε
3365 3993 3425 4058 ἐξ
3465 3990 3740 4061 Αἰγύπτου,

2174 4084 2459 4154 γινόμενος
2489 4083 2573 4137 ἔτι
2602 4083 2696 4136 καὶ
2728 4082 2834 4137 ὑπὸ
2864 4086 3113 4155 σκηναῖς,
3145 4085 3240 4138 καὶ
3275 4084 3543 4157 πρόφασιν
3571 4076 3741 4151 ἑορτῆς

2174 4174 2237 4228 τδ
2280 4175 2473 4246 Χρῆμα
2522 4173 2881 4246 ποιούμενοςς
2937 4178 3103 4231 «Ἔτι
3148 4176 3258 4247 γὰρ
3307 4173 3563 4230 κατοικιῶ
3603 4187 3658 4224 σε
3692 4169 3742 4222 ἐν

483 4264 730 4319 habitare
762 4272 815 4318 te
848 4262 1007 4331 facio,
1039 4275 1132 4319 aut
1162 4265 1303 4320 facio
1335 4264 1582 4319 habitare
1616 4265 1669 4317 in
1706 4264 2068 4320 tabernaculis

2178 4267 2432 4336 σκηναῖς,
2449 4264 2632 4330 καθὼς
2648 4266 2706 4323 ἐν
2721 4269 2753 4337 ἡ
2764 4267 2908 4340 μέρᾳ
2924 4268 3139 4341 ἑορτῆς.
3156 4288 3173 4320 ι
3197 4268 3294 4334 Τὸ,
3327 4289 3346 4320 ι
3359 4264 3615 4322 κατοικιῶ
3637 4278 3738 4323 σε.»

482 4355 537 4409 in
562 4356 752 4410 diebus
775 4355 897 4409 festi
927 4356 1145 4411 horum.
1172 4354 1339 4423 Igitur
1360 4353 1574 4408 defendi
1600 4342 1803 4409 oblivio
1830 4354 1932 4409 ista
1962 4369 2066 4410 non

2174 4358 2341 4428 φησιν
2378 4358 2502 4413 ἀντὶ
2539 4356 2658 4423 τοῦ,
2694 4359 3011 4426 κατοικίζω,
3058 4360 3179 4432 ήτοι
3222 4360 3365 4414 ποιῶ
3405 4355 3667 4413 κατοικεῖν
3692 4351 3742 4402 ἐν

483 4454 680 4514 potest.
726 4442 833 4499 Sed
880 4445 1136 4516 cupiebas
1188 4443 1416 4500 forsitan
1468 4441 1774 4519 futurorum
1819 4445 2066 4514 quaedam

2173 4453 2423 4522 σκηναῖς,
2459 4451 2517 4506 ἐν
2561 4454 2680 4516 ταῖς
2714 4452 2954 4524 ἡμέραις
2997 4454 3098 4524 τῆς
3137 4455 3235 4508 ἐπὶ
3287 4453 3498 4515 τούτοις
3547 4443 3738 4518 ἑορτῆς·

482 4550 662 4607 nosse,
689 4544 744 4590 et
775 4536 1051 4610 inquirere
1080 4534 1300 4589 volebas
1327 4533 1599 4589 curiosius
1628 4546 1748 4603 quae
1779 4544 1868 4589 tua
1902 4535 2068 4592 inter«

2173 4541 2384 4596 Οὐκοῦν
2433 4542 2848 4614 ἀπροφάσιστος
2893 4546 2928 4614 ἡ
2981 4543 3143 4617 λήθη.
3188 4544 3332 4598 Ἀλλ’
3380 4542 3589 4611 ἐζήτεις
3628 4536 3742 4595 ῖσως

480 4637 683 4691 essem.
724 4628 789 4689 Et
825 4643 924 4685 cur
956 4629 1140 4702 potius
1173 4626 1354 4682 adires
1391 4624 1556 4681 falsos
1592 4634 1739 4684 vates
1779 4626 1904 4681 Baal
1926 4668 1942 4695 ,
1974 4638 2068 4683 aut

2172 4632 2371 4687 εἰδέναι
2428 4632 2537 4688 τῶν
2582 4633 2860 4705 ἐσομένων
2913 4635 3039 4688 τινὰ
3060 4674 3074 4700 ,
3132 4636 3224 4689 καὶ
3289 4625 3740 4704 πολυπραγμονεῖν

481 4720 886 4782 commentitios
924 4721 1077 4785 deos,
1128 4716 1279 4771 etab
1318 4714 1452 4786 ipsis
1490 4716 1592 4772 ista
1629 4717 1974 4788 exquireres,
2014 4726 2068 4772 et

2172 4723 2394 4778 ἐϐούλου
2423 4724 2495 4780 τὰ
2533 4726 2678 4780 κατὰ
2705 4725 2936 4781 σαυτόν’
2973 4727 3069 4782 καὶ
3114 4727 3167 4782 τί
3212 4728 3414 4799 μᾶλλον
3457 4724 3559 4778 ἔδει
3590 4732 3739 4791 προσέ

476 4828 588 4872 non
624 4811 796 4887 ntagis
851 4810 1127 4878 sapienter
1157 4808 1502 4865 meminisses
1543 4824 1629 4867 me
1661 4808 1810 4885 loqui
1843 4811 1911 4866 ad
1944 4827 2067 4882 pro—

483 4903 702 4979 phetas,
731 4912 789 4957 et
819 4900 1183 4973 multiplicare
1209 4900 1445 4961 visiones
1474 4917 1688 4977 quoque
1707 4943 1722 4969 ,
1755 4906 1858 4961 hoc
1889 4913 1968 4960 est
1987 4941 2006 4971 ,
2034 4920 2066 4959 a

483 5009 570 5049 me
595 5005 811 5051 omnem
838 5005 1149 5051 sermonem
1180 4992 1558 5061 propheticum
1586 5006 1637 5050 et
1671 4996 2064 5065 profecturum,

481 5093 536 5138 ct
573 5080 875 5153 profectum
915 5096 1060 5147 esse,
1100 5092 1156 5141 et
1196 5099 1299 5141 non
1341 5085 1409 5140 ab
1448 5086 1630 5157 aliquo
1670 5087 1805 5145 falso
1847 5089 2069 5165 nomine

484 5177 705 5231 deorum
735 5175 984 5233 tuorum?
1008 5176 1134 5233 Mihi
1159 5178 1303 5235 enim
1328 5179 1426 5235 soli
1455 5182 1509 5235 in
1537 5180 1776 5248 acceptis
1804 5181 2070 5235 referetur

484 5278 539 5321 ct
569 5267 748 5322 futura
779 5268 940 5332 scire,
973 5278 1029 5324 et
1057 5272 1327 5339 praeterita
1363 5273 1702 5329 meminisse.
1735 5271 1841 5327 Sed
1872 5272 2066 5329 imitati

485 5369 611 5412 sunt
645 5373 752 5422 me,
784 5358 979 5428 inquit,
1013 5362 1260 5419 honorati
1297 5364 1393 5420 abs
1424 5372 1473 5418 te
1503 5362 1797 5420 adulterini
1832 5373 1984 5419 vates
2014 5371 2070 5418 et

485 5448 779 5523 prophetae.
828 5447 938 5508 lloc
968 5463 1055 5510 est
1089 5454 1233 5525 quod
1271 5454 1379 5519 ait,
1416 5473 1434 5507 ι
1476 5452 1537 5510 ln
1577 5443 1738 5511 manu
1773 5458 2066 5527 propheta-

2173 4814 2310 4869 ιὲναι
2354 4815 2468 4878 τοῖς
2503 4813 2900 4884 ψευδομάντεσι
2948 4814 3045 4870 τοῦ
3090 4814 3259 4880 Βάαλ,
3295 4815 3461 4885 ήγουν
3504 4811 3610 4870 τοῖς
3647 4801 3742 4857 τῶν

2170 4902 2540 4976 ψευδωνύμων
2573 4903 2733 4970 θεῶν,
2762 4905 2856 4962 καὶ
2884 4905 3016 4977 παρ’
3050 4906 3232 4960 αὐτῶν
3260 4906 3330 4960 τά
3349 4903 3524 4958 τοιάδε
3557 4898 3738 4968 ζητεῖν,

2174 4994 2268 5048 καὶ
2288 4995 2411 5064 οὐχ).
2433 4994 2499 5065 δὴ
2521 4995 2721 5065 μᾶλλον
2742 4996 3256 5068 ἀναμιμνήσκεσθαι
3288 4996 3488 5064 σοφῶς,
3515 4994 3592 5047 ὅτι
3612 4982 3742 5041 λαλῶ

2178 5087 2276 5158 μὲν
2315 5086 2426 5153 ἐγὼ
2455 5086 2592 5160 πρὸς
2623 5090 2930 5160 προφήτας,
2959 5088 3239 5160 ἐπλήθυνα
3286 5089 3345 5143 δὲ
3392 5087 3486 5142 καὶ
3517 5081 3737 5153 ὁράσεις,

2166 5179 2437 5243 τουτέστι,
2470 5181 2599 5252 παρ’
2620 5180 2756 5253 ἐμοῦ
2782 5184 2889 5246 πᾶς
2920 5182 3076 5236 ἔσται
3108 5181 3263 5252 λόγος
3292 5175 3637 5251 προφητείας,
3658 5168 3740 5222 καὶ

2169 5269 2272 5340 ἤδη
2319 5270 2566 5341 γέγονεν,
2610 5273 2671 5326 ού
2722 5275 2852 5344 παρ’
2884 5274 3075 5346 ἐτέρου
3117 5292 3214 5330 σου
3250 5273 3363 5328 τῶν
3398 5262 3740 5341 ψευδωνύμων

2166 5360 2327 5416 θεῶν.
2346 5360 2502 5434 Ἐμοὶ
2534 5364 2644 5435 γὰρ
2671 5364 3022 5419 ἀνακείσεται
3054 5364 3225 5436 μόνῳ,
3258 5363 3319 5419 τὸ
3353 5360 3449 5415 καὶ
3469 5356 3652 5413 ειδέναι
3681 5348 3740 5402 τὰ

2167 5449 2439 5522 ἐσόμενα,
2490 5452 2589 5509 καὶ
2636 5454 2949 5526 μεμνῆσθαι
2993 5454 3104 5509 τῶν
3148 5451 3581 5530 παρῳχημένων.
3617 5436 3737 5496 Ἀλλ’

556 5626 602 5666 '9
645 5625 775 5687 Dan.
807 5646 922 5702 xm,
953 5633 1043 5690 56.
1121 5634 1161 5666 ⁶¹
1203 5634 1313 5693 Jer.
1351 5650 1518 5709 xxxu.
1553 5634 1645 5692 21.
1723 5636 1768 5669 ⁶’
1810 5632 2180 5710 ιοινὶικιιιιιι,
2223 5633 2403 5692 Η-ιό.
