3982 6454
205 244 318 298 955

1147 227 1706 287 COMMENTARIUS
1749 226 1814 282 IN
1857 223 2092 282 OSEAM
2134 219 2588 280 PROPHETAM.

3411 216 3517 272 29's

209 356 558 433 εμιμήσαντό
610 371 715 425 με,
764 351 950 424 φησὶν,
1002 352 1051 403 οἱ
1098 351 1454 422 τετιμημένοι
1510 348 1668 419 παρὰ
1724 345 1815 399 σοῦ

1955 358 2044 397 um
2080 341 2414 398 assitnilatus
2445 353 2586 393 Sum.
2625 354 2644 387 ι
2679 335 2970 403 Qumrebas
3005 334 3146 390 scire
3181 335 3249 390 al)
3287 334 3392 391 illis
3433 336 3517 389 fn-

205 449 602 524 ψευδομάντεις
654 444 749 499 καὶ
813 443 1286 513 ψευδοπροφῆται.
1343 442 1516 494 Τοῦτό
1570 443 1685 494 ἐστι
1739 439 1822 505 τὸ,

213 565 231 597 ι
254 543 345 598 Ἑν
379 541 542 612 χερσὶ
572 537 872 611 προφητῶν
893 535 1206 609 ὡμοιὼοην.
1241 553 1260 588 ι
1295 535 1542 606 Ἐζήτεις
1571 533 1700 605 παρ’
1723 532 1823 586 αὑ-

207 635 315 688 τῶν
363 630 568 684 εἰδέναι
605 629 673 681 τὰ
709 627 998 698 μέλλοντα.
1034 621 1191 688 Εἶτα,
1229 626 1357 688 τοὺς
1387 625 1556 696 ἐμοὺς
1592 622 1826 678 πλαττό⁶

211 742 364 797 μενοι
403 723 624 790 λόγους,
662 719 855 772 καὶτὰ
886 718 1001 771 ’τῶν
1029 717 1180 789 ἐμῶν
1219 716 1515 788 προφητῶν
1564 715 1701 786 ἔργα
1738 733 1826 786 μι-

202 817 500 888 μοῦμενοι,
534 812 606 867 τὰ
646 811 757 866 ἀπὸ
785 809 1016 881 καρδίας
1047 809 1228 862 αὐτῶν
1256 807 1554 879 ἡρεύγοντό
1584 825 1687 860 σοι.
1715 805 1827 860 Kal.

208 908 336 978 γοῦν
369 905 651 977 Ἱερεμίας
681 904 782 974 μὲν
815 902 844 954 6
873 901 1186 971 προφήτης,
1221 899 1439 962 κλοιοὺς
1475 897 1646 951 ἐτίθει
1677 895 1824 961 ξυλί-

209 1018 330 1065 νους
365 999 503 1071 περὶ
540 996 633 1050 τὸν
662 993 938 1068 τράχηλον
975 990 1165 1056 αὑτοῦ,
1200 988 1340 1043 Θεοῦ
1370 989 1432 1042 τὸ
1458 987 1648 1058 χρῆμα
1673 985 1827 1054 γενέ-

210 1095 334 1148 σθαι
379 1083 1348 1164 προστάττοντος.Ἀντιταττόμενος
1396 1079 1454 1133 δὲ
1499 1081 1613 1142 τοῖς
1659 1075 1826 1131 αὑτοῦ

207 1188 390 1256 λόγοις
439 1187 470 1238 6
501 1179 963 1254 ψευδοπροφήτης
991 1175 1268 1237 Ἀνανίας,
1305 1169 1486 1226 λαϐὼν
1539 1167 1827 1240 συνέτριψε

208 1281 335 1342 τοὺς
370 1277 616 1338 κλοιοὺς,
642 1273 746 1344 ἔφη
769 1286 854 1325 τεο
883 1268 1104 1330 «Οῦτως
1130 1263 1250 1319 εἷπε
1273 1264 1498 1336 Κύριος
1525 1260 1829 1333 Συνέτριψα

208 1373 301 1425 τὸν
349 1369 524 1438 ζυγὸν
576 1365 847 1439 βασιλέως
896 1359 1242 1423 Βαϐυλῶνος.
1277 1377 1295 1409 ι
1329 1356 1503 1410 Τοῦτό
1546 1356 1711 1418 ἐστιν,
1753 1353 1829 1418 ὡς

207 1468 374 1535 ἔφην,
429 1462 516 1527 τὸ,
555 1460 688 1512 «Ἐν
740 1456 900 1528 χερσὶ
952 1451 1251 1525 προφητῶν
1303 1447 1616 1521 ὼμοιώθην.
1651 1467 1668 1500 ι
1699 1447 1830 1514 Ἔγ-

209 1560 401 1628 κλημα
431 1555 500 1626 δὴ
530 1548 625 1607 οῦν
659 1549 738 1621 τῷ
761 1545 1028 1620 Ἐφραίμ,
1057 1545 1140 1599 ὅτι
1189 1540 1369 1596 καίτοι
1397 1541 1544 1612 σαφῆ
1574 1539 1672 1610 τὴν
1699 1538 1831 1592 ὑπό-

211 1663 416 1720 μνησιν
463 1644 609 1716 ἔχων
665 1639 776 1694 διπὸ
799 1656 865 1708 γε
915 1637 1015 1707 τῆς
1049 1634 1245 1706 ἑορτῆς
1295 1634 1394 1704 τῆς
1430 1629 1827 1703 σκηνοπηγίας,

1930 447 2072 491 tura.
2100 433 2304 486 Deinde
2332 431 2403 484 illi
2433 444 2584 484 meos
2615 441 2895 484 sermones
2924 425 3219 494 tingentes,
3246 442 3519 482 meorum-

1927 542 2033 597 que
2064 526 2456 596 prephetarum
2489 535 2655 590 opera
2691 518 2990 582 imitantes,
3023 517 3090 572 de
3120 517 3378 572 cordibus
3408 517 3520 571 suis

1926 617 2255 672 eructabant
2293 614 2412 669 libi.
2448 613 2629 680 Quare
2665 610 2930 666 Jeremias
2968 610 3264 680 propheta,
3300 609 3410 664 Deo
3449 609 3522 662 ita

1927 710 2256 772 mandante,
2295 707 2539 771 vincula,
2575 720 2669 762 seu
2708 717 2929 760 catenas
2967 703 3174 775 ligneas
3208 705 3521 773 circumpo-

1927 801 2092 856 nebat
2129 798 2270 855 collo
2311 813 2413 854 suo
2440 797 2506 850 ⁸³.
2545 797 2644 862 Qui
2683 806 2862 849 autem
2899 797 3242 850 sermonibus
3278 796 3394 865 ejus
3431 809 3522 848 re-

1928 892 2244 964 fragabatur
2269 891 2435 946 falsus
2460 889 2721 960 propheta
2749 887 3008 951 Ananias,
3037 898 3285 954 arreptas
3311 887 3518 941 contri-

1929 981 2027 1046 vit,
2053 981 2300 1051 dixitque
2328 1000 2341 1034 :
2375 999 2392 1032 ι
2429 980 2519 1035 Sic
2538 981 2670 1035 dicit
2698 980 2959 1033 Dominus
2992 995 3006 1031 :
3037 978 3288 1031 Contrivi
3333 976 3522 1048 jugum

1930 1076 2072 1146 regis
2117 1073 2492 1144 Babylonis“.
2542 1091 2560 1124 ι
2611 1073 2723 1127 lloc
2762 1082 2844 1126 cst
2889 1072 3030 1140 quod
3077 1071 3358 1136 dicebam,
3401 1089 3420 1122 ι
3472 1072 3525 1124 in

1931 1182 2092 1221 manu
2131 1168 2514 1236 prophetarum
2552 1163 2884 1220 assimilatas
2919 1180 3060 1217 sum.
3106 1182 3125 1214 ι
3165 1163 3383 1217 Crimen
3422 1162 3524 1231 igi-

1932 1269 2021 1313 tur
2051 1258 2307 1328 Ephraim
2343 1267 2425 1313 eSt
2470 1259 2636 1327 quod,
2676 1257 2924 1327 quamvis
2964 1271 2992 1308 a
3032 1257 3381 1308 solemnitate
3415 1253 3527 1307 Ta-

1929 1352 2344 1408 beruaculorum
2384 1351 2666 1407 evidenter
2699 1349 3001 1404 eductionis
3043 1349 3110 1402 de
3145 1346 3382 1417 [Egypto
3427 1347 3512 1401 ιιιί-

1933 1456 2267 1512 moneretur,
2301 1445 2724 1500 obliviscebatur
2758 1452 2935 1496 tamen
2980 1441 3109 1504 Dei;
3147 1451 3202 1494 et
3239 1441 3382 1510 quod
3420 1456 3526 1494 non

1933 1538 2112 1612 potius
2142 1537 2319 1608 ipsum
2349 1537 2647 1606 quaerebat,
2677 1547 2736 1590 ut
2765 1534 3074 1603 loquentem
3107 1533 3174 1586 ad
3206 1534 3526 1602 prophetas,

1933 1638 1992 1682 ut
2023 1628 2260 1684 visiones
2295 1628 2776 1697 multiplicantem;
2812 1625 2906 1680 sed
2937 1624 3109 1694 decipi
3142 1639 3200 1677 se
3231 1640 3258 1676 a
3295 1624 3527 1694 pseudo-

211 1699 529 1810 ἓήξέξόδοῦ
562 1734 666 1804 τῆς
698 1699 984 1800 Αίγῦπτοῦ
1007 1699 1411 1796 γεγενημένης,
1440 1699 1835 1775 ἐπελανθάνετο

1954 1721 2223 1791 prophetis
2254 1730 2531 1788 pateretur
2556 1720 2737 1774 verbis
2765 1729 2819 1773 et
2852 1716 3009 1785 factis
3035 1731 3155 1786 quae
3182 1716 3276 1772 Dei
3310 1717 3528 1786 pr0pria
3602 1699 3610 1707 ’

215 1827 372 1895 θεοῦ,
401 1827 503 1882 καὶ
523 1828 607 1880 ὅτι
630 1824 704 1896 μὴ
735 1821 938 1894 μᾶλλον
965 1818 1129 1872 αὑτὸν
1151 1817 1436 1887 ἐζήτησεν,
1460 1813 1536 1877 ὡς
1561 1811 1833 1866 λαλοῦντα

1939 1824 2069 1869 sunt
2097 1814 2508 1870 mentientibus.

217 1921 353 1997 πρὸς
399 1919 727 1992 προφήτας,
782 1915 860 1978 ὼς
911 1912 1136 1984 ὁράσεις
1184 1907 1609 1980 πεπληθυκότα,
1663 1906 1987 1978 προσέκειτο
2049 1908 2105 1963 δὲ
2178 1908 2382 1980 μᾶλλον
2407 1909 2526 1972 ταῖς
2569 1906 2680 1961 τῶν
2744 1905 3206 1980 ψευδοπροφητῶν
3267 1902 3530 1968 ἀπάταις,

219 2015 618 2086 πλαττομένων
643 2011 711 2064 τὰ
739 2010 836 2064 τοῦ
870 2008 1006 2063 Θεοῦ
1033 2007 1122 2061 διά
1146 2022 1206 2058 τε
1237 2004 1410 2074 λόγων
1435 2003 1529 2055 καὶ
1550 2000 1826 2072 πράξεων.

289 2111 360 2164 El
383 2106 476 2178 μὴ
539 2101 790 2158 Γαλαὰδ
835 2102 1028 2167 ἐστιν,
1083 2093 1200 2169 ἄρα
1245 2095 1493 2169 ψευδεῖς
1550 2091 1715 2166 ἦσαν
1763 2095 1834 2148 ἐν

223 2201 480 2272 Γαλτὰλ
524 2197 820 2267 ἄρχοντες
875 2193 1266 2258 θυσιάζοντες
1293 2230 1308 2254 ,
1359 2189 1458 2243 καὶ
1506 2189 1580 2243 τὰ
1628 2191 1837 2243 θυσια-

225 2294 445 2364 στήρια
476 2287 685 2344 αὐτῶν
717 2288 799 2354 ὡς
831 2285 1093 2356 χελῶναι
1131 2283 1230 2336 ἐπὶ
1259 2281 1485 2352 χέρσον
1511 2277 1732 2349 ἀγροῦ;

294 2386 478 2440 PMB’.
513 2385 641 2438 ’Ότι
715 2379 1073 2451 προσέκειντο
1117 2378 1232 2439 τοῖς
1274 2373 1704 2443 ψευδομάντεσιν
1745 2370 1840 2424 καὶ

227 2477 743 2548 ψευδοπροφήταις,
783 2467 1172 2530 ἀναϐαίνοντές
1233 2483 1294 2519 τε
1347 2463 1445 2519 καὶ
1491 2461 1709 2526 θύοντες
1760 2459 1843 2525 εἷς

228 2590 287 2625 τε
318 2571 420 2643 τὴν
481 2567 706 2624 Γαλαὰδ
744 2563 841 2618 καὶ
881 2560 1118 2631 Γαλγὰλ,
1151 2558 1449 2628 ὰπελέγχει
1477 2554 1566 2609 διὰ
1600 2554 1840 2608 τούτων⁸

229 2663 449 2733 δέχεται
473 2659 534 2714 δὲ
567 2659 705 2728 πρὸς
744 2651 1024 2718 ἀπόδειξιν
1061 2651 1160 2714 τὰς
1191 2648 1286 2702 δύο
1333 2647 1570 2720 μάλιστα
1610 2643 1846 2700 ταυτασὶ

231 2755 441 2819 πόλεις,
475 2753 538 2805 ἐν
570 2743 660 2813 αἷς
699 2744 767 2821 ἦν
813 2743 1168 2813 ἐκτοπωτέρα
1202 2740 1311 2795 τῶν
1349 2739 1527 2795 ἄλλων
1560 2740 1593 2810 ἡ
1643 2737 1844 2807 πλάνη,

231 2846 326 2900 καὶ
366 2845 524 2908 ἄπας
573 2842 676 2914 μὲν
725 2839 929 2912 τρόπος
976 2837 1078 2906 τῆς
1109 2837 1190 2899 είς
1243 2831 1376 2887 Θεὸν
1415 2830 1699 2894 εὐσεϐείας
1731 2830 1841 2884 ἁπ-

226 2940 630 3005 εσπουδάζετο,
650 2935 836 2989 πάντα
862 2933 920 2987 δέ
952 2927 1021 3003 ἦν
1043 2933 1101 2985 ἐν
1129 2929 1274 2999 λόγῳ
1301 2926 1372 2980 τὰ
1405 2923 1838 2997 παροτρύνοντα,

2021 2096 2182 2150 Vsus.
2224 2094 2309 2149 II.
2352 2093 2410 2149 Si
2448 2093 2655 2148 Gulaad
2690 2110 2792 2148 non
2829 2103 2936 2158 est,
2973 2109 3097 2147 num
3135 2090 3258 2160 falsi
3294 2101 3443 2144 erant
3478 2092 3535 2144 in

1935 2187 2126 2258 Culga!
2157 2188 2416 2257 principes
2450 2187 2810 2251 immolantes,
2849 2196 2895 2240 et
2931 2185 3125 2240 altaria
3159 2201 3340 2239 eorum
3377 2184 3533 2254 quasi

1938 2281 2223 2336 testudines
2253 2296 2412 2349 super
2439 2280 2705 2334 desertum
2739 2279 2899 2348 agri?

2011 2371 2218 2427 CXLII.
2261 2372 2520 2427 Addictos
2553 2370 2702 2426 falsis
2727 2371 2942 2425 vatibus
2968 2379 3022 2424 et
3054 2367 3204 2422 falsis
3235 2366 3537 2438 prophetis,

1941 2447 2409 2532 ascendentesque
2438 2472 2491 2518 et
2525 2463 2901 2518 sacriﬁcantes
2932 2462 2984 2516 in
3016 2461 3223 2518 Galaad
3254 2471 3308 2516 et
3339 2460 3534 2531 Galgal

1941 2556 2029 2610 his
2062 2555 2244 2611 verbis
2285 2554 2653 2624 reprehendit.
2697 2552 3190 2608 Demonstrationis
3231 2566 3360 2621 ergo
3402 2555 3542 2607 duas

1941 2650 2103 2707 hasce
2128 2650 2382 2704 civitates
2406 2649 2752 2718 potissimum
2781 2648 2998 2718 accipit,
3027 2648 3078 2702 in
3105 2647 3302 2716 quibus
3326 2647 3543 2716 vigebat

1941 2744 2187 2801 seductio
2221 2741 2531 2808 enormius,
2565 2749 2621 2796 et
2652 2740 2830 2796 omnis
2866 2740 3006 2795 ratio
3039 2739 3260 2810 pietatis
3295 2749 3545 2797 contem-

1947 2835 2198 2902 uehatur,
2215 2833 2505 2904 omniaque
2523 2832 2963 2902 magniﬁcabant,
2983 2846 3104 2901 quae
3125 2831 3337 2884 animos
3360 2830 3546 2885 incen-

1947 2927 2162 2987 derent,
2183 2937 2236 2982 et
2261 2933 2505 2981 extrema
2529 2932 2712 2981 essent
2741 2924 2898 2995 plena
2928 2923 3166 2978 insania.
3194 2922 3356 2993 176
3379 2921 3547 2992 Igitur

233 3035 324 3088 καὶ
357 3033 463 3104 τῆς
519 3032 602 3094 εἰς
636 3029 808 3098 άκρον
861 3023 1104 3094 ἡκούσης
1139 3018 1400 3082 ἀπονοίας
1433 3017 1678 3089 ἐμπλεω.
1729 3016 1841 3070 Καὶ

1954 3035 2106 3091 supra
2132 3022 2196 3075 de
2222 3019 2424 3076 Galaad
2453 3019 2594 3074 dixit
2621 3019 2799 3073 Dens:
2831 3035 2850 3068 ι
2881 3014 2955 3071 Ibi
2983 3015 3305 3085 contempsit
3333 3030 3417 3069 me
3441 3006 3550 3068 Ga-

235 3125 364 3194 γοῦν
381 3126 444 3177 ἐν
461 3124 580 3184 τοῖς
606 3118 869 3190 ἀνωτέρω
898 3133 968 3169 πε
978 3115 1030 3187 ρί
1061 3115 1158 3184 μὲν
1183 3112 1282 3182 τῆς
1306 3108 1524 3164 Γαλαὰδ
1544 3108 1649 3179 ἔφη
1672 3107 1804 3170 Θεὸς
1827 3123 1840 3135 ·

242 3237 259 3267 ι
292 3216 447 3268 Ἐκεῖ
475 3205 864 3283 κατεφρόνησέ
903 3222 1006 3277 μου
1045 3202 1280 3267 Γαλαὰδ,
1317 3201 1469 3266 πόλις
1498 3196 1845 3271 ἐργαζομένη

229 3310 470 3381 μάταια,
503 3325 524 3357 ι
557 3300 862 3363 τουτέστιν,
891 3295 1109 3351 εἴδωλα.
1146 3293 1525 3366 Πλαστουργοὶ
1552 3290 1663 3363 γὰρ
1695 3288 1850 3343 εἰδώ-

235 3401 340 3454 λων
371 3395 522 3470 ἦσαν
553 3398 603 3450 οί
634 3395 692 3447 ἐν
724 3393 884 3463 αὐτῇ.
907 3389 1044 3462 Περὶ
1074 3388 1132 3441 δέ
1154 3404 1217 3456 γε
1242 3388 1344 3457 τῆς
1374 3387 1570 3459 ἑτέρας
1592 3401 1604 3413 ·
1637 3385 1848 3439 «Πᾶσαι

229 3494 292 3549 αἱ
342 3490 549 3544 κακίαι
589 3486 772 3544 αὐτῶν
804 3487 885 3549 εἰς
921 3481 1169 3551 Γαλγάλ*
1207 3482 1291 3535 ὅτι
1335 3481 1453 3534 ἐκεῖ
1487 3479 1687 3543 αὐτοὺς
1731 3477 1852 3548 ἐμί-

241 3600 382 3654 σησα
413 3580 507 3634 διὰ
557 3578 658 3642 τὰς
701 3575 905 3640 κακίας
952 3574 1061 3628 τῶν
1105 3570 1558 3642 ἐπιτηδευμάτων
1600 3568 1798 3625 αὐτῶν.
1826 3585 1844 3619 ι

253 3674 544 3728 Ἐπειπεῖν
573 3670 631 3724 δὲ
663 3667 968 3738 ἀναγκαῖον
1006 3665 1114 3719 τῶν
1159 3661 1586 3734 συμϐεϐηκότων
1637 3659 1761 3713 τινὰ
1785 3661 1851 3730 τῇ

237 3768 278 3821 Γ
282 3751 625 3823 αλααδιξῶν.
652 3761 988 3832 Συνήσωμεν
1020 3757 1131 3829 γὰρ
1155 3754 1299 3809 οὕτω
1339 3753 1447 3807 τῶν
1474 3753 1854 3823 προκειμένων

236 3861 330 3914 τὸν
364 3857 522 3912 νοῦν.
548 3853 759 3918 Φούλας
802 3850 1056 3923 βασιλεὺς
1088 3845 1414 3919 Ἀσσυρίων,
1446 3845 1662 3916 πρῶτος
1687 3841 1856 3896 ἐλθὼν

243 3953 390 4009 κατὰ
418 3951 526 4020 τῆς
557 3947 898 4019 Σαμαρείας,
939 3940 1270 4018 πρωτόλειον
1310 3937 1500 4008 ὥσπερ
1531 3954 1582 3990 τι
1630 3936 1726 4000 τὰς
1765 3935 1859 3989 δύο

248 4045 423 4114 φυλὰς
454 4041 763 4112 ἐποιήσατο
794 4037 893 4100 τὰς
916 4034 1093 4106 πέραν
1119 4032 1214 4084 τοῦ
1247 4030 1535 4102 Ἰορδάνου,
1558 4028 1652 4084 καὶ
1677 4027 1860 4091 πάσας

247 4138 434 4194 αὐτῶν
480 4131 598 4188 εἷλε
636 4133 736 4196 τὰς
787 4130 994 4192 πόλεις,
1030 4127 1127 4181 καὶ
1156 4124 1264 4197 πρό
1293 4140 1358 4192 γε
1397 4121 1507 4177 τῶν
1542 4121 1719 4173 ἄλλων
1762 4119 1861 4191 τὴν

249 4229 489 4286 Ιάλαείδ.
528 4206 738 4280 Τούτου
791 4220 1166 4294 διαμέμνηται
1219 4216 1386 4280 Θεὸς,
1441 4214 1517 4277 ὡς
1569 4214 1626 4264 ἐν
1679 4229 1862 4284 παρα-

243 4324 450 4396 δρομῇ,
487 4319 669 4390 λέγων
692 4333 708 4349 ⁸
752 4335 772 4368 ‹
807 4316 871 4368 Εἰ
909 4313 984 4385 μὴ
1017 4309 1236 4365 Γαλαὰδ
1258 4310 1429 4362 ἐστιν.
1461 4326 1479 4359 ι
1517 4307 1579 4359 El
1619 4305 1694 4377 μὴ
1727 4304 1862 4367 ἔστι,

249 4417 413 4489 φησὶ,
442 4414 542 4468 καὶ
574 4411 653 4484 μὴ
686 4409 922 4475 σώζεται
946 4405 1044 4460 νῦν
1069 4406 1104 4475 ἡ
1134 4401 1351 4457 Γαλαὰδ
1371 4418 1384 4432 ·
1412 4401 1462 4454 εί
1482 4400 1577 4454 καὶ
1599 4399 1867 4464 ἀπόλωλε,

1950 3113 2091 3177 laad,
2115 3113 2310 3167 civitas
2333 3127 2567 3181 operans
2589 3127 2726 3165 vana
2750 3110 2818 3176 “,
2851 3127 2869 3161 ι
2903 3111 3005 3164 hoc
3030 3117 3134 3174 est,
3161 3108 3328 3163 idola.
3354 3105 3551 3161 Incolae

1950 3205 2096 3261 enim
2126 3205 2269 3260 illius
2298 3204 2566 3259 idolorum
2599 3203 2840 3258 artiﬁces
2867 3213 3044 3258 erant.
3073 3202 3146 3258 De
3179 3202 3348 3257 altera
3373 3215 3504 3255 vero
3533 3218 3546 3254 :

1957 3315 1976 3348 ι
2009 3297 2214 3353 Omnes
2244 3295 2500 3366 nequitia:
2528 3310 2715 3350 eorum
2747 3296 2800 3348 in
2833 3294 3043 3365 Galgal,
3075 3296 3200 3364 quia
3231 3294 3303 3348 ibi
3334 3294 3420 3349 odi
3455 3308 3551 3348 eos

1951 3397 2176 3458 propter
2198 3387 2433 3441 malitias
2461 3385 2906 3439 adinventionum
2935 3400 3124 3441 eorum
3146 3385 3213 3440 “.
3248 3403 3266 3438 ι
3299 3383 3414 3438 Non
3447 3385 3552 3438 erit

1955 3479 2051 3534 abs
2081 3493 2138 3532 re
2164 3476 2422 3532 nonnulla
2455 3474 2700 3547 proferre
2733 3475 2784 3529 in
2820 3476 3077 3539 medium,
3106 3491 3227 3546 qua:
3253 3475 3554 3531 Galaaditis

1957 3569 2268 3625 acciderunt
2305 3588 2319 3624 :
2353 3569 2432 3623 sie
2468 3569 2611 3624 enim
2649 3582 2840 3623 sensus
2872 3568 3159 3622 verborum
3193 3569 3550 3623 adductornm

1957 3660 2206 3730 liquebit.
2235 3660 2437 3716 Pltulas
2461 3673 2555 3714 rex
2588 3659 2957 3732 Assyriorum,
2992 3659 3083 3729 qui
3120 3659 3328 3728 primus
3362 3658 3555 3712 Sama-

1957 3753 2095 3808 riam
2143 3754 2368 3808 adortus
2413 3763 2529 3817 est,
2574 3753 2741 3808 veluti
2783 3752 3052 3822 primitias
3093 3753 3194 3809 sibi
3242 3751 3373 3808 fecit
3418 3753 3556 3807 duas

1953 3845 2137 3901 tribus
2167 3857 2317 3900 trans
2339 3845 2656 3911 Iordanem,
2683 3861 2983 3916 omnesque
3010 3862 3197 3902 earum
3230 3847 3394 3902 urbes
3426 3847 3558 3901 sub-

1962 3938 2105 4007 egit,
2135 3946 2190 3992 et
2221 3946 2348 3992 ante
2382 3937 2517 3992 alias
2549 3936 2772 3992 Galaad.
2811 3937 3015 3992 I-lorum
3049 3939 3197 3994 velut
3232 3939 3285 3993 in
3326 3939 3558 3994 transitu

1962 4029 2212 4085 meminit
2237 4029 2398 4093 Deus,
2421 4029 2648 4083 dicens:
2681 4046 2700 4078 ε
2731 4026 2787 4081 Si
2815 4027 3018 4083 Galaad
3047 4045 3152 4083 non
3178 4038 3280 4084 est.
3313 4049 3334 4082 ›
3365 4029 3423 4085 Si
3453 4045 3558 4085 non

1964 4133 2069 4187 est,
2095 4123 2290 4192 inquit,
2317 4131 2371 4177 et
2398 4137 2543 4176 nunc
2574 4121 2722 4175 salva
2753 4135 2856 4174 non
2889 4130 2972 4176 est
3007 4122 3242 4187 Galaad;
3272 4124 3316 4176 si
3347 4131 3403 4177 ct
3433 4139 3560 4194 per-

1967 4218 2057 4282 iit,
2091 4232 2195 4271 non
2224 4226 2306 4271 est
2333 4231 2399 4270 ex
2428 4230 2492 4270 ea
2521 4214 2778 4284 Ephraim
2809 4216 3138 4286 redarguere
3166 4215 3553 4283 petulantiam,

1973 4309 2100 4380 quia
2142 4322 2286 4362 nunc
2327 4322 2432 4361 non
2469 4305 2706 4374 videtur;
2745 4322 2869 4360 nam
2911 4315 2964 4361 et
3002 4305 3373 4360 sacriﬁcantes
3412 4307 3565 4375 prin-

1975 4402 2126 4470 cipes
2155 4400 2208 4454 in
2241 4398 2427 4469 Galgal
2459 4398 2747 4454 mendaces
2778 4407 2959 4463 erant,
2988 4407 3044 4454 et
3077 4412 3184 4452 non
3211 4397 3346 4454 veri.
3375 4395 3565 4467 Gatgal

254 4515 348 4565 καὶ
365 4509 470 4562 οὐκ
495 4507 648 4559 ἔστιν
681 4502 741 4570 ἐξ
766 4501 936 4572 αὐτῆς
955 4498 1055 4571 τὴν
1085 4497 1180 4552 τοῦ
1211 4493 1458 4568 Ἐφρατμ
1484 4492 1702 4562 ἐλέγξαι
1729 4509 1843 4564 παρ

1970 4494 2227 4565 oppidum
2252 4503 2334 4548 est
2363 4503 2512 4547 trans
2531 4489 2845 4558 Jordanem,
2869 4489 2922 4545 in
2945 4505 3104 4560 quam
3131 4489 3283 4560 parvi
3305 4499 3358 4544 et
3385 4490 3564 4557 magni

252 4602 454 4664 οινίαν,
477 4597 569 4652 διὰ
593 4596 656 4650 τὺ
688 4594 768 4666 μὴ
801 4590 1036 4663 ὁρᾶσθαι
1066 4588 1210 4652 νυνὶ,
1246 4592 1352 4662 ἄρα
1381 4584 1479 4639 καὶ
1511 4584 1560 4637 οἱ
1592 4582 1843 4647 θυσιάζον

1971 4587 2309 4644 conﬂuentes
2356 4601 2476 4642 sese
2523 4583 2843 4641 idololatria:
2890 4585 3140 4639 sordibus
3188 4582 3565 4652 inquinabant.

254 4712 348 4758 τες
387 4693 659 4761 ἄρχοντες
697 4688 754 4738 ἐν
789 4686 858 4756 τῇ
894 4680 1113 4751 Γαλγὰλ
1161 4678 1377 4753 ψευδεῖς
1424 4669 1590 4746 ἦσαν,
1636 4671 1732 4726 καὶ
1774 4671 1843 4724 οὑτ

1972 4681 2159 4752 Itaque
2196 4681 2240 4737 si
2285 4696 2390 4735 non
2431 4690 2514 4736 est
2554 4668 2776 4751 Calgal,
2811 4694 2941 4734 nmn
2982 4678 3108 4748 quis
3148 4677 3330 4732 dicere
3372 4674 3568 4740 audet,

257 4787 506 4859 ἀληθεῖς.
547 4779 768 4848 Γαλγάλ
798 4777 856 4832 δὲ
887 4776 1044 4839 πόλις
1073 4772 1193 4828 ἐστὶ
1221 4772 1331 4826 τῶν
1365 4769 1635 4840 Ἰορδάνου
1673 4766 1874 4839 πέραν,

259 4875 375 4954 ἐνῇ
417 4877 661 4950 μάλιστα
697 4869 1087 4942 συντρέχοντες
1123 4865 1312 4938 μικροὶ
1341 4863 1438 4918 καὶ
1472 4860 1722 4934 μεγάλοι,
1757 4861 1870 4921 τοῖς

260 4952 372 5044 τῆς⁷
404 4965 836 5038 εἰδωλολατρίας
884 4961 1242 5039 προσέκειντο
1291 4956 1611 5029 μολυσμοῐς.
1663 4952 1876 5008 Οὐκοῦν

262 5069 307 5120 εί
342 5065 420 5136 μὴ
454 5061 658 5130 ἔστινή
681 5056 918 5121 Γαλαὰδ,
952 5051 1066 5126 ἆρα
1081 5053 1165 5115 τίς
1185 5051 1334 5103 ἐστιν
1371 5051 1399 5103 6
1429 5049 1598 5119 φάναι
1631 5044 1870 5117 τολμῶν,

263 5161 339 5213 ὅτι
375 5159 474 5212 καὶ
514 5154 566 5207 οί
601 5150 956 5214 ουσιάζοντες
990 5145 1254 5219 ἄρχοντες
1295 5143 1373 5205 είς
1411 5139 1630 5210 Γαλγὰλ
1658 5137 1875 5208 ψευδεῖς

263 5243 427 5319 ἦσαν,
474 5243 571 5296 καὶ
619 5240 723 5295 οὐκ
756 5237 1015 5310 ἁληθεῖς;
1095 5273 1111 5289 .
1192 5271 1208 5288 .
1288 5273 1302 5286 .
1387 5273 1398 5284 .
1481 5269 1496 5284 .
1576 5270 1590 5284 .
1672 5269 1686 5281 .
1769 5265 1782 5281 .
1864 5265 1878 5280 .

271 5432 485 5505 ὑψηλὰ,
539 5430 637 5483 καὶ
693 5425 1018 5481 ἁπόϐλεπτα
1062 5424 1179 5484 τοῖς
1241 5419 1505 5489 γλυπτοῖς
1561 5415 1882 5477 ἀνιστάντες

271 5530 660 5602 θυσιαστήρια,
729 5523 994 5596 χελώναις
1043 5523 1102 5576 ἐν
1154 5521 1254 5590 ἴσῳ
1309 5519 1430 5580 ταῖς
1477 5515 1599 5569 κατ’
1649 5513 1875 5582 ἀγρούς.

343 5717 386 5748 ⁸³
425 5714 532 5772 Jer.
565 5727 740 5782 xxvu,
769 5711 822 5766 9..
906 5708 950 5773 ‘5
990 5708 1098 5765 Jcr.
1138 5721 1327 5771 XXVIII,
1362 5704 1448 5760 II.

1978 4772 2144 4828 etiam
2172 4771 2547 4827 sacriﬁcantes
2573 4770 2846 4842 principes
2875 4770 2928 4825 in
2958 4768 3148 4839 Galgal
3181 4765 3345 4822 falsos
3370 4780 3433 4821 ac
3463 4779 3571 4819 non

1977 4861 3570 4920 verosfuisse?....-..........

1980 4995 1995 5011 .
2065 4995 2081 5011 .
2154 4993 2169 5009 .
2237 4991 2254 5009 .
2325 4992 2341 5009 .
2411 4951 2625 5010 excelsa
2668 4961 2724 5008 et
2766 4954 3063 5024 conSpieua
3111 4948 3417 5008 simulacris
3460 4947 3574 5002 eri-

1979 5058 2170 5120 gentes
2207 5046 2431 5110 altaria,
2464 5045 2662 5101 similia
2702 5045 3062 5101 testudinibus
3101 5045 3156 5099 in
3192 5057 3342 5113 agro.
3376 5040 3566 5095 Testu-

1980 5144 2135 5199 dines
2163 5156 2284 5197 esse
2314 5140 2478 5204 dicit,
2509 5153 2614 5195 non
2648 5139 2738 5193 illa
2769 5137 3056 5205 animalia,
3091 5152 3221 5192 eave
3257 5145 3445 5205 putes;
3478 5133 3573 5188 sed

1982 5250 2208 5308 aggeres
2240 5235 2535 5293 excitatos.
2567 5247 2704 5303 quos
2736 5232 2958 5303 quidam
2991 5231 3056 5285 ad
3087 5245 3283 5300 aquam
3321 5229 3372 5282 in
3408 5226 3576 5282 colles

1983 5330 2333 5385 derivandam
2371 5328 2579 5383 faciunt
2610 5345 2623 5382 :
2661 5327 2944 5382 innumera
2979 5325 3122 5380 enim
3161 5321 3468 5394 hujusmodi
3507 5320 3582 5376 ab

1982 5420 2235 5493 agricolis
2274 5421 2505 5476 solerter
2538 5419 2843 5488 excogitata
2883 5426 3030 5474 sunt.
3071 5415 3355 5485 Principes
3395 5425 3578 5475 autem

1986 5514 2365 5568 sacriﬁcantes
2383 5512 2648 5581 nominat,
2670 5521 2762 5567 aut
2788 5508 3050 5566 exercitui
3082 5507 3375 5586 praefectos
3396 5518 3448 5569 et
3470 5507 3580 5572 tltIS'

1527 5704 1570 5736 ⁸⁵
1611 5699 1735 5758 Ose.
1768 5713 1841 5765 vr,
1876 5695 2004 5764 7,8.
2040 5695 2084 5726 ⁶⁶
2125 5693 2248 5751 Ose.
2286 5707 2362 5756 ts,
2393 5691 2477 5752 15.
