3982 6454
506 246 617 308 295

1504 249 1565 307 S.
1605 249 1885 309 CYRILLI
1922 253 2396 312 ALEXANDRINI
2435 254 2760 315 ARGHIEP.

3684 269 3788 327 296
3870 220 3877 233 ‘

458 381 464 387 ν
505 355 721 430 ciplinae
756 354 1008 414 militaris
1039 355 1240 428 duces;
1290 366 1385 415 aut
1417 369 1568 418 certe
1614 377 1682 420 ex
1715 365 1920 422 familia
1957 365 2088 424 Levi

2196 369 2454 436 Χελὼνας
2490 371 2549 426 δὲ
2592 366 2737 427 εἷναί
2769 389 2959 444 φησιν,
2990 374 3113 446 οὐχὶ
3143 373 3208 448 δὴ
3236 374 3306 431 τὰ
3345 375 3479 443 ζῶα,
3514 377 3590 450 μὴ
3632 379 3790 437 τοῦτο

503 457 843 519 procreatos,
878 463 1043 520 penes
1086 464 1222 519 quos
1266 461 1386 508 erat
1430 468 1500 509 ex
1545 452 1664 526 lege
1707 458 2040 529 principatus
2077 475 2092 514 :

506 553 633 597 nam
662 544 719 594 et
746 536 873 607 ipsi,
910 551 1033 593 cum
1059 537 1181 596 aliis
1213 538 1380 609 lapsi,
1415 543 1724 600 servierunt
1758 547 2095 617 sculptilibus

505 640 612 681 non
651 627 807 697 pauci
845 641 1096 683 numero.
1138 629 1408 700 Scriptum
1451 641 1534 688 est
1579 634 1748 704 igitur
1780 639 1921 706 apud
1958 638 2094 696 Eze-

503 718 732 774 cbielem
755 737 770 773 :
796 737 816 772 ι
846 719 972 775 Ideo
993 721 1113 777 haec
1133 721 1261 777 dicit
1285 722 1544 782 Dominus
1562 746 1575 783 :
1593 725 1784 784 Omnis
1806 728 1947 785 Iilius
1960 730 2096 788 alie-

504 808 700 878 nigena
736 810 1154 868 incircumcisus
1191 814 1355 870 corde
1380 823 1437 870 ct
1466 815 1883 877 incircumcisus
1909 835 2093 891 carne,

503 913 610 952 non
652 899 986 970 ingredietur
1021 902 1073 957 in
1117 913 1308 958 sancta
1351 918 1470 959 mea
1520 905 1573 961 in
1618 908 1872 965 omnibus
1908 910 2098 966 alieni-

418 998 427 1007 '
501 989 655 1058 genis
688 991 780 1060 qui
817 1002 943 1047 sunt
976 994 1031 1048 in
1068 994 1246 1050 medio
1280 994 1475 1052 domus
1509 995 1708 1066 Israel;
1740 999 1834 1056 sed
1868 998 2095 1070 Leviter,

501 1083 595 1149 qui
625 1084 958 1139 resiluerunt
987 1100 1016 1139 a
1047 1098 1167 1153 me,
1196 1100 1321 1142 cum
1356 1096 1569 1144 erraret
1600 1087 1767 1146 Israel
1794 1105 1824 1145 a
1857 1106 1943 1148 me
1977 1104 2099 1163 post

500 1174 863 1241 cogitationes
883 1186 1030 1242 suas,
1054 1187 1109 1231 et
1130 1179 1399 1248 accipient
1422 1180 1770 1250 iniquitatem
1793 1198 1947 1240 suam
1968 1186 2035 1241 ⁸⁷.
2068 1204 2088 1239 ι

2201 459 2455 533 νομίσῃς,
2487 461 2627 517 άλλά
2659 462 2771 535 γὰρ
2817 464 2919 529 τὰς
2952 464 3061 519 τῶν
3098 466 3370 538 χωμάτων
3410 469 3684 541 ἐγέρσεις,
3723 472 3791 535 ἃς

2203 553 2442 607 ποιοῖντό
2494 571 2675 621 τινες,
2729 556 2811 620 είς
2860 556 3086 627 βουνοὺς
3131 559 3612 632 ἀναλαμϐάνοντες
3667 565 3793 627 τοὺς

2203 643 2575 717 ὑδραγωγούς.
2624 647 2815 719 Μυρία
2853 648 2911 700 δὲ
2965 650 3068 704 ὅσα
3114 642 3342 706 τοιαῦτα
3385 655 3496 716 τοῖς
3529 652 3793 724 γηπόνοις

2201 734 2589 791 ἐσπούδασται.
2618 737 2924 812 ’Δρχοντας
2948 740 3007 797 δέ
3038 758 3171 813 φησι
3192 741 3545 809 θυσιάζοντας
3571 745 3605 818 ἢ
3638 762 3796 815 στρα-

2200 827 2430 896 τηγοὺς,
2454 829 2549 883 καὶ
2583 829 2694 884 τῶν
2725 831 3005 888 τακτικῶν
3028 818 3387 909 ἡγουμένους,
3427 837 3460 911 ἢ
3497 827 3630 907 γοῦν
3668 837 3796 901 τοὺς

2202 917 2265 985 ἐξ
2300 921 2535 991 αἵματος
2577 921 2731 990 Λευῒ,
2771 924 2874 996 τὴν
2921 928 2986 980 ἐκ
3014 927 3179 998 νόμου
3222 928 3554 1002 φρονοῦντας
3585 930 3792 999 ἠγεμο-

2198 1011 2338 1066 νίαν.
2372 1013 2795 1071 Συναπώλισθον
2823 1016 2935 1091 γὰρ
2970 1020 3067 1073 καὶ
3112 1021 3269 1076 αὐτοὶ
3306 1022 3418 1085 τοῖς
3458 1021 3662 1086 ἄλλοις,
3699 1021 3797 1071 καί

2197 1101 2594 1177 λελατρεύκασι
2634 1111 2746 1171 τοῖς
2774 1108 3036 1178 γλυπτοῖς
3067 1110 3168 1165 οὐκ
3211 1111 3382 1181 ὀλίγοι
3407 1112 3499 1167 τὸν
3531 1110 3771 1184 ἀριθμόν

2197 1188 2514 1261 Γέγραπται
2565 1189 2661 1250 οὖν
2685 1197 2744 1250 ὲν
2774 1196 2855 1269 τῷ
2910 1197 3215 1271 Ίεζεκιήλῇ
3259 1218 3279 1252 ι
3312 1200 3412 1255 Διὰ
3458 1200 3620 1256 τοῦτο
3664 1199 3791 1253 τάδε

497 1254 881 1366 λέγει-Κύριος
907 1271 936 1324 ό
965 1269 1128 1366 Θεόςο
1151 1270 1270 1366 Πᾶς
1337 1274 1454 1339 υίδς
1485 1274 1786 1362 ἀλλογενὴς
1851 1280 2228 1356 ἀπερίτμητος
2283 1254 2512 1359 καρδίᾳ,
2545 1289 2639 1342 καὶ
2660 1254 3037 1362 ἀπερίτμητος
3076 1254 3267 1366 σαρκὶ,
3299 1254 3793 1348 ούκείσελεύσεται

499 1357 581 1421 εἰς
618 1359 687 1456 τᾷ
719 1360 853 1456 aII-ti
904 1379 1030 1456 μου,
1084 1364 1142 1456 ἐν
1182 1364 1352 1456 πᾶσιν
1403 1367 1541 1432 υἱοῖς
1591 1357 1899 1437 ἀλλογενῶν
1923 1410 1940 1437 ,
1996 1372 2109 1426 τῶν
2177 1375 2346 1430 όντων
2377 1378 2435 1432 ἐν
2467 1357 2628 1448 μέσῳ
2658 1357 2809 1433 οἴκου
2851 1357 3106 1453 ’Ϊσραήλο
3145 1357 3323 1456 ἀλλδῆ
3383 1385 3432 1436 oi
3464 1380 3711 1446 Λευῖται,
3743 1379 3799 1432 οἶ

496 1465 641 1547 τινες
663 1451 1062 1547 ἀφήλαντοᾳάτς
1081 1454 1218 1547 ἐμοῦ
1328 1457 1408 1529 τῷ
1427 1457 1737 1514 πλανᾶσθαι
1758 1459 1849 1516 τὸν
1876 1463 2098 1537 Ἰσραὴλ
2133 1465 2231 1523 ἀπ’
2259 1467 2419 1539 ἐμοῦ,
2473 1469 2802 1524 κατόπισθεν
2865 1451 2975 1527 τῶν
3003 1451 3408 1547 ἐνθυμημάτων
3455 1474 3663 1537 αὐτῶν,
3696 1470 3796 1529 καὶ

497 1538 758 1612 λήψονται
780 1540 880 1612 τὴν
902 1541 1116 1598 ἀδικίαν
1139 1544 1339 1601 αὐτῶν.
1360 1566 1381 1602 ι

568 1630 733 1687 Vens.
770 1630 857 1686 I2.
892 1632 959 1686 Et
996 1636 1207 1689 recessit
1240 1635 1408 1691 Jacob
1442 1638 1498 1693 in
1534 1654 1777 1710 campum
1810 1620 2009 1713 Syria",
2041 1655 2088 1700 et

2264 1645 2373 1699 Kal
2404 1644 2794 1716 ἀνεχώρησεν
2821 1645 3023 1701 Ἰακὼϐ
3054 1647 3142 1714 είς
3174 1647 3386 1703 πεδίον
3409 1651 3653 1719 Συρίας,
3688 1655 3791 1710 καὶ

497 1726 702 1780 servivit
734 1723 907 1780 Israel
937 1725 992 1780 in
1024 1742 1209 1796 uxore,
1240 1734 1292 1783 et
1322 1730 1379 1784 in
1414 1740 1577 1788 umore
1608 1735 1912 1792 custodiuit.

574 1950 732 2022 177
771 1948 996 2007 CXLIII.
1036 1946 1120 2007 Ad
1152 1951 1394 2023 primaevi
1449 1952 1619 2023 patris
1670 1955 2085 2026 germanitatem

498 2044 929 2113 bonitatemque,
966 2050 1023 2097 et
1045 2056 1112 2098 ex
1151 2058 1217 2099 eo
1261 2044 1669 2115 progenitorum
1698 2046 1987 2102 stultitiam
2035 2058 2092 2106 et

499 2135 832 2205 impietatem
864 2133 1317 2191 considerandam
1348 2135 1510 2198 redit,
1535 2146 1592 2193 et
1629 2137 1773 2194 illius
1807 2140 1863 2194 in
1904 2143 2090 2211 parvis

501 2228 662 2282 rebus
727 2225 1073 2282 tolerantiam
1146 2225 1296 2281 velut
1348 2226 1674 2283 admiratur.
1720 2230 1927 2287 Deinde
1966 2246 2086 2290 eam

502 2319 673 2388 ipsam
701 2319 769 2374 ad
802 2318 1287 2389 reprehensionem
1342 2319 1572 2389 ignaviae
1617 2321 1804 2377 decem
1842 2323 2081 2380 tribuum

499 2410 556 2469 in
609 2411 771 2468 rebus
826 2411 1082 2467 maximis
1158 2412 1556 2467 accommodat.
1620 2412 1900 2481 Quomodo
1939 2417 2084 2472 enin-

497 2517 606 2569 που
658 2514 805 2559 esset
835 2502 1184 2559 admirationi
1216 2502 1421 2572 Jacob,
1458 2507 1550 2576 qui
1583 2506 1719 2563 adeo
1746 2509 2002 2567 molestos
2031 2518 2088 2567 et

497 2593 589 2647 vix
619 2592 960 2649 suII‘erendos
990 2592 1204 2649 labores
1242 2595 1519 2661 exhausit,
1555 2605 1609 2652 et
1636 2611 1857 2668 propter
1889 2616 2088 2658 uxores

498 2683 773 2742 ducendas
854 2683 1177 2741 mercenarii
1265 2684 1385 2740 loco
1460 2684 1645 2742 Laban
1713 2690 1923 2745 servire
1977 2706 2084 2747 non

500 2776 774 2832 recusavit
798 2775 887 2831 “7
919 2775 1027 2832 Sed
1062 2777 1310 2845 quamvis
1363 2777 1524 2846 primi
1569 2780 1812 2848 parentis
1880 2795 2087 2837 merces

500 2869 697 2939 exigua
729 2867 910 2933 fuerit,
942 2868 1274 2925 connubium
1327 2869 1603 2938 videlicet,
1637 2879 1696 2926 ut
1732 2870 1865 2938 dixi,
1908 2882 2087 2929 custo-

504 2957 636 3012 divit
669 2968 865 3023 tamen,
893 2968 949 3015 et
979 2958 1215 3014 servavit
1250 2957 1433 3027 ﬁdem,
1463 2962 1554 3031 qui
1593 2961 1641 3016 ei
1681 2963 2085 3018 matrimonium

2192 1736 2566 1793 ἐδούλευσεν
2611 1738 2862 1809 Ἰσραὴλ
2893 1739 2966 1794 ἐν
2999 1739 3262 1812 γυναικὶ,
3311 1742 3412 1797 καί
3441 1742 3511 1798 ἐν
3545 1747 3791 1814 γυναικὶ

2192 1830 2560 1900 ἐφυλάξατο.

2261 1922 2440 1978 PMI".
2484 1923 2805 1979 ’Υπονοστεῖ
2830 1924 2896 1998 δὴ
2944 1923 3109 1981 πάλιν
3134 1926 3164 1980 ὁ
3205 1925 3368 1994 λόγος
3410 1929 3492 1992 εἰς
3543 1928 3788 2001 βάσανον

2190 2016 2293 2087 τῆς
2320 2034 2381 2070 τε
2412 2017 2507 2071 τοῦ
2537 2017 2887 2089 προπάτορος
2938 2019 3297 2091 γνησιότητος
3320 2021 3416 2074 καὶ
3452 2023 3786 2089 ἐπιεικείας,

2190 2110 2412 2181 καὶτῆς
2447 2110 2555 2165 τῶν
2586 2111 2647 2176 ἐξ
2678 2111 2843 2164 αὐτοῦ
2880 2112 3185 2181 γεγονότων
3219 2113 3542 2186 σκαιότητός
3575 2131 3636 2168 τε
3692 2117 3788 2169 καὶ

2188 2201 2530 2266 δυσσεϐείας.
2559 2202 2844 2274 Θαυμάζει
2867 2203 2924 2257 δὲ
2957 2202 3150 2275 ὥσπερ
3176 2206 3237 2259 τὸ
3265 2205 3360 2259 ἐπὶ
3393 2209 3612 2278 μικροῖς
3640 2206 3791 2260 ἐκείο

2189 2310 2282 2347 νου
2315 2292 2614 2366 τληπαθὲς,
2648 2290 2767 2348 εἶτα
2798 2295 3108 2368 παραφέρει
3140 2296 3200 2350 τὸ
3229 2296 3420 2368 χρῆμα
3455 2299 3594 2367 πρὸς
3628 2297 3789 2367 ἐλεγ-

2187 2402 2284 2457 χον
2312 2388 2414 2460 τῆς
2466 2386 2560 2441 ἐπὶ
2616 2387 2895 2457 μεγίστοις
2947 2386 3220 2458 ῥᾳθυμίας
3257 2388 3367 2442 τῶν
3407 2388 3541 2443 δέκα
3573 2390 3785 2458 φυλῶν.

2189 2476 2313 2541 Πῶς
2342 2476 2451 2548 γὰρ
2480 2477 2578 2530 οὐκ
2607 2476 2673 2532 ἂν
2702 2476 2969 2546 άγάσαιτό
3014 2495 3098 2542 τις
3127 2479 3218 2533 τὸν
3256 2478 3471 2547 Ἰακὼϐ,
3503 2480 3598 2534 τὸν
3638 2482 3789 2537 οὕτω

2188 2568 2387 2639 πικρὸν
2451 2568 2547 2623 καὶ
2588 2567 2869 2623 δύσοιστον
2897 2568 3204 2623 ἀνατλάντα
3248 2569 3431 2633 πόνον,
3483 2571 3660 2625 καὶτὸ
3688 2571 3791 2644 θη-

2186 2659 2366 2715 τεύειν
2390 2658 2470 2732 τῷ
2496 2657 2683 2715 Λάϐαν
2707 2659 2766 2713 οὐ
2802 2661 3288 2732 παραιτησάμενον
3322 2665 3416 2717 ἐπὶ
3434 2665 3653 2734 γυναιξὶ
3690 2671 3788 2722 καὶ.

2186 2750 2424 2821 γάμοις;
2465 2749 2607 2804 Ἀλλ’
2662 2751 2710 2804 εί
2753 2751 2848 2807 καὶ
2883 2751 3081 2823 μικρὸς
3127 2752 3324 2825 κομιδῇ
3374 2756 3789 2830 προπάτορος.ὁ

2191 2844 2384 2915 μισθὸς
2416 2843 2616 2916 (γάμος
2655 2840 2758 2916 ἦν,
2801 2845 2878 2909 ὼς
2906 2845 3089 2917 ἔφην),
3137 2846 3278 2919 πλὴν
3326 2847 3629 2918 ἐφυλάξατο
3687 2851 3785 2904 καὶ

2187 2936 2459 3008 τετήρηκε
2505 2936 2604 3008 τὴν
2653 2937 2960 3009 πίστιν-τῷ
3015 2939 3108 2991 τὸν
3157 2940 3336 3010 γάμον
3386 2940 3781 3013 ὑπεσχημένῳ.

503 3052 772 3121 promisit.
830 3050 1122 3106 Laboravit
1174 3061 1352 3107 autem
1401 3068 1505 3108 non
1552 3068 1650 3123 pro
1720 3056 1932 3125 patria,
1991 3065 2086 3110 aut

2196 3025 2474 3098 Πεπόνηκε
2498 3024 2556 3078 δὲ
2584 3026 2707 3080 οὐδὲ
2729 3027 2821 3079 ἐπὶ
2842 3026 3049 3091 οἰκείας
3074 3027 3281 3092 πόλεως
3302 3028 3335 3099 ἢ
3357 3030 3478 3099 γῆς,
3506 3029 3540 3101 ἢ
3567 3031 3782 3099 ἑστίας,

505 3151 673 3209 terra,
705 3152 797 3197 aut
838 3144 998 3199 domo
1036 3158 1134 3198 sua
1176 3159 1192 3211 ;
1239 3143 1333 3199 sed
1380 3147 1610 3211 advena,
1637 3155 1693 3200 et
1724 3145 1775 3199 in
1804 3147 2089 3216 peregrina

502 3234 725 3304 regione
771 3248 1136 3291 commorans.
1184 3234 1251 3293 Et
1296 3234 1418 3291 talis
1457 3237 1679 3307 quidem
1737 3246 1856 3292 erat
1900 3236 2088 3294 Jacob.

507 3323 799 3380 Videamus
826 3340 972 3381 nunc
1003 3338 1226 3395 peccata
1259 3336 1602 3396 posterorum
1658 3322 1839 3384 Israel.
1871 3327 1987 3385 Non
2034 3329 2088 3383 in

503 3416 738 3473 alienam
792 3406 1067 3488 regionem
1124 3419 1303 3485 missi,
1333 3419 1429 3476 sed
1482 3420 1537 3477 in
1589 3435 1654 3476 ea
1707 3435 1868 3490 quam
1923 3420 2092 3476 armis

501 3516 845 3578 comparant,
867 3508 1111 3564 collocati
1150 3519 1317 3577 sunt;
1350 3518 1406 3566 et
1439 3523 1562 3565 cum
1611 3508 1880 3582 Egypliis
1918 3510 2091 3566 servi-

503 3608 665 3667 rent,
705 3601 1334 3671 sudorumque,suorum
1392 3601 1598 3657 nullam
1639 3602 1943 3658 mercedem
1993 3617 2089 3658 ac-

502 3695 771 3765 ciperent,
809 3695 1102 3766 aliquando
1139 3698 1341 3752 virtute
1392 3695 1489 3752 Dei
1542 3710 1575 3752 e
1632 3697 1852 3769 regione
1909 3700 2092 3771 oppri-

499 3786 765 3843 mentium
789 3802 851 3844 se
877 3787 1272 3856 discesserunt,
1293 3797 1350 3845 et
1395 3787 1451 3844 in
1477 3798 1622 3846 terra
1670 3790 1912 3861 patribus
1959 3807 2089 3862 pro.

502 3879 673 3936 missa
726 3880 1113 3937 consederunt.
1158 3880 1276 3937 Non
1317 3881 1384 3937 iis
1435 3881 1636 3952 nuptia
1695 3898 1819 3940 cum
1871 3883 2093 3941 mulier-

500 3971 661 4037 cula,
723 3981 782 4027 ut
825 3973 1067 4044 captanti
1148 3974 1365 4046 nuptias
1446 3975 1716 4032 mercedis
1781 3978 1901 4033 loco
1963 3985 2092 4032 sunt

497 4064 789 4134 propositae
818 4079 833 4131 ;
859 4063 952 4120 sed
985 4064 1164 4121 omnis
1185 4064 1311 4121 boni
1336 4065 1492 4137 cupia
1518 4066 1724 4136 potius,
1746 4072 1892 4121 terra
1911 4064 2091 4121 ﬂuens

502 4155 645 4210 lacte
681 4164 740 4210 et
798 4156 988 4225 melle,
1033 4157 1322 4213 debellatio
1381 4157 1856 4223 adversariorum,
1918 4155 2090 4226 gloria

498 4256 558 4303 et
584 4247 804 4314 divitiae,
830 4258 887 4303 et
913 4249 1042 4304 hinc
1077 4247 1458 4319 promanantia
1497 4249 1717 4314 decora,
1739 4255 1793 4301 et
1818 4246 1948 4317 quid
1979 4260 2087 4302 non

502 4336 745 4405 tandem,
806 4338 951 4408 quod
988 4338 1057 4394 ad
1088 4338 1305 4395 felicem
1359 4346 1561 4393 statum
1592 4335 1931 4406 deliciasque
1961 4351 2087 4407 spe-

499 4430 722 4488 claret?
773 4430 881 4488 Sed
934 4446 1043 4488 non
1105 4430 1501 4488 custodierunt.
1551 4428 1898 4499 Transgressi
1958 4438 2087 4485 sunt

498 4522 670 4588 enim,
698 4522 1003 4579 custodiam
1037 4520 1197 4591 plane
1224 4521 1280 4576 in
1318 4518 1559 4575 minimis
1589 4527 1871 4589 ponentes.
1908 4519 2086 4576 Mani-

499 4611 697 4669 festum
730 4613 919 4685 igitur,
946 4610 1266 4682 Iongissime
1300 4624 1332 4662 a
1363 4618 1579 4678 patrum
1612 4608 1881 4679 probitate
1906 4623 2086 4665 remo-

470 4714 604 4772 .tos,
655 4720 757 4760 nec
782 4704 888 4760 illis
946 4702 1234 4771 impertita:
1266 4700 1455 4772 gratiae
1522 4700 1796 4771 principes
1838 4701 2085 4770 futuros;

492 4794 674 4881 justus
724 4803 809 4851 est
838 4794 982 4849 enim
1011 4791 1200 4861 iudex.

568 4886 735 4949 Vsus.
769 4887 858 4942 15.
895 4883 965 4939 Et
1015 4885 1070 4938 in
1101 4885 1351 4955 propheta
1379 4883 1559 4940 eduxit
1606 4884 1862 4942 Dominus
1896 4885 2081 4944 Israe-

495 4979 599 5047 (em
645 4994 712 5035 ea:
760 4985 901 5041 terra
933 4976 1156 5055 ﬁgypti
1180 5015 1199 5044 ,
1232 4977 1368 5032 etin
1411 4976 1666 5045 prapheta
1704 4985 1938 5032 seruatus
1979 4987 2080 5035 est.

567 5069 798 5134 CXLIV.
839 5068 955 5131 Hoc
1006 5053 1126 5131 loco
1188 5083 1408 5131 causam
1472 5068 1629 5131 nobis
1680 5070 1857 5138 aperit
1912 5084 2082 5140 quare

496 5160 666 5225 Israel
691 5160 1072 5233 praescriptum
1104 5160 1207 5217 sibi
1241 5160 1558 5221 mandatum
1613 5176 1719 5219 non
1752 5162 2078 5228 servaverit,

496 5264 555 5314 et
603 5255 771 5311 Deum
801 5253 1207 5325 contentpserit,
1256 5252 1544 5316 dicentem;
1584 5270 1603 5305 ι
1636 5251 1754 5308 Νοιι
1784 5263 1947 5310 erunt
1989 5254 2086 5308 tibi

499 5348 572 5409 dii
611 5345 702 5413 alii
748 5357 948 5417 praeter
985 5360 1071 5401 me
1100 5345 1168 5412 ⁸⁸,
1202 5364 1222 5398 ι
1280 5355 1337 5399 et
1376 5359 1545 5414 quare
1609 5345 1809 5400 eximia
1871 5351 2086 5415 patrum

500 5441 680 5503 studia
708 5440 948 5498 aemulari
988 5441 1242 5497 noluerit.
1294 5438 1561 5511 Oltjurgat
1624 5439 1770 5494 enim
1814 5437 2087 5495 Israelitas

501 5531 642 5607 quod
676 5545 736 5587 se
770 5530 1005 5588 bumauo
1054 5547 1220 5603 regno
1255 5547 1320 5588 ex
1368 5545 1491 5587 asse
1550 5530 1913 5599 subjicerent,
1962 5544 2084 5586 cum

573 5707 616 5751 ετ
655 5708 854 5777 Bacch.
888 5681 1030 5779 κων,
1063 5712 1215 5778 9-10.
1293 5712 1337 5745 ⁸³
1379 5710 1514 5770 Gen.
1550 5725 1701 5785 xxix,
1726 5709 1820 5765 ΞΟ.

2189 3116 2304 3172 ἀλλ’
2337 3115 2414 3170 ὢν
2440 3116 2739 3189 ἐπηλύτης,
2764 3118 2858 3173 καῖ¹
2880 3117 3174 3191 διατρίϐων
3200 3121 3288 3175 ἐπ’
3310 3121 3638 3193 ἀλλοδαπῆς.
3668 3124 3785 3178 Καὶ

2189 3201 2259 3280 ἦν
2292 3207 2393 3279 μὲν
2429 3206 2672 3272 τοιοῦτος
2697 3209 2726 3262 ό
2759 3207 2977 3273 Ἰακὼϐ,
3013 3208 3211 3280 ἴδωμεν
3255 3209 3313 3266 δὲ
3357 3212 3452 3265 καὶ
3477 3213 3546 3266 τὰ
3572 3214 3685 3267 τῶν
3728 3194 3787 3283 ἐξ

2204 3301 2422 3374 Ἰσραὴλ
2447 3302 2788 3373 ἐγκλήματα.
2824 3303 2939 3355 Οὺκ
2967 3303 3048 3366 εἰς
3081 3302 3294 3357 ὀθνείαν
3328 3304 3609 3376 ἐπέμπετο
3641 3308 3784 3381 γῆν·

2190 3392 2306 3451 ἀλλ’
2340 3395 2398 3448 ἐν
2437 3392 2767 3468 δορυκτήτου
2804 3394 2971 3465 μοίρᾳ
3012 3394 3284 3464 κείμενος,
3330 3395 3576 3466 θητεύων
3617 3401 3789 3470 Αἰγυ-

2190 3487 2393 3553 πτίοις,
2425 3486 2518 3540 καὶ
2547 3485 2780 3556 ἄμισθον
2811 3485 3098 3555 ὑπομένων
3130 3486 3349 3557 ἱδρῶτα,
3387 3488 3517 3541 ποτὲ
3551 3489 3787 3560 δυνάμει

2190 3579 2329 3635 Θεοῦ
2357 3581 2459 3651 τῆς
2486 3580 2594 3635 τῶν
2637 3578 3108 3633 πλεονεκτούντων
3157 3579 3434 3651 ἀπήλλαξε
3482 3597 3543 3634 τε
3572 3580 3783 3653 χώρας,
3804 3586 3839 3615 ⁸

2191 3670 2288 3727 καὶ
2317 3666 2572 3739 ἐκάθιζεν
2601 3670 2681 3732 είς
2708 3670 2813 3741 γῆν
2843 3670 2943 3741 τὴν
2963 3671 3076 3733 τοῖς
3121 3670 3394 3743 πατράσιν
3428 3670 3785 3744 ἐπηγγελμέ-

2190 3781 2310 3836 νην.
2360 3763 2434 3817 ού
2484 3762 2661 3832 γάμος
2697 3756 2766 3833 ἦν
2819 3760 2969 3832 αὐτῷ
3018 3762 3245 3832 γυναίου
3303 3763 3666 3834 προκείμενος
3704 3766 3787 3828 εἰς

2189 3853 2521 3919 ἀντέκτισιν,
2560 3853 2639 3917 ὡς
2697 3852 3026 3924 τετηρηκότι
3068 3853 3162 3906 τὸν
3197 3853 3397 3925 γάμον,
3443 3857 3681 3927 χορηγία
3728 3857 3786 3911 δὲ

2194 3945 2395 4017 μᾶλλον
2419 3941 2742 4016 ἀμφιλαφὴς
2771 3944 2973 4007 παντὸς
3010 3944 3238 4014 ἀγαθοῦ,
3286 3946 3357 4016 γῆ
3398 3947 3598 4017 ῥέουσα
3634 3946 3783 4015 γάλα

2193 4039 2288 4093 καὶ
2318 4036 2463 4108 μέλι,
2490 4035 2551 4089 τὸ
2591 4034 2879 4090 καταυλεῖν
2908 4034 3168 4089 δύνασθαι
3193 4034 3302 4090 τῶν
3336 4037 3781 4108 ἀνθεστηκότων,

2190 4128 2317 4194 δόξα
2342 4127 2438 4181 καὶ
2458 4125 2706 4193 πλοῦτος,
2742 4128 2838 4183 καῖ⁵
2862 4126 2931 4183 τὰ
2963 4127 3213 4186 ἐντεῦθεν
3246 4128 3569 4201 αὐχήματα,
3602 4131 3701 4185 καὶ
3729 4131 3783 4185 τί

2190 4224 2299 4294 γὰρ
2324 4219 2445 4288 οὐχὶ
2470 4218 2530 4276 τὸ
2551 4218 2659 4275 τῶν
2683 4220 2761 4283 είς
2793 4216 3094 4291 εὐημερίαν
3114 4221 3211 4274 καὶ
3236 4222 3479 4292 τρυφήν;
3504 4221 3650 4275 Ἀλλ’
3680 4223 3783 4275 οὐκ

2191 4310 2516 4381 ἐφυλάξατο.
2540 4309 2907 4383 Παραϐέϐηκε
2937 4311 3066 4383 γὰρ,
3097 4311 3278 4380 ὀλίγου
3307 4312 3588 4375 παντελῶς
3615 4312 3781 4380 ἀξιὼ-

2116 4395 2161 4452 D
2198 4414 2297 4464 σας
2342 4393 2503 4470 λόγου
2544 4398 2642 4472 τὴν
2670 4401 2923 4473 τήρησιν.
2961 4400 3235 4473 Πρόδηλον
3274 4397 3389 4466 οὖν,
3423 4402 3506 4455 ὄτι
3537 4403 3640 4474 τῆς
3671 4401 3781 4458 τῶν

2186 4492 2438 4567 πατέρων
2477 4492 2779 4557 ἐπιεικείας
2819 4491 3048 4546 κατόπιν
3080 4493 3271 4557 ἰόντες,
3299 4493 3394 4547 καὶ
3432 4493 3594 4547 τοῦτο
3636 4494 3777 4565 ἀμέ-

2184 4604 2352 4660 τρως,
2407 4582 2530 4640 οὐδὲ
2574 4586 2690 4649 τοῖς
2742 4584 2975 4648 ἐκείνοις
3019 4584 3416 4657 ἐκνεμηθείσης
3452 4585 3675 4656 φειδοῦς
3721 4587 3781 4641 ἐν

2190 4677 2405 4751 μεθέξει
2433 4678 2778 4750 γενήσονται·
2817 4676 3027 4741 δίκαιος
3060 4677 3172 4749 γὰρ
3204 4680 3233 4731 ό
3270 4678 3488 4749 κριτής.

2261 4876 2374 4941 καὶ
2420 4874 2489 4930 ἐν
2520 4871 2795 4943 προφήτῃ
2842 4869 3107 4943 ἀνήγαγε
3156 4871 3369 4942 Κύριος
3400 4871 3508 4927 τὸν
3534 4872 3781 4941 Ἰσραὴλ

2188 4971 2259 5036 ἐκ
2290 4969 2404 5042 γῆς
2442 4966 2775 5037 Αίγύπτου,
2811 4964 2910 5025 καί
2942 4964 3014 5019 ἐν
3051 4964 3330 5037 προφήτῃ
3371 4963 3773 5035 διεφυλάχθη.

2260 5063 2439 5123 ΡΜΔ¹.
2480 5060 2591 5132 Τὴν
2633 5059 2814 5114 αἰτίαν
2852 5060 2986 5131 ἡμῖν
3026 5059 3083 5111 ἐν
3114 5057 3327 5121 τούτοις
3376 5058 3656 5128 διατρανοῖ
3682 5057 3776 5111 τοῦ

2195 5158 2331 5232 μήτε
2363 5133 2598 5224 φυλάξαι
2644 5153 2733 5208 τὸν
2769 5136 2986 5225 Ἰσραὴλ
3036 5150 3136 5222 τὴν
3178 5150 3489 5223 ὁρισθεῖσαν
3531 5149 3773 5221 ἐντολὴν,

2185 5244 2598 5319 καταφρονῆσαι
2626 5242 2723 5299 τοῦ
2751 5240 2898 5296 ’Θεοῦ
2933 5241 3207 5310 λέγοντος,
3246 5260 3264 5293 t
3299 5242 3413 5295 Οὐκ
3444 5241 3661 5295 ἔσονταί
3692 5257 3775 5294 σοι

2187 5339 2301 5393 θεοὶ
2331 5338 2509 5414 ἕτεροι
2539 5336 2679 5413 πλὴν
2713 5335 2869 5407 ἐμοῦ,
2896 5353 2914 5386 s
2943 5335 3037 5422 καὶ
3060 5332 3156 5388 τοῦ
3182 5335 3258 5406 μὴ
3288 5333 3493 5387 ἐθέλειν
3514 5336 3638 5398 ταῖς
3664 5326 3775 5386 τῶν

2188 5430 2441 5504 πατέρων
2462 5428 2786 5492 ἐπιεικείαις
2805 5425 3190 5503 διαμιλλᾶσθαι
3217 5425 3390 5494 φιλεῖν
3410 5441 3424 5455 ·
3449 5424 3773 5494 ἐπιπλήττει

2186 5522 2315 5593 γὰρ,
2346 5522 2428 5583 ὅτι
2458 5521 2744 5595 γεγόνασιν
2777 5519 2913 5583 ὅλως
2946 5520 2996 5573 oi.
3052 5519 3111 5586 ἐξ
3150 5515 3363 5589 Ἰσραὴλ
3405 5516 3509 5571 ὑπὸ
3538 5515 3637 5589 τὴν
3671 5516 3772 5572 άν-

1931 5712 1975 5745 ⁶⁹
2017 5708 2190 5772 Exod,
2220 5723 2311 5775 xx,
2338 5709 2396 5765 5.
