3982 6496
243 386 346 440 297

1179 385 1733 443 COMMENTARIUS
1775 381 1842 436 IN
1884 379 2120 435 OSEAM
2164 374 2616 433 PltOI‘IIETAM.

3443 369 3548 425 298

244 499 482 570 θρὼπων
527 500 830 571 βασιλείαν,
865 501 1044 554 καίτοι
1107 502 1488 572 βασιλεύοντος
1535 501 1716 559 αὐτῶν
1758 498 1851 554 τοῦ

1974 513 2143 558 amen
2179 505 2428 566 regnaret
2493 506 2654 560 super
2699 490 2842 556 ipsos
2903 486 3044 540 Deus
3105 499 3202 555 per
3256 487 3550 555 prophetas

242 591 376 645 θεοῦ
407 593 502 646 διὰ
546 593 849 664 προφητῶν
891 593 1090 662 ἁγίων·
1123 597 1219 649 καὶ
1256 597 1632 660 ἐκλελοιπότος
1665 596 1850 657 αὐτοῖς

241 684 476 751 οὐδενὸς,
501 687 583 750 εἰς
612 686 674 740 τὸ
705 683 842 740 εἶναι
879 688 1206 759 μακαρίους.
1241 688 1588 760 Μεμνήμεθα
1617 688 1727 758 γὰρ
1769 688 1851 740 ὅτι

243 779 529 849 περιόντος
564 796 625 832 τε
690 781 784 832 καὶ
831 781 1275 851 προφητεύοντος
1313 781 1393 835 ἔτι
1431 781 1528 836 τοῦ
1577 779 1850 851 μακαρίου

242 874 519 945 Σαμουὴλ,
546 875 823 947 ἐζήτησαν
865 876 1111 946 βασιλέα.
1146 877 1259 930 Καὶ
1302 877 1441 948 πρός
1483 892 1548 944 γε
1578 873 1642 944 δὴ
1691 871 1854 926 τοῦτο

242 966 371 1031 Θεὸς
393 967 688 1039 ὠργίζετο,
720 971 816 1024 καὶ
846 971 922 1034 ὡς
971 969 1302 1040 ὑϐρισμένος
1331 970 1393 1022 ού
1429 967 1668 1040 μετρίως
1692 963 1854 1018 λελύ-

241 1076 409 1129 πηται
441 1060 564 1130 μὲν,
589 1060 734 1130 πλὴν
761 1061 1002 1128 ἀνέδειξε
1029 1061 1122 1114 τὸν
1148 1060 1343 1115 Σαούλ.
1369 1059 1581 1112 Οὐκοῦν
1613 1057 1853 1111 αἰτιᾶται

240 1150 392 1216 λίαν,
430 1152 521 1204 ὅτι
565 1154 856 1222 γεγόνασιν
888 1154 1026 1217 ὅλως
1057 1154 1164 1206 ὑπὸ
1204 1154 1305 1224 τὴν
1343 1151 1651 1224 ἀνθρώπων
1701 1149 1855 1219 βασι-

241 1243 409 1307 λείαν,
439 1243 546 1297 οὐκ
587 1244 951 1315 ἀνασχόμενοι
977 1245 1038 1298 τὸ
1073 1245 1229 1316 παρὰ
1258 1242 1393 1298 Θεοῦ
1425 1243 1512 1297 διὰ
1558 1241 1854 1314 προφητῶν

242 1335 650 1403 βασιλεύεσθαι.
703 1338 927 1390 Σέσωκε
981 1338 1079 1408 μὲν
1123 1335 1235 1409 γὰρ
1275 1340 1304 1391 ὀ
1354 1336 1521 1401 Θεὸς,
1553 1336 1718 1405 φησὶ,
1764 1333 1854 1386 τὸν

253 1427 492 1499 Ἰσραὴλ,
511 1429 610 1481 καὶ
634 1427 694 1492 ἐξ
717 1429 868 1481 οἴκου
891 1429 1137 1493 δουλείας
1160 1429 1453 1499 ἐξήγαγεν,
1478 1427 1856 1498 μεσιτεύοντος

240 1520 550 1584 Μωῦσέως,
580 1519 639 1583 ὃς
689 1522 784 1574 καὶ
834 1521 1029 1591 γέγονε
1049 1524 1372 1594 προφήτης,
1397 1521 1506 1578 ,καὶ
1557 1519 1856 1591 προφητῶν

241 1614 505 1685 ἁπαρχή’
591 1614 687 1667 καὶ
742 1615 844 1666 οὐκ
900 1613 1137 1684 ἐξήγαγε
1203 1615 1364 1684 μόνον
1435 1613 1494 1680 ἐξ
1552 1611 1852 1681 Αἰγύπτου,

243 1707 429 1776 φησὶν,
477 1705 619 1758 ἀλλὰ
659 1705 770 1776 γὰρ
807 1706 902 1758 καὶ
945 1706 1242 1776 τετήρηκε.
1285 1703 1581 1774 Μεμένηκε
1621 1703 1728 1773 γὰρ
1777 1702 1858 1754 ἑνὶ

242 1797 316 1868 τῷ
348 1797 550 1867 φύσει,
586 1797 683 1851 καὶ
741 1797 958 1869 ἀληθῶς
1005 1796 1295 1869 λατρεύειν
1341 1796 1482 1867 Θεῷ.
1530 1794 1748 1866 Ἐπειδὴ
1800 1794 1858 1847 δὲ

1955 600 2194 656 sanctos,
2227 598 2284 642 et
2319 586 2449 640 nihil
2495 584 2573 639 eis
2602 583 2666 636 ad
2701 579 3117 652 prosperitatem
3154 578 3386 634 deesset.
3431 578 3549 633 Me-

1958 683 2213 736 minimus
2271 679 2439 742 e-nim,
2503 675 2797 746 superstite
2860 673 3038 728 adhuc
3095 679 3150 726 et
3199 671 3551 742 prephetant-r

1957 773 2230 837 Samuelc,
2259 787 2353 826 eos
2385 785 2566 840 regem
2602 767 2924 838 postulasse.
2960 766 3122 836 178
3151 765 3302 830 Quod
3337 763 3553 832 indigne

1933 866 2079 921 tulit
2124 865 2290 929 Deus,
2324 872 2380 917 et
2417 877 2475 917 se
2523 868 2765 928 spretum
2797 873 2919 914 esse
2971 857 3224 921 indoluit;
3278 864 3552 911 verumta-

1958 972 2080 1013 men
2113 956 2242 1012 Saul
2270 955 2577 1024 designavit
2607 953 2677 1005 7°.
2713 950 2950 1005 Accusat
2979 949 3144 1020 igitur
3171 962 3264 1003 eos
3295 948 3552 1017 majorem

1959 1050 2011 1102 in
2061 1050 2314 1112 modum,
2347 1056 2407 1102 ut
2467 1056 2607 1100 totos
2660 1045 2898 1099 humano
2948 1043 3058 1113 regi
3118 1041 3410 1110 subjectos,
3457 1055 3557 1095 nec

1961 1144 2053 1198 Dei
2107 1143 2392 1211 imperium
2452 1156 2548 1210 per
2580 1140 2873 1210 prophetas
2921 1127 3277 1192 sustinentes.
3313 1133 3556 1188 Salvavit

1959 1239 2128 1304 enim,
2158 1238 2359 1307 inquit,
2393 1236 2537 1290 Deus
2570 1233 2846 1301 lsraelem,
2878 1241 2932 1287 et
2980 1234 3046 1287 de
3073 1231 3235 1286 domo
3279 1229 3557 1285 servitutis

1959 1331 2147 1386 eduxit
2205 1329 2509 1386 ministerio
2559 1328 2758 1400 Moysis
2820 1326 3094 1398 prophetae
3150 1335 3203 1380 et
3263 1325 3558 1393 propheta-

1961 1440 2080 1479 rum
2123 1423 2548 1494 antesignani”.
2587 1421 2696 1476 Nec
2736 1421 2909 1476 solum
2939 1437 3006 1476 ex
3055 1418 3287 1490 Egypto
3346 1419 3554 1482 eduxit,

1961 1517 2157 1586 inquit,
2187 1518 2280 1570 sed
2313 1515 2479 1570 etiam
2525 1513 2858 1578 custodivit;
2890 1512 2941 1566 in
2983 1527 3114 1566 vero
3153 1513 3369 1566 enimet
3396 1521 3557 1563 natu-

1960 1623 2020 1660 ra
2070 1607 2180 1661 Deo
2205 1606 2434 1662 colendo
2478 1605 2852 1674 perstiterunt.
2883 1605 3177 1674 Postquam
3226 1612 3406 1656 autem
3455 1601 3557 1655 sub

1962 1712 2127 1769 regno
2175 1696 2416 1761 fuerunt,
2447 1695 2722 1750 dilectioni
2752 1710 2880 1765 erga
2918 1694 3090 1749 Deum
3155 1694 3556 1749 valedixerunl.

1963 1791 2181 1846 Primus
2215 1788 2359 1843 enim
2407 1787 2664 1841 Salomon
2697 1791 2754 1842 et
2799 1801 2944 1851 aras,
2987 1796 3041 1841 et
3074 1785 3298 1840 delubra
3345 1783 3555 1839 Baalim

241 1890 536 1959 γεγόνασιν
565 1889 659 1942 ἐπὶ
691 1888 971 1959 βασιλέας,
989 1889 1090 1958 τῆς
1117 1889 1198 1953 εἰς
1222 1888 1358 1941 Θεὸν
1390 1887 1613 1956 ἀγάπης
1642 1885 1859 1950 sedma-

1974 1882 2246 1937 editicavit
2270 1882 2337 1936 τ’.
2366 1880 2496 1934 Post
2533 1894 2656 1934 eum
2699 1879 3052 1939 detestandus
3085 1878 3377 1934 Jerobo‘am
3419 1879 3559 1933 vitu-

240 1980 356 2033 λαν·
404 1979 635 2051 Πρῶτος
677 1980 778 2051 μὲν
803 1980 912 2052 γὰρ
955 1979 1276 2052 ᾠκοδόμησε
1317 1978 1573 2050 Σολομῶν
1621 1979 1712 2031 καὶ
1755 1975 1861 2046 βω-

245 2073 399 2142 μοὺς,
450 2071 545 2126 καὶ
593 2071 798 2143 τεμένη
844 2074 958 2136 τοῖς
1011 2073 1281 2143 Βααλείμ’
1319 2067 1441 2126 εἷτα
1487 2072 1603 2142 μετ’
1632 2071 1794 2123 αὐτὸν
1830 2071 1860 2122 ὀ

241 2164 524 2234 ἐπάρατος
587 2163 884 2236 Ὶεροϐοὰμ·
931 2164 1030 2228 τὰς
1085 2165 1302 2236 χρυσᾶς
1353 2157 1856 2232 ὲποίειδαμάλεις.

243 2256 499 2310 Αἰτιᾶται
522 2255 704 2310 τοίνυν
730 2256 807 2320 ὡς
839 2257 1135 2328 παγκάλην
1173 2256 1490 2326 οἰκονομίαν
1525 2255 1586 2307 οὐ
1631 2268 1859 2323 τετηρη-

244 2347 432 2412 κὰτας,
455 2349 521 2402 τὸ
543 2346 658 2420 γὰρ
683 2347 838 2419 παρὰ
862 2347 1021 2412 Θεοῦ,
1051 2348 1218 2419 φημὶ,
1241 2347 1332 2402 διὰ
1374 2345 1676 2419 προφητῶν
1706 2344 1861 2415 βασι-

1963 1975 2046 2030 los
2084 1988 2276 2029 aureos
2331 1973 2455 2028 fecit
2483 1973 2548 2026 ⁷³.
2577 1973 2943 2043 Conqueritur
2997 1987 3148 2043 ergo,
3188 1982 3248 2027 ut
3291 1972 3384 2041 qui
3437 1971 3558 2042 pul-

1965 2067 2294 2122 cherrimam
2338 2065 2704 2122 oeconomiam
2739 2080 2847 2120 non
2890 2065 3252 2133 servaverint,
3285 2073 3344 2120 ut
3382 2079 3413 2120 a
3447 2063 3558 2120 Deo

1962 2175 2063 2231 per
2089 2159 2381 2229 prophetas
2403 2168 2740 2228 regerentur,
2775 2158 2868 2213 sed
2895 2157 2996 2212 sub
3024 2156 3301 2212 hominum
3325 2166 3562 2227 potesta-

1967 2261 2072 2306 tem
2104 2266 2164 2308 se
2213 2251 2430 2306 tradere
2483 2251 2799 2319 maluerint,
2825 2251 2968 2322 quod
3001 2265 3096 2306 eos
3119 2251 3186 2305 ad
3229 2251 3560 2322 apostasiam

1965 2359 2184 2415 quoque
2214 2344 2494 2414 perduxit.

245 2443 524 2507 λεύεσθαι,
554 2442 697 2497 τὸδὲ
745 2442 853 2496 ὑπὸ
904 2444 1061 2513 χεῖρα
1128 2444 1316 2497 πεσεῖν
1370 2439 1678 2511 ἀνθρώπων
1747 2437 2185 2512 ἁνθῃρημένους,
2235 2439 2265 2492 ὀ
2316 2438 2381 2510 δὴ
2421 2438 2518 2494 καὶ
2565 2438 2792 2508 γέγονεν
2833 2439 3018 2502 αὐτοῖς
3065 2439 3166 2510 τῆς
3221 2437 3564 2502 ἀποστασίας

245 2538 532 2608 πρόξενον.

326 2673 677 2744 Ἐθύμωσεν
725 2673 1014 2744 Ἐφραῒμ,
1069 2673 1172 2729 καί
1219 2671 1592 2746 παρώργισε,
1641 2672 1743 2728 καὶ
1795 2674 1864 2730 τὸ

246 2763 390 2836 αἷμα
421 2766 624 2822 αὐτοῦ
653 2767 748 2820 ἐπ’
779 2767 969 2821 αὐτὸν
993 2766 1550 2844 ἐκχυθήσεται,γκαὶ
1583 2754 1690 2821 τόν
1713 2767 1886 2834 ὀνειτ

247 2856 472 2927 δισμὸν
498 2857 691 2913 αὐτοῦ
713 2857 1141 2914 ἀνταποδώσει
1179 2859 1397 2928 Κύριος
1427 2857 1610 2926 αὐτῷ.

318 2993 504 3049 ΡΜΕ’.
543 2993 668 3047 Ὅτι
718 2991 949 3064 πικρὸν,
991 2993 1090 3046 καὶ
1137 2991 1477 3062 ἐπισφαλὲς,
1511 2991 1604 3045 καὶ
1634 2991 1862 3064 ὀλέθρου

2054 2670 2221 2727 Vens.
2262 2669 2352 2726 14.
2379 2671 2462 2725 Ad
2491 2670 2830 2724 iracundiam
2853 2670 3130 2724 con-citavit
3162 2687 3246 2725 me
3281 2670 3559 2740 Epitraim,

1967 2777 2016 2822 et
2043 2765 2293 2832 irritavit,
2329 2773 2378 2819 et
2421 2765 2637 2834 sanguis
2671 2763 2786 2832 ejus
2816 2779 2974 2832 super
3011 2764 3183 2843 ipsum
3235 2763 3558 2833 e/Tundelur,

1967 2869 2017 2914 et
2067 2857 2404 2929 opprobrium
2452 2856 2565 2926 ejus
2620 2855 2869 2911 retribuet
2903 2854 3160 2910 Dominus
3190 2857 3338 2925 ipsi;

2044 2992 2251 3048 CXLV.
2281 2990 2485 3059 Triste,
2505 2985 2886 3062 periculosum
2915 2999 2970 3046 et
2999 2991 3367 3062 perniciosum
3399 2949 3568 3050 fuisse

253 3086 552 3157 παραίτιον
581 3083 777 3152 γέγονε
812 3085 926 3147 τοῖς
955 3081 1018 3148 ἐξ
1050 3083 1292 3154 Ἰσραὴλ,
1321 3083 1382 3136 τὸ
1411 3081 1630 3136 ἑλέσθαι
1662 3082 1863 3153 μᾶλλον

1974 3086 2182 3150 lsraeli,
2218 3083 2366 3154 quod
2427 3083 2530 3140 sub
2583 3085 2864 3139 hominum
2903 3098 3074 3153 regno
3118 3098 3241 3140 esse
3291 3095 3568 3156 praeopta-

252 3178 357 3231 ὑπὸ
390 3177 494 3248 τὴν
528 3173 988 3247 τῶνάνθρώπων
1026 3169 1164 3228 εἶναι
1212 3173 1522 3244 βασιλείαν,
1559 3174 1616 3227 ἐν
1651 3173 1863 3238 τούτοις

1974 3181 2132 3245 verit,
2157 3178 2242 3234 his
2263 3176 2448 3232 verbis
2476 3183 2707 3232 conatur
2739 3191 2839 3232 nos
2868 3176 3065 3232 docere
3099 3176 3432 3245 planissime.
3466 3178 3568 3235 Ec-

250 3272 383 3340 ἡμῖν
420 3264 481 3323 εὖ
520 3268 669 3340 μάλα
703 3269 963 3338 πειρᾶται
1005 3267 1295 3322 δεικνύειν.
1332 3267 1467 3322 Ἰδοὺ
1505 3267 1636 3339 γὰρ,
1671 3267 1860 3339 φησιν,

1974 3289 2031 3328 cc
2061 3273 2231 3337 enim,
2256 3271 2453 3341 inquit,
2509 3269 2792 3340 prraim,
2829 3270 2933 3324 hoc
2957 3277 3060 3335 est,
3099 3267 3414 3338 Jeroboam,
3474 3273 3565 3341 qui

251 3363 280 3414 ὀ
314 3359 586 3432 Ἐφραῒμ,
612 3360 915 3423 τουτέστιν,
944 3361 972 3413 ὀ
992 3360 1060 3412 ὲκ
1090 3358 1266 3430 φυλῆς
1296 3358 1537 3430 Ἐφραῒμ
1558 3357 1861 3431 Ἱεροϐοὰμ,

251 3454 352 3524 ἐμὲ
385 3454 483 3507 τὸν
526 3452 638 3506 τῶν
673 3452 812 3506 ὅλων
840 3451 1143 3521 Δεσπότην,
1167 3469 1186 3501 ι
1233 3450 1521 3522 τεθύμωκε
1544 3492 1558 3515 ,
1590 3450 1686 3503 καὶ
1719 3467 1865 3520 παρ-

254 3543 486 3616 ὠργισε,
524 3563 543 3595 ι
582 3543 681 3597 καὶ
734 3545 815 3605 εἰς
855 3543 965 3597 πᾶν
1013 3537 1153 3606 εἶδος
1193 3541 1424 3597 ἐκάλεσε
1473 3541 1862 3613 παροξυσμοῦ,

254 3637 674 3707 καινοτομὴσας
704 3634 992 3706 δαμάλεις,
1021 3635 1116 3688 καὶ
1145 3634 1207 3687 τὸ
1243 3635 1374 3705 ὲμὸν
1404 3634 1600 3697 αὐταῖς
1640 3632 1866 3705 αὔχημα

256 3726 532 3799 περιθείς.
562 3726 862 3796 Τοιγάρτοι
890 3725 1182 3797 παραίτιος
1211 3725 1374 3789 αὐτὸς
1412 3724 1512 3794 τῆς
1549 3723 1746 3778 ἑαυτοῦ
1777 3724 1868 3792 γέ-

256 3838 414 3890 γονεν
441 3818 748 3881 ἀπωλείας.
781 3818 901 3870 Ἐπ’
935 3816 1101 3872 αὐτὸν
1131 3817 1240 3888 γὰρ
1267 3816 1386 3889 ἥξει
1410 3817 1470 3870 τὸ
1504 3810 1644 3887 αἷμα
1674 3815 1863 3870 αὐτοῦ.

269 3910 496 3982 Ἐπειδὴ
525 3910 606 3973 δὲ,
649 3910 738 3962 ὅτε
773 3908 874 3973 τὰς
896 3909 1162 3979 δαμάλεις
1188 3908 1419 3980 ἔστησεν
1453 3910 1534 3972 εἰς
1559 3906 1764 3979 Βαιθήλ
1806 3924 1866 3961 τε

258 4006 350 4058 καὶ
387 4002 525 4066 Δὰν,
563 4000 1010 4072 προσπεφώνηκε
1039 4003 1154 4064 τοῖς
1194 4000 1255 4066 ἐξ
1293 4001 1544 4073 Ἰσραήλ·
1575 4020 1593 4051 ι
1630 4000 1868 4055 Ίκανούο

261 4095 373 4149 σθω
429 4095 564 4166 ὑμῖν
613 4092 677 4146 τὸ
723 4091 1038 4147 ἀναϐαίνειν
1093 4094 1174 4157 εἰς
1215 4093 1582 4164 Ἱεροσόλυμα.
1642 4093 1772 4146 Ἰδοὺ
1818 4093 1868 4145 οἱ

262 4184 370 4238 θεοί
423 4202 521 4237 σου
577 4184 633 4236 οἵ
673 4201 819 4246 τινες
871 4183 1146 4254 ἀνήγαγόν
1177 4201 1236 4236 σε
1275 4185 1340 4238 ὲκ
1371 4183 1475 4253 γῆς
1510 4182 1809 4251 Αἰγύπτου,
1843 4202 1862 4236 ι

263 4267 528 4348 nomen;
557 4272 770 4339 λοιπὸν,
800 4276 894 4329 καὶ
918 4275 1064 4346 μάλα
1094 4276 1342 4340 εἰκότως,
1372 4277 1644 4342 ἀποτίσει,
1681 4277 1866 4347 φησὶν,

263 4371 390 4440 ἐμοὶ
435 4368 518 4440 τῷ
550 4369 794 4439 κρίνοντι
831 4369 927 4422 τοῦ
976 4371 1287 4440 ὀνειδισμοῠ
1322 4371 1420 4432 τὰς
1463 4370 1637 4433 δίκας.
1671 4370 1871 4442 ’Ύϐρις

263 4462 374 4534 γὰρ
417 4463 723 4534 ἄντικρυς,
794 4461 891 4516 καὶ
950 4462 1249 4532 ὀνειδισμοὶ
1293 4461 1746 4532 ὁμολογουμένως
1792 4464 1872 4524 εἰς

264 4555 420 4620 Θεὸν,
444 4553 506 4607 τὸ
535 4553 692 4635 ὕλαις
720 4553 954 4624 ἀψύχοις
987 4553 1267 4608 ἀναθεῖναι
1290 4554 1495 4624 τολμᾷν
1522 4553 1589 4606 τὰ
1613 4553 1681 4606 δι’
1703 4553 1870 4606 αὑτοῦ

1979 3367 2079 3420 l'uit
2109 3366 2173 3420 de
2198 3365 2343 3421 tribu
2378 3361 2661 3433 Ephraim,
2715 3377 2803 3418 me
2850 3361 3230 3418 universorum
3281 3363 3570 3420 Dominum

1968 3455 1998 3511 ἰ
2042 3459 2106 3513 ad
2145 3457 2479 3512 iracundiam
2509 3456 2804 3510 concitavit
2851 3464 2906 3510 et
2940 3456 3196 3523 irritavit,
3236 3475 3254 3509 ι
3303 3458 3572 3514 omnimo-

1977 3551 2060 3606 dis
2113 3548 2481 3613 exacerbavit,
2527 3545 2808 3603 fabricatis
2844 3547 3027 3603 vitulis
3083 3549 3259 3615 novis,
3293 3557 3348 3605 et
3399 3549 3571 3619 gloria

1977 3657 2097 3697 mea
2138 3643 2192 3696 in
2225 3641 2344 3697 illos
2392 3640 2607 3697 collata.
2635 3639 2866 3694 Proinde
2911 3640 3025 3710 ipse
3060 3641 3284 3695 exitium
3337 3640 3437 3695 sibi
3473 3656 3571 3711 pe-

1975 3734 2137 3803 perit.
2169 3733 2344 3803 Super
2401 3733 2581 3804 ipsum
2613 3732 2754 3786 enim
2801 3732 2982 3787 veniet
3025 3733 3246 3803 sanguis
3267 3732 3405 3803 ejus.
3431 3733 3573 3801 Quia

1976 3826 2118 3882 enim
2163 3825 2352 3879 vitulis
2406 3826 2458 3878 in
2491 3823 2676 3879 Bcthel
2725 3834 2781 3878 et
2820 3822 2932 3877 Dan
2977 3825 3178 3878 erectis
3235 3824 3576 3879 denuntiavit

1977 3917 2258 3979 lsraelitis,
2293 3917 2366 3970 ita
2434 3916 2695 3984 loquens:
2740 3932 2758 3965 ι
2797 3914 3044 3969 Sufficiat
3093 3915 3246 3992 vobis
3276 3916 3573 3971 ascendere

1978 4010 2030 4063 in
2063 4007 2388 4061 Jerusalem.
2421 4007 2562 4060 Ecce
2590 4006 2660 4059 dii
2699 4006 2796 4072 tui,
2838 4005 3025 4072 Israel,
3061 4007 3150 4075 qui
3186 4010 3492 4062 eduxerunt
3521 4017 3574 4062 te

1979 4102 2044 4155 de
2077 4109 2220 4153 terra
2257 4098 2474 4168 AZgypti
2510 4097 2595 4161 7δ;
2637 4113 2654 4147 ι
2689 4097 2914 4161 idcirco,
2944 4097 3147 4166 inquit,
3173 4107 3223 4150 et
3259 4097 3384 4167 jure
3427 4099 3574 4167 opti-

1981 4207 2088 4258 mo,
2121 4191 2253 4245 mihi
2283 4190 2455 4258 judici
2510 4187 2670 4258 hujus
2701 4189 2885 4258 probri
2916 4197 2971 4243 et
3002 4196 3348 4265 contemptus
3380 4202 3574 4257 poenas

1978 4283 2269 4353 persolvet.
2323 4282 2520 4351 Aperta
2568 4289 2652 4334 est
2692 4294 2930 4348 namque
2991 4278 3189 4350 injuria
3229 4287 3284 4333 et
3331 4278 3574 4333 omnium

1981 4376 2324 4433 confessione
2361 4364 2712 4445 opprob'ratio
2740 4374 2792 4427 in
2835 4373 3029 4440 Deum,
3053 4371 3295 4427 materiae
3323 4371 3576 4427 inanimae

1982 4470 2281 4523 attribuere
2337 4469 2539 4523 audere
2580 4482 2701 4537 qua:
2751 4465 2818 4520 ab
2873 4467 2992 4536 ipso
3028 4465 3304 4534 splendide
3341 4475 3397 4520 et
3452 4480 3576 4519 cum

1985 4561 2345 4616 admiratione
2402 4568 2615 4629 patrata
2643 4567 2961 4628 suntopera
3005 4556 3318 4630 laudabilia.
3374 4557 3578 4626 Quam-

263 4647 535 4716 γεγονότα
567 4645 825 4718 λαμπρὰ,
861 4645 959 4699 καὶ
997 4645 1414 4715 ἀξιοθαύμαστα
1442 4643 1863 4715 κατορθώματα.

1981 4653 2169 4707 obrem
2221 4655 2518 4708 secundum
2553 4652 2722 4722 ipsius
2747 4651 3004 4728 Ephraim
3032 4649 3315 4722 probrum,
3338 4650 3442 4705 hoc
3469 4659 3576 4716 est,

267 4739 486 4793 Οὐκοῦν
532 4739 682 4792 κατὰ
724 4739 816 4793 τὸν
875 4738 1041 4792 αὐτοῦ
1093 4737 1189 4791 τοῦ
1249 4735 1492 4808 Ἑφραῒμ
1543 4737 1871 4807 ὀνειδισμὸν,

264 4833 578 4895 τουτέστιν,
631 4832 938 4902 ἰσομέτρως
984 4832 1108 4893 ταῖς
1157 4827 1324 4883 αὐτοῦ
1373 4828 1739 4898 δυσφημίαις,
1779 4827 1876 4881 καὶ

267 4925 509 4987 ἀνοσίοις
565 4925 796 4991 φωναῖς,
848 4922 919 4975 τὰ
973 4921 1037 4987 ἐξ
1089 4923 1260 4991 ὀργῆς
1293 4919 1873 4990 ἀντεπενεχθήσονται.

267 5015 490 5086 Ὠσπερ
531 5013 643 5085 γὰρ
679 5013 804 5066 ὅσον
830 5014 954 5084 ἣκει
985 5015 1066 5076 εἰς
1093 5012 1402 5082 ἐγχείρημά
1429 5028 1500 5064 τε
1533 5011 1628 5064 καὶ
1659 5012 1878 5079 λόγους,

266 5111 366 5177 τῆς
396 5107 557 5177 αὐτῷ
583 5108 688 5178 ,καὶ
725 5107 873 5178 μόνῳ
903 5105 1224 5177 πρεπούσης
1263 5103 1422 5176 δόξης
1469 5104 1678 5177 ὲξώσθη
1703 5105 1836 5168 θεός
1859 5119 1875 5134 ⁸

267 5197 415 5251 οὕτω
442 5199 542 5251 καὶ
571 5198 734 5261 αὐτὸς
756 5197 858 5267 τῆς
883 5197 1021 5260 ἰδίας
1047 5197 1225 5268 ἀρχῆς
1246 5195 1877 5267 ὲξωσθήσεται.Πεπαύ-

272 5303 425 5341 σεται
456 5287 572 5358 γὰρ
605 5287 747 5341 κατὰ
777 5288 1004 5358 καιροὺς
1032 5288 1065 5356 ἡ
1093 5284 1341 5356 βασιλεία
1364 5284 1459 5338 τοῦ
1493 5285 1756 5356 Ἐφραΐμ.
1790 5285 1878 5349 Ὠς

271 5381 386 5450 γὰρ
424 5381 530 5450 ἤδη
562 5383 848 5450 προεῖπον,
883 5379 1021 5450 μετὰ
1049 5379 1149 5448 τὴν
1175 5378 1240 5431 ὲκ
1270 5376 1595 5440 Βαϐυλῶνος
1623 5378 1882 5431 ἐπάνοδον

268 5471 452 5535 οὐδεὶς
498 5471 583 5524 ἔτι
627 5471 1016 5541 βεϐασίλευκεν
1046 5472 1104 5524 ἐν
1139 5468 1424 5540 Σαμαρείᾳ
1468 5469 1576 5523 τῶν
1604 5470 1736 5522 δέκα
1784 5488 1885 5539 φυ-

269 5562 387 5615 λῶν
409 5581 422 5595 ·
457 5563 575 5616 ἀλλ’
599 5559 742 5634 ἦσαν
768 5565 826 5616 ὲν
850 5566 966 5625 τοῖς
993 5560 1391 5632 Ἱεροσολύμοις
1418 5561 1508 5629 ὑφ’
1532 5559 1630 5614 ’ἐνα
1661 5560 1882 5628 πάντες,

270 5655 389 5708 τῶν
417 5657 484 5709 ὲκ
507 5654 681 5726 φυλῆς
711 5655 883 5707 Ἰούδα
915 5652 1057 5706 κατὰ
1091 5652 1321 5724 καιροὺς
1353 5651 1811 5722 βασιλευσάντων.

1979 4745 2332 4816 proportione
2371 4745 2490 4814 ejus
2530 4744 2990 4814 blasphemiarum
3041 4752 3096 4798 et
3127 4743 3418 4814 impiorum
3459 4759 3578 4798 ser-

1983 4852 2224 4901 monum,
2259 4837 2329 4891 ab
2357 4837 2495 4890 irato
2543 4837 2654 4892 Deo
2682 4836 2759 4890 illi
2809 4835 3047 4891 vicissim
3077 4835 3343 4905 supplicia
3377 4836 3583 4906 irroga-

1981 4930 2202 4983 huntur.
2236 4928 2702 4992 Quemadmodum
2742 4928 2886 4982 enim
2925 4944 3029 4998 qua
3075 4927 3238 4993 facto,
3272 4944 3376 4998 qua
3402 4913 3584 4983 verbo

1981 5019 2106 5086 sibi,
2130 5030 2184 5074 et
2212 5020 2312 5074 Soli
2337 5013 2675 5074 convenienti
2712 5019 2880 5088 gloria
2906 5018 3090 5089 pulsus
3124 5020 3286 5090 179
3315 5031 3397 5075 est
3418 5020 3580 5083 Deus,

1988 5111 2069 5166 sic
2108 5120 2162 5165 et
2203 5109 2318 5179 ipse
2359 5123 2458 5164 suo
2517 5109 2820 5177 principatu
2872 5109 3125 5179 pelletur.
3183 5110 3400 5164 Desinet
3427 5109 3576 5164 enim

1987 5202 2279 5272 aliquando
2322 5215 2546 5269 regnum
2577 5199 2856 5270 Ephraim.
2885 5200 3043 5268 Nam,
3075 5209 3134 5255 ut
3198 5215 3358 5270 supra
3398 5200 3582 5265 docui,

1989 5304 2112 5362 post
2150 5292 2382 5347 reditum
2413 5307 2444 5347 e
2471 5290 2764 5362 Babylone,
2809 5308 2971 5348 nemo
2998 5293 3228 5362 amplius
3264 5306 3427 5360 super
3484 5291 3584 5345 de-

1987 5399 2106 5442 cem
2139 5387 2312 5441 tribus
2347 5387 2398 5440 in
2428 5385 2675 5440 Samaria
2728 5386 3009 5456 regnavit;
3042 5385 3134 5440 sed
3190 5383 3584 5454 Hierosolymis

1986 5490 2142 5533 erant
2189 5478 2291 5533 sub
2322 5492 2449 5534 .uno
2481 5493 2694 5545 omnes,
2716 5478 2949 5534 oriundo
2993 5491 3056 5533 ex
3088 5475 3159 5539 iis
3193 5475 3285 5550 qui
3317 5475 3386 5531 de
3436 5475 3586 5531 tribu

1986 5566 2122 5624 Juda
2153 5579 2312 5622 antea
2363 5575 2748 5637 regnaverant.

363 5843 408 5882 ”
445 5844 630 5915 lReg.
659 5859 739 5908 ιι,
765 5843 854 5897 Π.
930 5841 977 5872 ’⁷⁸
1015 5840 1188 5896 Exod.
1227 5856 1349 5908 χιιι,
1386 5841 1470 5896 14.
1547 5841 1594 5875 ⁷³
1631 5838 1697 5896 Ill
1725 5837 1858 5910 Reg.

1993 5837 2062 5900 5.,
2125 5837 2172 5873 ⁷³
2211 5837 2286 5894 III
2310 5836 2446 5908 Reg.
2473 5852 2574 5907 xtl,
2601 5837 2672 5894 28
2697 5876 2712 5892 .
2789 5837 2837 5872 ⁷⁸
2875 5837 3010 5894 Ibid.

611 5941 887 6000 ΡΑτιιοι..
935 5935 1055 5997 Gn.
1107 5935 1332 5997 LXXI.

3194 5924 3267 5988 10
