3982 6460
462 334 572 392 ἓθθ

1088 444 1237 502 CAP.
1280 445 1420 505 XIII.

543 536 705 592 Vsus.
734 537 785 603 I,
811 536 866 590 ἢ.
924 536 1341 607 Justiﬁcationes
1393 540 1507 610 ejus
1555 544 1752 611 accepit
1818 543 1932 607 ipse
1989 545 2044 597 in

472 629 663 694 Israel,
686 638 732 683 et
762 629 935 697 posuit
973 645 1064 683 eas
1087 628 1244 696 Baal,
1275 638 1325 685 et
1353 639 1594 686 mortuus
1633 643 1732 687 est.
1760 632 1832 687 Et
1882 649 2046 704 appo-

467 728 682 774 sueram
732 728 789 773 ut
842 729 1114 788 peccaram
1169 721 1361 777 adhuc.
1398 722 1466 777 Et
1497 723 1737 792 fecerunt
1768 725 1871 780 sibi
1922 743 2046 781 con-

470 809 636 874 ﬂatile
681 825 748 864 ea:
812 818 1030 881 argento
1091 811 1348 880 ipsorum,
1395 815 1681 869 secundum
1763 816 2046 888 imaginem

468 899 755 966 idolorum,
786 915 945 969 apere
991 901 1262 970 artiﬁcum
1292 904 1530 975 confecta
1566 908 1664 962 eis.

537 989 767 1048 CXLVI.
810 992 926 1048 Non
967 996 1256 1064 separatim
1314 996 1499 1053 decem
1551 998 1743 1065 tribus,
1776 999 1872 1055 sed
1927 998 2045 1051 nni-

464 1099 684 1140 versum
735 1085 898 1142 Israel
934 1087 1163 1151 incusat,
1186 1097 1242 1142 et
1262 1089 1360 1155 ait,
1392 1089 1870 1159 justiﬁcationibus
1914 1092 2046 1161 ipsis

472 1191 567 1245 per
599 1176 814 1250 Moysen
835 1177 1068 1248 traditis,
1093 1179 1288 1248 quibus
1313 1182 1703 1237 erudiebantur
1741 1197 1849 1252 quo
1887 1196 2048 1253 pacto

454 1270 637 1322 Deum
687 1268 929 1323 colerent
974 1279 1029 1324 et
1067 1274 1517 1340 quemadmodum
1549 1272 1622 1327 illi
1653 1274 2044 1340 sacriﬁcarent,

470 1370 563 1412 eos
600 1358 724 1411 talia
766 1359 1151 1427 propemodum
1203 1359 1352 1426 Baal,
1377 1360 1494 1417 sive
1543 1362 1700 1419 idolis
1731 1378 2047 1421 consecras-

470 1463 548 1505 se.
581 1447 657 1502 Ex
690 1456 843 1517 parte
893 1448 1036 1502 enim
1078 1464 1462 1520 nonnunquam
1522 1460 1691 1507 totum
1751 1454 2043 1525 signiﬁcat.

473 1539 752 1593 Nonenim
814 1538 1044 1609 amplius
1092 1540 1228 1606 Deo,
1258 1541 1350 1596 sed
1407 1544 1588 1612 potius
1643 1546 1895 1613 operibus
1935 1562 2047 1605 ma-

470 1645 633 1683 nuum
664 1644 884 1684 suarum
937 1645 1093 1684 sacra
1147 1629 1502 1700 fecerunt,et
1552 1635 1681 1703 ipsis
1720 1635 1835 1691 dies
1884 1636 2047 1692 festos

469 1712 807 1788 peregerunt,
840 1722 1189 1792 divinumque
1217 1723 1418 1778 cultum
1448 1726 1832 1793 adhibuerunt,
1855 1737 1909 1782 et
1933 1730 2045 1798 pri-

1458 332 1515 390 S.
1557 333 1829 390 CYRILLI
1867 331 2339 390 ALEXANDRINI
2378 332 2700 391 ARCIIIEP.

2080 460 2132 518 Α
2743 451 2993 506 ΚΕΦΑΛ.
3041 451 3141 507 II".

3616 339 3728 396 309

2214 542 2581 613 Δικαιώματα
2599 545 2785 599 αὑτοῦ
2809 547 3026 600 ἐλαϐεν
3045 545 3230 613 αὐτὸς
3251 545 3323 601 ἐν
3345 544 3427 612 τῷ
3461 544 3726 615 Ἰσραὴλ,

2148 630 2239 684 καί
2271 631 2438 687 ἔθετο
2487 632 2642 688 αὐτὰ
2670 633 2745 702 τῇ
2789 635 2978 702 Βαὰλ,
3012 635 3113 691 καί
3143 635 3424 690 ἀπέθανε.
3466 637 3580 691 Kal
3610 636 3728 691 νῦν

2142 722 2469 789 προσέθετο
2490 725 2557 777 τὸ
2580 724 2942 794 ἁμαρτάνειν
2974 727 3085 781 ἐτι.
3126 726 3241 782 Καὶ
3267 727 3568 796 ἐποίησαν
3596 728 3731 782 ἐαυ-

2143 812 2266 879 τοῖς
2289 812 2567 884 χώνευμα
2592 815 2662 870 ἐκ
2682 816 2787 871 τοῦ
2810 817 3098 886 ἀργυρίου
3124 817 3342 886 αὐτῶν,
3367 821 3496 873 κατ’
3520 819 3731 873 είκόνα

2142 904 2423 970 εἰδώλων,
2449 907 2595 977 ἔργα
2631 909 2928 964 τεκτόνων
2954 911 3477 981 συντετελεσμένα
3499 911 3728 976 αὐτοῖς.

2213 996 2401 1064 PMG".
2436 1000 2550 1053 Οὐκ
2578 999 2683 1054 ἀνὰ
2717 1002 2883 1075 μέρος
2909 1003 2967 1054 ἐν
2991 1002 3203 1065 τούτοις
3239 1001 3338 1065 τὰς
3366 1002 3504 1056 δέκα
3531 1002 3728 1072 φυλὰς,

2144 1085 2257 1141 ἀλλ’
2278 1088 2397 1141 ὅλον
2422 1091 2663 1143 αἰτιᾶται
2685 1090 2777 1145 τὸν
2809 1092 3044 1163 Ἰσραὴλ,
3078 1093 3172 1146 καί
3190 1110 3373 1165 φησιν,
3396 1094 3478 1147 ὅτι
3509 1094 3732 1148 δικαιω-

2148 1179 2336 1247 μάτων
2352 1179 2535 1243 αύτοῖς
2559 1180 2818 1235 δοθέντων
2843 1182 2930 1237 διὰ
2958 1184 3268 1249 Μωῦσέωςι,
3297 1183 3364 1236 δι’
3382 1178 3456 1237 ὧν
3477 1184 3732 1237 ἐπαιδεύ-

2145 1286 2286 1332 οντο,
2307 1270 2429 1323 τίνα
2458 1272 2563 1343 χρὴ
2587 1273 2789 1344 τρόπον
2819 1273 3143 1347 θεραπεύειν
3173 1275 3265 1329 τὸν
3299 1275 3454 1340 Θεὸν,
3494 1275 3643 1339 ὅπως
3668 1292 3732 1328 τε

2144 1358 2326 1429 δεήσει
2374 1360 2672 1430 προσάγειν
2697 1361 2908 1430 θυσίας,
2941 1365 3095 1419 αὐτοὶ
3123 1365 3195 1419 τὰ
3235 1365 3414 1419 τοιάδε
3449 1365 3734 1436 μονονουχὶ

2145 1450 2503 1507 τεθεσπίκασι
2523 1453 2599 1525 τῷ
2620 1454 2787 1521 Βάαλ,
2811 1456 2928 1527 ἦτοι
2947 1459 3060 1521 τοῖς
3076 1456 3338 1522 εἰδώλοις.
3367 1457 3504 1512 Ἀπὸ
3530 1456 3733 1529 μέρους

2147 1542 2256 1612 γὰρ
2281 1542 2394 1596 ἐσθ’
2422 1544 2511 1597 ὅτε
2537 1546 2791 1616 σημαίνει
2818 1548 2878 1601 τὺ
2901 1551 3027 1603 πᾶν.
3050 1549 3323 1603 Τεθύκασι
3341 1550 3449 1621 γὰρ
3473 1549 3594 1620 Θεῷ
3629 1550 3735 1622 μὲν

2145 1634 2329 1688 οὐκέτι
2356 1674 2371 1699 ,
2406 1636 2607 1705 μᾶλλον
2631 1638 2691 1693 δὲ
2722 1641 2835 1703 τοῖς
2865 1640 3048 1712 ἔργοις
3073 1641 3182 1696 τῶν
3211 1642 3356 1696 ἰδίων
3398 1643 3600 1714 χειρῶν
3634 1645 3733 1698 αύ-

2147 1728 2261 1789 τοῖς
2289 1726 2505 1780 ἐτέλουν
2542 1728 2642 1792 τὰς
2664 1730 2877 1801 ἑορτὰς,
2902 1733 2999 1785 καὶ
3026 1732 3305 1804 προσῆγον
3327 1732 3426 1805 τὴν
3446 1733 3730 1805 λατρείαν,

469 1811 670 1876 mitias,
696 1812 1089 1880 adorationetn,
1121 1813 1259 1869 dona
1291 1816 1635 1885 gratitudinis
1676 1833 1806 1889 ergo
1846 1821 2037 1877 obtule-

2150 1819 2248 1882 τὰς
2295 1821 2573 1893 ἀπαρχάς,
2606 1824 2708 1894 τὴν
2758 1826 3154 1899 προσκύνησιν,
3188 1828 3256 1883 τὰ
3283 1828 3434 1900 δῶρα
3462 1829 3532 1883 τὰ
3569 1846 3731 1899 χαρι-

470 1911 617 1970 runt,
650 1911 704 1958 et
735 1902 901 1974 gloria
937 1919 1031 1958 sua
1062 1905 1228 1959 Deum
1258 1904 1573 1975 spoliantes,
1622 1923 1739 1963 eam
1786 1909 2047 1979 sculptili-

468 1997 566 2051 ἰιυῧ
600 1995 934 2052 dicaverunt.
963 1995 1068 2051 Sed
1093 1997 1208 2054 haec
1248 2013 1368 2053 cum
1399 1997 1617 2053 fecisset
1638 1998 1824 2066 Israel,
1849 2000 2043 2071 inquit,

470 2103 491 2136 ι
534 2080 778 2144 moriuus
817 2095 919 2155 est,
975 2096 1031 2143 et
1069 2103 1281 2145 rursum
1329 2100 1806 2160 apposuerunt,ut
1854 2107 2045 2162 pecca-

471 2187 640 2232 rent.»
675 2178 751 2233 Ac
782 2178 828 2234 si
864 2179 1034 2233 dicat:
1072 2178 1296 2237 I’uuitus
1329 2189 1415 2237 est
1481 2191 1601 2252 post
1643 2183 1865 2250 factum,
1900 2184 2045 2240 dele-

468 2279 553 2322 ms
602 2276 687 2321 est
731 2277 853 2337 post
891 2268 993 2323 ltos
1022 2284 1205 2337 ausus,
1246 2272 1418 2327 sensit
1458 2272 1884 2343 indignationem
1931 2276 2043 2329 Do-

470 2357 597 2413 mini
627 2373 816 2428 pmnas
849 2360 1068 2418 ultionis
1096 2364 1396 2418 errantium
1426 2364 1676 2437 sanguini
1730 2364 2039 2436 inﬂigentis.

451 2446 533 2525 Et
561 2460 593 2501 a
629 2446 925 2504 stoliditate
956 2463 1053 2504 sua
1088 2452 1401 2521 neutiquam
1465 2453 1738 2521 cessavit;
1800 2455 2043 2525 quinimo

462 2524 520 2591 in
571 2536 692 2593 aliis
722 2545 778 2592 et
833 2540 1049 2609 paribus
1098 2540 1393 2597 sceleribus
1454 2543 1785 2612 deprehendi
1824 2524 2040 2615 potest.

446 2629 587 2700 Legi
617 2629 760 2684 enim
797 2629 849 2683 in
895 2629 1146 2686 Numeris
1173 2631 1466 2689 fornicatos
1508 2647 1629 2688 esse
1664 2633 1804 2690 ﬁlios
1849 2636 2039 2704 Israel,

462 2717 858 2787 adxoluptates
879 2719 1185 2791 illegitimas
1213 2718 1591 2790 inﬂammatos,
1603 2732 1658 2779 et
1684 2722 2040 2780 Moabitarum

465 2802 678 2857 feminis
735 2805 1046 2863 adhaesisse.
1089 2805 1243 2873 Quod
1274 2808 1483 2866 facinus
1540 2812 1881 2868 atrocissime
1930 2813 2042 2869 lue-

467 2903 613 2948 runt.
648 2893 741 2950 Sic
777 2895 920 2951 enim
958 2895 1117 2952 habet
1150 2896 1459 2968 Scriptura:
1485 2918 1504 2953 ι
1539 2900 1604 2956 Et
1630 2903 1850 2957 divertit
1877 2902 2040 2959 Israel

447 2985 520 3039 vin
568 2981 763 3051 Setim,
787 2992 841 3041 et
870 2989 1266 3045 contaminatus
1290 2998 1372 3046 est
1405 2990 1669 3062 populus,
1708 3002 1765 3049 ut
1810 2994 2042 3050 fornica-

466 3085 616 3132 retur
640 3078 692 3132 in
728 3077 868 3134 tilias
903 3078 1081 3134 Moab.
1125 3080 1553 3162 Et‘vocaverunt
1590 3098 1684 3140 eos
1735 3085 1801 3139 ad
1862 3084 2037 3141 sacri-

2147 1910 2243 1979 στή
2255 1926 2345 1979 pta
2366 1926 2380 1941 ο
2407 1913 2503 1966 καὶ
2531 1912 2692 1984 δόξης
2717 1915 2855 1982 ἰδίας
2879 1917 3310 1990 ἀποστεροῦντες
3345 1918 3496 1983 Θεὸν,
3523 1919 3731 1989 ταύτην

2143 2000 2406 2056 ἀνέθεσαν
2434 2005 2547 2066 τοῖς
2572 2003 2853 2072 γλυπτοῖς.
2903 2007 3064 2062 Ἀλλά
3092 2005 3253 2063 τοῦτο
3286 2010 3520 2081 ποιήσας
3544 2011 3587 2063 ⁴ὁ
3626 2010 3724 2063 ’ἰσ-

2146 2091 2320 2159 ραὴλ,
2361 2112 2382 2146 ι
2431 2093 2713 2162 Ἀπέθανε,
2756 2097 2915 2167 φησὶ,
2957 2098 3053 2152 καὶ
3085 2098 3246 2154 πάλιν
3290 2099 3586 2171 προσέθετο
3629 2099 3733 2153 τοῦ

2149 2181 2772 2257 ἁμαρτάνειν.ι”ομοιον
2796 2187 2873 2251 ὡς
2899 2188 2949 2241 εἰ
2979 2188 3147 2258 λέγοι,
3180 2190 3509 2244 κεκόλασται
3535 2190 3732 2261 δεδρα-

2150 2269 2281 2333 κὼς,
2312 2270 2647 2343 ὠλόθρευται
2688 2274 2971 2346 τολμήσας
2994 2314 3009 2341 ,
3035 2276 3178 2345 ἔγνω
3218 2275 3314 2329 τοῦ
3332 2276 3606 2331 Δεσπότου
3627 2276 3733 2349 τὴν

2140 2362 2549 2433 ἀγανάκτησιν,
2590 2366 2672 2429 εἰς
2714 2359 2855 2437 αἷμα
2893 2366 2994 2440 τὴν
3031 2368 3190 2439 δίκην
3214 2369 3328 2431 τοῖς
3351 2367 3732 2439 πλανωμένοις

2141 2453 2457 2523 ἐπάγοντος.
2490 2457 2601 2511 Καὶ
2627 2457 2727 2529 τῆς
2754 2459 2951 2513 ἑαυτοῦ
2981 2460 3300 2532 σκαιότητος
3331 2461 3595 2533 κατέληξε
3622 2460 3734 2532 μὲν

2139 2545 2409 2616 οὐδαμῶς.
2461 2547 2639 2619 ’Δλοίη
2677 2548 2720 2603 δ’
2770 2548 2839 2603 ἂν
2886 2550 3087 2621 μᾶλλον
3132 2550 3219 2620 ἐφ’
3257 2551 3468 2624 ἑτέροις
3514 2570 3576 2606 τε
3628 2552 3734 2607 καὶ

2140 2632 2279 2699 ίσοις
2326 2636 2691 2709 ἐγκλήμασιν.
2751 2640 2986 2710 Ἀνέγνω
3026 2641 3127 2712 μὲν
3161 2642 3271 2714 γάρ
3309 2644 3368 2697 ἐν
3393 2645 3505 2707 τοῖς
3543 2643 3732 2715 Ἀριθυ

2133 2728 2299 2796 μοῖς,
2336 2727 2420 2781 ὅτι
2451 2730 2893 2802 πεπορνεύκασιν
2935 2733 2985 2786 οἰ
3031 2734 3137 2787 υἱοὶ
3179 2735 3419 2807 Ἰσραὴλ,
3456 2738 3733 2791 ἐκκεκαυ-

2130 2819 2294 2889 ,μένοι
2324 2820 2462 2889 πρὸς
2504 2822 2771 2886 ἐκτύπους
2817 2823 3011 2893 ἡδονὰς
3030 2866 3046 2889 ,
3074 2826 3168 2879 καί
3204 2829 3327 2890 ταῖς
3357 2826 3468 2880 τῶν
3494 2827 3733 2882 Μωαϐι-

2138 2910 2248 2964 τῶν
2291 2911 2641 2981 προσέκειντο
2700 2915 2969 2983 γυναιξίν.
2999 2911 3174 2981 Εἶτα,
3208 2916 3366 2982 δίκας
3411 2919 3505 2972 ἐπὶ
3549 2919 3733 2992 τούτῳ

2122 3001 2241 3064 ’τὰς
2280 3001 2507 3057 ἁπασῶν
2556 3004 2791 3075 ἐσχάτας
2832 3004 3142 3079 ἐξῄτηνται.
3184 3010 3430 3080 Ἔχειδέ
3467 3010 3611 3065 οὕτω
3655 3012 3733 3066 τὰ

2143 3090 2541 3162 Γεγραμμέναο
2591 3112 2610 3147 ι
2650 3096 2762 3149 Καὶ
2807 3097 3107 3153 κατέλυσεν
3144 3099 3362 3172 Ἰσραὴλ
3411 3103 3470 3155 ἐν
3512 3103 3686 3171 Σετὶμ
3712 3142 3731 3169 ,

460 3167 585 3223 licia
608 3167 873 3224 idolorum
902 3182 1144 3239 suorum;
1180 3179 1234 3225 et
1269 3154 1502 3228 comedit
1526 3174 1752 3244 populus
1777 3176 1842 3229 de
1864 3176 2035 3230 sacri-

2144 3149 2578 3255 ¹ἐῢῖεθηλιίώη
2620 3189 2649 3240 ό
2676 3185 2803 3250 λαὸς
2833 3149 3466 3259 ἐκπορνεῖισαι⁷
3497 3149 3732 3261 θυγαζέΣ

470 3256 608 3312 liciis
655 3273 842 3313 eorum
881 3271 936 3315 et
969 3260 1209 3318 adoravit
1240 3262 1381 3317 idola
1434 3277 1644 3333 eorum,
1687 3275 1743 3320 et
1798 3265 2041 3323 initiatus

462 3357 546 3404 cst
607 3349 769 3406 Israel
805 3350 1156 3423 Beelpltegor,
1202 3365 1258 3409 et
1296 3354 1467 3411 iratus
1506 3365 1589 3411 est
1640 3357 1822 3414 lurore
1860 3357 2040 3413 Domi-

464 3455 565 3495 nus
594 3439 800 3510 Israeli,
828 3453 884 3497 et
910 3443 1044 3500 dixit
1078 3444 1338 3501 Dominus
1388 3444 1588 3518 Moysi:
1619 3447 1818 3519 Accipe
1849 3462 2037 3504 omnes

459 3530 623 3585 duces
657 3530 860 3602 populi,
893 3541 948 3588 et
976 3534 1168 3589 traduc
1192 3547 1287 3590 eos
1315 3534 1547 3592 Domino
1581 3546 1770 3593 contra
1823 3541 1993 3594 solem
2016 3580 2032 3606 ,

457 3627 514 3674 ct
548 3628 821 3676 evertetur
848 3621 1010 3692 180
1043 3623 1121 3677 ira
1176 3623 1375 3679 furoris
1403 3626 1613 3681 Domini
1651 3628 1718 3682 ab
1751 3628 1938 3684 Israel.
1969 3628 2037 3684 Et

458 3710 596 3766 dixit
622 3710 833 3783 Moyses
879 3714 1126 3770 tribubus
1160 3713 1324 3769 Israel
1361 3715 1627 3772 :Occidat
1654 3720 2031 3790 unusquisque

446 3800 814 3869 ,domesticum
840 3818 996 3865 suum
1044 3805 1133 3874 qui
1173 3808 1499 3863 sacrificavit
1552 3808 1884 3883 Beelphegor
1914 3814 1981 3867 ⁷³.
2011 3832 2029 3866 ι

447 3890 569 3947 Hac
594 3902 774 3963 strage
801 3909 910 3948 non
935 3894 1218 3951 mediocris
1240 3898 1523 3955 multitudo
1545 3915 1612 3957 ex
1630 3901 1793 3956 Israel
1817 3904 2031 3961 cecidit.

456 3981 592 4037 Vide
619 3981 785 4053 igitur
829 3985 1100 4053 quomodo
1130 3984 1313 4053 Israel,
1343 3997 1524 4062 tempo
1537 3991 1686 4046 ribus
1718 3991 1918 4063 Moysis
1945 3993 2035 4061 ju-

452 4072 804 4130 stiﬁcationes
859 4074 954 4131 Dei
986 4076 1141 4133 idolis
1205 4077 1462 4148 oﬂ'erens,
1522 4082 1909 4138 miserabiliter
1962 4085 2036 4139 sit

444 4167 1017 4225 mortuusmeductus
1083 4171 1250 4237 enim,
1308 4173 1735 4242 propinquorum
1796 4172 2029 4243 gladiis,

455 4271 559 4310 non
618 4255 795 4312 aliena
865 4274 1022 4314 manu
1096 4262 1486 4317 trucidabatur.
1542 4261 1741 4316 Verum
1784 4266 2033 4333 apposuit

443 4361 703 4413 peccare.
739 4345 1004 4405 Fecerunt
1059 4353 1201 4407 enim
1240 4352 1343 4407 sibi
1391 4350 1660 4406 conliatile
1696 4366 1941 4419 aureum,
1978 4364 2033 4410 et

442 4451 615 4506 opera
642 4438 885 4506 artiﬁcis,
917 4450 972 4495 et
1003 4442 1255 4510 opilicum
1296 4442 1505 4495 artibus
1537 4440 1842 4498 elaboratas
1871 4445 2025 4501 deos.

456 4524 858 4593 Irridetautem
904 4527 1083 4599 aliquo
1127 4529 1286 4583 modo
1312 4541 1499 4583 eorum
1544 4531 1856 4587 vanitatem.
1887 4534 2027 4590 Deos

442 4615 596 4670 enim
624 4617 915 4672 credebant
936 4633 1090 4687 esse,
1113 4631 1249 4687 quos
1305 4618 1516 4688 ipsimet
1545 4618 1792 4678 fabricati
1845 4636 2025 4682 erant.

452 4706 726 4763 Exclamet
756 4709 917 4777 igitur
946 4718 1132 4763 contra
1162 4709 1259 4763 hos
1279 4708 1591 4766 Psalmista:
1618 4731 1640 4765 ι
1668 4713 1892 4773 Similes
1923 4719 2026 4776 Illis

445 4800 583 4852 tiant
606 4800 695 4869 qui
721 4800 1102 4887 faciuntea,et
1123 4814 1311 4855 omnes
1331 4800 1423 4869 qui
1463 4803 1734 4861 confidunt
1779 4809 1830 4863 iu
1855 4811 1934 4866 eis
1955 4810 2020 4867 ⁷⁸.

2143 4818 2269 4892 ἔργα
2296 4800 2584 4894 τέκτονος,

2145 3290 2244 3344 ρας
2266 3274 2463 3341 Merito,
2496 3278 2591 3330 καὶ
2615 3277 2881 3334 ἐκάλεσαν
2914 3282 3117 3345 αὐτοὺς
3153 3283 3236 3346 εἰς
3264 3283 3362 3347 τὰς
3399 3284 3593 3349 θυσίας
3616 3286 3733 3339 τῶν

2140 3366 2371 3422 εἰδώλων
2399 3368 2600 3423 αὐτῶν.
2645 3372 2755 3425 Καὶ
2791 3371 2964 3441 ἔφαγε
3011 3373 3040 3426 ὁ
3090 3373 3221 3438 λαὸς
3256 3376 3366 3430 τῶν
3397 3374 3600 3430 θυσιῶν
3630 3380 3732 3432 αὐ-

2138 3458 2269 3523 τῶν,
2319 3459 2415 3512 καὶ
2462 3461 2880 3532 προσεκύνησαν
2925 3466 3039 3528 τοῖς
3093 3464 3333 3531 εἰδώλοις
3372 3467 3593 3531 αὐτῶν,
3628 3470 3732 3523 καὶ

2139 3548 2394 3619 ἐτελέσθη
2440 3551 2656 3624 Ἰσραὴλ
2684 3553 2763 3623 τῷ
2786 3553 3131 3627 Βεελιρεγὼρ,
3166 3557 3260 3611 καὶ
3283 3557 3530 3631 ὠργίσθη
3564 3558 3732 3632 θυμῷ

2139 3640 2343 3711 Κύριος
2383 3641 2460 3712 τῷ
2502 3645 2738 3718 Ἰσραήλ.
2788 3646 2893 3702 Καὶ
2944 3645 3066 3702 εἰπε
3107 3650 3314 3722 Κύριος
3361 3650 3439 3722 τῷ
3486 3653 3728 3725 Μωῡσῇ⁶

2138 3731 2294 3785 Λάϐε
2335 3732 2546 3798 πάντας
2568 3738 2697 3800 τοὺς
2715 3738 3001 3810 ἀρχηγοὺς
3027 3739 3123 3792 τοῦ
3156 3739 3310 3806 λαοῦ,
3332 3742 3426 3795 καὶ
3457 3744 3730 3816 παραδει-

2147 3824 2417 3892 γμάτισον
2470 3826 2668 3891 αὐτοὺς
2705 3828 2916 3899 Κυρίῳ,
2946 3830 3211 3885 ἀπέναντι
3268 3833 3363 3886 τοῦ
3408 3833 3583 3905 ήλίου,
3626 3838 3730 3890 καὶ

2136 3915 2617 3987 ἀποστραφήσεται
2661 3919 2798 3991 ὀργὴ
2853 3921 3026 3992 θυμοῦ
3065 3924 3272 3995 Κυρίου
3318 3926 3427 3980 ἀπὸ
3479 3928 3725 4000 Ἰσραήλ.

2136 4006 2246 4060 Καὶ
2274 4003 2391 4061 εἶπε
2411 4010 2652 4080 Μωῦσῆς
2678 4013 2798 4075 ταῖς
2827 4014 3019 4083 φυλαῖς
3058 4016 3273 4088 Ἰσραὴλ
3289 4057 3304 4082 ,
3328 4018 3726 4078 Ἀποκτείνατε

2136 4097 2365 4162 ἕκαστος
2383 4100 2475 4154 τὸν
2503 4103 2700 4157 οἰκεῖον
2725 4105 2913 4171 αὑτοῦ,
2935 4107 3027 4161 τὸν
3053 4108 3439 4180 τετελεσμένον
3456 4111 3537 4182 τῷ
3557 4112 3727 4167 Βεελ-

2135 4189 2344 4261 φεγὼρ.
2380 4210 2401 4243 ›
2439 4187 2515 4245 Ob
2532 4191 2597 4265 δὴ
2623 4195 2718 4249 καί
2749 4196 2830 4260 εἰς
2859 4197 3029 4271 πέρας
3056 4200 3440 4271 ὲνηνεγμένου,
3461 4204 3724 4258 πέπτωκε

2136 4281 2345 4350 πληθὺς
2373 4283 2435 4335 ού
2482 4284 2679 4356 μετρία
2707 4287 2817 4342 τῶν
2843 4289 2902 4356 ἐξ
2951 4289 3191 4362 Ἰσραήλ.
3242 4292 3434 4365 ’Δθρει
3478 4293 3544 4366 δὴ
3597 4292 3721 4364 οὖν,

2137 4369 2219 4421 ὅτι
2249 4372 2545 4441 προσάγων
2587 4373 2658 4428 τά
2701 4375 2794 4429 τοῦ
2812 4434 2823 4453 κ
2852 4377 2988 4432 Θεοῦ
3019 4380 3364 4452 δικαιιῖιματα
3412 4385 3557 4438 κατὰ
3588 4387 3721 4451 τοὺς

2059 4496 2104 4550 D
2135 4461 2412 4525 Μωῦσέως
2437 4465 2660 4533 χρόνους
2688 4469 2717 4521 ὁ
2747 4468 2983 4540 Ἰσραὴλ,
2998 4471 3280 4527 ’ἀπέθανεν
3301 4475 3553 4547 οἰκτρῶς.
3590 4478 3720 4531 Ἀπ-

2133 4550 2395 4619 εσφάζετο
2410 4555 2520 4626 γὰρ
2536 4556 2564 4609 ὁ
2577 4558 2994 4631 πεπλανημένος
3007 4564 3120 4627 τοῖς
3132 4565 3243 4618 τῶν
3253 4566 3469 4621 οἰκείων
3480 4569 3714 4638 ξίφεσιν,

2133 4638 2231 4729 οὐκ
2262 4639 2443 4713 ὀθνείᾳ
2497 4645 2641 4716 χειρί
2656 4662 2671 4677 ⁸
2712 4648 2851 4703 ἀλλὰ
2903 4652 3201 4723 προσέθετο
3251 4654 3313 4708 τὸ
3351 4657 3712 4729 ἁμαρτάνειν.

2133 4727 2474 4805 Πεποιήκασι
2537 4737 2648 4805 γὰο
2718 4739 2932 4806 ἑαυτοῖς
2980 4742 3237 4815 χώνευμα
3299 4727 3559 4817 χρυσοῦν,
3618 4750 3713 4804 καὶ

2635 4829 2732 4882 καὶ
2780 4836 3122 4906 τεχνουργῶν
3165 4837 3501 4909 ἐπιστήμαις
3540 4842 3714 4895 ἐκπε-

453 4891 783 4960 ποιημένους
817 4874 991 4999 θεούς.
1035 4889 1341 4999 Ἐπιμειδιᾷ
1372 4893 1429 4946 δὲ
1470 4893 1660 4970 ὥσπερ
1718 4904 1839 4966 ταῖς
1882 4904 2064 4960 αὐτῶν
2101 4874 2592 4982 εἰκαιοόουλίαιςνθ
2625 4920 2803 4991 λόγος.
2841 4874 3035 4989 ΑΘεοίίς
3077 4926 3186 4999 γὰρ
3221 4874 3710 4984 εῖναίμπεῒιτιστεῖ.

450 4997 630 5045 κασιν,
670 4982 763 5083 οὓς
795 4981 950 5089 αύτοί
995 4982 1386 5089 τεκταίνουσιν.
1427 4987 1798 5060 Ἐπιφωνείτω
1843 4996 1908 5068 δὴ
1941 4994 2035 5054 οὖν
2098 5005 2191 5058 καὶ
2222 5008 2431 5073 τούτοις
2466 4981 2505 5063 ὀί
2552 4981 2888 5084 Ψαλμῳδόςο
2940 5035 2963 5069 ι
3004 4981 3219 5087 ’ξομοίοι
3253 4981 3714 5089 αύτοῖςγένοιντο

450 5074 500 5124 οἱ
549 5072 829 5134 ποιοῦντες
879 5072 1038 5140 αὐτὰ,
1090 5076 1186 5129 καὶ
1232 5078 1432 5143 πάντες
1480 5083 1530 5134 οἰ
1572 5086 1891 5153 πεποιθότες
1939 5090 2026 5145 ἐπ’
2058 5097 2260 5161 αὐτοῖς.
2290 5116 2309 5149 ι

525 5159 689 5216 Vsus.
716 5161 771 5214 ‘5.
828 5159 941 5230 Ipsi
964 5164 1140 5220 dicunt
1169 5181 1189 5219 :
1224 5165 1505 5226 Immolete
1547 5173 1804 5245 homines,
1877 5180 2023 5235 vituli

451 5252 589 5306 enim
640 5251 961 5319 defecerunt.
1003 5254 1213 5311 Idcirco
1261 5270 1411 5315 erunt
1449 5264 1603 5332 quasi
1643 5266 1807 5323 nubes
1840 5278 2021 5324 matur

448 5345 581 5409 tina,
620 5351 668 5397 et
696 5342 827 5397 sicut
861 5360 948 5399 ros
994 5352 1281 5405 matutinus
1347 5358 1722 5422 pertransiens,
1780 5370 1826 5414 et
1887 5363 2021 5415 sicut

445 5432 609 5499 pulvis
637 5433 934 5503 casu/ﬂatus
968 5439 1030 5490 ab
1072 5454 1218 5505 area,
1262 5452 1318 5496 et
1359 5446 1491 5498 sicut
1529 5463 1689 5515 vapor
1723 5467 1754 5504 a
1794 5454 2019 5507 camino.

521 5693 567 5725 ⁷³
602 5693 757 5752 Num.
795 5716 915 5769 xxv,
954 5703 1071 5758 1-5.
1146 5707 1191 5737 ⁷⁸
1229 5707 1366 5762 I‘sal.
1403 5724 1553 5774 cxnt,
1589 5711 1641 5765 8.

2197 5190 2377 5244 Αὐτοί
2399 5193 2670 5263 λέγουσι·
2695 5199 2926 5252 Θύσατε
2950 5200 3318 5268 ἀνθρώπους,
3343 5203 3567 5271 μόσχοι
3588 5202 3700 5272 γὰρ

2126 5275 2539 5336 ἐκλελοίπασι.
2567 5285 2672 5339 Διὰ
2696 5286 2876 5341 τοῦτο
2900 5287 3146 5343 ἔσονται
3171 5291 3252 5356 ὡς
3278 5289 3502 5360 νεφέλη
3521 5298 3699 5359 πρωῒ-

2126 5363 2225 5431 νὶι,
2267 5367 2363 5420 καὶ
2403 5370 2482 5436 ὡς
2514 5371 2733 5439 δρόσος
2760 5374 3006 5445 όρθρινὴ
3049 5376 3422 5448 πορευομένη
3444 5416 3459 5441 ,
3497 5378 3597 5433 καὶ
3625 5378 3706 5443 ὡς

2126 5457 2312 5525 κνοὺς
2335 5460 2812 5532 ἀποφινῖσώμενος
2855 5466 2954 5535 ἀφ’
2980 5468 3213 5534 ἅλωνος
3232 5510 3245 5533 ,
3278 5468 3375 5523 καί
3404 5469 3487 5535 ὡς
3527 5468 3705 5539 ἀτμίς

2126 5549 2243 5602 ἀπὸ
2271 5553 2680 5622 καπνοδόκης,
