3982 6454
270 390 374 449 3)!

1212 385 1768 445 COMMENTARIUS
1806 388 1877 442 IN
1920 388 2152 445 OSEAM
2196 390 2642 450 PROPIIETAM.

3461 405 3569 460 502

340 505 788 564 ΡΜΖ’.Αίτιᾶται
813 504 997 572 πάλιν,
1022 505 1104 559 ὅτι
1131 506 1208 578 μὴ
1237 507 1398 577 μόνον
1418 507 1859 579 δεδυσσεϐήκασι1

2048 509 2299 565 CXLVII.
2352 512 2715 584 Conqueritur
2764 529 2997 581 rursum,
3035 516 3179 586 quod
3236 532 3343 571 non
3392 519 3567 575 solum

271 600 391 657 κατ’
430 599 624 653 είκόνα
660 597 899 653 είδώλων
952 597 1015 652 τὸ
1053 596 1206 669 παρά
1236 598 1374 651 Θεοῦ
1427 598 1582 654 δοθὲν
1610 599 1875 672 ἀργύριον

268 690 719 756 διαπλάττοντες,
767 690 865 745 καὶ
889 692 1003 754 τοῖς
1031 689 1141 745 ἀπὸ
1163 689 1321 756 ξύλου
1346 690 1441 744 καὶ
1460 690 1628 745 λίθων
1651 708 1874 762 πεποιη-

273 784 458 856 μένοις
505 783 571 838 τὺ
624 784 726 854 τῆς
772 781 928 848 θείας
978 783 1138 853 δόξης
1192 783 1622 855 ἐπιφημίζοντες
1666 782 1870 854 δνομα,

268 877 405 932 ἀλλά
437 876 551 948 γὰρ
580 876 679 931 καὶ
720 878 803 941 είς
833 875 996 929 τοῦτο
1043 873 1383 929 κατώλισθον
1419 875 1690 947 ἀμαθίας,
1732 875 1863 946 μᾶλ-

266 967 356 1020 λον
385 965 442 1020 δὲ
476 967 828 1038 σκαιότητος,
872 965 968 1020 καὶ
999 965 1416 1037 ἀπανθρωπίας,
1448 966 1543 1019 καὶ
1576 966 1873 1037 θηριοπρε-

267 1061 403 1121 ποῦς
426 1061 761 1131 ἀγριότητος
801 1060 835 1131 ἢ
866 1058 963 1112 καὶ
990 1058 1071 1111 ἐτι
1102 1058 1308 1113 τούτων
1332 1059 1607 1123 ἐπέκεινα,
1635 1060 1710 1123 ὼς
1738 1060 1871 1131 μηδὲ

266 1151 448 1207 αὐτῶν
501 1151 615 1204 τῶν
666 1151 813 1205 ἰδίων
849 1149 1127 1220 φείδεσθαι
1183 1150 1412 1203 τέκνων.
1470 1150 1870 1221 Ἀποσφάττειν

262 1246 318 1298 δὲ
373 1243 518 1297 αύτά
562 1246 680 1307 τοῖς
740 1242 983 1313 δαίμοσι,
1043 1241 1221 1296 καίτοι
1278 1244 1751 1313 κατεστυγηκότος
1808 1242 1870 1296 τὸ

262 1337 450 1407 χρῆμα
472 1336 639 1402 Θεοῦ,
667 1337 761 1389 καὶ
787 1336 895 1389 οὐδ’
920 1335 986 1390 ἂν
1012 1335 1185 1407 αὐτὴν
1213 1336 1587 1407 ἀνασχομένου
1615 1338 1745 1391 ποτὲ
1766 1338 1868 1411 τὴν

261 1426 445 1495 φωνὴν
486 1426 521 1497 ἢ
561 1426 739 1479 εἰπεῖν
765 1424 1059 1497 ὲτέροις,ἢ
1094 1425 1227 1493 γοῦν
1266 1424 1499 1481 ἀκοῦσαι
1523 1427 1678 1499 παρά
1698 1445 1862 1492 τινος.

258 1519 332 1571 Ού
360 1516 473 1589 γὰρ
520 1518 855 1589 φιλαίματος
886 1520 917 1572 ό
953 1518 1258 1590 Δεσπότης,
1305 1517 1430 1572 οὔτε
1480 1519 1588 1590 μὴν
1616 1521 1709 1574 ἐπὶ
1744 1524 1867 1587 ταῖς

256 1609 363 1664 τῶν
407 1609 722 1682 ἀνθρώπων
761 1610 952 1681 ἥδεται
984 1610 1383 1690 καταφθοραῖς.
1440 1612 1648 1666 Πολλοῦ
1678 1631 1741 1682 γε
1768 1614 1864 1668 καὶ

253 1703 351 1758 δεῖ.
411 1703 646 1756 Ἔκτισε
696 1702 806 1773 γὰρ
852 1704 934 1767 είς
961 1702 1022 1756 τὸ
1072 1697 1215 1757 εἶναι
1261 1703 1331 1757 τά
1369 1703 1581 1771 πάντα,
1619 1707 1759 1760 κατά
1802 1706 1864 1760 τὸ

254 1795 672 1867 γεγραμμένον,
699 1794 798 1848 καὶ
840 1794 1102 1866 σωτήριοι
1128 1796 1185 1848 αἱ
1229 1795 1475 1865 γενέσεις
1502 1795 1598 1851 τοῦ
1628 1798 1859 1870 κόσμου.

1979 603 2144 671 impie
2172 605 2403 673 egerint,
2431 606 2684 660 donatum
2705 622 2733 660 a
2763 606 2871 662 Deo
2893 618 3175 678 argentum
3200 610 3252 663 in
3272 610 3567 679 imaginem

1978 690 2242 745 idolorum
2303 692 2774 763 transformantes,
2810 705 2864 752 et
2894 711 2925 751 e
2966 696 3111 766 ligno
3168 713 3233 753 ac
3298 700 3570 769 lapidibus

1976 780 2256 837 fabricatis
2280 783 2478 839 divinae
2528 786 2714 855 gloriae
2773 802 2968 843 nomen
3038 789 3409 857 ascribentes,
3472 796 3568 848 sed

1975 873 2142 927 etiam
2171 889 2237 929 eo
2269 876 2523 943 inscitiae,
2558 879 2667 932 imo
2720 880 2981 945 stultitiae,
3020 891 3073 936 et
3107 881 3481 949 immanitatis,
3513 895 3570 939 et

1974 963 2163 1021 ferina:
2221 968 2468 1036 servitia,
2498 978 2591 1023 aut
2619 971 2660 1024 si
2689 972 2819 1040 quid
2867 973 2951 1028 his
2997 974 3171 1044 majus
3196 985 3300 1039 est,
3362 975 3566 1047 delapsi

1973 1056 2103 1120 sint,
2135 1066 2192 1111 ut
2222 1071 2289 1112 ne
2315 1058 2438 1114 ﬁliis
2470 1061 2688 1128 quidem
2724 1062 2840 1117 suis
2886 1075 3196 1133 parcerent,
3225 1081 3412 1121 verum
3469 1082 3567 1124 eos

1972 1145 2309 1203 daemonibus
2353 1148 2720 1217 immolarent,
2760 1154 2973 1207 tametsi
3007 1154 3151 1209 Deus
3178 1154 3383 1209 factum
3413 1157 3567 1212 odis-

1972 1246 2056 1292 set
2083 1238 2240 1304 adeo,
2276 1248 2333 1293 ut
2366 1254 2435 1293 ne
2477 1240 2645 1310 ipsam
2674 1243 2891 1311 quidem
2930 1259 3115 1300 vocem
3160 1246 3277 1314 ejus
3312 1247 3396 1301 vel
3445 1249 3567 1304 aliis

1970 1330 2283 1398 dicere,;vel
2310 1332 2379 1386 ab
2399 1332 2519 1388 aliis
2542 1335 2732 1391 audire
2754 1336 3068 1393 sustineret.
3114 1338 3231 1395 Non
3262 1342 3406 1394 enim
3434 1355 3567 1409 gau-

1970 1423 2060 1477 det
2103 1425 2367 1493 sanguine
2419 1425 2714 1495 Dominus,
2782 1444 2883 1485 nec
2922 1431 3226 1499 perditione
3281 1434 3564 1489 hominum

1968 1510 2277 1568 laetatur".
2329 1514 2514 1587 Longe
2556 1519 2729 1575 abest.
2777 1520 2994 1576 Creavit
3037 1524 3181 1578 enim
3255 1525 3438 1579 omnia
3506 1538 3565 1581 ut

1968 1606 2359 1679 essent(sieut
2389 1610 2651 1681 scriptum
2676 1621 2762 1667 est
2790 1612 2830 1686 ),
2880 1624 2935 1669 et
2963 1616 3232 1672 Salutares
3284 1627 3413 1671 sunt
3471 1632 3564 1689 ge.

1968 1700 2283 1757 nerationes
2310 1701 2498 1757 mundi
2530 1702 2599 1758 ⁷⁸.
2637 1702 2744 1759 Sed
2788 1706 2953 1759 draco
2984 1716 3252 1776 apostata,
3297 1716 3355 1762 ut
3412 1724 3563 1763 mor-

1967 1790 2039 1848 tis
2084 1791 2336 1848 inventor
2364 1801 2419 1848 et
2451 1807 2671 1863 parens,
2709 1796 2990 1850 hominum
3026 1797 3264 1853 caedibus
3326 1800 3564 1855 delecta-

265 1886 490 1957 Ἐπειδὴ
542 1885 605 1938 δέ
639 1888 758 1939 ἐστι
793 1885 1028 1940 θανάτου
1051 1885 1147 1939 καὶ
1177 1886 1408 1958 εὑρετὴς
1436 1888 1531 1941 καὶ
1554 1888 1815 1961 πρόξενος
1838 1892 1859 1944 ό

1971 1889 2079 1937 tur.
2106 1882 2320 1938 Nudum
2351 1884 2516 1955 igitur
2546 1900 2855 1942 sermonem
2889 1903 3109 1958 quoque
3148 1905 3311 1958 super
3354 1892 3442 1946 his
3480 1893 3563 1945 in-

246 1980 471 2051 δράκων
492 1977 523 2029 ὁ
552 1977 894 2048 ἀποστάτης,
916 1977 1091 2051 ταύτῃ
1112 1995 1193 2032 τοι
1212 1981 1332 2042 ταῖς
1349 1979 1654 2050 ἀνθρώπων
1675 1982 1861 2053 ἥδεται

253 2071 516 2140 σφαγαῖς.
546 2068 674 2121 Ὅτι
707 2069 889 2123 τοίνυν
914 2070 1011 2123 καὶ
1037 2069 1193 2139 ψιλὸς
1220 2072 1249 2123 ὁ
1271 2070 1364 2123 ἐπὶ
1390 2070 1568 2144 τούτῳ
1588 2072 1744 2143 λόγος
1772 2092 1865 2146 με·

253 2164 487 2235 μίσηται
526 2162 683 2233 παρά
722 2162 875 2234 Θεῷ,
918 2162 1201 2234 διατρανοῖ
1242 2164 1458 2234 λέγων·
1513 2185 1535 2218 ι
1563 2168 1728 2222 Αύτολ⁵
1770 2150 1860 2223 λέ-

252 2272 428 2324 γουσι,
452 2255 675 2309 Θύσατε
702 2253 1047 2326 ἀνθρώπους,
1072 2256 1262 2326 μόσχοι
1279 2258 1389 2330 γὰρ
1416 2260 1811 2315 ἐκλελοίπασιν.
1837 2282 1856 2314 ι

250 2348 362 2401 Ούκ
394 2348 556 2420 ἐμὸς,
587 2347 780 2419 φησὶν,
812 2350 841 2401 ὁ
869 2346 1040 2416 λόγος⁸
1074 2348 1185 2401 οὐδ’
1203 2349 1271 2404 ἂν
1292 2351 1503 2423 εἴποιμί
1533 2370 1665 2407 ποτε
1684 2354 1862 2408 τοιάν-

248 2440 302 2494 δε
340 2442 556 2513 φωνήν.
606 2440 776 2494 Αὐτοὶ
821 2440 881 2494 δέ
936 2457 1102 2510 φασιν
1140 2441 1191 2494 οἱ
1224 2442 1334 2496 τῶν
1391 2444 1666 2516 δαιμόνων
1699 2446 1861 2517 θερα-

252 2532 473 2597 πευταὶ,
522 2531 587 2585 τὸ
612 2532 725 2586 δεῖν
774 2530 1103 2603 ἀνθρώπους
1135 2534 1434 2590 καταθύειν
1472 2538 1676 2602 αὐτοῖς,
1728 2535 1860 2592 Εῖτα

246 2625 472 2697 διαγελᾷ
527 2625 630 2698 τὴν
679 2623 895 2695 σκέψιν,
950 2626 1045 2681 καὶ
1092 2626 1345 2699 διασύρει
1408 2627 1470 2681 τὸ
1509 2629 1857 2701 ἐγχείρημα,

247 2717 613 2791 προστιθεὶς,
676 2717 773 2771 καὶ
820 2717 1027 2786 λέγων’
1064 2717 1317 2791 «Μόσχοι
1365 2719 1498 2792 γὰρ,
1528 2740 1548 2773 ι
1607 2723 1749 2776 κατὰ
1798 2724 1860 2777 τὸ

247 2813 417 2880 εἰκὸς,
453 2833 474 2865 ‹
499 2812 605 2865 ούκ
633 2807 778 2883 ἦσαν
809 2811 1013 2875 αὐτοῖς.
1052 2830 1072 2864 ι
1102 2813 1200 2867 Διά
1228 2813 1388 2867 τοῦτο
1410 2817 1742 2889 τετιμήκασι
1761 2816 1860 2887 τὴν

246 2905 633 2979 ἀνδροφονίαν.
662 2904 804 2958 Ἀλλ’
829 2903 991 2971 ἔστω,
1022 2904 1179 2976 φησὶ,
1208 2904 1581 2977 πεπλάνησθε,
1610 2907 1704 2960 καὶ¹
1733 2908 1861 2972 τοὺς

246 2999 524 3070 γλυπτούς
552 3016 640 3066 τε,
671 2998 767 3052 καὶ
803 2999 1113 3069 χωνευτοὺς
1154 2999 1492 3071 τετιμήκατε
1528 3000 1707 3064 θεούς.
1741 3001 1859 3054 Ἵνα

244 3096 293 3150 τί
318 3095 417 3149 καὶ
442 3095 646 3165 αἵμασι
671 3093 798 3157 τοὺς
821 3093 1050 3147 ἐκείνων
1078 3092 1297 3164 βωμοὺς
1319 3092 1713 3160 κατεδεύσατες
1740 3094 1861 3148 Ἀνσ

1968 1975 2141 2029 visum
2176 1990 2298 2032 esse
2328 1977 2439 2032 Deo
2469 1979 2729 2044 declarat,
2752 1979 2979 2035 dicens:
3022 2000 3041 2033 ι
3063 1980 3167 2050 Ipsi
3211 1982 3429 2036 dicunt:
3463 1984 3565 2037 Sa-

1963 2068 2209 2125 crificate
2241 2070 2511 2137 homines,
2554 2071 2703 2126 vituli
2747 2072 2890 2127 enim
2921 2073 3258 2131 defecerunt.
3285 2093 3303 2125 ι
3335 2073 3450 2130 Non
3477 2086 3567 2132 est

1966 2162 2191 2217 verbum
2262 2177 2464 2228 meum,
2508 2163 2706 2234 inquit,
2750 2180 2851 2219 nec
2880 2180 3119 2235 unquam
3152 2166 3413 2237 loquerer
3459 2184 3564 2239 ego

1963 2257 2295 2326 hujusmodi.
2331 2258 2436 2329 Ipsi
2473 2267 2655 2313 autem
2700 2258 2942 2315 cultores
2996 2260 3298 2315 daemonum
3338 2261 3560 2328 dicunt,

1965 2348 2355 2404 sacriﬁcandos
2399 2350 2468 2405 ab
2500 2365 2558 2406 se
2592 2352 2860 2406 homines.
2892 2352 3096 2406 Deinde
3116 2352 3406 2408 consilium
3438 2353 3564 2408 irri-

1965 2440 2057 2495 det
2096 2449 2153 2495 et
2204 2440 2539 2496 molitionem
2604 2440 2942 2511 perstringit,
3013 2455 3135 2495 cum
3215 2441 3313 2506 ait,
3347 2458 3366 2492 ι
3402 2438 3563 2495 Vituli

1963 2530 2128 2597 enim,
2173 2549 2194 2584 ›
2224 2541 2282 2585 ιιι
2316 2540 2739 2587 consentaneum
2787 2541 2890 2596 est,
2925 2550 2944 2583 ι
2971 2546 3078 2586 non
3131 2541 3290 2587 erant
3341 2532 3494 2602 ipsis,
3536 2550 3557 2584 ι

1965 2624 2171 2679 idcirco
2203 2623 2427 2679 honoris
2452 2637 2615 2677 causa
2637 2623 2839 2677 caedem
2866 2623 3143 2677 hominum
3172 2630 3558 2692 susceperunt.

1969 2716 2124 2787 181
2164 2716 2271 2770 Sed
2326 2725 2465 2781 esto,
2505 2714 2701 2785 inquit,
2732 2714 3070 2781 erraveritis,
3110 2714 3561 2785 sculptilibusque

1963 2819 2018 2863 et
2047 2806 2415 2863 conﬂatilibus
2451 2806 2553 2861 diis
2580 2806 2990 2861 venerationem
3025 2805 3331 2861 tribueritis
3373 2847 3391 2872 ,
3420 2822 3558 2876 qua-

1967 2914 2028 2955 re
2077 2900 2242 2954 etiam
2313 2900 2554 2954 humano
2610 2897 2876 2968 sanguine
2914 2897 3128 2951 illorum
3180 2913 3304 2953 aras
3372 2898 3564 2954 imbui-

1973 2990 2119 3047 stis?
2156 2990 2416 3060 Legimus
2473 2991 2528 3044 in
2570 2989 2723 3044 libris
2781 2988 3013 3058 Regum,
3070 2988 3241 3044 ﬁlium
3323 2989 3560 3045 Joathan

1964 3082 2133 3137 fuisse
2156 3082 2362 3149 Achaz,
2393 3081 2486 3152 qui
2514 3080 2764 3151 regnavit
2796 3095 2961 3151 super
2990 3080 3224 3135 ludam:
3264 3082 3560 3138 «Ambula-

244 3185 502 3258 έγνωμεν
534 3185 591 3238 δὲ
621 3185 679 3238 ἐν
717 3187 840 3248 ταῖς
869 3184 1207 3249 Βασιλείαις,
1247 3185 1329 3238 ὅτι
1369 3185 1594 3255 γέγονεν
1636 3185 1858 3240 Ἰωάθαν

1968 3177 2039 3229 vit
2081 3190 2207 3229 vero
2248 3175 2302 3229 in
2345 3174 2429 3227 via
2459 3188 2647 3241 regum
2681 3172 2871 3239 Israel,
2900 3182 2955 3228 et
2988 3173 3224 3228 adolevit
3272 3174 3557 3229 incensum

245 3277 360 3340 υίὸς
408 3275 602 3347 Ἀχὰζ,
649 3274 709 3340 ὃς
769 3274 1126 3330 ἐϐασίλευσεν
1158 3277 1252 3329 ἐπὶ
1291 3277 1384 3330 τὸν
1430 3276 1652 3331 Ἰούδαν·
1692 3295 1711 3328 ‹
1750 3278 1856 3330 Πε-

1968 3266 2017 3319 ἱιι
2058 3265 2311 3331 excelsis,
2339 3274 2394 3320 et
2434 3264 2713 3319 transtulit
2737 3264 2906 3319 [ilium
2939 3279 3096 3318 suum
3120 3280 3215 3333 per
3246 3266 3424 3335 ignem
3448 3266 3553 3331 τ’,ι

242 3368 519 3441 πόρευταί
552 3385 617 3438 γε
658 3368 766 3439 μὴν
802 3369 861 3422 ἐν
897 3369 1004 3440 ὁδῷ
1034 3369 1304 3440 βασιλέων
1344 3369 1591 3441 Ἰσραὴλ,
1622 3370 1717 3423 καὶ
1742 3368 1859 3421 ἐθυ-

245 3462 343 3532 μία
377 3461 485 3533 μέν
536 3463 594 3515 ἐν
628 3463 743 3525 τοῖς
794 3460 1020 3531 ὑψηλοῖς
1042 3499 1055 3526 ,
1097 3461 1327 3532 διήγαγε
1375 3462 1434 3514 δὲ
1466 3462 1561 3514 καὶ
1598 3460 1689 3513 τὸν
1726 3460 1856 3513 ἴδιον

241 3555 353 3609 υἱὸν
384 3556 447 3608 ἐν
482 3555 643 3625 πυρὶ,
684 3573 706 3606 ι
751 3553 848 3608 καὶ
879 3557 994 3619 τοῖς
1029 3554 1330 3625 δαιμονίοις
1376 3554 1644 3607 κατέθυσε
1669 3554 1762 3607 τὸν
1795 3551 1855 3618 ἐξ

240 3647 410 3700 αὑτοῦ
464 3644 667 3715 φύντα,
721 3645 817 3702 καὶ
860 3647 1250 3716 γεγενημένον.
1299 3646 1516 3717 Ἐπειδὴ
1548 3646 1603 3699 δὲ
1628 3645 1855 3700 τοιαῦτα

239 3737 607 3808 δεδράκασιν,
656 3734 911 3801 ἔσονται,
942 3737 1137 3806 φησὶν,
1181 3755 1199 3787 ι
1248 3736 1334 3798 Ὠς
1361 3735 1560 3806 νεφέλη
1600 3735 1852 3807 πρωῖνὴ,

240 3830 332 3883 καὶ
363 3828 446 3891 ὡς
476 3827 672 3897 δρόσος
692 3868 707 3892 ,
733 3826 809 3890 ὡς
844 3826 1031 3898 χνοῦς,
1069 3826 1163 3880 καὶ
1192 3827 1269 3890 ὠς
1297 3826 1462 3896 ἀτμὶς
1500 3827 1565 3879 ὲκ
1594 3825 1857 3879 καπνοδό-

241 3940 363 3993 χης,
394 3940 414 3974 ι
464 3920 770 3985 τουτέστιν,
818 3919 1001 3989 ὀλίγον
1036 3918 1316 3988 ὀφθέντες,
1369 3920 1683 3990 οἰχήσονται
1720 3918 1857 3989 πρὸς

241 4013 551 4078 ἀπώλειαν,
577 4014 674 4067 καλ¹
703 4013 1016 4083 βαδιοῦνται
1038 4012 1177 4083 πρὸς
1197 4013 1258 4066 τὸ
1292 4010 1480 4083 μηδέν.
1508 4010 1729 4081 Νεφέλη
1750 4010 1859 4080 γὰρ

243 4102 489 4174 πρωῖνὴ,
529 4102 842 4169 τουτέστιν,
878 4104 1069 4174 ἀχλὺς,
1102 4103 1294 4175 δρόσος
1338 4119 1398 4155 τε
1436 4101 1529 4154 καὶ
1555 4101 1735 4171 χνοὺς,
1766 4102 1858 4154 καὶ

240 4195 410 4265 ἀτμὶς
461 4197 529 4248 ἐκ
582 4196 946 4266 καπνοδόκης,
1006 4194 1391 4265 εύδιαρίπιστά
1451 4194 1599 4259 ἐστι,
1656 4194 1751 4247 καὶ
1798 4193 1858 4245 ἐν

1962 3366 2018 3412 et
2043 3373 2108 3412 ex
2141 3373 2201 3413 se
2228 3368 2406 3413 ortum
2450 3373 2514 3413 ac
2541 3358 2783 3427 genitum
2830 3358 3165 3413 daemonibus
3203 3359 3554 3415 sacriﬁcavit.

1965 3449 2033 3503 Et
2062 3450 2190 3519 quia
2230 3450 2331 3505 ista
2362 3449 2632 3515 fecerunt,
2660 3459 2841 3515 erunt,
2873 3449 3071 3517 inquit,
3097 3469 3115 3502 ι
3143 3460 3201 3504 ιιι
3232 3452 3402 3506 nubes
3440 3468 3558 3507 ma-

1961 3541 2158 3606 tutina,
2192 3549 2250 3595 et
2297 3548 2355 3594 ut
2390 3554 2504 3606 ros,
2535 3549 2595 3594 ut
2638 3539 2833 3607 pulvis,
2865 3546 2924 3593 ut
2988 3554 3157 3608 vapor
3203 3558 3267 3595 ex
3315 3542 3552 3610 camino,

1957 3644 2051 3686 seu
2073 3633 2379 3701 vaporario,
2406 3652 2425 3687 ι
2458 3633 2560 3688 hoc
2579 3640 2687 3698 est,
2718 3646 2841 3687 cum
2871 3632 2935 3687 ad
2962 3635 3125 3688 breve
3157 3642 3369 3703 tempus
3390 3649 3559 3704 appa-

1967 3726 2198 3792 ruerint,
2233 3726 2286 3779 in
2314 3726 2542 3780 exitium
2583 3727 2833 3794 abibunt,
2861 3736 2917 3781 et
2950 3726 3003 3781 in
3066 3727 3293 3781 nihilum
3352 3742 3556 3782 evane-

1958 3825 2136 3871 scent.
2174 3815 2359 3872 Nubes
2406 3819 2551 3873 enim
2592 3820 2879 3887 matutina,
2921 3822 3024 3875 hoc
3056 3828 3171 3883 est,
3208 3819 3432 3883 nebula,
3467 3834 3559 3875 rus

1958 3914 2110 3979 item,
2147 3921 2202 3968 et
2232 3913 2426 3982 pulvis,
2450 3923 2505 3968 et
2537 3929 2704 3983 vapor
2742 3930 2805 3970 ex
2842 3916 3057 3970 camino
3123 3916 3283 3971 facile
3340 3914 3557 3970 diIllan-

1961 4016 2066 4071 tur,
2097 4013 2151 4059 et
2182 4004 2419 4074 pauxillo
2452 4014 2716 4074 tempore,
2742 4006 2851 4060 imo
2888 4006 3018 4060 hora
3046 4022 3173 4070 una,
3196 4008 3550 4076 dissipantur.

1958 4097 2146 4165 Qualis
2199 4098 2344 4152 enim
2371 4106 2466 4152 aut
2523 4097 2783 4166 pulveris,
2818 4108 2911 4153 aut
2947 4099 3108 4164 roris,
3134 4108 3231 4153 aut
3282 4113 3350 4153 ex
3403 4099 3555 4154 fumo

1960 4190 2261 4247 constantis
2301 4192 2513 4259 vaporis
2553 4190 2938 4245 subsistentia?

240 4283 513 4353 ὀλιγοστῷ
551 4283 847 4355 (παντελῶς
896 4283 1299 4338 διασκίδνανται
1341 4283 1552 4355 χρόνῳ,
1588 4280 1787 4353 μᾶλλον
1822 4280 1882 4333 δὲ
1941 4280 2036 4335 καὶ
2059 4281 2117 4334 ἐν
2164 4280 2284 4353 ὥρᾳ
2354 4282 2470 4353 μιᾷ.
2496 4281 2633 4334 Ποία
2673 4281 2782 4350 γὰρ
2832 4280 3131 4345 ὑπόστασις
3171 4282 3205 4353 ἢ
3274 4283 3450 4352 χνοὸς,
3515 4283 3551 4354 ἢ

238 4378 462 4448 δρόσου,
517 4376 692 4447 ἤγουν
744 4377 846 4448 τῆς
879 4378 945 4431 ἐκ
978 4377 1194 4432 καπνοῦ
1231 4377 1634 4448 συνισταμένης
1688 4376 1943 4447 ἁτμὶδος;

540 4524 931 4613 ΤΟΜΟΣ
969 4516 1561 4613 ἘΒΔΟΜΟΣ.

325 4679 473 4750 Ἐγὼ
503 4678 574 4732 δὲ
598 4679 817 4749 Κύριος
839 4682 873 4733 ό
914 4682 1060 4747 Θεός
1093 4694 1233 4747 σου,
1267 4682 1301 4734 ὀ
1336 4678 1601 4747 στερεῶν
1621 4680 1729 4733 τὸν
1756 4681 1852 4734 οὐ·

236 4771 457 4839 ρανὸν,
508 4769 610 4823 καὶ
655 4768 867 4830 κτίζων
922 4769 1059 4841 γῆν,
1111 4765 1185 4826 οὗ
1219 4773 1283 4824 αὶ
1336 4770 1532 4839 χεῖρες
1594 4770 1850 4825 ἔκτισαν

239 4863 456 4919 πᾶσαν
493 4862 610 4930 τὴν
648 4867 941 4931 στρατιὰν
976 4864 1085 4917 τοῦ
1126 4865 1411 4931 οὐρανοῦ,
1462 4864 1562 4918 καὶ
1597 4866 1667 4918 οὐ
1700 4881 1852 4934 παρ-

237 4951 445 5020 έδειξὰ
460 4970 566 5009 σοι
594 4955 771 5019 αὐτὰ,
789 4953 896 5008 τοῦ
914 4955 1279 5023 πορεύεσθαι
1308 4956 1503 5009 ὀπίσω
1532 4955 1838 5026 αὐτῶνθ).

264 5089 268 5093 ς
310 5050 507 5103 PMH’.
573 5046 891 5118 Ἐλέγχεταί
951 5064 1072 5111 πως
1121 5048 1207 5101 ἀεὶ
1256 5049 1357 5118 τῆς
1408 5050 1756 5119 ψευδοδοξίας
1793 5051 1853 5103 τὺ

236 5139 479 5203 ἀκαλλὲς
507 5139 609 5208 τῆς
632 5138 867 5205 ἀληθοῦς
892 5138 1148 5207 γνώσεως
1169 5142 1248 5203 είς
1273 5140 1437 5211 μέσον
1463 5141 1850 5213 ὲνηνεγμένης,

238 5234 332 5287 καὶ
371 5234 542 5287 οἱονεὶ
569 5233 747 5301 φωτὸς
771 5232 1187 5303 ἀναλὰμποντος
1215 5233 1289 5296 ὡς
1318 5234 1375 5286 ἐν
1400 5236 1574 5299 νυκτὶ,
1600 5236 1692 5289 καὶ
1719 5236 1846 5289 σκό-

235 5342 341 5395 τῳ,
392 5324 490 5377 τοῦ
541 5324 681 5395 πρὸς
723 5324 996 5396 ὀρθότητα
1042 5326 1319 5396 λογισμῶν
1372 5326 1846 5395 παιδαγωγοῦντος

238 5415 424 5485 λόγου.
460 5418 583 5471 ’Ότι
621 5417 804 5469 τοίνυν
827 5420 923 5488 τῆς
947 5418 1178 5471 ἀπασῶν
1223 5418 1458 5489 ἐσχάτης
1493 5420 1846 5490 ἀναπιμπλά-

241 5529 398 5582 μενοι
457 5511 807 5575 δυσϐουλίας,
850 5510 1146 5583 ἀθλότητος
1200 5512 1281 5574 εἰς
1354 5510 1507 5583 λῆξιν
1546 5511 1712 5575 ἰόντες
1749 5513 1848 5584 τὴν

312 5689 360 5720 τ’
396 5688 534 5744 Tob.
561 5705 645 5755 ιιι,
676 5686 768 5740 92.
844 5688 889 5719 ⁷⁸
920 5689 1046 5758 Sap.
1085 5702 1125 5754 ι,
1167 5689 1254 5742 II.
1334 5689 1378 5719 7’
1410 5686 1473 5743 IV
1509 5686 1641 5761 Reg.
1686 5705 1795 5757 xvi,
1838 5690 1888 5744 5.

319 5845 398 5916 (1)
431 5844 554 5901 IIrec
588 5855 713 5902 sunt
758 5845 906 5901 Isaiae
938 5845 1233 5913 prophetm,
1265 5861 1383 5905 xcv,
1419 5844 1499 5897 IS.

2195 4532 2610 4624 TOMUS
2682 4530 3329 4621 SEPTIMUS.

2033 4685 2146 4755 Ego
2164 4694 2338 4738 autem
2374 4682 2633 4737 Dominus
2661 4682 2801 4736 Deus
2832 4694 2975 4748 tuus,
3003 4681 3226 4750 ﬁrmans
3257 4680 3466 4744 cazlum,
3502 4688 3552 4734 et

1956 4795 2140 4832 creant
2190 4787 2409 4841 terram,
2462 4776 2611 4840 cuius
2667 4793 2855 4831 manus
2895 4783 3202 4829 creaverunt
3252 4776 3553 4828 universam

1958 4870 2206 4923 militiam
2256 4868 2392 4935 caeli,
2420 4878 2468 4922 et
2504 4886 2607 4922 non
2642 4868 2848 4924 ostendi
2884 4866 2980 4921 tibi
3008 4868 3125 4937 ipsa
3152 4876 3208 4921 ut
3250 4865 3552 4921 ambulare:

1956 4972 2070 5031 post
2115 4979 2198 5014 ea.

2030 5051 2306 5110 CXLVIII.
2342 5052 2608 5123 Perpetuo
2646 5053 2759 5107 fere
2794 5051 3051 5107 falsarum
3082 5052 3399 5122 opinionum
3434 5057 3550 5104 tur-

1960 5148 2150 5217 pitudo
2171 5148 2748 5216 reprelienditur,vera
2768 5146 2957 5201 notitia
2988 5147 3039 5200 in
3082 5145 3318 5199 medium
3348 5143 3550 5212 produ-

1953 5248 2064 5301 cta,
2108 5248 2161 5292 et
2190 5240 2343 5309 quasi
2374 5254 2496 5292 cum
2529 5237 2707 5291 lumen
2738 5237 2791 5290 in
2828 5246 2988 5291 nocte
3018 5244 3072 5290 et
3102 5235 3157 5289 in
3208 5233 3444 5288 tenebris
3472 5249 3550 5286 re-

1956 5331 2223 5400 Splendet,
2243 5344 2498 5385 sermone
2519 5332 2583 5384 ad
2611 5328 2810 5398 probas
2833 5326 3186 5397 cegitaliones
3207 5324 3548 5379 instituente.

1960 5422 2233 5475 Israelitas
2277 5422 2463 5492 igitur,
2498 5430 2556 5476 ut
2605 5432 2851 5476 extrema
2920 5418 3155 5486 repletos
3196 5413 3545 5484 insipientia.

1958 5514 2024 5568 ad
2074 5524 2373 5570 extremam
2404 5529 2723 5587 progressos
2762 5511 3062 5577 miseriam,
3100 5505 3463 5565 conﬂatilibus
3495 5521 3550 5563 et
