3982 6466
436 372 549 426 502)

1442 370 1498 422 S.
1539 366 1814 424 CYRILLI
1854 363 2324 422 ALEXANDRINI
2363 363 2683 423 ARCHIEP.

3615 361 3716 417 504

440 487 695 559 Operibus
732 483 1000 540 artificum
1059 495 1187 538 vere
1230 491 1285 537 ct
1335 492 1526 537 natura
1597 483 1705 537 Deo
1749 482 2012 552 pneterilt

2131 481 2391 534 ἀνωτάτω
2419 477 2591 550 χὼνευ
2601 477 2679 550 μά
2697 495 2779 544 τε,
2804 475 2898 532 καὶ
2916 475 3184 532 τεκτόνων
3203 474 3342 549 ἔργα
3359 476 3717 547 τετιμήκασιν

440 578 684 634 adoratis
726 577 1046 642 insectatur,
1074 574 1260 630 dicens
1312 589 1371 630 se
1396 589 1514 630 esse
1547 576 1637 644 qui
1682 574 1878 629 coelum
1931 575 2022 628 (ir-

442 667 694 731 maverit,
727 675 783 721 et
842 674 1045 718 terram
1118 665 1462 726 stabiliverit,
1504 676 1559 720 et
1611 677 1757 720 astra
1809 664 2014 720 fecerit.

441 755 746 825 Exprobrat
774 763 975 820 autem,
1009 755 1151 824 quod
1187 762 1243 808 ut
1271 754 1514 824 putidum
1567 754 1822 824 quiddam
1881 769 2022 824 prae-

439 848 828 912 tcrmittentes,
865 860 962 914 per
1003 860 1066 899 ea
1099 859 1216 914 qua:
1264 844 1400 900 facta
1436 855 1562 899 sunt
1605 859 1763 916 posse
1796 843 2023 900 factoris

437 939 665 1010 gloriam
709 953 1057 1008 cognoscere,
1101 937 1165 992 iis
1206 937 1273 991 ad
1333 951 1575 991 errorem
1649 951 1808 992 suum
1866 935 2019 990 abusi

436 1018 564 1086 Sint.
607 1029 889 1095 Aitenim,
917 1043 1022 1082 non
1054 1029 1174 1082 ideo
1214 1027 1378 1093 facta,
1407 1037 1466 1082 ut
1501 1029 1567 1084 de
1614 1028 1793 1082 divina
1845 1027 2018 1098 gloria

437 1124 638 1194 aliquid
673 1123 1015 1184 imminuant,
1042 1135 1071 1174 a
1098 1120 1415 1174 mortalibus
1432 1120 1538 1175 diis
1557 1119 1899 1186 existimata;
1926 1119 2022 1175 sed

435 1226 516 1279 ut,
571 1214 1021 1284 quemadmodum
1065 1211 1141 1266 ait
1173 1211 1455 1282 Scriptura
1486 1226 1674 1278 sacra,
1699 1225 1767 1266 ex
1810 1211 2020 1282 magni-

436 1309 622 1364 tudine
670 1318 723 1362 et
765 1306 1164 1376 pulchritudine
1225 1314 1627 1369 creaturarum,
1673 1307 2022 1376 proportione

433 1414 589 1454 mens
624 1396 1033 1467 intelligentium
1066 1411 1280 1451 sursum
1305 1397 1372 1450 ad
1407 1396 1715 1452 Conditoris
1758 1397 2018 1453 virtutem

433 1499 487 1542 et
517 1486 813 1556 opificium,
843 1494 1102 1556 quantum
1156 1485 1271 1540 fieri
1306 1494 1504 1555 potest,
1532 1485 1875 1541 evehatur”.
1906 1485 2018 1540 Ita-

433 1594 537 1649 que
565 1593 668 1633 non
701 1578 940 1633 ostendit
967 1578 1122 1634 nobis
1144 1577 1339 1648 Opifex
1372 1588 1699 1643 creaturam,
1741 1587 1801 1632 ut
1828 1579 2020 1634 adore-

433 1680 523 1724 tur
551 1684 580 1723 a
609 1667 788 1722 nobis.
817 1667 954 1722 Hinc
975 1679 1026 1722 et
1053 1668 1375 1724 testiﬁcatus
1401 1678 1596 1738 estper
1614 1667 1832 1739 Moysen
1859 1683 1870 1717 :
1903 1685 1922 1720 ι
1954 1668 2020 1724 Et

432 1777 522 1828 ne,
541 1777 664 1816 cum
690 1759 998 1828 respexeris
1028 1760 1080 1812 in
1113 1759 1331 1825 cadum,
1353 1769 1403 1814 et
1422 1760 1622 1815 videris
1649 1759 1906 1826 solem,et
1930 1760 2018 1814 lu-

429 1869 578 1920 nam,
605 1863 660 1908 et
685 1852 890 1918 stellas,
931 1851 1090 1920 182
1125 1860 1179 1905 et
1201 1866 1414 1906 omnem
1455 1861 1706 1906 ornatum
1747 1852 1894 1920 caeli,
1926 1852 2020 1908 de-

421 1955 619 2016 ceptus
659 1943 854 1999 adores
885 1959 947 1998 ea
982 1959 1102 2012 qua:
1133 1942 1407 1998 distribuit
1434 1943 1691 1998 Dominus
1725 1943 1866 1998 Deus
1898 1951 2020 1999 tuus

429 2037 680 2093 omnibus
726 2035 975 2106 gentibus
1003 2049 1123 2104 quae
1168 2037 1270 2090 sub
1299 2034 1434 2089 caalo
1463 2045 1590 2089 sunt
1618 2035 1722 2090 ⁸⁸.»
1761 2034 1841 2088 Illi
1887 2050 2016 2090 vero

428 2129 718 2185 distributa
749 2129 816 2183 ad
846 2126 1232 2182 indicationem
1266 2134 1594 2196 temporum,
1623 2137 1678 2180 et
1718 2129 1784 2180 ad
1815 2127 2014 2181 illumi-

428 2222 664 2276 nandum
712 2219 902 2275 orbem
927 2217 973 2249 δ’
1016 2219 1310 2273 constituta
1375 2218 1506 2272 deos
1568 2218 1930 2289 appellabant,
1966 2229 2022 2274 et

425 2313 676 2384 precibus
703 2325 768 2366 ea
798 2309 978 2364 colere
1002 2325 1110 2364 non
1150 2309 1598 2367 reformidabant.
1631 2311 1771 2378 Quin
1811 2311 1898 2366 his
1925 2313 2020 2365 ad-

425 2407 535 2460 huc
577 2402 796 2459 infanda
827 2401 1002 2471 magis
1029 2412 1333 2472 quaerentes
1361 2402 1585 2470 miseri,
1617 2403 1794 2458 fusilia
1847 2414 1903 2459 et
1947 2403 2016 2458 li-

421 2509 536 2564 gna
577 2495 629 2549 in
658 2493 882 2548 deorum
933 2491 1051 2547 loco
1087 2493 1444 2559 honorabant,
1484 2492 1760 2550 fabrorum
1791 2495 2017 2552 aerario-

423 2604 570 2654 rum,
601 2587 937 2654 aliorumque
989 2584 1260 2638 artiﬁcum
1302 2583 1531 2639 artificia
1585 2586 1902 2642 adorantes.

2123 574 2172 626 οί
2201 573 2262 636 ἐξ
2305 572 2544 644 Ἰσραὴλ,
2571 581 2664 625 τον
2690 569 2910 642 ἀληθῶς
2943 570 3038 624 καὶ
3081 569 3240 639 φύσει
3279 569 3719 642 παρατρέχοντες

2124 662 2281 725 Θεὸν,
2305 661 2622 732 ἀπελέγχει,
2649 662 2846 730 λέγων,
2868 660 2946 725 ὡς
2975 661 3058 730 εἴη
3087 661 3188 730 μὲν
3220 661 3402 724 αὐτὸς,
3427 662 3455 714 6
3482 659 3718 730 στερεῶν

2122 756 2370 827 οὐρανὸν,
2391 756 2880 828 διαστηριξάμενος
2899 755 2955 808 δὲ
2982 757 3077 808 καὶ
3096 755 3224 824 γῆν,
3249 753 3346 808 καλ⁹
3365 753 3475 808 τῶν
3497 754 3718 824 ἄστρων

2120 849 2149 901 ό
2183 848 2434 919 ποιητής.
2484 848 2852 912 Κατονειδίξει
2885 846 2943 899 δὲ
2967 886 2981 910 ,
3027 847 3109 900 ὅτι
3144 846 3413 917 παρέντες
3440 845 3518 908 ὡς
3550 845 3719 898 ἕωλον

2121 940 2182 993 τὸ
2208 941 2299 994 διά
2327 939 2435 992 τῶν
2466 939 2768 1008 γεγονότων
2803 939 3072 993 δύνασθαι
3097 940 3198 1012 τὴν
3233 937 3329 992 τοῦ
3358 938 3719 1008 πεποιηκότος

2121 1029 2280 1097 δόξαν
2305 1030 2629 1101 ἀναμαθεῖν,
2655 1031 2932 1102 πρόφασιν
2959 1030 3097 1083 αύτά
3117 1031 3215 1100 τῆς
3234 1030 3443 1094 οἰκείας
3463 1029 3722 1099 πεποίην-

2119 1139 2211 1175 ται
2233 1123 2462 1192 πλάνης.
2515 1121 2654 1174 Ἀλλ’
2704 1123 2764 1175 ού
2806 1121 2896 1176 διά
2933 1121 3092 1176 τοῦτο
3124 1121 3448 1191 γεγόνασιν,
3482 1121 3570 1175 ἵνα
3621 1120 3720 1192 τὴν

2121 1210 2272 1265 θείαν
2302 1211 2530 1266 ἀδικῶσι
2578 1211 2765 1276 δόξαν,
2809 1213 2866 1265 ὲν
2898 1211 3165 1283 ὑπολήψει
3223 1206 3364 1264 θεῶν
3407 1211 3721 1283 εἰλημμένα

2119 1306 2232 1368 τοῖς
2266 1305 2358 1356 ἐπὶ
2383 1305 2486 1374 γῆς
2510 1319 2523 1332 ·
2560 1303 2676 1356 ἀλλ’
2709 1304 2796 1368 ἵν’,
2829 1303 2905 1368 ὡς
2935 1303 3040 1374 ἔφη
3072 1303 3133 1355 τὸ
3176 1303 3418 1374 Γράμμα
3443 1303 3507 1355 τὸ
3538 1303 3719 1372 ἱερὸν,

2119 1396 2228 1449 ἀπὸ
2289 1396 2556 1466 μεγέθους
2619 1397 2714 1450 καὶ
2763 1395 3024 1466 καλλονῆς
3077 1381 3392 1466 κτισμάτων
3442 1395 3724 1463 ἀναλόγως

2119 1487 2462 1559 ἀναθρώσκοι
2494 1487 2606 1540 τῶν
2638 1486 2931 1540 συνιέντων
2963 1489 2990 1539 ό
3019 1485 3149 1550 νοῦς
3175 1487 3254 1549 είς
3287 1486 3594 1557 κατάληψιν
3618 1485 3724 1557 τὴν

2119 1579 2472 1649 ἐνδεχομένην
2513 1580 2613 1650 τῆς
2643 1579 2736 1632 τοῦ
2781 1581 3145 1650 πεποιηκότος
3202 1577 3487 1650 δυνάμεώς
3517 1596 3582 1632 τε
3621 1578 3724 1633 καὶ

2117 1668 2333 1739 τέχνης.
2383 1669 2594 1722 Οὐκοῦν
2624 1671 2687 1722 οὐ
2729 1668 3017 1739 παρέδειξε
3046 1670 3145 1740 τὴν
3177 1669 3356 1723 κτίσιν
3382 1671 3516 1740 ἡμῖν
3545 1670 3580 1721 ό
3623 1672 3727 1740 Δη-

2123 1761 2404 1832 μιουργὸς,
2431 1762 2518 1814 ἵνα
2563 1762 2936 1832 προσκυνῆται
2967 1761 3101 1832 πρὸς
3122 1761 3302 1834 ἡμῶν.
3327 1762 3435 1815 Καὶ
3464 1761 3598 1829 γοῦν
3627 1762 3727 1816 καὶ

2051 1831 2631 1923 Βπροδιεμαρτύρατο
2682 1852 2858 1921 λέγων
2912 1831 3019 1906 διά
3057 1831 3326 1934 Μωσέως·
3392 1872 3412 1905 ι
3471 1854 3583 1906 Καὶ
3645 1853 3725 1924 μὴ

2124 1942 2432 2013 ἀναϐλέψας
2468 1946 2548 2007 είς
2577 1943 2670 1996 τὸν
2695 1942 2946 2014 οὐρανὸν,
2972 1945 3069 1998 καὶ
3112 1942 3238 1997 ίδὼν
3267 1943 3360 1997 τὸν
3396 1944 3551 2015 ἥλιον
3575 1987 3590 2010 ,
3623 1947 3727 1998 καὶ

2122 2033 2222 2106 τὴν
2254 2033 2504 2106 σελήνην,
2531 2034 2627 2088 καὶ
2655 2034 2784 2096 τοῦς
2843 2033 3112 2102 ἀστέρας,
3142 2034 3237 2087 καὶ
3262 2033 3441 2087 πάντα
3486 2033 3580 2087 τὸν
3629 2033 3728 2087 κό-

2123 2143 2259 2198 σμον
2285 2125 2379 2180 τοῦ
2427 2124 2658 2196 ούρανοῦ
2678 2163 2694 2189 ,
2737 2124 3036 2196 πλανηθεὶς
3079 2125 3466 2196 προσκυνήσῃς
3495 2125 3686 2188 αὐτοῖς
3705 2163 3725 2188 ,

2117 2221 2213 2274 καὶ
2272 2219 2576 2291 λατρεύσῃς
2639 2217 2848 2285 αὐτοῖς,
2887 2216 2925 2271 ἃ
2960 2216 3227 2287 ἀπένειμε
3279 2215 3484 2289 Κύριος
3518 2218 3548 2269 6
3583 2216 3727 2280 Θεός

2118 2326 2213 2362 σου
2236 2348 2252 2373 ,
2285 2310 2421 2363 πᾶσι
2461 2311 2574 2371 τοῖς
2605 2305 2785 2361 ἔθνεσι
2825 2308 2940 2370 τοῖς
2976 2305 3237 2360 ὑποκάτω
3262 2304 3358 2358 τοῦ
3393 2307 3654 2377 ούρανοῦ.
3697 2325 3718 2358 ι

2119 2402 2184 2456 Οί
2216 2401 2273 2455 δὲ
2299 2401 2367 2454 τὰ
2391 2397 2767 2470 ἐκνεμηθέντα
2799 2397 2939 2469 πρὸς
2966 2397 3178 2469 καιρῶν
3211 2397 3493 2464 ἐπίδειξιν,
3525 2399 3619 2453 καὶ
3659 2400 3725 2452 ὲν

2117 2492 2424 2562 φωστήρων
2467 2489 2620 2554 τάξει
2652 2487 3040 2560 καθεσταμένα
3070 2487 3228 2553 θεοὺς
3269 2489 3551 2560 ὠνόμαζον
3572 2530 3588 2554 ,
3621 2490 3726 2544 καὶ

2120 2585 2450 2655 προσκυνεῖν
2480 2581 2836 2652 ἀπετόλμων,
2870 2581 2967 2634 καὶ
3007 2580 3077 2634 τὰ
3107 2581 3188 2634 ἔτι
3215 2580 3423 2636 τούτων
3469 2581 3725 2652 αἰσχίονα

425 2681 717 2754 ζητοῦντες
743 2680 792 2734 οἱ
832 2677 1076 2746 δείλαιοι,
1105 2677 1364 2751 χὼνευμά
1401 2696 1481 2746 τε,
1523 2681 1620 2734 καὶ
1657 2679 1791 2747 ξύλα
1823 2681 2182 2755 τετιμήκασιν
2212 2679 2290 2744 ὡς
2323 2678 2502 2744 θεοὺς,
2539 2679 2638 2749 τὴν
2670 2674 3029 2747 χαλκουργῶν
3095 2675 3190 2731 καὶ
3233 2676 3504 2731 τεκτόνων
3541 2693 3724 2748 προσ-

423 2775 712 2838 κυνοῦντες
743 2773 958 2843 τέχνην.

497 2867 660 2921 Vens.
704 2865 758 2929 4,
794 2864 848 2918 5.
888 2862 955 2916 Et
997 2881 1089 2934 ego
1139 2866 1299 2920 eduxi
1356 2875 1404 2921 te
1454 2867 1519 2921 de
1572 2877 1714 2923 terra
1760 2867 2008 2938 Egypti,

2177 2861 2287 2916 Καί
2329 2859 2446 2930 ἐγὼ
2500 2859 2809 2930 ἀνήγαγον
2839 2873 2915 2913 σε
2975 2856 3044 2911 ἐκ
3087 2855 3202 2926 γῆς
3232 2858 3557 2926 Αἰγύπτου,
3601 2862 3715 2916 καὶ

423 2968 472 3012 et
525 2956 690 3010 Deum
732 2963 922 3024 prwter
952 2971 1033 3010 me
1080 2973 1183 3010 non
1225 2974 1524 3028 cognosces,
1563 2969 1611 3012 et
1650 2959 1882 3013 salvator
1908 2976 2011 3013 non

2116 2952 2262 3008 Θεὸν
2293 2951 2461 3019 πλὴν
2488 2951 2634 3021 ἐμοῦ
2662 2955 2734 3006 οὺ
2765 2951 2968 3020 γνώσῃ
2992 2990 3011 3018 ,
3063 2949 3164 3004 καί
3195 2949 3399 3011 σώζων
3422 2954 3534 3008 οὐκ
3577 2954 3723 3012 ἐστι

423 3058 499 3103 est
541 3047 732 3117 absque
757 3064 857 3102 me.
893 3047 1002 3118 Ego
1059 3049 1335 3118 pascebam
1397 3060 1444 3104 te
1489 3051 1545 3104 in
1600 3051 1902 3117 solitudine,
1957 3053 2012 3104 in

2116 3044 2300 3113 πάρεξ
2322 3044 2488 3114 ἐμοῦ.
2532 3041 2680 3113 Ἐγὼ
2709 3044 3067 3113 ἐποίμαινόν
3090 3057 3166 3096 σε
3201 3040 3367 3112 ἐνῖῇ
3395 3044 3614 3114 ἐρήμῳ,
3641 3046 3722 3101 ἐν

424 3151 566 3196 terra
603 3139 937 3193 inhabitabili
990 3141 1277 3194 secundum
1315 3157 1510 3210 pascua
1542 3157 1743 3195 eorum.

2116 3136 2191 3207 γῇ
2215 3137 2499 3204 ἀοικήτῳ,
2544 3137 2693 3191 κατὰ
2721 3137 2828 3202 τὰς
2855 3137 3046 3206 νομὰς
3074 3136 3293 3191 αὐτῶν,

494 3230 725 3288 CXLIX.
779 3231 944 3285 Multa
981 3230 1121 3286 inest
1162 3232 1212 3286 in
1241 3232 1328 3286 his
1347 3231 1586 3300 stuporis
1617 3247 1681 3287 ac
1729 3231 2012 3287 dementia:

2185 3229 2364 3284 PMG’.
2398 3229 2570 3292 Πολὺς
2604 3231 2662 3284 ὲν
2686 3228 2895 3292 τούτοις
2917 3229 3014 3300 τῆς
3036 3229 3396 3302 ἀναισθησίας
3419 3232 3447 3284 6
3470 3230 3718 3304 ἔλεγχος,

422 3323 761 3392 redargutio,
796 3329 1175 3390 ponunturque
1201 3322 1393 3375 ordine
1417 3321 1740 3376 auxiliorum
1771 3335 1968 3392 genera
1989 3361 2005 3386 ,

2116 3322 2211 3376 καὶ
2242 3322 2512 3376 τέθεινται
2538 3323 2818 3394 στοιχηδὸν
2869 3323 2969 3389 τῆς
3021 3323 3344 3396 ἐπικουρίας
3392 3325 3444 3378 οἱ
3493 3326 3719 3397 τρόποι,

422 3413 908 3485 quibuslsraclitae
942 3413 1182 3466 omnium
1213 3411 1564 3482 ingratissimi
1589 3411 2006 3467 convincuntur.

2116 3413 2212 3484 τῆς
2241 3414 2602 3484 ἀχαριστίας,
2645 3414 2755 3468 τῶν
2799 3412 2860 3479 ἐξ
2905 3414 3123 3486 Ἰσραὴλ
3157 3415 3607 3481 καταδεικνύντες
3648 3419 3720 3472 τὸ

420 3507 789 3577 Reprehendit
812 3519 1014 3573 autem,
1046 3520 1150 3560 non
1189 3514 1246 3559 ut
1268 3507 1603 3576 ignorantes,
1629 3505 1842 3575 opinor,
1871 3506 2012 3560 unde

2116 3504 2367 3577 μέγεθος.
2410 3505 2653 3576 Ἐλέγχει
2681 3505 2758 3570 δὲ,
2789 3506 2887 3559 ούκ
2921 3506 3283 3577 ἠγνοηκότας,
3317 3506 3394 3570 ὥς
3424 3525 3488 3576 γε
3528 3503 3715 3580 οἶμαι,

421 3602 476 3655 in
516 3615 579 3654 ea
618 3599 732 3654 loca
777 3598 1094 3663 venissent;
1149 3597 1244 3652 sed
1299 3608 1356 3650 ut
1386 3612 1453 3650 ex
1491 3611 1682 3667 magna
1719 3596 2011 3652 stoliditate

2116 3598 2297 3661 πόθεν,
2331 3597 2445 3650 ἀλλ’
2471 3597 2546 3660 ὡς
2583 3600 2646 3650 ὲκ
2679 3597 2892 3652 πολλῶν
2922 3599 3062 3667 ἀγαν
3095 3600 3417 3670 σκαιότητος
3441 3640 3456 3665 ,
3488 3601 3583 3654 καὶ
3617 3602 3718 3656 λο-

419 3702 476 3744 et
508 3700 727 3760 stupore
775 3689 930 3760 quasi
966 3703 1154 3744 eorum
1199 3687 1473 3743 oblivione
1512 3702 1720 3760 captos,
1774 3703 2007 3760 quorum

2116 3689 2310 3760 γισμοῦ
2337 3690 2660 3754 νενευκότας
2686 3691 2765 3754 είς
2787 3691 3167 3761 ἀναισθησίαν,
3193 3693 3475 3763 μονονουχὶ
3507 3695 3601 3746 καὶ
3630 3697 3718 3761 είς

418 3792 733 3852 perpetuam
761 3795 1086 3836 conservare
1126 3781 1443 3835 memoriam
1490 3782 1826 3838 debuissent.
1861 3782 2010 3836 Dete-

2116 3783 2280 3854 λήθην
2309 3783 2802 3853 ὑπενηνεγμένους,
2827 3776 2901 3836 ὧν
2923 3783 3028 3836 ἔδει
3054 3784 3364 3855 μεμνῆσθαι
3391 3785 3712 3851 διαπαντός.

417 3872 631 3929 stabilis
663 3873 862 3942 quippe
893 3871 1204 3939 Jeroboam,
1229 3872 1408 3928 vitulis
1459 3874 1773 3944 propositis,
1793 3875 2004 3929 aiebat:

423 3983 443 4016 ε
487 3965 550 4020 lli
576 3974 703 4020 sunt
744 3966 814 4018 dii
857 3965 954 4030 tui,
987 3963 1170 4032 Israel,
1204 3967 1295 4035 qui
1332 3976 1383 4022 te
1415 3967 1721 4022 eduxerunt
1746 3967 1813 4022 de
1861 3977 2008 4020 terra

416 4059 639 4132 JEgypti
672 4060 742 4112 ⁸³.
781 4078 800 4112 ι
829 4061 927 4114 Ast
972 4059 1071 4124 illi,
1100 4075 1407 4130 quanquam
1458 4071 1682 4117 nossent
1713 4061 1764 4114 id
1791 4074 1895 4112 non
1939 4059 2008 4113 ab

416 4153 598 4222 aliquo
623 4152 749 4219 alio,
783 4152 877 4207 sed
927 4167 957 4206 a
984 4151 1092 4206 Deo
1115 4153 1400 4222 insigniter
1451 4160 1684 4219 gestum,
1735 4147 2009 4201 nihilomi-

416 4261 519 4300 nus
555 4245 740 4300 vitulis
771 4243 1091 4300 manufactis
1121 4245 1322 4315 gratias
1360 4243 1689 4307 referebant,
1726 4249 1778 4296 et
1808 4255 1867 4295 se
1891 4255 2008 4293 mu-

420 4348 514 4391 tuo
567 4338 748 4393 nescio
796 4338 1069 4406 quomodo
1118 4339 1184 4391 ad
1248 4335 1554 4390 divinorum
1617 4334 2004 4387 miraculorum

414 4428 791 4484 excellentiam
817 4429 950 4498 ipsis
979 4427 1353 4483 ascrihendam
1384 4424 1834 4480 cohortabantur.
1861 4423 2006 4490 Qua-

419 4538 478 4575 re
537 4531 792 4590 tanquam
852 4522 976 4574 vino
1019 4521 1378 4574 Sodomorum
1447 4515 1744 4569 inebriatos
1780 4515 1827 4546 ⁸³
1868 4530 2003 4584 pene

2122 3876 2179 3930 '0
2212 3876 2310 3947 μὲν
2338 3877 2446 3948 γὰρ
2469 3877 2744 3949 ἐπάρατος
2776 3878 3082 3949 Ἱεροϐοάμ,
3111 3879 3206 3942 τὰς
3241 3879 3503 3950 δαμάλεις
3523 3881 3716 3947 αὐτοῖς

2109 3967 2443 4037 ἀναστήσας,
2479 3966 2720 4036 ἔφασκεν
2743 4006 2758 4030 ,
2798 3987 2816 4020 ι
2853 3960 3013 4022 Οῦτοι
3055 3971 3104 4021 oi
3149 3969 3260 4022 θεοί
3297 3987 3413 4035 σου,
3456 3971 3711 4042 Ἰσραὴλ,

2109 4058 2164 4110 οἵ
2190 4074 2338 4121 τινες
2369 4058 2646 4129 ἀνήγαγόν
2675 4076 2733 4112 σε
2769 4060 2834 4114 ὲκ
2859 4061 2962 4132 γῆς
2987 4061 3288 4130 Αἰγύπτου.
3325 4081 3344 4115 ι
3379 4064 3442 4116 Oi
3468 4063 3547 4130 δὲ,
3585 4064 3713 4117 καί-

2107 4164 2190 4201 τοι
2241 4147 2636 4216 γινώσκοντες,
2671 4149 2754 4202 ὃτι
2814 4150 2890 4220 μὴ
2925 4151 3114 4222 ἑτέρου
3169 4151 3348 4220 τινὸς,
3383 4152 3520 4208 ἀλλά
3565 4154 3710 4208 Θεοῦ

2107 4238 2446 4308 κατόρθωσις
2467 4235 2533 4309 ἦν
2561 4239 2621 4292 τὸ
2647 4239 2836 4311 χρῆμα
2864 4243 3071 4307 αὐτοῖς,
3109 4246 3501 4316 χειροκμήτοις
3529 4246 3711 4318 δαμά-

2106 4329 2223 4383 λεσι
2258 4334 2538 4402 προσῆγον
2570 4331 2637 4384 τὰ
2667 4334 3016 4405 χαριστήρια,
3053 4337 3148 4389 καὶ
3179 4337 3372 4400 αὑταῖς
3411 4338 3704 4406 ἀνάπτειν,

2105 4420 2206 4473 ούκ
2235 4416 2331 4473 οἶδ’
2362 4422 2510 4484 ὅπως
2530 4461 2545 4487 ,
2573 4422 2826 4494 ἀλλήλοις
2861 4425 3147 4480 ἀνέπειθον
3174 4427 3285 4480 τῶν
3311 4427 3472 4483 θείων
3504 4449 3707 4503 κατορο

2107 4512 2377 4581 θωμάτων
2407 4513 2505 4584 τὴν
2548 4516 2842 4588 ὑπεροχήν.
2895 4517 3128 4582 Οὐκοῦν,
3164 4519 3240 4583 ὡς
3271 4519 3330 4585 ἐξ
3363 4522 3506 4574 οίνου
3543 4523 3705 4577 Σοδό-

417 4609 686 4676 vulnerat,
718 4608 928 4676 dicens,
954 4611 1190 4676 seipsum
1239 4619 1362 4660 esse
1429 4605 1736 4672 manifeste,
1767 4607 1856 4674 qui
1889 4615 1942 4659 et
1969 4621 1998 4660 e

2116 4620 2220 4668 μων
2247 4603 2720 4675 μεμεθυσμένους,
2756 4607 3040 4678 μονονουχὶ
3072 4607 3343 4663 διανύττει
3371 4610 3548 4680 λέγων
3571 4628 3586 4641 ·
3617 4613 3702 4666 ὅτι

423 4719 443 4750 ι
470 4701 627 4755 domo
668 4699 946 4754 servitutis
969 4698 1047 4748 ⁸⁸»
1094 4711 1188 4750 eos
1218 4695 1490 4758 eduxerit,
1526 4703 1579 4748 et
1631 4710 1728 4765 per
1781 4694 1998 4767 Moysen

2116 4708 2156 4745 τε
2183 4693 2344 4758 αὐτὸς
2374 4695 2457 4765 εἴη
2490 4696 2698 4765 σαφῶς,
2748 4697 2776 4750 ό
2817 4697 2910 4750 καὶ
2944 4698 3001 4764 ἐξ
3033 4717 3051 4750 ι
3091 4699 3241 4752 οἴκου
3277 4700 3523 4764 δουλείας
3551 4721 3569 4754 ι
3612 4703 3702 4768 ἐξ-

417 4794 491 4844 ita
522 4791 894 4846 mandaverit:
937 4806 956 4840 ι
991 4787 1104 4844 Νοιι
1145 4796 1305 4841 erunt
1378 4787 1473 4840 tibi
1526 4787 1598 4841 dii
1655 4787 1746 4841 alii
1806 4797 2002 4857 praeter

2116 4783 2361 4854 ενεγκὼν,
2395 4787 2488 4838 καὶ
2533 4787 2919 4858 προστεταχὼς
2954 4789 3042 4843 διά
3079 4791 3347 4855 Μωσέως,
3376 4793 3452 4856 ὡς
3529 4812 3548 4844 ‹
3581 4796 3698 4849 Οὐκ

418 4886 685 4945 ιιιυδαςιρι
709 4881 883 4935 solum
911 4895 968 4935 se
993 4893 1115 4933 esse
1146 4879 1236 4948 qui
1277 4878 1472 4944 salvet,
1505 4887 1558 4934 et
1585 4879 1721 4934 citra
1760 4879 1999 4934 laborem

2116 4874 2318 4929 Ξσονταί
2351 4893 2434 4929 σοι
2475 4877 2588 4930 θεοὶ
2619 4878 2799 4949 ’ἑτεροι
2843 4881 2984 4952 πλὴν
3024 4881 3181 4952 ἐμοῦ,
3221 4902 3239 4933 ι
3291 4885 3388 4937 καὶ
3419 4889 3498 4939 ὅτι
3537 4889 3702 4956 μόνος

415 4971 582 5039 probe
610 4968 770 5024 faciat
809 4969 949 5037 quod
990 4967 1246 5034 voluerit;
1276 4982 1355 5034 se,
1394 4967 1488 5036 qui
1513 4968 1562 5022 in
1586 4968 1874 5024 solitudine
1905 4968 2003 5022 ali-

415 5063 654 5118 monium
719 5059 1016 5128 providerit
1073 5068 1126 5114 et
1179 5060 1232 5113 in
1282 5069 1424 5114 terra
1479 5060 1712 5125 deserta,
1768 5060 1910 5114 invia
1946 5069 2001 5115 et

417 5156 682 5224 iuaquosa
708 5150 882 5204 fontes
913 5164 1174 5219 aquarum
1195 5149 1514 5218 produxerit
1539 5150 1608 5215 ⁸⁷,
1644 5165 1841 5204 manna
1901 5152 1997 5205 de-

418 5243 704 5309 miserit",
725 5254 1024 5312 panemque
1049 5243 1358 5312 angelorum
1377 5242 1442 5297 de
1463 5243 1602 5298 casio
1625 5243 1904 5298 donaverit
1923 5243 1992 5307 ⁸⁸,

417 5347 473 5390 et
513 5338 689 5392 instar
721 5335 845 5390 boni
899 5335 1132 5404 pastoris
1185 5350 1280 5388 eos
1325 5335 1376 5389 in
1409 5335 1757 5400 abundantia,
1795 5351 1994 5390 secun~

2101 4968 2260 5032 αὐτὸς
2291 4969 2319 5020 ό
2348 4968 2536 5033 σώζων
2559 4971 2696 5035 ἐστὶ,
2726 4972 2819 5026 καὶ
2837 4973 3097 5046 ἀνιδρωτὶ
3123 4974 3406 5047 κατορθῶν
3427 4979 3536 5030 πᾶν
3559 4979 3699 5051 ὅπερ

2109 5059 2372 5129 βούλοιτο,
2418 5061 2577 5126 αὐτὸς
2605 5063 2633 5114 ὁ
2661 5065 3080 5136 τροφοφορήσας
3135 5066 3276 5120 κατά
3322 5066 3419 5136 τὴν
3466 5067 3696 5138 ἔρημον,

2106 5152 2198 5205 καὶ
2238 5153 2295 5204 ἐν
2330 5155 2398 5223 γῇ
2433 5154 2624 5224 ἐρήμῳ
2648 5196 2663 5221 ,
2717 5156 2814 5208 καὶ
2847 5155 3036 5227 ἀϐάτῳ
3059 5197 3073 5220 ,
3121 5157 3218 5210 καὶ
3260 5157 3475 5228 ἀνύδρῳ
3512 5158 3699 5228 πηγὰς

2109 5243 2208 5313 μὲν
2244 5243 2452 5298 ὑδάτων
2483 5246 2651 5311 ἀνεὶς,
2703 5247 2915 5310 καθιεὶς
2942 5248 3000 5301 δὲ
3052 5249 3111 5302 τὸ
3148 5249 3360 5320 μάννα,
3401 5251 3498 5303 καὶ
3529 5250 3696 5321 ἄρτον

2103 5336 2350 5404 ἀγγέλων
2399 5338 2457 5402 ἐξ
2499 5338 2727 5410 ούρανοῦ
2774 5339 3149 5412 δωρούμενος,
3184 5343 3278 5395 καὶ
3310 5342 3386 5406 ὠς
3433 5343 3492 5395 ὲν
3539 5343 3694 5408 τάξει

419 5430 546 5482 dum
609 5443 805 5498 pascua
839 5443 1051 5493 eorum,
1109 5431 1222 5482 sive
1272 5429 1568 5483 secundum
1628 5428 1993 5497 profectiones

2116 5430 2354 5499 ποιμένος
2391 5431 2598 5498 ἀγαθοῦ
2640 5432 2995 5487 καταϐόσκων
3016 5435 3098 5498 είς
3122 5434 3396 5507 εὐθηνίαν,
3427 5438 3571 5490 κατά
3597 5436 3693 5498 τὰς

418 5519 649 5587 paverit.
683 5516 825 5572 Nihil
873 5516 1069 5587 quippe
1092 5520 1356 5572 bonorum
1390 5517 1632 5572 omnium
1687 5518 1736 5570 in
1776 5518 1992 5572 deserto

487 5713 533 5746 “
573 5713 701 5781 Sap.
741 5730 861 5781 xm,
902 5715 969 5780 ὅς
1009 5715 1164 5772 Rom.
1193 5730 1231 5779 ι,
1270 5714 1362 5774 ‘20.

419 5800 590 5851 xxxii,
629 5788 715 5841 52.
793 5788 838 5818 ⁸³
879 5786 1046 5841 Exod.
1090 5802 1209 5853 xm,
1250 5787 1302 5840 5.

1471 5717 1516 5747 ⁸¹
1561 5716 1714 5770 Deut.
1748 5733 1819 5782 ιν,
1866 5719 1952 5772 19.

2064 5723 2109 5754 ’³
2149 5722 2283 5777 Gen.
2327 5739 2363 5784 ι,
2402 5724 2582 5778 ι.ι.ι7.

1377 5786 1422 5817 ⁸⁸
1448 5788 1613 5840 Exod.
1658 5803 1748 5854 xx,
1785 5791 1835 5843 5.
1914 5792 1956 5822 ετ
1999 5791 2134 5848 Ps;;l.
2180 5809 2312 5859 Lm,
2345 5795 2396 5849 3.

2099 5521 2270 5590 νομὰς
2327 5523 2526 5588 αὐτῶν,
2571 5523 2690 5594 ἤτοι
2755 5523 2855 5588 τὰς
2911 5525 3201 5598 ἀπάρσεις.
3249 5527 3540 5592 Ἀνενδεεῖς
3582 5527 3691 5600 γὰρ

2695 5727 2741 5759 ⁸³
2778 5728 2842 5783 ΙΙΙ
2890 5729 3020 5794 Reg.
3069 5747 3166 5795 xu,
3209 5732 3300 5787 2,9.
3409 5734 3452 5765 ⁸⁵
3496 5733 3646 5788 Dent.

2475 5797 2519 5826 ⁸⁸
2562 5797 2728 5852 Exod.
2771 5816 2882 5866 xw,
2925 5801 3011 5854 Η.
3087 5804 3130 5834 ⁸9
3171 5802 3312 5859 ΡδιιΙ.
3356 5820 3560 5870 Lxxvtl,
3590 5802 3678 5860 55.
