3982 6456
243 361 351 420 505

1184 351 1742 413 COMMENTARIUS
1782 352 1846 408 IN
1891 350 2123 410 OSEAM
2166 347 2614 408 PROPHETAM.

3436 331 3541 394 336

242 471 383 547 ἦσαν
420 475 628 539 παντὸς
655 474 867 545 ἀγαθοῦ
896 472 1037 529 κατὰ
1057 472 1158 544 τὴν
1189 471 1397 544 ἔρημον
1425 472 1475 525 οἰ
1506 472 1567 536 ἐξ
1594 469 1815 541 Ἰσραὴλ
1837 508 1851 533 ,

1985 470 2084 526 iliis
2111 467 2279 525 Israel
2313 464 2505 531 defuit,
2538 456 2886 533 quantumvis
2934 454 3116 510 locum
3158 451 3277 505 loco
3332 460 3544 515 semper

244 567 427 623 καίτοι
456 568 661 631 τόπους
690 570 758 622 ὲκ
781 568 965 622 τόπων
983 567 1073 620 ἀεὶ
1103 564 1550 637 μεταμείϐοντες,
1581 564 1678 617 καί⁸
1699 565 1756 616 ὲν
1778 564 1850 634 γῇ

245 658 479 730 τραχείᾳ
506 660 601 712 ml
627 660 869 731 ἀκάρπῳ
893 656 1370 727 καταυλιζόμενοι.
1401 656 1521 728 Χρὴ
1542 656 1606 727 δὴ
1631 652 1724 709 οὖν
1746 655 1855 726 ἄρα

249 751 569 821 μεμνῆσθαι
617 751 709 805 διὰ
755 750 959 813 παντὸς
981 791 997 816 ,
1026 742 1102 803 ὧν
1141 747 1207 801 ἂν
1240 748 1458 820 ἔχοιμεν
1490 748 1644 819 παρά
1672 746 1809 801 Θεοῦ
1836 788 1850 812 ,

248 844 341 895 καὶ
376 843 484 915 τὴν
531 844 627 897 ἐπὶ
673 842 885 906 τούτοις
913 841 1124 912 λήθην,
1154 841 1231 905 ὡς
1278 842 1535 895 ἀποτάτω
1582 839 1856 893 ποιεῖσθαι

251 934 431 1002 φιλεῖν
480 935 584 1006 τῆς
621 936 837 990 ἑαυτῶν
885 934 1155 999 διανοίας,
1193 934 1269 996 ὼς
1298 932 1522 1004 ὀλέθρου
1571 932 1854 1004 πρόξενον,

252 1025 344 1077 καὶ
392 1025 747 1097 παροτρύνον
793 1027 874 1088 εἰς
920 1025 1301 1094 ἀγανάκτησιν
1342 1023 1435 1077 τὸν
1462 1022 1684 1093 ἀπάσης
1726 1024 1858 1093 ἡμῖν

253 1117 562 1189 εὐημερίας
591 1118 797 1189 δοτῆρα
820 1116 976 1170 Θεόν.
993 1115 1055 1171 Ὀ
1081 1114 1189 1187 γὰρ
1213 1113 1530 1185 ἀχάριστος,
1563 1113 1660 1166 καὶ
1691 1111 1858 1183 βλάσ-

256 1230 461 1284 φημος,
497 1213 646 1267 κατά
666 1230 730 1282 γε
760 1213 823 1266 τὸ
851 1212 960 1265 ὑπό
981 1228 1077 1265 του
1108 1206 1290 1279 σοφῶς
1317 1207 1629 1279 εἰρημένον.

322 1306 436 1360 Kal
470 1306 956 1374 ἐνεπλήσθησαν
986 1306 1075 1370 εἰς
1126 1301 1519 1371 πλησμονὴν,
1557 1300 1656 1354 καί
1690 1297 1858 1367 ὑψώ-

255 1402 459 1464 θησαν
490 1401 552 1452 αὶ
589 1396 826 1466 καρδίαι
872 1395 1111 1461 αὐτῶν,
1162 1395 1344 1448 ἕνεκα
1386 1393 1603 1445 τούτου
1645 1388 1863 1444 ἐπελά-

255 1490 437 1543 θοντό
463 1506 612 1558 μου.

325 1579 459 1634 PN’.
504 1580 720 1651 Ὠσπερ
745 1580 795 1633 οἱ
826 1579 936 1634 τῶν
969 1578 1170 1651 ἰατρῶν
1207 1580 1594 1650 ἐμπειρότατοι
1623 1578 1725 1642 τὰς
1752 1578 1862 1631 τῶν

258 1670 590 1743 νοσημάτων
615 1667 673 1726 εὖ
713 1672 860 1743 μάλα
888 1670 1351 1744 περιαρθροῦντες
1387 1672 1587 1737 αἰτίας,
1616 1672 1730 1733 τοῖς
1756 1670 1865 1725 ἀπὸ

257 1765 357 1831 τῆς
407 1764 613 1836 τέχνης
660 1767 1105 1837 ὲπικουρήμασιν
1155 1765 1486 1819 ἀνακόπτειν
1532 1764 1860 1832 ἐπάγονται·

1958 568 2254 627 mutarent,
2292 567 2347 614 et
2373 559 2425 610 in
2462 565 2606 611 terra
2632 550 2854 608 horrida
2882 554 3044 617 atque
3078 541 3416 613 infructuosa
3447 549 3543 591 ca-

1957 662 2432 711 strametarentur.
2457 648 2685 717 Semper
2737 644 2903 714 igitur
2933 647 3154 705 accepta
3186 649 3213 691 a
3248 632 3356 687 Deo
3404 631 3546 684 b0na

1958 748 2013 803 in
2045 745 2307 803 memoria
2335 743 2584 797 habenda
2614 746 2762 802 sunt,
2805 733 2965 805 183
2998 741 3300 797 eorumque
3346 722 3551 780 oblivio

1956 856 2120 913 quam
2195 835 2507 907 longissime
2577 829 2887 901 repellenda
2918 826 2986 880 ab
3022 824 3225 887 animo,
3291 817 3549 888 quoniam

1956 933 2182 990 exitium
2234 929 2399 999 parit,
2451 936 2505 982 et
2544 923 2712 978 Deum
2762 921 2939 977 omnis
3013 927 3215 973 nostrae
3276 909 3555 967 felicitatis

1958 1032 2237 1080 auctorem
2263 1021 2328 1075 ad
2362 1016 2787 1086 indignationem
2818 1018 3097 1079 provocat.
3137 1006 3379 1075 Ingratus
3409 1000 3555 1055 enim

1957 1117 2124 1171 etiam
2148 1122 2233 1169 est
2274 1085 2648 1180 blasphemus,
2691 1114 2811 1158 uta
2840 1099 3077 1169 quodam
3126 1093 3405 1163 sapienter
3468 1085 3554 1140 die

1959 1219 2105 1266 ctum
2132 1215 2237 1261 est.

2035 1299 2196 1355 Vsus.
2223 1297 2275 1353 6.
2316 1294 2381 1349 Et
2417 1292 2601 1363 repleti
2622 1298 2745 1346 sunt
2772 1285 3072 1346 saturitate,
3098 1290 3146 1335 et
3175 1276 3408 1333 exaltata
3435 1279 3555 1327 sunt

1962 1396 2125 1451 corda
2157 1406 2335 1448 eorum
2361 1404 2379 1442 :
2406 1395 2615 1455 prapter
2645 1384 2741 1437 hoc
2787 1377 3072 1433 ablitisunt
3113 1372 3233 1425 mei.

2034 1571 2143 1629 CL.
2187 1563 2653 1637 Quemadmodum
2700 1554 3034 1613 medicorum
3093 1537 3559 1616 experientissinti

1972 1662 2387 1736 diligentissime
2416 1650 2828 1720 circumspectis
2861 1645 3176 1700 morborum
3212 1635 3412 1697 causis,
3466 1645 3562 1685 eos

1969 1723 2186 1815 auxiliis
2248 1754 2317 1809 ab
2356 1759 2475 1805 arte
2524 1744 2709 1818 petitis
2755 1738 3025 1809 depellere
3067 1729 3431 1789 contendunt:
3487 1723 3564 1777 ita

269 1814 355 1831 ”“⁸’
422 1814 610 1836 ⁷”Α’”⁸’⁸
664 1814 1096 1837 """"r'|r‘"‘"
1158 1814 1477 1819 """""""
1536 1814 1825 1832 "V"l"""

262 1854 405 1910 κατὰ
432 1855 530 1909 τὸν
555 1855 744 1922 αὐτὸν,
780 1853 960 1927 οἶμαι,
983 1857 1187 1928 τρόπον
1214 1858 1310 1911 καὶ
1344 1857 1372 1908 ὁ
1414 1855 1525 1910 τῶν
1558 1856 1693 1909 ὅλων
1732 1855 1865 1920 Θεὸς

1985 1866 2099 1908 sane
2127 1847 2505 1905 universorum
2565 1839 2731 1903 Deus,
2766 1840 3003 1889 mentem
3066 1833 3119 1880 et
3147 1838 3244 1879 cor
3305 1814 3564 1884 introSpi-

258 1949 338 2010 εἰς
375 1944 507 2001 νοῦν
556 1946 689 2016 ἔσω,
729 1920 852 2001 καί
897 1920 1124 2019 καρδίαν
1154 1948 1318 2020 ὁρῶν,
1356 1948 1455 2013 τὰς
1502 1947 1612 2001 τῶν
1640 1949 1699 2002 ἐν
1732 1948 1864 2020 ήμῖν

1985 1948 2140 2007 :iens,
2163 1956 2359 1999 causas
2388 1937 2703 1992 morborum
2734 1939 3047 1986 nostrorum
3097 1925 3490 1992 perscrutatur,
3511 1920 3569 1967 ct

263 2039 455 2097 παθῶν
506 2009 692 2104 αἰτίας
739 2009 1199 2113 περιεργάζεται,
1233 2009 1377 2094 οὕτω
1419 2009 1478 2094 τε
1524 2040 1713 2094 λοιπὸν
1753 2009 1869 2105 τοῖς

1993 2048 2047 2094 ta
2104 2038 2317 2094 demum
2359 2036 2621 2103 aegrotum
2676 2025 2918 2079 animum
2974 2009 3387 2072 medicamentis
3436 2020 3570 2060 conr

264 2131 569 2204 καθήκουσι
605 2151 673 2186 πε
684 2098 963 2204 ριστελλεί
979 2098 1296 2206 φαρμάκοις
1317 2134 1409 2187 τὸν
1432 2098 1869 2205 ἀρρωστήσαντα

1985 2129 2325 2188 venientibus
2389 2098 2669 2193 componit.
2756 2131 2822 2171 ac
2874 2110 3051 2169 sanat.
3106 2104 3349 2175 Castigat
3404 2098 3570 2168 igitur

264 2196 410 2277 νοῦν.
447 2196 705 2278 Αἰτιᾶται
753 2224 937 2278 τοίνυν
967 2196 1110 2287 τοὺς,
1137 2224 1197 2291 ἐξ
1257 2196 1618 2295 Ἰσραήλ-ζὼς
1663 2196 1728 2278 έκ
1768 2224 1871 2295 τῆς

1985 2222 2268 2287 lsraelitas,
2308 2217 2401 2290 qui
2422 2232 2492 2271 ex
2516 2213 2678 2269 rebus
2700 2206 2991 2265 admodum
3022 2196 3342 2255 ﬂorentibus
3395 2200 3449 2246 et
3483 2203 3570 2245 se-

265 2318 404 2384 ἀγαν
434 2316 751 2387 εὐημερίας
774 2317 911 2388 πρὸς
944 2315 1115 2388 λήθην
1145 2315 1541 2387 ὲνηνεγμένους
1566 2315 1661 2369 τοῦ
1693 2316 1872 2369 πάντα

266 2408 449 2471 αὐτοῖς
482 2407 851 2479 χορηγοῦντος
879 2408 950 2460 τά
990 2406 1216 2479 ζωαρκῆ
1241 2425 1255 2439 ·
1303 2409 1399 2462 καὶ
1444 2407 1514 2462 τὰ
1557 2408 1769 2479 ὅσαπερ
1802 2407 1871 2462 ἂν

268 2498 547 2568 φαίνοιντο
570 2495 1060 2568 καταλαμπρύνειν
1101 2496 1296 2550 εἰδότα·
1328 2496 1518 2550 καίτοι
1536 2510 1874 2568 προηγορευ-

268 2590 423 2653 κότος
442 2588 550 2669 ,τοῦ
589 2588 760 2659 νόμου
804 2588 1015 2656 σαφῶς·
1050 2605 1070 2639 ι
1119 2585 1362 2657 Πρόσεχε
1391 2586 1624 2656 σεαυτῷ,
1659 2584 1734 2657 μὴ
1757 2587 1875 2638 ἐπι-

269 2682 405 2753 λάϐῃ
442 2680 661 2755 Κυρίου
688 2678 785 2733 τοῦ
816 2678 953 2733 Θεοῦ
993 2695 1111 2743 σου,
1138 2675 1234 2730 τοῦ
1265 2676 1341 2747 μὴ
1381 2674 1615 2744 φυλάξαι
1652 2674 1753 2738 τὰς
1790 2676 1876 2727 ἐν·

269 2773 428 2837 τολὰς
475 2771 675 2837 αὐτοῦ,
718 2772 815 2825 καὶ
866 2770 937 2824 τά
970 2770 1239 2841 κρίματα,
1288 2767 1383 2820 ml
1419 2766 1487 2820 τὰ
1530 2764 1877 2837 δικαιώματα

273 2864 460 2929 αὐτοῦ,
490 2865 595 2917 ὅσα
625 2861 739 2932 ἐγὼ
773 2862 1090 2933 ἐντέλλομαί
1116 2878 1199 2914 σοι
1234 2860 1502 2931 σήμερον.
1531 2856 1626 2929 Μὴ
1661 2857 1874 2927 φαγὼν,

273 2958 365 3013 ml
390 2956 756 3029 ἐμπλησθεὶς,
787 2956 883 3009 ml
924 2954 1102 3018 οἰκίας
1145 2953 1317 3016 καλάς
1358 2951 1744 3022 οἰκοδομήσας,
1781 2950 1878 3004 ml

274 3050 619 3121 κατοικήσας
652 3050 711 3101 ὲν
750 3048 965 3113 αὐταῖς,
1001 3046 1097 3099 ml
1122 3045 1232 3101 τῶν
1283 3043 1574 3116 προϐάτων
1620 3058 1734 3108 σου,
1784 3041 1880 3096 ml

1973 2315 2166 2372 cundis
2186 2283 2367 2369 omnia
2401 2307 2534 2380 ipsis
2575 2304 2700 2358 vitae
2747 2296 2996 2371 praesidia
3045 2283 3463 2360 suppeditantis,
3518 2289 3574 2333 et

1974 2408 2389 2481 quibuscunque
2420 2394 2730 2467 conspicuis
2756 2392 2934 2447 lucem
2977 2399 3132 2442 suam
3170 2382 3299 2436 dare
3349 2372 3574 2429 scientia

1974 2469 2127 2557 obliti
2166 2469 2317 2562 sint;
2348 2504 2661 2564 quanquam
2705 2483 2868 2542 claris
2898 2479 3078 2536 verbis
3099 2475 3304 2530 lexeos
3326 2469 3399 2523 ita
3434 2478 3572 2534 prae-

1975 2554 2296 2649 monuerit;
2336 2554 2532 2639 {eave
2557 2578 2675 2643 tibi,
2701 2590 2769 2631 ne
2815 2567 3158 2629 obliviscaris
3217 2557 3429 2617 Domini
3482 2554 3576 2610 Dei

1976 2684 2077 2751 tui,
2114 2689 2175 2737 ut
2207 2692 2317 2734 non
2338 2672 2617 2731 custodias
2642 2666 2897 2724 mandata
2935 2660 3076 2731 ejus,
3114 2665 3169 2712 et
3203 2651 3405 2725 judicia
3435 2647 3575 2715 ejus,

1976 2736 2472 2843 iii—iustiﬁcationes
2501 2761 2640 2833 ejus,
2675 2766 3014 2828 quaecunque
3034 2740 3421 2843 egotprazcipio
3480 2736 3576 2791 tibi

1978 2831 2158 2920 hodie.
2212 2858 2290 2915 Ne
2324 2831 2614 2927 postquam
2657 2846 2993 2910 comederis,
3016 2850 3071 2898 et
3101 2839 3329 2895 satiatus
3385 2831 3575 2893 fueris,

1977 2965 2031 3012 et
2083 2954 2273 3010 domos
2315 2922 2575 3021 pulcbras
2618 2937 3003 3003 aaditicaveris,
3048 2940 3104 2989 et
3154 2922 3579 2987 habitaveris‘in

1978 3047 2081 3111 eis,
2115 3052 2171 3100 et
2195 3012 2387 3098 ovibus
2428 3038 2538 3093 tuis
2588 3044 2643 3091 et
2670 3031 2844 3089 bobus
2872 3028 2981 3083 tuis
3036 3017 3411 3092 multiplicatis
3462 3012 3582 3077 tibi,

273 3145 382 3198 τῶν
423 3117 579 3213 βοῶν
631 3159 727 3195 σου
780 3139 1201 3211 πληθυνθέντων
1267 3156 1386 3204 σοι,
1435 3136 1731 3209 ἀργυρίου,
1785 3134 1874 3188 ml

1985 3146 2209 3209 argento
2229 3142 2284 3190 et
2312 3146 2448 3188 auro
2468 3124 2838 3196 multiplicatis
2865 3120 2985 3185 tibi,
3021 3117 3265 3174 elevetur
3297 3124 3394 3166 cor
3426 3117 3582 3160 tuum

276 3204 511 3310 χρυσίου
567 3204 991 3307 πληθυνθέντων
1044 3249 1149 3298 σοι,
1200 3231 1295 3284 ml
1345 3204 1563 3285 πάντων
1588 3204 1749 3283 ’ὅσων
1798 3245 1874 3282 σοι

1988 3204 2412 3285 οινοιιιίνίεοοιίε
2442 3220 2652 3278 Domini
2678 3217 2774 3273 Dei
2808 3215 2919 3281 tui;
2943 3211 3033 3281 qui
3061 3206 3247 3264 eduxit
3276 3213 3327 3259 te
3348 3204 3413 3257 de
3441 3208 3586 3254 terra

275 3292 431 3384 ἔσται
459 3292 887 3400 πληθυνθέντων
921 3342 1028 3389 σοι,
1060 3292 1279 3395 ὑψωθῇς
1317 3326 1386 3395 τῇ
1414 3321 1612 3394 καρδίᾳ
1642 3338 1759 3385 σου,
1786 3320 1874 3375 ml

1985 3321 2226 3393 Egypti,
2260 3334 2326 3374 ex
2360 3317 2523 3373 domo
2552 3310 2861 3374 servitutis;
2887 3304 2979 3376 qui
3006 3301 3159 3359 duxit
3186 3308 3239 3353 te
3277 3311 3373 3366 per
3403 3292 3588 3347 deser-

275 3423 517 3496 ἐπιλάϐῃ
544 3420 761 3495 Κυρίου
786 3420 881 3473 τοῦ
904 3418 1040 3473 Θεοῦ
1071 3435 1187 3481 σου,
1215 3416 1311 3470 τοῦ
1340 3416 1700 3485 ἐξαγαγόντος
1727 3431 1787 3467 σε
1818 3413 1884 3466 ὲκ

274 3517 380 3587 γῆς
412 3514 723 3583 Αἰγύπτου,
766 3513 827 3579 ἐξ
854 3513 1007 3566 οἴκου
1052 3510 1296 3574 δουλείας
1319 3527 1333 3541 ·
1366 3508 1461 3562 τοῦ
1493 3508 1792 3576 ἀγαγόντος
1824 3523 1885 3560 σε

276 3608 363 3662 διὰ
385 3608 492 3677 τῆς
520 3608 758 3678 ἐρήμου,
791 3606 893 3676 τῆς
940 3603 1185 3674 μεγάλης
1214 3603 1309 3655 καὶ
1349 3601 1449 3672 τῆς
1479 3599 1716 3670 φοϐερᾶς
1745 3597 1886 3653 ὲκεί-

278 3717 375 3771 νης
436 3691 502 3753 o6
545 3699 669 3769 διρις
697 3698 932 3759 δάκνων,
961 3695 1056 3750 ml
1085 3694 1366 3766 σκορπίος,
1400 3692 1497 3745 ml
1517 3690 1665 3761 δίψα,
1697 3684 1757 3745 οῦ
1786 3691 1888 3760 οὐχ

279 3790 451 3862 ὕδωρ.
498 3808 519 3841 ι
556 3791 713 3860 Ἔχει
749 3787 859 3859 γὰρ
890 3788 991 3840 οὐκ
1025 3786 1298 3848 ἀνικάνως
1341 3783 1427 3838 ἀεί
1478 3800 1596 3846 πως
1621 3784 1653 3853 ἡ
1682 3780 1887 3853 τρυφὴ,

281 3885 376 3938 ml.
407 3884 471 3937 τὸ
492 3882 786 3953 ἀδοκήτοις
812 3882 1003 3947 τιμαῖς
1036 3875 1455 3949 ὲναϐρύνεσθαι,
1490 3874 1584 3928 ml
1608 3875 1687 3938 εἰς
1719 3873 1891 3944 λήθην

1988 3424 2101 3470 tum
2117 3426 2392 3483 magnum,
2422 3417 2477 3463 et
2503 3402 2743 3461 terribile
2767 3399 2917 3464 illud,
2940 3396 3031 3453 ubi
3054 3405 3280 3462 serpens
3306 3386 3586 3445 mordens,

1988 3517 2043 3563 ct
2091 3476 2326 3574 scorpio,
2378 3476 2439 3556 et
2488 3499 2696 3568 dipsas,
2744 3493 2835 3549 ubi
2859 3505 2964 3546 non
2982 3495 3100 3543 erat
3121 3482 3372 3554 aqua”.i
3402 3476 3589 3530 Luxus

1989 3600 2155 3666 enim,
2180 3608 2237 3654 et
2263 3597 2526 3651 bonorum
2552 3592 3042 3657 inexspectatorum
3055 3576 3310 3649 Splendor
3330 3570 3462 3627 satis
3476 3582 3594 3623 ma-

1989 3707 2148 3764 gnam
2164 3692 2268 3745 vim
2288 3689 2574 3752 habent,ut
2592 3682 2755 3741 nosiu
2770 3677 3096 3736 oblivionem
3116 3668 3208 3726 Dei
3228 3665 3521 3723 abducant,
3537 3668 3594 3713 et

1993 3755 2059 3839 ad
2073 3783 2286 3853 quidvis
2310 3781 2646 3851 illegitimum
2662 3777 2960 3831 humanum
2978 3767 3221 3823 animum
3269 3755 3590 3814 dissolvam.

1994 3877 2074 3931 Ad
2088 3844 2460 3944 probationem
2478 3868 2728 3933 suﬂiciet,
2743 3850 3374 3925 utexistimo,lsrael,qui
3386 3844 3598 3904 resiluit

283 3976 435 4047 ἡμᾶς
468 3943 779 4044 ἀποφέρειν
807 3943 964 4037 Θεοῦ,
987 3943 1094 4024 καὶ
1131 3943 1269 4042 πρὸς
1298 3970 1407 4022 πᾶν
1445 3967 1623 4022 ὁτιοῦν
1666 3943 1780 4021 τῶν
1804 3968 1874 4021 ὲκι

1996 3976 2051 4025 et
2082 3943 2359 4022 felicitatis
2390 3977 2501 4017 suae
2550 3959 2762 4039 copiam
2794 3965 2902 4010 tam
2952 3950 3136 4023 gravis
3201 3943 3374 4001 morbi
3434 3952 3596 3994 occa~

285 4072 472 4122 τόπων
537 4065 853 4120 κατασείειν
903 4062 1166 4118 δύνασθαι
1224 4062 1315 4116 τὸν
1375 4060 1714 4134 ἀνθρώπινον
1746 4059 1891 4114 νοῦν.

1999 4064 2204 4119 sionem
2234 4058 2461 4114 invenit.
2488 4054 2784 4109 Lubricum
2831 4048 2997 4118 igitur
3055 4041 3339 4113 quiddam,
3381 4043 3439 4089 et
3480 4045 3600 4085 tuo-

298 4157 557 4229 Ἀρκὲσει
604 4155 685 4220 δὲ,
736 4150 914 4226 οῐμαι,
963 4152 1100 4226 πρὸς
1153 4151 1374 4221 ἔλεγχον
1420 4121 1874 4221 ἀποσκιρτήσαςι

2002 4153 2188 4209 dcratu
2246 4146 2459 4203 diﬂicile
2497 4160 2587 4201 res
2646 4142 2802 4207 Italae,
2837 4146 2892 4194 et
2943 4133 3099 4205 quasi
3156 4129 3243 4184 via
3310 4125 3467 4196 plana
3529 4121 3599 4173 ad

302 4217 547 4325 Ἰσραὴλ,
592 4217 690 4304 καί
717 4217 907 4320 τὸτῆς
937 4217 1239 4319 εὐημερίας
1256 4217 1482 4308 ⁷πλόιτος
1510 4243 1610 4312 τῆς
1631 4217 1874 4304 εἰς-τοῦτ

2005 4242 2415 4300 defectionema
2450 4238 2580 4293 Deo.
2624 4232 2790 4288 Multo
2832 4238 3011 4283 autem
3073 4222 3266 4278 melior
3320 4217 3597 4272 moderata

291 4308 491 4415 δεινῆς.
506 4308 825 4414 ἀρρωστίας
862 4308 1171 4411 εῦράμενος
1197 4308 1476 4407 ἀφορμήν.
1505 4308 1784 4404 Σιραλερὸν
1807 4324 1874 4384 06‘

2008 4334 2303 4400 tribulatio,
2336 4329 2481 4401 quod
2510 4334 2821 4383 sanctorum
2852 4334 3016 4377 voces
3047 4315 3203 4371 nobis
3231 4308 3596 4365 testabuutur.

294 4438 403 4505 άρα
429 4404 559 4488 ’καὶ-
585 4404 971 4501 δυσδιοίκητον
1072 4404 1259 4500 τρυφή
1304 4404 1399 4482 καὶ
1429 4424 1548 4478 λεία
1593 4441 1678 4487 τις
1708 4422 1874 4493 ὥσπει

2006 4429 2097 4483 Ait
2135 4426 2277 4481 enim
2303 4424 2522 4494 quidam
2554 4437 2568 4474 :
2612 4438 2630 4471 ι
2654 4416 2900 4479 Domine,
2931 4412 2983 4465 in
3015 4404 3364 4464 tribulatione
3396 4413 3601 4454 memo-

296 4491 414 4592 ὁδὸς
466 4529 550 4590 εἰς
597 4491 902 4578 ἀπόστασίν
943 4491 1044 4592 τὴν
1244 4491 1402 4572 Θεοῦ.
1455 4516 1616 4590 Παρὰ
1671 4513 1807 4568 πολὺ
1846 4491 1874 4566 δ’

2010 4534 2098 4573 res
2124 4491 2335 4571 ιυιυωέ
2350 4514 2445 4567 tui.
2483 4510 2540 4564 lu
2603 4505 2949 4562 tribulatione
2986 4514 3150 4569 parva
3192 4491 3474 4563 castigatio
3510 4501 3601 4542 tua

296 4580 547 4689 ἀμείνων
580 4617 613 4687 ἡ
653 4615 971 4686 σύμμετρος
999 4580 1214 4682 ¹θλίψις.
1252 4580 1625 4663 Πιστώσονται
1662 4607 1721 4660 δὲ
1765 4606 1872 4677 πρὸ

2010 4608 2166 4665 nobis
2202 4649 2215 4665 .
2251 4625 2269 4659 ι
2331 4600 2777 4673 Sapientissimus
2815 4607 2946 4648 vero
2996 4588 3193 4645 Paulus
3243 4584 3421 4640 omnis
3475 4580 3603 4635 boni

296 4675 458 4765 τοῦτο
498 4675 650 4780 ήμάς
701 4675 900 4761 aier
942 4675 1127 4774 ἀγίων-
1162 4702 1361 4773 φωναί.
1429 4702 1488 4754 ’0
1531 4699 1630 4771 μὲν
1670 4700 1777 4770 γάρ
1815 4675 1872 4751 τι

2006 4701 2241 4757 radicem
2276 4708 2330 4753 et
2358 4695 2619 4764 originem
2652 4689 2806 4744 nobis
2860 4682 3263 4740 tribulationem
3298 4675 3601 4745 proposuit,

300 4769 555 4873 Ecpaaxs':
592 4769 642 4853 ti
671 4800 868 4871 Κύριε,
921 4769 1000 4852 ἐν-
1030 4769 1208 4866 θλίψει
1260 4769 1615 4866 ἐμνήσθημεν
1674 4769 1804 4844 σου·
1848 4791 1873 4843 ὲ

2008 4807 2131 4848 cum
2186 4790 2362 4843 dixit:
2396 4783 2559 4855 184
2580 4783 2603 4833 ἰ
2633 4776 2936 4834 Tribulatio
2962 4769 3280 4843 patientiam
3325 4772 3603 4834 operatur,

302 4862 483 4968 θλίψει
526 4898 699 4967 μικρᾷ
729 4862 773 4965 ἡ¹
798 4862 1015 4947 παιδεία
1054 4862 1147 4945 σου
1183 4862 1334 4964 ἡμῖν.
1375 4862 1399 4942 ι-
1439 4862 1588 4942 Ὁνδέ
1621 4903 1686 4955 γε
1730 4883 1874 4953 σοφώ

2006 4881 2266 4952 patientia
2296 4888 2475 4931 autem
2512 4872 2909 4944 probationem,
2970 4862 3220 4935 probatio
3251 4873 3426 4929 spem.
3479 4867 3605 4922 spes

300 5007 463 5054 τατος
513 4988 749 5054 Παῦλος,
800 4986 1004 5049 παντὸς
1050 4986 1183 5054 ἡμῖν
1231 4981 1441 5052 ἀγαθοῦ
1494 4980 1651 5052 ῥίζαν
1684 4972 1874 5048 οἷάπερ

2009 4985 2190 5029 autem
2230 4985 2339 5025 non
2376 4964 2740 5023 confundit“.
2785 4980 2804 5013 ι
2847 4957 3034 5013 Psallit
3070 4962 3125 5009 et
3175 4951 3371 5007 alicubi
3408 4950 3599 5001 beatus

304 5087 399 5139 ml
444 5084 685 5153 γένεσιν,
708 5040 819 5153 ’τὴν
848 5040 1027 5151 θλίψίν
1056 5040 1246 5141 ἐτίθει,
1273 5040 1447 5144 λέγων
1472 5040 1506 5107 ο,
1530 5040 1576 5126 ι-
1618 5073 1682 5125 Ἦ
1726 5040 1872 5140 θλίψί

2015 5064 2211 5122 David:
2239 5081 2257 5114 ι
2286 5062 2490 5116 Bonum
2519 5058 2651 5112 mihi
2696 5054 2822 5123 quia
2852 5047 3147 5106 humiliasti
3177 5060 3285 5112 me,
3316 5051 3376 5097 ut
3398 5040 3608 5095 discam

306 5150 588 5247 ὑπομονὴν
616 5150 1042 5245 κατεργάζεται,
1076 5172 1110 5243 ή
1142 5170 1197 5223 δὲ
1225 5168 1472 5239 ὑπομονὴ
1502 5164 1753 5236 δοκιμὴν,
1787 5164 1820 5234 ὴ
1848 5162 1874 5214 δ

2007 5155 2423 5230 justiticatioues
2448 5160 2565 5205 tuas
2589 5150 2656 5201 θ’.
2686 5167 2705 5199 ι

305 5223 506 5340 δοκιιμὴ
544 5223 894 5338 ’ἑλπίδαῖιήῗ
924 5266 980 5319 δὲ
1011 5223 1169 5328 ἐλπὶς
1212 5262 1274 5317 οὐ
1337 5223 1781 5329 ’καταισχύνείίι
1808 5223 2031 5310 usus}
2094 5251 2151 5304 δέ
2201 5266 2306 5303 που
2336 5246 2430 5301 καὶ
2472 5246 2500 5298 ὁ
2544 5240 2832 5303 θεσπέσιος
2870 5235 3067 5292 Δαϐίδ·
3129 5251 3148 5285 ‹
3202 5223 3431 5297 Ἀγαθόν
3506 5236 3608 5290 μου

307 5363 389 5417 ὅτι
436 5361 814 5425 ὲταπείνωσάς
862 5379 952 5432 με,
992 5361 1142 5424 ὅπως
1173 5358 1239 5412 ἂν
1274 5358 1431 5429 μάθω
1460 5356 1529 5409 τὰ
1554 5351 1903 5424 δικαιώματά
1928 5368 2042 5405 σου.
2084 5368 2102 5400 ι

2090 5440 2254 5494 Vsus.
2288 5438 2342 5503 7,
2366 5437 2420 5492 8.
2450 5435 2513 5489 Et
2537 5450 2623 5489 ero
2647 5434 2721 5488 eis
2747 5430 2900 5501 quasi
2934 5425 3210 5497 panthera,
3238 5428 3284 5472 et
3315 5416 3451 5471 sicut
3486 5432 3609 5482 par-

2020 5534 2175 5589 dalis.
2202 5530 2306 5584 Per
2343 5530 2480 5583 viam
2508 5525 2846 5595 Assyriorum
2895 5530 3166 5572 occurram
3199 5512 3270 5566 eis
3299 5511 3433 5563 sicut
3484 5524 3610 5560 ursa

2020 5629 2281 5697 indigens,
2318 5623 2710 5691 etdisrumpam
2741 5612 3127 5670 conclusionem
3177 5606 3352 5662 cordis
3402 5617 3607 5658 eorum.

380 5457 491 5511 Kal
523 5455 741 5525 ἔσομαι
773 5454 979 5520 αὐτοῖς
1017 5454 1097 5520 ὡς
1141 5450 1403 5521 πάνθηρ,
1445 5450 1544 5503 καὶ
1575 5450 1655 5515 ὠς
1685 5446 1911 5517 πάρδα-

314 5555 425 5616 λις.
460 5550 626 5604 Κατὰ
657 5547 774 5615 τὴν
795 5547 941 5601 ὁδὸν
982 5545 1327 5614 Ἀσσυρίων·
1352 5541 1778 5608 ἀπαντήσομαι
1807 5539 1913 5591 αὺ-

317 5642 433 5709 τοῖς
477 5643 560 5707 ὠς
589 5640 810 5708 ἄρκτος
845 5637 1252 5707 ἀπορουμένη,
1297 5636 1395 5690 καί
1426 5631 1727 5702 διαῤῥήξω
1761 5647 1910 5697 συγ-

391 5826 439 5861 ”
483 5829 617 5884 Deut
680 5844 794 5893 vm,
845 5827 1025 5883 ιι-ιδ.
1104 5826 1145 5859 οι
1190 5824 1346 5881 Rom.
1390 5839 1443 5888 v,
1674 5823 1717 5854 θ’
1761 5816 1874 5875 Psal

1985 5828 2097 5881 xm,
2142 5812 2225 5867 7|.
