3982 6476
483 331 583 392 30“ι

1481 333 1541 389 8.
1581 333 1862 391 οῖιιῐιιι
1899 332 2372 391 ALEXANDRINI
2411 334 2736 394 ARCHIEP.

3625 363 3722 420 δίε

486 448 553 505 Ει
584 451 908 506 «vorabunt
938 465 1026 507 eos
1054 449 1125 507 ibi
1159 450 1321 507 catuli
1355 451 1518 517 siluae,
1566 451 1744 508 bestia
1765 454 1882 523 agri
1912 452 2056 508 dila-

2174 453 2458 522 κλεισμόν
2525 454 2774 523 καρδίας
2832 455 3050 512 αὐτῶν.
3126 460 3238 512 Kat
3306 466 3721 536 καταφάγονται

478 541 701 598 niabunt
742 558 856 606 eos;

548 720 678 777 CLI.
712 720 1001 792 Postquam
1025 722 1168 778 enim
1212 736 1402 784 rerum
1417 725 1748 792 prosperitas
1768 724 2059 793 perniciem

480 812 584 867 illis
611 812 840 878 creavit,
875 813 1318 882 desciscendique
1349 827 1380 866 a
1409 811 1518 868 Deo
1571 814 1916 870 occasionem
1975 824 2060 869 at-

481 904 626 969 tulit,
683 905 805 960 ideo
834 905 1084 974 deinceps
1127 905 1500 960 tribulationes
1529 906 1733 962 morbis
1757 921 2062 975 congruen-

483 1005 564 1050 tes
592 996 972 1064 imponantur.
1014 996 1255 1064 Corpora
1291 995 1438 1051 enim
1496 997 1738 1065 graviter
1786 1006 2060 1066 aegrotan-

481 1088 556 1142 tia
598 1097 653 1143 ct
684 1089 986 1158 putrefacta
1037 1087 1250 1144 lenibus
1285 1089 1700 1146 medicamentis
1747 1089 2062 1159 neutiquam

481 1179 841 1236 curabuntur:
873 1180 966 1236 sed
989 1181 1134 1236 ferro
1189 1187 1243 1235 et
1278 1179 1386 1250 igni
1416 1195 1554 1250 opus
1573 1189 1657 1234 est
1700 1180 1891 1249 magis.
1947 1179 2062 1250 ,Ita-

480 1284 587 1340 que
612 1273 865 1342 quoniam
899 1273 1095 1328 divinat
1118 1272 1546 1328 mansuetudinis
1595 1273 1908 1344 magnitudo
1964 1288 2063 1342 pa-

480 1378 601 1418 rum
628 1366 766 1434 apud
785 1365 1080 1431 lsraelitas,
1101 1380 1170 1420 ne
1201 1365 1376 1420 dicam
1413 1363 1547 1418 nihil
1567 1365 2062 1433 ornnino,profecit,

478 1453 668 1510 feralis
699 1458 945 1526 quaedam
966 1459 1224 1514 atrocitas
1257 1459 1308 1515 in
1339 1474 1438 1516 eos
1458 1459 1786 1516 immittitur.
1817 1458 2064 1528 Seipsum

479 1558 610 1600 vero
639 1544 832 1602 bestiis
858 1547 1018 1616 longe
1046 1549 1350 1617 acerrimis,
1378 1557 1435 1605 et
1483 1548 1796 1614 voracihus,
1843 1539 2066 1619 magna:

477 1649 583 1706 que
603 1636 942 1692 immanitate
967 1640 1193 1709 perditis
1215 1649 1516 1709 comparat.
1540 1638 1657 1695 Non
1685 1626 1813 1710 quia
1873 1641 2058 1697 divina

476 1727 944 1796 etinexplicabilis
982 1737 1173 1784 natura
1223 1729 1357 1786 tales
1396 1731 1506 1785 iras
1537 1730 1700 1800 plane
1755 1729 2062 1800 concipiat,

2164 543 2386 608 αὐτοὺς
2416 543 2545 598 ἐκεῖ
2569 546 2834 615 σκύμνοι
2883 545 3136 617 δρυμοῦ,
3174 550 3348 617 θηρία
3392 552 3570 623 ἁτροῦ
3613 560 3726 618 δια.

2164 634 2390 690 eadem
2421 636 2666 702 αὐτούς.

2233 726 2409 780 PNA'.
2462 727 2680 796 Ἐπειδὴ
2723 727 2831 800 γὰρ
2859 728 2958 798 τῆς
2987 728 3243 800 εὐθηνίας
3273 731 3332 784 τὸ
3365 734 3557 801 πλάτος
3584 739 3727 810 γέγο-

2165 831 2256 869 νεν
2323 816 2508 880 αὐτοῖς
2581 815 2806 888 ὀλέθρου
2877 816 3170 888 πρόξενον,
3244 822 3337 874 καὶ
3411 825 3729 894 ἀποστασίας

2166 907 2410 979 ἀφορμὴ,
2440 907 2612 980 ταύτῃ
2640 925 2720 962 τοι
2747 908 2930 962 λοιπὸν
2973 911 3030 963 αἱ
3074 910 3282 980 Θλίψεις
3309 914 3616 984 ἐπάγονται,
3645 921 3730 973 καὶ

2163 999 2444 1068 ἀναλόγως
2482 1001 2594 1064 τοῖς
2642 1001 3066 1072 ἀῤῥωστήμασι.
3102 1002 3185 1056 Τά
3216 1004 3326 1076 γάρ
3373 1024 3454 1060 τοι
3489 1009 3616 1062 πολὺ
3647 1028 3727 1064 νε-

2164 1091 2432 1161 νοσηκότα
2454 1089 2562 1144 τῶν
2592 1091 2883 1162 σωμάτων,
2909 1094 3004 1147 καὶ
3029 1095 3306 1165 σεσηπότα
3330 1095 3530 1164 λοιπὸν,
3553 1100 3730 1165 εἴξειεν

2165 1181 2416 1253 οὐδαμῶς
2463 1182 2650 1253 ὴπίοις
2699 1183 2797 1254 μὲν
2847 1184 2931 1237 ἔτι
2983 1186 3318 1256 φαρμάκοις.
3369 1189 3548 1244 Δέοιτο
3593 1192 3634 1245 δ’
3674 1193 3733 1246 ἂν

2168 1273 2369 1344 μᾶλλον
2409 1275 2505 1328 καὶ
2548 1274 2796 1345 σιδήρου,
2828 1276 2924 1330 καὶ
2967 1278 3162 1348 πυρός.
3210 1277 3420 1332 Οὐκοῦν
3456 1282 3734 1354 ἐπειδήπερ

2165 1363 2226 1416 τὸ
2249 1363 2348 1434 τῆς
2378 1363 2528 1426 Θείας
2554 1363 2894 1434 ἡμερότητος
2940 1365 3173 1436 μέγεοος
3203 1366 3413 1437 ὤνησεν
3441 1369 3592 1438 ὀλίγα
3618 1373 3732 1436 τοὺς

2167 1453 2227 1520 ἐξ
2269 1453 2486 1525 Ἰσραὴλ
2517 1453 2628 1525 (ἵνα
2663 1455 2739 1526 μὴ
2769 1455 2986 1526 λέγοιμι
3033 1457 3316 1522 παντελῶς
3355 1459 3525 1531 οὐδὲν)
3561 1460 3730 1532 Θηριο-

2168 1545 2388 1617 πρεπὴς
2430 1545 2614 1609 αὐτοῖς
2642 1546 2905 1618 ἀγριότης
2933 1548 3220 1616 ἐπάγεται.
3265 1549 3488 1606 Ἑαυτὸν
3517 1551 3572 1605 δὲ
3602 1571 3732 1624 παρ-

2169 1635 2378 1702 εικάζει
2403 1639 2513 1700 τοῖς
2539 1639 2621 1692 ὅτι
2654 1639 2890 1710 μάλιστα
2919 1638 3028 1692 τῶν
3062 1639 3265 1713 θηρίων
3297 1641 3631 1710 δεινοτάτοις,
3650 1647 3732 1699 καὶ

2173 1728 2370 1801 βοροῖς,
2403 1729 2498 1783 καὶ
2528 1729 2665 1783 πολὺ
2694 1730 2812 1784 λίαν
2838 1731 3020 1802 ἔχουσι
3045 1733 3108 1786 τὸ
3137 1736 3217 1797 εἰς
3251 1733 3508 1807 ὠμότητα
3534 1735 3732 1806 βλέπον.

479 1822 572 1875 sed
620 1821 748 1875 illud
811 1820 1040 1876 fortasse
1103 1832 1365 1890 praeterea
1426 1799 1602 1888 docet,
1643 1799 1925 1893 Assyrios,
1955 1831 2061 1878 tam

2174 1799 2284 1891 Ούχ
2327 1821 2412 1875 ὅτι
2457 1820 2675 1885 πάντως
2722 1823 2756 1893 ὴ
2801 1799 2920 1876 θεία
2968 1840 3029 1876 τε
3078 1826 3173 1877 ual
3233 1799 3545 1896 ἁττόρῤητος
3589 1826 3732 1896 φύσις

480 1911 907 1982 implacabiliira
946 1928 1161 1980 usuros,
1195 1914 1648 1982 iuhumanosque,
1707 1915 1942 1970 immites
1985 1914 2064 1986 (et

480 2005 610 2075 quid
642 2020 747 2059 non
794 2004 1010 2060 tandem
1047 2004 1417 2076 hujusmodi?)
1463 2007 1829 2074 apparituros.
1878 2006 2061 2064 Videri

479 2102 658 2148 autem
711 2104 877 2164 queat
923 2094 1016 2150 Del
1055 2111 1188 2166 opus
1215 2109 1369 2160 esse,
1415 2095 1681 2165 siquidem
1711 2096 1763 2150 id
1818 2097 2063 2164 permisit

479 2184 594 2253 ipse
627 2194 736 2238 tam
784 2197 1024 2255 agresres
1055 2195 1108 2242 et
1147 2187 1295 2242 feros
1367 2198 1683 2257 peceatores
1735 2191 1816 2246 ira
1868 2205 2066 2247 conve-

478 2274 646 2331 nienti
686 2291 1038 2347 persequens.
1065 2276 1340 2335 Inveniam
1373 2280 1535 2350 igitur
1559 2296 1653 2336 eos
1672 2292 1730 2336 ut
1765 2282 2053 2351 panthera,

477 2374 540 2422 ut
567 2368 820 2436 pardalis.
852 2369 1290 2440 Deportabuntur
1311 2373 1458 2426 enim
1519 2373 1573 2427 in
1609 2375 1910 2443 Assyriam.
1957 2375 2063 2430 0c-

477 2472 694 2514 curram
719 2473 883 2530 porro
918 2461 998 2515 eis
1019 2461 1180 2516 etiam
1217 2471 1276 2517 ut
1307 2477 1434 2518 ursa
1493 2464 1764 2532 indigens,
1791 2466 1898 2522 hoc
1957 2476 2063 2533 est,

478 2550 729 2606 esuriens
767 2550 928 2618 forte,
954 2564 1046 2608 aut
1073 2555 1249 2623 captis
1293 2555 1487 2610 catulis
1511 2556 1863 2614 vehementer
1895 2561 2067 2615 tristis

477 2649 533 2694 et
557 2641 841 2698 oberrans.
872 2644 1026 2698 Tune
1059 2646 1204 2698 enim
1239 2647 1580 2714 potissimum
1634 2650 1772 2704 hanc
1832 2649 2062 2706 belluam

477 2728 661 2785 ferunt
684 2732 905 2788 insitum
939 2733 1180 2789 furorem
1211 2735 1387 2791 solere
1410 2746 1579 2792 totum
1613 2737 1912 2796 etfundere.
1950 2760 1969 2792 ι
1999 2741 2068 2795 Ει

479 2822 782 2891 dirumpam
820 2825 1228 2880 conclusionem
1287 2829 1467 2884 cordis
1500 2844 1709 2885 eorum.
1747 2848 1767 2883 ι
1828 2831 2065 2886 Conclu-

481 2915 691 2969 sionem
716 2917 950 2985 appellat
987 2929 1254 2986 tutamen,
1293 2935 1386 2976 seu
1419 2923 1764 2992 praesidium:
1825 2932 2065 2979 tutamen

481 3014 662 3062 autem
682 3011 864 3064 cordis
891 3019 976 3065 est
1005 3012 1252 3077 audacia,
1281 3028 1444 3083 quam
1471 3015 1594 3084 quis
1625 3013 1818 3071 aderat
1873 3024 2065 3070 contra

483 3098 709 3166 hostes;
759 3115 865 3170 qua
897 3101 1134 3168 dirupta,
1176 3104 1385 3160 timoris
1454 3104 1686 3161 aﬂ‘ectus
1739 3105 2064 3175 ingreditur,

481 3189 725 3244 utetiam
758 3190 892 3245 citra
925 3206 1156 3262 pugnam
1189 3195 1435 3250 hostibus
1469 3194 1755 3250 victoriam
1780 3196 2065 3254 concedat.

471 3277 676 3334 Simile
710 3279 872 3350 igitur
907 3290 1010 3347 est,
1036 3298 1098 3336 ac
1113 3283 1158 3338 si
1189 3284 1334 3339 dicat
1360 3284 1592 3340 fortasse
1619 3302 1632 3339 :
1661 3285 1740 3338 Ad
1771 3292 2070 3338 extremam

481 3382 578 3422 eos
607 3368 947 3424 timiditatem
984 3370 1220 3441 adigam,
1247 3372 1580 3428 adversariis
1609 3387 1795 3428 ursam
1820 3372 2071 3426 esurieno

487 3469 594 3514 tem
635 3471 689 3515 et
737 3463 932 3518 catulis
992 3465 1240 3519 orbatam
1293 3465 1651 3520 imitantibus.
1685 3465 1838 3531 Quod
1889 3475 2070 3519 autem

484 3550 648 3604 etiam
680 3553 1011 3621 captivitatis
1039 3554 1235 3610 irretiti
1267 3556 1516 3617 vinculis.
1541 3565 1595 3611 et
1635 3556 1688 3611 in
1721 3554 2070 3624 Assyriorum

486 3643 760 3710 regionem
817 3647 1056 3712 abducti,
1107 3632 1268 3717 1.5
1310 3649 1620 3717 neutiquam
1679 3663 1707 3701 a
1747 3651 1952 3704 scelere
1979 3650 2071 3703 de-

485 3734 756 3808 clinaturi,
787 3738 884 3792 sed
935 3753 1034 3794 eos
1089 3743 1253 3794 etiam
1317 3740 1445 3795 illuc
1501 3741 1795 3810 pravitates
1825 3743 2068 3812 ipsorum

487 3827 641 3893 quasi
699 3837 965 3885 secuturae
1024 3832 1156 3897 sint,
1212 3833 1473 3898 ostendit,
1525 3848 1645 3888 cum
1695 3834 1890 3890 addit:
1953 3851 1972 3886 ι
2004 3833 2072 3888 Et

487 3917 827 3973 devorabunt
873 3935 969 3977 eos
1014 3922 1086 3978 ibi
1138 3922 1303 3978 catuli
1333 3924 1504 3991 silvae,
1539 3925 1724 3981 bestiae
1759 3926 1873 3996 agri
1937 3924 2076 3978 dila-

488 4007 716 4065 niabunt
737 4025 832 4066 eos
857 4052 872 4066 .
909 4029 928 4065 s
975 4015 1326 4085 Assyriorum
1346 4017 1492 4072 enim
1516 4016 1698 4088 populi
1747 4013 2070 4071 intractabi-

489 4103 589 4169 lcs,
623 4104 816 4160 catulis
848 4105 902 4159 in
934 4105 1084 4162 silvis
1108 4107 1224 4163 sive
1266 4110 1512 4165 saltubus
1553 4117 1774 4178 propter
1802 4107 2072 4175 insignem

489 4194 761 4252 feritatem
786 4209 1194 4267 comparantur.

2171 1913 2370 1982 γένοιτ’
2404 1913 2472 1968 ἂν
2501 1915 2558 1967 ἐν
2590 1913 2870 1979 τοιαύταις
2896 1916 3110 1986 ὀργαῖς,
3141 1915 3256 1969 ἀλλ’
3285 1917 3461 1974 ἐκεῖνό
3489 1934 3586 1970 που
3611 1920 3733 1988 τάχα

2170 2001 2410 2054 διδάσκει
2444 2001 2627 2069 πάλιν,
2676 2004 2760 2058 ὅτι
2807 2004 3172 2076 κεχρήσονται
3219 2003 3322 2075 μὲν
3373 2005 3420 2059 οἱ
3481 2006 3733 2076 Ἀσσύριοι

2172 2095 2291 2156 ταῖς
2337 2090 2507 2156 οὕτως
2551 2095 2811 2164 ἀκράτοις
2859 2094 3074 2166 ὀργαῖς,
3115 2095 3473 2168 ἀπάνθρωποί
3523 2113 3600 2164 τε,
3649 2096 3734 2149 καὶ

2173 2183 2508 2254 ἀτεράμονες
2542 2185 2661 2254 (καὶ
2707 2185 2762 2240 τί
2800 2185 2908 2256 γὰρ
2940 2185 3062 2256 οὐχὶ
3105 2185 3214 2240 τῶν
3245 2187 3499 2244 τοιούτων
3519 2185 3557 2252 ;)
3592 2202 3734 2254 γεγο-

2173 2276 2321 2339 νότες
2353 2275 2674 2332 ἁλώσονται.
2715 2275 2896 2342 Δόξειε
2921 2277 2966 2330 δ’
2992 2277 3060 2332 ἂν
3098 2272 3237 2330 εἶναι
3268 2276 3404 2330 Θεοῦ
3441 2277 3500 2330 τὸ
3524 2277 3734 2348 πραττόο

2177 2384 2358 2437 μενον,
2394 2369 2515 2422 ἐπεί
2557 2387 2639 2424 τοι
2681 2369 2934 2438 γενέσθαι
2967 2368 3392 2441 συγκεχώρηκεν
3435 2369 3609 2435 αὐτὸς,
3637 2371 3733 2433 τοῖς

2172 2459 2344 2523 οὔτως
2367 2459 2579 2531 ἀγρίως
2611 2460 2962 2532 ἡμαρτηκόσι
2994 2460 3093 2533 τὴν
3121 2461 3308 2525 αὐτοῖς
3336 2475 3638 2532 πρέπουσαν
3657 2461 3735 2530 ὀρ-

2173 2552 2277 2622 γὴν
2302 2552 2551 2622 ἐπαφείς.
2586 2553 2818 2623 Εὑρήσω
2838 2552 3018 2606 τοίνυν
3055 2553 3279 2620 αὐτοὺς,
3304 2554 3377 2617 ὼς
3421 2551 3647 2622 πάνθηρ,
3669 2549 3734 2612 ὡς

2174 2643 2460 2714 πάρδαλις.
2521 2642 3081 2714 Ἀποκομισθήσονται
3131 2644 3243 2714 γὰρ
3295 2644 3376 2708 είς
3406 2643 3502 2715 τὴν
3563 2643 3733 2693 Ἀσσυ-

2177 2737 2326 2806 ρίων.
2376 2736 2787 2806 Ἀπαντήσομαι
2816 2719 2873 2788 δέ
2913 2737 3098 2800 αὐτοῖς
3143 2737 3239 2791 καὶ
3270 2739 3348 2801 ὡς
3384 2737 3576 2808 ἄρκτος
3618 2736 3734 2788 ἀπο-

2177 2829 2436 2899 ρουμένη,
2488 2828 2788 2896 τουτέστιν,
2839 2832 2872 2899 ἡ
2907 2829 3148 2884 πεινῶσα
3198 2827 3387 2900 τυχὸν,
3441 2829 3474 2900 ἢ
3525 2827 3734 2883 ἀλύουσα

2179 2919 2404 2989 σφόδρα,
2425 2919 2534 2972 τῶν
2557 2918 2814 2989 σκύμνων
2835 2918 3206 2991 ἐξῃρημένων.
3229 2920 3370 2974 Τότε
3397 2919 3503 2989 γὰρ
3526 2915 3734 2990 μάλιστά

2176 3027 2310 3080 φασι
2359 3008 2461 3079 τῆς
2507 3007 2754 3078 ἐμφύτου
2805 3008 3002 3078 μανίας
3059 3008 3140 3071 είς
3185 3007 3358 3080 ἄκρον
3406 3007 3646 3080 ἔρχεσθαι
3682 3004 3734 3058 τὸ

2177 3097 2386 3169 θηρίου.
2445 3114 2466 3150 ι
2524 3097 2638 3150 Kal.
2691 3097 2968 3169 διαρρήξω
3021 3099 3390 3170 συγκλεισμὸν
3441 3098 3669 3168 καρδίας.
3712 3113 3726 3144 ι

2172 3186 2545 3258 Συγκλεισμὸν
2575 3188 2633 3244 ἐν
2657 3189 2865 3253 τούτοις
2892 3189 2992 3259 τὴν
3024 3189 3332 3258 ἀσφάλειαν
3364 3189 3527 3259 λέγει.
3567 3185 3734 3254 ’Δσφά-

2171 3281 2290 3334 λεια
2321 3280 2378 3334 δέ
2406 3281 2632 3350 καρδίας
2665 3281 2726 3335 τὸ
2754 3280 2974 3351 θάρσος,
3003 3282 3140 3352 ὅπερ
3168 3283 3236 3338 ἂν
3275 3283 3386 3354 ἔχοι
3415 3300 3496 3346 τις
3524 3279 3634 3337 κατ’
3660 3280 3735 3348 ἐχ-

2171 3370 2338 3440 Θρῶν.
2372 3365 2447 3426 Οῦ
2474 3370 2544 3442 δὴ,
2563 3372 2656 3426 καὶ
2677 3371 3057 3442 διερρωγότος,
3088 3370 3159 3425 τὰ
3188 3372 3256 3426 ἐκ
3289 3374 3388 3444 τῆς
3419 3370 3608 3434 δειλίας
3634 3368 3732 3423 slo-

2172 3463 2414 3534 κρίνεται
2463 3463 2634 3532 πάθη,
2681 3462 2758 3525 ὡς
2801 3462 2896 3514 καὶ
2941 3461 3144 3531 όιμαχε)⁸
3184 3466 3301 3528 τοῖς
3352 3461 3560 3533 ἐχθροῖς
3600 3457 3731 3529 χαρί-

2174 3554 2371 3608 σασθαι
2417 3553 2478 3607 τὸ
2521 3555 2697 3624 νικᾷν.
2750 3555 2973 3623 Ὅμοιον
3020 3547 3112 3607 οὖν
3162 3553 3240 3618 ὡς
3278 3554 3424 3622 λέγοι
3468 3548 3730 3622 τυχὸν,Είς

2177 3648 2412 3717 ἐσχάτην
2461 3645 2662 3708 αὐτοὺς
2706 3644 2944 3700 κατοίσω
2989 3643 3216 3712 δειλίαν,
3259 3645 3370 3699 τῶν
3410 3643 3476 3697 δι’
3511 3638 3730 3699 ἐναντίας

2177 3738 2433 3794 πεινῶντί
2473 3755 2555 3801 τε,
2598 3736 2693 3791 καὶ
2738 3737 3105 3806 ὴτεκνωμένῳ
3145 3735 3615 3808 παρεικασοέντων
3645 3729 3729 3798 θη-

2179 3831 2330 3900 ρίων,
2386 3830 2530 3899 φημὶ
2577 3827 2641 3898 δὴ
2689 3830 2758 3898 τῇ
2816 3828 3024 3896 ἄρκτῳ.
3071 3827 3197 3880 Ὅτι
3244 3828 3301 3881 δὲ
3348 3828 3440 3882 καὶ
3492 3826 3597 3886 τοῖς
3645 3819 3731 3887 τῆς

2177 3921 2557 3992 αἰχμαλωσίας
2611 3918 2888 3981 ἐναλόντες
2943 3919 3198 3990 δεσμοῖς,
3249 3920 3343 3975 καὶ
3391 3921 3468 3982 είς
3509 3916 3600 3986 τὴν
3639 3911 3732 3964 τῶν

2189 4013 2490 4084 Ἀσσυρίων
2529 4011 2961 4083 ἀπενηνεγμένοι
3009 4012 3216 4082 χώραν,
3253 4009 3504 4080 οὐδεμίαν
3545 4005 3732 4070 ἕξουσιν

2176 4104 2466 4158 ἀπόνευσιν
2500 4104 2608 4158 τῶν
2654 4103 2866 4169 κακῶν,
2918 4104 3013 4158 καὶ
3045 4103 3269 4173 ἕψονται
3330 4103 3516 4170 ὥσπερ
3572 4095 3731 4156 αὐτοῖς

2176 4197 2400 4249 κάκεῖσε
2446 4194 2518 4249 τά
2577 4195 2847 4266 μοχθηρὰ,
2893 4196 3236 4270 παρέδειξεν,
3302 4193 3470 4249 εἰπών
3509 4207 3524 4222 ’
3577 4209 3594 4242 ι
3636 4187 3730 4241 Καὶ

489 4290 900 4358 καταφάγονται
939 4292 1138 4355 αὐτοὺς
1179 4291 1296 4344 ἐκεῖ
1363 4292 1596 4361 σκύμνοι
1632 4291 1862 4361 δρυμοῦ,
1904 4290 2067 4361 Θηρία
2107 4287 2276 4359 ἀγροῦ
2315 4287 2608 4342 διασπάσει
2667 4288 2886 4353 αύτούς.
2931 4307 2952 4342 s
3009 4288 3092 4344 Τὰ
3140 4288 3252 4360 γὰρ
3314 4287 3423 4342 τῶν
3461 4279 3730 4352 ’Δβσυρίων

488 4382 758 4438 ἀτιθασσα
789 4383 942 4453 γένη,
974 4384 1234 4456 σκύμνοις
1255 4386 1366 4447 τοῖς
1390 4386 1446 4436 ἐν
1475 4385 1700 4454 δρυμοῖς
1731 4382 2074 4453 παρεικάζει,
2103 4381 2237 4436 πολὺ
2277 4381 2572 4435 νενευκότα
2600 4381 2733 4452 πρὸς
2774 4381 2836 4434 τὸ
2867 4381 3160 4452 ἀνήμερον.
3707 4457 3730 4468 -

567 4474 727 4531 Vens.
768 4476 920 4534 9-H.
953 4477 1279 4547 Dispersioni
1305 4487 1430 4541 tute,
1463 4474 1652 4542 Israel,
1697 4476 1815 4547 quis
1846 4477 2065 4530 auxilia-

2256 4473 2336 4542 Τῇ
2369 4470 2667 4542 διασπορᾷ
2697 4487 2838 4536 σου,
2879 4473 3136 4543 Ἰσραὴλ,
3163 4475 3256 4539 τίς
3284 4468 3575 4539 βοηθήσει
3593 4480 3610 4528 ;
3630 4477 3732 4515 που

491 4565 676 4619 bitur?
697 4566 783 4619 ubi
810 4583 900 4622 rex
924 4577 1045 4622 tuus
1077 4568 1222 4621 iste?
1249 4567 1314 4619 Et
1345 4567 1569 4621 salvette
1599 4568 1653 4620 in
1703 4569 1940 4622 omnibus
1987 4585 2080 4624 ur-

2177 4570 2211 4621 ό
2251 4566 2552 4630 ,βασιλεὺς
2601 4579 2718 4620 σου
2771 4559 2985 4629 οὗτος;
3036 4563 3136 4618 καί
3183 4558 3534 4618 διασωσὰτω
3568 4570 3636 4608 σε
3672 4549 3732 4602 ἐν

493 4655 642 4712 bibus
667 4659 793 4712 tuis.
825 4659 1037 4713 Judicet
1058 4669 1106 4713 te
1126 4675 1277 4730 quem
1308 4660 1493 4712 dixisti
1518 4659 1636 4713 :Da
1658 4661 1786 4714 mihi
1813 4671 1985 4731 regem
2030 4679 2065 4716 ei

2175 4660 2400 4725 πάσαις
2442 4657 2570 4724 ταῖς
2605 4657 2826 4712 πόλεσι
2854 4672 2993 4711 σου.
3028 4654 3298 4725 Κρινάτω
3345 4667 3419 4707 σε
3462 4651 3532 4704 ὃν
3559 4641 3730 4706 εἶπας,

492 4749 801 4819 principem.
823 4749 895 4803 Et
942 4752 1064 4804 dedi
1082 4753 1174 4804 tibi
1205 4766 1376 4820 regem
1398 4751 1451 4805 in
1479 4753 1559 4806 ira
1586 4769 1722 4820 mea,
1745 4764 1792 4809 et
1841 4756 2003 4809 habui
2024 4757 2065 4810 in

2174 4750 2282 4817 Δός
2305 4768 2409 4821 μοι
2456 4749 2727 4815 ,βασιλέα
2777 4748 2876 4802 καὶ
2922 4749 3206 4817 ἄρχοντα.
3256 4746 3369 4802 Καὶ
3419 4738 3602 4797 ἐδωκὰ
3647 4748 3732 4788 σοι

493 4837 674 4909 furore
695 4857 808 4896 meo
829 4842 1286 4912 congregationem
1311 4843 1626 4912 iniquitatis.

567 5015 725 5071 CLll.
751 5017 869 5070 Disi
890 5017 1002 5086 jam
1025 5027 1079 5072 et
1104 5018 1264 5088 paulo
1292 5030 1441 5084 ante,
1485 5020 1766 5079 ineusasse
1792 5023 1958 5078 Deum
2008 5025 2073 5076 ﬁ-

497 5109 599 5165 lios
625 5110 808 5173 lsrael,
834 5110 958 5177 quia
996 5111 1348 5168 nihilominus
1382 5115 1679 5169 humanum
1730 5114 1918 5186 jugum
1957 5132 2074 5170 ma-

2168 4844 2439 4909 ,Βασιλέα
2469 4844 2538 4896 ἐν
2566 4841 2713 4911 ὀργῇ
2736 4859 2878 4910 μου,
2905 4841 3001 4895 καί
3035 4841 3227 4911 ἔσχον
3252 4840 3323 4894 ἐν
3351 4835 3430 4903 τῷ
3457 4829 3613 4902 θυμῷ
3627 4840 3731 4897 μου

2179 4932 2541 5002 συστροφὴν
2569 4931 2822 4996 ἀδικίας.

2251 5025 2423 5079 ΡΝΒ’.
2467 5025 2646 5093 ’Ἑφην
2682 5023 2784 5094 ἤδη
2813 5022 2908 5076 καὶ
2945 5022 3002 5075 ἐν
3032 5022 3143 5084 τοῖς
3172 5018 3428 5090 ἀνωτέρω
3456 5009 3636 5085 βραχὺ,
3661 5005 3730 5057 ὅτι

2183 5119 2478 5188 κατῃτιᾶτο
2500 5117 2631 5180 Θεὸς
2657 5117 2783 5180 τοὺς
2817 5114 2878 5180 ἐξ
2919 5115 3154 5187 Ἰσραὴλ,
3188 5115 3282 5167 καὶ
3325 5110 3433 5166 οὐδ’
3462 5110 3600 5165 ὅπως
3628 5099 3730 5152 ἐλο-

498 5200 721 5266 luerint,
753 5201 924 5256 etsub
955 5199 1052 5256 Dei
1091 5217 1257 5272 regno
1294 5203 1479 5259 vivere
1508 5206 1822 5272 abnuerint,
1853 5208 2065 5261 tametsi

2182 5211 2375 5281 μένους
2422 5207 2484 5262 τὸ
2529 5207 2892 5279 ἀνθρωπίνοις
2939 5206 3137 5276 μᾶλλον
3183 5200 3510 5273 ὑπεζεῦχοαι
3546 5191 3728 5290 ζυγοῖς,

499 5305 664 5360 super
709 5304 839 5344 avos
881 5305 1093 5356 eorum,
1166 5293 1325 5362 idque
1377 5310 1472 5364 per
1515 5297 1808 5366 prephetas
1866 5307 2065 5353 sancto:

2179 5302 2273 5354 καὶ
2300 5300 2600 5372 ἀνῄνασθαι
2623 5299 2724 5370 τὴν
2749 5299 2840 5353 ὑπ’
2874 5298 3022 5369 αὐτῷ
3050 5297 3325 5369 βασιλείαν
3360 5293 3436 5364 τῷ
3466 5286 3597 5356 Θεῷ,
3624 5286 3728 5334 καί·

500 5382 861 5453 regnavisset.
893 5384 1038 5439 Dixit
1075 5385 1218 5440 enim
1267 5401 1464 5456 supra:
1525 5407 1543 5440 ι
1573 5387 1640 5442 Ει
1697 5389 1751 5444 in
1818 5390 2065 5459 prophet:

2179 5409 2261 5444 τοι
2301 5391 2747 5462 βεϐασιλευκότος
2780 5390 2888 5445 τῶν
2919 5390 3310 5461 ἀρχαιοτέρων,
3361 5386 3452 5440 καὶ
3496 5379 3578 5434 διὰ
3613 5386 3730 5444 πΡ⁰“

499 5473 688 5528 eduxit
716 5473 976 5533 Dominus
1019 5477 1185 5533 lsrael
1218 5492 1282 5533 ex
1342 5479 1600 5551 Egypto,
1631 5491 1688 5536 et
1714 5482 1767 5535 in
1822 5482 2065 5551 prophet:

2180 5485 2364 5554 φητῶν
2392 5484 2582 5553 ἁγίων.
2613 5485 2758 5553 Ἔφη
2795 5483 2924 5554 γὰρ,
2949 5484 3031 5537 ὅτι
3069 5499 3090 5533 ι
3126 5482 3234 5536 Kal
3268 5483 3325 5534 ἐν
3350 5476 3590 5548 προφήτῃ
3616 5463 3730 5530 ἀνή⁴

497 5575 747 5622 servatus
769 5578 853 5624 est
883 5570 983 5623 θ’.»
1032 5571 1137 5627 Vos
1163 5581 1362 5641 autem,
1401 5574 1596 5644 inquit,
1625 5573 1725 5630 sub
1755 5575 1866 5631 Deo
1925 5590 2065 5646 agerc

2183 5595 2316 5647 γαγε
2349 5577 2550 5647 Κύριος
2577 5578 2668 5632 τὸν
2724 5577 2938 5647 Ἰσραὴλ
2982 5576 3044 5640 ἐξ
3086 5572 3384 5642 Αἰγύπτου,
3413 5567 3504 5623 καὶ
3533 5564 3588 5616 ὲν
3614 5572 3727 5630 προσ

575 5745 622 5778 ’³
651 5744 756 5804 Ose
797 5763 890 5814 ιιι,
938 5749 1021 5805 15.
