3982 6496
249 354 354 411 309

1186 338 1740 414 COMMENTARIUS
1776 356 1846 412 IN
1885 357 2119 417 osum
2157 360 2604 418 merueram.

3432 368 3538 422 510

249 472 395 541 φήτῃ
441 470 801 543 διεφυλάχοη.
854 490 872 522 ι
927 472 1115 543 Ὑμεῖς
1160 473 1240 535 δὲ,
1290 476 1447 544 φησὶ,
1482 474 1543 528 τὸ
1586 475 1692 529 ὑπὸ
1724 475 1843 548 Θεῷ

1968 477 2214 546 mlentes,
2247 480 2461 535 ursistis
2490 482 2707 535 beatum
2741 475 3048 533 Samuelem
3085 480 3139 534 in
3178 478 3293 534 haec
3338 478 3533 534 verba:

248 561 517 631 πράττειν
561 561 1013 633 παρωθούμενοι,
1070 562 1489 633 καταϐεϐήκατε
1529 565 1625 617 τοῦ
1667 583 1848 636 μακα-

1968 569 2092 625 [Ecce
2122 578 2176 623 tu
2209 569 2457 635 senuisti,
2517 580 2567 623 et
2624 569 2717 623 ﬁlii
2754 570 2833 624 tui
2867 583 2973 624 non
3034 568 3310 623 ambulant
3343 568 3397 622 in
3452 569 3537 621 via

252 653 368 724 ρίου
399 653 682 724 Σαμουὴλ,
712 653 997 721 λέγοντες-
1039 672 1058 706 ι
1123 654 1255 709 Ἰδοὺ
1290 657 1354 710 σὺ
1387 658 1724 729 γεγήρακας,
1756 659 1852 713 καὶ

248 743 300 797 οἱ
325 743 434 796 υίοί
480 760 578 796 σου
621 744 684 796 σὺ
726 744 1049 813 πορεύονται
1090 746 1148 799 ὲν
1189 748 1258 815 τῇ
1304 746 1409 816 ὀδῷ
1458 763 1570 800 σου.
1606 748 1715 800 Καὶ
1758 746 1852 800 νῦν

251 833 599 904 κατάστησον
643 834 732 902 ἐφ’
773 834 922 905 ἡμᾶς
954 834 1181 904 βασιλέα
1213 835 1458 899 δικάζειν
1502 838 1669 908 ἡμᾶς,
1711 836 1853 890 καθά

250 924 344 979 καὶ
370 926 444 977 τά
471 923 615 979 ἄλλα
658 925 808 997 ἔθνη,
855 944 874 978 ι
923 926 1135 980 Οὐκοῦν
1170 928 1471 999 ἐπειδήπερ
1498 928 1853 982 εὐϐεϐουλεῦ-

250 1016 374 1070 σθαι
418 1017 621 1083 δοκεῖς,
669 1019 985 1091 ἀναστήσας
1029 1021 1122 1073 ἐπὶ
1174 1021 1359 1093 σαυτῷ
1407 1021 1653 1092 βασιλέα,
1702 1022 1849 1077 καθά

249 1110 343 1163 καὶ
383 1110 457 1163 τὰ
506 1110 673 1165 λοιπά
713 1111 864 1183 ἔθνη,
906 1111 1179 1177 σώζεσθαί
1219 1132 1280 1167 τε
1320 1115 1453 1186 παρ’
1481 1115 1649 1170 αὐτοῦ
1684 1134 1853 1188 προα-

250 1201 541 1273 εδόκησας,
572 1203 676 1256 ποῦ
712 1203 808 1257 νῦν
850 1204 960 1276 ἄρα
1004 1206 1192 1269 ὲστίν;
1259 1206 1387 1261 Ἰδοὺ
1430 1208 1623 1278 καιρὸς
1647 1210 1851 1263 ἐπιδεί-

251 1292 408 1359 ξεως,
459 1295 773 1365 πολεμείτω
806 1312 898 1350 σου
940 1298 1033 1352 τὸν
1077 1300 1336 1369 πόλεμον,
1369 1300 1674 1365 ὀπλιζέσθω
1712 1302 1853 1372 λαμ-

250 1386 426 1457 πρῶς,
478 1389 708 1452 σωζέτω
758 1390 859 1454 τὰς
917 1392 1125 1457 πόλεις,
1175 1392 1563 1463 προασπιζέτω
1608 1395 1716 1450 τῶν
1749 1396 1853 1449 ὑπὸ

248 1480 429 1547 χεῖρα,
469 1478 850 1532 κατασοϐείτω
880 1479 988 1533 τῶν
1017 1480 1083 1533 δι’
1112 1480 1382 1546 ἐναντίας,
1419 1480 1691 1535 ἐλαυνέτω
1729 1500 1854 1538 νεα-

250 1568 418 1631 νικῶς
466 1570 596 1634 τοὺς
627 1571 933 1644 καταδῃοῦν
972 1571 1259 1637 ἐθέλοντας
1299 1574 1481 1637 οἴκους
1510 1590 1570 1625 τε
1624 1574 1719 1627 καὶ
1757 1574 1855 1628 πό·-

252 1660 379 1724 λεις.
427 1662 568 1715 Ἀλλ’
597 1664 729 1727 ἴσως
757 1667 923 1735 ἐρεῖς,
953 1665 1131 1719 καίτοι
1168 1665 1432 1735 φαίνομαι
1466 1664 1566 1736 μὲν
1597 1664 1671 1730 ὡς
1702 1667 1857 1737 αἰτή-

253 1770 349 1817 σας
392 1754 531 1822 ἐγὼ,
575 1756 641 1808 σὺ
690 1756 749 1809 δὲ
794 1759 889 1811 καὶ
921 1758 1065 1822 δοὺς,
1112 1759 1207 1813 καὶ
1239 1758 1514 1830 κεκρικὼς
1554 1760 1611 1813 ὲν
1658 1761 1855 1831 ἀρχαῖς

1952 671 2065 716 tua.
2093 660 2318 716 Etnunc
2335 662 2605 716 constitue
2632 672 2807 731 super
2838 677 2936 716 nos
2968 676 3171 731 regem,
3215 661 3305 730 qui
3334 658 3540 729 judicct

1952 769 2072 817 nos,
2102 754 2244 809 sicut
2271 764 2326 809 et
2356 754 2493 808 alias
2516 763 2703 823 gentes
2741 754 2808 808 “.
2836 773 2855 806 ι
2912 756 3095 824 Itaque
3119 754 3377 824 quoniam
3448 755 3540 808 be-

1954 863 2021 900 ne
2048 846 2141 900 tibi
2171 845 2510 901 consuluisse
2536 844 2759 911 videris,
2799 845 2928 901 dum
2969 846 3065 900 tibi
3096 860 3280 914 regem
3306 844 3539 901 institui-

1954 938 2046 1005 sti,
2081 939 2220 993 sicut
2246 939 2447 995 habent.
2478 946 2687 993 caeterae
2717 946 2923 1007 gentes,
2946 953 2975 991 a
3006 953 3115 1007 quo
3149 932 3537 1003 d'el‘endereris,

1956 1029 2045 1085 ubi
2075 1044 2218 1085 nunc
2249 1030 2463 1086 tandem
2492 1030 2611 1085 est?
2640 1029 2741 1097 En,
2774 1038 2983 1099 tempus
3020 1038 3106 1084 est
3156 1028 3235 1083 uti
3271 1042 3331 1083 se
3385 1028 3541 1082 exbi-

1954 1124 2101 1189 beat,
2132 1132 2284 1193 gerat
2314 1137 2414 1192 pro
2459 1131 2513 1178 te
2561 1122 2786 1187 bellum,
2843 1136 2993 1176 arma
3038 1121 3299 1191 fulgentia
3332 1119 3537 1185 induat,

1954 1225 2171 1271 tueatur
2201 1216 2384 1280 urbes,
2429 1223 2731 1285 prepugnet
2778 1228 2877 1283 pro
2930 1212 3214 1281 subjectis,
3286 1210 3542 1281 proﬂiget

1956 1307 2319 1369 adversarios,
2371 1314 2558 1360 arceat
2623 1315 2846 1361 strenue
2890 1313 3195 1361 vastatores
3252 1304 3538 1357 domorum

1955 1408 2120 1469 atque
2175 1398 2519 1469 oppidorum.
2589 1396 2695 1452 Sed
2747 1409 3006 1452 occurres
3060 1393 3320 1451 fortasse;
3373 1390 3540 1460 Atqui

1957 1500 2168 1549 constat
2210 1504 2297 1545 me
2335 1490 2557 1559 petisse,
2588 1497 2640 1542 te
2678 1494 2860 1542 autem
2914 1485 3150 1548 dedisse,
3200 1490 3256 1540 et
3317 1485 3545 1541 unxissc

1955 1584 2189 1655 primum
2217 1595 2399 1651 regem
2426 1578 2556 1635 Saul
2585 1580 2654 1633 ’⁸.
2714 1578 2809 1633 Est
2842 1578 2938 1642 ita,
3029 1575 3246 1645 inquit;
3332 1576 3426 1631 sed
3488 1576 3540 1630 in

1958 1675 2037 1730 ira
2067 1674 2189 1729 dedi
2217 1673 2537 1741 principem,
2562 1678 2616 1724 et
2638 1669 2800 1725 habui
2836 1669 2887 1722 in
2909 1667 3094 1722 furore
3130 1680 3254 1720 meo
3315 1680 3542 1733 congre-

1958 1766 2231 1838 gationem
2288 1761 2611 1831 iniquitatis,
2649 1779 2667 1811 ι
2707 1768 2768 1814 ιιι
2808 1759 3004 1828 injuria
3044 1758 3141 1813 abs
3184 1765 3237 1811 te
3294 1755 3540 1817 affectus,

251 1843 339 1899 τὸν
368 1845 572 1903 Σαούλ.
613 1847 724 1900 Ναί
760 1867 946 1919 φησιν,
978 1848 1097 1903 ἀλλ’
1157 1868 1177 1903 ι
1228 1852 1318 1905 Ἐν
1354 1851 1491 1923 ὀργῇ
1538 1851 1745 1905 δέδωκα
1768 1851 1857 1905 τὸν

1968 1867 2013 1913 et
2039 1855 2425 1928 propemodum
2449 1855 2569 1923 ipso
2614 1851 2812 1905 throno
2858 1849 3011 1920 regni
3062 1848 3341 1918 expulsus,
3400 1848 3543 1913 quod

252 1937 581 2008 ἡγούμενον,
627 1940 723 1991 καὶ
773 1940 930 2010 ἔσχον
978 1943 1037 1994 ὲν
1075 1941 1156 2012 τῷ
1193 1941 1352 2013 θυμῷ
1398 1961 1499 2014 μου
1551 1943 1857 2017 συστροφὴν

252 2029 488 2093 ἀδικίας,
529 2029 607 2093 ὡς
633 2030 964 2101 ἠδικημένος
997 2034 1149 2104 παρὰ
1182 2033 1302 2098 σοῦ,
1339 2053 1359 2087 ι
1392 2034 1545 2105 φησί.
1590 2034 1767 2088 Μόνον
1798 2034 1856 2089 δὲ

252 2121 390 2190 οὐχὶ,
420 2122 519 2174 καὶ
545 2121 655 2174 τῶν
695 2125 794 2194 τῆς
820 2122 1096 2192 βασιλείας
1134 2125 1326 2181 θώκων
1357 2126 1752 2199 ὲξωθούμενος,
1796 2127 1857 2180 τό

254 2229 315 2281 γε
351 2209 492 2284 ἦκον
523 2215 606 2276 είς
640 2214 704 2267 τὸ
739 2214 823 2268 σοὶ¹
867 2215 1079 2281 δοκοῦν,
1126 2217 1449 2289 τεθύμωμαι
1496 2220 1637 2275 λίαν.
1688 2218 1855 2291 Πλὴν,

254 2305 525 2372 ἁνέδειξα,
555 2307 759 2373 καίτοι,
789 2309 851 2361 τὸ
878 2309 1090 2380 χρῆμα,
1132 2312 1287 2382 φησι,
1318 2312 1419 2365 οὐκ
1453 2313 1752 2381 ἀναγκαῖον
1781 2314 1859 2365 εί-

254 2399 357 2464 δὼς
394 2403 478 2464 εἰς
504 2402 717 2472 ὗνησιν.
763 2402 903 2457 Ἀλλ’
925 2405 1011 2457 ἴνα
1040 2420 1101 2458 σε
1121 2407 1229 2459 τῶν
1260 2407 1604 2477 πραγμάτων
1637 2407 1859 2477 ήπεῖρα

256 2493 656 2567 πληροφορήσῃ
696 2495 900 2560 καλῶς,
951 2497 1034 2550 ὃτι
1086 2498 1274 2561 σκαιὰ,
1323 2499 1418 2553 καὶ
1455 2499 1707 2568 ἄχρηστα
1752 2497 1859 2552 κάν

256 2584 428 2654 τούτῳ
453 2584 833 2655 βεϐούλευσαι.
866 2586 978 2640 Ποῦ
1023 2587 1132 2659 γάρ
1174 2587 1269 2641 νῦν
1297 2588 1464 2655 ἐστιν,
1514 2588 1546 2657 ἢ
1591 2588 1722 2641 ποία
1758 2586 1860 2641 λοι-

257 2676 354 2731 πὸν
387 2677 448 2743 ἐξ
481 2677 651 2730 αὐτοῦ
693 2678 888 2747 γένοιτ’
926 2679 994 2733 ἂν
1033 2682 1148 2742 τοῖς
1192 2679 1621 2751 πολεμουμένοις
1653 2682 1685 2752 ή
1730 2680 1857 2752 ὄνη-

1954 1950 2173 2020 quidem
2205 1948 2272 2004 ad
2300 1956 2352 2003 te
2378 1943 2781 2001 attinet.lratus
2814 1957 2933 1998 sum
2965 1940 3128 1995 etiam
3159 1946 3319 2008 atque
3356 1936 3541 1993 etiam.

1954 2041 2345 2098 Verumtamen
2392 2037 2714 2107 designavi,
2775 2033 3025 2105 quamvis
3080 2046 3200 2087 eam
3272 2043 3387 2085 rem
3433 2027 3544 2083 sci-

1955 2148 2071 2191 rem
2099 2147 2205 2188 non
2228 2144 2352 2187 esse
2380 2128 2747 2186 necessariam
2782 2134 2836 2181 et
2886 2122 3319 2185 conducibilem;
3351 2116 3447 2174 sed
3488 2126 3547 2172 ut

1957 2232 2015 2279 tu
2065 2224 2242 2294 reipsa
2288 2222 2502 2289 doctus,
2551 2218 2719 2288 probe
2759 2226 3115 2285 cognosceres
3163 2219 3217 2265 te
3275 2209 3442 2264 etiam
3490 2206 3545 2260 in

1956 2317 2061 2372 hoc
2088 2315 2309 2371 stultum
2332 2323 2387 2369 et
2420 2313 2611 2368 inutile
2636 2307 2924 2366 consilium
2966 2305 3199 2376 cepisse.
3234 2299 3338 2356 Ubi
3398 2298 3544 2354 enim

1955 2423 2101 2464 nunc
2153 2415 2260 2474 est,
2304 2414 2398 2461 aut
2423 2418 2544 2473 quae
2592 2404 2647 2458 in
2702 2402 2943 2456 futurum
2994 2392 3318 2465 oppugnatis
3350 2388 3419 2443 ab
3481 2402 3548 2443 eo

1955 2498 2321 2570 exspectanda
2377 2496 2629 2553 utilitas?
2688 2494 2844 2562 Quod
2880 2492 2924 2547 si
2988 2502 3206 2545 rursum
3253 2484 3355 2540 sub
3393 2480 3548 2537 beni-

1956 2590 2161 2659 gnitate
2184 2599 2239 2644 et
2260 2595 2529 2657 potestate
2563 2601 2680 2642 mea
2703 2598 2873 2648 esses,
2906 2582 3127 2637 omnino
3159 2573 3396 2633 inimicis
3439 2571 3547 2626 tuis

1955 2679 2207 2750 superior
2239 2678 2528 2735 videreris.

258 2788 371 2839 σις;
415 2773 560 2826 Ἀλλ’
611 2768 771 2845 εἴπερ
813 2769 960 2845 ἦσθα
1008 2774 1170 2828 πάλιν
1218 2776 1325 2829 ὑπὸ
1376 2776 1477 2847 τὴν
1540 2775 1681 2848 ἐμὴν
1713 2776 1882 2847 φειδῶ
1946 2793 2028 2844 τε,
2068 2774 2164 2829 καὶ
2210 2776 2389 2846 χεῖρα,
2438 2772 2657 2835 πάντως
2707 2771 2775 2824 ἂν
2816 2766 3005 2838 ὤφθης
3052 2764 3111 2817 ὲν
3154 2761 3402 2833 ἀμείνοσι
3440 2753 3551 2810 τῶν

256 2864 490 2919 ἰγθοῶν.

287 2884 300 2895 ‘
322 2884 349 2917 υ
438 2884 490 2919 ν.

287 2884 618 3026 χ’ῗῑῖρραΐμ,
647 2956 1058 3027 ἐγκεκρυμένη
1095 2958 1134 3027 ἡ
1169 2958 1425 3027 ἁμαρτία
1452 2959 1661 3014 αὑτοῦ.
1710 2958 1858 3016 Ὠδῖ-

259 3063 361 3113 νες
399 3048 485 3114 ὡς
516 3050 844 3117 τικτούσης
891 3050 1155 3118 ἥξουσιν
1191 3050 1373 3116 αὐτῷ.
1407 3046 1598 3117 Οὗτος
1641 3055 1674 3107 ό
1726 3053 1858 3118 υἱός

2038 2955 2202 3027 186
2264 2954 2429 3009 Vens.
2497 2950 2588 3015 I2,
2655 2948 2744 3004 15.
2829 2945 3106 3015 Ephraim,
3187 2944 3553 2999 absconditum

1961 3061 2234 3119 peccatum
2272 3052 2410 3117 ejus.
2439 3044 2659 3099 Dolores
2684 3041 2837 3112 quasi
2871 3039 3216 3109 parturientis
3251 3038 3454 3093 uenient
3476 3037 3548 3091 ei.

260 3153 397 3202 σου,
437 3142 474 3194 ὀ
518 3140 829 3210 φρόνιμος,
881 3141 1033 3196 διότι
1083 3144 1156 3197 οὺ
1191 3141 1278 3212 μὴ
1329 3142 1571 3212 ὑποστῇ
1598 3144 1674 3213 ,ἐν
1715 3157 1858 3199 συν-

1968 3144 2073 3198 lste
2110 3142 2254 3210 ﬁlius
2306 3138 2570 3201 tuus,iste
2600 3134 2852 3206 prudens,
2887 3133 3014 3203 quia
3043 3147 3145 3185 non
3172 3130 3451 3185 sustinebit
3499 3131 3561 3184 in.

261 3229 431 3300 τριϐῇ
459 3229 709 3286 τέκνων.

330 3324 507 3378 ΡΝΓ’.
549 3323 745 3391 Τοῦτο,
795 3321 952 3395 οῖμαι
1002 3330 1143 3399 ἐστὶ,
1175 3330 1256 3397 τὺ,
1291 3347 1310 3381 ι
1360 3329 1622 3384 συνέλαϐε
1676 3328 1859 3397 πόνον,

263 3416 357 3470 καὶ
402 3416 595 3471 ἔτεκεν
629 3416 917 3488 ἀνομίαν.-
943 3436 963 3471 ι
1015 3418 1104 3473 Ἐν
1153 3418 1351 3489 ἀρχαῖς
1394 3420 1494 3492 μὲν
1527 3420 1636 3492 γὰρ
1697 3422 1862 3492 Ἰερο-

265 3508 430 3579 ϐοάμ,
468 3510 560 3563 ἵνα
583 3508 697 3563 τῶν
727 3511 1023 3581 σκήπτρων
1061 3510 1136 3582 μὴ
1167 3509 1506 3584 ἀπώσῃ(τὰς
1531 3512 1674 3566 κατά
1699 3513 1865 3584 νόμον

265 3599 458 3664 Θυσίας
490 3601 848 3673 ἀποπληροῦν
872 3601 1150 3666 ἐθέλοντος
1180 3603 1274 3657 τοῦ
1309 3603 1546 3675 Ἰσραήλ,
1575 3604 1779 3676 ταύτης
1805 3624 1865 3661 τε

263 3690 429 3745 ἕνεκα
456 3692 562 3763 τῆς
600 3692 783 3755 αίτίας
817 3694 1219 3763 ἀναφοιτῶντος
1250 3694 1330 3757 είς
1371 3695 1867 3765 ’1εροσόλυμα),τάς

264 3784 537 3854 δαμάλεις
565 3785 832 3855 ἐπενόησε
861 3785 961 3849 τὰς
990 3788 1215 3857 χρυσᾶς.
1246 3788 1359 3841 Καὶ
1390 3786 1583 3858 ὥσπερ
1606 3787 1733 3841 τινὰ
1769 3805 1868 3841 πο-

265 3872 436 3944 νηροῦ
469 3872 792 3944 σπέρματος
826 3875 1135 3947 καταϐολὴν
1165 3877 1245 3940 εἰς
1277 3876 1401 3930 νοῦν
1431 3876 1665 3948 ἐδέχετο,
1697 3895 1868 3933 κατα-

265 3963 693 4034 κεχρωσμένην,
730 3964 919 4036 ὥσπερ
952 3966 1046 4018 καὶ
1074 3966 1531 4039 ἐγκεκρυμμένην
1559 3968 1658 4039 τὴν
1690 3969 1872 4040 ἀμαρ-

266 4053 409 4107 τίαν.
460 4054 601 4106 Ἀλλ’
630 4054 1030 4125 ἥξει,φησ“ι,καὶ
1048 4058 1077 4109 6
1100 4056 1209 4109 τῶν
1229 4056 1435 4110 ὠδίνων
1461 4058 1672 4127 καιρός.
1701 4050 1872 4121 υῦτος

266 4145 311 4199 δ’
344 4145 413 4200 ἂν
453 4148 630 4201 νοοῖτο
684 4147 868 4210 πάλιν,
900 4147 928 4199 ὅ
977 4164 1037 4201 τε
1070 4148 1167 4201 τοῦ
1223 4148 1463 4219 πολέμου
1496 4152 1592 4204 καὶ
1624 4150 1725 4219 τῆς
1754 4152 1874 4220 αἰχ-

273 4238 582 4308 μαλωσίας.
619 4240 684 4293 Εί
710 4239 821 4310 γὰρ
850 4239 946 4292 καὶ
980 4240 1055 4312 μὴ
1083 4240 1234 4311 αὐτῷ
1266 4241 1465 4312 συνέϐη
1495 4241 1576 4312 τῷ
1609 4240 1871 4313 Ἐφραῖμ,

271 4329 388 4383 ἀλλ’
422 4326 520 4385 οὖν
574 4333 690 4395 τοῖς
737 4331 798 4396 ἐξ
836 4329 1003 4384 αὐτοῦ
1040 4332 1344 4400 γεγονόσιν,
1392 4334 1563 4405 ήγουν
1606 4336 1723 4398 τοῖς
1771 4333 1876 4404 τῆς

271 4422 451 4493 ἀρχῆς
500 4422 772 4494 διαδόχοις
826 4423 1061 4495 ἐπῆλθον
1117 4423 1260 4478 κατὰ
1318 4427 1582 4497 καιροὺς,
1636 4427 1719 4480 ὅτι
1773 4426 1875 4497 τῆς

1962 3235 2274 3291 contritione
2299 3231 2551 3301 ﬁliorum.

2031 3324 2212 3380 CLIII.
2242 3323 2358 3378 Hoc
2380 3320 2507 3376 illud
2530 3325 2633 3386 est,
2666 3316 2744 3372 uti
2774 3330 2921 3381 reor,
2950 3333 2970 3367 ι
3003 3312 3255 3383 concepit
3288 3311 3551 3378 dolorem,

1963 3424 2021 3472 et
2050 3413 2261 3486 peperit
2294 3412 2631 3481 iniquitatem
2655 3408 2755 3460 ⁸⁸.»
2790 3404 3061 3475 Principio
3080 3402 3223 3459 enim
3246 3400 3555 3465 Jeroboam,

1963 3522 2035 3565 ne
2063 3514 2281 3576 sceptro
2301 3505 2627 3576 privaretur,
2655 3497 2852 3554 Israele
2880 3496 3088 3552 scilicet
3118 3493 3353 3564 legitima
3385 3491 3558 3547 sacri-

1967 3600 2087 3656 ﬁcia
2130 3611 2415 3667 usurpare,
2438 3604 2493 3651 et
2529 3594 2600 3649 ob
2649 3591 2793 3646 hanc
2842 3603 3063 3644 causam
3125 3582 3556 3653 Hierosolymam

1967 3691 2263 3747 ascendere
2331 3688 2624 3758 cupiente,
2677 3681 2874 3737 vitulos
2936 3693 3129 3734 aureos
3194 3674 3557 3745 excogitavit,

1969 3791 2359 3853 peccatumque
2388 3780 2537 3835 velut
2566 3778 2864 3832 coloratum
2892 3780 3270 3828 etcontectum
3293 3776 3553 3838 tanquam
3582 3780 3583 3783 ‘

1970 3872 2172 3929 malum
2216 3886 2400 3927 semen
2439 3870 2766 3927 inanimum
2822 3866 3045 3936 recepit.
3071 3864 3177 3918 Sed
3215 3860 3429 3925 veniet,
3480 3860 3563 3914 in-

1971 3966 2105 4035 quit,
2132 3971 2190 4020 et
2220 3972 2433 4031 tempus
2487 3962 2732 4016 dolorum
2758 3968 2969 4029 partus.
2999 3955 3154 4023 Quod
3191 3955 3410 4025 quidem
3435 3950 3560 4008 belli

1972 4065 2025 4113 et
2080 4053 2411 4124 captivitatis
2456 4060 2634 4123 potest
2673 4048 2923 4117 intelligi.
2954 4044 3213 4113 Quamvis
3254 4043 3397 4098 enim
3452 4055 3561 4095 non

1976 4152 2075 4223 ipsi
2111 4150 2391 4221 Epliraim,
2417 4146 2649 4219 posteris
2680 4155 2859 4200 tamen
2888 4143 3029 4212 ejus,
3055 4145 3169 4196 sive
3223 4135 3558 4193 successori-

1974 4244 2075 4299 bus
2123 4244 2175 4297 in
2221 4240 2548 4310 principatu,
2603 4243 2668 4291 ut
2710 4232 3005 4304 impietatis
3052 4228 3414 4294 imitatoribus
3466 4223 3565 4278 ali-

1977 4333 2193 4406 quando
2224 4332 2423 4388 evenit.
2454 4328 2617 4396 Quasi
2646 4319 2810 4398 igitur
2834 4325 3174 4397 Synagogam
3207 4322 3261 4376 in
3315 4317 3567 4375 Samaria

1978 4426 2329 4497 compellans,
2391 4423 2596 4493 inquit:
2642 4419 2777 4488 Quis
2848 4428 2900 4473 te
2944 4414 3205 4473 salvabit?
3257 4427 3384 4468 num
3426 4409 3570 4464 ﬁlius

272 4515 488 4568 ἐκείνου
543 4514 868 4580 δυσσεϐείας
920 4516 1178 4585 γεγόνασι
1249 4517 1504 4588 μιμηταί.
1556 4517 1864 4587 Διαλέγεται

1984 4526 2107 4573 tuus
2126 4518 2213 4572 hic
2238 4512 2519 4587 prudens?
2556 4509 2794 4567 Dicendo
2816 4525 2835 4561 ι
2879 4510 2966 4565 hic
2992 4526 3011 4560 ι
3042 4514 3139 4561 aut
3172 4504 3278 4559 illis
3310 4498 3570 4569 tempori-

272 4608 456 4664 τοίνυν
488 4609 567 4673 ὡς
595 4610 733 4681 πρὸς
756 4609 856 4680 τὴν
884 4611 944 4663 ὲν
975 4613 1042 4681 τῇ
1080 4609 1366 4681 Σαμαρείᾳ
1398 4611 1745 4682 συναγωγὴν,
1780 4611 1876 4679 καί

275 4715 431 4769 φησι,
460 4699 556 4761 Τίς
590 4715 651 4751 σε
679 4698 938 4753 διασώσει
962 4716 977 4766 ;
1026 4695 1139 4770 ἄρα
1168 4702 1196 4753 6
1224 4700 1338 4763 υἱός
1382 4716 1475 4753 σου
1508 4696 1662 4763 οὗτος
1690 4702 1718 4754 6
1744 4701 1878 4772 φρό-

274 4808 466 4862 νιμος;
497 4791 692 4860 Λέγων
728 4791 785 4845 δὲ
819 4792 902 4859 τὸ,
943 4811 963 4847 ι
1000 4788 1175 4859 οὗτος,
1215 4813 1234 4845 ι
1272 4794 1306 4865 ἢ
1340 4793 1432 4847 τὸν
1472 4792 1616 4847 κατὰ
1648 4796 1876 4866 καιροὺς

278 4882 641 4953 βασιλεύοντα
669 4884 966 4951 δείκνυσιν,
1006 4886 1065 4950 ὃς
1100 4888 1194 4939 καὶ
1237 4886 1335 4957 τὴν
1375 4884 1469 4939 τοῦ
1513 4886 1692 4940 δοκεῖν
1734 4881 1876 4940 εἷναι

278 4976 507 5039 συνετὸς
545 4976 763 5047 ἐδέχετο
809 4978 969 5042 δόξαν
1021 4978 1352 5049 (παρέπεται
1403 4976 1515 5051 γὰρ
1559 4978 1720 5033 τοῦτο
1762 4981 1877 5043 τοῖς

276 5068 581 5140 κρατοῦσιν
604 5068 784 5140 ἀεὶ),ἢ
816 5069 948 5140 γοῦν
985 5068 1171 5140 ἕτερόν
1198 5088 1271 5135 τι,
1302 5070 1397 5124 καὶ
1423 5069 1501 5141 τῷ
1532 5070 1723 5143 καιρῷ,
1743 5072 1880 5143 πρέ-

278 5180 379 5217 πον
410 5162 693 5232 ὑποδηλοῖ,
724 5162 848 5217 καθ’
877 5161 906 5215 ὃ
939 5162 1035 5217 καὶ
1065 5163 1095 5215 6
1130 5162 1233 5231 τῆς
1278 5142 1639 5234 προφητείας
1661 5142 1881 5233 ἐγένετο

279 5256 461 5326 λόγος.
496 5274 516 5308 ι
554 5254 946 5318 Βασιλεύοντος
975 5253 1085 5323 γὰρ
1144 5252 1239 5305 τοῦ
1282 5253 1449 5324 Ἀχὰξ
1478 5254 1572 5307 ἐπὶ
1613 5253 1705 5307 τὸν
1747 5251 1879 5306 Ἰού-

281 5348 377 5403 δαν
404 5351 465 5402 ὲν
487 5350 603 5412 τοῖς
643 5346 1060 5419 Ἱεροσολύμοις,
1094 5347 1153 5400 ὲν
1179 5345 1450 5415 ἑνδεκάτῳ
1485 5344 1617 5411 ἔτει,
1660 5344 1884 5415 βεϐασί-

286 5452 479 5495 λευκεν
524 5442 586 5495 ὲν
622 5442 689 5511 τῇ
722 5439 1008 5511 Σαμαρείᾳ
1046 5438 1139 5492 ἐπὶ
1167 5437 1258 5491 τὸν
1316 5435 1533 5509 Ἰσραὴλ
1574 5436 1732 5509 Ὠσηὲ
1770 5436 1885 5499 υίὸς

298 5536 455 5599 Ἦλά,
484 5536 545 5601 ὃς
574 5535 799 5605 ἐποίησε
824 5534 885 5588 τὸ
915 5532 1152 5605 πονηρὸν
1181 5533 1240 5585 ὲν
1269 5531 1571 5601 ὀφθαλμοῖς
1599 5529 1826 5600 Κυρίου.
1860 5548 1879 5580 ι

304 5628 468 5682 Ἀλλά
499 5629 620 5683 κατ’
647 5629 826 5682 ἐκεῖνο
854 5625 1047 5697 καιροῦ
1091 5624 1531 5696 κατεστράτευσε
1566 5621 1669 5693 τῆς
1703 5622 1889 5692 Σαμα-

1972 4612 2073 4667 bus
2094 4613 2410 4678 regnantem
2442 4601 2908 4675 signiﬁcat,quiet
2927 4598 3237 4669 opinionem
3264 4590 3571 4664 prudentiae

1972 4695 2235 4767 habebat(
2258 4711 2323 4750 ea
2372 4693 2517 4749 enim
2558 4692 2887 4760 imperantes
2943 4698 3159 4751 semper
3211 4679 3425 4749 decet),
3481 4686 3576 4731 aut

1972 4799 2120 4847 certe
2138 4787 2282 4843 aliud
2307 4784 2582 4855 quidpiam
2611 4792 2667 4839 et
2687 4780 2914 4851 tempori
2950 4782 3375 4833 consentaneum
3412 4768 3575 4823 tacite

1973 4882 2198 4943 indicat,
2236 4893 2343 4947 quo
2391 4877 2554 4933 ctiam
2608 4873 2927 4929 vaticinium
2976 4876 3201 4940 spectat.
3250 4864 3576 4932 (Regnanto

1974 4973 2117 5030 enim
2147 4970 2329 5025 Acbaz
2359 4980 2521 5038 super
2541 4965 2736 5021 Judam
2758 4960 3146 5033 Hierosolymis
3174 4970 3314 5012 anno
3339 4951 3579 5015 decimo,

1989 5061 2238 5134 regnavit
2268 5059 2321 5115 in
2359 5056 2604 5113 Samaria
2639 5068 2803 5123 super
2839 5051 3008 5107 Israel
3057 5048 3195 5105 Osee
3238 5046 3381 5101 ﬁlius
3428 5041 3526 5096 Ela
3557 5078 3575 5106 ,

1987 5154 2080 5226 qui
2108 5153 2236 5210 fecit
2262 5151 2467 5207 malum
2511 5147 2567 5203 in
2601 5146 2773 5203 oculis
2802 5143 3019 5200 Domini
3048 5142 3145 5195 97.:
3171 5140 3435 5195 Caeterum
3470 5145 3578 5226 per

1988 5222 2121 5302 illud
2189 5253 2401 5314 tempus
2444 5239 2643 5311 irrupit
2689 5252 2812 5294 cum
2869 5234 3110 5291 exercitu
3170 5229 3226 5285 in
3271 5222 3577 5314 Samariam

1983 5313 2337 5393 Salmanasar
2364 5349 2459 5390 rex
2480 5331 2851 5405 Assyriorum,
2869 5347 2888 5380 ι
2908 5336 2961 5383 et
2984 5326 3156 5381 factus
3184 5327 3267 5377 est
3290 5313 3575 5385 ei,inquit,

1982 5428 2124 5485 Osee
2152 5443 2342 5483 servus
2362 5427 2463 5481 ’3.»
2518 5425 2695 5481 Iratus
2735 5429 2817 5479 est
2854 5429 3036 5475 autem
3080 5415 3158 5470 illi
3222 5412 3581 5467 vehementer

1984 5522 2239 5593 Assyrius
2261 5522 2365 5575 hac
2397 5521 2463 5575 de
2486 5533 2672 5574 causa.
2696 5515 2840 5571 Misit
2863 5512 3061 5581 quippe
3093 5509 3160 5563 ad
3181 5521 3303 5563 eum
3336 5502 3578 5569 nuntios,

1986 5624 2385 5687 petcnsmanaa
2404 5611 2421 5681 (
2440 5608 2614 5680 dona)
2639 5618 2695 5664 et
2736 5622 2856 5677 quae
2882 5604 3112 5661 solebat.
3140 5600 3238 5657 Ille
3268 5596 3372 5657 sibi
3392 5596 3461 5652 ab
3511 5608 3579 5650 eo

367 5808 417 5841 “
454 5807 475 5862 ι
510 5807 646 5878 Reg.
700 5822 818 5870 vm,
861 5806 913 5862 6.
993 5804 1086 5859 "I
1127 5803 1260 5873 Reg.
1313 5820 1365 5869 κ,
1410 5804 1458 5857 I.
1539 5803 1583 5834 ⁸⁸
1616 5799 1713 5855 Job
1753 5794 1949 5863 ",55.
2026 5790 2069 5823 "’
2107 5786 2347 5859 IVHch.
2392 5800 2521 5852 xvu,
2568 5786 2617 5851 I,
2660 5784 2713 5840 2.
2792 5783 2840 5819 ⁸⁸
2873 5783 3007 5840 Ibid.
3048 5781 3108 5837 5.
