3982 6500
416 336 514 391 5H

1421 337 1479 396 S.
1522 337 1800 394 CYRILLI
1837 338 2310 394 ALEXANDRINI
2349 338 2676 396 ARCHIEP.

3618 343 3726 399 512

418 448 676 520 imperari
744 465 848 505 non
896 451 1204 519 sustinens,
1257 451 1464 524 legatos
1505 454 1572 508 ad
1609 452 1780 520 Segor
1834 467 2011 521 regem

2142 454 2272 515 ›είας
2303 453 2670 524 Σαλμανασὰρ
2713 453 2963 522 βασιλεὺς
3005 454 3332 525 Ἀσσυρίων.
3388 473 3408 506 ι
3453 456 3568 509 Καὶ
3613 457 3725 525 ἐγε-

418 539 665 612 A‘ngpti,
707 542 774 596 ab
802 557 867 596 eo
891 545 1169 612 suppetias
1199 545 1420 615 petitum
1450 544 1618 600 misit.
1651 543 1724 598 Ea
1759 561 1816 600 re
1849 545 2016 600 allen-

421 649 515 688 sus
562 632 930 701 Salmanasar,
963 637 1265 691 Samariam
1316 644 1428 690 toto
1484 636 1716 691 triennio
1779 638 2010 691 obsedit.

422 724 627 778 Deinde
651 725 790 780 Osee
820 727 998 782 vivum
1047 737 1262 798 captmn
1308 727 1537 782 vinculis
1568 728 1846 795 astrinxit,
1876 739 1930 783 et
1960 730 2012 782 in

423 831 550 872 suos
575 818 778 875 retulit.
808 820 1060 875 lsraelem
1103 834 1319 890 quoque
1343 820 1396 872 in
1425 828 1676 873 montana
1726 818 2014 874 Persarum
2043 878 2046 879 ,

425 917 480 962 ct
506 909 784 964 Medorum
817 910 1121 981 demigrare
1149 911 1342 982 coegit.
1379 910 1603 966 Videtur
1628 911 1808 980 itaque
1837 926 2017 966 sermo

425 1003 784 1071 propheticus
828 1005 918 1059 hic
953 1005 1106 1058 nobis
1145 1004 1286 1058 Osee
1335 1002 1500 1058 ﬁlium
1547 1004 1642 1058 Ela
1686 1006 2014 1073 exprimere,

426 1109 587 1164 quem
621 1105 676 1150 et
701 1098 1018 1166 prudentem
1046 1099 1290 1152 nominat
1321 1115 1335 1162 ;
1366 1115 1470 1152 non
1504 1100 1630 1169 quia
1675 1115 1860 1155 revera
1891 1116 2018 1170 pru-

429 1185 562 1241 dens
581 1185 760 1253 l‘uerit,
787 1190 880 1243 sed
899 1188 1069 1243 ironia
1088 1189 1322 1258 quadam
1341 1191 1532 1261 utitur.
1549 1189 1856 1257 llabebalur
1873 1191 2016 1245 enim
2041 1241 2046 1246 .

431 1279 499 1334 ab
519 1277 720 1335 lsraele
764 1296 861 1350 pro
891 1282 1008 1337 viro
1031 1282 1298 1350 prudente
1313 1293 1367 1336 et
1386 1283 1476 1351 qui
1503 1285 1873 1353 persapienter
1890 1299 2020 1338 con-

431 1374 708 1440 suluisset,
732 1390 854 1429 cum
891 1391 955 1431 ex
991 1375 1224 1445 Egypto
1255 1392 1408 1445 opem
1437 1393 1536 1445 pm
1567 1378 1696 1446 ipsis
1730 1378 2017 1446 petendam

432 1467 779 1532 censuisset;
815 1467 908 1520 sed
966 1466 1160 1520 frivolc
1197 1477 1252 1522 et
1307 1469 1565 1523 inutiliter
1619 1468 1817 1523 fecisse
1861 1477 2020 1537 atque

431 1553 778 1609 consuluisse.
822 1555 1093 1624 apparuit.
1144 1556 1302 1625 187
1354 1555 1484 1622 Quis
1541 1572 1690 1626 ergo,
1739 1558 1931 1626 inquit,
1968 1566 2021 1612 te

433 1659 463 1698 a
503 1645 840 1715 gravissimis
879 1645 1284 1700 calamitatibus
1342 1647 1678 1716 perferendis
1723 1646 1972 1700 liberabit
2000 1646 2042 1702 ?.

439 1753 458 1786 ι
493 1733 592 1788 Hic
628 1734 770 1788 ﬁlius
799 1745 922 1789 tuus
974 1734 1061 1790 ille
1101 1736 1358 1805 prudens,
1390 1738 1513 1805 quia
1579 1752 1684 1790 non
1712 1736 2022 1792 sustinebit

2123 544 2281 614 νήθη,
2337 545 2522 614 φησὶν,
2575 545 2734 616 Ὠσηὲ
2777 545 2926 616 αὐτῷ
2979 545 3183 609 δοῦλος.
3245 564 3264 597 ›
3328 545 3619 616 Ὠργίζετο
3670 549 3723 602 δὲ

2123 635 2241 689 λίαν
2293 638 2320 690 6
2383 636 2666 708 Ἀσσύριος
2717 641 2805 692 ἐπ’
2867 638 3017 710 αὐτῷ
3070 639 3138 690 δι’
3199 640 3384 693 αἰτίαν
3441 641 3732 712 τοιαύτην.⁸

2127 729 2376 797 Ἐπεμψε
2426 729 2525 798 μὲν
2552 729 2661 802 γὰρ
2691 731 2828 801 πρὸς
2867 731 3030 784 αὐτὸν
3077 731 3369 799 ἀγγέλους,
3416 733 3587 785 αἰτῶν
3634 752 3726 803 μαι

2123 819 2246 880 ναὰ.
2267 819 2362 873 καὶ
2384 820 2453 872 τὰ
2475 819 2701 892 συνήθη.
2733 823 2793 874 '0
2813 822 2871 874 δὲ
2894 820 3491 893 προστάττεσθαιπαᾷ
3517 825 3731 880 ἐκείνου.

2128 909 2202 980 μὴ
2231 911 2619 982 ἀνασχόμενος,
2651 913 3020 984 ἐπρεσϐεύετο
3065 915 3202 984 πρὸς
3249 915 3454 986 Σηγὼρ
3504 917 3728 986 βασιλέα

2123 1001 2422 1069 Αἰγύπτου,
2476 1004 2573 1071 τὴν
2635 1007 2763 1074 παρ’
2802 1005 2966 1058 αὑτοῦ
3021 1006 3278 1076 βοήθειαν
3330 1009 3528 1062 αἰτῶν.
3583 1010 3728 1079 Πρὸς

2123 1095 2280 1149 τοῦτο
2302 1096 2675 1168 λελυπημένος
2700 1101 2730 1151 6
2760 1098 3149 1170 Σαλμανασὰρ,
3182 1101 3594 1172 πεπολιόρκηκε
3632 1105 3727 1174 μὲν

2125 1194 2222 1261 τὴν
2257 1191 2592 1260 Σαμάρειαν,
2621 1192 2704 1259 ἐφ’
2736 1191 2876 1254 ὅλοις
2915 1191 3062 1245 ἔτεσι
3101 1192 3302 1262 τρισίν.
3339 1189 3480 1246 Εἶτα
3513 1194 3726 1266 ζωγρή-

2128 1298 2226 1343 σας
2253 1280 2343 1332 τὸν
2386 1279 2564 1351 Ὠσηὲ,
2601 1279 2888 1351 δεσμώτην
2923 1279 3118 1346 ἐποίει,
3150 1280 3246 1334 καὶ
3278 1281 3639 1350 κατέγραφεν
3671 1285 3726 1336 ὲν

2125 1361 2384 1436 οἰκέταις.
2435 1371 2706 1442 Ἀπῴκισε
2753 1373 2810 1425 δὲ
2862 1373 2957 1426 καὶ
3007 1373 3098 1426 τὸν
3157 1374 3378 1445 Ἰσραὴλ
3422 1375 3482 1427 ἐν
3531 1374 3726 1445 ὀρείοις

2130 1466 2356 1537 Περσῶν
2404 1466 2498 1519 καὶ
2534 1465 2753 1534 Μήδων.
2787 1467 3004 1518 Ἔοικεν
3031 1462 3122 1520 οὖν
3155 1468 3184 1519 6
3230 1467 3578 1537 προφητικὸς
3601 1469 3726 1538 ἡμῖν

2127 1558 2284 1627 λόγος
2338 1558 2497 1628 Ὠσηὲ
2542 1558 2634 1611 τὸν
2687 1556 2821 1610 Ἢὶὰ
2854 1556 3263 1612 καταδεικνύειν
3306 1558 3368 1611 ὲν
3398 1557 3631 1621 τούτοις,
3668 1557 3727 1611 δν

2128 1652 2224 1704 καὶ
2265 1647 2531 1723 φρόνιμον
2576 1648 2878 1704 ἀποκαλεῖ.·
2909 1650 3020 1721 Οὐχ
3065 1651 3146 1703 ὅτι
3201 1650 3432 1713 συνετὸς
3481 1646 3551 1720 ἧν
3590 1650 3728 1703 κατὰ

2128 1740 2408 1812 ἀλήθειαν,
2461 1741 2577 1794 ἀλλ’
2608 1742 2770 1795 οἱονεί
2810 1759 2929 1804 πως
2961 1741 3330 1812 εἰρωνεύεται.
3393 1741 3598 1794 Ἐδόκει
3635 1740 3726 1811 μὲν

433 1825 489 1880 in
527 1824 1176 1890 contritioneﬁliorum.»
1205 1825 1338 1879 Dum
1371 1827 1516 1880 enim
1559 1826 1652 1880 ﬁlii
1708 1829 1781 1881 tui
1839 1837 2022 1882 conte-

2142 1833 2234 1904 γὰρ
2266 1833 2420 1904 παρὰ
2442 1832 2520 1902 τῷ
2567 1833 2782 1904 Ἰσραὴλ
2816 1833 3039 1895 συνετὸς
3085 1829 3222 1885 εἷναί
3251 1850 3359 1898 τις,
3391 1833 3487 1885 καὶ
3529 1833 3723 1903 σφόδρα

438 1926 649 1982 rentur,
675 1917 870 1986 inquit,
903 1932 1004 1973 nec
1032 1919 1147 1987 ipse
1194 1919 1471 1974 subsistet.
1505 1918 1781 1988 Capietur,
1811 1935 2026 1975 servus-

435 2024 544 2079 que
573 2019 627 2064 et
657 2010 905 2078 captivus
942 2025 1047 2064 una
1073 2027 1198 2065 eum
1248 2010 1372 2065 aliis
1417 2011 1482 2066 ad
1509 2011 1759 2082 Assyrios
1827 2013 2030 2080 migra—

436 2102 539 2158 bit.
567 2104 854 2172 Sapienter
886 2103 1068 2172 itaque
1109 2104 1199 2172 qui
1233 2103 1452 2172 psallit:
1494 2123 1510 2156 ι
1558 2104 1838 2160 Fortitudo
1887 2120 2027 2171 mea,

439 2205 497 2250 et
523 2195 639 2249 laus
673 2210 790 2249 mea
821 2194 1084 2250 Dominus
1111 2195 1306 2250 ⁹⁹.›Αι›
1337 2196 1453 2265 ipso
1473 2196 1616 2250 enim
1652 2197 1824 2251 virtus
1854 2197 2034 2252 omnis

2133 1923 2312 1993 σοφῶς
2376 1922 2796 1993 βεϐουλεῦσθαι,
2845 1923 2935 1976 διά
2984 1940 3066 1978 τοι
3135 1923 3196 1975 τὸ
3247 1922 3470 1975 ἑλέσθαι
3521 1921 3617 1993 τὴν
3669 1921 3724 1986 ἐξ

2130 2014 2410 2082 Αἰγύπτου
2443 2013 2627 2068 καλεῖν
2678 2013 3000 2085 ἐπικουρίαν
3045 2013 3249 2076 αὐτοῖς.
3297 2011 3441 2064 Ἀλλ’
3486 2013 3600 2081 ἥλω
3629 2012 3725 2080 ψυ-

2128 2108 2255 2178 χρὰ,
2297 2109 2392 2160 καὶ
2421 2107 2694 2177 ἀνώνητα,
2728 2107 2824 2160 καὶ
2864 2107 3090 2177 δράσας,
3131 2105 3226 2159 καὶ
3276 2104 3718 2175 βουλευσάμενος.

2129 2201 2226 2266 Τίς
2256 2199 2321 2272 δὴ
2363 2198 2460 2254 οὖν
2484 2201 2613 2273 ἄρα,
2649 2200 2836 2272 φησιν,
2872 2198 3135 2263 ὲξελεῖταί
3185 2215 3244 2252 σε
3291 2197 3388 2251 τοῦ
3424 2197 3500 2268 μὴ
3542 2195 3722 2250 παθεῖν

439 2297 495 2344 ει
551 2287 699 2342 salus
759 2287 972 2354 omnis,
1029 2297 1083 2343 et
1131 2298 1285 2343 extra
1349 2288 1524 2357 ipsum
1577 2302 1736 2343 nemo
1805 2295 1891 2342 est
1940 2287 2030 2356 qui

2142 2292 2229 2356 τὰς
2267 2293 2601 2364 ἀνηκέστους
2628 2291 2948 2364 συμφοράς;
2990 2311 3008 2344 ι
3037 2284 3207 2354 Οὗτος
3230 2293 3260 2344 6
3293 2291 3413 2352 υἱός
3437 2306 3529 2342 σου
3553 2288 3723 2358 φρόνι-

439 2379 678 2464 εθινείιι.
700 2403 704 2407 ι

2038 2405 2042 2414 ·
2131 2401 2250 2454 μος,
2281 2385 2417 2439 διότι
2454 2386 2517 2438 οὐ
2544 2385 2619 2457 μὴ
2655 2386 2863 2455 ὑποστῇ
2899 2386 2958 2437 ὲν
2991 2382 3250 2454 συντριϐῇ
3295 2382 3525 2436 τέκνων.
3567 2399 3585 2432 ι
3611 2378 3723 2431 Τῶν

439 2473 550 2544 γὰρ
582 2473 688 2527 σῶν
713 2477 919 2530 τέκνων
950 2472 1406 2543 συντριϐομένων,
1436 2472 1590 2542 φησι,
1629 2469 1737 2524 οὐδ’
1771 2469 1838 2523 ἂν
1898 2471 2060 2536 αὐτὸς
2094 2474 2385 2546 ὑποσταίη.
2419 2477 2772 2547 Ληφθήσεται
2833 2476 2940 2546 γὰρ
2971 2475 3159 2538 δοῦλός
3217 2491 3282 2527 τε
3325 2474 3423 2528 καὶ
3453 2471 3722 2543 αἰχμάλω-

440 2564 550 2628 τος,
600 2550 735 2636 ὁμοῦ
790 2569 903 2630 τοῖς
946 2564 1128 2628 ἄλλοις
1177 2563 1438 2633 βαδιεῖται
1489 2562 1628 2634 πρὸς
1689 2563 2043 2633 ’Δσσυρίους.,
2072 2565 2242 2637 Σοφὸς
2308 2565 2401 2622 οὖν
2429 2571 2457 2622 6
2482 2567 2739 2633 Ψάλλων,
2779 2586 2796 2618 ι
2852 2550 3057 2638 Ἰσχύς’
3087 2583 3210 2636 μου,
3240 2565 3341 2618 καὶ
3373 2562 3604 2634 ὖμνησίς
3628 2577 3719 2631 μου

440 2660 470 2712 6
493 2658 714 2730 Κύριος.
757 2678 775 2710 ι
808 2659 946 2729 Παρ’
965 2645 1150 2710 ἀὐτοῦ
1192 2656 1302 2727 γὰρ
1331 2657 1479 2708 πᾶσα
1506 2654 1736 2725 δύναμις
1778 2655 1871 2708 καὶ
1903 2657 2148 2729 σωτηρία
2169 2677 2181 2689 ·
2217 2662 2312 2714 καὶ
2341 2659 2529 2726 σώζων
2554 2661 2654 2714 οὐκ
2684 2663 2801 2714 ἔστι
2833 2659 3011 2730 πάρεξ
3039 2656 3225 2712 αὑτοῦ.
3546 2707 3552 2711 ,
3709 2669 3712 2674 ·

517 2748 678 2811 \‘sas.
721 2737 810 2803 Η.
868 2741 1149 2803 Πείηιαηιι
1183 2746 1378 2816 inferni
1432 2746 1660 2800 liberabo
1710 2761 1820 2810 eos,
1874 2756 1921 2799 et
1972 2745 2040 2800 de

2227 2753 2324 2806 Ἐκ
2356 2755 2556 2822 χειρὸς
2596 2752 2746 2819 ᾅδου
2785 2751 3052 2819 ῥύσομαι
3085 2747 3350 2812 αὐτοὺς,
3391 2745 3488 2801 καί
3526 2744 3594 2799 ἐκ
3629 2747 3719 2798 θα-

445 2851 611 2896 morte
659 2841 919 2894 redimam
963 2839 1106 2893 illos.
1156 2836 1257 2892 Ubi
1309 2839 1529 2892 uictoria
1566 2846 1678 2902 tua,
1721 2840 1901 2893 mors?
1949 2838 2040 2892 ubi

2142 2844 2330 2900 νάτου
2356 2845 2740 2915 λυτρώσομαι
2767 2843 3010 2909 αὐτούς.
3039 2841 3167 2907 Ποῦ
3212 2841 3252 2910 ’ἠ
3299 2839 3440 2908 δίκη
3479 2853 3610 2905 σου,
3637 2834 3722 2892 (ida

446 2933 665 2986 aculeus
701 2940 846 2994 tuus,
874 2929 1124 2999 inferne?

2145 2953 2324 3001 rats;
2353 2937 2472 2991 ποῦ
2497 2935 2564 2990 τὸ
2588 2935 2840 3004 κέντρον
2871 2947 3011 2998 σου,
3045 2932 3158 3001 ᾄδη
3181 2948 3200 2996 ;

521 3021 703 3078 CLIV.
755 3019 1050 3090 Postquam
1079 3033 1146 3073 ex
1179 3020 1259 3072 ira
1289 3017 1669 3088 peccatoribus
1690 3017 1905 3073 locutus
1933 3025 2038 3084 est,

2218 3029 2388 3083 PNA’.
2410 3027 2492 3082 Τὰ
2531 3028 2597 3081 ὲκ
2631 3026 2806 3097 θυμοῦ
2836 3025 3076 3096 λαλήσας
3105 3025 3218 3085 τοῖς
3244 3019 3617 3093 ἡμαρτηκόσι,
3635 3016 3719 3070 καὶ

449 3125 506 3171 et
548 3131 612 3172 ex
664 3113 852 3171 dolore
899 3127 998 3168 suo
1051 3110 1158 3166 illis
1198 3121 1462 3166 eventura
1511 3109 1920 3180 praenuntiavit,
1975 3110 2040 3163 ad

2144 3119 2215 3173 τὰ
2241 3120 2306 3172 ὲκ
2330 3118 2509 3188 λύπης
2537 3116 2774 3188 ἐσόμενα
2796 3112 3302 3187 προαπηγγελκὼς,
3330 3110 3716 3180 ἁναπεφοίτηκε

454 3206 926 3263 mansuetudinem
963 3205 1072 3260 Deo
1117 3207 1371 3258 decoram
1405 3200 1719 3265 revertitur,
1752 3212 1810 3256 et
1843 3215 1902 3255 se
1937 3215 2040 3256 non

2146 3211 2307 3266 πάλιν
2341 3212 2422 3275 είς
2452 3209 2729 3282 θεοπρεπῆ
2757 3225 2817 3260 τε
2845 3207 3186 3278 ἡμερότητα,
3244 3205 3349 3259 καὶ
3392 3205 3475 3256 ὅτι
3521 3201 3592 3272 μὴ
3617 3200 3718 3251 εἱσ-

451 3300 766 3355 universum
812 3311 982 3368 genus
1027 3298 1321 3350 humanum
1382 3300 1715 3358 aversatum,
1761 3305 1936 3361 neque
1989 3291 2040 3345 in

2146 3299 2292 3354 ἁπαν
2347 3297 2410 3350 τὸ
2465 3299 2559 3351 ἐπὶ
2613 3297 2720 3367 γῆς
2776 3296 3160 3366 ἀπέστραπται
3207 3294 3393 3363 γένος,
3443 3293 3574 3363 μήτε
3623 3287 3718 3358 μὴν

452 3389 701 3446 exsilium
738 3384 1098 3442 irrevocabile
1142 3384 1642 3455 sempiternumque
1680 3383 1916 3448 misisse,
1949 3382 2046 3438 sed

454 3483 640 3537 datum
696 3479 770 3534 iri
807 3467 1107 3547 aliquando
1148 3477 1362 3532 veniam
1417 3485 1473 3530 et
1523 3477 1926 3532 revocationem
1978 3477 2047 3532 ad

456 3582 692 3631 veterem
720 3581 917 3627 statum
947 3570 1001 3624 in
1044 3569 1282 3634 Christo,
1313 3568 1538 3632 indicat,
1582 3568 1786 3624 addens
1843 3568 2044 3624 libera-

454 3679 637 3723 turum
676 3679 740 3720 se
772 3664 838 3718 de
888 3677 1051 3717 manu
1103 3660 1262 3716 inferi
1300 3669 1357 3716 et
1407 3659 1475 3715 de
1509 3667 1685 3715 morte
1736 3662 2048 3731 redemptu-

459 3767 600 3816 rum,
629 3751 772 3806 haud
807 3749 968 3804 dubie
995 3748 1170 3804 eidem
1202 3757 1425 3818 propter
1459 3759 1678 3818 peccata
1719 3750 1770 3804 in
1798 3749 2048 3806 Condito-

461 3861 574 3900 rem
612 3843 927 3907 commissa,
973 3849 1028 3894 et
1071 3852 1294 3911 propter
1329 3843 1811 3912 transgressionem
1853 3843 2046 3899 Adami

460 3956 488 3991 a
523 3934 787 4006 principio
835 3931 1127 4001 subjectos.
1163 3932 1327 3987 Facta
1385 3943 1467 3988 est
1513 3935 1657 3989 enim
1695 3944 1882 4004 postea
1925 3935 2049 3990 talis

462 4025 757 4094 promissio
779 4039 886 4078 non
913 4023 1087 4078 solum
1118 4023 1396 4093 Ephraim,
1431 4039 1524 4080 seu
1549 4025 1829 4094 progeniei
1857 4022 2047 4091 Israel,

462 4121 556 4174 sed
601 4117 924 4174 mortalibus
958 4111 1250 4172 universis.
1293 4116 1451 4183 Nam,
1497 4128 1556 4171 ut
1594 4117 1786 4172 scribit
1833 4116 2050 4171 divinus

463 4212 683 4277 Paulus,
743 4208 908 4265 «Non
966 4208 1276 4264 Judeeorum
1323 4210 1466 4263 Deus
1522 4217 1770 4271 tantum,
1845 4206 1940 4260 sed
1997 4215 2052 4261 et

464 4306 730 4376 gentium.
763 4301 1096 4358 Justiﬁcavit
1129 4301 1274 4356 enim
1304 4300 1775 4354 circumcisionem
1808 4313 1874 4352 ex
1922 4297 2047 4362 ﬁde,

2144 3392 2346 3462 ἀνῆκεν
2375 3390 2458 3452 είς
2486 3385 2839 3458 καταφθορὰν
2877 3383 3130 3454 ἀχάλινόν
3167 3400 3260 3448 τι,
3309 3384 3405 3437 καὶ
3445 3381 3717 3448 ἀτελεύτη-

2143 3499 2257 3547 τον,
2297 3479 2412 3533 ὰλλ’
2449 3479 2606 3532 ἔσται
2652 3494 2734 3540 τις
2784 3475 2928 3530 κατὰ
2970 3474 3199 3546 καιροὺς
3231 3473 3420 3544 φειδὼ,
3467 3471 3559 3525 καὶ
3599 3469 3715 3522 ἀνάι

2147 3572 2339 3645 κλησις
2380 3573 2462 3636 είς
2494 3570 2556 3623 τὺ
2587 3569 2680 3623 ἀπ’
2713 3567 2891 3639 ἀρχῆς
2920 3568 2978 3620 ὲν
3007 3565 3230 3638 Χριστῷ
3252 3608 3267 3632 ,
3303 3563 3713 3635 καταμεμήνυκε

2147 3664 2480 3739 προστιθεὶς,
2517 3663 2594 3725 ὡς
2640 3660 2862 3732 ῥύσεται
2905 3659 3005 3729 μὲν
3039 3661 3103 3712 ὲκ
3139 3659 3327 3730 χειρὸς
3355 3657 3502 3728 ᾅδου,
3531 3655 3619 3707 καὶ
3653 3653 3712 3704 ἐκ

2148 3756 2380 3810 θανάτου
2411 3752 2764 3823 λυτρώσεται.
2815 3751 2985 3822 Δῆλον
3035 3749 3112 3814 δὲ,
3163 3749 3248 3802 ὅτι
3293 3748 3418 3810 τοὺς
3454 3745 3542 3798 ὑπ’
3567 3741 3713 3798 αὐτὸν

2149 3845 2463 3916 γεγονότας,
2503 3845 2591 3898 διὰ
2628 3844 2729 3915 τὴν
2767 3845 2848 3905 εἰς
2878 3841 3107 3913 ποιητὴν
3153 3841 3453 3912 ἁμαρτίαν,
3499 3838 3590 3891 καὶ
3627 3833 3714 3903 τὴν

2149 3943 2207 3994 ὲν
2249 3941 2446 4012 ἀρχαῖς
2492 3936 2586 3991 τοῦ
2623 3936 2796 4006 Ἀδὰμ
2847 3933 3184 4006 παράϐασιν.
3218 3932 3520 4001 Πεποίηται
3552 3927 3650 3996 γὰρ
3684 3925 3709 3993 ἡ

2149 4031 2327 4085 τοιάδε
2377 4030 2538 4083 πάλιν
2583 4027 2916 4098 ὑπόσχεσις,
2960 4027 3085 4095 οὐχὶ
3139 4024 3286 4094 μόνῳ
3334 4022 3416 4092 τῷ
3471 4016 3710 4088 Ἐφρατμ,

2151 4125 2316 4193 ἠγουν
2342 4125 2456 4184 τοῖς
2493 4121 2552 4185 ἐξ
2583 4120 2811 4189 αἵματος
2851 4117 3090 4189 Ἰσραὴλ,
3121 4117 3296 4170 ἅπασι
3319 4115 3376 4168 δὲ
3400 4111 3590 4184 μᾶλλον
3612 4109 3712 4168 τοῖς

2151 4216 2244 4268 ἐπὶ
2280 4215 2380 4286 τῆς
2418 4213 2541 4282 γῆς.
2591 4212 2678 4274 Ὠς
2713 4210 2821 4281 γὰρ
2858 4210 2887 4262 6
2933 4208 3220 4271 θεσπέσιος
3259 4207 3458 4277 γράφει
3499 4200 3710 4260 Παῦλος,

2157 4324 2176 4356 ι
2218 4307 2333 4360 Οὐκ
2388 4303 2657 4358 Ἰουδαίων
2709 4305 2738 4356 6
2778 4302 2912 4365 Θεὸς
2962 4301 3178 4372 μόνων,
3232 4299 3369 4354 ἀλλὰ
3413 4297 3504 4351 καὶ
3540 4290 3711 4346 ἐθνῶν.

465 4411 522 4456 ει
554 4401 875 4470 praeputium
908 4411 1004 4466 per
1037 4395 1196 4451 ﬁdem
1221 4395 1294 4448 ’.ι
1329 4392 1578 4448 Redemit
1626 4400 1804 4446 autem
1848 4406 1947 4445 nos
1985 4392 2040 4446 de

2155 4395 2485 4450 Δεδικαίωκε
2534 4394 2643 4467 γὰρ
2695 4391 2999 4463 περιτομὴν
3039 4392 3105 4443 ἐκ
3137 4390 3395 4451 πίστεως,
3433 4384 3525 4439 καὶ
3563 4383 3712 4470 ἀκρον

468 4509 631 4548 manu
688 4491 908 4556 inferni,
965 4490 1066 4543 hoc
1121 4492 1228 4553 est,
1281 4485 1347 4538 de
1405 4483 1696 4554 tyrannide
1736 4484 1946 4538 mortis.
1987 4483 2054 4538 Et

469 4585 662 4640 modus
702 4579 1109 4651 redemptionis,
1144 4575 1347 4631 CbriSti
1391 4589 1538 4628 mors
1570 4575 1928 4645 intelligitur.
1963 4575 2054 4630 Li-

470 4680 605 4732 bens
652 4676 798 4731 enim
848 4689 1036 4729 necem
1093 4672 1145 4725 in
1196 4668 1340 4738 ligno
1381 4682 1478 4736 pro
1532 4666 1686 4722 nobis
1725 4669 1966 4737 pertulit,
2003 4679 2058 4724 et

474 4769 808 4842 principatus
858 4781 921 4819 ac
979 4770 1293 4833 potestates,
1348 4758 1506 4812 afﬁxo
1559 4759 1633 4814 illi
1714 4771 1903 4815 contra
1961 4777 2059 4817 nos

474 4855 1224 4932 chirograpbo,triumphavit
1245 4855 1286 4908 ³.
1323 4853 1475 4908 Tunc
1504 4855 1670 4921 enim,
1701 4863 1827 4909 tunc
1855 4855 2053 4910 etiam:

481 4977 498 5008 ι
527 4953 715 5012 Omnis
761 4951 1018 5018 iniquitas
1060 4947 1318 5018 oppilavit
1365 4961 1426 5002 os
1471 4948 1667 5002 suum‘
1697 4967 1744 5014 ι,
1779 4958 1832 5004 ει
1865 4950 2054 5005 mortis

479 5045 764 5118 imperium
805 5047 1030 5112 peccato
1072 5039 1283 5095 sublato
1327 5039 1662 5094 destructum
1691 5040 1832 5095 est'.
1876 5041 2052 5110 Ipsum

477 5141 625 5203 enim
667 5145 750 5192 est
780 5133 971 5188 mortis
1008 5131 1254 5200 victoria,
1291 5142 1345 5186 et
1373 5130 1627 5186 stimulus
1672 5132 1932 5189 inferni“.
1962 5133 2056 5187 Sic

479 5230 624 5286 enim
655 5235 712 5282 et
737 5224 958 5294 sapiens
982 5221 1184 5276 Paulus
1221 5221 1378 5277 nobis
1405 5229 1488 5276 est
1516 5220 1925 5291 interpretatus.
1970 5222 2061 5276 Ait

481 5334 759 5391 namque:
795 5335 814 5366 ι
845 5315 1109 5374 Stimulus
1159 5313 1350 5369 mortis
1390 5322 1673 5383 peccatum
1716 5323 1834 5382 est;
1887 5314 2064 5370 virtus

483 5424 666 5470 autem
710 5407 919 5478 peccati
960 5406 1046 5461 lex
1067 5406 1110 5460 ".
1142 5425 1161 5459 ι
1202 5405 1546 5476 Quapropter
1572 5406 1813 5460 onmium
1845 5415 2065 5475 peccato

485 5504 685 5569 deleto,
733 5507 790 5556 et
837 5514 936 5556 nos
982 5499 1102 5570 jure
1144 5499 1443 5554 dixerimus
1481 5513 1496 5550 :
1531 5514 1550 5548 ι
1581 5495 1682 5551 Ubi
1717 5507 1804 5552 est
1842 5499 2066 5554 victoria

2152 4489 2375 4542 ϐυστίαν
2405 4486 2494 4539 διὰ
2521 4486 2622 4556 τῆς
2662 4484 2918 4548 πίστεως.
2955 4501 2973 4533 ›
3017 4481 3370 4550 Λελύτρωται
3407 4477 3462 4530 δὲ
3489 4471 3625 4543 ἡμᾶς
3658 4467 3716 4516 ἐκ

2153 4581 2335 4652 χειρὸς
2373 4579 2523 4652 ᾅδου,
2568 4577 2871 4640 τουτέστιν,
2920 4575 2984 4628 ὲκ
3032 4573 3131 4643 τῆς
3163 4573 3262 4626 τοῦ
3304 4569 3528 4624 θανάτου
3565 4560 3715 4654 atare:

2154 4672 2499 4736 δυναστείας,
2529 4671 2623 4724 καὶ
2653 4671 2682 4722 6
2716 4669 2815 4739 τῆς
2845 4665 3169 4738 λυτρώσεως
3193 4663 3397 4735 τρόπος
3425 4659 3454 4710 6
3495 4655 3711 4747 Χριστξυ

2156 4766 2357 4816 νοεῖται
2394 4760 2643 4822 θάνατος.
2687 4757 2907 4826 Ἀνέτλη
2941 4757 3007 4823 γά
3019 4769 3049 4826 ρ
3093 4753 3236 4806 ἑκὼν
3271 4752 3370 4822 τὴν
3403 4747 3537 4815 ὑπὲρ
3567 4742 3707 4810 ἡμῶν

2161 4855 2255 4908 ἐπὶ
2303 4853 2494 4918 ξύλους
2525 4849 2758 4920 σφαγὴν,
2801 4848 2896 4902 καὶ⁵
2947 4845 3380 4918 τεθριάμϐευκεν
3431 4835 3594 4910 ἀρχὰς
3629 4826 3712 4920 1°?-

2163 4916 2430 5012 ἐξουσίας,
2485 4916 2843 5014 προσηλώσας
2887 4916 3139 5008 αὐτῶντὸ
3185 4935 3307 4990 καθ’
3352 4928 3504 5002 ἡμῶν
3557 4916 3714 5014 Χεξρξίξ

2163 5005 2552 5109 vomerem—imre
2577 5005 2709 5104 γὰρ,
2740 5032 2863 5084 τότε
2888 5029 2982 5084 καὶ
3007 5005 3030 5080 ἰ
3062 5029 3220 5081 Πᾶσα
3255 5025 3352 5096 μὲν
3379 5011 3640 5109 ἀνομία-τὸ
3661 5005 3712 5108 ἐξ

2165 5105 2338 5200 αύτῆς
2373 5126 2637 5198 ἐνέφραξε
2683 5126 2859 5195 στόμα
2879 5142 2891 5154 ·
2921 5143 2939 5176 ι
2976 5121 3325 5192 κατήργηται
3351 5115 3406 5168 δὲ
3435 5105 3602 5165 καὶτὸ
3623 5105 3711 5200 τοῦ

2160 5190 2392 5276 θανάτου
2441 5190 2661 5290 κρότος,
2715 5190 3060 5288 ὲξῂρημένης
3099 5190 3200 5282 τῆς
3250 5203 3544 5279 ἁμαρτίας’
3587 5190 3709 5288 ab"?

2161 5313 2271 5384 γάρ
2306 5313 2455 5364 ἐστιν
2484 5311 2516 5382 ἡ
2551 5309 2647 5363 τοῦ
2680 5308 2913 5362 θανάτου
2953 5305 3078 5375 νίκη
3111 5342 3127 5369 ,
3166 5302 3260 5356 καὶ
3294 5299 3354 5352 τὸ
3386 5295 3708 5388 κέντρονῇτου

2164 5375 2314 5478 ᾲδὸυ.
2369 5375 2526 5457 Οὕτω
2564 5403 2660 5456 καὶ
2706 5403 2736 5454 6
2781 5401 2942 5469 σοφὸς
2977 5401 3108 5469 ἡμῖν
3143 5394 3451 5484 ἡρμήνευσε
3498 5375 3708 5484 Ιῖαῖξλοῗ

2169 5461 2312 5570 ’ίΕφη
2345 5497 2473 5568 γὰρ,
2505 5497 2586 5550 ὅτι
2611 5495 2728 5548 τόδε
2783 5514 2799 5544 ε
2834 5461 3076 5562 Κέντρον
3119 5461 3233 5542 τὸτί
3259 5461 3481 5539 θανάτου
3511 5468 3645 5526 ἐστὶν
3676 5461 3706 5529 ἦ

555 5703 603 5736 θ’
643 5698 785 5757 Psal.
804 5713 992 5771 _cxv1t,
1034 5699 1122 5752 14.
1145 5700 1216 5771 ____‘
1259 5695 1683 5771 ISEI.__S_L_ll|_,_AH.
1762 5700 1782 5730 ²
1823 5699 1976 5756 Rom.
2015 5717 2029 5755 ι

2142 5699 2218 5754 50.
2297 5700 2318 5732 ³
2355 5697 2565 5754 Coloss.
2608 5709 2666 5761 ll,
2699 5693 2784 5761 14,
2829 5691 2916 5749 l5.
2995 5690 3014 5723 ἰ
3045 5686 3186 5771 Psal.
3219 5697 3324 5748 ενι,
3356 5675 3443 5732 42.
3517 5669 3536 5702 ⁵
3562 5659 3701 5720 "6b?-

491 5787 550 5840 ιι,
593 5771 680 5831 ιι.
753 5771 774 5803 ⁸
800 5769 822 5826 Ι
847 5772 972 5824 Cor.
1014 5784 1103 5836 xv,
1140 5768 1207 5823 55
1306 5767 1326 5798 ⁷
1362 5766 1494 5822 Ibid.
1533 5765 1620 5820 56.
