3982 6488
232 339 338 396 ῦῒὸ
1176 341 1733 402 COMMENTARIUS
1774 344 1843 400 IN
1883 332 2120 402 OSEA'M
2159 343 2613 401 PROPHETAM.
3441 350 3556 408 3U

233 452 507 527 ἁμαρτία,
562 455 597 525 ή
648 454 708 508 δὲ
757 453 991 528 δύναμις
1036 457 1137 529 τῆς
1192 459 1474 532 ἁμαρτίας
1518 462 1547 514 6
1592 461 1779 531 νόμος.
1827 481 1845 513 ι

1961 471 2070 525 tua,
2112 461 2303 517 mors?
2334 461 2424 516 ubi
2465 458 2724 517 stimulus
2756 465 2915 527 tuus,
2942 459 3195 518 inferne?
3228 461 3372 519 Deus
3403 464 3550 521 enim

233 547 448 603 υύκοῦν
515 547 621 619 τῆς
691 549 952 603 ἁπάντων
1010 551 1289 623 ἁμαρτίας
1368 554 1724 627 ἀνῃρημένης
1793 557 1852 609 ἐν

1961 554 2043 623 qui
2101 553 2381 622 justifieat,
2425 553 2552 623 quis
2597 561 2682 607 est
2720 554 2812 622 qui
2866 555 3235 610 condemnet?
3290 555 3550 612 Christus

233 641 485 715 Χριστῷ,
515 642 766 713 φαίημεν
791 643 858 697 ἂν
894 643 1126 708 εἰκότως
1155 647 1251 698 καὶ
1284 646 1447 717 ἡμεῖς
1484 647 1659 701 αὐτοί·
1697 667 1715 700 ι
1740 647 1849 701 Ποῦ

1961 643 2109 701 Iesus
2137 646 2229 715 qui
2266 654 2512 701 mortuus
2544 655 2624 701 est
2649 659 2747 716 pro
2779 648 2937 703 nobis
2955 649 2998 702 ⁸.
3032 668 3051 701 ι
3087 649 3200 704 lmo
3231 668 3251 701 ι
3284 651 3374 717 qui
3402 649 3550 704 dedit

234 732 267 802 ή
299 731 427 801 νίκη
461 748 586 798 σου,
614 732 849 795 θάνατε;
892 732 997 785 ποῦ
1041 733 1101 787 τὸ
1127 734 1355 807 κέντρον
1390 753 1507 802 σου,
1547 736 1683 807 ᾆδη;
1719 736 1852 801 Θεὸς

1961 739 2302 809 semetipsum
2348 738 2777 810 redemptionem
2830 754 2931 810 pro
2976 741 3287 809 omnibus’,
3322 759 3341 793 ι
3411 755 3554 793 unus

232 823 342 894 γὰρ
379 823 639 891 δικαιῶν,
676 824 762 889 τίς
799 827 829 880 6
861 826 1247 897 κατακρίνων;
1282 829 1519 900 Χριστὸς
1570 828 1778 902 Ἰησοῦς
1823 831 1853 883 6

1961 831 2170 902 dignior
2207 832 2485 898 omnibus,
2513 847 2612 903 per
2657 849 2819 903 quem
2862 842 2918 889 et
2959 834 3014 888 in
3042 849 3152 904 quo
3186 834 3383 889 divites
3418 828 3554 885 facti

231 913 533 989 ἀποθανὼν
579 916 724 988 ὑπὲρ
758 916 952 988 ἡμῶν,
991 938 1010 969 ι
1061 919 1267 989 μᾶλλον
1315 921 1373 974 δὲ
1430 940 1449 973 ι
1480 922 1607 985 δοὺς
1658 920 1852 975 ἑαυτὸν

1961 937 2140 980 sumus
2159 924 2225 991 ¹⁰,
2267 934 2327 979 ιιι
2350 925 2417 980 ad
2447 925 2912 996 incorruptionem
2941 928 3250 984 redeamus.

230 1006 565 1078 ἀντίλυτρον
623 1009 768 1081 ὑπὲρ
804 1010 1045 1078 πάντων,
1081 1030 1100 1063 ›
1136 1007 1220 1077 εἷς
1275 1015 1304 1066 6
1367 1014 1589 1069 πάντων
1650 1013 1969 1086 ἀξιώτερος,
2009 1017 2081 1072 δι’
2118 1013 2181 1072 οὗ
2218 1018 2317 1072 καὶ
2355 1021 2414 1077 ἐν
2457 1014 2503 1090 ᾧ
2547 1020 3042 1094 πεπλουτήκαμεν,
3071 1022 3143 1093 ⁸τὸ
3187 1020 3554 1092 ἀναφοιτῆσαι

232 1102 403 1157 πάλιν
441 1105 529 1167 είς
564 1104 903 1177 ἀφθαρσίαν.

300 1196 716 1265 Παράκλησις
778 1199 1113 1267 κέκρυπται
1177 1200 1245 1265 ἐξ
1320 1199 1646 1271 ὀφθαλμῶν
1705 1218 1846 1272 μου,

232 1288 403 1343 διότι·
418 1282 610 1353 οὗτος
640 1287 957 1358 ἀναμέσον
982 1288 1269 1358 ἀδελφῶν
1294 1289 1621 1345 διαστελεῖ.

300 1382 489 1435 PNE’.
554 1381 1020 1453 Ἀναγνωσόμεθα
1044 1382 1139 1436 τοῦ
1169 1384 1539 1455 προκειμένου
1567 1384 1661 1438 τὸν
1700 1383 1854 1455 πρῶ-

233 1492 327 1528 τον
364 1475 564 1546 στίχον
591 1475 717 1528 κατ’
747 1473 1129 1546 ἐπερώτησιν,
1155 1476 1250 1529 καὶ
1276 1475 1649 1548 ὑποστιγμὴν,
1668 1475 1762 1529 καί
1799 1493 1854 1529 τι

235 1564 488 1621 τοιοῦτον
520 1569 661 1638 ἡμῖν
693 1566 1071 1638 ὑπεμφῄνειεν
1107 1566 1196 1634 ἂν,
1250 1567 1429 1637 ὀρθῶς
1457 1570 1599 1621 νοεῖν
1642 1567 1855 1640 ᾑρημέ-

2028 1196 2193 1268 188
2215 1196 2521 1253 Consolatio
2572 1196 2884 1254 abscondita
2931 1206 3011 1254 est
3059 1198 3126 1255 ab
3174 1200 3343 1258 oculis
3399 1206 3554 1276 meis,

1950 1290 2077 1359 quia
2109 1290 2194 1342 hic
2228 1289 2365 1345 inter
2390 1289 2586 1359 fratres
2627 1292 2927 1360 separabit.

2024 1381 2182 1439 CLV.
2230 1382 2404 1453 Ilujus
2445 1392 2738 1440 contextus
2787 1399 3008 1441 versum
3042 1385 3281 1457 primum
3328 1402 3425 1459 per
3466 1390 3555 1446 iu-

1957 1474 2384 1544 terrogationem
2425 1481 2481 1529 et
2516 1474 3031 1531 subdistinctionem
3063 1474 3329 1545 legamus,
3358 1488 3412 1533 et
3444 1481 3553 1536 tale

1961 1565 2218 1635 quiddam
2246 1565 2407 1621 nobis
2434 1564 2751 1632 insinuabit,
2786 1568 2830 1621 si
2861 1577 3010 1622 recte
3038 1568 3346 1639 intelligere
3365 1572 3557 1628 volue-

236 1675 368 1722 νοις.
407 1657 901 1731 Κατηρρώστησε,
934 1659 1127 1730 φησὶν,
1179 1660 1214 1728 ἡ
1241 1656 1535 1728 ἀνθρώπου
1565 1657 1750 1727 φύσις,
1790 1658 1853 1712 τὸ

1963 1657 2155 1711 rimus.
2186 1656 2463 1711 Infirmata
2495 1664 2601 1723 est,
2632 1655 2832 1726 inquit,
2858 1665 3054 1713 natura
3096 1659 3333 1729 humana
3361 1675 3559 1732 pecca-

236 1751 532 1814 πολυειδὲς
564 1753 648 1814 εἰς
674 1751 976 1823 ἁμαρτίαν,
1005 1750 1102 1803 καί
1129 1750 1493 1805 ἀπονένευκεν
1522 1752 1584 1804 οὐ
1614 1750 1853 1823 μετρίως

237 1842 315 1905 εἰς
373 1842 439 1895 τὸ
486 1839 839 1912 πλημμελές.
886 1840 1077 1915 Ταύτῃ
1109 1858 1196 1894 τοι
1228 1841 1456 1906 δικαίως
1484 1842 1853 1914 κατεδικάσθη

238 1928 650 2003 θανάτῳιΕἷτα
671 1933 754 1996 τίς
787 1932 945 1988 ἔσται
977 1933 1080 2004 τῆς
1112 1932 1489 2005 ἐπικουρίας-ό
1508 1934 1714 2005 τρόπος
1739 1937 1853 1997 τοίς

238 2026 398 2080 τοῦτο
434 2026 732 2091 παθοῦσιν,
767 2026 801 2098 ἢ
831 2027 983 2090 ὅπως
1015 2027 1084 2081 ἂν
1126 2026 1518 2099 διακρούσαιτο
1546 2027 1608 2081 τὸ
1648 2028 1855 2100 συμϐε-

240 2120 432 2191 ϐηκὸς,
458 2121 645 2189 ⁵αὐτὸς
681 2118 794 2190 ἐγὼ
830 2120 1217 2192 διασκέψομαι,
1277 2120 1479 2191 μᾶλλον
1524 2120 1581 2175 δὲ
1620 2121 1721 2192 ήδη
1759 2120 1856 2174 καὶ

240 2212 433 2283 ὁρίσας
462 2213 601 2284 ἔχω.
632 2214 707 2266 Ἦ
734 2208 851 2284 ἆρά
871 2227 954 2277 τις
982 2214 1133 2267 ἐστὶν
1156 2214 1213 2267 ὲν
1236 2214 1388 2285 ὑμῖν,
1422 2213 1855 2287 φρενοϐλαϐείας

240 2306 319 2368 εἰς
356 2304 527 2359 τοῦτο
558 2306 883 2377 προσήκων,
910 2304 991 2369 ὼς
1016 2304 1228 2359 οἴεσθαί
1270 2323 1354 2375 τε,
1392 2307 1493 2362 καὶ
1528 2307 1736 2376 λέγειν,
1771 2308 1855 2361 ὅτι

242 2396 661 2468 παρακλήσεως
687 2398 785 2453 καὶ
818 2397 1177 2470 παραμυθίας
1218 2399 1337 2453 ἐστί
1366 2416 1452 2465 τις
1478 2402 1701 2473 τρόπος,
1730 2401 1790 2456 ὃν
1826 2403 1857 2457 6

242 2488 384 2553 θεῖός
419 2506 485 2543 τε
517 2492 618 2544 καὶ
659 2490 943 2563 ἀκήρατος
981 2491 1081 2563 οὐχ
1122 2490 1336 2562 ἐώρακε
1379 2493 1540 2560 νοῦς;
1572 2495 1709 2565 Εἰμὶ
1744 2495 1857 2568 γὰρ

241 2581 522 2654 τεχνίτης,
552 2581 789 2646 ἄναλκες
816 2599 877 2636 τε
903 2582 1042 2654 πρὸς
1076 2584 1257 2651 οὐδὲν,
1284 2585 1400 2640 ἀλλ’
1426 2581 1485 2641 εὖ
1506 2585 1625 2641 οἶδα
1648 2588 1853 2656 πάντα,

244 2673 342 2727 καὶ
398 2673 679 2745 ἀμελλητὶ
722 2674 977 2748 κατορθῶ
1031 2674 1095 2729 τὸ
1143 2676 1356 2732 δοκοῦν.
1407 2678 1625 2746 Καίτοι,
1666 2681 1853 2751 φησὶν,

248 2784 266 2818 ι
297 2759 458 2829 οὗτος
506 2756 789 2836 ἀναμέσον
844 2766 1093 2838 ἀδελφῶν
1148 2769 1443 2825 διαστελεῖ.
1484 2790 1504 2823 ›
1554 2773 1857 2844 Προαπαγ-

241 2857 423 2927 γέλλει
461 2857 526 2912 δὲ
559 2858 650 2913 διὰ
678 2858 888 2915 τούτων
912 2862 1045 2933 ἡμῖν
1081 2862 1175 2918 τὸν
1222 2863 1432 2936 Κύριον
1461 2866 1493 2937 ή
1504 2865 1621 2936 μῶν
1647 2867 1857 2937 Ἰησοῦν

1960 1760 2139 1805 torum
2165 1749 2506 1814 diversitate,
2555 1757 2613 1804 et
2652 1750 2721 1804 ad
2757 1750 3185 1821 delinquendum
3226 1767 3334 1808 non
3365 1752 3561 1810 leviter

1956 1841 2275 1899 declinavit.
2313 1840 2583 1908 Quocirca
2629 1851 2807 1897 morte
2847 1856 2955 1897 non
2993 1842 3270 1899 immerito
3299 1844 3558 1901 damnata

1956 1944 2060 1991 est.
2097 1935 2217 1991 Jam
2249 1949 2379 1989 vero
2403 1948 2640 2004 quanam
2672 1935 2884 1990 ratione
2916 1935 3000 2015 sic
3025 1934 3235 1991 allectis
3270 1951 3562 2009 succurra-

1958 2036 2069 2097 tur,
2115 2040 2210 2085 aut
2242 2029 2525 2100 quomodo»
2561 2042 2720 2085 casus
2771 2028 2861 2099 hic
2909 2029 3239 2099 depellatur,
3292 2030 3414 2100 ipse
3455 2046 3561 2102 ego

1922 2176 1927 2183 .
1957 2126 2341 2183 considerabo.
2377 2124 2488 2179 Aut
2518 2133 2602 2179 est
2631 2124 2755 2194 quis
2791 2124 2934 2179 inter
2962 2138 3060 2180 vos
3091 2126 3227 2179 adeo
3257 2124 3559 2198 desipiens,

1958 2228 2019 2274 ut
2058 2217 2340 2273 exiStimet
2390 2229 2457 2270 ac
2504 2216 2672 2280 dicat,
2708 2213 2942 2284 aliquem
2993 2215 3315 2271 consolandi
3365 2230 3431 2271 ac
3462 2217 3560 2272 de-

1957 2309 2236 2368 mulcendi
2284 2309 2504 2365 modum
2549 2322 2694 2373 esse,
2726 2321 2889 2379 quem
2918 2306 3103 2361 divina
3150 2314 3204 2362 et
3242 2306 3560 2376 incorrupta

1957 2418 2115 2461 mens
2144 2418 2253 2459 non
2280 2400 2516 2457 viderit?
2545 2397 2679 2469 Sum
2725 2398 2873 2453 enim
2905 2397 3127 2464 artifex,
3164 2411 3266 2453 nec
3292 2397 3360 2452 ad
3397 2397 3561 2468 q'uid-

1958 2510 2120 2567 quam
2150 2493 2496 2550 eﬂiciendum
2527 2488 2867 2555 imbecillus;
2895 2487 2989 2543 sed
3016 2488 3143 2544 novi
3178 2488 3360 2543 omnia
3395 2488 3560 2555 bene,

1957 2596 2015 2645 et
2042 2588 2163 2645 sine
2200 2600 2355 2643 mora
2392 2584 2538 2657 quod
2575 2584 2755 2655 placet
2782 2582 2886 2637 rite
2923 2592 3149 2651 praesto.
3182 2580 3318 2645 Etsi,
3358 2580 3557 2650 inquit,

1963 2697 1985 2731 ι
2016 2678 2107 2734 hic
2152 2677 2297 2733 inter
2354 2675 2555 2729 fratres
2609 2673 2912 2743 separabit.
2948 2690 2967 2723 ι
3024 2670 3360 2725 Praanuntiat
3402 2660 3561 2727 nubis

1957 2787 2057 2844 per
2089 2773 2205 2827 haec
2236 2769 2525 2824 Dominum
2572 2774 2817 2821 nostrum
2856 2761 3393 2841 Jesum‘Cliristum.
3437 2761 3565 2833 Ipse

1924 2866 2106 2935 enim
2160 2872 2245 2920 est
2295 2861 2538 2931 omnium
2593 2857 2917 2937 consolatio,
2974 2856 3167 2912 modus
3223 2855 3559 2923 curationis;

242 2948 505 3020 Χριστόν.
534 2949 715 3015 Αὐτὸς
752 2952 863 3024 γάρ
896 2954 1046 3007 ἐστιν
1078 2955 1113 3025 ή
1147 2955 1368 3010 πάντων
1416 2956 1787 3029 παράκλησις,
1826 2957 1856 3011 6

1961 2958 2139 3027 ipsum
2203 2953 2496 3011 destinavit
2550 2951 2712 3006 Pater
2783 2957 2909 3005 ante
2963 2955 3212 3019 tempora
3272 2946 3563 3003 saecularia

242 3041 343 3113 τῆς
372 3041 689 3114 θεραπείας
708 3022 933 3119 τρόπος,
964 3022 1131 3100 αὑτὸν
1152 3049 1464 3119 προώρισεν
1534 3022 1726 3121 Πατήρ

1962 3022 2305 3106 salvatorem
2342 3060 2408 3101 ac
2441 3042 2860 3112 Redemptorem
2893 3041 2947 3096 in
2999 3039 3192 3096 mortis
3234 3046 3564 3110 tempestate

242 3133 453 3206 χρόνων
488 3135 732 3189 αἰωνίων
762 3136 995 3209 Σωτῆρα
1026 3138 1120 3192 καὶ
1156 3139 1461 3211 Λυτρωτὴν
1498 3143 1612 3206 τοῖς
1639 3142 1719 3213 τῷ
1757 3143 1859 3197 θα-

241 3223 388 3294 νάτῳ
425 3225 897 3297 κεκρατημένοις.
944 3227 1121 3281 Αὐτὸν
1160 3227 1265 3301 ἔφη
1293 3226 1625 3285 διαστέλλειν
1654 3233 1860 3303 ἀναμέ-

246 3333 335 3371 σον
356 3316 641 3386 ἀδελφῶν.
671 3318 784 3373 Καὶ
810 3317 863 3371 τί
892 3318 957 3391 δὴ
981 3317 1140 3374 τοῦτό
1175 3321 1361 3388 ἐστιν;
1396 3321 1564 3376 αὐτοῦ
1604 3322 1859 3392 λέγοντος

242 3406 577 3479 ἀκηκόαμεν
630 3407 728 3462 τοῦ
794 3409 1016 3467 πάντων
1070 3409 1232 3481 ήμῶν
1287 3412 1545 3484 Σωτῆρος
1592 3414 1854 3486 Χριστοῦ·

248 3520 267 3555 ι
295 3502 395 3573 Μὴ
420 3502 695 3573 νομίσητε
726 3502 812 3557 ὅτι
830 3498 997 3575 ἦλθον
1022 3504 1208 3575 βαλεῖν
1236 3506 1463 3578 εἰρήνην
1489 3508 1584 3561 ἐπὶ
1608 3508 1709 3579 τὴν
1728 3511 1856 3580 γῆν.

243 3595 358 3650 Οὐκ
395 3591 571 3668 ἦλθον
612 3593 800 3666 βαλεῖν
832 3596 1081 3668 εἰρήνην,
1127 3596 1268 3652 ἀλλὰ
1317 3599 1619 3671 μάχαιραν.
1651 3596 1859 3655 ’Ἦλθον

243 3689 354 3760 γὰρ
385 3688 623 3759 διχάσαι
660 3688 951 3761 ἄνθρωπον
997 3690 1148 3743 κατά
1170 3690 1266 3745 τοῦ
1298 3692 1511 3763 πατρὸς
1539 3692 1730 3759 αὑτοῦ,
1762 3692 1861 3747 καὶ

244 3780 533 3853 θυγατέρα
562 3780 708 3836 κατὰ
734 3781 836 3853 τῆς
874 3782 1083 3855 μητρὸς
1111 3782 1304 3855 αὐτῆς,
1336 3785 1434 3838 καὶ
1462 3784 1685 3856 νύμφην
1720 3784 1860 3840 κατὰ

241 3878 340 3949 τῆς
387 3875 675 3947 πενθερᾶς
716 3876 926 3949 αὐτῆς,
961 3877 1057 3931 καὶ
1097 3876 1287 3949 ἐχθροί
1327 3877 1423 3932 τοῦ
1471 3876 1765 3949 ἀνθρώπου
1809 3879 1859 3932 οἱ

243 3968 525 4023 οἰκειακοὶ
560 3967 751 4023 αὑτοῦ.
793 3988 813 4021 ι
846 3969 959 4023 Καὶ
990 3969 1154 4026 πάλιν
1192 3969 1264 4024 τὰ
1301 3970 1541 4041 ἐσόμενα
1568 3987 1861 4042 προαπαγ-

244 4062 458 4133 γέλλων
507 4062 625 4125 τοῖς
662 4061 844 4131 ἁγίοις
892 4062 1202 4135 μαθηταῖς·
1240 4080 1261 4115 ι
1293 4062 1637 4135 Παραδώσει,
1667 4064 1860 4135 φησιν,

244 4156 483 4227 ἀδελφὸς
539 4156 777 4227 ἀδελφὸν
826 4159 909 4221 εἰς
961 4157 1225 4225 θάνατον,
1278 4159 1375 4213 καὶ
1416 4159 1860 4230 ἐπαναστήσεται

244 4249 435 4322 πατὴρ
473 4250 563 4318 ἐφ’
595 4249 769 4314 υἱούς.
825 4269 844 4303 ι
887 4251 1109 4322 Ἐπειδὴ
1159 4252 1271 4323 γὰρ
1318 4251 1419 4324 τὴν
1464 4250 1560 4304 τοῦ
1606 4250 1858 4306 διαϐόλου

1958 3138 2387 3198 versantibus“.
2448 3134 2629 3206 Ipsum
2690 3133 2768 3189 ait
2823 3146 3084 3203 separare
3128 3132 3275 3186 inter
3330 3129 3554 3191 fratres.

1959 3236 2099 3305 Quid
2125 3235 2229 3289 hoc
2255 3230 2380 3289 est?
2411 3229 2587 3299 ipsum
2623 3226 2901 3282 dicentem
2942 3222 3251 3278 audivimus
3274 3219 3560 3277 Christum

1960 3326 2298 3382 Salvatorem
2333 3320 2578 3379 omnium
2608 3324 2879 3373 nostrum.
2928 3332 2947 3367 ι
2975 3312 3156 3369 Nolite
3195 3322 3391 3383 putare
3416 3325 3561 3383 quo-

1959 3416 2109 3472 niam
2162 3402 2286 3469 veui
2341 3410 2559 3465 mittere
2614 3421 2804 3477 pacem
2865 3405 2918 3460 in
2991 3413 3226 3468 terram;
3282 3416 3390 3458 non
3435 3400 3567 3457 veni

1959 3523 2153 3581 pacem
2192 3507 2433 3569 mittere,
2488 3502 2584 3556 sed
2626 3499 2886 3569 gladium.
2925 3496 3064 3553 Veni
3111 3495 3258 3571 enim
3301 3508 3569 3571 separare

1961 3600 2235 3656 hominem
2268 3596 2531 3651 adversus
2563 3599 2772 3663 patrem
2803 3604 2988 3656 suum,
3018 3596 3075 3643 et
3102 3588 3268 3641 filiam
3299 3587 3563 3641 adversus

1960 3702 2194 3749 matrem
2230 3704 2411 3752 suam,
2451 3695 2507 3742 et
2540 3699 2742 3741 nurum
2785 3683 3048 3738 adversus
3095 3694 3316 3736 socrum
3364 3694 3559 3748 suam;

1960 3796 2016 3841 et
2045 3783 2253 3840 inimici
2306 3780 2545 3837 hominis
2583 3776 2874 3835 domestici
2912 3775 3029 3847 ejus
3050 3774 3115 3828 “.
3151 3790 3172 3825 ι
3216 3772 3284 3827 Et
3316 3786 3567 3837 rursum,

1960 3877 2145 3935 futura
2192 3873 2399 3930 sanctis
2426 3869 2710 3941 discipulis
2737 3865 3133 3938 praenuntians,
3163 3882 3183 3917 ι
3212 3863 3436 3929 Tradet,
3476 3862 3563 3917 in-

1961 3970 2101 4043 quit,
2151 3967 2326 4022 frater
2355 3964 2581 4019 fratrem
2629 3963 2685 4016 in
2727 3971 2980 4026 mortem,
3024 3967 3081 4014 et
3130 3958 3373 4027 insurget
3405 3963 3565 4025 pater

1962 4072 2154 4120 contra
2184 4058 2325 4114 ﬁlios
2348 4056 2412 4111 η.
2445 4074 2465 4108 ›
2508 4055 2577 4111 Ut
2607 4053 2756 4124 enim
2794 4050 2997 4107 diaboli
3028 4049 3370 4121 tyrannidem
3404 4061 3562 4103 ever-

1964 4158 2052 4223 tit,
2092 4163 2150 4212 et
2198 4153 2455 4223 deceptos
2504 4145 2832 4203 idololatriae
2880 4143 3093 4213 laqueis
3140 4139 3439 4210 expedivit,
3481 4138 3565 4194 sic

1962 4265 2058 4307 eos
2092 4262 2191 4318 per
2218 4244 2565 4302 dilectionem
2601 4253 2732 4311 erga
2760 4252 2822 4295 se
2865 4236 2969 4293 sibi
3010 4234 3291 4302 astrinxit,
3338 4244 3401 4290 ut
3430 4246 3559 4289 cre-

244 4343 541 4416 καθῄρηκε
600 4344 932 4415 τυραννίδα,
991 4345 1087 4398 καὶ
1132 4345 1244 4399 τῶν
1290 4345 1394 4416 τῆς
1437 4345 1856 4417 εἰδωλολατρίας

1965 4344 2158 4399 dentes
2185 4339 2351 4396 etiam
2400 4334 2708 4391 naturalem
2759 4344 3003 4386 amorem
3050 4327 3468 4399 posthaberent,
3502 4333 3561 4381 et

1973 4437 1988 4440 —
2284 4432 2295 4440 .
2694 4438 2704 4440 -
2767 4437 2868 4440 ___
2936 4426 3293 4440 -_,_-_--_-_.
3388 4425 3435 4440 ,,
3495 4418 3560 4440 _.

245 4435 491 4503 ἐξείλετο
560 4434 778 4507 βρόχων
824 4436 955 4500 τοὺς
1002 4435 1465 4508 πεπλανημένους
1490 4479 1504 4505 ,
1555 4438 1856 4509 κατέδησεν

1962 4437 2201 4499 fratres,
2264 4432 2494 4495 domos,
2543 4438 2714 4497 genus
2767 4437 2876 4478 non
2931 4426 3333 4492 agnoscerent,
3383 4425 3440 4472 et
3493 4418 3561 4470 ad

244 4527 425 4593 οὕτως
457 4528 599 4599 πρὸς
633 4528 858 4600 ἀγάπην
882 4528 983 4600 τὴν
1011 4529 1150 4598 πρὸς
1195 4530 1405 4595 ἑαυτὸν,
1452 4531 1530 4595 ὡς
1562 4530 1659 4583 καὶ
1707 4548 1856 4600 φυσι-

1961 4528 2238 4584 Christum
2264 4530 2489 4579 vocatos
2520 4534 2642 4576 esse
2687 4516 2756 4572 ad
2800 4529 3074 4572 summam
3116 4511 3296 4577 animi,
3316 4509 3560 4564 laetitiam

244 4620 349 4691 κῆς
374 4620 650 4693 ἀλογῆσαι
683 4620 1078 4693 φιλοστοργίας
1105 4622 1233 4685 τοὺς
1269 4623 1731 4690 πεπιστευκότας,
1761 4624 1856 4678 καὶ

1961 4619 2253 4679 sulliceret.
2296 4616 2480 4684 Quare
2524 4622 2581 4670 et
2617 4611 2825 4681 ,beatus
2866 4607 3036 4664 David
3075 4606 3128 4661 in
3163 4617 3398 4676 persona
3451 4610 3562 4656 tam

244 4712 520 4783 ἀδελφοὺς
560 4712 896 4784 ἀνῄνασθαι,
949 4714 1046 4767 καὶ
1078 4714 1349 4788 πατέρας,
1383 4716 1477 4769 καὶ
1514 4716 1721 4780 οἴκους,
1763 4717 1856 4771 καί

1961 4714 2281 4787 praeclarum
2330 4710 2545 4765 facinus
2581 4718 2967 4778 aggressorum
3017 4698 3203 4773 psallit
3240 4694 3460 4761 alicubi,
3506 4700 3564 4747 et

244 4804 406 4875 γένη,
442 4806 539 4859 καὶ
578 4807 922 4878 ἀποχρήσειν
943 4806 1139 4871 αὐτοῖς
1185 4808 1269 4870 εἰς
1310 4807 1532 4862 ἃπασαν
1563 4808 1856 4880 εὐθυμίαν,

1961 4809 2183 4879 inquit:
2218 4825 2237 4858 ι
2266 4804 2431 4859 Pater
2468 4814 2622 4856 meus
2672 4806 2728 4854 et
2772 4805 2945 4851 mater
2994 4807 3117 4849 mea
3154 4789 3564 4860 dereliquerunt

244 4895 306 4949 τὸ
346 4895 805 4966 προσηκλῆσθαι
847 4895 925 4967 τῷ
953 4897 1198 4969 Χριστῷ.
1227 4898 1337 4952 Καὶ
1375 4895 1509 4967 γοῦν
1543 4898 1642 4951 καὶ
1679 4899 1709 4951 ό
1750 4916 1856 4968 μα-

1965 4914 2087 4966 me;
2114 4896 2379 4953 Dominus
2409 4900 2588 4947 autem
2616 4886 2916 4958 assumpsit
2939 4899 3027 4940 me
3046 4883 3110 4937 ιι.
3144 4901 3164 4934 ι

245 4988 443 5060 κάριος
470 4988 661 5053 Δαϐὶδ,
696 4988 775 5053 ὡς
834 4990 900 5042 ἐκ
964 4989 1264 5061 προσώπου
1307 4991 1418 5044 τῶν
1480 4990 1643 5044 τοῦτο
1689 4991 2123 5063 κατορθωκότων
2151 4987 2351 5060 ψάλλει
2375 5001 2502 5049 που,
2539 4983 2635 5037 καί
2674 4996 2863 5053 φησιν,
2921 4979 3013 5033 ὅτι
3045 4995 3065 5028 ι
3107 4976 3168 5029 Ὃ
3205 4973 3391 5044 πατήρ
3432 4986 3560 5042 μου,

245 5083 342 5138 καὶ
376 5083 569 5154 μήτηρ
615 5100 719 5153 μου
765 5082 1125 5151 ἐγκατέλιπόν
1153 5099 1243 5154 με,
1282 5083 1310 5134 6
1337 5083 1395 5136 δὲ
1424 5082 1633 5154 Κύριος
1676 5084 2048 5156 προσελάϐετό
2074 5101 2164 5156 με.
2198 5100 2217 5135 ι

327 5173 573 5237 Ἐπάξει
598 5174 888 5228 καύσωνα
907 5173 1134 5243 ἄνεμον
1161 5174 1379 5242 Κύριος
1400 5174 1469 5227 ἐκ
1492 5175 1602 5242 τῆς
1625 5173 1852 5245 ἐρήμου

2033 5174 2199 5230 Vens.
2246 5171 2335 5227 15.
2383 5168 2623 5225 Adducet
2654 5174 2861 5222 ventum
2904 5171 3143 5218 urentem
3189 5157 3449 5213 Dominus
3496 5171 3563 5210 ex

246 5266 338 5320 ἐπ’
383 5266 598 5331 αὐτὸν,
658 5267 759 5321 καὶ
810 5265 1187 5335 ἀναξηρανθῖ
1223 5266 1332 5331 τὰς
1363 5265 1595 5334 φλέϐας
1642 5267 1853 5324 αὑτοῦ.

1961 5270 2177 5325 ιίεεενιοΔ
2219 5280 2379 5337 super
2438 5278 2594 5327 eum,
2656 5265 2705 5315 et
2760 5255 2978 5312 siccabit
3030 5267 3185 5308 venas
3241 5249 3376 5318 ejus.
3437 5245 3563 5312 Ipse

247 5359 445 5425 Αὐτὸς
481 5358 898 5429 καταξηρανεῖ
941 5359 1061 5429 τὴν
1094 5359 1212 5431 γῆν
1251 5357 1478 5428 αὐτοῦ,
1520 5362 1618 5417 καί
1654 5361 1856 5418 πάντα

1961 5361 2237 5417 exsiccabit
2273 5371 2472 5414 terram
2518 5356 2657 5427 ejus,
2689 5349 2856 5422 189
2878 5356 2927 5404 at
2971 5344 3150 5401 omnia
3184 5357 3311 5396 vasa
3352 5338 3560 5393 deside-

250 5450 321 5505 τὰ
346 5452 544 5519 σκεύη
584 5450 660 5504 τὰ
681 5450 1019 5522 ἐπιθυμητὰ
1050 5452 1262 5508 αὐτοῦ.

1961 5454 2153 5510 rabilia
2180 5452 2320 5521 ejus.
3493 5520 3523 5530 γ,

320 5544 513 5614 ΡΝςι.
555 5542 869 5618 Μεθίστησι
910 5544 1009 5617 μὲν
1044 5545 1138 5601 τὸν
1175 5547 1336 5618 λόγον
1374 5548 1462 5602 ἐπ’
1494 5547 1628 5602 αὐτὸ
1658 5546 1720 5601 τὸ
1755 5545 1851 5601 τοῦ

2029 5543 2208 5602 CLVI.
2267 5541 2589 5597 Sermonem
2653 5532 2720 5589 ad
2776 5532 2949 5601 ipsam
3006 5536 3296 5595 personam
3363 5529 3561 5576 mortis

326 5723 349 5757 ³
377 5722 537 5779 Rom.
569 5740 690 5793 Vill,
719 5723 812 5791 '53,
844 5724 934 5781 54.
1011 5727 1032 5759 ⁹
1067 5726 1267 5798 Ephcs.
1303 5743 1355 5795 v,
1396 5727 1452 5782 2.
1528 5725 1573 5759 ¹⁰
1613 5724 1635 5782 I
1672 5725 1799 5785 Cor.
1833 5740 1851 5782 1

262 5791 308 5827 ³⁸
335 5792 480 5852 Psal.
520 5812 669 5864 xxvr,
714 5796 802 5853 10.

1961 5765 1971 5781 .
2012 5723 2052 5755 ¹¹
2079 5718 2123 5777 Il
2153 5718 2296 5777 Tim.
2333 5733 2375 5785 ι,
2403 5716 2456 5772 9.
2541 5713 2585 5746 ¹¹
2619 5706 2811 5767 Matth.
2848 5718 2905 5773 x,
2933 5700 3116 5760 ’ὃὸ-56.
3199 5696 3243 5729 ¹³
3272 5695 3407 5754 Ibid.
3460 5689 3558 5757 21,
