3982 6482
530 336 632 392 515

1545 320 1604 379 s.
1646 319 1916 377 CYmLLt
1954 307 2426 378 ALEXANDBINI
2463 271 2786 376 AucmEP.

3702 326 3798 383 ste.

496 447 804 516 ’translert,
833 456 1103 516 ventoque
1139 447 1324 500 austro
1362 447 1418 498 et
1446 439 1601 495 metui
1639 437 1918 495 Christum
1954 453 2099 494 com-

2210 436 2444 492 θανάτου
2488 438 2806 507 πρόσωπον,
2849 431 3039 505 ἀνέμῳ
3093 433 3152 487 δὲ
3193 431 3356 506 νότῳ,
3420 434 3523 489 καὶ
3572 435 3802 494 καύσωνι

525 550 706 612 parat,
752 554 912 610 quem
944 547 998 593 et
1047 537 1115 594 de
1166 533 1457 592 solitudine
1497 531 1787 600 aliquando
1815 531 2108 587 adductum

526 634 596 689 Iri
636 640 903 687 autumat.
957 629 1252 686 Sciendum
1297 638 1462 694 porro
1504 633 1629 680 ante
1679 623 1784 679 alia
1828 623 1982 689 illud,
2018 621 2111 678 .lu-

527 725 769 780 datorum
814 723 1094 794 regionem
1150 719 1399 788 proxime
1443 718 1508 772 ad
1555 724 1804 773 austrum
1850 715 2013 770 latam
2057 724 2112 769 et

525 819 850 872 immensam
904 814 1108 869 habere
1164 809 1534 867 solitudinem.
1588 806 1743 874 Quod
1795 806 1843 862 si
1893 805 2109 876 quando

525 918 724 965 ventus
758 907 884 963 inde
924 906 1156 977 spiraret
1184 901 1584 968 vehementius,
1625 899 1872 970 impense
1901 906 2112 954 metue-

526 1001 682 1069 bant,
717 999 863 1070 quod
900 997 1056 1052 tellus
1097 996 1222 1051 inde
1269 1001 1637 1051 exaresceret.
1678 989 1909 1047 Videtur
1943 990 2109 1046 etiam

529 1089 824 1155 nonnullis,
881 1101 1006 1144 eum
1064 1086 1211 1155 ipsas
1262 1097 1526 1152 aquarum
1571 1095 1742 1137 venas
1788 1081 1890 1138 sub
1949 1081 2109 1136 terris

528 1182 853 1250 astringere,
884 1187 939 1234 et
961 1177 1185 1232 violenti
1221 1184 1384 1244 atque
1414 1174 1567 1245 igniti
1595 1174 1756 1230 ﬂatus
1787 1171 2109 1242 impulsibus

524 1273 795 1329 inhibere.
843 1271 1028 1340 Itaque
1073 1284 1140 1323 ex
1181 1270 1326 1323 nmis
1363 1278 1419 1323 et
1459 1269 1700 1338 expertis
1748 1268 1915 1323 verba
1951 1267 2104 1323 facit.

522 1364 798 1420 Christum
843 1362 1009 1434 igitur
1045 1362 1305 1416 adversus
1349 1367 1582 1416 mortem
1629 1373 1753 1416 sese
1806 1360 2104 1426 illaturnm,

522 1467 578 1513 et
626 1458 797 1512 instar
827 1455 970 1511 venti
1010 1455 1220 1508 urentis
1251 1468 1444 1509 omnes
1489 1453 1668 1509 fontes
1695 1461 1753 1507 et
1789 1466 1958 1506 venas
1991 1452 2110 1522 ejus

521 1550 920 1605 exsiccaturum
953 1547 1268 1617 prophetica
1306 1549 1472 1603 verba
1501 1546 1660 1602 nobis
1688 1544 1951 1600 indicant.
1992 1544 2108 1600 Ma-

519 1647 616 1696 net
652 1653 780 1709 ergo
817 1637 874 1692 in
915 1635 1277 1692 translatione
1319 1644 1374 1691 et
1405 1634 1868 1698 commodissime,
1902 1643 2109 1703 myste-

521 1733 775 1802 riumque
805 1729 873 1784 ab
901 1743 966 1784 eo
995 1727 1139 1799 quod
1164 1727 1483 1798 contingere
1510 1725 1812 1791 consuevit,
1844 1725 2104 1780 declarat.

2217 527 2543 600 παρεικάζει
2590 525 2848 599 Χριστὸν,
2889 524 2950 578 ὃν
2988 524 3086 579 xa‘t
3117 525 3183 578 ὲκ
3210 527 3310 596 τῆς
3348 527 3590 598 ἐρήμου,
3626 530 3801 598 φησιν,

2215 616 2609 689 ὲνεχθήσεσθαι
2664 616 2807 670 κατά
2847 613 3096 687 καιρούς.
3145 616 3268 687 Χρὴ
3309 616 3370 670 δὲ
3433 617 3661 683 ειδέναι,
3717 624 3804 675 καὶ

2214 707 2324 777 πρό
2355 724 2419 776 γε
2443 706 2552 760 τῶν
2584 706 2785 773 ἀλλων,
2807 707 3008 773 έκεῖνο,
3028 706 3112 760 ὅτι
3143 708 3256 761 τῶν
3294 707 3573 763 Ἰουδαίων
3599 711 3634 781 ή
3660 710 3803 784 χώρα

2217 798 2481 855 πλατεῖαν
2541 801 2637 854 καὶ⁹
2672 798 3062 870 ἀκατάληπτον
3107 798 3315 872 ἔρημον
3364 800 3506 872 ἔχει,
3553 803 3803 875 κειμένην

2214 888 2277 944 ἐν
2307 890 2499 964 μέρεσι
2533 893 2647 955 τοῖς
2678 890 3050 955 νοτιωτάτοιςο
3076 891 3181 948 κᾶν
3217 894 3268 948 εί
3298 894 3510 966 συνέϐη
3556 895 3686 949 ποτὲ
3721 896 3802 951 τὸν

2216 980 2426 1036 ἐκεῖθεν
2478 981 2680 1053 ἄνεμον
2733 981 3133 1054 κατενεχθῆναι
3175 985 3485 1056 ραγδαίως,
3535 988 3801 1059 περιδεεῖς

2214 1067 2356 1144 ἦσαν
2396 1074 2457 1127 οὐ
2490 1076 2750 1146 μετρίως,
2790 1077 3158 1151 ἀναινομένης
3185 1078 3286 1150 τῆς
3315 1078 3528 1151 χώρας.
3558 1081 3719 1134 Δοκεῖ
3749 1082 3800 1136 δέ

2215 1181 2326 1219 τισι
2372 1168 2468 1221 καὶ
2513 1167 2684 1232 αὐτὰς
2725 1169 2836 1223 τῶν
2886 1171 3098 1225 ὑδάτων
3140 1171 3242 1235 τὰς
3272 1173 3330 1224 ὲν
3371 1175 3441 1242 τῇ
3487 1173 3560 1242 γῇ
3607 1173 3798 1240 φλέϐας

2214 1259 2587 1331 ὀκνηροτέρας
2634 1261 2912 1316 ποιεῖσθαι
2955 1264 3057 1327 τὰς
3089 1263 3377 1334 χορηγίας,
3434 1265 3532 1318 καὶ
3560 1269 3680 1330 ταῖς
3712 1267 3798 1320 τοῦ

2217 1351 2390 1422 βιαίου
2439 1353 2536 1406 κα)⁸
2578 1353 2863 1426 πυρώδους
2917 1355 3230 1427 πνεύματος
3275 1355 3618 1428 προσϐολαῖς
3677 1359 3799 1413 ἀνα-

2216 1444 2539 1503 κόπτεσθαι.
2583 1446 2796 1502 Ούκοῦν
2840 1447 2903 1513 ἐξ
2938 1441 3015 1504 ὧν
3058 1449 3231 1514 ῐσασι,
3284 1449 3384 1502 καὶ
3423 1449 3796 1520 πεπείρανται,

2215 1540 2453 1593 ποιεῖται
2498 1539 2627 1602 τοὺς
2681 1539 2899 1609 λόγους.
2959 1540 3457 1613 Ἐπενεχθήσεσθαι
3499 1541 3565 1613 δὴ
3602 1539 3694 1596 οὖν
3727 1542 3796 1612 τῷ

2216 1631 2438 1702 θανάτῳ
2462 1631 2698 1703 Χριστὸν
2721 1634 2750 1686 ὁ
2769 1632 3115 1703 προφητικδς
3145 1636 3278 1704 ήμῖν
3307 1632 3417 1704 ἔφη
3437 1632 3597 1701 λόγος
3619 1634 3793 1704 ἀνέμῳ

2215 1721 2462 1776 καύσωνι
2493 1725 2900 1796 παραπλήσιον,
2929 1725 2989 1789 ὃς
3019 1725 3200 1789 πάσας
3229 1725 3400 1780 αὑτοῦ
3450 1727 3552 1790 τὰς
3593 1727 3791 1796 πληγὰς

523 1823 708 1880 Venas
750 1838 914 1892 porro
963 1831 1019 1876 et
1062 1821 1241 1876 fontes
1289 1819 1480 1875 mortis
1516 1818 1838 1888 perditionis
1888 1831 2099 1887 genera,

2217 1814 2432 1879 καὶτὰς
2458 1815 2664 1885 φλέϐας
2689 1817 3074 1889 καταξηρανεῖ.
3093 1817 3379 1890 Ἐπιμένει
3406 1814 3502 1873 οὖν
3519 1820 3586 1890 τῇ
3610 1822 3788 1889 τροπῇ,

522 1916 639 1972 sive
669 1915 938 1985 malignas
973 1922 1027 1970 et
1057 1911 1402 1968 adversarias
1431 1911 1661 1966 virtutes
1700 1924 1822 1965 esse
1852 1909 2106 1966 dicimus.

522 2006 630 2064 Per
662 2021 756 2063 eas
787 2007 932 2062 enim
966 2019 1063 2060 ceu
1107 2019 1203 2072 per
1249 2016 1415 2058 venas
1457 2013 1671 2069 semper
1699 2000 1810 2056 suis
1851 1994 2110 2069 tempori-

521 2104 623 2154 bus
654 2091 990 2170 pereuntium
1017 2097 1304 2152 multitudo
1333 2096 1380 2150 ei
1407 2093 1872 2149 subministratur.
1903 2091 2107 2148 Eodem

522 2204 690 2248 sensu
738 2204 867 2246 vasa
906 2189 1024 2259 ejus
1072 2187 1454 2244 desiderabilia
1501 2185 1753 2255 accipies.
1789 2185 1930 2240 Vasa
1961 2183 2108 2238 enim

519 2283 798 2355 perdentia
841 2281 1097 2338 mortales
1148 2295 1312 2348 super
1347 2290 1572 2346 terram,
1624 2286 1682 2333 et
1735 2277 1897 2333 morti
1941 2276 2110 2332 chara

517 2392 629 2432 non
681 2376 862 2446 inepte
899 2373 1024 2445 quis
1071 2381 1165 2428 aut
1203 2371 1468 2441 malignas
1513 2380 1568 2426 et
1602 2371 1906 2425 contrarias
1953 2369 2109 2424 nobis

519 2477 841 2538 potestates,
897 2475 990 2521 aut
1040 2473 1188 2521 certe
1241 2463 1440 2534 impios
1509 2461 1770 2533 quosdam
1832 2462 2106 2527 homines,

520 2559 781 2616 daemonis
832 2554 1176 2628 perversitati
1238 2556 1564 2623 servientes,
1608 2563 1666 2609 et
1710 2565 1898 2610 secum
1968 2553 2107 2609 alios

517 2653 812 2722 perdentes
847 2650 1220 2719 appellaverit.
1249 2646 1384 2703 Cum
1419 2647 1714 2718 spiraverit
1741 2661 1872 2717 ergo
1906 2656 2104 2701 ventus

519 2758 704 2808 urens,
773 2742 968 2812 inquit,
1023 2749 1130 2796 tota
1190 2749 1334 2796 terra
1385 2738 1579 2794 mortis
1644 2746 1872 2793 arescet.
1919 2735 2108 2793 Oratio

519 2851 734 2892 rursum
791 2835 1108 2904 metaphora
1157 2839 1396 2897 constat,
1445 2840 1506 2885 ut
1557 2829 1605 2886 si
1657 2831 1802 2887 dicat
1849 2829 2103 2897 fortasse,

521 2929 666 2984 hlors
687 2927 844 2998 quasi
875 2927 1056 2982 locum
1086 2925 1370 2981 herbidum
1401 2923 1652 2980 homines
1679 2922 2104 2993 depascebatur;

516 3024 613 3076 sed
656 3028 872 3076 arescet
917 3018 1069 3074 locus
1097 3016 1210 3084 ille,
1243 3030 1345 3072 nec
1375 3030 1523 3072 mors
1549 3014 1806 3084 pabulum
1843 3013 2102 3070 inveniet.

517 3112 742 3168 Sublata
769 3112 913 3166 enim
940 3120 1023 3168 est
1053 3125 1223 3176 mors,
1250 3108 1343 3166 ubi
1374 3108 1628 3166 Christus
1651 3107 1818 3162 vitam
1848 3106 2103 3164 omnibus

517 3204 822 3272 proposuit,
848 3211 902 3258 et
925 3200 1395 3257 immortalitatem
1430 3197 1675 3254 revocari
1703 3197 1971 3266 permisit.

2214 1907 2309 1958 ml.
2349 1905 2586 1975 μάλιστα
2641 1906 2841 1980 ὀρθῶς,
2875 1910 2970 1962 καὶ
3005 1910 3082 1972 ὡς
3113 1910 3222 1964 ἀπό
3251 1927 3318 1980 γε
3363 1910 3462 1964 τοῦ
3494 1911 3788 1982 συμϐαίνειν

2213 1997 2493 2062 εἰωθότος,
2534 1999 2633 2070 τήν
2664 1999 2760 2053 τοῦ
2789 2001 3095 2074 μυστηρίου
3123 2005 3368 2058 ποιεῖται
3396 2003 3650 2074 δήλωσιν.
3669 2002 3785 2056 Φλέ-

2214 2089 2314 2154 ϐας
2341 2089 2420 2157 δὲ,
2453 2092 2548 2144 καὶ
2587 2092 2771 2163 πηγὰς
2814 2093 2911 2148 τοῦ
2941 2095 3195 2162 θανάτου,
3235 2097 3369 2160 τοὺς
3393 2097 3494 2167 τῆς
3533 2096 3786 2160 ἀπωλείας

2211 2182 2449 2252 τρόπους
2489 2182 2634 2240 εἶναί
2663 2203 2868 2258 φαμεν,
2899 2189 3018 2258 ἤτοι
3061 2190 3159 2253 τὰς
3204 2191 3476 2261 πονηρὰς,
3526 2192 3618 2245 καὶ
3654 2193 3784 2246 ἀντι-

2212 2278 2476 2348 κειμένας
2519 2280 2804 2351 δυνάμεις.
2851 2282 2930 2334 Δι’
2972 2281 3154 2336 αὐτῶν
3199 2281 3313 2353 γάρ
3343 2283 3533 2352 ὥσπερ
3567 2281 3660 2351 τὴν
3689 2279 3782 2334 τῶν

2211 2365 2300 2421 ἀεὶ
2338 2371 2485 2424 κατά
2512 2371 2742 2442 καιροὺς
2785 2371 3183 2443 ἀπολλυμένων
3214 2373 3539 2445 χορηγεῑται
3571 2371 3777 2443 πληθύν.

2211 2460 2397 2526 Οὕτως
2423 2463 2648 2534 νοήσεις
2686 2464 2881 2518 καὶτὰ
2912 2465 3084 2537 σκεύη
3135 2464 3206 2519 τά
3254 2463 3575 2536 ἐπιθυμητά
3611 2461 3776 2518 αὑτοῦ.

2212 2553 2394 2625 Σκεύη
2432 2555 2540 2626 γὰρ
2572 2556 2914 2611 ἀπολλύοντα
2937 2559 3063 2621 τοὺς
3096 2559 3191 2611 ἐπὶ
3218 2559 3324 2630 τῆς
3348 2559 3472 2630 γῆς,
3504 2557 3593 2612 καὶ
3613 2557 3683 2627 τῷ
3703 2557 3777 2609 θα-

2209 2647 2359 2717 νάτῳ
2392 2648 2550 2718 τίμια
2577 2649 2713 2721 φαίη
2750 2667 2835 2715 τις
2858 2650 2924 2704 ἂν
2951 2650 3200 2718 εἰκότως,
3233 2652 3269 2722 ἢ
3303 2651 3404 2716 τὰς
3432 2651 3776 2724 πονηρὰς,καὶ

2209 2737 2596 2810 ἀντικειμένας
2615 2741 2899 2812 δυνάμεις,
2930 2743 3098 2814 ήγουν
3120 2743 3378 2808 ἀνοσίους
3405 2743 3556 2808 τινὰς
3575 2743 3676 2796 τῶν
3694 2741 3774 2794 ἐπὶ

2209 2830 2344 2900 γῆς,
2372 2831 2473 2901 τῆς
2501 2831 2713 2887 ἐκείνου
2743 2833 3076 2907 δυστροπίας
3103 2836 3480 2908 θεραπευτὰς,
3507 2835 3599 2890 καὶ
3631 2851 3771 2907 προσ-

2211 2923 2550 2990 απολλύντας
2577 2926 2791 2990 ἑαυτοῖς
2819 2927 3062 3000 ἐτέρους.
3101 2927 3452 2993 Πνεύσαντος
3482 2929 3544 3000 δὴ
3580 2925 3665 2983 οὖν
3692 2927 3772 2980 τοῦ

2209 3015 2513 3082 καύσωνος,
2549 3017 2758 3085 ἅπασα,
2793 3021 2983 3091 φησὶν,
3033 3023 3068 3093 ή
3118 3020 3215 3076 τοῦ
3263 3021 3503 3077 θανάτου
3533 3018 3770 3092 ξηρανθή-

2210 3126 2365 3165 σεται
2403 3111 2496 3181 γῆ.
2531 3111 2839 3182 Πεποίηται
2881 3113 2939 3166 δὲ
2981 3113 3146 3169 πάλιν
3183 3113 3262 3178 ὡς
3306 3116 3372 3168 ὲκ
3415 3113 3708 3186 μεταφορᾶς
3745 3111 3769 3162 ὃ

2131 3172 2175 3229 C
2205 3199 2384 3270 λόγος.
2415 3172 2649 3272 λόμοιον
2686 3172 2820 3275 γάρ,
2870 3204 2948 3269 ὡς
2997 3206 3046 3260 εί
3080 3206 3177 3260 καὶ
3223 3172 3388 3278 λέγοι
3415 3172 3769 3276 ’τυχόν-’κατ-

512 3293 772 3347 εϐόσκετο
815 3295 914 3364 μὲν
952 3292 1142 3366 ὥσπερ
1173 3311 1227 3348 τι
1276 3291 1476 3365 χωρίον
1507 3294 1535 3347 ὀ
1584 3291 1820 3354 θάνατος
1847 3291 1977 3355 τοὺς
2043 3290 2138 3346 ἐπὶ
2173 3293 2274 3364 τῆς
2317 3293 2444 3366 γῆς,
2487 3295 2605 3350 ἀλλ’
2651 3295 2808 3353 ἔσται
2879 3297 3068 3371 ξηρὸν,
3120 3299 3219 3370 οὐχ
3269 3300 3500 3373 εὑρήσει
3542 3297 3696 3371 νομὴν
3741 3295 3766 3347 ὁ

515 3393 767 3456 θάνατος.
819 3391 1114 3464 ’Δνῄρηται
1148 3391 1258 3463 γὰρ
1300 3394 1334 3462 ἡ
1397 3389 1575 3460 φθορά
1639 3388 1936 3460 προθέντος
1973 3388 2148 3444 ἀπασι
2212 3391 2308 3445 τοῦ
2360 3391 2602 3464 Χριστοῦ
2647 3392 2748 3466 τὴν
2781 3393 2949 3466 ζωήν,
3002 3395 3097 3450 καὶ
3138 3395 3543 3471 παλινάγρετον
3578 3394 3769 3466 ἐφέντος

515 3488 788 3543 ποιεῖσθαι
820 3488 921 3561 τὴν
958 3486 1290 3559 ἀφθαρσίαν.

1135 3583 1289 3640 CAP.
1329 3578 1473 3637 XIV.

581 3670 749 3728 Vnus.
783 3672 836 3726 I.
876 3669 1221 3742 Dirperdetur
1259 3668 1528 3733 Samaria,
1575 3669 1702 3738 quia
1735 3670 1926 3725 restitit
1969 3687 2098 3726 con-

511 3773 593 3816 tra
631 3761 801 3816 Deum
840 3778 1016 3817 suum.
1063 3761 1133 3816 In
1159 3761 1338 3832 gladio
1373 3762 1559 3816 cadent
1591 3763 1710 3830 ipsi,
1756 3773 1804 3817 et
1843 3765 2097 3822 lactentes

509 3870 690 3909 eorum
729 3853 1009 3921 elidentur,
1042 3863 1090 3908 et
1119 3853 1174 3908 in
1203 3862 1350 3907 utero
1383 3853 1628 3910 habentes
1653 3871 1836 3910 eorum
1861 3857 2095 3913 disrum-

505 3952 628 4015 penl
636 3960 718 3998 ur.

577 4035 778 4095 CLVII.
827 4033 1295 4107 Opportunissime
1341 4035 1493 4093 linito
1526 4051 1780 4093 sermone
1825 4037 1891 4094 de
1933 4037 2096 4094 Chri-

507 4138 615 4195 sto,
657 4139 712 4185 et
747 4126 1073 4186 universalis
1106 4129 1500 4200 redemptionis
1548 4129 1811 4200 mysterio
1851 4143 2098 4198 praenun-

506 4221 676 4287 tiato,
735 4221 928 4277 beatus
983 4222 1248 4292 propheta
1295 4235 1485 4276 rursus
1537 4235 1723 4275 eorum
1773 4222 1866 4290 qui
1928 4223 2097 4276 Deum

505 4311 847 4369 ollenderant
880 4310 1215 4368 calamitates
1246 4311 1407 4382 190
1443 4313 1788 4376 lamentatur,
1817 4321 1873 4366 et
1901 4310 2096 4368 Samao

2778 3583 3036 3639 ΚΕΦΑΛ.
3086 3585 3165 3639 ΙΔ⁹
3191 3624 3206 3641 .

2283 3673 2782 3744 Ἀςοανισθήσεται
2825 3675 3122 3746 Σαμάρεια
3143 3717 3158 3741 ,
3221 3677 3313 3733 ὅτι
3366 3679 3586 3746 ἀνέστη
3633 3674 3757 3744 πρὸς

2199 3761 2310 3816 τὸν
2343 3763 2494 3818 Θεὸν
2522 3765 2735 3836 αὐτῆς.
2783 3765 2879 3819 Ἐν
2917 3767 3190 3838 ῥομφαίᾳ
3231 3768 3555 3824 πεσοῦνται
3590 3765 3758 3830 αὐτοὶ,

2199 3853 2303 3907 καὶ
2331 3853 2403 3908 τὰ
2434 3857 2751 3911 ὑποτίτθια
2779 3857 2982 3913 αὐτῶν
3018 3844 3552 3932 ἑλαςρισθήσονται,
3592 3857 3682 3911 καί
3707 3858 3756 3909 al

2197 3945 2270 3999 ἐν
2310 3946 2526 4017 γαστρὶ
2554 3947 2812 4018 ἔχουσαι
2844 3949 3045 4005 αὐτῶν
3081 3949 3602 4022 διαρῤιιγήσονται.

2266 4037 2438 4093 PNZ'.
2477 4039 2827 4111 Διαπεράνας
2861 4035 2922 4094 εὖ
2960 4041 3106 4112 μάλα
3154 4042 3250 4096 τὸν
3294 4044 3388 4097 ἐπὶ
3431 4041 3640 4114 Χριστῷ
3683 4038 3757 4092 λό-

2195 4141 2312 4195 γον,
2343 4127 2439 4182 καὶ
2471 4129 2570 4200 τῆς
2600 4129 2832 4185 καθόλου
2863 4131 3192 4204 λυτρώσεως
3220 4135 3284 4189 τὸ
3315 4136 3604 4207 μυστήριον
3636 4147 3752 4202 προ·

2195 4220 2566 4290 απηγγελκὼς
2594 4224 2622 4275 ό
2648 4223 2920 4294 μακάριος
2953 4228 3265 4300 προφήτης,
3296 4225 3584 4299 ἐποιμώζει
3612 4224 3753 4277 πάλιν

2195 4311 2321 4376 ταῖς
2344 4310 2452 4364 τῶν
2485 4316 3012 4385 προσκεκρουκότων
3040 4321 3373 4392 συμφοραῖς,
3403 4319 3558 4391 μόνον
3581 4317 3631 4370 δὲ
3650 4312 3752 4384 οὐχὶ

505 4405 642 4460 ritas
691 4405 848 4474 quasi
898 4403 1064 4476 luget.
1125 4401 1258 4458 Cum
1307 4403 1453 4456 enim
1505 4401 1716 4468 liceret,
1776 4411 1832 4458 et
1888 4403 2090 4460 affatim

2203 4400 2292 4453 καὶ
2339 4401 2771 4474 κατολοφύρεται
2825 4405 2952 4472 τοὺς
3002 4409 3060 4463 ἐν
3109 4391 3414 4482 Σαμαρείᾳ.
3460 4409 3627 4464 Μετὸν
3661 4404 3750 4474 γὰρ

507 4495 715 4563 liceret,
777 4495 975 4566 inquit,
1025 4495 1131 4548 frui
1189 4492 1347 4547 bonis
1402 4505 1470 4546 ex
1514 4491 1932 4549 mansuetudine
1969 4494 2084 4563 Dei,

503 4597 697 4658 Sponte
727 4602 826 4644 sua
853 4589 920 4644 ad
959 4584 1220 4658 supplicia
1245 4582 1314 4637 ab
1343 4582 1484 4637 irato
1514 4584 1862 4652 perpetienda
1893 4602 2088 4643 cucur-

503 4687 734 4745 rerunt,
773 4679 899 4748 quia
940 4677 1017 4733 illi
1063 4677 1338 4740 resistere,
1384 4681 1439 4728 et
1469 4673 1766 4732 Dominicis
1816 4677 2087 4736 mandatis

502 4785 658 4826 suam
699 4771 1028 4825 voluntatem
1059 4781 1354 4857 Opponere,
1388 4775 1443 4823 et
1477 4769 1868 4837 propemodum
1913 4770 2084 4826 videri

503 4861 621 4918 acie
659 4873 848 4918 contra
877 4861 1160 4926 dimicare,
1198 4867 1291 4913 aut
1329 4873 1453 4914 esse
1492 4859 1560 4915 de
1597 4875 1825 4917 numero
1850 4877 1979 4918 vere
2007 4862 2082 4918 illi

503 4951 882 5006 rebellantium
933 4949 1242 5004 voluerunt.
1278 4948 1510 5006 Prolnde
1539 4950 1681 5005 citra
1723 4966 1938 5008 omnem
1981 4954 2084 5007 mi-

502 5040 859 5097 sericordiam
897 5038 1003 5108 ipsi
1033 5038 1211 5108 gladio
1242 5039 1678 5106 trucidabuntur,
1706 5050 1761 5097 et
1805 5042 1928 5098 novi
1961 5057 2083 5098 cru-

503 5132 742 5188 delitatis
787 5129 930 5185 modi
961 5138 1151 5187 contra
1198 5130 1455 5188 mulieres
1494 5140 1550 5188 et
1595 5131 1798 5190 liberos
1837 5133 2080 5201 Ipsarum

501 5222 973 5296 cxcogitabuntur.
1009 5220 1184 5277 Simul
1223 5221 1365 5277 enim
1411 5237 1534 5278 cum
1576 5223 1694 5280 heri
1729 5225 1869 5280 natis
1905 5223 2082 5280 infan-

503 5315 650 5370 tibus
685 5314 1033 5368 immaturam
1077 5328 1263 5370 necem
1297 5316 1692 5386 perferentqui
1731 5317 1893 5371 vitam
1945 5333 2082 5372 non-

502 5405 630 5458 dum
681 5403 846 5458 etiam
885 5417 1242 5475 acceperunt,
1293 5408 1498 5462 exitum
1551 5423 1618 5463 ex
1663 5417 1820 5464 utero
1867 5409 2081 5464 hostilis

500 5495 713 5566 gladius
735 5505 1056 5556 antevertet.
1082 5496 1469 5554 Calamitosum
1503 5497 1670 5569 igitur
1704 5509 1758 5556 et
1789 5500 2080 5556 exitiosum

502 5599 626 5640 esse
685 5587 796 5644 Deo
866 5602 1207 5663 repugnare,
1277 5590 1392 5660 ipsa
1461 5605 1678 5664 quoque
1744 5593 2076 5664 experientia

500 5675 760 5731 cernitur.

2199 4491 2529 4557 ἀπόνασθαι,
2561 4496 2716 4566 φησὶ,
2751 4497 2846 4550 καὶ
2872 4499 3079 4569 σφόδρα
3113 4500 3406 4567 πλουσίως,
3427 4501 3532 4554 τῶν
3557 4498 3612 4562 ὲξ
3636 4499 3748 4566 ἡμε-

2199 4581 2423 4654 ρότητος
2461 4585 2708 4654 ἀγαθῶν,
2741 4587 3032 4660 αὐτόμολοι
3057 4591 3431 4664 δεδραμήκασι
3457 4589 3586 4663 πρὸς
3614 4588 3673 4640 τὰ
3697 4584 3747 4648 ἐξ

2195 4676 2365 4746 ὀργῆς
2403 4677 2639 4750 ἐσόμενα
2681 4680 2806 4733 κατ’
2833 4683 3039 4749 αὐτῶν,
3083 4685 3174 4741 διά
3227 4704 3313 4740 τοι
3357 4687 3416 4739 τὸ
3461 4680 3744 4748 ἁντεξάγειν

2195 4768 2412 4823 ἑλέσθαι
2448 4769 2590 4841 Θεῷ,
2635 4770 2731 4824 καὶ
2756 4772 3100 4840 δεσποτικοῖς
3137 4779 3516 4848 προστάγμασι
3553 4771 3610 4825 τὸ
3634 4770 3743 4823 ἴδιον

2193 4858 2510 4931 ἀπεγεῖραι
2542 4860 2755 4933 θέλημα
2777 4905 2791 4928 ,
2825 4865 2987 4936 μόνον
3031 4867 3088 4921 δὲ
3121 4869 3242 4940 ούχλι
3275 4870 3367 4923 καὶ
3399 4859 3740 4932 ἀντιτετάχθαι

2190 4949 2453 5022 δοκεῖν,ἢ
2495 4952 2591 5006 καὶ
2619 4954 2678 5007 ὲν
2712 4955 2878 5029 μοίρᾳ
2914 4957 3169 5027 γενέσθαι
3209 4961 3318 5016 τῶν
3364 4955 3739 5028 ἀνθεστηκότων

2191 5041 2342 5112 αὐτῷ
2399 5043 2543 5098 κατὰ
2591 5046 2872 5117 ἀλήθειαν.
2931 5050 3224 5122 Τοιγάρτοι
3276 5050 3488 5121 φειδοῦς
3547 5043 3737 5110 ἀπάσης

2190 5133 2535 5208 ἐξῃρημένης
2569 5137 2728 5210 ἔργον
2765 5139 2867 5211 μὲν
2894 5141 3109 5197 ἔσονται
3147 5144 3422 5216 ῥομφαίας
3448 5138 3623 5195 αύτοί·
3665 5132 3735 5197 ξέ-

2190 5242 2294 5279 νιοι
2348 5226 2407 5281 δὲ
2453 5228 2554 5300 τῆς
2619 5231 3016 5305 ἀπανθρωπίας
3069 5236 3510 5308 ἐπινοηθήσονται
3568 5225 3732 5300 τρόποι

2189 5319 2333 5373 κατά
2366 5336 2429 5388 γε
2462 5323 2703 5390 γυναίων
2734 5327 2826 5378 καί⁵
2856 5327 3084 5381 τέκνων.
3144 5329 3310 5401 Ὁμοῦ
3343 5327 3447 5397 γὰρ
3471 5325 3575 5384 τοῖς
3597 5321 3730 5401 ἀρτίέ

2188 5408 2369 5474 γενέσι
2402 5411 2617 5480 νηπίοις
2655 5415 2908 5488 πρόωρον
2937 5400 3271 5488 ὑπομενοῦσι
3311 5416 3532 5471 θάνατον
3561 5406 3647 5462 καὶ
3673 5400 3728 5453 τὰ

2187 5496 2340 5552 οὔπω
2375 5501 2690 5572 κεκλημένα
2733 5505 2869 5574 πρὸς
2894 5506 2954 5559 τὸ
2983 5503 3120 5562 εἶναι
3151 5509 3245 5564 καὶ
3278 5507 3391 5578 ζῇν.
3427 5501 3530 5558 Καὶ
3561 5494 3726 5567 φθάσει

2187 5589 2285 5660 τὴν
2331 5591 2398 5643 δι’
2430 5591 2616 5656 ὠδῖνος
2643 5595 2868 5664 πρόοδον
2913 5597 3023 5651 τῶν
3063 5600 3337 5671 πολεμίων
3365 5597 3422 5650 τὸ
3455 5592 3608 5660 ξίφος.
3644 5581 3722 5634 Πι-

2188 5681 2319 5748 κρὺν
2369 5676 2463 5735 οὖν
2503 5683 2611 5753 ἀρα
2659 5684 2720 5737 τὸ
2767 5686 3178 5742 ἀντιτάττεσθαι
3226 5687 3360 5758 Θεῷ,
3411 5681 3498 5737 καὶ
3531 5673 3720 5741 ὀλέθρου

2191 5771 2465 5841 πρόξενον,
2500 5774 2592 5831 καὶ
2622 5775 2689 5828 δι’
2717 5777 2886 5847 αὐτῆς
2925 5779 3116 5848 ὁρᾶται
3150 5781 3250 5853 τῆς
3291 5778 3493 5846 πείρας·
