3982 6502
262 322 367 379 517

1198 328 1753 388 COMMENTARIUS
1792 332 1859 387 IN
1901 333 2136 391 OSEAM
2174 335 2622 393 PROPIIETAM.

3448 354 3553 410 5m

344 437 800 509 ’Emarpriynﬂt,
839 443 1113 512 Ἰσραὴλ,
1139 446 1290 513 πρὸς
1316 447 1541 515 Κύριον
1564 450 1671 505 τὸν
1707 451 1842 505 Θεό)

2037 452 2201 510 Vens.
2226 454 2350 510 2-4.
2389 455 2720 523 Convertere,
2752 457 2948 523 Israel,
2978 459 3049 515 ad
3080 460 3360 520 Dominum
3390 467 3553 523 Deum

258 542 399 591 σου,
433 529 590 584 διότι
623 533 982 601 ἠσϐένησας
1012 536 1082 589 ἐν
1111 537 1243 602 ταῖς
1278 540 1537 607 ἀδικίαις
1568 556 1707 595 σου.
1741 543 1861 596 Λά-

257 624 389 675 ϐετε
420 625 556 691 μεθ’
585 624 822 680 ἑαυτῶν
850 628 1096 697 λόγους,
1136 630 1233 684 καὶ
1264 633 1674 703 ἐπιστράφητε
1712 634 1862 703 πρὸς

251 715 481 781 Κύριον
512 718 625 769 τὸν
664 718 816 771 Θεὸν
855 721 1045 787 ὑμῶν.
1099 722 1328 777 Εἴπατε
1357 722 1540 790 αὐτῷ,
1589 725 1749 792 ὅπως
1771 726 1858 796 μὴ

250 805 486 874 λάϐητε
528 807 795 875 ἀδικίαν,
831 812 931 865 καί
973 813 1199 882 λάϐητε
1232 816 1444 886 ἀγαθὰ,
1474 818 1574 872 καί
1601 818 1861 874 ἀνταπο-

252 897 538 967 δώσομεν
565 902 804 970 καρπὸν
830 905 1090 973 χειλέων
1133 908 1325 977 ἡμῶν.
1372 910 1624 978 Ἀσσοὺρ
1664 913 1737 966 οὐ
1769 912 1859 981 μὴ

251 992 428 1062 σώσῃ
456 997 621 1065 ἡμᾶς
645 1038 661 1063 ,
712 1000 805 1068 ἐφ’
853 1001 1046 1057 ἵππον
1090 1006 1204 1059 οὐκ
1250 1005 1698 1078 ἀναϐησόμεθα.
1736 1013 1858 1066 Οὐκ

248 1086 335 1138 ἐτι
360 1086 455 1154 μὴ
488 1089 783 1158 εἴπωμεν·
823 1092 957 1146 Θεοί
991 1093 1313 1164 ήμῶν,τοῖς
1337 1097 1536 1169 ἔργοις
1566 1098 1685 1153 τῶν
1736 1118 1861 1171 χει-

243 1178 615 1276 οῶῖ.1²ξ⁴ῶ’ῗτ

312 1271 507 1327 ΡΝΗ⁹.
552 1271 632 1327 ea
666 1275 906 1346 μετρίως
948 1277 1016 1332 ἄν
1061 1296 1148 1343 τις
1184 1278 1456 1349 ἀγάσαιτο
1484 1283 1589 1336 κάν
1615 1284 1752 1355 τῷδε
1790 1285 1856 1357 δὴ

246 1362 415 1416 πάλιν
440 1363 544 1417 τοῦ
575 1367 860 1437 προφήτου
888 1367 951 1421 τὺ
989 1368 1262 1439 εὐτεχνὲς,
1291 1371 1387 1425 καὶ
1426 1372 1520 1425 τοῦ
1560 1373 1721 1442 λόγου
1754 1376 1856 1444 τὴν

246 1454 593 1523 οἰκονομίαν.
646 1458 956 1529 Πεποίηται
1004 1458 1115 1530 γὰρ
1174 1460 1550 1531 ἀγιοπρεπῶς,
1600 1464 1694 1517 καὶ
1739 1462 1855 1518 ἔστι

246 1545 342 1615 τῆς
391 1544 616 1602 ἄνωθεν
656 1550 1055 1620 μυσταγωγίας
1110 1549 1389 1619 ἔμπλεως.
1445 1554 1855 1626 Προαναπεφώ.

246 1653 377 1708 νηκε
410 1637 520 1708 μὲν
550 1639 665 1710 γὰρ
706 1642 804 1713 τὴν
835 1643 1108 1714 ἐσομένην
1150 1643 1239 1696 διὰ
1270 1644 1510 1715 Χριστοῦ
1556 1646 1849 1719 λύτρωσιν,

247 1731 336 1782 καὶ
360 1730 450 1784 ὅτι
472 1732 623 1787 κατά
653 1735 884 1805 καιροὺς
912 1736 1208 1805 ὲκπονήσει
1236 1735 1491 1804 θάνατος,
1552 1741 1647 1794 καὶ
1675 1742 1852 1814 ἀργή-

1965 555 2155 611 tuum,
2207 547 2333 615 quia
2388 547 2692 615 inﬁrmatus
2751 565 2806 604 es
2868 552 2924 603 in
2984 552 3353 622 iniquitatibus
3427 562 3553 613 tuis.

1966 636 2154 691 Tollite
2183 637 2451 692 vobiscum
2482 655 2768 704 sermones,
2818 653 2865 694 et
2913 647 3236 702 revertimini
3268 650 3339 702 ad
3372 649 3558 703 Domi-

1963 745 2110 783 num.
2137 728 2308 785 Dicite
2340 731 2409 796 ei,
2448 740 2503 784 ut
2533 748 2636 784 non
2672 732 2876 787 tollatis
2924 734 3281 805 iniquitatem,
3320 748 3369 791 et
3402 755 3557 793 assu-

1962 821 2119 875 matis
2154 822 2312 888 bona,
2356 833 2403 875 et
2449 823 2733 877 reddamus
2766 823 3001 891 fructum
3044 824 3303 881 labiorum
3346 838 3555 883 nostro-

1962 927 2100 966 rum.
2149 911 2323 967 Assur
2378 930 2483 968 non
2536 914 2760 968 saluabit
2812 932 2929 981 nos,
2990 931 3149 985 super
3201 934 3391 987 equum
3450 936 3554 972 non

1959 1004 2321 1072 ascendemus,
2356 1021 2462 1060 non
2500 1006 2728 1075 amplius
2760 1007 2993 1063 dicemus
3014 1021 3034 1059 :
3062 1007 3154 1062 Dii
3200 1013 3398 1075 nostri,
3428 1027 3553 1081 ope-

1959 1094 2106 1149 ribus
2140 1112 2395 1150 mauuum
2417 1106 2745 1153 nostrarum.

2029 1271 2257 1329 CLVIII.
2311 1271 2489 1329 Etiam
2530 1275 2594 1329 in
2647 1275 2734 1331 his
2773 1277 3055 1347 propheta:
3102 1278 3398 1334 artilicium
3439 1294 3555 1335 ser-

1956 1365 2244 1435 monisque
2274 1368 2639 1422 oeconomiam
2686 1384 2792 1423 non
2820 1368 3016 1423 leviter
3041 1370 3301 1424 admirari
3333 1385 3505 1439 queas
3537 1393 3549 1425 :

1955 1470 2105 1522 nam,
2141 1464 2200 1511 ut
2230 1464 2477 1512 sanctum
2510 1460 2759 1526 decebat,
2801 1462 2968 1515 verba
3014 1460 3172 1523 ﬁunt,
3222 1470 3279 1515 et
3314 1476 3551 1531 superna

1955 1548 2295 1620 mystagogia
2339 1564 2432 1604 seu
2470 1547 2719 1605 doctrina
2775 1552 2986 1607 caelesti
3034 1553 3191 1621 plena
3236 1561 3388 1610 sunt.
3417 1553 3551 1608 Pro-

1954 1638 2217 1710 mulgavit
2247 1640 2394 1696 enim
2427 1639 2667 1696 futuram
2694 1658 2796 1715 per
2818 1642 3102 1699 Christum
3144 1644 3548 1706 liberationem,

1955 1740 2012 1787 et
2064 1732 2196 1787 olim
2250 1731 2583 1788 delassatum
2639 1734 2705 1788 iri
2764 1745 3032 1801 mortem,
3092 1744 3149 1791 et
3203 1746 3549 1791 cessaturum

247 1839 325 1874 σει
350 1822 417 1875 τὸ
436 1824 674 1897 κέντρον
699 1825 795 1879 τοῦ
828 1827 979 1897 ᾅδου.
1001 1830 1113 1884 Καὶ
1148 1832 1287 1902 πρὸς
1313 1830 1544 1896 τούτοις,
1567 1833 1648 1890 ὅτι
1674 1852 1842 1904 παρα-

1956 1824 2236 1879 stimulum
2284 1825 2511 1881 inferni.
2566 1823 2800 1897 Insuper
2856 1800 3065 1882 nullum
3106 1828 3454 1882 demulcendi
3496 1836 3551 1881 et

246 1913 501 1985 κλήσεως
556 1920 654 1971 καὶ
685 1922 1044 1991 παραμυθίας
1067 1924 1271 1995 τρόπος
1292 1924 1358 1979 ἂν
1379 1929 1551 1979 νοοῖτο
1574 1927 1855 1993 παντελῶς

244 1996 441 2071 οὐδεὶς,
472 2006 538 2070 ὃς
568 2010 670 2064 οὐκ
696 2012 945 2085 ἐγνώσθη
971 2014 1109 2086 Θεῷ.
1134 2017 1246 2070 Καὶ
1273 2018 1334 2071 τὸ
1364 2020 1503 2088 μετά
1530 2020 1687 2073 τοῦτο
1711 2039 1852 2092 συμ-

245 2094 643 2171 ϐουλεύειν-ἦν
695 2102 999 2168 ἀναγκαῖον
1041 2107 1111 2161 τὰ
1159 2108 1299 2180 πρὸς
1346 2110 1624 2180 σωτηρίαν
1669 2112 1853 2175 αὐτοῖς

241 2187 509 2244 τελοῦντα
540 2191 731 2249 λοιπὸν
763 2199 983 2266 φρονεῖν
1016 2216 1075 2251 τε
1106 2200 1202 2253 καὶ
1226 2201 1380 2274 δρᾷν,
1398 2203 1492 2256 καὶ
1522 2205 1687 2257 οἱονεὶ
1714 2205 1851 2276 πρὸς

241 2279 516 2350 ἀνάνηψιν
551 2284 914 2355 ἀνακομίζειν
956 2289 1276 2358 ἐπείγεσθαι
1315 2293 1444 2358 τοὺς
1494 2294 1849 2366 μεμεθυσμέ-

241 2386 362 2434 νους
406 2372 518 2425 οὐκ
560 2374 623 2441 ἐξ
660 2375 808 2430 οἴνου
842 2378 1029 2444 ποθὲν,
1066 2383 1131 2434 ὲκ
1183 2383 1498 2455 φιληδονίας
1548 2386 1604 2439 δὲ
1646 2387 1850 2457 μᾶλλον

242 2464 543 2534 κοσμικῆς,
566 2467 664 2519 καὶ
698 2467 795 2522 τοῦ
830 2472 1196 2541 προσκεῖσθαι
1227 2474 1404 2544 φιλεῖν
1433 2479 1556 2542 ταῖς
1592 2478 1702 2533 τῶν
1734 2480 1850 2533 δαι-

242 2552 420 2622 μόνων
454 2556 724 2621 ἀπάταις.
754 2557 874 2614 Ἵνα
905 2562 1087 2616 τοίνυν
1125 2565 1202 2636 μὴ
1231 2568 1351 2631 ταῖς
1372 2569 1454 2633 εἰς
1498 2570 1849 2640 χρηστότητα

239 2646 329 2699 καὶ
383 2648 819 2721 φιλανθρωπίαν
880 2652 1212 2724 ὑποσχέσεσι
1280 2658 1418 2729 πρὸς
1481 2659 1544 2712 τὸ
1582 2660 1846 2732 ¹ῥᾴθυμον

238 2738 633 2810 ὑπτιούμενοι,
686 2742 783 2795 τὸν
839 2746 1198 2816 σωφρονίζειν
1254 2749 1435 2805 εἰδότα
1503 2752 1636 2823 παρ’
1693 2754 1846 2809 οὐδὲν

238 2833 476 2886 ποιοῖντο
505 2834 687 2903 λόγον,
723 2836 902 2909 ταύτῃ
928 2856 1010 2892 τοι
1052 2840 1341 2912 χρησίμως
1373 2844 1512 2917 πρὸς
1536 2846 1844 2918 ὑπόμνησιν

235 2924 433 2991 αὐτοὺς
464 2926 580 2980 τῶν
604 2927 799 2981 δεινῶν
828 2930 1094 3002 ἀναφέρει
1120 2933 1307 2998 πάλιν,
1334 2936 1430 2988 καὶ
1468 2937 1843 3011 ἀναφανισθή-

1956 1916 2273 1971 consolandi
2328 1919 2550 1973 modum
2593 1933 2622 1973 a
2660 1934 2938 1989 quoquam
2978 1933 3141 1989 posse
3171 1919 3384 1987 concipi
3427 1932 3548 1972 om-

1953 2007 2127 2075 nino,
2183 2009 2275 2079 qui
2333 2009 2502 2064 Deum
2554 2010 2738 2066 lateat.
2801 2011 2932 2066 Post
2990 2012 3092 2066 hoc
3156 2024 3385 2065 necesse
3432 2018 3552 2064 erat

1951 2103 2205 2167 suadere,
2238 2110 2298 2156 ut
2324 2118 2446 2172 qua:
2478 2103 2706 2172 posthac
2730 2103 2798 2157 ad
2831 2118 3019 2159 eorum
3049 2102 3280 2157 salutem
3310 2100 3551 2169 pertine-

1951 2200 2095 2256 rent,
2128 2206 2190 2246 ea
2226 2200 2283 2248 et
2324 2201 2830 2249 commentarentur
2859 2202 2916 2249 et
2946 2192 3229 2258 facerent;
3264 2201 3318 2247 et
3348 2206 3455 2246 non
3482 2206 3551 2246 ex

1951 2284 2080 2339 vino
2130 2285 2403 2350 alicunde,
2452 2288 2550 2341 sed
2600 2302 2665 2341 ex
2705 2287 3009 2353 cupiditate
3044 2285 3227 2355 potius
3261 2284 3551 2338 mundana:

1950 2375 2270 2446 voluptatis,
2314 2386 2369 2432 et
2414 2392 2481 2431 ex
2516 2378 2929 2434 consectatione
2962 2377 3310 2434 fallaciarum
3345 2376 3551 2433 diaboli

1950 2469 2276 2536 inebriatos,
2321 2470 2513 2526 conari
2562 2471 2712 2527 velut
2751 2473 2818 2527 ad
2866 2471 3223 2527 sobrietatem
3263 2470 3547 2527 reducere.

1948 2566 2027 2622 Ne
2056 2566 2241 2637 igitur,
2265 2567 2627 2639 benignitatis
2673 2576 2729 2621 et
2776 2566 3136 2622 humanitatis
3167 2563 3551 2636 promissioni-

1936 2659 2050 2733 ‘bus
2109 2659 2305 2728 supine
2350 2658 2709 2730 negligentes,
2773 2660 3088 2715 sobrietatis
3136 2666 3193 2714 et
3245 2657 3547 2727 prudentia:

1947 2751 2273 2821 magistrum
2337 2766 2649 2808 sermonem
2702 2751 3067 2820 despicerent,
3123 2749 3195 2805 ob
3242 2747 3294 2803 id
3342 2762 3435 2802 eos
3479 2746 3546 2801 ad

1946 2842 2267 2897 memoriam
2301 2843 2624 2909 acerborum
2650 2844 2829 2899 denuo
2858 2851 3094 2899 revocat.
3128 2841 3193 2896 Et
3226 2856 3350 2896 cum
3371 2840 3544 2895 dixis-

1944 2942 2031 2989 set
2059 2933 2422 3002 disperditum
2454 2933 2523 2987 iri
2557 2933 2892 3001 Samariam,
2930 2934 3058 3003 quia
3093 2933 3393 2988 restitisset
3432 2932 3546 2986 Deo

235 3017 430 3070 σεσθαι
466 3019 573 3090 μὲν
603 3018 703 3090 τὴν
731 3020 1057 3092 Σαμάρειαν
1085 3024 1281 3091 εἰπὼν,
1319 3028 1400 3080 ὅτι
1436 3028 1671 3101 ἀντέστη
1705 3031 1842 3103 πρὸς

1947 3040 2069 3091 suo,
2120 3041 2249 3082 mox
2296 3025 2417 3083 istis
2464 3025 2556 3082 illa
2609 3027 2912 3098 subjungit,
2962 3041 3084 3094 quae
3141 3024 3210 3080 ad
3258 3025 3544 3080 audientes

234 3110 317 3163 τὸν
347 3110 488 3165 Θεὸν
523 3112 735 3182 αὐτῆς,
771 3108 891 3170 εἶτα
922 3115 1137 3180 τούτοις
1180 3119 1366 3173 ἐκεῖνα
1415 3123 1731 3192 προστιθεὶς
1752 3165 1767 3191 ,
1804 3126 1840 3180 ἃ

1947 3118 2333 3188 perterrendos
2386 3120 2902 3189 contristandosque
2959 3118 3114 3189 191
3167 3116 3349 3171 valere
3409 3116 3544 3171 satis

234 3202 293 3275 δὴ
338 3204 591 3275 μάλιστά
638 3221 705 3274 γε
750 3208 1229 3273 καταδεδίττεσθαί
1270 3229 1333 3265 τε
1377 3215 1473 3268 καὶ
1517 3216 1675 3288 ἀνιᾷν
1739 3218 1842 3273 οὐκ

1947 3211 2221 3268 videntur.
2292 3210 2535 3268 Infantes
2589 3211 2791 3282 quippe
2846 3210 3150 3265 allidendos
3201 3215 3427 3273 narrat,
3487 3215 3544 3262 et

233 3295 515 3361 ἀνικὼιως
542 3296 741 3368 ἔχοντα
776 3301 1030 3368 φαίνεται
1064 3303 1193 3367 τοὺς
1218 3303 1630 3377 ἀκροωμένους.
1649 3309 1839 3379 Νήπια

1947 3311 2151 3359 matres
2187 3303 2333 3373 ipsas
2357 3304 2656 3373 perituras,
2692 3302 3043 3371 optatissimo
3075 3299 3209 3357 ﬂore
3243 3300 3483 3354 nondum
3510 3313 3542 3353 e

234 3388 330 3459 μὲν
358 3388 477 3460 γὰρ
506 3390 975 3463 ὲδαφισθήσεσθαί
1008 3410 1175 3466 φησιο
1207 3395 1603 3452 συνδιολεῖσθαι
1639 3399 1698 3452 δὲ
1725 3402 1841 3465 τοῖς

1947 3393 2251 3449 visceribus
2318 3393 2372 3448 in
2433 3392 2612 3447 lucem
2682 3392 2849 3447 edito.
2906 3390 3112 3459 lnjecto
3166 3390 3333 3461 igitur
3385 3388 3540 3460 prius

231 3483 500 3556 ἐμϐρύοις
527 3485 625 3539 καὶ⁵
663 3485 833 3550 αὐτὰς
862 3486 963 3552 τὰς
1001 3488 1268 3560 μητέρας,
1296 3488 1451 3544 οὔπω
1475 3492 1575 3562 τῆς
1611 3492 1842 3560 λαγόνος

230 3575 634 3646 ὲξενεγκούσας
682 3580 765 3643 είς
799 3580 917 3649 φῶς
960 3582 1022 3635 τὸ
1066 3582 1432 3638 πολύτευκτον
1466 3585 1647 3649 ἄνθος.
1699 3588 1839 3658 [lpo-

229 3670 630 3740 καταπτοήσας
680 3670 745 3743 δὴ
793 3666 889 3726 οὖν
931 3675 1047 3737 τοῖς
1099 3666 1423 3748 δείγμασιν,
1479 3677 1573 3731 ἐπὶ
1639 3679 1835 3752 καιροῦ

229 3759 417 3815 λοιπὸν
438 3765 565 3825 ταῖς
581 3761 694 3817 τῶν
716 3766 1165 3838 νουθετουμένων
1185 3770 1436 3840 καρδίαις
1457 3770 1549 3824 τὸν
1568 3771 1838 3827 καλοῦντα

229 3858 364 3928 πρὸς
390 3858 747 3927 μετάγνωσιν
781 3858 959 3930 ἐνίησι
987 3860 1165 3930 λόγον,
1190 3864 1270 3916 ὅτι
1291 3862 1398 3935 χρὴ
1424 3863 1834 3937 παλινδρομεῖν,

226 3947 319 3998 καὶ
356 3946 505 4017 πρὸς
536 3946 672 4001 Θεὸν
703 3950 1003 4021 ἐπανήκειν
1043 3947 1103 4003 εὖ
1150 3952 1296 4023 μάλα
1327 3954 1703 4023 παραφωνῶν.
1733 3957 1837 4009 Λέ-

227 4054 335 4106 γων
364 4039 449 4103 δὲ,
496 4039 581 4093 ὅτι
624 4059 644 4091 ι
666 4040 1011 4112 Ἠσθένησας
1041 4043 1097 4096 ὲν
1132 4046 1253 4108 ταῖς
1278 4045 1520 4110 ἀδικίαις
1547 4064 1665 4113 σου,
1699 4067 1717 4099 ι
1753 4047 1834 4101 δί-

224 4131 358 4185 δωσι
386 4134 559 4196 νοεῖν,
602 4133 686 4186 ὅτι
729 4132 908 4205 πάντη
941 4152 1001 4188 τε
1042 4136 1137 4189 καὶ
1169 4137 1388 4202 πάντως
1431 4140 1835 4212 συγκαταλήξει

224 4228 345 4287 ταῖς
376 4224 626 4289 ἀδικίαις
665 4227 761 4279 καί
802 4226 863 4280 τὺ
902 4227 1152 4284 ἀσθενεῖν
1181 4229 1402 4294 αὐτοὺς,
1441 4234 1535 4285 καὶ
1582 4233 1697 4295 τοῖς
1734 4232 1835 4302 τῆς

223 4315 577 4379 ἀποστασίας
605 4316 869 4388 τρόποις,
900 4319 948 4371 εί
983 4319 1049 4371 ἐκ
1082 4319 1251 4389 μέσου
1282 4320 1542 4388 γένοιντο,
1577 4323 1827 4394 συνοιχή-

1941 3500 2168 3556 pavore,
2216 3486 2285 3542 de
2322 3494 2521 3541 caetero
2553 3498 2864 3538 sermonem
2909 3483 2979 3539 ad
3026 3482 3403 3552 poenitentiam
3446 3496 3542 3537 co-

1944 3578 2252 3633 hortantem
2276 3576 2534 3633 cordibus
2563 3588 2753 3630 eorum
2782 3587 2921 3643 quos
2946 3573 3205 3628 admonet
3229 3578 3539 3640 opportune

1939 3668 2207 3736 immittit,
2260 3664 2548 3723 recurrere
2590 3674 2648 3722 et
2704 3665 2773 3720 ad
2824 3664 2993 3721 Deum
3036 3663 3236 3720 reverti
3284 3670 3540 3734 oportere

1939 3759 2296 3816 meritissimo
2326 3758 2663 3815 acclamans.
2696 3760 2831 3813 Cum
2861 3771 3029 3829 porro
3055 3755 3210 3819 dicit,
3240 3755 3365 3825 quia
3397 3771 3418 3806 ι
3446 3753 3538 3809 In-

1940 3853 2189 3907 ﬁrmatus
2219 3865 2279 3907 es
2331 3851 2388 3906 in
2446 3851 2833 3919 lniquitatibus
2876 3851 3019 3915 tuis,
3049 3868 3069 3903 ι
3128 3846 3538 3918 intelligendum

1937 3943 2180 4013 subiicit,
2214 3942 2546 3998 omnimodis
2588 3944 2965 4000 inﬁrmitatem
2998 3942 3241 4013 ipsorum
3270 3957 3379 3997 una
3413 3956 3538 3998 cum

1938 4034 2321 4106 iniquitatibus
2349 4034 2679 4100 desituram;
2710 4043 2787 4100 et,
2817 4035 2863 4089 si
2890 4034 3181 4101 apostasiae
3207 4033 3537 4104 multiplices

1938 4142 1969 4183 e
2000 4128 2178 4182 medio
2221 4132 2625 4189 removeantur,
2673 4139 2761 4179 res
2803 4126 3064 4180 adversas
3099 4137 3317 4194 quoque
3367 4124 3531 4177 simul

1939 4220 2203 4275 abituras.
2238 4216 2457 4273 Modum
2500 4224 2681 4271 autem
2716 4214 3051 4271 reversionis
3080 4215 3148 4269 ad
3178 4215 3347 4270 Deum
3381 4215 3534 4269 laevi-

1938 4322 2069 4383 gat:
2100 4311 2176 4366 ait
2217 4312 2362 4367 enim
2391 4308 2617 4380 pulchre
2657 4309 2947 4366 admodum
2982 4317 3303 4378 peccatores
3338 4307 3537 4362 melius

224 4426 383 4463 σεται
432 4410 531 4464 καὶ
571 4409 641 4463 τὰ
672 4410 846 4465 δεινά.
886 4411 991 4464 Τδν
1023 4410 1081 4463 δέ
1116 4428 1179 4482 γε
1225 4411 1326 4483 τῆς
1360 4413 1497 4483 πρὸς
1538 4413 1670 4466 Θεὸν
1709 4415 1835 4467 em-
1941 4405 2247 4469 habituros,
2306 4417 2677 4471 sensurosque
2725 4401 2896 4456 Deum
2935 4399 3258 4471 propitium,
3307 4414 3420 4454 non
3467 4398 3537 4454 de

225 4502 473 4572 στροφῆς
498 4500 874 4555 καταλειαίνει
902 4503 1121 4573 τρόπον.
1151 4503 1413 4556 Ἔσεσθαι
1445 4504 1553 4574 γὰρ
1586 4505 1644 4557 ἐν
1675 4504 1834 4575 ἀμεί-

1947 4497 2150 4552 divitiis
2177 4496 2494 4561 offerentes,
2519 4509 2629 4548 non
2664 4507 2860 4547 aurum
2886 4489 3227 4555 dedicantes,
3257 4503 3365 4544 non
3388 4489 3531 4543 vasis

223 4610 361 4657 νοσι,
406 4594 506 4646 καὶ
534 4593 593 4648 ὲν
620 4594 797 4663 φειδοῖ
837 4596 904 4666 τῇ
941 4594 1094 4665 παρά
1123 4593 1242 4665 Θεῷ
1274 4596 1401 4654 τοὺς
1438 4597 1834 4667 ἡμαρτηκότας

223 4681 281 4739 εὖ
316 4685 473 4756 μάλα
507 4686 705 4755 φησὶν,
736 4687 796 4740 οὐ
835 4687 905 4740 τὰ
955 4687 1021 4740 ἐκ
1053 4686 1287 4742 πλούτου
1325 4688 1728 4760 προσάγοντας,
1770 4689 1830 4743 οὐ

224 4776 430 4848 χρυσὸν
454 4778 784 4843 ἀναθέντας,
821 4781 882 4832 οὐ
916 4779 1173 4833 σκεύεσιν
1199 4781 1461 4852 ἀργυροῖς
1486 4782 1654 4852 τιμᾷν
1682 4782 1825 4853 ᾑρη-

226 4871 452 4940 μένους,
489 4871 551 4924 οὐ
586 4871 926 4941 βουθυσίαις,
974 4873 1035 4926 οὑ
1096 4872 1285 4944 μήλων
1330 4875 1566 4945 σφαγαῖς
1600 4873 1831 4944 εὐφραί-

223 4979 441 5029 νοντας,
499 4964 617 5016 ἀλλ’
666 4965 717 5017 εί
766 4966 1087 5035 χαρίσαιντο
1133 4966 1352 5034 λόγους,
1402 4966 1499 5019 καὶ
1544 4967 1831 5036 εὐστομεῖν

224 5057 436 5111 ἕλοιντο
499 5057 594 5110 τὸν
647 5059 758 5112 τῶν
807 5060 946 5113 ὅλων
999 5058 1271 5129 δεσπότην
1330 5057 1826 5129 ἐκμειλισσόμενοι.

231 5164 255 5199 ιΔ
279 5147 503 5203 Λάϐετε
548 5148 660 5219 γὰρ
691 5149 812 5219 μεθ’
843 5147 1054 5203 ἑαυτῶν
1086 5148 1301 5217 λόγους,
1343 5149 1537 5202 εἴπατε
1578 5147 1658 5218 τῷ
1686 5148 1829 5219 Θεῷ,

224 5240 374 5305 ὅπως
409 5239 491 5312 μὴ
522 5239 727 5311 λάϐητε
754 5240 991 5304 ἀδικίαν,
1017 5241 1114 5294 καὶ
1147 5238 1352 5311 λάϐητε
1386 5238 1591 5307 ἀγαθὰ,
1623 5258 1643 5291 ι
1677 5257 1832 5293 τουτ-

226 5331 399 5397 ιστιν,
447 5332 540 5385 ἵνα
592 5331 669 5402 μὴ
702 5335 826 5395 ταῖς
867 5331 1105 5397 ἀδικίαις
1154 5330 1459 5402 ίσομέτρως
1504 5328 1833 5400 κολάζησθε,

228 5424 658 5493 καταπλουτῆτε
711 5423 768 5476 δὲ
801 5424 1025 5495 μᾶλλον,
1074 5426 1196 5488 ταῖς
1247 5422 1357 5477 τῶν
1404 5422 1628 5492 ἀγαθῶν
1670 5439 1836 5493 χορη-

1938 4587 2219 4658 argenteis
2258 4586 2411 4641 illum
2459 4585 2732 4640 honorare
2785 4583 3157 4647 instituentes,
3204 4597 3315 4636 non
3364 4581 3529 4637 boum

1936 4685 2247 4751 sacriﬁciis,
2295 4701 2404 4741 non
2461 4684 2645 4740 ovium
2701 4680 3123 4737 mactationibus
3155 4677 3531 4741 lmtiﬁcantes;

1934 4780 2031 4837 sed
2066 4779 2111 4833 si
2142 4779 2467 4833 donaverint
2502 4777 2555 4835 ei
2598 4789 2905 4840 sermones,
2936 4781 2993 4829 et
3020 4771 3273 4826 laudibus
3304 4769 3531 4824 univer-

1934 4885 2121 4928 serum
2180 4870 2468 4925 Dominum
2530 4869 2787 4938 mitigare
2834 4864 3200 4922 decreverint.
3271 4861 3533 4918 «Sumite

1937 4964 2217 5022 vobiscum
2264 4975 2588 5029 sermones,
2650 4960 2857 5029 inquit,
2913 4958 3081 5013 dicite
3135 4956 3249 5012 Deo
3302 4962 3364 5009 ut
3422 4967 3540 5007 non

1940 5056 2143 5113 tollatis
2183 5054 2546 5124 iniquitatem,
2597 5061 2654 5107 et
2690 5049 2975 5120 accipiatis
3023 5048 3191 5111 bona,
3221 5063 3242 5098 ι
3288 5044 3393 5099 hoc
3422 5050 3534 5104 est,

1938 5163 2008 5205 ne
2058 5146 2301 5219 aequales
2350 5143 2737 5216 iniquitatibus
2791 5155 2986 5211 poenas
3029 5136 3378 5200 sustineatis;
3432 5135 3538 5189 sed

1936 5251 2126 5301 contra
2156 5241 2425 5297 bonorum
2463 5238 2754 5307 adeptione
2788 5234 2984 5291 divites
3013 5229 3280 5289 evadatis.
3310 5225 3539 5283 Oblatu-r

1935 5350 2024 5390 ros
2050 5343 2231 5388 autem
2266 5333 2333 5388 de
2363 5331 2524 5386 labiis
2555 5327 2993 5386 vestris’cantica
3028 5322 3323 5394 gratiarum
3370 5325 3520 5372 acto-

1932 5426 2033 5488 ria,
2071 5434 2129 5481 et
2156 5423 2558 5480 confessionem
2588 5418 2910 5492 promittite.
2954 5414 3019 5469 Ili
3052 5412 3200 5467 enim
3243 5418 3373 5465 sunt
3411 5407 3532 5462 l'ru-

226 5519 398 5587 γίαις,
446 5517 854 5586 ἐπαγγείλασθε
903 5517 962 5570 δὲ
994 5515 1390 5589 προσκομίζειν
1430 5514 1581 5586 αὑτῷ
1612 5516 1685 5570 τὰ
1724 5517 1834 5569 ἀπὸ

1947 5526 2050 5573 :tus
2081 5517 2301 5587 linguae.
2348 5513 2737 5571 Verumtamen
2771 5509 2902 5565 illud
2936 5505 3189 5569 clamate,
3236 5501 3435 5571 inquit,
3472 5511 3535 5557 es

229 5608 489 5677 χειλέων,
551 5608 951 5680 χαριστηρίους
1018 5608 1196 5679 ᾠδὰς,
1254 5608 1349 5662 καὶ
1409 5606 1827 5679 ἐξομολόγησιν.

230 5698 492 5771 Γλώσσης
515 5700 627 5772 γὰρ
659 5700 727 5754 τὰ
753 5700 935 5754 τοιάδε
977 5700 1202 5772 καρποί.
1252 5700 1401 5771 Πλὴν
1435 5701 1613 5753 έκεῖνο
1641 5699 1823 5770 βοᾶτε,

233 5790 388 5862 φησὶ,
427 5793 521 5846 καὶ
563 5795 849 5867 ἀραρότως
883 5794 1308 5862 ὲπαγγέλλεςθε,
1359 5794 1433 5859 ὼς
1460 5793 1584 5847 οὔτε
1623 5795 1819 5863 ἐρεῖτε⁶

1931 5617 2300 5676 congruenter
2321 5606 2611 5679 spondete,
2639 5618 2748 5659 non
2777 5599 3010 5671 amplius
3037 5596 3204 5655 etiam
3237 5594 3484 5651 dicturos
3505 5616 3531 5653 ι’
3604 5598 3611 5605 ’

1942 5701 2076 5758 «Dii
2142 5698 2631 5778 nostri,operibus
2692 5708 2948 5751 manuum
3016 5698 3394 5778 vestrarum.»
3456 5689 3533 5743 ιιι

1936 5794 2083 5850 enim
2131 5800 2289 5851 erant
2331 5777 2492 5849 modi
2548 5786 2867 5861 apostasia;
2916 5791 3139 5857 propter
3185 5780 3304 5838 haec
3349 5777 3533 5836 Deum
