3982 6460
479 350 584 407 ’519

1472 348 1530 403 S.
1570 346 1850 403 CYRILLI
1889 345 2357 402 ALEXANDRINI
2395 345 2718 402 ARCIIIEP.

3639 346 3745 400 5‘20

477 461 1006 532 oﬂenderunt,.quia
1036 468 1090 516 et
1123 459 1282 516 idolis
1319 468 1657 529 seruerunt,
1689 470 1744 516 et
1775 461 1886 516 Deo
1913 473 2056 516 sem-

2176 461 2320 513 ιΘεοί
2337 460 2494 532 ἡμῶν
2516 461 2628 522 τοῖς
2648 457 2832 530 ἔργοις
2853 455 2962 512 τῶν
2987 457 3185 528 χειρῶν
3210 458 3239 511 ύ
3249 456 3385 528 μῶν.
3400 451 3611 510 »Ἦσαν
3636 457 3744 528 γάρ

478 567 582 622 per
633 551 906 608 salvatore
953 565 1054 607 suo
1105 558 1460 621 contempto,
1517 565 1671 620 spem
1732 550 1785 605 in
1839 551 2058 608 auxiliis

481 644 738 700 humanis
772 651 1162 713 reposuerunt;
1210 651 1266 698 et
1294 642 1728 714 oppugnantibus
1765 655 1860 698 eos
1886 641 2058 713 Egy-

481 739 611 809 ptiis
660 738 941 808 Assyrium
977 736 1370 807 implOrarunt,
1403 736 1634 805 [rursum
1668 735 1910 806 Assyriis
1953 734 2060 790 Sa-

482 829 714 884 mariam
766 829 936 882 armis
983 827 1391 898 appetentibus,
1439 825 1818 897 Egyptiorum
1846 826 2056 894 equites
2088 822 2103 833 “’

480 919 818 990 sagittarios,
851 919 968 974 sive
1009 919 1278 988 equestris
1325 916 1533 972 militia
1573 930 1771 987 gnaros
1810 915 2061 969 mercede

481 1011 885 1065 conduxerunt.
925 1009 1141 1075 idcirco
1171 1017 1228 1064 et
1265 1022 1297 1062 a
1330 1007 1442 1063 Deo
1493 1015 1680 1077 aperte
1722 1005 2013 1060 audierunt
2043 1020 2059 1058 :

489 1119 509 1152 ι
541 1098 634 1154 Vae
663 1099 755 1167 qui
790 1098 1119 1154 descenditis
1144 1098 1197 1153 in
1233 1096 1530 1169 Egyptum
1558 1095 1624 1151 ad
1657 1094 1938 1158 auxilium,
1970 1092 2060 1163 qui

484 1189 765 1245 conﬁdunt
797 1189 850 1243 in
895 1189 1051 1258 equis
1095 1198 1152 1243 et
1198 1189 1252 1244 in
1284 1188 1534 1244 curribus
1558 1186 1623 1244 ¹⁸.
1664 1205 1683 1238 ι
1723 1185 2062 1240 Ridebantur

483 1290 684 1346 porro,
739 1290 842 1332 nec
901 1276 1136 1347 injuria,
1189 1287 1493 1346 quaerentes
1543 1277 1938 1346 protectionem
1992 1273 2062 1328 ab

484 1367 706 1424 homine
749 1366 1028 1438 Egyptio,
1072 1383 1178 1423 non
1230 1382 1260 1422 a
1298 1366 1547 1432 Domino,
1583 1385 1603 1418 ι
1631 1380 1893 1436 equorum
1935 1379 2061 1419 car-

485 1473 582 1514 nes
606 1458 674 1524 ιο,
709 1477 728 1510 ι
767 1467 827 1513 ιιι
861 1458 1123 1529 scriptum
1173 1466 1279 1514 est.
1319 1458 1460 1527 Ergo
1506 1457 1853 1527 pollicentur,
1899 1471 1959 1511 se
1995 1455 2064 1510 ab

483 1548 752 1605 idolorum
787 1548 935 1604 cultu
963 1550 1322 1615 discessuros,
1355 1563 1454 1604 nec
1487 1549 1626 1602 ultra
1659 1548 1713 1602 in
1757 1547 2065 1602 hominibus

483 1653 636 1709 Spem
716 1637 1017 1694 habituros.
1089 1637 1411 1694 Emendatio
1473 1637 1578 1693 ista
1637 1644 2063 1706 perpetratorum

484 1728 806 1784 delictorum
831 1730 1213 1785 universorum
1235 1729 1483 1800 opiﬁcem
1512 1729 1578 1783 ad
1607 1727 1884 1783 lenitatem
1912 1741 2067 1782 revo-

2157 546 2304 606 οῦτοι
2344 552 2445 622 τῆς
2494 550 2833 612 ἀποστασίας
2881 550 2929 602 οἰ
2972 550 3183 619 τρόποι.
3225 549 3323 602 Διά
3361 547 3536 603 ταῦτα
3575 564 3747 620 προσ-

2159 642 2550 716 κεκρούκασιν,
2598 642 2680 696 ὃτι
2729 641 2824 694 καὶ
2866 639 3293 712 λελατρεύκασιν
3348 638 3610 702 εἰδώλοις,
3652 639 3748 692 καὶ

2159 736 2252 789 τὸν
2297 734 2383 788 ἀεὶ
2414 733 2654 796 σώζοντα
2697 731 2830 784 Θεὸν
2865 730 3256 801 ἀτιμάσαντες,
3295 731 3415 793 ταῖς
3450 728 3510 793 ἐξ
3541 727 3750 799 ἀνθρώ·

2160 843 2278 879 πων
2328 823 2671 894 ἐπικουρίαις
2729 821 3208 892 προσνενεμήκασι
3237 820 3336 891 τὴν
3380 818 3590 872 ἐλπίδα.
3632 818 3750 872 Καὶ

2163 912 2544 984 πολεμούντων
2566 913 2664 983 μὲν
2689 912 2875 975 αὐτοῖς
2892 910 3000 965 τῶν
3019 909 3358 980 Αἰγυπτίων,
3377 903 3751 963 ἐπεκαλοῦντο

2160 1006 2252 1059 τὸν
2296 1003 2599 1075 Ἀσσύριον.
2653 1001 2952 1074 Ἀσσυρίων
2983 1003 3042 1056 δέ
3088 1001 3252 1057 πάλιν
3295 1001 3437 1055 ὅπλα
3474 1000 3616 1055 κατὰ
3646 999 3748 1070 τῆς

2163 1096 2477 1168 Σαμαρείας
2527 1093 2820 1166 ῄρμένων,
2863 1093 3291 1165 κατεμισθοῦντο
3335 1094 3582 1164 χρήμασι
3617 1091 3749 1156 τοὺς

2162 1187 2272 1241 τῶν
2303 1187 2617 1255 Αἰγυπτίων
2647 1185 3022 1251 ἱπποτοξότας,
3066 1185 3235 1256 ἤγουν
3261 1185 3319 1237 ἐν
3347 1186 3458 1246 τοῖς
3486 1182 3751 1252 πολέμοις

2169 1278 2403 1348 ἱππικῆς
2458 1277 2853 1347 ἐπιστήμονας.
2887 1277 3073 1347 Ταύτῃ
3111 1294 3194 1330 τοι
3238 1276 3332 1329 καὶ
3378 1275 3575 1346 ῆκουον
3609 1273 3750 1328 Θεοῦ

2163 1367 2415 1437 λέγοντος
2469 1365 2737 1435 ἐναργῶς·
2784 1385 2802 1417 ι
2847 1368 2982 1420 Οὐαὶ
3011 1368 3060 1419 οἰ
3093 1366 3512 1428 καταϐαίνοντες
3540 1366 3620 1427 εἰς
3651 1363 3749 1416 Αί-

2164 1475 2371 1526 γυπτον
2399 1456 2494 1509 ἐπὶ
2553 1457 2823 1528 βοήθειαν,
2855 1459 2903 1509 οἱ
2937 1458 3022 1528 ἐφ’
3052 1459 3240 1521 ἵπποις
3271 1456 3612 1522 πεποιθότες,
3655 1455 3753 1508 καὶ

2165 1550 2251 1620 ἐφ’
2304 1549 2568 1621 ἅρμασιν.
2602 1567 2620 1602 ι
2673 1549 2970 1617 Ἐγελῶντο
3014 1549 3070 1603 δέ
3095 1590 3112 1614 ,
3168 1551 3265 1603 καὶ
3312 1549 3457 1619 μάλα
3503 1547 3747 1614 δικαίως,

2166 1639 2549 1710 προασπιστὴν
2579 1639 2855 1693 ποιεῖσθαι
2892 1639 3288 1704 σπουδάζοντες
3315 1638 3616 1707 Αἰγύπτιον
3663 1637 3753 1691 ἄν·

2167 1731 2406 1801 θρωπον,
2451 1729 2547 1784 καὶ
2597 1729 2658 1782 ού
2703 1728 2860 1794 Θεὸν,
2915 1747 2933 1779 ι
2965 1729 3150 1781 ἵππων
3187 1727 3416 1799 σάρκας,
3449 1745 3468 1779 ι
3515 1726 3657 1780 κατά
3690 1721 3754 1776 τὸ

484 1827 574 1874 cat
615 1833 714 1889 per
751 1818 910 1889 192
951 1821 1271 1890 prophetam
1329 1820 1404 1875 ita
1451 1819 1802 1888 loquentem:
1839 1835 1862 1870 ι
1893 1817 2062 1871 Aver-

2176 1822 2572 1892 γεγραμμένον.
2605 1819 2817 1874 οὐκοῦν
2846 1821 3147 1890 ἀποφοιτᾷν
3197 1818 3623 1888 ἐπαγγέλλονται
3656 1815 3752 1869 καὶ

485 1911 644 1964 sione
692 1912 1004 1968 avertimini
1048 1912 1117 1967 ab
1167 1912 1546 1982 iniquitatibus
1603 1911 1829 1976 vestris,
1871 1911 2062 1965 domus

2176 1912 2264 1966 τοῦ
2289 1910 2574 1983 λατρεύειν
2600 1910 2860 1974 εἰδώλοις,
2894 1910 2990 1964 καὶ
3025 1909 3119 1963 τοῦ
3165 1908 3264 1973 τὰς
3296 1907 3518 1972 ἐλπίδας
3544 1908 3631 1959 ἐπ’
3662 1907 3753 1959 ἀν-

487 1999 675 2066 lsrael,
712 2009 768 2056 et
807 2017 913 2057 non
944 2011 1107 2058 erunt
1147 2002 1300 2058 vobis
1340 2004 1392 2058 in
1435 2017 1648 2072 poenam
1682 2002 2004 2072 iniquitatis.
2036 2019 2055 2053 ι

2176 2002 2410 2073 θρώποις
2449 2001 2594 2072 ἔχειν
2625 1999 2727 2056 ἐτι.
2767 1999 3172 2072 Ἐπανόρθωσις
3215 2000 3275 2054 δέ
3316 1999 3453 2070 αῦτη
3502 1997 3612 2050 τῶν
3649 1996 3750 2066 ἤδη

486 2092 996 2164 προεπταισμένων,
1028 2093 1268 2148 καλοῦσα
1333 2095 1470 2166 πρὸς
1532 2095 1850 2166 ἡμερότητα
1888 2094 1980 2148 τὸν
2047 2094 2156 2148 τῶν
2189 2095 2327 2148 ὅλων
2375 2095 2742 2165 δημιουργὸν,
2794 2093 2887 2147 τὸν
2940 2093 3028 2147 διὰ
3091 2093 3274 2163 φωνῆς
3335 2091 3616 2161 προφήτου
3665 2088 3755 2143 λέ·

484 2196 684 2249 γοντα’
719 2199 738 2234 ι
763 2183 1109 2257 Ἀποστροφῇ
1144 2185 1528 2257 ἀποστρέψατε
1571 2185 1680 2239 ἀπὸ
1719 2186 1827 2240 τῶν
1868 2183 2110 2256 ἀνομιῶν
2150 2183 2326 2256 ὑμῶν,
2357 2181 2507 2249 οἰκος
2545 2184 2641 2238 τοῦ
2683 2183 2922 2256 Ἰσραὴλ,
2958 2183 3054 2238 καὶ
3116 2183 3216 2237 οὐκ
3243 2182 3469 2253 ,ἔσονται
3506 2181 3636 2252 ύμῖν
3673 2178 3754 2241 εἰς

485 2273 708 2330 κόλασιν
738 2277 974 2342 ἀδικίας.
1019 2296 1041 2332 ι

559 2367 664 2432 Qui
693 2371 749 2422 in
781 2379 830 2424 te
853 2378 953 2436 est,
980 2370 1312 2427 miserebitur
1348 2373 1591 2444 orphani.

557 2458 739 2516 CLIX.
779 2459 1068 2532 Propheta:
1098 2476 1204 2518 vox
1231 2466 1299 2520 ad
1327 2463 1753 2534 resipiscendum
1782 2463 2076 2518 adhortan-

488 2550 584 2618 tis,
624 2559 682 2607 et
719 2550 1000 2608 lenitatem
1042 2552 1258 2611 Domini
1293 2555 1647 2626 publicantis,
1685 2563 1741 2610 et
1772 2554 2076 2610 cunctatio-

490 2655 616 2698 nem
665 2642 899 2700 volentis
940 2645 1268 2714 resipiscere
1308 2649 1676 2717 praecideritis.
1724 2646 1802 2704 Ne
1833 2646 2076 2714 dubites;

491 2737 678 2804 Israel,
711 2739 906 2809 inquit,
943 2749 996 2796 te
1037 2749 1219 2811 Optata
1256 2751 1702 2806 conseculurum,
1749 2742 1795 2796 si
1847 2750 1899 2796 te
1923 2742 2074 2812 prius

492 2829 559 2884 ad
579 2829 956 2898 paenitentiam
1002 2830 1237 2887 dederis.
1277 2831 1380 2898 Qui
1409 2833 1553 2888 enim
1587 2833 1640 2887 in
1683 2843 1737 2886 te
1775 2841 1878 2897 est,
1907 2831 2076 2886 mise-

494 2920 627 2984 reri,
681 2928 737 2976 et
778 2921 1030 2977 miserari
1079 2922 1310 2992 pupillos
1361 2924 1532 2978 novit.
1604 2921 1699 2978 Sic
1751 2930 1809 2977 et
1860 2921 2072 2977 divinus

499 3011 667 3066 David
699 3033 712 3067 :
747 3030 767 3064 ι
797 3011 1068 3082 Pupillum
1107 3024 1163 3070 et
1187 3014 1402 3070 viduam
1433 3013 1692 3082 suscipiet
1716 3013 1782 3078 ¹⁷,
1820 3031 1840 3066 ›
1869 3027 1936 3066 ex
1965 3025 2072 3066 una

497 3117 578 3168 re,
609 3103 826 3172 opinor,
859 3104 978 3160 sive
1017 3119 1084 3160 ex
1116 3106 1364 3175 personis
1407 3106 1641 3160 maxime
1673 3102 2075 3159 miserabilibus

498 3188 722 3258 divinae,
772 3199 828 3246 et
860 3191 1253 3262 inexplicabilis
1295 3202 1501 3248 naturae
1549 3193 1938 3264 benignitatem
1985 3193 2077 3248 de-

502 3289 834 3336 monstrans.
907 3281 987 3338 Ac
1039 3283 1086 3338 si
1129 3284 1252 3354 quis
1299 3283 1446 3339 volet
1488 3284 1748 3354 pupillum
1802 3294 1857 3338 et
1899 3283 2076 3354 ipsum

497 3367 756 3426 lsraelem
779 3371 1043 3428 nominari
1067 3373 1476 3445 (propemodum
1505 3376 1647 3429 enim
1671 3373 1885 3429 Patrem
1905 3374 2073 3428 Deum

500 3460 706 3530 amisit,
762 3463 980 3519 tametsi
1034 3464 1122 3522 ille
1168 3466 1402 3524 dilucide
1455 3467 1629 3522 dixit:
1660 3487 1679 3520 ι
1707 3467 1878 3524 Filius
1925 3482 2077 3524 meus

498 3551 890 3624 primogenitus
919 3553 1085 3610 Israel
1102 3555 1468 3627 “n),dixerim
1499 3573 1601 3628 ego
1625 3559 1800 3631 etiam
1827 3559 1906 3614 sic
1931 3567 2078 3616 recte

499 3641 750 3713 intelligi.
801 3642 973 3712 Igitur
1025 3643 1240 3701 Domini
1297 3648 1678 3703 universorum
1726 3648 1967 3704 bonitate
2021 3657 2078 3705 et

499 3730 761 3789 facilitate
824 3733 894 3788 ad
948 3732 1292 3790 clementiam
1351 3735 1604 3802 confisos,
1669 3736 2076 3806 promptissime

498 3823 876 3893 paenitentiam
946 3825 1274 3896 complecti,
1345 3835 1400 3882 et
1469 3829 1940 3884 emendationibus
2016 3828 2071 3884 in

501 3913 698 3972 melius
743 3916 1068 3975 delictorum
1117 3919 1516 3989 praeteritorum
1587 3921 1830 3976 maculas
1889 3920 2076 3976 eluere

499 4018 733 4080 oportet.

2253 2370 2310 2423 '0
2333 2371 2405 2424 ἐν
2424 2369 2544 2435 σοί,
2579 2369 2822 2440 ἐλεήσει
2851 2369 3139 2439 ὀρφανόν.

2242 2463 2416 2516 ΡΝΘ¹.
2472 2461 2580 2515 Τοῦ
2644 2463 2924 2534 προφήτου
2991 2460 3182 2531 φωνὴ,
3225 2455 3630 2538 προτρέποντος
3677 2463 3755 2530 εἰς

2174 2550 2542 2622 μετάγνωσιν,
2577 2552 2672 2604 καὶ
2697 2550 2794 2604 τοῦ
2821 2551 3083 2608 δεσπότου
3112 2555 3211 2626 τὴν
3244 2556 3590 2627 γαληνότητα
3624 2555 3757 2608 καθ..

2175 2643 2420 2706 ιστάντος
2447 2641 2680 2715 ἐναργῆ,
2713 2641 2810 2696 καὶ
2852 2641 2944 2702 τὸν
2981 2646 3137 2700 ὄκνον
3179 2646 3624 2715 ὑποτεμνομένου
3663 2646 3760 2699 ’τοῦ⁴

2180 2731 2611 2808 μεταγινώσκειν
2645 2739 2940 2802 ἐθέλοντος.
2971 2738 3063 2808 Μὴ
3091 2738 3199 2809 γάρ
3229 2737 3531 2808 ἐνδοιάσῃς,
3568 2739 3756 2810 φησὶν,

2177 2821 2224 2880 ὧ
2260 2828 2497 2898 Ἰσραὴλ,
2526 2828 2608 2882 ὅτι
2637 2828 2798 2899 τεύξῃ
2828 2829 2936 2882 τῶν
2961 2831 3081 2882 κατ’
3102 2829 3267 2900 εὐχὴν
3293 2831 3341 2882 εἰ
3369 2825 3757 2900 προύομίσειας

2176 2918 2274 2988 τὴν
2299 2918 2656 2988 μετάγνωσιν.
2696 2919 2754 2972 '0
2788 2920 2896 2989 γάρ
2928 2923 2985 2973 ἐν
3017 2919 3098 2972 σοὶ
3125 2920 3259 2982 Θεὸς
3289 2919 3456 2973 ἐλεεῖν
3486 2916 3617 2983 οἵδε,
3667 2922 3758 2975 καὶ

2176 3011 2571 3080 κατοικτείρειν
2607 3011 2900 3081 ὀρφανούς.
2947 3011 3104 3064 Οὕτω
3135 3011 3241 3065 ποῦ
3283 3029 3414 3082 φησι
3467 3013 3560 3066 καὶ
3601 3012 3630 3064 6
3670 3011 3759 3064 θε-

2179 3103 2402 3165 σπέσιος
2425 3101 2618 3155 Δασίδ·
2657 3122 2676 3155 ι
2710 3103 2978 3174 Ὀρφανὸν
3009 3104 3103 3158 καὶ
3131 3105 3310 3175 χήραν
3339 3105 3699 3174 ἀναλήψεται,
3735 3122 3754 3155 ι

2178 3193 2236 3260 ἐξ
2266 3193 2404 3258 ἐνὸς,
2431 3189 2606 3263 οἶμαι,
2633 3195 2982 3266 πράγματος,
3008 3195 3179 3266 ῆγουν
3212 3196 3276 3250 ἐκ
3317 3194 3626 3263 προσώπων
3651 3195 3762 3249 τῶν

2175 3285 2257 3338 ὅτι
2302 3283 2534 3355 μάλιστα
2584 3284 2957 3338 κατελεεῖσθαι
3007 3286 3334 3354 πεφυκότων
3383 3286 3484 3356 τῆς
3516 3285 3668 3350 θείας
3700 3302 3762 3340 τι

2178 3374 2273 3427 καὶ
2318 3375 2632 3446 ἀπορρήτου
2677 3373 2893 3443 φύσεως
2940 3375 3298 3438 καταδεικνὺς
3342 3375 3402 3428 τὸ
3447 3375 3759 3446 φιλάνθρω-

2178 3482 2300 3520 πον.
2336 3465 2482 3519 Εἰδέ
2510 3465 2752 3537 βούλοιτό
2779 3483 2864 3530 τις
2891 3465 2992 3538 τῆς
3021 3465 3288 3538 ὀρφανίας
3318 3466 3381 3520 τὸ
3413 3465 3626 3538 χρῆμα,
3664 3467 3762 3520 καὶ

2176 3556 2326 3628 αύτῷ
2354 3557 2730 3630 καταγράφειν
2750 3557 2829 3628 τῷ
2854 3557 3094 3630 Ἰσραὴλ,
3123 3557 3400 3613 άπώλισθε
3425 3558 3534 3629 γάρ
3562 3575 3757 3628 μονον-

2176 3650 2297 3720 ουχὶ
2343 3649 2558 3721 Πατρὸς
2605 3649 2701 3703 τοῦ
2751 3649 2911 3715 Θεοῦ,
2974 3651 3151 3705 καίτοι
3193 3651 3446 3722 λέγοντος
3488 3653 3758 3726 ἐναργῶς,

2183 3761 2203 3794 ι
2236 3741 2368 3805 Υἱὸς
2408 3740 2751 3812 πρωτότοκός
2800 3758 2904 3812 μου
2946 3741 3216 3814 Ἰσραὴλ»
3272 3742 3439 3813 φαίην
3477 3743 3543 3797 ἂν
3581 3743 3761 3813 ἔγωγε

2177 3832 2273 3886 καὶ
2311 3831 2438 3903 τῇδε
2483 3833 2622 3886 νοεῖν
2649 3831 2845 3903 ὀρθῶς.
2874 3833 2965 3885 Δεῖ
2990 3831 3053 3903 δὴ
3083 3827 3176 3886 οὖν
3205 3833 3314 3904 ἄρα
3345 3832 3762 3905 τεθαρρηκότας

2176 3923 2253 3987 ώς
2285 3921 2489 3991 ἀγαθός
2513 3922 2576 3976 τέ
2605 3923 2742 3988 ἐστι,
2771 3923 2866 3976 καὶ
2902 3924 3193 3995 πρόχειρος
3219 3925 3298 3987 εἰς
3348 3923 3761 3994 φιλανθρωπίαν

2175 4017 2206 4068 6
2228 4015 2337 4069 τῶν
2371 4014 2508 4068 ὅλων
2542 4014 2831 4083 δεσπότης,
2860 4013 3164 4068 ἀοκνότατα
3197 4015 3500 4084 μετανοεῖν,
3518 4014 3613 4067 καὶ
3638 4017 3761 4079 ταῖς

2176 4105 2257 4168 εἰς
2305 4104 2366 4157 τὸ
2411 4105 2637 4174 ἄμεινον
2685 4103 3129 4175 ἐπανορθώσεσι,
3187 4103 3285 4168 τὰς
3329 4102 3440 4157 τῶν
3476 4104 3581 4174 ἤδη
3626 4121 3760 4176 προ-

2176 4195 2558 4267 επταισμένων
2590 4194 2848 4248 ἀπολύειν
2877 4195 3076 4258 αἰτίας.

569 4277 737 4338 Vsus.
771 4281 826 4338 5.
856 4278 1070 4339 Sanabo
1111 4283 1455 4339 habitationes
1487 4296 1687 4347 eorum,
1730 4280 1949 4350 diligam
1985 4297 2073 4336 eos

2261 4283 2519 4353 Ἰἀσομαι
2567 4284 2676 4349 τὰς
2720 4285 3024 4350 κατοικίας
3057 4283 3275 4350 αὐτῶν,
3319 4285 3614 4356 ἀγαπήσω
3645 4287 3757 4348 aiis

503 4373 801 4444 manifeste,
831 4375 959 4445 quia
993 4375 1159 4430 averti
1194 4377 1330 4429 iram
1361 4388 1531 4426 meam
1565 4372 1628 4424 ab
1657 4373 1749 4426 eis.

570 4555 731 4614 CLX.
776 4556 921 4624 Mox,
954 4565 1011 4615 et
1039 4557 1195 4628 quasi
1233 4570 1262 4610 a
1291 4554 1501 4610 foribus
1536 4554 1667 4624 ipsis
1696 4569 1725 4608 a
1760 4555 1869 4609 Deo
1900 4569 2076 4610 sermo

506 4648 805 4716 inducitur,
846 4647 1202 4718 promittente
1246 4652 1477 4716 aegrotos
1504 4654 1820 4700 sanaturum
1865 4655 1920 4700 et
1957 4661 2075 4700 ma-

507 4739 708 4796 nifeste
734 4740 1079 4804 dilecturum,
1109 4739 1213 4793 hoc
1252 4743 1355 4803 est,
1388 4734 1674 4792 manifeste
1710 4745 1767 4791 et
1794 4737 1970 4807 palam
2011 4737 2077 4792 de

511 4839 712 4887 caetero
755 4827 1127 4900 indulgentiae,
1188 4835 1244 4883 et
1291 4827 1594 4893 charitatis,
1637 4838 1693 4884 et
1742 4828 1918 4883 omnis
1955 4827 2084 4884 boni

512 4923 905 4979 incrementum
955 4919 1296 4988 largiturum.
1351 4919 1513 4975 Docet
1552 4921 1771 4989 insuper
1819 4933 1881 4976 se
1916 4920 2082 4975 etiam

509 5014 773 5068 adversus
801 5011 948 5079 ipsos
974 5009 1314 5079 deposuisse,
1347 5019 1402 5065 et
1440 5025 1472 5066 a
1503 5012 1669 5066 charo
1698 5011 1805 5066 sibi
1836 5011 2086 5066 Immani-

511 5113 625 5162 tate
658 5118 765 5160 non
799 5101 1187 5157 discessurum.
1242 5101 1464 5158 Videtur
1497 5113 1674 5158 autem
1719 5103 1982 5174 propheta
2028 5102 2080 5156 in

513 5195 601 5250 his
630 5209 739 5250 non
766 5191 942 5248 solum
971 5193 1289 5249 meminisse
1317 5194 1688 5250 conversionis
1731 5208 1800 5250 ex
1824 5194 2084 5262 sanguine

513 5286 686 5343 Israel
733 5291 1142 5356 prognatorum,
1183 5283 1278 5342 sed
1313 5286 1554 5356 gentium
1604 5299 1821 5356 quoque
1847 5285 2086 5340 vocatioo

514 5393 641 5435 nem
669 5377 991 5434 admiscere.
1076 5377 1346 5445 Quoniam
1369 5392 1475 5434 non
1506 5392 1696 5434 omnes
1723 5379 1814 5448 qui
1840 5393 1905 5433 ex
1924 5376 2088 5432 Israel

517 5477 668 5535 sunt,
700 5468 756 5522 bi
791 5477 916 5523 sunt
952 5467 1293 5526 lsraelitae".
1330 5469 1670 5539 Reputantur
1704 5480 1882 5524 autem
1911 5470 2088 5538 potius

518 5557 639 5626 ﬁlii,
671 5559 764 5629 qui
795 5568 1072 5616 sectantur
1098 5560 1327 5632 vestigia
1370 5560 1492 5615 ﬁdei
1535 5561 1587 5615 ill
1616 5562 1876 5631 pmputio
1921 5563 2088 5629 patris

593 5732 638 5766 "
669 5732 769 5791 lsa.
810 5751 962 5807 xxxi,
1001 5740 1050 5795 1.
1133 5740 1174 5771 ⁸⁸
1202 5737 1336 5796 lbid.
1371 5738 1423 5791 5.
1503 5739 1544 5769 ¹⁷
1578 5737 1718 5793 Psal.
1755 5753 1910 5806 cur,
1953 5739 2004 5793 9.

2177 4376 2321 4444 τοὺς
2349 4378 2684 4447 ὁμολόγως,
2722 4377 2812 4432 ὅτι
2841 4379 3229 4448 ἀπέστρεψεν
3269 4378 3385 4449 τὴν
3415 4381 3606 4452 ὀργήν
3636 4398 3762 4450 μου

2179 4467 2280 4522 ἀπ’
2308 4467 2530 4522 αὐτῶν.

2250 4557 2368 4614 PE’.
2408 4560 2833 4631 Εἰσκεκόμισται
2871 4561 3071 4630 γείτων
3113 4562 3298 4626 εὐθὺς,
3347 4562 3506 4633 μόνον
3533 4562 3590 4616 δέ
3639 4562 3760 4632 οὐχὶ

2179 4651 2275 4704 καὶ
2319 4651 2616 4723 ἀγχίθυρος
2655 4654 2684 4705 6
2735 4654 2888 4725 παρά
2919 4653 3054 4706 Θεοῦ
3100 4652 3277 4721 λόγος,
3315 4653 3498 4707 ἰᾶσθαί
3537 4671 3597 4707 τε
3633 4654 3762 4717 τοὺς

2180 4742 2552 4814 ἠσθενηκότας
2581 4745 3033 4814 ὑπισχνουμένου,
3063 4745 3157 4799 καὶ
3198 4743 3478 4816 ὁμολόγως
3515 4747 3759 4816 ἀγαπᾷν,

2177 4833 2476 4899 τουτέστιν,
2506 4834 2955 4905 ὁμολογουμένως
3003 4837 3099 4889 καὶ
3125 4835 3419 4909 ἀκρύπτως
3443 4837 3542 4907 ἤδη
3575 4837 3763 4890 λοιπὸν

2177 4925 2508 4996 ἐνεργοῦντα
2563 4926 2634 4979 τὰ
2679 4926 2744 4979 ἐκ
2789 4925 3006 4995 φειδοῦς
3049 4927 3144 4980 καὶ
3192 4927 3415 4999 ἀγάπης
3452 4928 3762 4998 φαίνεσθαι,

2181 5015 2276 5068 καίΙ
2319 5013 2418 5084 τὴν
2473 5014 2676 5079 παντὸς
2723 5017 2964 5069 ἐπίδοσιν
3012 5015 3242 5085 ἀγαθοῦ.
3297 5017 3459 5086 Δηλοί
3507 5016 3565 5068 δὲ
3625 5018 3763 5087 πρὸς

2180 5105 2412 5170 τούτοις,
2440 5105 2524 5159 ὅτι
2548 5107 2642 5160 καὶ
2673 5109 2772 5178 τῆς
2794 5109 2876 5170 εἰς
2901 5108 3099 5171 αὐτοὺς
3130 5105 3430 5179 κατέληξεν
3462 5107 3765 5178 όργῆς,καὶ

2181 5197 2284 5264 τῆς
2317 5196 2468 5268 αύτῷ
2516 5197 2752 5269 φιλητῆς
2798 5198 2900 5252 οὐκ
2941 5198 3290 5270 ἀποδημήσει
3325 5183 3760 5269 φιλανθρωπίας.

2186 5289 2373 5341 Ἐοικε
2412 5289 2470 5342 δέ
2508 5288 2670 5344 πάλιν
2701 5289 2731 5341 6
2767 5289 2926 5357 λόγος
2956 5292 3091 5361 ἡμῖν
3129 5291 3188 5342 ἐν
3216 5289 3447 5354 τούτοις,
3483 5289 3542 5341 ού
3594 5289 3766 5358 μόνης

2182 5376 2586 5449 διαμεμνῆσθαι
2634 5381 2733 5449 τῆς
2793 5377 2901 5431 τῶν
2949 5377 3009 5442 ἐξ
3061 5379 3295 5450 αἵματος
3355 5377 3574 5449 Ἰσραὴλ
3643 5379 3764 5430 ἐπι-

2186 5469 2462 5540 στροφῆς,
2505 5469 2939 5540 συνεισκομίζειν
2992 5470 3050 5524 δέ
3101 5470 3304 5541 μᾶλλον
3360 5470 3455 5524 καὶ
3497 5469 3600 5542 τὴν
3653 5469 3764 5524 τῶν

2186 5560 2352 5614 ἐθνῶν
2399 5561 2622 5630 κλῆσιν’
2668 5562 2751 5615 ὅτι
2807 5561 2885 5630 μὴ
2929 5561 3130 5625 πάντες
3172 5561 3222 5640 οἰ
3268 5560 3327 5627 ἐξ
3361 5559 3576 5632 Ἰσραὴλ
3615 5555 3764 5615 οὗτοι

2089 5740 2128 5770 ¹³
2161 5738 2324 5793 Exod.
2361 5752 2432 5800 tv,
2461 5735 2548 5789 2'2.
2634 5736 2673 5767 ’θ
2704 5735 2858 5791 Rom.
2896 5752 2970 5801 Ix,
3003 5737 3055 5790 6.
