  <div class='ocr_page' id='page_1' title='image "/cluster/home/n/w/nwhite01/storage/ocr_20150623/71:no.4/coo.31924054869718/168.png"; bbox 0 0 3982 6456; ppageno 0'>
   <div class='ocr_carea' id='block_1_1' title="bbox 200 356 311 416">
    <p class='ocr_par' dir='ltr' id='par_1_1' title="bbox 200 356 311 416">
     <span class='ocr_line' id='line_1_1' title="bbox 200 356 311 416; baseline -0.036 0"><span class='ocrx_word' id='word_1_1' title='bbox 200 356 311 416; x_wconf 68' lang='grc'><strong>321</strong></span> 
     </span>
    </p>
   </div>
   <div class='ocr_carea' id='block_1_2' title="bbox 205 560 1814 633">
    <p class='ocr_par' dir='ltr' id='par_1_2' title="bbox 205 560 1814 633">
     <span class='ocr_line' id='line_1_2' title="bbox 205 560 1814 633; baseline -0.004 -14"><span class='ocrx_word' id='word_1_2' title='bbox 205 562 641 627; x_wconf 75' lang='grc' dir='ltr'><strong>ἀκολουθοῦντες</strong></span> <span class='ocrx_word' id='word_1_3' title='bbox 686 564 801 625; x_wconf 81' lang='grc' dir='ltr'>τοῖς</span> <span class='ocrx_word' id='word_1_4' title='bbox 852 560 1024 632; x_wconf 77' lang='grc' dir='ltr'>ἴχνεσι</span> <span class='ocrx_word' id='word_1_5' title='bbox 1076 561 1174 632; x_wconf 82' lang='grc' dir='ltr'>τῆς</span> <span class='ocrx_word' id='word_1_6' title='bbox 1219 563 1279 615; x_wconf 91' lang='grc' dir='ltr'><strong>ἐν</strong></span> <span class='ocrx_word' id='word_1_7' title='bbox 1336 562 1679 633; x_wconf 70' lang='grc' dir='ltr'>ἀκροϐυστίᾳ</span> <span class='ocrx_word' id='word_1_8' title='bbox 1728 562 1814 614; x_wconf 90' lang='grc' dir='ltr'>πί-</span> 
     </span>
    </p>
   </div>
   <div class='ocr_carea' id='block_1_3' title="bbox 207 648 1813 722">
    <p class='ocr_par' dir='ltr' id='par_1_3' title="bbox 207 648 1813 722">
     <span class='ocr_line' id='line_1_3' title="bbox 207 648 1813 722; baseline -0.003 -15"><span class='ocrx_word' id='word_1_9' title='bbox 207 670 383 717; x_wconf 87' lang='grc' dir='ltr'>στεως</span> <span class='ocrx_word' id='word_1_10' title='bbox 432 651 533 704; x_wconf 89' lang='grc' dir='ltr'><strong>τοῦ</strong></span> <span class='ocrx_word' id='word_1_11' title='bbox 601 650 813 721; x_wconf 85' lang='grc' dir='ltr'>πατρὸς</span> <span class='ocrx_word' id='word_1_12' title='bbox 862 650 1025 720; x_wconf 82' lang='grc' dir='ltr'>ἡμῶν</span> <span class='ocrx_word' id='word_1_13' title='bbox 1079 649 1353 722; x_wconf 83' lang='grc' dir='ltr'>Ἀϐραάμ.</span> <span class='ocrx_word' id='word_1_14' title='bbox 1406 648 1618 703; x_wconf 82' lang='grc' dir='ltr'>Οὐκοῦν</span> <span class='ocrx_word' id='word_1_15' title='bbox 1683 667 1813 703; x_wconf 86' lang='grc' dir='ltr'>συν-</span> 
     </span>
    </p>
   </div>
   <div class='ocr_carea' id='block_1_4' title="bbox 205 741 1814 817">
    <p class='ocr_par' dir='ltr' id='par_1_4' title="bbox 205 741 1814 817">
     <span class='ocr_line' id='line_1_4' title="bbox 205 741 1814 817; baseline -0.003 -18"><span class='ocrx_word' id='word_1_16' title='bbox 205 745 534 817; x_wconf 74' lang='grc' dir='ltr'>εισφέρεται</span> <span class='ocrx_word' id='word_1_17' title='bbox 578 744 676 798; x_wconf 82' lang='grc' dir='ltr'><strong>καὶ</strong></span> <span class='ocrx_word' id='word_1_18' title='bbox 704 746 739 815; x_wconf 80' lang='grc' dir='ltr'>ὴ</span> <span class='ocrx_word' id='word_1_19' title='bbox 771 743 878 798; x_wconf 86' lang='grc' dir='ltr'><strong>τῶν</strong></span> <span class='ocrx_word' id='word_1_20' title='bbox 921 742 1093 797; x_wconf 80' lang='grc' dir='ltr'>ἐθνῶν</span> <span class='ocrx_word' id='word_1_21' title='bbox 1132 743 1347 815; x_wconf 79' lang='grc' dir='ltr'><strong>κλῆσις,</strong></span> <span class='ocrx_word' id='word_1_22' title='bbox 1380 742 1476 797; x_wconf 78' lang='grc' dir='ltr'>καὶ</span> <span class='ocrx_word' id='word_1_23' title='bbox 1513 742 1650 813; x_wconf 85' lang='grc' dir='ltr'>πρὸς</span> <span class='ocrx_word' id='word_1_24' title='bbox 1679 741 1814 795; x_wconf 86' lang='grc' dir='ltr'>Θεὸν</span> 
     </span>
    </p>
   </div>
   <div class='ocr_carea' id='block_1_5' title="bbox 203 835 1811 911">
    <p class='ocr_par' dir='ltr' id='par_1_5' title="bbox 203 835 1811 911">
     <span class='ocr_line' id='line_1_5' title="bbox 203 835 1811 911; baseline -0.003 -18"><span class='ocrx_word' id='word_1_25' title='bbox 203 839 489 902; x_wconf 81' lang='grc' dir='ltr'>οἰκείωσις</span> <span class='ocrx_word' id='word_1_26' title='bbox 532 840 592 893; x_wconf 89' lang='grc' dir='ltr'><strong>ἐν</strong></span> <span class='ocrx_word' id='word_1_27' title='bbox 637 837 896 911; x_wconf 83' lang='grc' dir='ltr'><strong>Χριστῷ,</strong></span> <span class='ocrx_word' id='word_1_28' title='bbox 940 838 1031 891; x_wconf 83' lang='grc' dir='ltr'>διὰ</span> <span class='ocrx_word' id='word_1_29' title='bbox 1080 837 1320 901; x_wconf 88' lang='grc' dir='ltr'>πίστεως</span> <span class='ocrx_word' id='word_1_30' title='bbox 1368 837 1465 891; x_wconf 76' lang='grc' dir='ltr'><strong>καὶ</strong></span> <span class='ocrx_word' id='word_1_31' title='bbox 1512 835 1811 908; x_wconf 87' lang='grc' dir='ltr'>ἀγιασμοῦ.</span> 
     </span>
    </p>
   </div>
   <div class='ocr_carea' id='block_1_6' title="bbox 1155 346 3506 407">
    <p class='ocr_par' dir='ltr' id='par_1_6' title="bbox 1155 346 3506 407">
     <span class='ocr_line' id='line_1_6' title="bbox 1155 346 3506 407; baseline -0 -1"><span class='ocrx_word' id='word_1_32' title='bbox 1155 346 1709 407; x_wconf 63' lang='lat' dir='ltr'><strong>COMMENTARIUS</strong></span> <span class='ocrx_word' id='word_1_33' title='bbox 1749 348 1815 405; x_wconf 87' lang='lat' dir='ltr'><strong>IN</strong></span> <span class='ocrx_word' id='word_1_34' title='bbox 1855 346 2088 403; x_wconf 80' lang='lat' dir='ltr'><strong>OSEAM</strong></span> <span class='ocrx_word' id='word_1_35' title='bbox 2128 346 2575 402; x_wconf 79' lang='lat' dir='ltr'><strong>PROPIIETAM.</strong></span> <span class='ocrx_word' id='word_1_36' title='bbox 3399 352 3506 406; x_wconf 67' lang='lat'><strong>3:22</strong></span> 
     </span>
    </p>
   </div>
   <div class='ocr_carea' id='block_1_7' title="bbox 220 468 1822 545">
    <p class='ocr_par' dir='ltr' id='par_1_7' title="bbox 220 468 1810 545">
     <span class='ocr_line' id='line_1_7' title="bbox 220 468 1810 545; baseline -0.001 -18"><span class='ocrx_word' id='word_1_37' title='bbox 220 470 479 545; x_wconf 76' lang='grc' dir='ltr'>Ὶσραήλ’</span> <span class='ocrx_word' id='word_1_38' title='bbox 526 468 981 540; x_wconf 78' lang='grc' dir='ltr'><strong>καταλογίζονται</strong></span> <span class='ocrx_word' id='word_1_39' title='bbox 1033 469 1089 523; x_wconf 82' lang='grc' dir='ltr'>δὲ</span> <span class='ocrx_word' id='word_1_40' title='bbox 1148 468 1352 541; x_wconf 79' lang='grc' dir='ltr'>μᾶλλον</span> <span class='ocrx_word' id='word_1_41' title='bbox 1399 473 1481 535; x_wconf 89' lang='grc' dir='ltr'><strong>είς</strong></span> <span class='ocrx_word' id='word_1_42' title='bbox 1531 471 1702 526; x_wconf 86' lang='grc' dir='ltr'>τέκνα</span> <span class='ocrx_word' id='word_1_43' title='bbox 1759 474 1810 525; x_wconf 78' lang='grc' dir='ltr'>οἱ</span> 
     </span>
    </p>
   </div>
   <div class='ocr_carea' id='block_1_8' title="bbox 1943 468 2508 545">
    <p class='ocr_par' dir='ltr' id='par_1_8' title="bbox 1943 470 2508 525">
     <span class='ocr_line' id='line_1_8' title="bbox 1943 470 2508 525; baseline -0.005 -1"><span class='ocrx_word' id='word_1_44' title='bbox 1943 470 2090 525; x_wconf 72' lang='grc' dir='ltr'>ιοειτί</span> <span class='ocrx_word' id='word_1_45' title='bbox 2138 470 2415 525; x_wconf 77' lang='lat' dir='ltr'><strong>Abraham</strong></span> <span class='ocrx_word' id='word_1_46' title='bbox 2441 470 2508 521; x_wconf 83' lang='grc'>²⁰.</span> 
     </span>
    </p>
   </div>
   <div class='ocr_carea' id='block_1_9' title="bbox 2623 468 3505 542">
    <p class='ocr_par' dir='ltr' id='par_1_9' title="bbox 2623 468 3505 542">
     <span class='ocr_line' id='line_1_9' title="bbox 2623 468 3505 542; baseline 0.002 -19"><span class='ocrx_word' id='word_1_47' title='bbox 2623 468 2764 539; x_wconf 80' lang='lat' dir='ltr'><strong>Ergo</strong></span> <span class='ocrx_word' id='word_1_48' title='bbox 2815 468 2978 525; x_wconf 88' lang='lat' dir='ltr'><strong>simul</strong></span> <span class='ocrx_word' id='word_1_49' title='bbox 3028 476 3083 524; x_wconf 90' lang='lat' dir='ltr'><strong>et</strong></span> <span class='ocrx_word' id='word_1_50' title='bbox 3126 468 3344 526; x_wconf 88' lang='lat' dir='ltr'><strong>voealio</strong></span> <span class='ocrx_word' id='word_1_51' title='bbox 3371 487 3505 542; x_wconf 65' lang='grc' dir='ltr'><strong>μη-</strong></span> 
     </span>
    </p>
   </div>
   <div class='ocr_carea' id='block_1_10' title="bbox 1922 563 3507 634">
    <p class='ocr_par' dir='ltr' id='par_1_10' title="bbox 1922 563 3507 634">
     <span class='ocr_line' id='line_1_10' title="bbox 1922 563 3507 634; baseline 0 -17"><span class='ocrx_word' id='word_1_52' title='bbox 1922 564 2078 629; x_wconf 89' lang='lat' dir='ltr'><strong>tium,</strong></span> <span class='ocrx_word' id='word_1_53' title='bbox 2102 573 2161 618; x_wconf 90' lang='lat' dir='ltr'><strong>et</strong></span> <span class='ocrx_word' id='word_1_54' title='bbox 2206 564 2522 633; x_wconf 86' lang='lat' dir='ltr'><strong>conjunctio</strong></span> <span class='ocrx_word' id='word_1_55' title='bbox 2554 578 2678 617; x_wconf 90' lang='lat' dir='ltr'><strong>cum</strong></span> <span class='ocrx_word' id='word_1_56' title='bbox 2714 563 2823 617; x_wconf 90' lang='lat' dir='ltr'><strong>Deo</strong></span> <span class='ocrx_word' id='word_1_57' title='bbox 2864 564 2917 618; x_wconf 92' lang='lat' dir='ltr'><strong>in</strong></span> <span class='ocrx_word' id='word_1_58' title='bbox 2964 564 3183 620; x_wconf 77' lang='lat' dir='ltr'><strong>Christo</strong></span> <span class='ocrx_word' id='word_1_59' title='bbox 3216 579 3312 634; x_wconf 89' lang='lat' dir='ltr'><strong>per</strong></span> <span class='ocrx_word' id='word_1_60' title='bbox 3345 564 3507 618; x_wconf 80' lang='lat' dir='ltr'><strong>ﬁdem</strong></span> 
     </span>
    </p>
   </div>
   <div class='ocr_carea' id='block_1_11' title="bbox 1918 654 3509 726">
    <p class='ocr_par' dir='ltr' id='par_1_11' title="bbox 1918 654 3509 726">
     <span class='ocr_line' id='line_1_11' title="bbox 1918 654 3509 726; baseline -0.001 -16"><span class='ocrx_word' id='word_1_61' title='bbox 1918 665 1972 710; x_wconf 91' lang='lat' dir='ltr'><strong>et</strong></span> <span class='ocrx_word' id='word_1_62' title='bbox 2006 656 2497 710; x_wconf 89' lang='lat' dir='ltr'><strong>sanctiﬁcationem</strong></span> <span class='ocrx_word' id='word_1_63' title='bbox 2536 654 2832 710; x_wconf 91' lang='lat' dir='ltr'><strong>inducitur.</strong></span> <span class='ocrx_word' id='word_1_64' title='bbox 2884 655 3111 725; x_wconf 88' lang='lat' dir='ltr'><strong>Insuper</strong></span> <span class='ocrx_word' id='word_1_65' title='bbox 3146 654 3509 726; x_wconf 73' lang='lat' dir='ltr'><strong>spiritualium</strong></span> 
     </span>
    </p>
   </div>
   <div class='ocr_carea' id='block_1_12' title="bbox 1922 747 3510 820">
    <p class='ocr_par' dir='ltr' id='par_1_12' title="bbox 1922 747 3510 820">
     <span class='ocr_line' id='line_1_12' title="bbox 1922 747 3510 820; baseline 0.002 -20"><span class='ocrx_word' id='word_1_66' title='bbox 1922 747 2289 816; x_wconf 86' lang='lat' dir='ltr'><strong>suppeditatio</strong></span> <span class='ocrx_word' id='word_1_67' title='bbox 2316 758 2369 802; x_wconf 91' lang='lat' dir='ltr'><strong>et</strong></span> <span class='ocrx_word' id='word_1_68' title='bbox 2417 747 2607 817; x_wconf 57' lang='lat' dir='ltr'><strong>gratim</strong></span> <span class='ocrx_word' id='word_1_69' title='bbox 2647 748 2825 819; x_wconf 87' lang='lat' dir='ltr'><strong>copia,</strong></span> <span class='ocrx_word' id='word_1_70' title='bbox 2867 749 2985 820; x_wconf 91' lang='lat' dir='ltr'><strong>ejus</strong></span> <span class='ocrx_word' id='word_1_71' title='bbox 3011 749 3263 805; x_wconf 83' lang='lat' dir='ltr'><strong>videlicet</strong></span> <span class='ocrx_word' id='word_1_72' title='bbox 3301 764 3424 819; x_wconf 64' lang='lat' dir='ltr'><strong>qua:</strong></span> <span class='ocrx_word' id='word_1_73' title='bbox 3455 748 3510 803; x_wconf 93' lang='lat' dir='ltr'><strong>in</strong></span> 
     </span>
    </p>
   </div>
   <div class='ocr_carea' id='block_1_13' title="bbox 1920 824 2664 911">
    <p class='ocr_par' dir='ltr' id='par_1_13' title="bbox 1920 824 2664 911">
     <span class='ocr_line' id='line_1_13' title="bbox 1920 824 2664 911; baseline 0.005 -19"><span class='ocrx_word' id='word_1_74' title='bbox 1920 837 2143 894; x_wconf 87' lang='lat' dir='ltr'><strong>Christo</strong></span> <span class='ocrx_word' id='word_1_75' title='bbox 2166 824 2269 903; x_wconf 87' lang='lat' dir='ltr'><strong>est,</strong></span> <span class='ocrx_word' id='word_1_76' title='bbox 2306 840 2664 911; x_wconf 82' lang='lat' dir='ltr'><strong>signiﬁcatur.</strong></span> 
     </span>
    </p>
   </div>
   <div class='ocr_carea' id='block_1_14' title="bbox 204 931 3512 1010">
    <p class='ocr_par' dir='ltr' id='par_1_14' title="bbox 204 931 3512 1010">
     <span class='ocr_line' id='line_1_14' title="bbox 204 931 3512 1010; baseline 0.001 -25"><span class='ocrx_word' id='word_1_77' title='bbox 204 933 706 1005; x_wconf 85' lang='grc' dir='ltr'>Κατασημαίνεται</span> <span class='ocrx_word' id='word_1_78' title='bbox 737 933 794 986; x_wconf 88' lang='grc' dir='ltr'>δὲ</span> <span class='ocrx_word' id='word_1_79' title='bbox 829 932 968 1003; x_wconf 85' lang='grc' dir='ltr'>πρὸς</span> <span class='ocrx_word' id='word_1_80' title='bbox 1012 931 1188 1004; x_wconf 83' lang='grc' dir='ltr'>τούτῳ</span> <span class='ocrx_word' id='word_1_81' title='bbox 1232 933 1327 988; x_wconf 77' lang='grc' dir='ltr'>καὶ</span> <span class='ocrx_word' id='word_1_82' title='bbox 1359 934 1394 1005; x_wconf 80' lang='grc' dir='ltr'><strong>ἡ</strong></span> <span class='ocrx_word' id='word_1_83' title='bbox 1458 933 1567 988; x_wconf 87' lang='grc' dir='ltr'><strong>τῶν</strong></span> <span class='ocrx_word' id='word_1_84' title='bbox 1596 934 1987 1004; x_wconf 78' lang='grc' dir='ltr'>πνευματικῶν</span> <span class='ocrx_word' id='word_1_85' title='bbox 2019 935 2275 1007; x_wconf 82' lang='grc' dir='ltr'><strong>χορηγία,</strong></span> <span class='ocrx_word' id='word_1_86' title='bbox 2354 936 2450 990; x_wconf 82' lang='grc' dir='ltr'><strong>καὶ</strong></span> <span class='ocrx_word' id='word_1_87' title='bbox 2488 939 2588 1010; x_wconf 83' lang='grc' dir='ltr'><strong>τῆς</strong></span> <span class='ocrx_word' id='word_1_88' title='bbox 2649 937 2875 1010; x_wconf 81' lang='grc' dir='ltr'>χάριτος</span> <span class='ocrx_word' id='word_1_89' title='bbox 2916 939 2977 993; x_wconf 88' lang='grc' dir='ltr'><strong>τὸ</strong></span> <span class='ocrx_word' id='word_1_90' title='bbox 3038 936 3374 1010; x_wconf 83' lang='grc' dir='ltr'>ἀμφιλαφές.</span> <span class='ocrx_word' id='word_1_91' title='bbox 3407 938 3512 1008; x_wconf 78' lang='grc' dir='ltr'><strong>Δῆο</strong></span> 
     </span>
    </p>
   </div>
   <div class='ocr_carea' id='block_1_15' title="bbox 203 1026 1005 1098">
    <p class='ocr_par' dir='ltr' id='par_1_15' title="bbox 203 1026 1005 1098">
     <span class='ocr_line' id='line_1_15' title="bbox 203 1026 1005 1098; baseline 0.001 -20"><span class='ocrx_word' id='word_1_92' title='bbox 203 1027 293 1080; x_wconf 87' lang='grc' dir='ltr'><strong>λον</strong></span> <span class='ocrx_word' id='word_1_93' title='bbox 326 1028 387 1080; x_wconf 74' lang='grc' dir='ltr'><strong>δὲ</strong></span> <span class='ocrx_word' id='word_1_94' title='bbox 415 1028 500 1080; x_wconf 78' lang='grc' dir='ltr'>ὅτι</span> <span class='ocrx_word' id='word_1_95' title='bbox 524 1029 626 1097; x_wconf 79' lang='grc' dir='ltr'><strong>τῆς</strong></span> <span class='ocrx_word' id='word_1_96' title='bbox 663 1029 721 1080; x_wconf 87' lang='grc' dir='ltr'><strong>ἐν</strong></span> <span class='ocrx_word' id='word_1_97' title='bbox 755 1026 1005 1098; x_wconf 84' lang='grc' dir='ltr'><strong>Χριστῷ.</strong></span> 
     </span>
    </p>
   </div>
   <div class='ocr_carea' id='block_1_16' title="bbox 278 1122 1311 1194">
    <p class='ocr_par' dir='ltr' id='par_1_16' title="bbox 278 1122 1311 1194">
     <span class='ocr_line' id='line_1_16' title="bbox 278 1122 1311 1194; baseline 0.002 -18"><span class='ocrx_word' id='word_1_98' title='bbox 278 1124 539 1192; x_wconf 82' lang='grc' dir='ltr'>Ἔσομαι</span> <span class='ocrx_word' id='word_1_99' title='bbox 570 1123 655 1191; x_wconf 82' lang='grc' dir='ltr'>ὡς</span> <span class='ocrx_word' id='word_1_100' title='bbox 680 1124 902 1192; x_wconf 77' lang='grc' dir='ltr'>δρόσος</span> <span class='ocrx_word' id='word_1_101' title='bbox 927 1122 1007 1188; x_wconf 81' lang='grc' dir='ltr'><strong>τῷ</strong></span> <span class='ocrx_word' id='word_1_102' title='bbox 1051 1124 1311 1194; x_wconf 78' lang='grc' dir='ltr'>Ἰσραήλ.</span> 
     </span>
    </p>
   </div>
   <div class='ocr_carea' id='block_1_17' title="bbox 275 1214 1816 1286">
    <p class='ocr_par' dir='ltr' id='par_1_17' title="bbox 275 1214 1816 1286">
     <span class='ocr_line' id='line_1_17' title="bbox 275 1214 1816 1286; baseline 0.003 -21"><span class='ocrx_word' id='word_1_103' title='bbox 275 1214 517 1275; x_wconf 84' lang='grc' dir='ltr'>Πάντως</span> <span class='ocrx_word' id='word_1_104' title='bbox 545 1230 648 1266; x_wconf 88' lang='grc' dir='ltr'><strong>που</strong></span> <span class='ocrx_word' id='word_1_105' title='bbox 670 1215 1125 1280; x_wconf 83' lang='grc' dir='ltr'>καταπιαίνουσα,</span> <span class='ocrx_word' id='word_1_106' title='bbox 1154 1216 1249 1268; x_wconf 77' lang='grc' dir='ltr'><strong>καὶ</strong></span> <span class='ocrx_word' id='word_1_107' title='bbox 1288 1216 1698 1286; x_wconf 84' lang='grc' dir='ltr'>καταρδεύουσα</span> <span class='ocrx_word' id='word_1_108' title='bbox 1726 1215 1816 1269; x_wconf 87' lang='grc' dir='ltr'><strong>τὸν</strong></span> 
     </span>
    </p>
   </div>
   <div class='ocr_carea' id='block_1_18' title="bbox 200 1304 1817 1381">
    <p class='ocr_par' dir='ltr' id='par_1_18' title="bbox 200 1304 1817 1381">
     <span class='ocr_line' id='line_1_18' title="bbox 200 1304 1817 1381; baseline 0.001 -22"><span class='ocrx_word' id='word_1_109' title='bbox 200 1304 332 1360; x_wconf 86' lang='grc' dir='ltr'>νοῦν</span> <span class='ocrx_word' id='word_1_110' title='bbox 366 1305 483 1358; x_wconf 87' lang='grc' dir='ltr'><strong>τῶν</strong></span> <span class='ocrx_word' id='word_1_111' title='bbox 538 1305 896 1377; x_wconf 80' lang='grc' dir='ltr'>κεκλημένων</span> <span class='ocrx_word' id='word_1_112' title='bbox 942 1309 1025 1369; x_wconf 88' lang='grc' dir='ltr'><strong>είς</strong></span> <span class='ocrx_word' id='word_1_113' title='bbox 1062 1307 1429 1378; x_wconf 85' lang='grc' dir='ltr'>μετάγνωσιν,</span> <span class='ocrx_word' id='word_1_114' title='bbox 1482 1313 1549 1381; x_wconf 77' lang='grc' dir='ltr'>τῇ</span> <span class='ocrx_word' id='word_1_115' title='bbox 1610 1308 1817 1363; x_wconf 81' lang='grc' dir='ltr'>ἄνωθεν</span> 
     </span>
    </p>
   </div>
   <div class='ocr_carea' id='block_1_19' title="bbox 204 1396 1819 1472">
    <p class='ocr_par' dir='ltr' id='par_1_19' title="bbox 204 1396 1819 1472">
     <span class='ocr_line' id='line_1_19' title="bbox 204 1396 1819 1472; baseline 0.004 -23"><span class='ocrx_word' id='word_1_116' title='bbox 204 1396 587 1467; x_wconf 79' lang='grc' dir='ltr'>παρακλήσει.</span> <span class='ocrx_word' id='word_1_117' title='bbox 640 1399 811 1468; x_wconf 80' lang='grc' dir='ltr'>Δῆλον</span> <span class='ocrx_word' id='word_1_118' title='bbox 858 1398 914 1452; x_wconf 83' lang='grc' dir='ltr'><strong>δὲ</strong></span> <span class='ocrx_word' id='word_1_119' title='bbox 963 1401 1047 1453; x_wconf 84' lang='grc' dir='ltr'>ὅτι</span> <span class='ocrx_word' id='word_1_120' title='bbox 1076 1402 1155 1471; x_wconf 42' lang='grc' dir='ltr'>,τῇ</span> <span class='ocrx_word' id='word_1_121' title='bbox 1214 1401 1570 1472; x_wconf 87' lang='grc' dir='ltr'>Πνεύματος·</span> <span class='ocrx_word' id='word_1_122' title='bbox 1611 1400 1819 1456; x_wconf 78' lang='grc' dir='ltr'>ἄνωθεν</span> 
     </span>
    </p>
   </div>
   <div class='ocr_carea' id='block_1_20' title="bbox 203 1490 643 1561">
    <p class='ocr_par' dir='ltr' id='par_1_20' title="bbox 203 1490 643 1561">
     <span class='ocr_line' id='line_1_20' title="bbox 203 1490 643 1561; baseline -0.007 -3"><span class='ocrx_word' id='word_1_123' title='bbox 203 1490 315 1560; x_wconf 73' lang='grc' dir='ltr'>γὰρ</span> <span class='ocrx_word' id='word_1_124' title='bbox 350 1494 387 1561; x_wconf 79' lang='grc' dir='ltr'>ἡ</span> <span class='ocrx_word' id='word_1_125' title='bbox 426 1490 643 1561; x_wconf 78' lang='grc' dir='ltr'>δρόσος.</span> 
     </span>
    </p>
   </div>
   <div class='ocr_carea' id='block_1_21' title="bbox 288 1583 955 1653">
    <p class='ocr_par' dir='ltr' id='par_1_21' title="bbox 288 1583 955 1653">
     <span class='ocr_line' id='line_1_21' title="bbox 288 1583 955 1653; baseline 0.001 -15"><span class='ocrx_word' id='word_1_126' title='bbox 288 1583 583 1653; x_wconf 80' lang='grc' dir='ltr'>Ἀνϐήσει</span> <span class='ocrx_word' id='word_1_127' title='bbox 614 1585 695 1650; x_wconf 87' lang='grc' dir='ltr'>ὡς</span> <span class='ocrx_word' id='word_1_128' title='bbox 725 1584 955 1653; x_wconf 78' lang='grc' dir='ltr'>κρίνον.</span> 
     </span>
    </p>
   </div>
   <div class='ocr_carea' id='block_1_22' title="bbox 287 1675 1819 1750">
    <p class='ocr_par' dir='ltr' id='par_1_22' title="bbox 287 1675 1819 1750">
     <span class='ocr_line' id='line_1_22' title="bbox 287 1675 1819 1750; baseline 0.002 -22"><span class='ocrx_word' id='word_1_129' title='bbox 287 1675 581 1742; x_wconf 85' lang='grc' dir='ltr'>Ἐκδώσει,</span> <span class='ocrx_word' id='word_1_130' title='bbox 639 1678 794 1747; x_wconf 66' lang='grc' dir='ltr'>φησὶ,</span> <span class='ocrx_word' id='word_1_131' title='bbox 816 1676 879 1730; x_wconf 84' lang='grc' dir='ltr'>τὸ</span> <span class='ocrx_word' id='word_1_132' title='bbox 930 1678 1131 1742; x_wconf 76' lang='grc' dir='ltr'>εὑῶδες</span> <span class='ocrx_word' id='word_1_133' title='bbox 1185 1680 1244 1733; x_wconf 89' lang='grc' dir='ltr'><strong>ἐν</strong></span> <span class='ocrx_word' id='word_1_134' title='bbox 1284 1678 1531 1750; x_wconf 84' lang='grc' dir='ltr'>Χριστῷ,</span> <span class='ocrx_word' id='word_1_135' title='bbox 1582 1677 1819 1749; x_wconf 74' lang='grc' dir='ltr'>καὶτῆς</span> 
     </span>
    </p>
   </div>
   <div class='ocr_carea' id='block_1_23' title="bbox 1994 1121 2925 1191">
    <p class='ocr_par' dir='ltr' id='par_1_23' title="bbox 1994 1121 2925 1191">
     <span class='ocr_line' id='line_1_23' title="bbox 1994 1121 2925 1191; baseline 0.002 -16"><span class='ocrx_word' id='word_1_136' title='bbox 1994 1121 2157 1177; x_wconf 70' lang='lat' dir='ltr'><strong>Vnus.</strong></span> <span class='ocrx_word' id='word_1_137' title='bbox 2200 1122 2255 1176; x_wconf 86' lang='lat'><em>6.</em></span> <span class='ocrx_word' id='word_1_138' title='bbox 2301 1122 2406 1177; x_wconf 88' lang='lat' dir='ltr'><strong>Ero</strong></span> <span class='ocrx_word' id='word_1_139' title='bbox 2433 1122 2585 1191; x_wconf 82' lang='lat' dir='ltr'><strong>quasi</strong></span> <span class='ocrx_word' id='word_1_140' title='bbox 2615 1139 2697 1176; x_wconf 87' lang='lat' dir='ltr'><strong>ros</strong></span> <span class='ocrx_word' id='word_1_141' title='bbox 2732 1122 2925 1177; x_wconf 83' lang='lat' dir='ltr'><strong>Israel.</strong></span> 
     </span>
    </p>
   </div>
   <div class='ocr_carea' id='block_1_24' title="bbox 1914 1214 3511 1286">
    <p class='ocr_par' dir='ltr' id='par_1_24' title="bbox 1914 1214 3511 1286">
     <span class='ocr_line' id='line_1_24' title="bbox 1914 1214 3511 1286; baseline -0.003 -14"><span class='ocrx_word' id='word_1_142' title='bbox 1914 1274 1919 1277; x_wconf 32' lang='grc' dir='ltr'><strong><em>τ</em></strong></span> <span class='ocrx_word' id='word_1_143' title='bbox 1996 1216 2153 1286; x_wconf 81' lang='lat'><strong>193</strong></span> <span class='ocrx_word' id='word_1_144' title='bbox 2178 1215 2359 1270; x_wconf 78' lang='lat' dir='ltr'><strong>CLXI.</strong></span> <span class='ocrx_word' id='word_1_145' title='bbox 2407 1214 2746 1271; x_wconf 88' lang='lat' dir='ltr'><strong>Omnimodis</strong></span> <span class='ocrx_word' id='word_1_146' title='bbox 2798 1225 3034 1271; x_wconf 89' lang='lat' dir='ltr'><strong>mentem</strong></span> <span class='ocrx_word' id='word_1_147' title='bbox 3085 1224 3401 1272; x_wconf 85' lang='lat' dir='ltr'><strong>vocatorum</strong></span> <span class='ocrx_word' id='word_1_148' title='bbox 3444 1218 3511 1269; x_wconf 90' lang='lat' dir='ltr'><strong>ad</strong></span> 
     </span>
    </p>
   </div>
   <div class='ocr_carea' id='block_1_25' title="bbox 1920 1307 3516 1379">
    <p class='ocr_par' dir='ltr' id='par_1_25' title="bbox 1920 1307 3516 1379">
     <span class='ocr_line' id='line_1_25' title="bbox 1920 1307 3516 1379; baseline -0.001 -15"><span class='ocrx_word' id='word_1_149' title='bbox 1920 1307 2295 1377; x_wconf 70' lang='lat' dir='ltr'><strong>paenitentiam</strong></span> <span class='ocrx_word' id='word_1_150' title='bbox 2329 1322 2565 1378; x_wconf 88' lang='lat' dir='ltr'><strong>superna</strong></span> <span class='ocrx_word' id='word_1_151' title='bbox 2599 1310 2972 1365; x_wconf 86' lang='lat' dir='ltr'><strong>consolatione</strong></span> <span class='ocrx_word' id='word_1_152' title='bbox 3001 1310 3411 1379; x_wconf 79' lang='lat' dir='ltr'><strong>pinguefaciens</strong></span> <span class='ocrx_word' id='word_1_153' title='bbox 3461 1320 3516 1363; x_wconf 87' lang='lat' dir='ltr'><strong>et</strong></span> 
     </span>
    </p>
   </div>
   <div class='ocr_carea' id='block_1_26' title="bbox 1920 1399 3516 1473">
    <p class='ocr_par' dir='ltr' id='par_1_26' title="bbox 1920 1399 3516 1473">
     <span class='ocr_line' id='line_1_26' title="bbox 1920 1399 3516 1473; baseline 0.003 -20"><span class='ocrx_word' id='word_1_154' title='bbox 1920 1399 2173 1468; x_wconf 81' lang='lat' dir='ltr'><strong>irrigans,</strong></span> <span class='ocrx_word' id='word_1_155' title='bbox 2228 1402 2415 1470; x_wconf 83' lang='lat' dir='ltr'><strong>utique</strong></span> <span class='ocrx_word' id='word_1_156' title='bbox 2461 1415 2557 1470; x_wconf 93' lang='lat' dir='ltr'><strong>per</strong></span> <span class='ocrx_word' id='word_1_157' title='bbox 2603 1399 2887 1470; x_wconf 82' lang='lat' dir='ltr'><strong>Spiritum,</strong></span> <span class='ocrx_word' id='word_1_158' title='bbox 2944 1416 3035 1457; x_wconf 91' lang='lat' dir='ltr'><strong>ros</strong></span> <span class='ocrx_word' id='word_1_159' title='bbox 3092 1402 3236 1458; x_wconf 88' lang='lat' dir='ltr'><strong>enim</strong></span> <span class='ocrx_word' id='word_1_160' title='bbox 3288 1404 3516 1473; x_wconf 89' lang='lat' dir='ltr'><strong>desupcr</strong></span> 
     </span>
    </p>
   </div>
   <div class='ocr_carea' id='block_1_27' title="bbox 1925 1490 2092 1542">
    <p class='ocr_par' dir='ltr' id='par_1_27' title="bbox 1925 1490 2092 1542">
     <span class='ocr_line' id='line_1_27' title="bbox 1925 1490 2092 1542; baseline -0.006 0"><span class='ocrx_word' id='word_1_161' title='bbox 1925 1490 2092 1542; x_wconf 84' lang='lat' dir='ltr'><strong>cadit.</strong></span> 
     </span>
    </p>
   </div>
   <div class='ocr_carea' id='block_1_28' title="bbox 1998 1580 2553 1638">
    <p class='ocr_par' dir='ltr' id='par_1_28' title="bbox 1998 1580 2553 1638">
     <span class='ocr_line' id='line_1_28' title="bbox 1998 1580 2553 1638; baseline 0.009 -5"><span class='ocrx_word' id='word_1_162' title='bbox 1998 1580 2239 1636; x_wconf 83' lang='lat' dir='ltr'><strong>Florebit</strong></span> <span class='ocrx_word' id='word_1_163' title='bbox 2272 1592 2327 1635; x_wconf 83' lang='lat' dir='ltr'><strong>ut</strong></span> <span class='ocrx_word' id='word_1_164' title='bbox 2363 1581 2553 1638; x_wconf 81' lang='lat' dir='ltr'><strong>lilium.</strong></span> 
     </span>
    </p>
   </div>
   <div class='ocr_carea' id='block_1_29' title="bbox 1997 1671 3516 1744">
    <p class='ocr_par' dir='ltr' id='par_1_29' title="bbox 1997 1671 3516 1744">
     <span class='ocr_line' id='line_1_29' title="bbox 1997 1671 3516 1744; baseline 0.004 -19"><span class='ocrx_word' id='word_1_165' title='bbox 1997 1671 2205 1727; x_wconf 80' lang='lat' dir='ltr'><strong>CLXII.</strong></span> <span class='ocrx_word' id='word_1_166' title='bbox 2240 1671 2475 1742; x_wconf 81' lang='lat' dir='ltr'><strong>Eillabit,</strong></span> <span class='ocrx_word' id='word_1_167' title='bbox 2520 1674 2714 1744; x_wconf 89' lang='lat' dir='ltr'><strong>inquit,</strong></span> <span class='ocrx_word' id='word_1_168' title='bbox 2757 1675 2809 1729; x_wconf 94' lang='lat' dir='ltr'><strong>in</strong></span> <span class='ocrx_word' id='word_1_169' title='bbox 2858 1673 3075 1730; x_wconf 90' lang='lat' dir='ltr'><strong>Christo</strong></span> <span class='ocrx_word' id='word_1_170' title='bbox 3124 1690 3345 1731; x_wconf 83' lang='lat' dir='ltr'><strong>suavem</strong></span> <span class='ocrx_word' id='word_1_171' title='bbox 3382 1675 3516 1732; x_wconf 80' lang='lat' dir='ltr'><strong>odo-</strong></span> 
     </span>
    </p>
   </div>
   <div class='ocr_carea' id='block_1_30' title="bbox 198 1759 1822 1841">
    <p class='ocr_par' dir='ltr' id='par_1_30' title="bbox 198 1766 1822 1841">
     <span class='ocr_line' id='line_1_30' title="bbox 198 1766 1822 1841; baseline 0.001 -19"><span class='ocrx_word' id='word_1_172' title='bbox 198 1766 451 1836; x_wconf 73' lang='grc' dir='ltr'>εὖαγοῦς</span> <span class='ocrx_word' id='word_1_173' title='bbox 475 1767 757 1831; x_wconf 82' lang='grc' dir='ltr'>πολιτείας</span> <span class='ocrx_word' id='word_1_174' title='bbox 778 1769 877 1840; x_wconf 85' lang='grc' dir='ltr'>τὴν</span> <span class='ocrx_word' id='word_1_175' title='bbox 904 1768 1189 1841; x_wconf 83' lang='grc' dir='ltr'>εὐοσμίαν,</span> <span class='ocrx_word' id='word_1_176' title='bbox 1216 1770 1311 1824; x_wconf 77' lang='grc' dir='ltr'><strong>καὶ</strong></span> <span class='ocrx_word' id='word_1_177' title='bbox 1332 1770 1634 1825; x_wconf 86' lang='grc' dir='ltr'>άπόλεκτον</span> <span class='ocrx_word' id='word_1_178' title='bbox 1660 1769 1822 1833; x_wconf 79' lang='grc' dir='ltr'>ἄνθος</span> 
     </span>
    </p>
   </div>
   <div class='ocr_carea' id='block_1_31' title="bbox 1943 1759 3517 1841">
    <p class='ocr_par' dir='ltr' id='par_1_31' title="bbox 1943 1765 3517 1838">
     <span class='ocr_line' id='line_1_31' title="bbox 1943 1765 3517 1838; baseline 0.003 -21"><span class='ocrx_word' id='word_1_179' title='bbox 1943 1777 2063 1829; x_wconf 78' lang='lat' dir='ltr'><strong>&#39;em,</strong></span> <span class='ocrx_word' id='word_1_180' title='bbox 2087 1774 2140 1817; x_wconf 91' lang='lat' dir='ltr'><strong>et</strong></span> <span class='ocrx_word' id='word_1_181' title='bbox 2162 1775 2367 1818; x_wconf 71' lang='lat' dir='ltr'><strong>sanctae</strong></span> <span class='ocrx_word' id='word_1_182' title='bbox 2406 1766 2841 1821; x_wconf 85' lang='lat' dir='ltr'><strong>conversationis</strong></span> <span class='ocrx_word' id='word_1_183' title='bbox 2875 1765 3249 1838; x_wconf 81' lang='lat' dir='ltr'><strong>fragrantiam,</strong></span> <span class='ocrx_word' id='word_1_184' title='bbox 3305 1776 3359 1823; x_wconf 91' lang='lat' dir='ltr'><strong>et</strong></span> <span class='ocrx_word' id='word_1_185' title='bbox 3406 1767 3517 1822; x_wconf 85' lang='lat' dir='ltr'><strong>ele-</strong></span> 
     </span>
    </p>
   </div>
   <div class='ocr_carea' id='block_1_32' title="bbox 198 1859 623 1914">
    <p class='ocr_par' dir='ltr' id='par_1_32' title="bbox 198 1859 623 1914">
     <span class='ocr_line' id='line_1_32' title="bbox 198 1859 623 1914; baseline 0.005 -2"><span class='ocrx_word' id='word_1_186' title='bbox 198 1860 368 1914; x_wconf 73' lang='grc' dir='ltr'>ἐσται</span> <span class='ocrx_word' id='word_1_187' title='bbox 408 1859 623 1914; x_wconf 82' lang='grc' dir='ltr'>λοιπόν.</span> 
     </span>
    </p>
   </div>
   <div class='ocr_carea' id='block_1_33' title="bbox 273 1951 1825 2023">
    <p class='ocr_par' dir='ltr' id='par_1_33' title="bbox 273 1951 1825 2023">
     <span class='ocr_line' id='line_1_33' title="bbox 273 1951 1825 2023; baseline 0.002 -16"><span class='ocrx_word' id='word_1_188' title='bbox 273 1953 398 2007; x_wconf 80' lang='grc' dir='ltr'><strong>Καὶ</strong></span> <span class='ocrx_word' id='word_1_189' title='bbox 436 1952 631 2017; x_wconf 76' lang='grc' dir='ltr'>βαλεῖ</span> <span class='ocrx_word' id='word_1_190' title='bbox 672 1951 783 2019; x_wconf 87' lang='grc' dir='ltr'>τὰς</span> <span class='ocrx_word' id='word_1_191' title='bbox 823 1952 991 2021; x_wconf 75' lang='grc' dir='ltr'>ῥίζας</span> <span class='ocrx_word' id='word_1_192' title='bbox 1046 1954 1235 2011; x_wconf 85' lang='grc' dir='ltr'>αὐτοῦ</span> <span class='ocrx_word' id='word_1_193' title='bbox 1268 1954 1350 2022; x_wconf 87' lang='grc' dir='ltr'>ὡς</span> <span class='ocrx_word' id='word_1_194' title='bbox 1379 1954 1671 2023; x_wconf 81' lang='grc' dir='ltr'>Λίϐανος,</span> <span class='ocrx_word' id='word_1_195' title='bbox 1718 1970 1825 2010; x_wconf 84' lang='grc' dir='ltr'><strong>πο-</strong></span> 
     </span>
    </p>
   </div>
   <div class='ocr_carea' id='block_1_34' title="bbox 200 2045 1035 2114">
    <p class='ocr_par' dir='ltr' id='par_1_34' title="bbox 200 2045 1035 2114">
     <span class='ocr_line' id='line_1_34' title="bbox 200 2045 1035 2114; baseline 0.004 -17"><span class='ocrx_word' id='word_1_196' title='bbox 200 2045 541 2114; x_wconf 80' lang='grc' dir='ltr'>ρεύσονται</span> <span class='ocrx_word' id='word_1_197' title='bbox 571 2047 627 2098; x_wconf 80' lang='grc' dir='ltr'>οἱ</span> <span class='ocrx_word' id='word_1_198' title='bbox 652 2045 869 2099; x_wconf 77' lang='grc' dir='ltr'>κλάδοι</span> <span class='ocrx_word' id='word_1_199' title='bbox 894 2062 1035 2102; x_wconf 89' lang='grc' dir='ltr'>σου.</span> 
     </span>
    </p>
   </div>
   <div class='ocr_carea' id='block_1_35' title="bbox 276 2133 1822 2207">
    <p class='ocr_par' dir='ltr' id='par_1_35' title="bbox 276 2133 1822 2207">
     <span class='ocr_line' id='line_1_35' title="bbox 276 2133 1822 2207; baseline 0.001 -18"><span class='ocrx_word' id='word_1_200' title='bbox 276 2137 410 2189; x_wconf 88' lang='grc' dir='ltr'>Ὅτι</span> <span class='ocrx_word' id='word_1_201' title='bbox 462 2133 542 2207; x_wconf 75' lang='grc' dir='ltr'>μὴ</span> <span class='ocrx_word' id='word_1_202' title='bbox 588 2135 1018 2201; x_wconf 84' lang='grc' dir='ltr'>εὐκατάσειστος</span> <span class='ocrx_word' id='word_1_203' title='bbox 1056 2136 1167 2191; x_wconf 89' lang='grc' dir='ltr'><strong>τῶν</strong></span> <span class='ocrx_word' id='word_1_204' title='bbox 1215 2139 1582 2193; x_wconf 88' lang='grc' dir='ltr'>πιστευόντων</span> <span class='ocrx_word' id='word_1_205' title='bbox 1618 2138 1647 2191; x_wconf 98' lang='lat'><strong>6</strong></span> <span class='ocrx_word' id='word_1_206' title='bbox 1675 2136 1822 2206; x_wconf 84' lang='grc' dir='ltr'>νοῦς,</span> 
     </span>
    </p>
   </div>
   <div class='ocr_carea' id='block_1_36' title="bbox 204 2221 1821 2303">
    <p class='ocr_par' dir='ltr' id='par_1_36' title="bbox 204 2221 1821 2303">
     <span class='ocr_line' id='line_1_36' title="bbox 204 2221 1821 2303; baseline 0.002 -23"><span class='ocrx_word' id='word_1_207' title='bbox 204 2228 327 2282; x_wconf 84' lang='grc' dir='ltr'><strong>ούδέ</strong></span> <span class='ocrx_word' id='word_1_208' title='bbox 360 2221 479 2282; x_wconf 84' lang='grc' dir='ltr'>οἷον</span> <span class='ocrx_word' id='word_1_209' title='bbox 513 2227 736 2298; x_wconf 75' lang='grc' dir='ltr'>ἕτοιμος</span> <span class='ocrx_word' id='word_1_210' title='bbox 759 2230 840 2291; x_wconf 88' lang='grc' dir='ltr'><strong>είς</strong></span> <span class='ocrx_word' id='word_1_211' title='bbox 860 2228 924 2281; x_wconf 84' lang='grc' dir='ltr'><strong>τὸ</strong></span> <span class='ocrx_word' id='word_1_212' title='bbox 941 2228 1201 2285; x_wconf 81' lang='grc' dir='ltr'>νικᾶσθαι</span> <span class='ocrx_word' id='word_1_213' title='bbox 1232 2231 1510 2303; x_wconf 87' lang='grc' dir='ltr'>πνεύμασι</span> <span class='ocrx_word' id='word_1_214' title='bbox 1542 2232 1821 2303; x_wconf 83' lang='grc' dir='ltr'>πονηροῖς,</span> 
     </span>
    </p>
   </div>
   <div class='ocr_carea' id='block_1_37' title="bbox 204 2320 1824 2397">
    <p class='ocr_par' dir='ltr' id='par_1_37' title="bbox 204 2320 1824 2397">
     <span class='ocr_line' id='line_1_37' title="bbox 204 2320 1824 2397; baseline -0.002 -17"><span class='ocrx_word' id='word_1_215' title='bbox 204 2327 294 2380; x_wconf 71' lang='grc' dir='ltr'>διὰ</span> <span class='ocrx_word' id='word_1_216' title='bbox 339 2326 540 2379; x_wconf 85' lang='grc' dir='ltr'>τούτου</span> <span class='ocrx_word' id='word_1_217' title='bbox 574 2320 746 2397; x_wconf 77' lang='grc' dir='ltr'>δηλοῖ.</span> <span class='ocrx_word' id='word_1_218' title='bbox 793 2322 989 2375; x_wconf 82' lang='grc' dir='ltr'>Ἔσται</span> <span class='ocrx_word' id='word_1_219' title='bbox 1024 2323 1133 2394; x_wconf 84' lang='grc' dir='ltr'><strong>γὰρ</strong></span> <span class='ocrx_word' id='word_1_220' title='bbox 1178 2322 1352 2389; x_wconf 77' lang='grc' dir='ltr'>οὕτως</span> <span class='ocrx_word' id='word_1_221' title='bbox 1398 2324 1680 2395; x_wconf 81' lang='grc' dir='ltr'>ἀσφαλὴς,</span> <span class='ocrx_word' id='word_1_222' title='bbox 1728 2323 1824 2377; x_wconf 60' lang='grc' dir='ltr'><strong>καί⁵</strong></span> 
     </span>
    </p>
   </div>
   <div class='ocr_carea' id='block_1_38' title="bbox 199 2414 1822 2491">
    <p class='ocr_par' dir='ltr' id='par_1_38' title="bbox 199 2414 1822 2491">
     <span class='ocr_line' id='line_1_38' title="bbox 199 2414 1822 2491; baseline -0.002 -20"><span class='ocrx_word' id='word_1_223' title='bbox 199 2418 632 2491; x_wconf 78' lang='grc' dir='ltr'>ἐρηρεισμένος,</span> <span class='ocrx_word' id='word_1_224' title='bbox 684 2418 940 2489; x_wconf 90' lang='grc' dir='ltr'>καθάπερ</span> <span class='ocrx_word' id='word_1_225' title='bbox 969 2414 1164 2488; x_wconf 78' lang='grc' dir='ltr'>ἀμέλει</span> <span class='ocrx_word' id='word_1_226' title='bbox 1210 2416 1308 2469; x_wconf 75' lang='grc' dir='ltr'>καὶ</span> <span class='ocrx_word' id='word_1_227' title='bbox 1357 2416 1421 2469; x_wconf 83' lang='grc' dir='ltr'><strong>τὸ</strong></span> <span class='ocrx_word' id='word_1_228' title='bbox 1459 2415 1554 2469; x_wconf 90' lang='grc' dir='ltr'><strong>τοῦ</strong></span> <span class='ocrx_word' id='word_1_229' title='bbox 1588 2415 1822 2470; x_wconf 88' lang='grc' dir='ltr'>Λιϐάνου</span> 
     </span>
    </p>
   </div>
   <div class='ocr_carea' id='block_1_39' title="bbox 205 2506 1827 2582">
    <p class='ocr_par' dir='ltr' id='par_1_39' title="bbox 205 2506 1827 2582">
     <span class='ocr_line' id='line_1_39' title="bbox 205 2506 1827 2582; baseline -0.002 -18"><span class='ocrx_word' id='word_1_230' title='bbox 205 2512 400 2581; x_wconf 73' lang='grc' dir='ltr'>φυτὸν,</span> <span class='ocrx_word' id='word_1_231' title='bbox 440 2510 469 2563; x_wconf 84' lang='grc' dir='ltr'><strong>ὃ</strong></span> <span class='ocrx_word' id='word_1_232' title='bbox 492 2510 719 2582; x_wconf 79' lang='grc' dir='ltr'>καθίησι</span> <span class='ocrx_word' id='word_1_233' title='bbox 747 2512 847 2582; x_wconf 82' lang='grc' dir='ltr'><strong>μὲν</strong></span> <span class='ocrx_word' id='word_1_234' title='bbox 877 2514 957 2576; x_wconf 78' lang='grc' dir='ltr'>εἰς</span> <span class='ocrx_word' id='word_1_235' title='bbox 991 2510 1153 2581; x_wconf 84' lang='grc' dir='ltr'>βάθος</span> <span class='ocrx_word' id='word_1_236' title='bbox 1189 2508 1326 2565; x_wconf 78' lang='grc' dir='ltr'>πολὺ</span> <span class='ocrx_word' id='word_1_237' title='bbox 1362 2510 1463 2579; x_wconf 84' lang='grc' dir='ltr'><strong>τὴν</strong></span> <span class='ocrx_word' id='word_1_238' title='bbox 1491 2506 1648 2581; x_wconf 77' lang='grc' dir='ltr'>ῥίζαν</span> <span class='ocrx_word' id='word_1_239' title='bbox 1667 2525 1682 2539; x_wconf 75' lang='grc' dir='ltr'><strong>ο</strong></span> <span class='ocrx_word' id='word_1_240' title='bbox 1712 2512 1827 2572; x_wconf 86' lang='grc' dir='ltr'>τοῖς</span> 
     </span>
    </p>
   </div>
   <div class='ocr_carea' id='block_1_40' title="bbox 203 2598 1825 2674">
    <p class='ocr_par' dir='ltr' id='par_1_40' title="bbox 203 2598 1825 2674">
     <span class='ocr_line' id='line_1_40' title="bbox 203 2598 1825 2674; baseline -0.004 -17"><span class='ocrx_word' id='word_1_241' title='bbox 203 2619 269 2672; x_wconf 77' lang='grc' dir='ltr'>γε</span> <span class='ocrx_word' id='word_1_242' title='bbox 299 2603 412 2674; x_wconf 85' lang='grc' dir='ltr'><strong>μὴν</strong></span> <span class='ocrx_word' id='word_1_243' title='bbox 442 2602 655 2657; x_wconf 79' lang='grc' dir='ltr'>ἀνωθεν</span> <span class='ocrx_word' id='word_1_244' title='bbox 686 2601 923 2667; x_wconf 86' lang='grc' dir='ltr'>κλάδοις,</span> <span class='ocrx_word' id='word_1_245' title='bbox 959 2602 1022 2654; x_wconf 89' lang='grc' dir='ltr'><strong>ού</strong></span> <span class='ocrx_word' id='word_1_246' title='bbox 1052 2601 1290 2673; x_wconf 89' lang='grc' dir='ltr'>μετρίως</span> <span class='ocrx_word' id='word_1_247' title='bbox 1320 2598 1633 2671; x_wconf 79' lang='grc' dir='ltr'>εὐρύνεται.</span> <span class='ocrx_word' id='word_1_248' title='bbox 1676 2600 1825 2652; x_wconf 86' lang='grc' dir='ltr'>Σπα-</span> 
     </span>
    </p>
   </div>
   <div class='ocr_carea' id='block_1_41' title="bbox 204 2689 1826 2766">
    <p class='ocr_par' dir='ltr' id='par_1_41' title="bbox 204 2689 1826 2766">
     <span class='ocr_line' id='line_1_41' title="bbox 204 2689 1826 2766; baseline -0.002 -19"><span class='ocrx_word' id='word_1_249' title='bbox 204 2695 469 2765; x_wconf 85' lang='grc' dir='ltr'>ταλώσης</span> <span class='ocrx_word' id='word_1_250' title='bbox 506 2694 618 2766; x_wconf 83' lang='grc' dir='ltr'>γάρ</span> <span class='ocrx_word' id='word_1_251' title='bbox 652 2694 758 2764; x_wconf 79' lang='grc' dir='ltr'><strong>τῆς</strong></span> <span class='ocrx_word' id='word_1_252' title='bbox 790 2693 967 2765; x_wconf 79' lang='grc' dir='ltr'>ῥίζης,</span> <span class='ocrx_word' id='word_1_253' title='bbox 1006 2692 1169 2765; x_wconf 84' lang='grc' dir='ltr'>ἁδραί</span> <span class='ocrx_word' id='word_1_254' title='bbox 1202 2709 1308 2746; x_wconf 89' lang='grc' dir='ltr'><strong>που</strong></span> <span class='ocrx_word' id='word_1_255' title='bbox 1339 2692 1561 2757; x_wconf 86' lang='grc' dir='ltr'>πάντως</span> <span class='ocrx_word' id='word_1_256' title='bbox 1591 2690 1699 2746; x_wconf 65' lang='grc' dir='ltr'>εἰσὶ</span> <span class='ocrx_word' id='word_1_257' title='bbox 1730 2689 1826 2744; x_wconf 82' lang='grc' dir='ltr'><strong>καὶ</strong></span> 
     </span>
    </p>
   </div>
   <div class='ocr_carea' id='block_1_42' title="bbox 200 2786 1333 2863">
    <p class='ocr_par' dir='ltr' id='par_1_42' title="bbox 200 2786 1333 2863">
     <span class='ocr_line' id='line_1_42' title="bbox 200 2786 1333 2863; baseline 0 -22"><span class='ocrx_word' id='word_1_258' title='bbox 200 2789 262 2841; x_wconf 77' lang='grc' dir='ltr'><strong>αἱ</strong></span> <span class='ocrx_word' id='word_1_259' title='bbox 292 2787 407 2841; x_wconf 85' lang='grc' dir='ltr'><strong>τῶν</strong></span> <span class='ocrx_word' id='word_1_260' title='bbox 435 2788 704 2859; x_wconf 85' lang='grc' dir='ltr'>ὀρπήκων</span> <span class='ocrx_word' id='word_1_261' title='bbox 725 2786 993 2850; x_wconf 87' lang='grc' dir='ltr'>ἐκδόσεις.</span> <span class='ocrx_word' id='word_1_262' title='bbox 1124 2860 1127 2863; x_wconf 89' lang='lat'><em>_</em></span> <span class='ocrx_word' id='word_1_263' title='bbox 1198 2818 1201 2821; x_wconf 95' lang='lat'><strong><em>-</em></strong></span> <span class='ocrx_word' id='word_1_264' title='bbox 1330 2798 1333 2801; x_wconf 75' lang='lat'><em>‘</em></span> 
     </span>
    </p>
   </div>
   <div class='ocr_carea' id='block_1_43' title="bbox 276 2864 1358 2946">
    <p class='ocr_par' dir='ltr' id='par_1_43' title="bbox 276 2864 1358 2946">
     <span class='ocr_line' id='line_1_43' title="bbox 276 2864 1358 2946; baseline -0.002 -13"><span class='ocrx_word' id='word_1_265' title='bbox 276 2879 398 2933; x_wconf 75' lang='grc' dir='ltr'><strong>Καὶ</strong></span> <span class='ocrx_word' id='word_1_266' title='bbox 431 2875 609 2932; x_wconf 79' lang='grc' dir='ltr'>ἕὰται</span> <span class='ocrx_word' id='word_1_267' title='bbox 638 2877 721 2943; x_wconf 86' lang='grc' dir='ltr'>ὠς</span> <span class='ocrx_word' id='word_1_268' title='bbox 748 2864 1358 2946; x_wconf 78' lang='grc' dir='ltr'>ἐλαίακατάκαρπος.</span> 
     </span>
    </p>
   </div>
   <div class='ocr_carea' id='block_1_44' title="bbox 292 2965 1825 3039">
    <p class='ocr_par' dir='ltr' id='par_1_44' title="bbox 292 2965 1825 3039">
     <span class='ocr_line' id='line_1_44' title="bbox 292 2965 1825 3039; baseline -0.002 -16"><span class='ocrx_word' id='word_1_269' title='bbox 292 2968 589 3039; x_wconf 81' lang='grc' dir='ltr'>Ἀειθαλὴς</span> <span class='ocrx_word' id='word_1_270' title='bbox 619 2967 864 3039; x_wconf 85' lang='grc' dir='ltr'>δηλονότι</span> <span class='ocrx_word' id='word_1_271' title='bbox 892 2968 987 3022; x_wconf 70' lang='grc' dir='ltr'><strong>καὶ</strong></span> <span class='ocrx_word' id='word_1_272' title='bbox 1016 2965 1320 3038; x_wconf 80' lang='grc' dir='ltr'>εὓκαρπος,</span> <span class='ocrx_word' id='word_1_273' title='bbox 1350 2965 1593 3022; x_wconf 89' lang='grc' dir='ltr'>τοιοῦτον</span> <span class='ocrx_word' id='word_1_274' title='bbox 1626 2966 1736 3038; x_wconf 84' lang='grc' dir='ltr'><strong>γὰρ</strong></span> <span class='ocrx_word' id='word_1_275' title='bbox 1764 2965 1825 3020; x_wconf 80' lang='grc' dir='ltr'><strong>τὸ</strong></span> 
     </span>
    </p>
   </div>
   <div class='ocr_carea' id='block_1_45' title="bbox 207 3063 404 3135">
    <p class='ocr_par' dir='ltr' id='par_1_45' title="bbox 207 3063 404 3135">
     <span class='ocr_line' id='line_1_45' title="bbox 207 3063 404 3135; baseline -0.01 -18"><span class='ocrx_word' id='word_1_276' title='bbox 207 3063 404 3135; x_wconf 75' lang='grc' dir='ltr'>φυτόν.</span> 
     </span>
    </p>
   </div>
   <div class='ocr_carea' id='block_1_46' title="bbox 276 3150 1403 3223">
    <p class='ocr_par' dir='ltr' id='par_1_46' title="bbox 276 3150 1403 3223">
     <span class='ocr_line' id='line_1_46' title="bbox 276 3150 1403 3223; baseline -0.004 -12"><span class='ocrx_word' id='word_1_277' title='bbox 276 3153 395 3212; x_wconf 80' lang='grc' dir='ltr'><strong>Καὶ</strong></span> <span class='ocrx_word' id='word_1_278' title='bbox 426 3153 771 3223; x_wconf 72' lang='grc' dir='ltr'>όσφρανσις</span> <span class='ocrx_word' id='word_1_279' title='bbox 803 3151 992 3207; x_wconf 80' lang='grc' dir='ltr'>αὐτοῦ</span> <span class='ocrx_word' id='word_1_280' title='bbox 1018 3151 1099 3218; x_wconf 84' lang='grc' dir='ltr'>ὡς</span> <span class='ocrx_word' id='word_1_281' title='bbox 1118 3150 1403 3213; x_wconf 81' lang='grc' dir='ltr'>λιϐάνου.</span> 
     </span>
    </p>
   </div>
   <div class='ocr_carea' id='block_1_47' title="bbox 274 3242 1823 3318">
    <p class='ocr_par' dir='ltr' id='par_1_47' title="bbox 274 3242 1823 3318">
     <span class='ocr_line' id='line_1_47' title="bbox 274 3242 1823 3318; baseline -0.002 -17"><span class='ocrx_word' id='word_1_282' title='bbox 274 3245 672 3317; x_wconf 75' lang='grc' dir='ltr'>Εύοσμότατον</span> <span class='ocrx_word' id='word_1_283' title='bbox 708 3244 905 3316; x_wconf 75' lang='grc' dir='ltr'>κομιδῇ</span> <span class='ocrx_word' id='word_1_284' title='bbox 945 3243 1040 3298; x_wconf 92' lang='grc' dir='ltr'><strong>τοῦ</strong></span> <span class='ocrx_word' id='word_1_285' title='bbox 1080 3244 1299 3298; x_wconf 85' lang='grc' dir='ltr'>λιϐάνου</span> <span class='ocrx_word' id='word_1_286' title='bbox 1324 3244 1387 3297; x_wconf 85' lang='grc' dir='ltr'><strong>τὸ</strong></span> <span class='ocrx_word' id='word_1_287' title='bbox 1424 3242 1632 3318; x_wconf 82' lang='grc' dir='ltr'>χρῆμα.</span> <span class='ocrx_word' id='word_1_288' title='bbox 1679 3246 1823 3300; x_wconf 76' lang='grc' dir='ltr'>Ταύ·</span> 
     </span>
    </p>
   </div>
   <div class='ocr_carea' id='block_1_48' title="bbox 204 3324 1825 3411">
    <p class='ocr_par' dir='ltr' id='par_1_48' title="bbox 204 3324 1825 3411">
     <span class='ocr_line' id='line_1_48' title="bbox 204 3324 1825 3411; baseline -0.001 -21"><span class='ocrx_word' id='word_1_289' title='bbox 204 3356 275 3411; x_wconf 77' lang='grc' dir='ltr'><strong>τῃ</strong></span> <span class='ocrx_word' id='word_1_290' title='bbox 300 3354 389 3390; x_wconf 82' lang='grc' dir='ltr'><strong>τοι</strong></span> <span class='ocrx_word' id='word_1_291' title='bbox 429 3336 530 3389; x_wconf 78' lang='grc' dir='ltr'><strong>καὶ</strong></span> <span class='ocrx_word' id='word_1_292' title='bbox 568 3336 644 3398; x_wconf 83' lang='grc' dir='ltr'>ὡς</span> <span class='ocrx_word' id='word_1_293' title='bbox 678 3334 823 3406; x_wconf 80' lang='grc' dir='ltr'>ἱερὸν</span> <span class='ocrx_word' id='word_1_294' title='bbox 865 3334 944 3405; x_wconf 88' lang='grc' dir='ltr'><strong>τῷ</strong></span> <span class='ocrx_word' id='word_1_295' title='bbox 982 3324 1140 3405; x_wconf 81' lang='grc' dir='ltr'>Θεῷ,</span> <span class='ocrx_word' id='word_1_296' title='bbox 1170 3334 1264 3388; x_wconf 81' lang='grc' dir='ltr'>καὶ</span> <span class='ocrx_word' id='word_1_297' title='bbox 1311 3336 1341 3387; x_wconf 84' lang='grc' dir='ltr'><strong>ὁ</strong></span> <span class='ocrx_word' id='word_1_298' title='bbox 1392 3336 1639 3399; x_wconf 80' lang='grc' dir='ltr'>Μωσέως</span> <span class='ocrx_word' id='word_1_299' title='bbox 1693 3336 1825 3389; x_wconf 85' lang='grc' dir='ltr'>αὐτὸ</span> 
     </span>
    </p>
   </div>
   <div class='ocr_carea' id='block_1_49' title="bbox 206 3426 1827 3500">
    <p class='ocr_par' dir='ltr' id='par_1_49' title="bbox 206 3426 1827 3500">
     <span class='ocr_line' id='line_1_49' title="bbox 206 3426 1827 3500; baseline -0.001 -16"><span class='ocrx_word' id='word_1_300' title='bbox 206 3427 731 3500; x_wconf 85' lang='grc' dir='ltr'>κατεχρησμῴδησε</span> <span class='ocrx_word' id='word_1_301' title='bbox 762 3427 951 3498; x_wconf 86' lang='grc' dir='ltr'>νόμος.</span> <span class='ocrx_word' id='word_1_302' title='bbox 994 3426 1217 3497; x_wconf 86' lang='grc' dir='ltr'>Λιϐάνῳ</span> <span class='ocrx_word' id='word_1_303' title='bbox 1259 3426 1370 3498; x_wconf 84' lang='grc' dir='ltr'><strong>γὰρ</strong></span> <span class='ocrx_word' id='word_1_304' title='bbox 1402 3427 1512 3481; x_wconf 86' lang='grc' dir='ltr'>δεῖν</span> <span class='ocrx_word' id='word_1_305' title='bbox 1542 3429 1827 3482; x_wconf 89' lang='grc' dir='ltr'>καταπάτ-</span> 
     </span>
    </p>
   </div>
   <div class='ocr_carea' id='block_1_50' title="bbox 206 3516 1821 3590">
    <p class='ocr_par' dir='ltr' id='par_1_50' title="bbox 206 3516 1821 3590">
     <span class='ocr_line' id='line_1_50' title="bbox 206 3516 1821 3590; baseline -0.004 -14"><span class='ocrx_word' id='word_1_306' title='bbox 206 3522 407 3576; x_wconf 85' lang='grc' dir='ltr'>τεσθαι</span> <span class='ocrx_word' id='word_1_307' title='bbox 475 3521 580 3590; x_wconf 78' lang='grc' dir='ltr'>τὴν</span> <span class='ocrx_word' id='word_1_308' title='bbox 639 3517 1067 3589; x_wconf 84' lang='grc' dir='ltr'>προσαγομένην</span> <span class='ocrx_word' id='word_1_309' title='bbox 1130 3517 1414 3587; x_wconf 84' lang='grc' dir='ltr'>σεμίδαλιν</span> <span class='ocrx_word' id='word_1_310' title='bbox 1469 3519 1550 3580; x_wconf 86' lang='grc' dir='ltr'><strong>είς</strong></span> <span class='ocrx_word' id='word_1_311' title='bbox 1610 3516 1821 3584; x_wconf 84' lang='grc' dir='ltr'>θυσίαν,</span> 
     </span>
    </p>
   </div>
   <div class='ocr_carea' id='block_1_51' title="bbox 206 3604 1826 3681">
    <p class='ocr_par' dir='ltr' id='par_1_51' title="bbox 206 3604 1826 3681">
     <span class='ocr_line' id='line_1_51' title="bbox 206 3604 1826 3681; baseline -0.005 -12"><span class='ocrx_word' id='word_1_312' title='bbox 206 3614 477 3670; x_wconf 86' lang='grc' dir='ltr'>διετύπου</span> <span class='ocrx_word' id='word_1_313' title='bbox 509 3610 818 3681; x_wconf 80' lang='grc' dir='ltr'>πολλαχῶς.</span> <span class='ocrx_word' id='word_1_314' title='bbox 854 3609 1078 3680; x_wconf 84' lang='grc' dir='ltr'>Εύώδης</span> <span class='ocrx_word' id='word_1_315' title='bbox 1109 3604 1202 3663; x_wconf 82' lang='grc' dir='ltr'>οὖν</span> <span class='ocrx_word' id='word_1_316' title='bbox 1236 3608 1413 3673; x_wconf 74' lang='grc' dir='ltr'>ἔσται,</span> <span class='ocrx_word' id='word_1_317' title='bbox 1446 3607 1634 3679; x_wconf 72' lang='grc' dir='ltr'>φησὶν,</span> <span class='ocrx_word' id='word_1_318' title='bbox 1658 3609 1687 3661; x_wconf 92' lang='lat'><strong>6</strong></span> <span class='ocrx_word' id='word_1_319' title='bbox 1716 3609 1826 3661; x_wconf 87' lang='grc' dir='ltr'><strong>τῶν</strong></span> 
     </span>
    </p>
   </div>
   <div class='ocr_carea' id='block_1_52' title="bbox 211 3698 1827 3775">
    <p class='ocr_par' dir='ltr' id='par_1_52' title="bbox 211 3698 1827 3775">
     <span class='ocr_line' id='line_1_52' title="bbox 211 3698 1827 3775; baseline -0.004 -15"><span class='ocrx_word' id='word_1_320' title='bbox 211 3704 580 3775; x_wconf 83' lang='grc' dir='ltr'>κεκλημένων</span> <span class='ocrx_word' id='word_1_321' title='bbox 607 3701 843 3773; x_wconf 86' lang='grc' dir='ltr'>καρπὸς,</span> <span class='ocrx_word' id='word_1_322' title='bbox 872 3702 966 3755; x_wconf 72' lang='grc' dir='ltr'>καὶ</span> <span class='ocrx_word' id='word_1_323' title='bbox 992 3699 1401 3773; x_wconf 83' lang='grc' dir='ltr'>εὐπαρὰδεκτος</span> <span class='ocrx_word' id='word_1_324' title='bbox 1420 3700 1500 3763; x_wconf 88' lang='grc' dir='ltr'><strong>είς</strong></span> <span class='ocrx_word' id='word_1_325' title='bbox 1528 3698 1719 3755; x_wconf 87' lang='grc' dir='ltr'>θυσίαν</span> <span class='ocrx_word' id='word_1_326' title='bbox 1747 3699 1827 3772; x_wconf 88' lang='grc' dir='ltr'><strong>τῷ</strong></span> 
     </span>
    </p>
   </div>
   <div class='ocr_carea' id='block_1_53' title="bbox 213 3794 678 3868">
    <p class='ocr_par' dir='ltr' id='par_1_53' title="bbox 213 3794 678 3868">
     <span class='ocr_line' id='line_1_53' title="bbox 213 3794 678 3868; baseline -0.011 -16"><span class='ocrx_word' id='word_1_327' title='bbox 213 3799 499 3868; x_wconf 72' lang='grc' dir='ltr'>φιλαρέτῳ</span> <span class='ocrx_word' id='word_1_328' title='bbox 535 3794 678 3866; x_wconf 86' lang='grc' dir='ltr'>Θεῷ.</span> 
     </span>
    </p>
   </div>
   <div class='ocr_carea' id='block_1_54' title="bbox 290 3884 1827 3957">
    <p class='ocr_par' dir='ltr' id='par_1_54' title="bbox 290 3884 1827 3957">
     <span class='ocr_line' id='line_1_54' title="bbox 290 3884 1827 3957; baseline -0.003 -13"><span class='ocrx_word' id='word_1_329' title='bbox 290 3886 807 3957; x_wconf 66' lang='grc' dir='ltr'>Ἐπιστρέψουσι,</span> <span class='ocrx_word' id='word_1_330' title='bbox 849 3886 951 3941; x_wconf 76' lang='grc' dir='ltr'><strong>καί</strong></span> <span class='ocrx_word' id='word_1_331' title='bbox 994 3884 1343 3941; x_wconf 81' lang='grc' dir='ltr'>καθιοῦντιιι</span> <span class='ocrx_word' id='word_1_332' title='bbox 1372 3888 1490 3943; x_wconf 84' lang='grc' dir='ltr'><strong>ὑπὸ</strong></span> <span class='ocrx_word' id='word_1_333' title='bbox 1524 3885 1642 3956; x_wconf 78' lang='grc' dir='ltr'><strong>τὴν</strong></span> <span class='ocrx_word' id='word_1_334' title='bbox 1680 3884 1827 3940; x_wconf 82' lang='grc' dir='ltr'>σκέ-</span> 
     </span>
    </p>
   </div>
   <div class='ocr_carea' id='block_1_55' title="bbox 208 3980 1807 4052">
    <p class='ocr_par' dir='ltr' id='par_1_55' title="bbox 208 3980 1807 4052">
     <span class='ocr_line' id='line_1_55' title="bbox 208 3980 1807 4052; baseline -0.003 -15"><span class='ocrx_word' id='word_1_335' title='bbox 208 3999 338 4052; x_wconf 72' lang='grc' dir='ltr'>πην</span> <span class='ocrx_word' id='word_1_336' title='bbox 366 3980 588 4036; x_wconf 82' lang='grc' dir='ltr'>αὑτοῦ.</span> <span class='ocrx_word' id='word_1_337' title='bbox 1638 4038 1639 4041; x_wconf 32' lang='grc' dir='ltr'><strong>η</strong></span> <span class='ocrx_word' id='word_1_338' title='bbox 1802 4048 1807 4051; x_wconf 19' lang='grc' dir='ltr'><strong>Δ</strong></span> 
     </span>
    </p>
   </div>
   <div class='ocr_carea' id='block_1_56' title="bbox 282 4070 1830 4144">
    <p class='ocr_par' dir='ltr' id='par_1_56' title="bbox 282 4070 1830 4144">
     <span class='ocr_line' id='line_1_56' title="bbox 282 4070 1830 4144; baseline -0.002 -16"><span class='ocrx_word' id='word_1_339' title='bbox 282 4075 475 4141; x_wconf 64' lang='lat' dir='ltr'><strong>PBQ”.</strong></span> <span class='ocrx_word' id='word_1_340' title='bbox 534 4071 995 4138; x_wconf 85' lang='grc' dir='ltr'>Ἀποπαύσονται,</span> <span class='ocrx_word' id='word_1_341' title='bbox 1026 4071 1183 4143; x_wconf 65' lang='grc' dir='ltr'>φησι,</span> <span class='ocrx_word' id='word_1_342' title='bbox 1215 4070 1326 4126; x_wconf 81' lang='grc' dir='ltr'><strong>τῶν</strong></span> <span class='ocrx_word' id='word_1_343' title='bbox 1358 4071 1602 4144; x_wconf 82' lang='grc' dir='ltr'>ἀρχαίων</span> <span class='ocrx_word' id='word_1_344' title='bbox 1651 4072 1830 4125; x_wconf 88' lang='grc' dir='ltr'>αίτια-</span> 
     </span>
    </p>
   </div>
   <div class='ocr_carea' id='block_1_57' title="bbox 210 4164 1829 4238">
    <p class='ocr_par' dir='ltr' id='par_1_57' title="bbox 210 4164 1829 4238">
     <span class='ocr_line' id='line_1_57' title="bbox 210 4164 1829 4238; baseline -0.002 -16"><span class='ocrx_word' id='word_1_345' title='bbox 210 4170 434 4238; x_wconf 80' lang='grc' dir='ltr'>μάτων,</span> <span class='ocrx_word' id='word_1_346' title='bbox 466 4166 565 4219; x_wconf 77' lang='grc' dir='ltr'><strong>καὶ</strong></span> <span class='ocrx_word' id='word_1_347' title='bbox 593 4167 1053 4237; x_wconf 80' lang='grc' dir='ltr'>ὑπονοστήσουσιν</span> <span class='ocrx_word' id='word_1_348' title='bbox 1070 4164 1344 4229; x_wconf 85' lang='grc' dir='ltr'>εὐσθενῶς</span> <span class='ocrx_word' id='word_1_349' title='bbox 1366 4167 1446 4229; x_wconf 84' lang='grc' dir='ltr'><strong>εἰς</strong></span> <span class='ocrx_word' id='word_1_350' title='bbox 1464 4166 1525 4219; x_wconf 86' lang='grc' dir='ltr'><strong>τὸ</strong></span> <span class='ocrx_word' id='word_1_351' title='bbox 1546 4165 1829 4236; x_wconf 81' lang='grc' dir='ltr'>λατρεύειν</span> 
     </span>
    </p>
   </div>
   <div class='ocr_carea' id='block_1_58' title="bbox 213 4257 1830 4332">
    <p class='ocr_par' dir='ltr' id='par_1_58' title="bbox 213 4257 1830 4332">
     <span class='ocr_line' id='line_1_58' title="bbox 213 4257 1830 4332; baseline -0.002 -17"><span class='ocrx_word' id='word_1_352' title='bbox 213 4261 335 4332; x_wconf 87' lang='grc' dir='ltr'><strong>Θεῷ</strong></span> <span class='ocrx_word' id='word_1_353' title='bbox 373 4261 546 4325; x_wconf 79' lang='grc' dir='ltr'>ζῶντι</span> <span class='ocrx_word' id='word_1_354' title='bbox 609 4260 705 4313; x_wconf 81' lang='grc' dir='ltr'>καὶ</span> <span class='ocrx_word' id='word_1_355' title='bbox 733 4258 997 4331; x_wconf 80' lang='grc' dir='ltr'>ἀληθινῷ,</span> <span class='ocrx_word' id='word_1_356' title='bbox 1046 4259 1142 4311; x_wconf 76' lang='grc' dir='ltr'><strong>καὶ</strong></span> <span class='ocrx_word' id='word_1_357' title='bbox 1178 4258 1269 4311; x_wconf 87' lang='grc' dir='ltr'>ὑπ’</span> <span class='ocrx_word' id='word_1_358' title='bbox 1313 4257 1464 4330; x_wconf 80' lang='grc' dir='ltr'>αὐτῷ</span> <span class='ocrx_word' id='word_1_359' title='bbox 1507 4260 1830 4330; x_wconf 86' lang='grc' dir='ltr'>γενήσονται</span> 
     </span>
    </p>
   </div>
   <div class='ocr_carea' id='block_1_59' title="bbox 214 4347 1830 4425">
    <p class='ocr_par' dir='ltr' id='par_1_59' title="bbox 214 4347 1830 4425">
     <span class='ocr_line' id='line_1_59' title="bbox 214 4347 1830 4425; baseline -0.004 -18"><span class='ocrx_word' id='word_1_360' title='bbox 214 4353 604 4425; x_wconf 77' lang='grc' dir='ltr'>μονοτρόπως,</span> <span class='ocrx_word' id='word_1_361' title='bbox 648 4351 711 4404; x_wconf 83' lang='grc' dir='ltr'><strong>οὐ</strong></span> <span class='ocrx_word' id='word_1_362' title='bbox 750 4350 883 4421; x_wconf 88' lang='grc' dir='ltr'>παρ’</span> <span class='ocrx_word' id='word_1_363' title='bbox 933 4348 1126 4419; x_wconf 88' lang='grc' dir='ltr'>ἐτέρου</span> <span class='ocrx_word' id='word_1_364' title='bbox 1165 4349 1229 4401; x_wconf 87' lang='grc' dir='ltr'><strong>τὸ</strong></span> <span class='ocrx_word' id='word_1_365' title='bbox 1260 4347 1533 4414; x_wconf 79' lang='grc' dir='ltr'>σώζεσθαι</span> <span class='ocrx_word' id='word_1_366' title='bbox 1567 4351 1675 4403; x_wconf 84' lang='grc' dir='ltr'>ἀπὸ</span> <span class='ocrx_word' id='word_1_367' title='bbox 1720 4348 1830 4402; x_wconf 92' lang='grc' dir='ltr'><strong>τῶν</strong></span> 
     </span>
    </p>
   </div>
   <div class='ocr_carea' id='block_1_60' title="bbox 1926 1854 3589 1926">
    <p class='ocr_par' dir='ltr' id='par_1_60' title="bbox 1926 1854 3589 1926">
     <span class='ocr_line' id='line_1_60' title="bbox 1926 1854 3589 1926; baseline 0.001 -14"><span class='ocrx_word' id='word_1_368' title='bbox 1926 1865 2050 1913; x_wconf 89' lang='lat' dir='ltr'><strong>ctus</strong></span> <span class='ocrx_word' id='word_1_369' title='bbox 2081 1856 2134 1911; x_wconf 91' lang='lat' dir='ltr'><strong>in</strong></span> <span class='ocrx_word' id='word_1_370' title='bbox 2168 1854 2410 1911; x_wconf 85' lang='lat' dir='ltr'><strong>futurum</strong></span> <span class='ocrx_word' id='word_1_371' title='bbox 2439 1855 2538 1912; x_wconf 81' lang='lat' dir='ltr'><strong>nos</strong></span> <span class='ocrx_word' id='word_1_372' title='bbox 2571 1858 2698 1911; x_wconf 90' lang='lat' dir='ltr'><strong>erit.</strong></span> <span class='ocrx_word' id='word_1_373' title='bbox 3584 1922 3589 1926; x_wconf 44' lang='grc'><strong>,</strong></span> 
     </span>
    </p>
   </div>
   <div class='ocr_carea' id='block_1_61' title="bbox 1998 1947 3520 2019">
    <p class='ocr_par' dir='ltr' id='par_1_61' title="bbox 1998 1947 3520 2019">
     <span class='ocr_line' id='line_1_61' title="bbox 1998 1947 3520 2019; baseline 0.001 -18"><span class='ocrx_word' id='word_1_374' title='bbox 1998 1947 2067 2001; x_wconf 83' lang='lat' dir='ltr'><strong>Et</strong></span> <span class='ocrx_word' id='word_1_375' title='bbox 2093 1949 2266 2003; x_wconf 78' lang='lat' dir='ltr'><strong>mittet</strong></span> <span class='ocrx_word' id='word_1_376' title='bbox 2302 1948 2505 2003; x_wconf 79' lang='lat' dir='ltr'><strong>radices</strong></span> <span class='ocrx_word' id='word_1_377' title='bbox 2548 1965 2672 2003; x_wconf 88' lang='lat' dir='ltr'><strong>suas</strong></span> <span class='ocrx_word' id='word_1_378' title='bbox 2709 1948 2863 2019; x_wconf 83' lang='lat' dir='ltr'><strong>quasi</strong></span> <span class='ocrx_word' id='word_1_379' title='bbox 2902 1948 3159 2013; x_wconf 76' lang='lat' dir='ltr'><strong>Libertus,</strong></span> <span class='ocrx_word' id='word_1_380' title='bbox 3202 1948 3349 2004; x_wconf 82' lang='lat' dir='ltr'><strong>ibunt</strong></span> <span class='ocrx_word' id='word_1_381' title='bbox 3386 1953 3520 2003; x_wconf 81' lang='lat' dir='ltr'><strong>rami</strong></span> 
     </span>
    </p>
   </div>
   <div class='ocr_carea' id='block_1_62' title="bbox 1820 2039 2060 2109">
    <p class='ocr_par' dir='ltr' id='par_1_62' title="bbox 1820 2039 2060 2109">
     <span class='ocr_line' id='line_1_62' title="bbox 1820 2039 2060 2109; baseline 0.013 -17"><span class='ocrx_word' id='word_1_382' title='bbox 1820 2082 1821 2085; x_wconf 54' lang='grc' dir='ltr'><strong>η</strong></span> <span class='ocrx_word' id='word_1_383' title='bbox 1924 2039 2060 2109; x_wconf 88' lang='lat' dir='ltr'><strong>ejus.</strong></span> 
     </span>
    </p>
   </div>
   <div class='ocr_carea' id='block_1_63' title="bbox 1997 2130 3520 2191">
    <p class='ocr_par' dir='ltr' id='par_1_63' title="bbox 1997 2130 3520 2191">
     <span class='ocr_line' id='line_1_63' title="bbox 1997 2130 3520 2191; baseline 0.001 -4"><span class='ocrx_word' id='word_1_384' title='bbox 1997 2130 2225 2187; x_wconf 82' lang='lat' dir='ltr'><strong>CLXIII.</strong></span> <span class='ocrx_word' id='word_1_385' title='bbox 2259 2131 2491 2189; x_wconf 82' lang='lat' dir='ltr'><strong>Mentem</strong></span> <span class='ocrx_word' id='word_1_386' title='bbox 2518 2136 2853 2191; x_wconf 83' lang='lat' dir='ltr'><strong>credentium</strong></span> <span class='ocrx_word' id='word_1_387' title='bbox 2884 2135 2973 2189; x_wconf 83' lang='lat' dir='ltr'><strong>vix</strong></span> <span class='ocrx_word' id='word_1_388' title='bbox 3016 2150 3050 2190; x_wconf 87' lang='lat' dir='ltr'><strong>a</strong></span> <span class='ocrx_word' id='word_1_389' title='bbox 3093 2149 3193 2189; x_wconf 89' lang='lat' dir='ltr'><strong>suo</strong></span> <span class='ocrx_word' id='word_1_390' title='bbox 3234 2144 3377 2190; x_wconf 81' lang='lat' dir='ltr'><strong>statu</strong></span> <span class='ocrx_word' id='word_1_391' title='bbox 3433 2135 3520 2189; x_wconf 89' lang='lat' dir='ltr'><strong>di-</strong></span> 
     </span>
    </p>
   </div>
   <div class='ocr_carea' id='block_1_64' title="bbox 1926 2224 3521 2297">
    <p class='ocr_par' dir='ltr' id='par_1_64' title="bbox 1926 2224 3521 2297">
     <span class='ocr_line' id='line_1_64' title="bbox 1926 2224 3521 2297; baseline 0.001 -17"><span class='ocrx_word' id='word_1_392' title='bbox 1926 2224 2158 2290; x_wconf 87' lang='lat' dir='ltr'><strong>moveri,</strong></span> <span class='ocrx_word' id='word_1_393' title='bbox 2185 2240 2360 2295; x_wconf 91' lang='lat' dir='ltr'><strong>neque</strong></span> <span class='ocrx_word' id='word_1_394' title='bbox 2388 2226 2531 2281; x_wconf 89' lang='lat' dir='ltr'><strong>vinci</strong></span> <span class='ocrx_word' id='word_1_395' title='bbox 2562 2225 2719 2281; x_wconf 80' lang='lat' dir='ltr'><strong>facile</strong></span> <span class='ocrx_word' id='word_1_396' title='bbox 2746 2242 2905 2297; x_wconf 87' lang='lat' dir='ltr'><strong>posse</strong></span> <span class='ocrx_word' id='word_1_397' title='bbox 2944 2242 2975 2281; x_wconf 91' lang='lat' dir='ltr'><strong>a</strong></span> <span class='ocrx_word' id='word_1_398' title='bbox 3018 2226 3270 2297; x_wconf 75' lang='lat' dir='ltr'><strong>malignis</strong></span> <span class='ocrx_word' id='word_1_399' title='bbox 3314 2228 3521 2297; x_wconf 86' lang='lat' dir='ltr'><strong>spiriti-</strong></span> 
     </span>
    </p>
   </div>
   <div class='ocr_carea' id='block_1_65' title="bbox 1927 2318 3517 2390">
    <p class='ocr_par' dir='ltr' id='par_1_65' title="bbox 1927 2318 3517 2390">
     <span class='ocr_line' id='line_1_65' title="bbox 1927 2318 3517 2390; baseline -0.001 -16"><span class='ocrx_word' id='word_1_400' title='bbox 1927 2318 2030 2375; x_wconf 90' lang='lat' dir='ltr'><strong>bus</strong></span> <span class='ocrx_word' id='word_1_401' title='bbox 2056 2319 2142 2373; x_wconf 90' lang='lat' dir='ltr'><strong>his</strong></span> <span class='ocrx_word' id='word_1_402' title='bbox 2172 2318 2353 2373; x_wconf 79' lang='lat' dir='ltr'><strong>verbis</strong></span> <span class='ocrx_word' id='word_1_403' title='bbox 2388 2318 2613 2376; x_wconf 87' lang='lat' dir='ltr'><strong>indicat.</strong></span> <span class='ocrx_word' id='word_1_404' title='bbox 2642 2320 2794 2375; x_wconf 89' lang='lat' dir='ltr'><strong>Adeo</strong></span> <span class='ocrx_word' id='word_1_405' title='bbox 2822 2319 3094 2390; x_wconf 81' lang='lat' dir='ltr'><strong>siquidem</strong></span> <span class='ocrx_word' id='word_1_406' title='bbox 3125 2328 3238 2374; x_wconf 90' lang='lat' dir='ltr'><strong>tuta</strong></span> <span class='ocrx_word' id='word_1_407' title='bbox 3266 2330 3324 2375; x_wconf 90' lang='lat' dir='ltr'><strong>et</strong></span> <span class='ocrx_word' id='word_1_408' title='bbox 3361 2320 3517 2375; x_wconf 87' lang='lat' dir='ltr'><strong>ﬁrma</strong></span> 
     </span>
    </p>
   </div>
   <div class='ocr_carea' id='block_1_66' title="bbox 1927 2409 3521 2482">
    <p class='ocr_par' dir='ltr' id='par_1_66' title="bbox 1927 2409 3521 2482">
     <span class='ocr_line' id='line_1_66' title="bbox 1927 2409 3521 2482; baseline -0.001 -15"><span class='ocrx_word' id='word_1_409' title='bbox 1927 2420 2032 2478; x_wconf 89' lang='lat' dir='ltr'><strong>est,</strong></span> <span class='ocrx_word' id='word_1_410' title='bbox 2069 2419 2128 2465; x_wconf 94' lang='lat' dir='ltr'><strong>ut</strong></span> <span class='ocrx_word' id='word_1_411' title='bbox 2155 2409 2318 2465; x_wconf 89' lang='lat' dir='ltr'><strong>arbor</strong></span> <span class='ocrx_word' id='word_1_412' title='bbox 2358 2411 2614 2465; x_wconf 89' lang='lat' dir='ltr'><strong>nimirum</strong></span> <span class='ocrx_word' id='word_1_413' title='bbox 2639 2410 2692 2465; x_wconf 92' lang='lat' dir='ltr'><strong>in</strong></span> <span class='ocrx_word' id='word_1_414' title='bbox 2729 2422 2912 2467; x_wconf 91' lang='lat' dir='ltr'><strong>monte</strong></span> <span class='ocrx_word' id='word_1_415' title='bbox 2932 2410 3163 2475; x_wconf 89' lang='lat' dir='ltr'><strong>Libano,</strong></span> <span class='ocrx_word' id='word_1_416' title='bbox 3207 2426 3327 2482; x_wconf 75' lang='lat' dir='ltr'><strong>qua:</strong></span> <span class='ocrx_word' id='word_1_417' title='bbox 3356 2413 3521 2466; x_wconf 84' lang='lat' dir='ltr'><strong>mittit</strong></span> 
     </span>
    </p>
   </div>
   <div class='ocr_carea' id='block_1_67' title="bbox 1927 2499 3521 2572">
    <p class='ocr_par' dir='ltr' id='par_1_67' title="bbox 1927 2499 3521 2572">
     <span class='ocr_line' id='line_1_67' title="bbox 1927 2499 3521 2572; baseline 0.001 -17"><span class='ocrx_word' id='word_1_418' title='bbox 1927 2501 2145 2572; x_wconf 82' lang='lat' dir='ltr'><strong>quidem</strong></span> <span class='ocrx_word' id='word_1_419' title='bbox 2175 2501 2227 2555; x_wconf 93' lang='lat' dir='ltr'><strong>in</strong></span> <span class='ocrx_word' id='word_1_420' title='bbox 2254 2499 2582 2572; x_wconf 83' lang='lat' dir='ltr'><strong>profundum</strong></span> <span class='ocrx_word' id='word_1_421' title='bbox 2618 2501 2882 2567; x_wconf 88' lang='lat' dir='ltr'><strong>radicem,</strong></span> <span class='ocrx_word' id='word_1_422' title='bbox 2922 2515 3157 2571; x_wconf 88' lang='lat' dir='ltr'><strong>superne</strong></span> <span class='ocrx_word' id='word_1_423' title='bbox 3202 2512 3387 2559; x_wconf 87' lang='lat' dir='ltr'><strong>autem</strong></span> <span class='ocrx_word' id='word_1_424' title='bbox 3434 2517 3521 2556; x_wconf 87' lang='lat' dir='ltr'><strong>ra-</strong></span> 
     </span>
    </p>
   </div>
   <div class='ocr_carea' id='block_1_68' title="bbox 1922 2590 3518 2671">
    <p class='ocr_par' dir='ltr' id='par_1_68' title="bbox 1922 2590 3518 2671">
     <span class='ocr_line' id='line_1_68' title="bbox 1922 2590 3518 2671; baseline -0.001 -25"><span class='ocrx_word' id='word_1_425' title='bbox 1922 2594 2034 2671; x_wconf 82' lang='lat' dir='ltr'><strong>_tnis</strong></span> <span class='ocrx_word' id='word_1_426' title='bbox 2056 2590 2234 2661; x_wconf 86' lang='lat' dir='ltr'><strong>ample</strong></span> <span class='ocrx_word' id='word_1_427' title='bbox 2257 2591 2537 2645; x_wconf 83' lang='lat' dir='ltr'><strong>dilatatur.</strong></span> <span class='ocrx_word' id='word_1_428' title='bbox 2568 2590 2720 2645; x_wconf 88' lang='lat' dir='ltr'><strong>Actis</strong></span> <span class='ocrx_word' id='word_1_429' title='bbox 2748 2592 2892 2646; x_wconf 89' lang='lat' dir='ltr'><strong>enim</strong></span> <span class='ocrx_word' id='word_1_430' title='bbox 2916 2591 3023 2647; x_wconf 88' lang='lat' dir='ltr'><strong>alte</strong></span> <span class='ocrx_word' id='word_1_431' title='bbox 3039 2590 3330 2661; x_wconf 87' lang='lat' dir='ltr'><strong>radicibus,</strong></span> <span class='ocrx_word' id='word_1_432' title='bbox 3354 2592 3518 2648; x_wconf 86' lang='lat' dir='ltr'><strong>etiam</strong></span> 
     </span>
    </p>
   </div>
   <div class='ocr_carea' id='block_1_69' title="bbox 1929 2682 2918 2755">
    <p class='ocr_par' dir='ltr' id='par_1_69' title="bbox 1929 2682 2918 2755">
     <span class='ocr_line' id='line_1_69' title="bbox 1929 2682 2918 2755; baseline -0.005 -14"><span class='ocrx_word' id='word_1_433' title='bbox 1929 2686 2068 2741; x_wconf 89' lang='lat' dir='ltr'><strong>rami</strong></span> <span class='ocrx_word' id='word_1_434' title='bbox 2089 2683 2313 2742; x_wconf 88' lang='lat' dir='ltr'><strong>omnino</strong></span> <span class='ocrx_word' id='word_1_435' title='bbox 2342 2682 2502 2740; x_wconf 89' lang='lat' dir='ltr'><strong>latius</strong></span> <span class='ocrx_word' id='word_1_436' title='bbox 2530 2693 2918 2755; x_wconf 75' lang='lat' dir='ltr'><strong>propagentur.</strong></span> 
     </span>
    </p>
   </div>
   <div class='ocr_carea' id='block_1_70' title="bbox 2001 2882 3162 2956">
    <p class='ocr_par' dir='ltr' id='par_1_70' title="bbox 2001 2882 3162 2956">
     <span class='ocr_line' id='line_1_70' title="bbox 2001 2882 3162 2956; baseline -0.004 -14"><span class='ocrx_word' id='word_1_437' title='bbox 2001 2887 2170 2942; x_wconf 69' lang='lat' dir='ltr'><strong>Vens.</strong></span> <span class='ocrx_word' id='word_1_438' title='bbox 2204 2886 2256 2941; x_wconf 89' lang='lat'><strong>7.</strong></span> <span class='ocrx_word' id='word_1_439' title='bbox 2290 2886 2356 2941; x_wconf 81' lang='lat' dir='ltr'><strong>Et</strong></span> <span class='ocrx_word' id='word_1_440' title='bbox 2383 2886 2481 2941; x_wconf 85' lang='lat' dir='ltr'><strong>erit</strong></span> <span class='ocrx_word' id='word_1_441' title='bbox 2507 2884 2665 2956; x_wconf 82' lang='lat' dir='ltr'><strong>quasi</strong></span> <span class='ocrx_word' id='word_1_442' title='bbox 2694 2882 2831 2938; x_wconf 84' lang='lat' dir='ltr'><strong>oliva</strong></span> <span class='ocrx_word' id='word_1_443' title='bbox 2860 2882 3162 2953; x_wconf 74' lang='lat' dir='ltr'><strong>fructifera.</strong></span> 
     </span>
    </p>
   </div>
   <div class='ocr_carea' id='block_1_71' title="bbox 1999 2970 3518 3045">
    <p class='ocr_par' dir='ltr' id='par_1_71' title="bbox 1999 2970 3518 3045">
     <span class='ocr_line' id='line_1_71' title="bbox 1999 2970 3518 3045; baseline -0.003 -14"><span class='ocrx_word' id='word_1_444' title='bbox 1999 2974 2231 3031; x_wconf 77' lang='lat' dir='ltr'><strong>CLXIV.</strong></span> <span class='ocrx_word' id='word_1_445' title='bbox 2282 2974 2510 3045; x_wconf 87' lang='lat' dir='ltr'><strong>Semper</strong></span> <span class='ocrx_word' id='word_1_446' title='bbox 2567 2974 2749 3027; x_wconf 87' lang='lat' dir='ltr'><strong>virens</strong></span> <span class='ocrx_word' id='word_1_447' title='bbox 2803 2971 3055 3027; x_wconf 85' lang='lat' dir='ltr'><strong>videlicet</strong></span> <span class='ocrx_word' id='word_1_448' title='bbox 3101 2978 3156 3027; x_wconf 92' lang='lat' dir='ltr'><strong>et</strong></span> <span class='ocrx_word' id='word_1_449' title='bbox 3201 2970 3518 3041; x_wconf 80' lang='lat' dir='ltr'><strong>fructifera;</strong></span> 
     </span>
    </p>
   </div>
   <div class='ocr_carea' id='block_1_72' title="bbox 1926 3062 2945 3134">
    <p class='ocr_par' dir='ltr' id='par_1_72' title="bbox 1926 3062 2945 3134">
     <span class='ocr_line' id='line_1_72' title="bbox 1926 3062 2945 3134; baseline -0.005 -14"><span class='ocrx_word' id='word_1_450' title='bbox 1926 3065 2036 3127; x_wconf 83' lang='lat' dir='ltr'><strong>tale</strong></span> <span class='ocrx_word' id='word_1_451' title='bbox 2062 3072 2149 3120; x_wconf 87' lang='lat' dir='ltr'><strong>est</strong></span> <span class='ocrx_word' id='word_1_452' title='bbox 2176 3063 2317 3119; x_wconf 85' lang='lat' dir='ltr'><strong>enim</strong></span> <span class='ocrx_word' id='word_1_453' title='bbox 2344 3077 2513 3134; x_wconf 80' lang='lat' dir='ltr'><strong>genus</strong></span> <span class='ocrx_word' id='word_1_454' title='bbox 2538 3062 2750 3118; x_wconf 90' lang='lat' dir='ltr'><strong>arboris</strong></span> <span class='ocrx_word' id='word_1_455' title='bbox 2780 3062 2945 3117; x_wconf 88' lang='lat' dir='ltr'><strong>oliva.</strong></span> 
     </span>
    </p>
   </div>
   <div class='ocr_carea' id='block_1_73' title="bbox 1996 3155 2670 3225">
    <p class='ocr_par' dir='ltr' id='par_1_73' title="bbox 1996 3155 2670 3225">
     <span class='ocr_line' id='line_1_73' title="bbox 1996 3155 2670 3225; baseline -0.001 -15"><span class='ocrx_word' id='word_1_456' title='bbox 1996 3157 2068 3210; x_wconf 87' lang='lat' dir='ltr'><strong>Et</strong></span> <span class='ocrx_word' id='word_1_457' title='bbox 2100 3157 2233 3211; x_wconf 86' lang='lat' dir='ltr'><strong>odor</strong></span> <span class='ocrx_word' id='word_1_458' title='bbox 2256 3155 2370 3225; x_wconf 79' lang='lat' dir='ltr'><strong>ejus</strong></span> <span class='ocrx_word' id='word_1_459' title='bbox 2396 3165 2451 3208; x_wconf 89' lang='lat' dir='ltr'><strong>ut</strong></span> <span class='ocrx_word' id='word_1_460' title='bbox 2478 3155 2670 3209; x_wconf 79' lang='lat' dir='ltr'><strong>thuris.</strong></span> 
     </span>
    </p>
   </div>
   <div class='ocr_carea' id='block_1_74' title="bbox 1997 3242 3521 3315">
    <p class='ocr_par' dir='ltr' id='par_1_74' title="bbox 1997 3242 3521 3315">
     <span class='ocr_line' id='line_1_74' title="bbox 1997 3242 3521 3315; baseline -0.003 -11"><span class='ocrx_word' id='word_1_461' title='bbox 1997 3246 2208 3305; x_wconf 82' lang='lat' dir='ltr'><strong>CLXV.</strong></span> <span class='ocrx_word' id='word_1_462' title='bbox 2241 3246 2699 3304; x_wconf 85' lang='lat' dir='ltr'><strong>Odoratissimum</strong></span> <span class='ocrx_word' id='word_1_463' title='bbox 2727 3251 2812 3300; x_wconf 91' lang='lat' dir='ltr'><strong>est</strong></span> <span class='ocrx_word' id='word_1_464' title='bbox 2838 3244 2983 3299; x_wconf 89' lang='lat' dir='ltr'><strong>thus.</strong></span> <span class='ocrx_word' id='word_1_465' title='bbox 3033 3242 3300 3312; x_wconf 86' lang='lat' dir='ltr'><strong>Quocirca</strong></span> <span class='ocrx_word' id='word_1_466' title='bbox 3345 3244 3521 3315; x_wconf 84' lang='lat' dir='ltr'><strong>ipsum</strong></span> 
     </span>
    </p>
   </div>
   <div class='ocr_carea' id='block_1_75' title="bbox 1925 3335 3525 3411">
    <p class='ocr_par' dir='ltr' id='par_1_75' title="bbox 1925 3335 3525 3411">
     <span class='ocr_line' id='line_1_75' title="bbox 1925 3335 3525 3411; baseline -0.001 -17"><span class='ocrx_word' id='word_1_467' title='bbox 1925 3351 1983 3395; x_wconf 86' lang='lat' dir='ltr'><strong>et</strong></span> <span class='ocrx_word' id='word_1_468' title='bbox 2008 3340 2232 3395; x_wconf 89' lang='lat' dir='ltr'><strong>oracula</strong></span> <span class='ocrx_word' id='word_1_469' title='bbox 2261 3341 2395 3411; x_wconf 84' lang='lat' dir='ltr'><strong>legis</strong></span> <span class='ocrx_word' id='word_1_470' title='bbox 2443 3338 2697 3394; x_wconf 71' lang='lat' dir='ltr'><strong>Mosaicae</strong></span> <span class='ocrx_word' id='word_1_471' title='bbox 2736 3335 2968 3392; x_wconf 89' lang='lat' dir='ltr'><strong>Domino</strong></span> <span class='ocrx_word' id='word_1_472' title='bbox 2996 3345 3246 3393; x_wconf 89' lang='lat' dir='ltr'><strong>sanctum</strong></span> <span class='ocrx_word' id='word_1_473' title='bbox 3276 3349 3395 3393; x_wconf 89' lang='lat' dir='ltr'><strong>esse</strong></span> <span class='ocrx_word' id='word_1_474' title='bbox 3428 3353 3525 3393; x_wconf 88' lang='lat' dir='ltr'><strong>vo-</strong></span> 
     </span>
    </p>
   </div>
   <div class='ocr_carea' id='block_1_76' title="bbox 1926 3428 3520 3503">
    <p class='ocr_par' dir='ltr' id='par_1_76' title="bbox 1926 3428 3520 3503">
     <span class='ocr_line' id='line_1_76' title="bbox 1926 3428 3520 3503; baseline -0.003 -14"><span class='ocrx_word' id='word_1_475' title='bbox 1926 3435 2165 3489; x_wconf 90' lang='lat' dir='ltr'><strong>luerunt.</strong></span> <span class='ocrx_word' id='word_1_476' title='bbox 2201 3430 2588 3503; x_wconf 80' lang='lat' dir='ltr'><strong>Saepenumero</strong></span> <span class='ocrx_word' id='word_1_477' title='bbox 2620 3432 2766 3487; x_wconf 90' lang='lat' dir='ltr'><strong>enim</strong></span> <span class='ocrx_word' id='word_1_478' title='bbox 2791 3429 3123 3486; x_wconf 86' lang='lat' dir='ltr'><strong>oﬁ‘erendam</strong></span> <span class='ocrx_word' id='word_1_479' title='bbox 3152 3428 3264 3485; x_wconf 83' lang='lat' dir='ltr'><strong>Deo</strong></span> <span class='ocrx_word' id='word_1_480' title='bbox 3288 3430 3520 3485; x_wconf 87' lang='lat' dir='ltr'><strong>similam</strong></span> 
     </span>
    </p>
   </div>
   <div class='ocr_carea' id='block_1_77' title="bbox 1928 3521 3526 3594">
    <p class='ocr_par' dir='ltr' id='par_1_77' title="bbox 1928 3521 3526 3594">
     <span class='ocr_line' id='line_1_77' title="bbox 1928 3521 3526 3594; baseline -0.004 -11"><span class='ocrx_word' id='word_1_481' title='bbox 1928 3528 1981 3583; x_wconf 91' lang='lat' dir='ltr'><strong>in</strong></span> <span class='ocrx_word' id='word_1_482' title='bbox 2014 3526 2369 3591; x_wconf 88' lang='lat' dir='ltr'><strong>sacriﬁcium,</strong></span> <span class='ocrx_word' id='word_1_483' title='bbox 2401 3526 2558 3581; x_wconf 88' lang='lat' dir='ltr'><strong>thure</strong></span> <span class='ocrx_word' id='word_1_484' title='bbox 2590 3538 2938 3594; x_wconf 75' lang='lat' dir='ltr'><strong>conspersum</strong></span> <span class='ocrx_word' id='word_1_485' title='bbox 2967 3522 3353 3578; x_wconf 80' lang='lat' dir='ltr'><strong>sanxerunt“.</strong></span> <span class='ocrx_word' id='word_1_486' title='bbox 3380 3521 3526 3577; x_wconf 88' lang='lat' dir='ltr'><strong>Odo-</strong></span> 
     </span>
    </p>
   </div>
   <div class='ocr_carea' id='block_1_78' title="bbox 1929 3615 3524 3689">
    <p class='ocr_par' dir='ltr' id='par_1_78' title="bbox 1929 3615 3524 3689">
     <span class='ocr_line' id='line_1_78' title="bbox 1929 3615 3524 3689; baseline -0.003 -15"><span class='ocrx_word' id='word_1_487' title='bbox 1929 3618 2062 3675; x_wconf 78' lang='lat' dir='ltr'><strong>rifer</strong></span> <span class='ocrx_word' id='word_1_488' title='bbox 2088 3628 2174 3675; x_wconf 89' lang='lat' dir='ltr'><strong>est</strong></span> <span class='ocrx_word' id='word_1_489' title='bbox 2204 3620 2391 3689; x_wconf 81' lang='lat' dir='ltr'><strong>igitur,</strong></span> <span class='ocrx_word' id='word_1_490' title='bbox 2431 3617 2629 3688; x_wconf 84' lang='lat' dir='ltr'><strong>inquit,</strong></span> <span class='ocrx_word' id='word_1_491' title='bbox 2658 3626 2977 3671; x_wconf 86' lang='lat' dir='ltr'><strong>vocatorum</strong></span> <span class='ocrx_word' id='word_1_492' title='bbox 3010 3615 3236 3679; x_wconf 78' lang='lat' dir='ltr'><strong>fructus,</strong></span> <span class='ocrx_word' id='word_1_493' title='bbox 3278 3623 3335 3669; x_wconf 92' lang='lat' dir='ltr'><strong>et</strong></span> <span class='ocrx_word' id='word_1_494' title='bbox 3364 3627 3524 3670; x_wconf 85' lang='lat' dir='ltr'><strong>acce-</strong></span> 
     </span>
    </p>
   </div>
   <div class='ocr_carea' id='block_1_79' title="bbox 1929 3703 3406 3782">
    <p class='ocr_par' dir='ltr' id='par_1_79' title="bbox 1929 3703 3406 3782">
     <span class='ocr_line' id='line_1_79' title="bbox 1929 3703 3406 3782; baseline -0.006 -17"><span class='ocrx_word' id='word_1_495' title='bbox 1929 3711 2148 3782; x_wconf 89' lang='lat' dir='ltr'><strong>ptabilis</strong></span> <span class='ocrx_word' id='word_1_496' title='bbox 2180 3711 2235 3766; x_wconf 92' lang='lat' dir='ltr'><strong>in</strong></span> <span class='ocrx_word' id='word_1_497' title='bbox 2265 3708 2758 3774; x_wconf 82' lang='lat' dir='ltr'><strong>saeriﬁciumDeo,</strong></span> <span class='ocrx_word' id='word_1_498' title='bbox 2796 3706 2889 3777; x_wconf 89' lang='lat' dir='ltr'><strong>qui</strong></span> <span class='ocrx_word' id='word_1_499' title='bbox 2924 3705 3180 3762; x_wconf 90' lang='lat' dir='ltr'><strong>virtutem</strong></span> <span class='ocrx_word' id='word_1_500' title='bbox 3205 3703 3406 3774; x_wconf 78' lang='lat' dir='ltr'><strong>diligit.</strong></span> 
     </span>
    </p>
   </div>
   <div class='ocr_carea' id='block_1_80' title="bbox 2003 3887 3528 3957">
    <p class='ocr_par' dir='ltr' id='par_1_80' title="bbox 2003 3887 3528 3957">
     <span class='ocr_line' id='line_1_80' title="bbox 2003 3887 3528 3957; baseline -0.004 -10"><span class='ocrx_word' id='word_1_501' title='bbox 2003 3892 2169 3948; x_wconf 72' lang='lat' dir='ltr'><strong>Vsus.</strong></span> <span class='ocrx_word' id='word_1_502' title='bbox 2209 3892 2263 3949; x_wconf 92' lang='lat'><strong>8.</strong></span> <span class='ocrx_word' id='word_1_503' title='bbox 2322 3890 2725 3957; x_wconf 84' lang='lat' dir='ltr'><strong>Convertentur,</strong></span> <span class='ocrx_word' id='word_1_504' title='bbox 2780 3898 2830 3945; x_wconf 91' lang='lat' dir='ltr'><strong>et</strong></span> <span class='ocrx_word' id='word_1_505' title='bbox 2881 3889 3135 3946; x_wconf 83' lang='lat' dir='ltr'><strong>sedebunt</strong></span> <span class='ocrx_word' id='word_1_506' title='bbox 3187 3887 3283 3943; x_wconf 82' lang='lat' dir='ltr'><strong>sub</strong></span> <span class='ocrx_word' id='word_1_507' title='bbox 3340 3887 3528 3943; x_wconf 84' lang='lat' dir='ltr'><strong>umbra</strong></span> 
     </span>
    </p>
   </div>
   <div class='ocr_carea' id='block_1_81' title="bbox 1929 3992 2811 4059">
    <p class='ocr_par' dir='ltr' id='par_1_81' title="bbox 1929 3992 2811 4059">
     <span class='ocr_line' id='line_1_81' title="bbox 1929 3992 2811 4059; baseline -0.007 -18"><span class='ocrx_word' id='word_1_508' title='bbox 1929 3992 2065 4059; x_wconf 81' lang='lat' dir='ltr'><strong>ejus.</strong></span> <span class='ocrx_word' id='word_1_509' title='bbox 2714 4032 2719 4035; x_wconf 94' lang='lat'><strong>.</strong></span> <span class='ocrx_word' id='word_1_510' title='bbox 2806 4032 2811 4035; x_wconf 79' lang='lat'><strong>.</strong></span> 
     </span>
    </p>
   </div>
   <div class='ocr_carea' id='block_1_82' title="bbox 1959 4071 3527 4143">
    <p class='ocr_par' dir='ltr' id='par_1_82' title="bbox 1959 4071 3527 4143">
     <span class='ocr_line' id='line_1_82' title="bbox 1959 4071 3527 4143; baseline -0.008 -5"><span class='ocrx_word' id='word_1_511' title='bbox 1959 4135 1962 4138; x_wconf 82' lang='lat'><strong>.</strong></span> <span class='ocrx_word' id='word_1_512' title='bbox 2002 4077 2235 4135; x_wconf 80' lang='lat' dir='ltr'><strong>CLXVI.</strong></span> <span class='ocrx_word' id='word_1_513' title='bbox 2262 4076 2451 4132; x_wconf 90' lang='lat' dir='ltr'><strong>Finem</strong></span> <span class='ocrx_word' id='word_1_514' title='bbox 2483 4074 2785 4143; x_wconf 91' lang='lat' dir='ltr'><strong>imponent,</strong></span> <span class='ocrx_word' id='word_1_515' title='bbox 2818 4072 3014 4141; x_wconf 91' lang='lat' dir='ltr'><strong>inquit,</strong></span> <span class='ocrx_word' id='word_1_516' title='bbox 3043 4072 3282 4143; x_wconf 86' lang='lat' dir='ltr'><strong>peccatis</strong></span> <span class='ocrx_word' id='word_1_517' title='bbox 3322 4071 3527 4128; x_wconf 88' lang='lat' dir='ltr'><strong>veteri-</strong></span> 
     </span>
    </p>
   </div>
   <div class='ocr_carea' id='block_1_83' title="bbox 1932 4164 3527 4239">
    <p class='ocr_par' dir='ltr' id='par_1_83' title="bbox 1932 4164 3527 4239">
     <span class='ocr_line' id='line_1_83' title="bbox 1932 4164 3527 4239; baseline -0.006 -11"><span class='ocrx_word' id='word_1_518' title='bbox 1932 4174 2053 4239; x_wconf 90' lang='lat' dir='ltr'><strong>bus,</strong></span> <span class='ocrx_word' id='word_1_519' title='bbox 2090 4180 2146 4226; x_wconf 92' lang='lat' dir='ltr'><strong>et</strong></span> <span class='ocrx_word' id='word_1_520' title='bbox 2190 4185 2314 4225; x_wconf 92' lang='lat' dir='ltr'><strong>cum</strong></span> <span class='ocrx_word' id='word_1_521' title='bbox 2352 4166 2507 4223; x_wconf 87' lang='lat' dir='ltr'><strong>suavi</strong></span> <span class='ocrx_word' id='word_1_522' title='bbox 2540 4166 2706 4221; x_wconf 88' lang='lat' dir='ltr'><strong>odore</strong></span> <span class='ocrx_word' id='word_1_523' title='bbox 2741 4166 2809 4221; x_wconf 87' lang='lat' dir='ltr'><strong>ad</strong></span> <span class='ocrx_word' id='word_1_524' title='bbox 2844 4164 3012 4220; x_wconf 91' lang='lat' dir='ltr'><strong>Deum</strong></span> <span class='ocrx_word' id='word_1_525' title='bbox 3075 4165 3256 4219; x_wconf 91' lang='lat' dir='ltr'><strong>vivum</strong></span> <span class='ocrx_word' id='word_1_526' title='bbox 3306 4179 3527 4220; x_wconf 87' lang='lat' dir='ltr'><strong>verum-</strong></span> 
     </span>
    </p>
   </div>
   <div class='ocr_carea' id='block_1_84' title="bbox 1931 4255 3529 4336">
    <p class='ocr_par' dir='ltr' id='par_1_84' title="bbox 1931 4255 3529 4336">
     <span class='ocr_line' id='line_1_84' title="bbox 1931 4255 3529 4336; baseline -0.005 -18"><span class='ocrx_word' id='word_1_527' title='bbox 1931 4280 2037 4336; x_wconf 86' lang='lat' dir='ltr'><strong>que</strong></span> <span class='ocrx_word' id='word_1_528' title='bbox 2058 4262 2344 4321; x_wconf 82' lang='lat' dir='ltr'><strong>eulendum</strong></span> <span class='ocrx_word' id='word_1_529' title='bbox 2395 4261 2441 4291; x_wconf 81' lang='lat'><strong>&quot;</strong></span> <span class='ocrx_word' id='word_1_530' title='bbox 2482 4257 2880 4329; x_wconf 77' lang='lat' dir='ltr'><strong>regredientur,</strong></span> <span class='ocrx_word' id='word_1_531' title='bbox 2923 4255 3111 4326; x_wconf 84' lang='lat' dir='ltr'><strong>illique</strong></span> <span class='ocrx_word' id='word_1_532' title='bbox 3155 4256 3529 4310; x_wconf 88' lang='lat' dir='ltr'><strong>tantummodo</strong></span> 
     </span>
    </p>
   </div>
   <div class='ocr_carea' id='block_1_85' title="bbox 1932 4347 3531 4427">
    <p class='ocr_par' dir='ltr' id='par_1_85' title="bbox 1932 4347 3531 4427">
     <span class='ocr_line' id='line_1_85' title="bbox 1932 4347 3531 4427; baseline -0.007 -15"><span class='ocrx_word' id='word_1_533' title='bbox 1932 4356 2315 4427; x_wconf 85' lang='lat' dir='ltr'><strong>subjicientur,</strong></span> <span class='ocrx_word' id='word_1_534' title='bbox 2343 4366 2451 4407; x_wconf 90' lang='lat' dir='ltr'><strong>non</strong></span> <span class='ocrx_word' id='word_1_535' title='bbox 2485 4353 2554 4407; x_wconf 89' lang='lat' dir='ltr'><strong>ab</strong></span> <span class='ocrx_word' id='word_1_536' title='bbox 2577 4351 2707 4416; x_wconf 90' lang='lat' dir='ltr'><strong>alio,</strong></span> <span class='ocrx_word' id='word_1_537' title='bbox 2743 4351 2837 4405; x_wconf 92' lang='lat' dir='ltr'><strong>sed</strong></span> <span class='ocrx_word' id='word_1_538' title='bbox 2861 4348 2929 4404; x_wconf 89' lang='lat' dir='ltr'><strong>ab</strong></span> <span class='ocrx_word' id='word_1_539' title='bbox 2963 4348 3057 4404; x_wconf 89' lang='lat' dir='ltr'><strong>illo</strong></span> <span class='ocrx_word' id='word_1_540' title='bbox 3097 4347 3213 4404; x_wconf 92' lang='lat' dir='ltr'><strong>solo</strong></span> <span class='ocrx_word' id='word_1_541' title='bbox 3250 4347 3531 4402; x_wconf 86' lang='lat' dir='ltr'><strong>liberatio-</strong></span> 
     </span>
    </p>
   </div>
   <div class='ocr_carea' id='block_1_86' title="bbox 210 4440 1822 4529">
    <p class='ocr_par' dir='ltr' id='par_1_86' title="bbox 210 4443 1822 4520">
     <span class='ocr_line' id='line_1_86' title="bbox 210 4443 1822 4520; baseline -0.003 -18"><span class='ocrx_word' id='word_1_542' title='bbox 210 4447 456 4520; x_wconf 88' lang='grc' dir='ltr'>ἐχθρῶν,</span> <span class='ocrx_word' id='word_1_543' title='bbox 486 4444 632 4499; x_wconf 80' lang='grc' dir='ltr'>ἀλλὰ</span> <span class='ocrx_word' id='word_1_544' title='bbox 657 4443 789 4516; x_wconf 80' lang='grc' dir='ltr'>παρ’</span> <span class='ocrx_word' id='word_1_545' title='bbox 816 4444 981 4497; x_wconf 82' lang='grc' dir='ltr'>αὐτοῦ</span> <span class='ocrx_word' id='word_1_546' title='bbox 1013 4443 1423 4515; x_wconf 85' lang='grc' dir='ltr'>προσδοκῶντες</span> <span class='ocrx_word' id='word_1_547' title='bbox 1445 4443 1629 4514; x_wconf 88' lang='grc' dir='ltr'>μόνου.</span> <span class='ocrx_word' id='word_1_548' title='bbox 1658 4444 1822 4497; x_wconf 81' lang='grc' dir='ltr'>Τοῦτό</span> 
     </span>
    </p>
   </div>
   <div class='ocr_carea' id='block_1_87' title="bbox 1943 4440 3530 4529">
    <p class='ocr_par' dir='ltr' id='par_1_87' title="bbox 1943 4440 3530 4515">
     <span class='ocr_line' id='line_1_87' title="bbox 1943 4440 3530 4515; baseline -0.007 -11"><span class='ocrx_word' id='word_1_549' title='bbox 1943 4464 2058 4504; x_wconf 88' lang='lat' dir='ltr'><strong>nem</strong></span> <span class='ocrx_word' id='word_1_550' title='bbox 2096 4450 2164 4502; x_wconf 85' lang='lat' dir='ltr'><strong>ab</strong></span> <span class='ocrx_word' id='word_1_551' title='bbox 2202 4446 2451 4503; x_wconf 88' lang='lat' dir='ltr'><strong>hostibus</strong></span> <span class='ocrx_word' id='word_1_552' title='bbox 2496 4450 2901 4515; x_wconf 54' lang='lat' dir='ltr'><strong>expectantes.</strong></span> <span class='ocrx_word' id='word_1_553' title='bbox 2957 4440 3071 4497; x_wconf 87' lang='lat' dir='ltr'><strong>Hoc</strong></span> <span class='ocrx_word' id='word_1_554' title='bbox 3118 4440 3383 4512; x_wconf 67' lang='lat' dir='ltr'><strong>praaelare</strong></span> <span class='ocrx_word' id='word_1_555' title='bbox 3428 4440 3530 4495; x_wconf 88' lang='lat' dir='ltr'><strong>im-</strong></span> 
     </span>
    </p>
   </div>
   <div class='ocr_carea' id='block_1_88' title="bbox 210 4533 1822 4613">
    <p class='ocr_par' dir='ltr' id='par_1_88' title="bbox 210 4535 1822 4613">
     <span class='ocr_line' id='line_1_88' title="bbox 210 4535 1822 4613; baseline -0.001 -18"><span class='ocrx_word' id='word_1_556' title='bbox 210 4560 295 4595; x_wconf 88' lang='grc' dir='ltr'><strong>τοι</strong></span> <span class='ocrx_word' id='word_1_557' title='bbox 331 4539 630 4613; x_wconf 80' lang='grc' dir='ltr'>πληροῦσα</span> <span class='ocrx_word' id='word_1_558' title='bbox 656 4537 839 4601; x_wconf 85' lang='grc' dir='ltr'>καλῶς</span> <span class='ocrx_word' id='word_1_559' title='bbox 867 4540 899 4609; x_wconf 82' lang='grc' dir='ltr'><strong>ἡ</strong></span> <span class='ocrx_word' id='word_1_560' title='bbox 934 4535 996 4603; x_wconf 81' lang='grc' dir='ltr'><strong>ἐξ</strong></span> <span class='ocrx_word' id='word_1_561' title='bbox 1020 4538 1191 4591; x_wconf 88' lang='grc' dir='ltr'>ἐθνῶν</span> <span class='ocrx_word' id='word_1_562' title='bbox 1239 4537 1556 4608; x_wconf 87' lang='grc' dir='ltr'>Ἐκκλησία,</span> <span class='ocrx_word' id='word_1_563' title='bbox 1582 4540 1712 4611; x_wconf 73' lang='grc' dir='ltr'>περὶ</span> <span class='ocrx_word' id='word_1_564' title='bbox 1734 4539 1822 4593; x_wconf 88' lang='grc' dir='ltr'><strong>τοῦ</strong></span> 
     </span>
    </p>
   </div>
   <div class='ocr_carea' id='block_1_89' title="bbox 1943 4533 3529 4613">
    <p class='ocr_par' dir='ltr' id='par_1_89' title="bbox 1943 4533 3529 4613">
     <span class='ocr_line' id='line_1_89' title="bbox 1943 4533 3529 4613; baseline -0.005 -18"><span class='ocrx_word' id='word_1_565' title='bbox 1943 4542 2092 4613; x_wconf 83' lang='lat' dir='ltr'><strong>plens</strong></span> <span class='ocrx_word' id='word_1_566' title='bbox 2138 4539 2365 4599; x_wconf 74' lang='lat' dir='ltr'><strong>collecta</strong></span> <span class='ocrx_word' id='word_1_567' title='bbox 2414 4552 2482 4593; x_wconf 78' lang='lat' dir='ltr'><strong>ex</strong></span> <span class='ocrx_word' id='word_1_568' title='bbox 2536 4536 2791 4608; x_wconf 75' lang='lat' dir='ltr'><strong>gentibus</strong></span> <span class='ocrx_word' id='word_1_569' title='bbox 2838 4533 3105 4602; x_wconf 89' lang='lat' dir='ltr'><strong>Ecclesia,</strong></span> <span class='ocrx_word' id='word_1_570' title='bbox 3162 4534 3228 4589; x_wconf 89' lang='lat' dir='ltr'><strong>de</strong></span> <span class='ocrx_word' id='word_1_571' title='bbox 3287 4533 3529 4589; x_wconf 87' lang='lat' dir='ltr'><strong>omnium</strong></span> 
     </span>
    </p>
   </div>
   <div class='ocr_carea' id='block_1_90' title="bbox 212 4623 1822 4703">
    <p class='ocr_par' dir='ltr' id='par_1_90' title="bbox 212 4629 1822 4703">
     <span class='ocr_line' id='line_1_90' title="bbox 212 4629 1822 4703; baseline -0.002 -14"><span class='ocrx_word' id='word_1_572' title='bbox 212 4637 442 4689; x_wconf 83' lang='grc' dir='ltr'>πάντων</span> <span class='ocrx_word' id='word_1_573' title='bbox 466 4632 746 4703; x_wconf 84' lang='grc' dir='ltr'>Σωτῆρος,</span> <span class='ocrx_word' id='word_1_574' title='bbox 768 4630 956 4702; x_wconf 76' lang='grc' dir='ltr'>φησὶν,</span> <span class='ocrx_word' id='word_1_575' title='bbox 982 4632 1040 4684; x_wconf 84' lang='grc' dir='ltr'><strong>ἐν</strong></span> <span class='ocrx_word' id='word_1_576' title='bbox 1055 4629 1134 4701; x_wconf 88' lang='grc' dir='ltr'><strong>τῷ</strong></span> <span class='ocrx_word' id='word_1_577' title='bbox 1154 4630 1397 4701; x_wconf 80' lang='grc' dir='ltr'>ᾊσματι</span> <span class='ocrx_word' id='word_1_578' title='bbox 1414 4630 1522 4683; x_wconf 87' lang='grc' dir='ltr'><strong>τῶν</strong></span> <span class='ocrx_word' id='word_1_579' title='bbox 1545 4631 1822 4702; x_wconf 79' lang='grc' dir='ltr'>ᾀσμάτων·</span> 
     </span>
    </p>
   </div>
   <div class='ocr_carea' id='block_1_91' title="bbox 1943 4623 3533 4703">
    <p class='ocr_par' dir='ltr' id='par_1_91' title="bbox 1943 4623 3533 4695">
     <span class='ocr_line' id='line_1_91' title="bbox 1943 4623 3533 4695; baseline -0.007 -7"><span class='ocrx_word' id='word_1_580' title='bbox 1943 4633 2221 4689; x_wconf 85' lang='lat' dir='ltr'><strong>Salvatore</strong></span> <span class='ocrx_word' id='word_1_581' title='bbox 2246 4632 2299 4684; x_wconf 92' lang='lat' dir='ltr'><strong>in</strong></span> <span class='ocrx_word' id='word_1_582' title='bbox 2332 4629 2559 4685; x_wconf 90' lang='lat' dir='ltr'><strong>Cantieo</strong></span> <span class='ocrx_word' id='word_1_583' title='bbox 2590 4627 2953 4691; x_wconf 89' lang='lat' dir='ltr'><strong>canticorum,</strong></span> <span class='ocrx_word' id='word_1_584' title='bbox 2988 4625 3204 4695; x_wconf 90' lang='lat' dir='ltr'><strong>inquit:</strong></span> <span class='ocrx_word' id='word_1_585' title='bbox 3242 4641 3263 4677; x_wconf 77' lang='grc' dir='ltr'><strong>ι</strong></span> <span class='ocrx_word' id='word_1_586' title='bbox 3306 4623 3364 4680; x_wconf 87' lang='lat' dir='ltr'><strong>In</strong></span> <span class='ocrx_word' id='word_1_587' title='bbox 3410 4639 3533 4680; x_wconf 91' lang='lat' dir='ltr'><strong>um-</strong></span> 
     </span>
    </p>
   </div>
   <div class='ocr_carea' id='block_1_92' title="bbox 218 4716 1822 4796">
    <p class='ocr_par' dir='ltr' id='par_1_92' title="bbox 218 4720 1822 4796">
     <span class='ocr_line' id='line_1_92' title="bbox 218 4720 1822 4796; baseline -0.001 -18"><span class='ocrx_word' id='word_1_588' title='bbox 218 4746 236 4778; x_wconf 82' lang='grc' dir='ltr'><strong>ι</strong></span> <span class='ocrx_word' id='word_1_589' title='bbox 269 4727 361 4781; x_wconf 87' lang='grc' dir='ltr'>Ἐν</span> <span class='ocrx_word' id='word_1_590' title='bbox 386 4727 457 4796; x_wconf 79' lang='grc' dir='ltr'>τῇ</span> <span class='ocrx_word' id='word_1_591' title='bbox 497 4725 627 4793; x_wconf 80' lang='grc' dir='ltr'>σκιᾷ</span> <span class='ocrx_word' id='word_1_592' title='bbox 661 4721 829 4775; x_wconf 84' lang='grc' dir='ltr'>αὑτοῦ</span> <span class='ocrx_word' id='word_1_593' title='bbox 860 4722 1205 4794; x_wconf 86' lang='grc' dir='ltr'>ἐπεθύμησα,</span> <span class='ocrx_word' id='word_1_594' title='bbox 1233 4723 1328 4776; x_wconf 76' lang='grc' dir='ltr'>καὶ</span> <span class='ocrx_word' id='word_1_595' title='bbox 1356 4720 1610 4776; x_wconf 86' lang='grc' dir='ltr'>ἐκάθισα.</span> <span class='ocrx_word' id='word_1_596' title='bbox 1642 4742 1662 4775; x_wconf 79' lang='grc' dir='ltr'><strong>ι</strong></span> <span class='ocrx_word' id='word_1_597' title='bbox 1706 4724 1822 4788; x_wconf 82' lang='grc' dir='ltr'>Τοῖς</span> 
     </span>
    </p>
   </div>
   <div class='ocr_carea' id='block_1_93' title="bbox 1943 4716 3534 4796">
    <p class='ocr_par' dir='ltr' id='par_1_93' title="bbox 1943 4716 3534 4786">
     <span class='ocr_line' id='line_1_93' title="bbox 1943 4716 3534 4786; baseline -0.006 -5"><span class='ocrx_word' id='word_1_598' title='bbox 1943 4726 2033 4781; x_wconf 89' lang='lat' dir='ltr'><strong>bra</strong></span> <span class='ocrx_word' id='word_1_599' title='bbox 2070 4724 2211 4779; x_wconf 87' lang='lat' dir='ltr'><strong>illius</strong></span> <span class='ocrx_word' id='word_1_600' title='bbox 2239 4720 2567 4786; x_wconf 85' lang='lat' dir='ltr'><strong>desideravi,</strong></span> <span class='ocrx_word' id='word_1_601' title='bbox 2600 4727 2656 4774; x_wconf 92' lang='lat' dir='ltr'><strong>et</strong></span> <span class='ocrx_word' id='word_1_602' title='bbox 2685 4719 2799 4775; x_wconf 91' lang='lat' dir='ltr'><strong>sedi</strong></span> <span class='ocrx_word' id='word_1_603' title='bbox 2830 4717 2898 4771; x_wconf 75' lang='lat'><strong>”.</strong></span> <span class='ocrx_word' id='word_1_604' title='bbox 2934 4736 2954 4771; x_wconf 79' lang='grc' dir='ltr'><strong>ι</strong></span> <span class='ocrx_word' id='word_1_605' title='bbox 3003 4716 3083 4772; x_wconf 89' lang='lat' dir='ltr'><strong>Ita</strong></span> <span class='ocrx_word' id='word_1_606' title='bbox 3128 4717 3308 4773; x_wconf 78' lang='lat' dir='ltr'><strong>facere</strong></span> <span class='ocrx_word' id='word_1_607' title='bbox 3356 4716 3534 4773; x_wconf 87' lang='lat' dir='ltr'><strong>solitis</strong></span> 
     </span>
    </p>
   </div>
   <div class='ocr_carea' id='block_1_94' title="bbox 208 4798 1822 4887">
    <p class='ocr_par' dir='ltr' id='par_1_94' title="bbox 208 4798 1822 4887">
     <span class='ocr_line' id='line_1_94' title="bbox 208 4798 1822 4887; baseline -0.002 -15"><span class='ocrx_word' id='word_1_608' title='bbox 208 4818 377 4873; x_wconf 85' lang='grc' dir='ltr'>τοῦτο</span> <span class='ocrx_word' id='word_1_609' title='bbox 396 4818 542 4887; x_wconf 77' lang='grc' dir='ltr'>δρᾷν</span> <span class='ocrx_word' id='word_1_610' title='bbox 569 4815 821 4869; x_wconf 79' lang='grc' dir='ltr'>εἰωθόσιν</span> <span class='ocrx_word' id='word_1_611' title='bbox 859 4815 1205 4885; x_wconf 79' lang='grc' dir='ltr'>ἐπιφωνείτω</span> <span class='ocrx_word' id='word_1_612' title='bbox 1240 4798 1415 4884; x_wconf 84' lang='grc' dir='ltr'>λέγων</span> <span class='ocrx_word' id='word_1_613' title='bbox 1448 4815 1543 4869; x_wconf 78' lang='grc' dir='ltr'><strong>καὶ</strong></span> <span class='ocrx_word' id='word_1_614' title='bbox 1570 4817 1598 4868; x_wconf 91' lang='lat'><strong>6</strong></span> <span class='ocrx_word' id='word_1_615' title='bbox 1631 4814 1822 4869; x_wconf 82' lang='grc' dir='ltr'>θεσπέ-</span> 
     </span>
    </p>
   </div>
   <div class='ocr_carea' id='block_1_95' title="bbox 1943 4798 3531 4887">
    <p class='ocr_par' dir='ltr' id='par_1_95' title="bbox 1943 4810 3531 4878">
     <span class='ocr_line' id='line_1_95' title="bbox 1943 4810 3531 4878; baseline -0.004 -4"><span class='ocrx_word' id='word_1_616' title='bbox 1943 4818 2202 4874; x_wconf 82' lang='lat' dir='ltr'><strong>acclamet</strong></span> <span class='ocrx_word' id='word_1_617' title='bbox 2233 4816 2424 4871; x_wconf 90' lang='lat' dir='ltr'><strong>beatus</strong></span> <span class='ocrx_word' id='word_1_618' title='bbox 2449 4812 2623 4872; x_wconf 71' lang='lat' dir='ltr'><strong>David</strong></span> <span class='ocrx_word' id='word_1_619' title='bbox 2654 4829 2669 4867; x_wconf 89' lang='lat'><strong>:</strong></span> <span class='ocrx_word' id='word_1_620' title='bbox 2709 4831 2727 4865; x_wconf 82' lang='grc' dir='ltr'><strong>ι</strong></span> <span class='ocrx_word' id='word_1_621' title='bbox 2760 4811 2868 4867; x_wconf 90' lang='lat' dir='ltr'><strong>Per</strong></span> <span class='ocrx_word' id='word_1_622' title='bbox 2897 4811 3039 4868; x_wconf 90' lang='lat' dir='ltr'><strong>diem</strong></span> <span class='ocrx_word' id='word_1_623' title='bbox 3065 4810 3148 4869; x_wconf 89' lang='lat' dir='ltr'><strong>sol</strong></span> <span class='ocrx_word' id='word_1_624' title='bbox 3173 4826 3279 4867; x_wconf 90' lang='lat' dir='ltr'><strong>non</strong></span> <span class='ocrx_word' id='word_1_625' title='bbox 3312 4821 3433 4867; x_wconf 91' lang='lat' dir='ltr'><strong>uret</strong></span> <span class='ocrx_word' id='word_1_626' title='bbox 3458 4821 3531 4878; x_wconf 91' lang='lat' dir='ltr'><strong>te,</strong></span> 
     </span>
    </p>
   </div>
   <div class='ocr_carea' id='block_1_96' title="bbox 217 4903 1822 4982">
    <p class='ocr_par' dir='ltr' id='par_1_96' title="bbox 217 4905 1822 4979">
     <span class='ocr_line' id='line_1_96' title="bbox 217 4905 1822 4979; baseline -0.003 -14"><span class='ocrx_word' id='word_1_627' title='bbox 217 4929 334 4977; x_wconf 77' lang='grc' dir='ltr'>σιος</span> <span class='ocrx_word' id='word_1_628' title='bbox 366 4908 542 4964; x_wconf 82' lang='grc' dir='ltr'>Δαϐίδ</span> <span class='ocrx_word' id='word_1_629' title='bbox 561 4925 576 4938; x_wconf 80' lang='grc'><strong>’</strong></span> <span class='ocrx_word' id='word_1_630' title='bbox 613 4926 632 4959; x_wconf 82' lang='grc' dir='ltr'><strong>ι</strong></span> <span class='ocrx_word' id='word_1_631' title='bbox 656 4907 901 4979; x_wconf 79' lang='grc' dir='ltr'>Ἡμέρας</span> <span class='ocrx_word' id='word_1_632' title='bbox 939 4911 966 4962; x_wconf 86' lang='grc' dir='ltr'>ὁ</span> <span class='ocrx_word' id='word_1_633' title='bbox 992 4907 1144 4979; x_wconf 78' lang='grc' dir='ltr'>ἥλιος</span> <span class='ocrx_word' id='word_1_634' title='bbox 1180 4908 1239 4960; x_wconf 76' lang='grc' dir='ltr'><strong>οὐ</strong></span> <span class='ocrx_word' id='word_1_635' title='bbox 1270 4905 1570 4976; x_wconf 86' lang='grc' dir='ltr'>συγκαύσει</span> <span class='ocrx_word' id='word_1_636' title='bbox 1603 4923 1683 4974; x_wconf 92' lang='grc' dir='ltr'><strong>σε,</strong></span> <span class='ocrx_word' id='word_1_637' title='bbox 1711 4906 1822 4960; x_wconf 81' lang='grc' dir='ltr'>οὐδὲ</span> 
     </span>
    </p>
   </div>
   <div class='ocr_carea' id='block_1_97' title="bbox 1943 4903 3533 4982">
    <p class='ocr_par' dir='ltr' id='par_1_97' title="bbox 1943 4903 3533 4982">
     <span class='ocr_line' id='line_1_97' title="bbox 1943 4903 3533 4982; baseline -0.006 -14"><span class='ocrx_word' id='word_1_638' title='bbox 1943 4927 2115 4982; x_wconf 90' lang='lat' dir='ltr'><strong>neque</strong></span> <span class='ocrx_word' id='word_1_639' title='bbox 2137 4911 2261 4964; x_wconf 87' lang='lat' dir='ltr'><strong>luna</strong></span> <span class='ocrx_word' id='word_1_640' title='bbox 2289 4924 2385 4979; x_wconf 89' lang='lat' dir='ltr'><strong>per</strong></span> <span class='ocrx_word' id='word_1_641' title='bbox 2409 4915 2628 4963; x_wconf 90' lang='lat' dir='ltr'><strong>noctem</strong></span> <span class='ocrx_word' id='word_1_642' title='bbox 2653 4905 2720 4962; x_wconf 72' lang='lat'><strong>“.</strong></span> <span class='ocrx_word' id='word_1_643' title='bbox 2759 4924 2778 4958; x_wconf 78' lang='grc' dir='ltr'><strong>ι</strong></span> <span class='ocrx_word' id='word_1_644' title='bbox 2804 4904 2918 4962; x_wconf 87' lang='lat' dir='ltr'><strong>Hoc</strong></span> <span class='ocrx_word' id='word_1_645' title='bbox 2941 4904 3332 4980; x_wconf 72' lang='lat' dir='ltr'><strong>vetustiorjbus</strong></span> <span class='ocrx_word' id='word_1_646' title='bbox 3358 4919 3389 4959; x_wconf 88' lang='lat' dir='ltr'><strong>a</strong></span> <span class='ocrx_word' id='word_1_647' title='bbox 3419 4903 3533 4959; x_wconf 87' lang='lat' dir='ltr'><strong>Deo</strong></span> 
     </span>
    </p>
   </div>
   <div class='ocr_carea' id='block_1_98' title="bbox 215 4986 1822 5078">
    <p class='ocr_par' dir='ltr' id='par_1_98' title="bbox 215 4986 1822 5078">
     <span class='ocr_line' id='line_1_98' title="bbox 215 4986 1822 5078; baseline -0.002 -21"><span class='ocrx_word' id='word_1_648' title='bbox 215 5008 249 5077; x_wconf 80' lang='grc' dir='ltr'>ἡ</span> <span class='ocrx_word' id='word_1_649' title='bbox 279 5003 485 5075; x_wconf 83' lang='grc' dir='ltr'>σελήνη</span> <span class='ocrx_word' id='word_1_650' title='bbox 515 5002 618 5073; x_wconf 80' lang='grc' dir='ltr'>τὴν</span> <span class='ocrx_word' id='word_1_651' title='bbox 642 5004 835 5056; x_wconf 88' lang='grc' dir='ltr'>νύκτα.</span> <span class='ocrx_word' id='word_1_652' title='bbox 867 5021 885 5054; x_wconf 82' lang='grc' dir='ltr'><strong>ι</strong></span> <span class='ocrx_word' id='word_1_653' title='bbox 919 4986 1092 5054; x_wconf 87' lang='grc' dir='ltr'>Τοῦτο</span> <span class='ocrx_word' id='word_1_654' title='bbox 1124 5002 1236 5063; x_wconf 83' lang='grc' dir='ltr'>τοῖς</span> <span class='ocrx_word' id='word_1_655' title='bbox 1273 5000 1652 5071; x_wconf 84' lang='grc' dir='ltr'>ἀρχαιοτέροις</span> <span class='ocrx_word' id='word_1_656' title='bbox 1696 5001 1822 5078; x_wconf 76' lang='grc' dir='ltr'>ἐπε-</span> 
     </span>
    </p>
   </div>
   <div class='ocr_carea' id='block_1_99' title="bbox 1943 4986 3533 5078">
    <p class='ocr_par' dir='ltr' id='par_1_99' title="bbox 1943 4993 3533 5077">
     <span class='ocr_line' id='line_1_99' title="bbox 1943 4993 3533 5077; baseline -0.004 -17"><span class='ocrx_word' id='word_1_657' title='bbox 1943 5004 2343 5077; x_wconf 69' lang='grc' dir='ltr'>ριιειεειιιὶιιιιιιι,</span> <span class='ocrx_word' id='word_1_658' title='bbox 2397 4998 2541 5056; x_wconf 88' lang='lat' dir='ltr'><strong>nube</strong></span> <span class='ocrx_word' id='word_1_659' title='bbox 2601 4998 2726 5054; x_wconf 86' lang='lat' dir='ltr'><strong>illos</strong></span> <span class='ocrx_word' id='word_1_660' title='bbox 2776 5012 2874 5068; x_wconf 90' lang='lat' dir='ltr'><strong>per</strong></span> <span class='ocrx_word' id='word_1_661' title='bbox 2926 4993 3068 5054; x_wconf 87' lang='lat' dir='ltr'><strong>diem</strong></span> <span class='ocrx_word' id='word_1_662' title='bbox 3126 4998 3181 5053; x_wconf 93' lang='lat' dir='ltr'><strong>in</strong></span> <span class='ocrx_word' id='word_1_663' title='bbox 3238 4996 3533 5053; x_wconf 91' lang='lat' dir='ltr'><strong>solitudine</strong></span> 
     </span>
    </p>
   </div>
   <div class='ocr_carea' id='block_1_100' title="bbox 218 5082 1822 5165">
    <p class='ocr_par' dir='ltr' id='par_1_100' title="bbox 218 5092 1822 5165">
     <span class='ocr_line' id='line_1_100' title="bbox 218 5092 1822 5165; baseline -0.001 -17"><span class='ocrx_word' id='word_1_664' title='bbox 218 5096 433 5148; x_wconf 81' lang='grc' dir='ltr'>τελείτο</span> <span class='ocrx_word' id='word_1_665' title='bbox 482 5092 639 5165; x_wconf 85' lang='grc' dir='ltr'>παρὰ</span> <span class='ocrx_word' id='word_1_666' title='bbox 682 5093 841 5157; x_wconf 85' lang='grc' dir='ltr'>Θεοῦ,</span> <span class='ocrx_word' id='word_1_667' title='bbox 886 5093 1120 5164; x_wconf 83' lang='grc' dir='ltr'>νεφέλης</span> <span class='ocrx_word' id='word_1_668' title='bbox 1165 5092 1350 5156; x_wconf 82' lang='grc' dir='ltr'>αὐτοῖς</span> <span class='ocrx_word' id='word_1_669' title='bbox 1399 5093 1822 5163; x_wconf 79' lang='grc' dir='ltr'>ἐπισκιαζούσης</span> 
     </span>
    </p>
   </div>
   <div class='ocr_carea' id='block_1_101' title="bbox 1943 5082 3532 5165">
    <p class='ocr_par' dir='ltr' id='par_1_101' title="bbox 1943 5082 3532 5158">
     <span class='ocr_line' id='line_1_101' title="bbox 1943 5082 3532 5158; baseline -0.009 -8"><span class='ocrx_word' id='word_1_670' title='bbox 1943 5093 2301 5150; x_wconf 82' lang='lat' dir='ltr'><strong>obumbrante</strong></span> <span class='ocrx_word' id='word_1_671' title='bbox 2327 5090 2396 5157; x_wconf 80' lang='grc'><strong>⁸⁸,</strong></span> <span class='ocrx_word' id='word_1_672' title='bbox 2444 5100 2851 5158; x_wconf 88' lang='lat' dir='ltr'><strong>supernumque</strong></span> <span class='ocrx_word' id='word_1_673' title='bbox 2909 5094 2963 5141; x_wconf 92' lang='lat' dir='ltr'><strong>et</strong></span> <span class='ocrx_word' id='word_1_674' title='bbox 2994 5085 3238 5142; x_wconf 92' lang='lat' dir='ltr'><strong>divinum</strong></span> <span class='ocrx_word' id='word_1_675' title='bbox 3275 5082 3532 5139; x_wconf 88' lang='lat' dir='ltr'><strong>taberna-</strong></span> 
     </span>
    </p>
   </div>
   <div class='ocr_carea' id='block_1_102' title="bbox 220 5173 1822 5263">
    <p class='ocr_par' dir='ltr' id='par_1_102' title="bbox 220 5182 1822 5263">
     <span class='ocr_line' id='line_1_102' title="bbox 220 5182 1822 5263; baseline -0.004 -22"><span class='ocrx_word' id='word_1_676' title='bbox 220 5188 368 5242; x_wconf 83' lang='grc' dir='ltr'>κατά</span> <span class='ocrx_word' id='word_1_677' title='bbox 402 5187 507 5259; x_wconf 75' lang='grc' dir='ltr'>τὴν</span> <span class='ocrx_word' id='word_1_678' title='bbox 535 5184 769 5256; x_wconf 72' lang='grc' dir='ltr'>ἔρημον,</span> <span class='ocrx_word' id='word_1_679' title='bbox 807 5186 912 5263; x_wconf 37' lang='grc' dir='ltr'>καὶ,</span> <span class='ocrx_word' id='word_1_680' title='bbox 940 5187 1041 5256; x_wconf 79' lang='grc' dir='ltr'><strong>τὴν</strong></span> <span class='ocrx_word' id='word_1_681' title='bbox 1088 5184 1320 5249; x_wconf 84' lang='grc' dir='ltr'>ἄνωθεν,</span> <span class='ocrx_word' id='word_1_682' title='bbox 1369 5185 1655 5257; x_wconf 59' lang='grc' dir='ltr'>καὶοπαρὰ</span> <span class='ocrx_word' id='word_1_683' title='bbox 1692 5182 1822 5237; x_wconf 84' lang='grc' dir='ltr'>Θεοῦ</span> 
     </span>
    </p>
   </div>
   <div class='ocr_carea' id='block_1_103' title="bbox 1943 5173 3530 5263">
    <p class='ocr_par' dir='ltr' id='par_1_103' title="bbox 1943 5173 3530 5254">
     <span class='ocr_line' id='line_1_103' title="bbox 1943 5173 3530 5254; baseline -0.009 -12"><span class='ocrx_word' id='word_1_684' title='bbox 1943 5187 2120 5242; x_wconf 89' lang='lat' dir='ltr'><strong>culum</strong></span> <span class='ocrx_word' id='word_1_685' title='bbox 2148 5183 2386 5254; x_wconf 84' lang='lat' dir='ltr'><strong>jucunde</strong></span> <span class='ocrx_word' id='word_1_686' title='bbox 2433 5183 2876 5238; x_wconf 89' lang='lat' dir='ltr'><strong>submonstrante</strong></span> <span class='ocrx_word' id='word_1_687' title='bbox 2910 5178 2978 5237; x_wconf 79' lang='grc'><strong>³⁸.</strong></span> <span class='ocrx_word' id='word_1_688' title='bbox 3027 5176 3200 5233; x_wconf 82' lang='lat' dir='ltr'><strong>Recte</strong></span> <span class='ocrx_word' id='word_1_689' title='bbox 3236 5173 3530 5231; x_wconf 88' lang='lat' dir='ltr'><strong>admodum</strong></span> 
     </span>
    </p>
   </div>
   <div class='ocr_carea' id='block_1_104' title="bbox 222 5264 1822 5350">
    <p class='ocr_par' dir='ltr' id='par_1_104' title="bbox 222 5275 1822 5350">
     <span class='ocr_line' id='line_1_104' title="bbox 222 5275 1822 5350; baseline -0.003 -17"><span class='ocrx_word' id='word_1_690' title='bbox 222 5280 434 5350; x_wconf 84' lang='grc' dir='ltr'>σκηνὴν</span> <span class='ocrx_word' id='word_1_691' title='bbox 472 5278 883 5346; x_wconf 77' lang='grc' dir='ltr'>ὑποφαινούσης</span> <span class='ocrx_word' id='word_1_692' title='bbox 912 5278 1166 5342; x_wconf 84' lang='grc' dir='ltr'>ἀστείως.</span> <span class='ocrx_word' id='word_1_693' title='bbox 1202 5275 1275 5332; x_wconf 79' lang='grc' dir='ltr'>Εὖ</span> <span class='ocrx_word' id='word_1_694' title='bbox 1308 5278 1363 5331; x_wconf 85' lang='grc' dir='ltr'><strong>δὲ</strong></span> <span class='ocrx_word' id='word_1_695' title='bbox 1396 5278 1461 5349; x_wconf 85' lang='grc' dir='ltr'>δὴ</span> <span class='ocrx_word' id='word_1_696' title='bbox 1499 5279 1698 5350; x_wconf 83' lang='grc' dir='ltr'>σφόδρα</span> <span class='ocrx_word' id='word_1_697' title='bbox 1737 5277 1822 5332; x_wconf 78' lang='grc' dir='ltr'>καῚ</span> 
     </span>
    </p>
   </div>
   <div class='ocr_carea' id='block_1_105' title="bbox 1943 5264 3531 5350">
    <p class='ocr_par' dir='ltr' id='par_1_105' title="bbox 1943 5264 3531 5349">
     <span class='ocr_line' id='line_1_105' title="bbox 1943 5264 3531 5349; baseline -0.008 -17"><span class='ocrx_word' id='word_1_698' title='bbox 1943 5286 2258 5349; x_wconf 43' lang='lat' dir='ltr'><strong>praeterea”</strong></span> <span class='ocrx_word' id='word_1_699' title='bbox 2296 5274 2582 5339; x_wconf 88' lang='lat' dir='ltr'><strong>sedebunt,</strong></span> <span class='ocrx_word' id='word_1_700' title='bbox 2626 5291 2646 5326; x_wconf 79' lang='grc' dir='ltr'><strong>ι</strong></span> <span class='ocrx_word' id='word_1_701' title='bbox 2693 5270 2890 5341; x_wconf 88' lang='lat' dir='ltr'><strong>inquit,</strong></span> <span class='ocrx_word' id='word_1_702' title='bbox 2941 5268 3179 5324; x_wconf 72' lang='lat' dir='ltr'><strong>ut‘binc</strong></span> <span class='ocrx_word' id='word_1_703' title='bbox 3228 5264 3531 5322; x_wconf 88' lang='lat' dir='ltr'><strong>constantia</strong></span> 
     </span>
    </p>
   </div>
   <div class='ocr_carea' id='block_1_106' title="bbox 219 5354 1822 5440">
    <p class='ocr_par' dir='ltr' id='par_1_106' title="bbox 219 5366 1822 5440">
     <span class='ocr_line' id='line_1_106' title="bbox 219 5366 1822 5440; baseline -0.002 -18"><span class='ocrx_word' id='word_1_704' title='bbox 219 5371 285 5422; x_wconf 79' lang='grc' dir='ltr'><strong>τὸ</strong></span> <span class='ocrx_word' id='word_1_705' title='bbox 347 5390 365 5421; x_wconf 77' lang='grc' dir='ltr'><strong>ι</strong></span> <span class='ocrx_word' id='word_1_706' title='bbox 397 5368 785 5432; x_wconf 79' lang='grc' dir='ltr'>καθιοῦνται,ι</span> <span class='ocrx_word' id='word_1_707' title='bbox 860 5370 1050 5440; x_wconf 82' lang='grc' dir='ltr'>φησὶν,</span> <span class='ocrx_word' id='word_1_708' title='bbox 1102 5368 1190 5421; x_wconf 80' lang='grc' dir='ltr'><strong>ἵνα</strong></span> <span class='ocrx_word' id='word_1_709' title='bbox 1240 5369 1299 5420; x_wconf 84' lang='grc' dir='ltr'><strong>τὸ</strong></span> <span class='ocrx_word' id='word_1_710' title='bbox 1348 5368 1579 5437; x_wconf 84' lang='grc' dir='ltr'>βεϐηκὸς</span> <span class='ocrx_word' id='word_1_711' title='bbox 1633 5368 1728 5421; x_wconf 78' lang='grc' dir='ltr'><strong>καὶ</strong></span> <span class='ocrx_word' id='word_1_712' title='bbox 1772 5366 1822 5419; x_wconf 76' lang='grc' dir='ltr'><strong>τί</strong></span> 
     </span>
    </p>
   </div>
   <div class='ocr_carea' id='block_1_107' title="bbox 1943 5354 3532 5440">
    <p class='ocr_par' dir='ltr' id='par_1_107' title="bbox 1943 5354 3532 5430">
     <span class='ocr_line' id='line_1_107' title="bbox 1943 5354 3532 5430; baseline -0.01 -5"><span class='ocrx_word' id='word_1_713' title='bbox 1943 5380 1988 5425; x_wconf 75' lang='lat' dir='ltr'><strong>et</strong></span> <span class='ocrx_word' id='word_1_714' title='bbox 2029 5367 2307 5423; x_wconf 87' lang='lat' dir='ltr'><strong>ﬁrmitudo</strong></span> <span class='ocrx_word' id='word_1_715' title='bbox 2343 5365 2640 5423; x_wconf 86' lang='lat' dir='ltr'><strong>voluntatis</strong></span> <span class='ocrx_word' id='word_1_716' title='bbox 2683 5360 3117 5420; x_wconf 84' lang='lat' dir='ltr'><strong>convertentium</strong></span> <span class='ocrx_word' id='word_1_717' title='bbox 3154 5372 3215 5414; x_wconf 88' lang='lat' dir='ltr'><strong>se</strong></span> <span class='ocrx_word' id='word_1_718' title='bbox 3257 5354 3532 5430; x_wconf 67' lang='lat' dir='ltr'><strong>intelliga-</strong></span> 
     </span>
    </p>
   </div>
   <div class='ocr_carea' id='block_1_108' title="bbox 224 5459 2111 5533">
    <p class='ocr_par' dir='ltr' id='par_1_108' title="bbox 224 5459 2111 5533">
     <span class='ocr_line' id='line_1_108' title="bbox 224 5459 2111 5533; baseline 0.001 -17"><span class='ocrx_word' id='word_1_719' title='bbox 224 5462 517 5533; x_wconf 77' lang='grc' dir='ltr'>ἱδρυμένον</span> <span class='ocrx_word' id='word_1_720' title='bbox 556 5459 817 5529; x_wconf 78' lang='grc' dir='ltr'>ἀσφαλῶς</span> <span class='ocrx_word' id='word_1_721' title='bbox 845 5460 946 5531; x_wconf 83' lang='grc' dir='ltr'>τῆς</span> <span class='ocrx_word' id='word_1_722' title='bbox 987 5461 1095 5514; x_wconf 85' lang='grc' dir='ltr'><strong>τῶν</strong></span> <span class='ocrx_word' id='word_1_723' title='bbox 1135 5461 1577 5531; x_wconf 83' lang='grc' dir='ltr'>ἐπιστρεφόντων</span> <span class='ocrx_word' id='word_1_724' title='bbox 1608 5459 1836 5532; x_wconf 81' lang='grc' dir='ltr'>γνώμης</span> <span class='ocrx_word' id='word_1_725' title='bbox 1936 5470 2043 5516; x_wconf 89' lang='lat' dir='ltr'><strong>tur.</strong></span> <span class='ocrx_word' id='word_1_726' title='bbox 2110 5514 2111 5517; x_wconf 45' lang='grc' dir='ltr'><strong>η</strong></span> 
     </span>
    </p>
   </div>
   <div class='ocr_carea' id='block_1_109' title="bbox 221 5536 1819 5622">
    <p class='ocr_par' dir='ltr' id='par_1_109' title="bbox 221 5552 1819 5622">
     <span class='ocr_line' id='line_1_109' title="bbox 221 5552 1819 5622; baseline -0.001 -17"><span class='ocrx_word' id='word_1_727' title='bbox 221 5552 316 5607; x_wconf 67' lang='grc' dir='ltr'><strong>διὰ</strong></span> <span class='ocrx_word' id='word_1_728' title='bbox 343 5552 539 5607; x_wconf 82' lang='grc' dir='ltr'>τούτου</span> <span class='ocrx_word' id='word_1_729' title='bbox 570 5552 781 5622; x_wconf 82' lang='grc' dir='ltr'>νοῆται.</span> <span class='ocrx_word' id='word_1_730' title='bbox 1816 5610 1819 5615; x_wconf 34' lang='grc' dir='ltr'><strong>η</strong></span> 
     </span>
    </p>
   </div>
   <div class='ocr_carea' id='block_1_110' title="bbox 229 5712 1822 5880">
    <p class='ocr_par' dir='ltr' id='par_1_110' title="bbox 229 5754 1822 5880">
     <span class='ocr_line' id='line_1_110' title="bbox 299 5754 1822 5824; baseline 0.003 -18"><span class='ocrx_word' id='word_1_731' title='bbox 299 5754 349 5785; x_wconf 69' lang='grc'><strong>³³</strong></span> <span class='ocrx_word' id='word_1_732' title='bbox 384 5754 545 5808; x_wconf 72' lang='lat' dir='ltr'><strong>Rern.</strong></span> <span class='ocrx_word' id='word_1_733' title='bbox 588 5771 662 5813; x_wconf 78' lang='grc' dir='ltr'><strong>ιν.</strong></span> <span class='ocrx_word' id='word_1_734' title='bbox 697 5757 778 5811; x_wconf 72' lang='grc'>12.</span> <span class='ocrx_word' id='word_1_735' title='bbox 858 5760 898 5790; x_wconf 84' lang='grc'><strong>²¹</strong></span> <span class='ocrx_word' id='word_1_736' title='bbox 936 5757 1108 5814; x_wconf 85' lang='lat' dir='ltr'><strong>Levit.</strong></span> <span class='ocrx_word' id='word_1_737' title='bbox 1142 5774 1200 5824; x_wconf 91' lang='grc' dir='ltr'><strong>ιι,</strong></span> <span class='ocrx_word' id='word_1_738' title='bbox 1230 5759 1279 5811; x_wconf 88' lang='lat' dir='ltr'><strong>I.</strong></span> <span class='ocrx_word' id='word_1_739' title='bbox 1358 5759 1402 5790; x_wconf 79' lang='grc'>¹¹</span> <span class='ocrx_word' id='word_1_740' title='bbox 1438 5759 1457 5810; x_wconf 88' lang='grc' dir='ltr'><strong>ι</strong></span> <span class='ocrx_word' id='word_1_741' title='bbox 1498 5755 1695 5813; x_wconf 86' lang='lat' dir='ltr'><strong>Thess.</strong></span> <span class='ocrx_word' id='word_1_742' title='bbox 1737 5772 1776 5822; x_wconf 91' lang='lat' dir='ltr'><strong>I,</strong></span> <span class='ocrx_word' id='word_1_743' title='bbox 1811 5757 1822 5810; x_wconf 73' lang='grc'>1</span> 
     </span>
     <span class='ocr_line' id='line_1_111' title="bbox 229 5824 718 5880; baseline 0 0"><span class='ocrx_word' id='word_1_744' title='bbox 229 5825 280 5859; x_wconf 81' lang='grc'><strong>³⁸</strong></span> <span class='ocrx_word' id='word_1_745' title='bbox 309 5824 482 5880; x_wconf 78' lang='lat' dir='ltr'><strong>Exod.</strong></span> <span class='ocrx_word' id='word_1_746' title='bbox 515 5843 603 5880; x_wconf 64' lang='grc' dir='ltr'>χει..</span> <span class='ocrx_word' id='word_1_747' title='bbox 629 5827 718 5880; x_wconf 75' lang='lat'><strong>32.</strong></span> 
     </span>
    </p>
   </div>
   <div class='ocr_carea' id='block_1_111' title="bbox 1943 5712 3530 5880">
    <p class='ocr_par' dir='ltr' id='par_1_111' title="bbox 1945 5742 3530 5818">
     <span class='ocr_line' id='line_1_112' title="bbox 1945 5742 3530 5818; baseline -0.007 -7"><span class='ocrx_word' id='word_1_748' title='bbox 1945 5754 1990 5786; x_wconf 75' lang='lat'><strong>&quot;</strong></span> <span class='ocrx_word' id='word_1_749' title='bbox 2025 5753 2183 5810; x_wconf 89' lang='lat' dir='ltr'><strong>Cant.</strong></span> <span class='ocrx_word' id='word_1_750' title='bbox 2218 5767 2278 5818; x_wconf 87' lang='grc' dir='ltr'><strong>ιι,</strong></span> <span class='ocrx_word' id='word_1_751' title='bbox 2312 5751 2364 5805; x_wconf 80' lang='lat'><strong>&#39;5.</strong></span> <span class='ocrx_word' id='word_1_752' title='bbox 2444 5748 2489 5780; x_wconf 74' lang='grc'><strong>’⁵</strong></span> <span class='ocrx_word' id='word_1_753' title='bbox 2519 5746 2669 5804; x_wconf 83' lang='lat' dir='ltr'><strong>Psal.</strong></span> <span class='ocrx_word' id='word_1_754' title='bbox 2701 5763 2830 5816; x_wconf 77' lang='lat' dir='ltr'><strong>cxx,</strong></span> <span class='ocrx_word' id='word_1_755' title='bbox 2863 5747 2918 5807; x_wconf 83' lang='lat'><em>6.</em></span> <span class='ocrx_word' id='word_1_756' title='bbox 2991 5745 3039 5780; x_wconf 82' lang='lat'><strong>&quot;</strong></span> <span class='ocrx_word' id='word_1_757' title='bbox 3072 5743 3244 5802; x_wconf 85' lang='lat' dir='ltr'><strong>Exod.</strong></span> <span class='ocrx_word' id='word_1_758' title='bbox 3284 5755 3408 5811; x_wconf 81' lang='lat' dir='ltr'><strong>xm,</strong></span> <span class='ocrx_word' id='word_1_759' title='bbox 3432 5742 3530 5800; x_wconf 77' lang='lat'><strong>2|.</strong></span> 
     </span>
    </p>
   </div>
   <div class='ocr_carea' id='block_1_112' title="bbox 359 5841 718 5892">
    <p class='ocr_par' dir='ltr' id='par_1_112' title="bbox 359 5841 718 5892">
     <span class='ocr_line' id='line_1_113' title="bbox 359 5841 718 5892; baseline 0.008 -13"><span class='ocrx_word' id='word_1_760' title='bbox 359 5841 482 5880; x_wconf 82' lang='lat' dir='ltr'><strong>xou.</strong></span> <span class='ocrx_word' id='word_1_761' title='bbox 515 5843 603 5892; x_wconf 69' lang='grc' dir='ltr'>ιιι,</span> <span class='ocrx_word' id='word_1_762' title='bbox 629 5841 718 5882; x_wconf 72' lang='lat' dir='ltr'><strong>az.</strong></span> 
     </span>
    </p>
   </div>
  </div>
