3982 6460
507 358 613 416 593

1501 356 1559 414 S.
1602 355 1880 413 CYRILLI
1920 353 2391 412 ALEXANDle
2432 353 2748 411 AIICIIIEP.

3671 361 3782 419 εει

579 476 742 552 194
763 473 968 533 CXVII.
1007 474 1217 544 Vivent,
1239 489 1288 534 et
1325 478 1724 535 inebriabuntur
1751 482 2039 551 frumento.

2265 477 2590 544 Ζήσυνται,
2625 477 2725 531 καί
2750 475 3244 547 μεθυσθήσονται
3265 475 3436 542 σίτῳ.

575 571 705 626 Haec
731 579 859 627 sunt
889 572 1258 627 conversionis
1297 567 1353 626 et
1395 572 1708 628 stabilitatis
1747 573 1887 628 dona
1931 588 2088 629 acce-

508 663 750 732 ptabilia.
781 661 850 716 Et
877 663 1002 717 vitze
1042 671 1278 728 aeternae,
1323 663 1516 732 inquit,
1562 664 1855 736 participes
1901 675 2084 732 erunt,

505 764 561 810 et
593 756 792 810 virtute
814 755 1181 819 abundabunt,
1215 755 1504 823 spirituali,
1541 757 1784 826 inquam,
1815 759 1916 813 hoc
1941 759 2086 813 enim

508 855 635 914 puto
662 845 799 901 velle
837 846 988 911 illud,
1024 863 1043 897 ι
1085 846 1500 901 inebriabnntur
1535 847 1825 904 frumento.
1861 868 1886 902 ι
1935 849 2086 906 Scri-

507 948 658 1007 ptum
693 951 858 1005 porro
909 945 1104 1001 exstat,
1160 954 1180 988 ‹
1245 938 1400 1007 panis
1455 953 1554 994 cor
1603 940 1836 995 hominis
1885 940 2086 996 conﬁr-

510 1039 621 1082 mat
655 1028 721 1084 "'.
756 1046 776 1081 ι
806 1028 1044 1098 Corpora
1077 1029 1222 1082 enim
1269 1031 1691 1098 congruentibus
1744 1033 2088 1088 nutrimentis

506 1121 769 1190 gaudent;
800 1121 1037 1175 animum
1075 1133 1206 1174 vero
1243 1120 1478 1176 hominis
1504 1121 1714 1176 divinus
1747 1131 1800 1176 et
1847 1121 2088 1179 (scelestis

508 1226 688 1266 sermo
712 1213 1048 1266 corroborat.
1082 1210 1219 1278 Quia
1246 1225 1479 1281 namque
1522 1225 1589 1266 ex
1619 1226 1684 1266 eo
1729 1212 1797 1268 ab
1843 1213 2097 1270 imbecil:

509 1301 657 1356 litate
690 1301 755 1354 ad
787 1299 950 1354 robur
976 1301 1208 1355 transire
1236 1309 1421 1370 queat,
1456 1315 1522 1356 ex
1551 1315 1736 1356 errore
1761 1303 1830 1357 ad
1852 1303 2088 1372 agnitio-

510 1407 630 1446 nem
662 1391 754 1446 Dei
781 1405 899 1446 sese
926 1402 1269 1458 convertens,
1313 1401 1369 1447 et
1419 1407 1450 1448 e
1505 1392 1677 1447 foveis
1725 1394 2088 1462 improbitatis

508 1481 684 1536 valide
726 1483 794 1536 ad
836 1482 1089 1537 virtutem
1141 1483 1600 1553 complectendam
1651 1485 1930 1551 exsiliens,
1981 1500 2088 1541 non

506 1582 591 1628 est
622 1587 719 1628 cur
749 1573 1043 1639 dubitetur,
1091 1575 1526 1645 quandoquidem
1576 1590 1764 1632 revera
1805 1576 2090 1632 imbecilli-

508 1661 634 1717 tatis
661 1662 815 1732 culpa
843 1671 948 1726 est,
981 1662 1035 1716 in
1065 1665 1346 1732 segnitiem
1383 1674 1440 1718 et
1465 1665 1764 1720 mundanas
1783 1665 2087 1737 voluptates

505 1753 717 1822 prolabi
749 1761 805 1809 et
838 1753 998 1810 idolis
1026 1755 1267 1811 colendis
1299 1755 1576 1813 delectari.
1629 1756 1940 1825 Spiritualis
1991 1773 2087 1813 au-

2257 565 2429 625 Δῦται
2469 571 2569 641 τῆς
2615 567 2954 640 ἐπιστροφῆς
2985 566 3081 620 καὶ
3109 569 3209 638 τῆς
3250 566 3597 640 ἐδραιότητος
3636 569 3784 636 eam.

2179 661 2384 732 ’ληπτοι
2433 661 2655 732 δωρεαί.
2704 659 2818 714 Καὶ
2851 658 2998 729 ζωῆς
3040 657 3150 729 γὰρ
3191 657 3426 724 ἔσονται,
3478 659 3635 730 φησὶ,
3681 659 3784 730 τῆς

2187 754 2408 808 αἰωνίου
2451 752 2692 824 μέτοχοι,
2728 751 2823 804 καὶ
2851 751 2912 804 ἐν
2939 749 3268 820 πλεονασμῷ
3295 749 3598 822 δυνάμεως,
3622 751 3784 821 δῆλον

2179 843 2243 898 «δὲ
2290 845 2372 898 ὅτι
2415 842 2818 912 πνευματικῆς.
2859 838 3033 894 Τοῦτο
3075 839 3187 910 γὰρ
3243 835 3400 910 οἶμαι
3465 840 3663 912 δηλοῦν
3697 843 3778 907 τὸ,

2194 953 2214 984 ι
2237 931 2672 1004 μεθυσθήσονται
2717 931 2872 1002 σίτῳ.
2896 949 2916 982 θ
2973 930 3289 1002 Γέγραπται
3325 929 3403 996 δὲ,
3439 931 3523 983 ὅτι
3573 949 3592 982 ι
3616 931 3784 1002 ἄρτος

2192 1023 2442 1095 στηρίξει
2481 1023 2712 1095 καρδίαν
2741 1021 3050 1094 ἀνθρώπου.
3072 1041 3090 1073 ι
3126 1020 3366 1092 Σιώματα
3398 1021 3498 1092 μὲν
3517 1021 3629 1093 γάρ
3659 1026 3782 1087 ταῖς

2189 1115 2550 1186 καταλλήλοις
2613 1115 2801 1185 ἥδεται
2856 1116 3105 1185 τροφαῖς.
3165 1114 3360 1183 Ψυχὴν
3403 1113 3462 1166 δὲ
3491 1113 3784 1184 ἀνθρώπου

2191 1204 2340 1269 θεῖός
2381 1223 2463 1268 τε,
2507 1204 2603 1259 καὶ
2635 1204 2845 1258 ἀνωθεν
2884 1204 3162 1274 διανευροϊ
3207 1203 3385 1272 λόγος.
3421 1204 3544 1258 Ὅτι
3581 1203 3692 1274 γὰρ
3724 1204 3785 1270 ἐξ

2187 1298 2472 1360 ἀσθενείας
2498 1299 2576 1360 είς
2605 1296 2836 1368 δύναμιν
2855 1297 3308 1367 μεταφοιτήσειεν
3329 1296 3417 1362 ἂν,
3436 1297 3786 1366 ἐπιστρέφων

2187 1390 2252 1441 ἐκ
2295 1388 2506 1458 πλάνης
2553 1388 2693 1460 πρὸς
2739 1387 3036 1456 ἐπίγνωσιν
3067 1386 3224 1450 Θεοῦ,
3275 1387 3370 1441 καὶ
3405 1387 3471 1440 ἐκ
3519 1387 3629 1440 τῶν
3682 1388 3786 1458 τῆς

2188 1479 2523 1549 φαυλότητος
2555 1478 2767 1549 βόθρων
2791 1477 3167 1548 ἀναθρώσκων
3195 1477 3467 1542 εύσθενῶς
3487 1480 3568 1541 είς
3597 1478 3788 1546 ἔφεσιν

2187 1569 2413 1640 ἀρετῆς,
2453 1569 2570 1633 πῶς
2591 1569 2738 1622 ἔστιν
2768 1568 3099 1639 ἀμφιϐαλεῖν
3124 1585 3140 1634 ;
3184 1569 3356 1635 Εἴπερ
3390 1569 3539 1623 ἐστὶν
3567 1568 3788 1639 ἀληθῶς

2187 1659 2473 1724 ἀσθενείας
2502 1659 2602 1730 μὲν
2625 1659 2902 1730 ἔγκλημα,
2925 1659 2985 1712 τὸ
3007 1659 3338 1715 ἀναπίπτειν
3369 1660 3452 1724 είς
3485 1659 3784 1731 ῥᾳθυμίας,

2189 1753 2287 1805 καὶ
2337 1752 2420 1814 είς
2463 1749 2662 1820 ἡδονὰς
2717 1749 3010 1820 κοσμικὰς,
3071 1750 3164 1803 καὶ
3207 1751 3288 1814 είς
3321 1750 3382 1804 τὸ
3425 1751 3788 1821 προσκεῖσθαι

507 1851 615 1898 tem
646 1843 855 1899 roboris
878 1844 1091 1915 insigne
1123 1843 1334 1900 facinus
1361 1845 1712 1915 perspicitur,
1744 1846 2000 1904 alacriter
2017 1849 2086 1904 ad

2194 1842 2370 1912 φιλεῖν
2403 1845 2528 1906 ταῖς
2560 1841 2669 1896 τῶν
2714 1841 2951 1896 εἰδώλων
2992 1841 3297 1912 λατρείαις.
3341 1841 3546 1912 ’ἰσχύος
3591 1842 3649 1896 δὲ
3685 1841 3787 1913 τῆς

507 1939 647 1994 bona
676 1939 952 2007 operanda
982 1939 1317 2005 incumbere,
1341 1947 1690 2010 statuereque
1713 1941 1936 2012 insuper
1951 1943 2084 1998 cha-

508 2023 668 2079 ritate
695 2039 825 2095 erga
861 2025 1032 2082 Deum
1067 2025 1201 2083 nihil
1245 2041 1365 2083 esse
1415 2030 1779 2098 praestantius,
1837 2046 1902 2088 ac
1948 2033 2086 2089 citra

508 2115 736 2186 lapsum,
775 2126 982 2173 etcum
1018 2117 1185 2175 animi
1214 2119 1561 2176 contentione
1591 2121 1736 2177 viam
1764 2136 1832 2179 eo
1883 2123 2086 2180 ducen-

509 2218 616 2264 tem
641 2208 942 2266 ambulare.

575 2385 647 2440 Et
697 2387 903 2458 ﬂorebit
959 2391 1114 2460 quasi
1161 2391 1311 2446 uinea
1365 2391 1669 2449 memoriale
1724 2393 1858 2462 ejus,
1930 2398 2084 2466 quasi

502 2480 679 2534 vinum
708 2480 902 2536 thuris.

573 2571 854 2628 CLXVIII.
889 2573 980 2629 Ait
1012 2575 1208 2631 alicubi
1242 2576 1383 2633 Deus
1409 2577 1473 2632 ad
1499 2577 1807 2635 Judmorum
1833 2590 2082 2650 matrem,

501 2661 735 2728 hoc’est,
770 2661 1109 2736 Synagogam
1145 2681 1160 2720 :
1205 2683 1224 2718 ι
1253 2666 1366 2737 Ego
1401 2677 1581 2725 autem
1628 2670 1862 2740 plantavi
1901 2679 1957 2728 te
2007 2673 2086 2728 vi-

502 2767 660 2810 neam
689 2753 1051 2824 fructiferam,
1090 2772 1307 2814 omnem
1351 2775 1536 2816 veram
1573 2761 1640 2815 ’⁸.
1680 2781 1699 2815 ι
1739 2764 1924 2820 Psallit
1951 2781 2086 2835 quo-

503 2858 607 2912 que
632 2848 699 2900 de
732 2858 795 2900 ea
831 2846 986 2902 nobis
1018 2847 1232 2904 divinus
1265 2849 1436 2906 David
1469 2869 1483 2908 :
1521 2869 1542 2904 ι
1600 2851 1824 2910 Vineam
1870 2857 1936 2911 de
1979 2856 2084 2912 1E-

502 2943 668 3005 gypto
707 2936 1085 3017 ltranstulisti;
1157 2937 1361 3007 ejecisti
1423 2952 1644 3012 gentes,
1718 2955 1775 3002 et
1829 2949 2084 3017 plantasti

503 3040 622 3078 eam
663 3006 731 3079 “.
766 3043 786 3076 ι
821 3025 1007 3095 Itaque
1051 3006 1206 3083 vinea
1247 3006 1472 3100 pulchre
1525 3006 1844 3104 palmitibus
1889 3039 2083 3095 diffusa

501 3123 619 3169 erat
645 3115 832 3171 Israel.
863 3115 1156 3187 Postquam
1212 3132 1392 3177 autem
1442 3124 1630 3180 multis
1668 3129 1846 3184 modis
1889 3130 1941 3184 in
1989 3132 2082 3186 Dei

500 3205 760 3263 oll‘ensam
787 3208 1019 3264 incurrit
1051 3228 1064 3265 :
1103 3229 1125 3263 ι
1164 3211 1446 3270 Destruxit
1485 3216 1748 3276 Dominus
1787 3224 2081 3280 maceriam
2113 3191 2157 3250 ο

500 3295 644 3366 ejus,
674 3305 730 3352 et
771 3298 1312 3358 vindemiarunteam
1375 3320 1564 3365 omnes
1615 3309 1705 3378 qui
1762 3322 2085 3386 praetergre-

503 3389 727 3442 uiuntur
752 3389 916 3446 viam.
942 3389 1190 3449 Vastavit
1213 3409 1333 3450 eam
1367 3411 1500 3467 aper
1529 3399 1598 3454 de
1620 3402 1776 3470 silva,
1801 3414 1857 3460 et
1902 3407 2088 3463 asinus

505 3480 736 3549 agrestis
768 3493 954 3550 pastus
988 3495 1070 3542 est
1099 3503 1220 3542 eam
1270 3490 1336 3542 “.
1377 3509 1397 3542 ι
1435 3491 1620 3547 Posita
1646 3504 1732 3551 est
1763 3497 1906 3552 enim
1942 3500 2088 3556 velut

502 3573 558 3628 in
587 3576 1054 3633 conculcationem
1097 3579 1142 3613 ⁸¹
1197 3595 1396 3638 nocere
1429 3584 1757 3655 volentibus,
1803 3591 1986 3660 porcis
2033 3601 2089 3647 et

502 3663 672 3718 asinis
699 3663 1062 3735 depascenda,
1096 3670 1196 3724 hoc
1223 3681 1324 3738 est,
1358 3672 1723 3743 voluptatibus
1749 3681 2023 3738 etaversis
2055 3697 2086 3736 a

505 3756 715 3811 ratione
775 3759 1034 3815 motibus.
1093 3761 1300 3817 Idcirco
1354 3769 1638 3824 emarcuit.
1699 3769 2086 3828 Verumtamen

503 3845 747 3902 reﬂoruit
775 3849 830 3904 in
857 3849 1075 3906 Christo
1109 3854 1427 3910 memoriale
1467 3856 1602 3926 ejus,
1657 3875 1850 3931 nempe
1898 3861 2084 3919 Israel.

503 3937 816 3998 Memoriaie
849 3941 1004 4007 dicit,
1035 3944 1159 4010 quia
1197 3961 1301 4001 non
1338 3964 1526 4005 omnes
1577 3953 1946 4022 crediderunt,
1993 3955 2087 4010 sed

500 4031 654 4098 quasi
686 4032 740 4085 in
771 4035 1088 4089 memoriam
1111 4037 1226 4105 ejus
1274 4049 1502 4094 servata:
1539 4053 1663 4095 sunt
1693 4043 1952 4111 reliquias.
1979 4043 2086 4096 Fa-

502 4129 591 4173 cta
619 4129 702 4176 est
737 4131 921 4178 autem
964 4124 1244 4194 prraim,
1285 4131 1400 4185 sive
1451 4130 1615 4184 Israel
1663 4133 1838 4201 gratia
1893 4148 1925 4185 a
1977 4135 2087 4189 Deo

502 4211 782 4281 impertita
813 4223 873 4268 ut
916 4216 1101 4273 vinum
1152 4218 1364 4287 Libani,
1425 4221 1531 4276 hoc
1590 4230 1673 4276 est
1719 4223 1989 4278 odorifera
2033 4237 2089 4280 et

500 4301 798 4378 fragrantia
829 4307 972 4364 tlmri
1003 4325 1194 4380 parum
1244 4313 1570 4368 concedens.
1605 4312 1873 4369 Dicuntur
1902 4323 2085 4373 autem

501 4394 620 4452 haec
648 4397 716 4453 de
735 4399 977 4469 Christo,
1012 4403 1081 4458 de
1109 4418 1220 4474 quo
1255 4404 1383 4458 item
1429 4405 1622 4459 beatus
1654 4403 1846 4462 Sirach
1877 4426 1890 4462 :
1928 4409 2085 4482 195

507 4504 528 4538 ι
568 4487 767 4545 Vinum
802 4491 1040 4549 laetiﬁcat
1069 4508 1164 4548 cor
1197 4495 1434 4550 hominis
1460 4495 1581 4562 ³¹·,»
1618 4499 1702 4552 cui
1730 4505 1788 4552 nt
1822 4515 1920 4557 nos
1963 4518 2083 4558 ma-

504 4593 609 4648 gna
642 4595 766 4635 cum
796 4581 1081 4639 alacritate
1104 4584 1377 4653 applicare
1409 4583 1747 4656 festinemus,
1792 4603 1951 4648 sacer
1986 4609 2084 4651 nos

501 4684 684 4727 sermo
710 4671 899 4728 incitat
925 4692 940 4740 ;
967 4675 1047 4728 sic
1071 4675 1216 4728 enim
1260 4673 1469 4731 habet:
1512 4695 1530 4729 ι
1571 4678 1864 4751 Comedite,
1906 4695 1960 4739 et
1998 4686 2083 4741 bi-

502 4759 632 4828 bite,
655 4773 709 4818 et
729 4763 1096 4829 inebriamini,
1129 4765 1434 4824 charissimi
1454 4769 1519 4824 ³³.
1550 4789 1568 4824 ι
1598 4770 1915 4830 Satietatem
1937 4777 2083 4834 enim

502 4854 936 4910 sanctisnnliam
986 4852 1220 4912 afferunt
1270 4873 1390 4928 quae
1431 4874 1528 4930 per
1571 4863 1845 4932 Christum
1887 4882 2085 4938 suppe-

503 4941 766 5008 ditantur,
798 4952 854 5000 et
882 4953 1161 5014 assumpta
1185 4947 1254 5004 ad
1285 4947 1604 5007 ebrietatem
1634 4953 1948 5025 proficiunt.

572 5119 741 5176 Vsus.
773 5122 827 5178 9.
857 5122 1000 5189 Quid
1020 5125 1102 5180 illi
1118 5129 1287 5186 adhuc
1319 5141 1368 5188 et
1399 5135 1596 5192 idolis?

568 5214 800 5271 CLXIX.
835 5213 894 5270 Si
919 5216 1063 5273 enim
1098 5228 1303 5280 tantam
1343 5229 1555 5297 copiam
1605 5230 1742 5287 adeo
1793 5234 2079 5290 venerabi-

501 5301 632 5356 Iium
665 5311 724 5359 et
750 5317 1106 5376 supernorum
1149 5310 1411 5369 bonorum
1461 5319 1886 5389 participaverit,
1925 5339 1955 5378 a
1983 5339 2077 5380 vo-

501 5389 706 5446 luntate
727 5396 940 5449 errandi
965 5398 1180 5466 penitus
1221 5405 1458 5471 recedet,
1505 5423 1608 5463 nec
1655 5413 1909 5479 operibus
1955 5430 2074 5468 ma-

500 5497 666 5536 nuum
699 5499 916 5542 suarum
951 5490 1189 5548 colendis
1235 5494 1585 5554 adhaerescet.
1635 5502 1882 5565 Quonam
1930 5507 2073 5560 enim

499 5571 643 5628 bono
675 5576 903 5645 amplius
929 5593 1142 5651 carens,
1172 5584 1220 5639 id
1252 5586 1320 5641 ab
1351 5587 1475 5643 aliis
1505 5593 1746 5658 quaeret?
1776 5594 1968 5652 Annon
2002 5598 2074 5652 ita

570 5687 615 5761 '_'_'
655 5687 794 5744 Psal.
834 5707 947 5761 cm,
980 5697 1067 5753 I7.

501 5753 546 5786 ³³
570 5757 724 5813 Cant.
761 5776 811 5826 v,
850 5765 896 5819 I.

1169 5702 1214 5732 ’⁸
1243 5701 1351 5756 Jer.
1393 5718 1453 5770 ll,
1490 5703 1581 5760 21.
1660 5708 1702 5741 ²⁹
1735 5707 1874 5765 I’sal.
1920 5727 2106 5782 ωιτη,
2148 5715 2200 5770 9.
2280 5717 2324 5748 ³⁰
2356 5717 2488 5774 Ibid.
2525 5716 2612 5785 I5,
2655 5717 2737 5771 ιιι.

2194 1933 2572 2003 πνευματικῆς
2603 1932 2857 2004 λαμπρὸν
2896 1935 3096 1986 νοεῖται
3135 1932 3490 2005 κατόρθωμα.
3523 1933 3598 1986 Τὸ
3643 1934 3786 2002 ἀγα-

2195 2022 2450 2094 θουργείν
2482 2022 2700 2075 ἑλέσθαι
2727 2021 3049 2093 προθύμως,
3081 2021 3333 2092 ἡγεῖσθαί
3359 2039 3418 2074 τε
3447 2020 3586 2093 πρὸς
3608 2022 3788 2095 τούτῳ

2190 2115 2292 2186 τῆς
2318 2117 2400 2179 είς
2438 2113 2572 2168 Θεὸν
2594 2113 2820 2184 ἀγάπης
2849 2113 2909 2168 τὸ
2931 2113 3158 2185 ἄμεινον
3176 2115 3355 2180 οὐδὲν,
3391 2116 3486 2168 καὶ
3512 2115 3790 2170 ἀδιαπτώ-

2189 2221 2301 2269 τως
2367 2205 2505 2259 ίέναι
2560 2206 2701 2277 μετὰ
2751 2203 2956 2278 γοργοῦ
3000 2204 3096 2260 τοῦ
3146 2207 3497 2277 φρονήματος
3545 2205 3649 2278 τὴν
3705 2211 3788 2273 είς

2190 2296 2352 2351 τοῦτο
2378 2297 2587 2370 τρίϐον.

2262 2389 2373 2442 Καὶ
2425 2389 2751 2456 ἐξανθήσει
2814 2391 2897 2458 ὡς
2946 2392 3218 2462 ἄμπελος
3267 2390 3336 2446 τὸ
3385 2393 3788 2462 μνημόσυνον

2189 2478 2398 2544 αὐτοῦ,
2429 2481 2509 2546 ὡς
2538 2476 2702 2546 οἶνος
2719 2482 2972 2536 λιϐάνου
3005 2481 3087 2548 τῷ
3122 2482 3396 2552 Ἕςορατμ.

2260 2571 2434 2625 ΡΞΗ’.
2493 2572 2637 2642 Ἔφη
2682 2589 2784 2625 που
2830 2573 2963 2637 Θεὸς
3010 2574 3150 2647 πρὸς
3188 2574 3298 2644 τὴν.
3340 2573 3450 2627 τῶν
3513 2574 3788 2630 Ἰουδαίων

2194 2659 2426 2732 μητέρα,
2462 2663 2730 2730 τουτέστι,
2780 2663 2882 2735 τὴν
2909 2665 3267 2736 Συναγωγήν·
3317 2682 3338 2718 ι
3382 2664 3526 2734 Ἐγὼ
3561 2665 3620 2720 δὲ
3653 2667 3787 2736 ἐφύ-

2189 2755 2358 2809 τευσά
2396 2772 2458 2808 σε
2501 2754 2747 2827 ἄμπελον
2786 2758 3160 2830 καρποφόρον,
3211 2759 3396 2813 πᾶσαν
3442 2757 3730 2830 ἀληθινήν.
3759 2779 3779 2814 ι

2189 2845 2398 2902 Ψάλλει
2437 2846 2498 2900 δέ
2531 2864 2635 2900 που
2675 2849 2806 2920 περὶ
2838 2849 3010 2922 αὐτῆς
3052 2850 3147 2904 καὶ
3177 2852 3207 2904 6
3231 2849 3374 2915 θεῖος
3417 2853 3548 2921 ἡμῖν
3597 2851 3783 2906 Δαϐίδ·

2197 2937 2519 3008 «Ἄμπελον
2570 2937 2632 3003 ἐξ
2677 2939 2959 3008 Αἰγύπτου
3002 2944 3268 3012 μετῇρας,
3322 2939 3582 3006 ἐξέϐαλες
3628 2942 3783 3014 ἔθνη,

2190 3030 2287 3082 καὶ
2339 3031 2754 3100 κατεφύτευσας
2795 3031 2988 3104 αὑτήν.
3056 3033 3414 3104 Ὠδοποίησας
3469 3035 3786 3108 ἔμπροσθεν

2191 3121 2384 3190 αὐτῆς.
2411 3141 2430 3173 ι
2466 3121 2677 3176 Οὐκοῦν
2716 3123 2961 3194 ἄμπελος
2994 3125 3094 3196 μὲν
3135 3126 3555 3197 εύκληματοῦσα
3599 3130 3781 3200 ύπῆρο

2187 3231 2284 3284 χεν
2306 3217 2334 3267 6
2371 3215 2609 3286 Ἰσραήλ.
2640 3217 2858 3288 Ἐπειδὴ
2877 3217 2934 3270 δὲ
2957 3218 3371 3289 προσκέκρουκε
3399 3221 3783 3291 πολυτρόπως,

2197 3326 2215 3358 ι
2244 3307 2496 3378 Περιεῖλε
2540 3307 2747 3379 Κύριος
2791 3309 2886 3364 τὸν
2932 3310 3186 3381 φραγμὸν
3220 3312 3413 3383 αὐτῆς,
3460 3315 3556 3367 καὶ
3597 3331 3788 3385 τετρυ-

2188 3399 2425 3469 γήκασιν
2453 3398 2626 3471 αὐτὴν
2653 3400 2857 3464 πάντες
2887 3403 2937 3454 οί
2966 3402 3486 3473 παραπορευόμενοι
3504 3403 3607 3475 τὴν
3642 3404 3782 3460 ὁδόν.

2202 3487 2540 3561 Ἐλυμήνατο
2573 3489 2749 3561 αὐτὴν
2783 3484 2846 3556 ὗς
2882 3492 2948 3544 ἐκ
2999 3491 3231 3562 δρυμοῦ,
3288 3493 3387 3546 καὶ
3424 3494 3547 3557 ὄνος
3591 3494 3786 3566 ἄγριος

2190 3580 2610 3652 κατενεμήσατο
2667 3581 2859 3651 αὐτήν.
2890 3599 2909 3633 ι
2979 3581 3227 3636 Τέθειται
3286 3581 3398 3654 γὰρ
3448 3583 3641 3655 ὥσπερ
3703 3586 3785 3648 είς

2189 3672 2576 3744 καταπάτησιν
2608 3673 2722 3736 τοῖς
2750 3671 3026 3727 ἐθέλουσιν
3053 3673 3281 3739 ἀδικεῖν,
3329 3674 3538 3746 χοίροις
3581 3693 3642 3728 τε
3686 3677 3786 3731 καὶ

2186 3764 2330 3827 ὄνοις
2351 3763 2512 3836 νομὴ,
2537 3766 2841 3830 τουτέστιν,
2872 3767 3090 3838 ἡδοναῖς
3116 3783 3178 3820 τε
3231 3768 3327 3820 καὶ
3347 3767 3616 3835 ἁλογίαις.
3639 3769 3787 3824 Ταύ-

2187 3869 2254 3923 τῃ
2291 3870 2374 3906 τοι
2420 3854 2789 3925 μεμάρανται.
2846 3855 2994 3925 Πλὴν
3037 3856 3301 3911 ἀνέθαλεν
3349 3857 3408 3911 ἐν
3447 3856 3672 3929 Χριστῷ
3725 3859 3787 3914 τὸ

2193 3943 2538 4013 μνημόσυνον
2567 3944 2756 3998 αὐτοῦ.
2787 3946 2956 4016 Δῆλον
2985 3946 3064 4009 δὲ,
3091 3948 3172 4000 ὅτι
3211 3946 3306 4001 τοῦ
3350 3949 3570 4020 Ἰσραήλ
3589 3966 3605 3980 ο
3644 3967 3785 4022 μνηο

2192 4034 2426 4103 μόσυνον
2445 4035 2501 4088 δέ
2529 4053 2717 4108 φησιν,
2741 4038 2825 4090 ὅτι
2852 4037 2928 4107 μὴ
2956 4037 3159 4100 πάντες
3187 4039 3641 4108 πεπιστεύκασιν,
3667 4041 3783 4094 ἀλλ’

2189 4128 2272 4190 εἰς
2307 4129 2528 4198 μνήμην
2551 4129 2743 4199 ὥσπερ
2773 4129 2938 4182 αὑτοῦ
2977 4131 3276 4200 τετήρηται
3311 4130 3373 4183 τὸ
3402 4131 3779 4203 κατάλειμμα.

2188 4218 2385 4287 Γέγονε
2410 4219 2467 4271 δὲ
2497 4217 2576 4288 τῷ
2610 4219 2874 4290 Ἐφραίμ,
2912 4221 3033 4292 ἦτοι
3059 4220 3138 4290 τῷ
3183 4221 3402 4293 Ἰσραὴλ
3437 4223 3594 4293 παρὰ
3641 4226 3781 4280 Θεοῦ

2188 4310 2350 4382 χάρις
2377 4311 2454 4374 ὡς
2486 4308 2630 4374 οἶνος
2671 4310 2914 4378 λιϐάνου,
2957 4313 3237 4367 τουτέστιν
3260 4353 3275 4376 ,
3326 4313 3535 4385 εὐώδης
3571 4333 3632 4368 τε
3686 4319 3781 4371 καὶ

2187 4402 2393 4474 λιϐάνῳ
2431 4403 2570 4474 πρὸς
2612 4396 2878 4476 εὐοσμίαν
2918 4404 3076 4474 ὀλίγα
3125 4405 3492 4477 παραχωρῶν.
3533 4409 3690 4463 Ἔστι
3725 4410 3780 4463 δὲ

2186 4493 2426 4558 τοιοῦτος
2458 4496 2488 4548 6
2509 4495 2639 4565 περὶ
2659 4495 2899 4567 Χριστοῦ
2927 4495 3110 4565 λόγος,
3139 4498 3233 4551 καὶ
3256 4515 3322 4551 πε
3333 4499 3386 4570 pi.
3410 4497 3578 4552 αὑτοῦ
3612 4518 3780 4572 φησιν

2179 4588 2217 4640 '6
2247 4586 2518 4658 μακάριος
2541 4587 2727 4642 Δαϐίδ·
2755 4607 2774 4640 ι
2797 4582 2955 4651 Οἷνος
2987 4587 3269 4659 εὐφραίνει
3303 4589 3535 4660 καρδίαν
3564 4592 3776 4662 ἀνθρὼ-

2183 4696 2311 4747 που,
2346 4697 2364 4731 ι
2391 4672 2435 4748 ᾧ
2472 4680 2568 4734 καὶ
2600 4680 2806 4752 σφόδρα
2842 4679 3142 4751 προθύμως
3178 4680 3498 4750 ἐπείγεσθαι
3537 4685 3778 4754 προσϐα-

2180 4772 2314 4839 λεῖν,
2356 4773 2502 4844 ἱερὸς
2539 4775 2690 4844 ἡμᾶς
2735 4773 3054 4846 παραθήγει
3103 4773 3295 4842 λόγος’
3338 4775 3453 4847 ἔχει
3498 4776 3610 4847 γὰρ
3650 4771 3771 4843 ὦδε,

2187 4864 2460 4934 «Φάγετε,
2511 4864 2605 4917 καὶ
2647 4863 2824 4930 πίετε,
2883 4865 2980 4918 καὶ¹
3012 4864 3320 4936 μεθύσθητε
3370 4869 3418 4920 οἱ
3474 4867 3768 4938 πλησίον..

2193 4955 2538 5028 Ἀπροσκορῆ
2559 4956 2667 5027 γὰρ
2687 4956 2865 5025 ἀγίοις
2883 4956 2954 5011 τά
2973 4957 3062 5011 διὰ
3088 4955 3350 5028 Χριστοῦ,
3375 4958 3469 5010 καὶ
3491 4960 3574 5022 εἰς
3603 4958 3773 5029 μέθην

2186 5047 2459 5118 ληφθέντα
2480 5046 2889 5118 χρησιμώτερα.

2264 5141 2324 5194 Τί
2362 5139 2528 5204 αὐτῷ
2551 5139 2638 5193 ἔτι
2667 5139 2767 5196 καί
2799 5141 3104 5212 εὶὸώλοις;

2257 5229 2420 5287 ΡΞΘ’.
2473 5233 2536 5285 Εἰ
2587 5232 2696 5303 γὰρ
2738 5233 2972 5300 γένοιτο,
3004 5232 3191 5300 φησὶν,
3240 5229 3300 5283 ἐν
3330 5230 3642 5301 πλησμονῇ,
3681 5233 3768 5284 καὶ

2188 5325 2402 5394 μεθέξει
2431 5325 2540 5378 τῶν
2571 5324 2713 5378 οὕτω
2743 5323 2980 5385 σεπτῶν,
3005 5322 3099 5376 καὶ
3123 5320 3331 5376 ἄνωθεν
3363 5321 3605 5389 ἀγαθῶν,
3647 5324 3767 5375 ἁπο-

2184 5417 2422 5488 χωρήσει
2459 5417 2738 5479 παντελῶς
2776 5415 2869 5469 τοῦ
2906 5414 3214 5469 πλανᾶσθαι
3248 5413 3440 5480 θέλειν,
3474 5415 3568 5466 καὶ
3603 5431 3768 5486 προσ-

2184 5507 2393 5560 κεῖσθαι
2425 5511 2536 5571 τοῖς
2569 5507 2753 5578 ἔργοις
2776 5507 2884 5560 τῶν
2923 5506 3066 5558 ίδίων
3109 5504 3327 5576 χειρῶν.
3355 5504 3513 5566 Τίνος
3543 5505 3653 5574 γὰρ
3689 5505 3765 5557 ἓ.ι

2182 5602 2289 5656 τῶν
2320 5603 2542 5672 ἀγαθῶν
2575 5603 2837 5673 ὑπάρχων
2880 5602 3086 5672 ἐνδεὴς,
3125 5601 3191 5655 τὰ
3222 5600 3353 5671 παρ’
3391 5600 3579 5670 ἐτέρου
3605 5599 3764 5672 ζητή-

2837 5714 2880 5749 ⁸¹
2907 5713 3010 5772 Isa.
3042 5729 3092 5783 ν,
3113 5715 3171 5769 5.
3254 5715 3320 5747 "'
3350 5712 3519 5772 Et-cli.
3549 5730 3639 5782 XL,
3670 5712 3757 5768 20.
