3982 6452
188 358 299 414 325

1133 357 1693 417 COMMENTARIUS
1734 357 1800 413 IN
1841 356 2075 415 OSEAM
2116 360 2565 418 PROI’IIETAM.

3383 374 3486 428 326

187 490 311 538 aet;
348 474 421 527 Ἦ
452 475 549 528 καὶ
590 474 854 547 ἀνόνητος
897 476 1179 541 παντελῶς
1216 482 1326 544 τοῖς
1361 480 1796 551 πεπλανημένοις

1911 494 2147 548 quaerere
2191 481 2430 536 seductis
2477 495 2705 552 prorsus
2746 490 2829 537 est
2881 482 3104 541 inutile?
3158 483 3295 553 Quid
3342 490 3487 543 enim

183 571 216 638 ἡ
249 567 440 621 τοιάδε
475 567 743 639 ζήτησιςς
795 569 861 624 Τί
890 569 1003 642 γάρ
1046 573 1080 642 ἡ
1123 571 1333 643 ἄψυχος
1373 571 1471 643 ὕλη
1522 572 1795 643 χαριεῖται

180 677 333 712 τισιν
356 677 370 723 ;
402 654 488 723 οἷς
513 660 611 714 καὶ
633 660 862 725 δικαίως
890 662 1111 732 ἐλέγετο
1135 663 1291 734 παρὰ
1316 662 1474 729 Θεοῦ,
1514 682 1532 714 ι
1554 660 1626 717 Εὖ
1650 666 1799 735 ποιή-

182 770 338 813 σατε,
370 754 467 806 καὶ
497 753 814 819 κακώσατε,
852 755 948 811 καὶ
984 756 1311 828 γνωσόμεθα
1344 756 1426 810 ὅτι
1452 756 1565 810 Θεοί
1596 758 1740 809 ἐστε.
1774 773 1791 806 ι

192 843 339 896 Ἀλλ’
367 845 481 897 οὐδ’
526 845 596 898 ἂν
634 847 949 901 κακώσειαν
979 845 1303 917 ἀνθρώπους
1334 846 1403 900 τά
1454 845 1798 917 χειρόκμητά

180 953 342 990 ποτε.
375 937 507 1000 Πῶς
537 936 674 1009 γάρ.
704 941 737 1009 ἢ
765 938 961 1005 πόθεν;
993 939 1117 993 οὗτε
1154 940 1260 1010 μὴν
1284 941 1522 1010 χρηστὸν
1548 939 1580 1009 ἢ
1612 939 1795 1008 ὀνησι-

180 1029 354 1101 φόρον
401 1047 458 1083 τι
506 1030 651 1083 δοῖεν
693 1029 761 1084 ἂν
793 1032 1002 1095 αὐτοῖς.
1066 1031 1277 1085 Οὐκοῦν
1328 1030 1656 1093 ἀκουόντων,
1702 1030 1797 1082 καὶ

166 1123 337 1191 ,μάλα
371 1123 608 1186 εἰκότως
628 1140 642 1154 ’
676 1142 694 1175 ι
724 1124 871 1189 Θεοὶ,
902 1125 953 1178 οἳ
1004 1124 1098 1177 τὸν
1148 1122 1398 1195 οὐρανὸν,
1430 1124 1524 1175 καὶ
1562 1121 1661 1190 τὴν
1692 1120 1797 1192 γῆν

164 1210 280 1265 σοῦκ
310 1213 607 1283 ἐποίησαν,
644 1213 1040 1268 ἀπολέσθωσαν
1070 1214 1182 1267 άπὸ
1218 1214 1318 1283 τῆς
1359 1214 1485 1284 γῆς,
1530 1213 1625 1265 καὶ
1665 1213 1796 1265 ὑπο-

182 1304 442 1358 κάτωθεν
481 1306 579 1357 τοῦ
628 1306 863 1376 οὐρανοῦ
904 1305 1117 1359 τούτου.
1147 1326 1166 1359 υ
1222 1306 1297 1359 Τὸ
1349 1305 1651 1375 πεποιηκὸς
1700 1300 1796 1358 οὖν

179 1396 313 1466 ἄρα,
353 1398 454 1449 καὶ
472 1399 691 1468 ἀραρὸς
722 1401 803 1462 είς
832 1398 1113 1468 ἀγάπησιν
1142 1399 1241 1469 τὴν
1263 1398 1358 1451 ἐπὶ
1394 1396 1516 1469 Θεῷ
1549 1414 1797 1468 καταση-

181 1487 370 1557 μαίνει
399 1487 599 1555 λέγων,
628 1507 646 1539 ι
675 1488 741 1541 Τί
764 1488 914 1559 αὐτῷ
941 1488 1046 1555 ἔτι,
1079 1489 1172 1542 καὶ
1200 1486 1439 1551 εἰδώλοις
1463 1503 1477 1553 ;
1508 1506 1528 1540 ι

262 1579 413 1650 Ἐγὼ
466 1581 852 1636 ἐταπείνωσα
894 1582 1103 1649 αὑτὸν,
1145 1580 1247 1636 καὶ
1287 1580 1404 1652 ἐγὼ
1441 1581 1795 1648 κατισχύσω

178 1671 390 1727 αὐτόν.

246 1762 379 1819 ΡΟ’.
428 1764 595 1832 Ἐγὼ,
627 1765 784 1833 φησὶ,
838 1764 1075 1835 δύναμαι
1110 1763 1339 1830 κακοῦν,
1379 1762 1475 1825 οὓς
1506 1764 1571 1817 ἂν
1622 1764 1789 1835 ἴδοιμι

1896 572 2125 626 materia
2154 588 2318 628 sensu
2352 574 2607 628 destituta
2656 574 2980 642 quibusdam
3028 577 3322 648 largietur?
3363 582 3489 648 qui-

1896 666 1995 718 bus
2028 675 2081 719 et
2105 664 2228 736 jure
2252 666 2533 722 dicebatur
2562 684 2590 722 a
2619 668 2731 723 Deo
2762 686 2775 723 :
2814 687 2835 721 ι
2881 669 3206 739 Benefacite,
3238 682 3291 728 ct
3322 675 3487 729 male-

1894 753 2079 821 facite,
2104 766 2158 811 et
2188 759 2425 814 sciemus
2448 760 2573 829 quia
2604 760 2677 815 dii
2700 761 2833 816 cStis
2858 762 2927 817 ".
2969 781 2987 813 ι
3022 762 3183 831 Atqui
3212 781 3485 834 nunquam

1894 847 2099 903 facient
2125 850 2265 905 male
2294 852 2530 922 cuipiam
2560 853 2815 909 manibus
2854 854 3134 909 fabricata.
3180 854 3281 922 Qui
3340 858 3485 911 enim

1895 939 2182 998 facerent?
2214 958 2390 1013 neque
2419 960 2547 1001 vero
2584 947 2708 1003 boni
2754 948 3053 1018 quidpiam,
3101 956 3193 1002 aut
3247 950 3382 1005 utile
3431 951 3485 1006 in

1895 1048 2225 1106 quemquam
2251 1038 2553 1094 conferent.
2584 1040 2823 1096 Audiant
2856 1041 3041 1112 igitur,
3070 1050 3125 1097 et
3146 1040 3483 1110 iustissime:

1864 1128 1979 1184 (Dii
2009 1131 2099 1199 qui
2136 1131 2334 1186 cmlum
2360 1143 2417 1188 et
2464 1142 2664 1189 terram
2696 1149 2804 1189 non
2851 1133 3121 1199 fecerunt,
3163 1136 3486 1205 disperdan-

1895 1229 1985 1275 tur
2007 1222 2072 1277 de
2099 1232 2265 1287 terra,
2296 1232 2351 1279 et
2381 1227 2447 1280 de
2477 1225 2577 1281 sub
2604 1227 2743 1281 coelo
2783 1227 2887 1281 isto
2930 1226 2995 1279 “.
3038 1245 3056 1278 ι
3102 1226 3255 1293 Quod
3304 1236 3485 1281 autem

1894 1314 2044 1381 fecit,
2078 1324 2131 1370 et
2166 1326 2349 1386 aptmn
2372 1328 2455 1371 est
2482 1319 2628 1387 diligi
2680 1319 2859 1372 divina
2917 1320 3204 1386 cliaritate,
3260 1320 3483 1385 indicat,

1894 1420 2018 1459 cum
2051 1406 2127 1460 ait
2162 1424 2176 1460 :
2215 1425 2234 1458 ι
2279 1407 2414 1473 Quid
2447 1409 2543 1478 ipsi
2567 1410 2741 1464 adhuc
2770 1421 2825 1464 et
2854 1410 3044 1463 idolis?
3070 1418 3120 1461 ι·

1970 1582 2080 1651 Ego
2121 1582 2398 1636 humiliari
2428 1582 2599 1649 illum,
2621 1595 2667 1638 et
2692 1601 2785 1654 ego
2819 1584 3129 1651 confortabo
3156 1599 3293 1639 eum.

1968 1759 2177 1815 CLXX.
2211 1760 2341 1831 Ego,
2374 1759 2570 1831 inquit,
2601 1760 2836 1830 aﬂligere
2868 1776 3108 1831 possunt,
3143 1777 3279 1832 quos
3302 1763 3486 1819 videro

176 1856 276 1926 τῆς
302 1856 390 1919 είς
418 1856 524 1925 ἐμὲ
558 1857 922 1927 γνησιότητος
958 1856 1337 1928 περιορῶντας
1368 1857 1495 1919 τοὺς
1532 1857 1786 1929 τρόπους.

1911 1856 2260 1909 sinceritatem
2297 1870 2423 1926 erga
2476 1869 2562 1909 me
2612 1856 2913 1925 despicere.
2959 1856 3266 1911 Corroboro
3307 1866 3486 1911 autem

176 1948 381 2019 Νευρῶ
401 1947 461 2001 δὲ
490 1948 557 2018 δὴ
585 1948 752 2001 πάλιν
782 1948 911 2011 τοὺς
935 1950 1097 2018 οἵπερ
1130 1948 1197 2002 ἂν
1237 1948 1445 2002 ἕλοιντο
1490 1949 1791 2021 κατορθοῦν

176 2038 409 2108 ἀρετὴν,
445 2038 541 2091 καὶ
576 2037 671 2090 τὸν
702 2037 863 2108 φύσει
894 2056 953 2092 τε
1004 2039 1097 2092 καὶ
1142 2038 1358 2109 ἀληθῶς
1388 2038 1590 2093 εἰδέναι
1634 2040 1787 2094 Θεόν.

180 2128 305 2182 οῦτ⁹
342 2125 441 2183 οὖν
492 2130 525 2200 ἡ
562 2130 831 2195 κάκωσις,
866 2131 986 2200 ἤτοι
1016 2130 1077 2182 τὸ
1112 2130 1410 2199 ἀσθενῆσαι
1438 2129 1527 2182 τὸν
1574 2130 1794 2201 Ἰσραὴλ

179 2221 236 2287 ἐξ
256 2221 495 2275 ἐκείνων
519 2217 589 2291 ἦν
611 2239 625 2250 ·
668 2219 795 2274 οῦτε
838 2222 944 2291 μὴν
973 2222 1005 2291 ή
1042 2220 1123 2283 εἷς
1152 2239 1215 2289 γε
1240 2221 1301 2273 τὸ
1328 2220 1589 2275 δύνασθαι
1624 2239 1793 2292 μετα-

177 2314 357 2384 δρομὴ
382 2313 663 2382 δαιμόνων
689 2313 756 2366 ἂν
786 2315 963 2366 νοοῖτο
995 2313 1166 2379 δόσις,
1213 2314 1332 2367 ἀλλ’
1359 2314 1477 2367 ἐστι
1510 2314 1793 2370 θεόσδοτον

176 2403 410 2472 ἀγαθὸν,
438 2403 697 2475 καθάπερ
720 2403 912 2473 άμέλει
941 2405 1114 2457 καὶτὸ
1135 2405 1384 2460 ἀσθενεῖν
1404 2407 1513 2460 τῶν
1542 2408 1599 2472 ἐξ
1622 2408 1793 2479 ὀργῆς

176 2496 511 2565 κινημάτων
539 2495 833 2559 άπότευξις
856 2490 947 2557 ἦν.
980 2497 1168 2566 Σοφῶς
1197 2493 1291 2551 οὗν
1322 2499 1451 2571 ἀρα,
1502 2500 1596 2553 καὶ
1644 2501 1795 2569 φιλοο

180 2587 319 2650 θέως
366 2589 396 2639 ὀ
436 2587 619 2658 μέγας
657 2589 794 2657 ἡμῖν
825 2587 1019 2658 ψάλλει
1050 2589 1218 2643 Δαὸίδ
1241 2606 1256 2621 ο
1297 2608 1315 2643 ι
1354 2590 1530 2663 Ἰσχύς
1563 2609 1666 2663 μου
1701 2594 1794 2647 καί

182 2679 429 2752 ὕμνησίς
454 2698 561 2751 μου
584 2682 615 2734 ὁ
638 2680 866 2752 Κύριος.
897 2700 916 2733 s

262 2771 421 2842 Ἐγὼ
455 2772 538 2839 ὡς
571 2772 865 2841 ἄρκευθος
893 2770 1269 2838 πυκάζουσα,
1308 2774 1378 2839 ἐξ
1416 2773 1562 2845 ἐμοῦ
1590 2778 1624 2830 ό
1656 2794 1796 2845 καρ-

180 2862 300 2932 πός
329 2878 455 2919 σου
491 2864 761 2933 εὕρηται.

251 2958 434 3012 ΡΟΑ’.
469 2957 643 3011 Φυτδν
677 2958 777 3029 μὲν
810 2959 845 3030 ἡ
885 2957 1179 3030 ἄρκευθος,
1213 2958 1349 3013 δασύ
1386 2976 1450 3028 γε
1490 2961 1597 3031 μὴν
1630 2959 1794 3027 οὕτω,

178 3052 279 3105 καὶ
306 3052 394 3115 είς
437 3050 622 3122 κόμην
664 3051 1006 3123 ἀμφιλαφὲς,
1044 3052 1120 3114 ὡς
1147 3052 1325 3105 δοκεῖν
1354 3049 1493 3107 εἶναί
1530 3070 1648 3117 πως
1685 3073 1799 3125 χει·

1889 1958 2103 2012 coutra,
2138 1949 2227 2017 qui
2259 1948 2474 2019 virtutis
2498 1962 2725 2002 munere
2766 1948 2915 2018 fungi
2951 1962 3248 2018 verumque
3275 1959 3330 2002 et
3389 1964 3487 2001 na-

1895 2045 2012 2089 tura
2052 2035 2217 2089 Deum
2248 2051 2411 2090 nosse
2440 2038 2730 2091 voluerint.
2776 2035 2964 2107 Neque
3016 2038 3180 2107 igitur
3240 2038 3483 2103 amictio,

1894 2144 2067 2198 neque
2097 2128 2387 2183 inlirmitas
2418 2129 2582 2184 Israel
2610 2144 2676 2184 ex
2709 2129 2815 2184 illis
2844 2129 3166 2196 veniebant,
3199 2146 3375 2200 neque
3417 2134 3487 2183 ad

1893 2221 2038 2275 vires
2069 2221 2449 2275 transmutatio
2476 2222 2780 2274 dmmouum
2808 2236 3004 2276 munus
3037 2221 3256 2289 intelligi
3287 2231 3482 2290 queat;

1893 2312 1986 2366 sed
2012 2320 2097 2366 est
2128 2312 2326 2366 bonum
2358 2327 2386 2365 a
2421 2313 2527 2366 Deo
2555 2314 2739 2365 datum
2788 2314 3246 2381 quemadmodum
3275 2312 3487 2368 scilicet

1894 2414 1949 2459 et
1981 2405 2247 2459 iulirmari
2278 2420 2343 2459 ex
2376 2406 2452 2459 ira
2492 2405 2673 2459 divina
2700 2404 3163 2473 proﬁciscebatur.
3200 2406 3488 2473 Sapienter

1898 2498 2101 2564 itaque,
2136 2508 2189 2552 et
2216 2506 2277 2552 ut
2304 2498 2396 2553 Dei
2429 2512 2619 2551 amans
2644 2498 2825 2566 psallit
2853 2497 3009 2555 nobis
3036 2498 3207 2553 David
3241 2514 3256 2553 :
3290 2515 3310 2548 ι
3352 2496 3489 2552 For-

1897 2588 2094 2653 titudo,
2123 2595 2179 2642 et
2205 2589 2321 2645 laus
2349 2604 2467 2643 mea
2504 2590 2764 2644 Dominus
2791 2589 2861 2643 ³⁸.
2891 2606 2911 2641 ι

1968 2772 2084 2843 Ego
2142 2774 2278 2827 sicut
2329 2774 2609 2844 juniperus
2660 2773 2984 2843 cooperiens,
3040 2790 3106 2829 ex
3156 2790 3239 2829 me
3282 2774 3487 2844 fructus

1899 2875 2019 2919 tuus
2054 2869 2290 2921 inventus
2308 2876 2407 2921 est.

1970 2957 2202 3013 CLXXI.
2235 2957 2527 3029 Juniperus
2560 2957 2726 3015 arbor
2759 2967 2863 3023 est,
2895 2966 3001 3013 tam
3040 2957 3204 3012 densa
3242 2968 3297 3013 et
3340 2958 3491 3014 fron-

1901 3051 2138 3117 dosa,ut
2166 3050 2503 3119 contignatio
2549 3050 2792 3118 quaedam
2854 3049 3161 3104 manufacta
3217 3050 3488 3117 videatur,

186 3144 475 3215 ρόκμητον
505 3144 736 3215 ὀροφὴν,
780 3141 907 3196 οὔτε
960 3145 1082 3203 ταῖς
1115 3143 1266 3213 ἡλίου
1314 3144 1496 3214 βολαῖς
1540 3163 1800 3217 παραχω-

1911 3156 2078 3211 neque
2101 3142 2371 3197 solaribus
2399 3142 2564 3196 radiis
2589 3141 2959 3211 penetrabilis,
2994 3155 3169 3209 neque
3220 3139 3488 3195 inebrium

186 3238 363 3309 ροῦσα
391 3236 493 3308 τὴν
520 3236 782 3299 διάδυσιν,
808 3234 930 3289 οὔτε
970 3236 1076 3307 μὴν
1098 3239 1214 3309 ταῖς
1241 3237 1411 3290 ὑετῶν
1437 3243 1795 3310 καταφοραῖς·

187 3328 292 3384 κᾶν
342 3330 396 3381 εί
458 3328 705 3399 ῥαγδαῖοι
751 3328 853 3397 τῆς
894 3328 999 3397 γῆς
1045 3330 1429 3399 καταχέωνταί
1480 3349 1632 3383 ποτε.
1682 3332 1801 3384 Ὅτι

185 3418 371 3476 τοίνυν
399 3420 510 3473 ὑπὸ
541 3419 678 3473 Θεοῦ
704 3420 991 3489 γεγονότες
1014 3420 1471 3476 ἀνεπιϐούλευτον
1505 3421 1686 3487 ἕξουσι
1712 3424 1803 3476 τὸν

180 3510 597 3581 ἑπισκιασμὸν,
675 3512 798 3582 ἤτοι
865 3511 965 3585 τὴν
1041 3512 1396 3583 ἐπικουρίαν,
1467 3515 1798 3586 ὑπεμφαίνει

189 3604 389 3673 λέγων*
456 3622 475 3655 ι
511 3603 655 3673 Ἐγὼ
699 3605 776 3668 ὡς
824 3604 1093 3676 ἄρκευθος
1142 3606 1525 3671 πυκάζουσα.»
1576 3610 1699 3662 ’Ὁτι
1743 3610 1801 3662 δὲ

193 3698 342 3751 πᾶσα
373 3695 739 3769 καρποφορία
770 3696 880 3751 τῶν
910 3697 1021 3752 ὑπὸ
1049 3698 1169 3768 Θεῷ
1199 3700 1397 3767 γένοιτ’
1436 3700 1504 3754 ἂν
1547 3701 1646 3773 οὐχ
1694 3702 1806 3756 ἐτέ-

196 3809 318 3861 ρως,
344 3792 383 3863 ἦ
412 3792 473 3843 ἐν
502 3790 751 3862 Χριστῷ,
804 3792 897 3844 καὶ
940 3792 1027 3846 διὰ
1077 3792 1337 3863 Χριστοῦ,
1395 3793 1804 3865 πληροφορήσει

197 3883 370 3952 λέγων
397 3882 569 3945 αὐτὸς
590 3882 970 3951 εὐαγγελικοῖς
996 3882 1355 3955 θεσπίσμασι⁸
1404 3906 1423 3937 ‹
1452 3884 1637 3957 Χωρὶς
1670 3886 1803 3958 ἐμοῦ

188 3975 249 4027 οὐ
292 3974 540 4029 δύνασθε
571 3977 750 4027 ποιεῖν
785 3975 958 4031 οὐδέν.
992 3994 1010 4027 ›
1059 3976 1281 4044 Λεγέτω
1326 3976 1390 4049 δὴ
1438 3973 1532 4031 οῦν
1579 3978 1806 4042 εἰκότως

195 4066 421 4137 ἑκάστῳ
441 4065 558 4120 τῶν
588 4067 1065 4130 πεπιστευκότων,
1097 4067 1258 4139 εἴπερ
1283 4086 1367 4131 τις
1410 4070 1497 4139 εἴη
1526 4069 1802 4142 λαμπρὸς,

193 4159 285 4214 καὶ
310 4157 676 4226 άξιὰγαστος,
706 4158 802 4212 καὶ
825 4159 883 4212 ἐν
911 4158 1226 4230 αὐχήμασιν
1260 4161 1485 4232 ἀρετῆς,
1516 4180 1534 4214 ι
1559 4162 1649 4227 Ἐξ
1670 4163 1805 4233 ἐμοῦ

190 4252 216 4302 ὁ
238 4250 464 4321 καρπός
491 4266 586 4302 σου
612 4248 867 4321 εὓρηται.
886 4268 905 4301 ι

266 4343 369 4408 Τίς
400 4340 621 4411 σοφὸς,
648 4341 748 4394 καὶ
778 4342 1033 4396 συνέσει
1059 4342 1285 4407 ταῦτα;
1325 4342 1363 4411 ἣ
1397 4346 1677 4410 συνετὸς,
1707 4343 1807 4398 καὶ

191 4432 600 4504 ἐπιγνώσεται
640 4435 833 4499 αὑτά;
862 4435 1012 4489 διότι
1051 4437 1273 4490 εὐθεῖαι
1306 4439 1366 4491 αἱ
1397 4437 1524 4490 ὁδοὶ
1560 4438 1667 4491 τοῦ
1701 4424 1809 4492 Ko-

1904 3234 2207 3289 deiluxibus
2242 3236 2449 3302 pervia,
2486 3235 2735 3303 quamvis
2785 3250 2980 3303 magno
3033 3234 3234 3302 impetu
3288 3242 3490 3287 terram

1906 3326 2270 3395 irrigaverint.
2318 3327 2428 3381 Deo
2474 3327 2635 3395 igitur
2674 3317 2948 3396 subjectos
2988 3335 3157 3380 tutam
3207 3325 3492 3379 habituros

1903 3419 2401 3485 obumbrationem,
2433 3418 2549 3473 sive
2593 3418 2851 3471 auxilium
2893 3418 3223 3479 subindicat,
3257 3417 3442 3471 dicens
3473 3434 3490 3472 :

1910 3531 1929 3563 ι
1968 3511 2172 3581 Egout
2201 3511 2482 3581 juniperus
2529 3518 2845 3579 contegens.
2888 3525 2907 3559 ι
2951 3506 3273 3563 Universam
3313 3514 3493 3562 autem

1905 3605 2236 3661 fertilitatem
2266 3605 2376 3659 Deo
2407 3602 2772 3672 subjectorum
2810 3600 2971 3671 196
3003 3614 3110 3654 non
3145 3599 3304 3653 aliter
3330 3613 3492 3667 quam

1907 3701 1959 3755 in
1996 3699 2216 3754 Christo
2272 3706 2328 3752 et
2372 3712 2469 3765 per
2506 3694 2781 3751 Christum
2836 3703 3109 3758 constare,
3172 3690 3495 3746 testificatur

1907 3793 2042 3861 ipse,
2074 3792 2128 3844 in
2151 3789 2384 3845 oraculis
2412 3787 2744 3857 evangelicis
2782 3787 2854 3841 ita
2887 3786 3114 3854 loquens
3146 3802 3159 3839 :
3197 3802 3216 3836 ι
3250 3784 3380 3839 Sine
3408 3796 3496 3869 me

1907 3882 2041 3937 nihil
2103 3880 2329 3951 potestis
2373 3879 2557 3933 facere
2612 3879 2679 3933 ³⁸.
2720 3896 2741 3929 ι
2804 3876 3025 3931 Dicatur
3074 3874 3260 3943 itaque
3304 3873 3497 3929 merito

1907 3973 2127 4029 cuilibet
2152 3970 2489 4026 credentium
2521 3986 2535 4022 :
2568 3968 2624 4022 Si
2651 3967 2773 4037 quis
2814 3966 3065 4034 insignis,
3121 3973 3176 4018 et
3222 3964 3497 4018 admiran-

1908 4068 2027 4130 dus,
2058 4075 2113 4120 et
2143 4065 2345 4119 virtute
2375 4069 2602 4117 ornatus
2632 4059 2815 4126 fuerit,
2854 4075 2873 4108 ι
2915 4058 2990 4112 Ex
3021 4071 3107 4110 me
3140 4056 3349 4110 fructus
3371 4061 3496 4109 tuus

1910 4160 2164 4214 inventus
2186 4164 2289 4213 est.
2322 4173 2341 4207 ›

1979 4340 2146 4393 Vens.
2179 4336 2269 4389 Ill.
2303 4334 2434 4400 Quis
2455 4332 2685 4399 sapiens,
2711 4342 2757 4385 et
2783 4327 3031 4398 intelliget
3054 4326 3197 4380 ista?
3224 4334 3313 4378 aut
3339 4322 3496 4375 intr!-

1911 4432 2097 4500 ligens,
2132 4440 2182 4483 ct
2207 4437 2474 4497 cognoscet
2508 4427 2619 4493 ipsa
2640 4428 2665 4480 ?
2687 4423 2811 4493 quia
2838 4432 2992 4475 recta:
3032 4418 3128 4472 vim
3161 4415 3396 4479 Domini,
3450 4425 3499 4468 et

184 4524 353 4591 ρίου,
406 4524 513 4579 καὶ
557 4525 775 4579 δίκαιοι
810 4527 1213 4595 πορεύσονται
1257 4527 1326 4581 ἐν
1353 4528 1604 4595 αὐταῖς·
1647 4530 1702 4584 οἱ
1742 4527 1800 4581 δὲ

1911 4525 2043 4594 justi
2088 4519 2430 4575 ambulabunt
2469 4520 2523 4571 in
2568 4518 2676 4582 eis;
2713 4525 2765 4569 at
2801 4514 2950 4581 impii
2989 4510 3403 4580 inﬁrmabuntur
3444 4506 3500 4559 in

190 4614 441 4682 ἀσεϐεῖς
461 4615 931 4681 ἁσθενήσσυσιν
952 4617 1024 4671 ἐν
1049 4617 1279 4683 αὑταῖς.

263 4707 440 4762 POB’.
486 4706 594 4761 Τὸν
639 4708 889 4760 συνιέντα
944 4708 1100 4761 ταυτὶ
1159 4708 1320 4776 σοφόν
1385 4724 1447 4760 τε
1500 4702 1663 4773 εἶναι,
1718 4707 1814 4760 καὶ

193 4796 585 4851 συνετώτατον
642 4791 702 4850 εῦ
770 4797 915 4867 μάλα
970 4798 1157 4869 φησίν.
1208 4798 1496 4851 Ἔκκειται
1534 4796 1644 4867 γὰρ
1691 4796 1811 4866 οὐχὶ

194 4891 311 4954 τοῖς
373 4888 663 4942 ἐθέλουσιν
721 4889 957 4959 ἑτοίμως
999 4891 1142 4944 ἑλεῖν
1181 4891 1215 4962 ἡ
1262 4890 1373 4944 τῶν
1420 4890 1582 4944 θείων
1615 4889 1813 4957 λογίων

200 4980 541 5053 κατάληψις.
590 4982 731 5035 Ἀλλ’
754 4984 864 5036 οὐδ’
898 4983 965 5037 ἂν
996 4982 1220 5036 δύναιτό
1246 4999 1330 5046 τις
1359 4983 1601 5037 συνιέναι
1639 4998 1812 5053 παρα-

198 5073 389 5144 ϐολὴν,
444 5074 544 5128 καὶ
587 5075 865 5129 σκοτεινὸν
908 5075 1088 5144 λόγον,
1132 5075 1323 5147 ῥήσεις
1358 5091 1421 5127 τε
1456 5073 1661 5144 σοφῶν,
1716 5074 1813 5127 καὶ

201 5165 536 5234 αἰνίγματα,
558 5165 701 5219 κατά
726 5165 789 5219 τὸ
817 5163 1231 5236 γεγραμμένον,
1250 5165 1299 5217 εί
1327 5163 1401 5235 μὴ
1427 5163 1517 5217 διὰ
1548 5164 1645 5235 τῆς
1667 5163 1810 5217 ἄνω-

202 5254 297 5308 θεν
335 5256 654 5329 δᾳδουχίας,
697 5257 938 5328 Χριστοῦ
975 5256 1260 5319 καθιέντος
1302 5256 1382 5319 εἰς
1408 5255 1533 5310 νοῦν
1560 5256 1653 5309 καὶ
1675 5272 1811 5327 καρ-

203 5348 352 5415 δίαν,
371 5345 577 5419 οἷάπερ
595 5351 795 5404 ἀκτῖνα
812 5350 1096 5421 λαμπράν,
1118 5350 1217 5421 τὴν
1242 5366 1318 5402 πα
1328 5348 1374 5420 ρ’
1396 5346 1590 5401 ἐαυτοῦ
1627 5347 1806 5417 χάριν.

206 5442 467 5496 Διδάσκει
511 5444 592 5505 δὲ,
644 5446 729 5496 ὅτι
767 5444 830 5496 τὸ
877 5444 977 5514 μὲν
1018 5442 1278 5496 δύνασθαι
1306 5442 1543 5495 διάττειν
1576 5440 1675 5510 τὴν
1722 5440 1809 5491 ἐπ’

207 5535 365 5600 εὐθὺ,
394 5537 491 5589 καὶ
527 5536 863 5590 ἁνδάνουσαν
895 5536 974 5607 τῷ
1024 5535 1144 5606 Θεῷ
1174 5535 1383 5606 τρίϐον,
1430 5533 1811 5601 ἀταλαίπωρον

209 5629 414 5700 κομιδῇ
456 5628 560 5698 τῆς
607 5631 971 5700 κοσμιότητος
1010 5630 1289 5698 ἐρασταῖς.
1341 5627 1455 5681 Οὐκ
1507 5625 1717 5694 ἄτραχυ
1756 5625 1811 5677 δὲ

288 5806 339 5839 ³³
373 5808 613 5874 lsa.x1.t,
643 5806 734 5862 2'3.
814 5808 859 5839 “
887 5806 1001 5861 .Ier.
1040 5823 1096 5872 Χ,
1142 5806 1228 5860 II.

1310 5805 1353 5837 ³⁵
1382 5803 1519 5858 Psal.
1563 5818 1729 5867 cxvtt,
1764 5804 1850 5855 Η.
1930 5802 1971 5831 ³⁸
2007 5799 2159 5853 Joan.
2210 5813 2297 5863 xv,

1913 4630 2010 4669 €18.

1984 4702 2240 4760 CLXXII.
2271 4702 2374 4770 Qui
2415 4702 2531 4756 lizec
2586 4696 2943 4761 intellexerit,
2992 4692 3291 4763 sapientem
3340 4696 3505 4757 atque

1912 4796 2466 4869 intelligentissimttm
2494 4808 2617 4850 esse
2650 4792 2936 4848 verissime
2968 4786 3245 4858 praedicat.
3275 4784 3488 4838 Divino-

1911 4907 2031 4948 rum
2064 4890 2260 4961 quippe
2289 4886 2636 4942 oraculorum
2674 4879 3091 4951 comprehensio
3124 4893 3233 4934 non
3284 4886 3367 4931 est
3408 4890 3506 4929 ex-

1911 4982 2081 5053 posita
2115 4977 2397 5051 quibusvis
2428 4989 2625 5044 capere
2651 4972 2831 5027 statim
2855 4968 3180 5024 volentibus.
3202 4964 3307 5021 Sed
3331 4975 3507 5031 neque

1910 5074 2083 5146 possit
2116 5072 2238 5144 quis
2268 5068 2574 5139 intelligere
2601 5061 2935 5136 parabolam,
2984 5067 3039 5114 et
3079 5069 3394 5146 sermonem
3421 5062 3505 5106 te-

1914 5145 2284 5227 nebricosum,
2314 5161 2564 5229 dictaque
2591 5156 2921 5227 sapientum,
2956 5161 3009 5207 et
3040 5149 3323 5220 aenigmata
3352 5145 3419 5209 ³⁷,
3446 5152 3505 5199 ιιι

1916 5259 2178 5327 scriptum
2208 5263 2312 5323 est,
2350 5251 2454 5307 nisi
2491 5251 2722 5318 desuper
2744 5245 2948 5300 lumine
2990 5238 3212 5312 praelato
3256 5234 3506 5327 Christus

1920 5352 1973 5405 in
2010 5324 2249 5403 animum
2284 5353 2339 5411 et
2376 5359 2494 5407 cor,
2545 5343 2723 5397 instar
2773 5332 3037 5407 Splendidi
3088 5330 3244 5393 radii,
3271 5324 3502 5396 gratiam

1922 5456 2074 5498 suam
2133 5438 2432 5494 demiserit.
2479 5434 2647 5489 Docet
2694 5442 2859 5501 porro
2910 5421 3184 5481 modestia:
3236 5425 3508 5471 amatores

1924 5542 2128 5588 rectam
2164 5529 2382 5597 Deoque
2404 5526 2709 5597 placentem
2734 5520 2984 5576 semitam
3015 5513 3151 5569 citra
3183 5508 3346 5564 ullam
3386 5519 3508 5597 mo-

1928 5626 2136 5680 lestiam
2179 5637 2241 5674 ac
2266 5595 2503 5673 laborem
2539 5627 2697 5685 posse
2739 5623 2994 5672 currere;
3029 5604 3185 5661 aliter
3220 5600 3400 5655 animo
3430 5595 3512 5650 af-

2462 5793 2505 5824 "
2542 5790 2700 5848 Prov.
2740 5802 2781 5852 ι,
2811 5786 2861 5839 6.
