3982 6450
527 349 636 404 3'27

1526 341 1580 394 S.
1627 338 1893 393 CYRILLI
1939 337 2407 391 ALEXAMZKINI
2449 337 2766 392 ABCIHEP.

3681 343 3788 398 328

525 464 685 521 fectis
709 475 822 516 rem
852 473 970 514 esse
1003 471 1274 527 asperam.
1305 455 1438 510 Nam
1475 456 1578 510 illis
1625 455 1690 508 ad
1735 455 1962 524 quodvis
2011 455 2081 508 bo

2207 453 2265 505 τὸ
2290 455 2478 524 χρῆμά
2507 455 2624 506 ἐστι
2648 457 2762 518 τοῖς
2787 454 2885 526 οὐχ
2907 449 3009 509 ὧδε
3032 455 3212 525 ἔχουσι
3235 455 3481 528 γνώμης.
3517 456 3654 520 Τοὺς
3693 460 3789 528 μὲν

527 571 655 610 num
687 543 878 623 cupida
909 565 971 606 ac
998 558 1243 620 prompta
1271 563 1424 604 mens
1451 548 1590 602 vires
1607 546 1896 612 sumcit,ut
1915 561 2104 616 quant-

523 648 607 702 vis
637 642 980 712 rapidissimo
1022 657 1182 696 cursu
1218 643 1284 694 ad
1339 636 1727 694 conﬁciendam
1764 638 1866 694 sibi
1908 638 2103 692 bonam

523 735 724 790 famam
761 733 1041 798 ferantur,
1075 733 1173 786 hos
1199 740 1378 786 autem
1411 730 1696 800 propensio
1734 740 1787 784 et
1823 728 2103 783 inclinatio

525 828 592 880 ad
615 827 908 895 nequitiam
938 833 993 879 et
1017 835 1321 892 peccatum,
1358 822 1570 876 timidos
1621 832 1676 876 et
1702 819 1948 876 imbelles
1977 819 2100 873 red-

526 917 627 982 dit,
656 930 758 970 nec
785 915 1045 970 habentes
1071 929 1098 968 a
1133 915 1242 968 Deo
1283 912 1424 968 unde
1476 902 1693 967 virtutis
1727 911 1900 967 oﬂicia
1947 924 2104 964 exse-

524 1018 782 1076 quantur,
817 1007 1073 1077 quoniam
1100 1006 1270 1075 ipsam
1301 1022 1327 1057 a
1347 1004 1607 1074 principio
1654 1001 2100 1072 posthabuerunt.

525 1100 912 1166 Quamobrem,
946 1099 991 1153 si
1023 1097 1252 1153 solertes
1283 1112 1472 1152 sumus
1509 1105 1563 1150 et
1607 1095 1862 1163 sapimus,
1909 1108 1938 1147 a
1993 1093 2104 1164 Deo

524 1200 792 1258 petamus,
819 1199 878 1242 ut
905 1204 1022 1258 quae
1042 1190 1198 1243 decet
1224 1203 1385 1259 agere
1435 1187 1722 1256 possimus.
1765 1185 1951 1240 Faciet
1991 1183 2103 1238 voti

525 1289 807 1347 compotes
834 1294 930 1349 pro
962 1291 1133 1344 certo,
1168 1294 1288 1332 cum
1323 1277 1392 1333 sit
1428 1279 1714 1347 benignus,
1745 1284 1796 1328 et
1839 1273 2105 1344 spirituali

525 1375 720 1426 robore
748 1385 840 1437 per
865 1369 1140 1423 Christum
1205 1384 1302 1424 nos
1355 1369 1616 1437 implebit.
1671 1366 1777 1436 Per
1824 1381 1983 1434 quem
2041 1373 2098 1419 et

523 1476 646 1514 cum
683 1475 788 1528 quo
819 1461 926 1514 Deo
975 1471 1030 1514 et
1061 1460 1204 1513 Patri
1243 1461 1434 1530 gloria,
1469 1475 1590 1515 cum
1646 1464 1834 1514 sancto
1869 1457 2097 1527 Spiritu,

522 1551 578 1607 in
607 1566 822 1605 omnem
854 1551 1238 1606 aeternitatem.
1271 1550 1465 1605 Amen.

536 1763 2495 1793 Μ

2206 547 2315 616 γὰρ
2353 549 2386 618 ή
2435 549 2516 610 εἰς
2564 550 2672 602 πᾶν
2707 549 2886 602 ὁτιοῦν
2924 549 3035 602 τῶν
3062 549 3283 617 ἀγαθῶν
3325 549 3512 618 ἔφεσίς
3564 567 3623 602 τε
3695 552 3792 604 καὶ

2207 637 2486 707 προθυμία
2543 638 2837 710 διανευροῖ,
2883 640 2977 692 καὶ
3035 639 3251 709 ἀσχέτῳ
3303 640 3562 710 φέρεσθαι
3612 639 3790 692 πείθει

2205 731 2390 802 δρόμῳ
2417 732 2554 802 πρὸς
2575 732 2636 785 τὸ
2670 732 2845 806 θέλειν
2875 733 3199 802 εὐδοκιμεῖν.
3241 733 3378 794 Τοὺς
3407 732 3464 785 δὲ
3495 731 3656 802 ῥοπὴ,
3696 733 3794 785 καὶ

2203 823 2476 886 διάνευσις
2513 826 2546 894 ἡ
2587 826 2666 887 εἰς
2689 824 3002 895 φαυλότητά
3034 842 3094 877 τε
3135 824 3231 878 καὶ
3259 825 3556 894 ἁμαρτίαν,
3582 824 3794 887 δειλοὺς

2189 915 2300 967 ,καὶ
2341 914 2641 984 ἀνάνδρους
2672 915 3004 984 ἀποφήνειεν
3039 915 3128 982 ἂν,
3153 916 3247 970 καὶ
3272 916 3372 968 οὐκ
3401 916 3622 986 ἔχοντας
3639 914 3794 986 παρά

2207 1004 2346 1057 Θεοῦ
2378 1005 2440 1058 τὸ
2461 1005 2761 1074 κατορθοῦν
2789 1005 3050 1060 δύνασθαι
3093 1006 3191 1077 τὴν
3239 1007 3459 1078 ἀρετὴν,
3495 1008 3576 1060 ὅτι
3614 1006 3689 1078 μὴ
3732 1008 3792 1060 ὲν

2197 1096 2406 1166 ,ἀρχαῖς
2442 1097 2821 1164 τετιμήκασιν.
2865 1096 3097 1159 Οὐκοῦν,
3142 1096 3299 1168 εἰπερ
3351 1097 3519 1166 ἐσμὲν
3546 1095 3793 1165 ἀγχίνοοι

2211 1187 2307 1239 καὶ
2333 1186 2508 1256 σοφοὶ,
2541 1185 2694 1255 παρά
2735 1186 2870 1240 Θεοῦ
2897 1187 2958 1238 τὸ
2979 1186 3240 1240 δύνασθαι
3272 1187 3404 1258 δρᾷν
3439 1186 3476 1240 δι
3509 1187 3793 1257 προσῆκεν

2205 1277 2539 1347 αίτήσωμεν.
2576 1278 2861 1346 Χαριεῖται
2903 1279 2959 1331 δὲ
2977 1278 3214 1341 πάντως,
3267 1278 3647 1348 φιλάνθρωπος
3685 1277 3787 1344 ὣν,

2203 1368 2301 1420 καὶ
2328 1372 2707 1438 πνευματικῆς
2747 1368 2928 1438 ίσχύος
2955 1369 3219 1439 ἐκπλήττει
3265 1370 3352 1422 διὰ
3387 1370 3646 1440 Χριστοῦ.
3707 1371 3790 1423 Δι’

2202 1451 2264 1512 οὗ
2313 1459 2406 1511 καὶ
2447 1459 2565 1528 μεθ’
2589 1453 2649 1512 οῦ
2689 1459 2767 1529 τῷ
2794 1459 2912 1530 Θεῷ
2951 1461 3045 1513 καὶ
3072 1461 3249 1531 Πατρὶ
3273 1462 3306 1532 ἡ
3328 1461 3473 1528 δόξα,
3512 1461 3610 1515 σὺν
3646 1462 3793 1532 ἁγίῳ

2201 1548 2502 1622 Πνεύματι,
2536 1550 2616 1612 εἰς
2647 1551 2774 1614 τοὺς
2801 1550 3004 1615 αἰῶνας
3029 1551 3138 1606 τῶν
3157 1551 3390 1606 αἰώνων.
3434 1552 3625 1623 Ἀμήν.
3677 1618 3680 1620 γ

2497 1763 3774 1794 ω

1247 1943 1476 2031 ΤΟΥ
1555 1945 1702 2030 ΕΝ
1774 1943 2142 2028 ΑΓΙοΙΣ
2205 1879 2652 2030 ¹ΠΑΤΡΟΣ
2729 1945 3060 2036 ΗΜΩΝ

840 2475 2134 2596 ΑΡΧΙΕΠΙΣΚΟΠΟΥ
2257 2467 3463 2630 ΑΛΕΞΑΝΔΡΕΙΑΣ,

1649 2712 2022 2770 ΕΞΗΓΗΣΙΣ
2066 2714 2166 2768 ΥΠ
2166 2715 2468 2775 οΜΝΗΜΑ
2482 2719 2660 2772 ΤῙΚΗ

1021 2909 1286 3040 ΕΙΣ
1369 2905 1718 3041 ΤΟΝ
1793 2906 2748 3039 ΠΡΟΦΗΤΗΝ
2816 2908 3278 3046 ΙΩΗΛ.

962 3489 1052 3531 -
1189 3359 1396 3640 s.
1533 3365 1733 3623 P.
1853 3363 2050 3536 N.

2191 3363 3074 3544 CYBILLI

1613 3677 2085 3738 ALEXANDRIAE
2137 3669 2696 3756 ARCHIEPISCOPI,
2761 3760 2767 3764 .

856 3853 980 3964 IN
1057 3869 1529 3976 JOELEM
1604 3873 2338 3969 PROPHETAM
2417 3879 3446 4016 COMMENTARIUS,

1675 4162 1683 4170 .
1737 4093 2140 4144 CONTINENS
2194 4094 2420 4146 TOMOS
2453 4095 2535 4146 ΙΙ.

919 4403 1651 4495 PROCEMIUM.

578 4549 735 4621 197
784 4547 826 4605 Ι.
860 4549 1116 4605 Divinum
1153 4549 1363 4606 Joelem
1392 4552 1581 4605 eadem
1633 4560 1950 4619 tempestate
1983 4570 2082 4611 va-

503 4639 788 4696 ticinatum
818 4647 1070 4712 apparet,
1105 4654 1211 4709 qua
1241 4641 1424 4711 caeteri
1453 4653 1582 4697 ante
1610 4642 1782 4713 ipsum
1810 4645 2078 4713 collocati,

504 4728 696 4795 Oseas,
727 4729 968 4799 inquam,
993 4738 1048 4783 et
1076 4732 1244 4783 Amos
1276 4730 1628 4798 prophetasse
1675 4731 1899 4804 intelligi
1956 4750 2093 4806 ρος-ς

503 4828 648 4872 sunt.
687 4819 894 4873 Hebraei
921 4832 1154 4886 namque
1177 4832 1281 4871 non
1312 4828 1432 4887 post
1475 4818 1776 4888 Michaeam,
1825 4824 1917 4879 sed
1960 4833 2082 4894 post

501 4906 621 4963 illos
651 4923 679 4960 a
707 4921 793 4961 me
825 4907 1130 4962 nominatos
1183 4911 1488 4980 ponendum
1540 4912 1893 4968 arbitrantur.
1927 4915 2071 4970 Con-

500 4998 766 5067 queritur,
794 5005 853 5051 ut
889 5011 1005 5051 mea
1033 5007 1115 5053 est
1137 5002 1342 5069 opinio,
1381 5017 1542 5071 super
1566 4999 1840 5071 Israelitis,
1869 4997 2072 5074 eosque

497 5086 818 5156 gravissime
850 5085 1168 5153 insectatur,
1205 5091 1461 5159 quoniam
1511 5105 1574 5145 eo
1623 5092 1837 5146 demum
1881 5107 2070 5161 super-

495 5178 599 5233 bire
633 5191 697 5230 ac
747 5179 996 5245 stuporis.
1045 5182 1308 5246 venerint,
1359 5195 1413 5237 et
1463 5183 1536 5236 ita
1593 5197 1807 5238 omnem
1855 5183 2064 5236 dolendi

495 5282 712 5322 sensum
741 5267 1044 5336 amiserint,
1073 5281 1130 5324 ut
1159 5272 1303 5326 nullo
1334 5274 1492 5342 plane
1529 5273 1790 5342 supplicio
1821 5289 1848 5325 a
1877 5287 2067 5342 pecca-

495 5357 567 5411 tis
598 5356 980 5424 reprimantur,
1019 5375 1118 5416 nec
1163 5363 1297 5417 adeo
1337 5365 1566 5428 crebris,
1609 5374 1662 5418 et
1707 5357 1916 5418 tantum
1960 5381 2064 5419 non

495 5447 761 5504 acet-vatis
792 5447 1185 5506 calamitatibus
1216 5461 1622 5523 expugnentur,
1663 5459 1876 5524 quando
1924 5465 2064 5510 tem-

492 5551 595 5607 pIts
619 5537 792 5592 adhuc
821 5540 1018 5596 nullum
1050 5545 1322 5610 inciderit,
1371 5561 1480 5614 quo
1528 5546 1610 5601 vel
1659 5547 1989 5616 aliquantum
2036 5565 2064 5601 a

493 5625 729 5682 miseriis
756 5631 1096 5698 requiescere
1124 5634 1355 5690 licuerit.
1391 5635 1618 5690 Constat
1662 5653 1823 5706 porro
1870 5638 2063 5694 Isaiam

496 5731 710 5788 quoque
737 5720 790 5776 in
844 5724 1088 5779 eamdem
1141 5726 1467 5782 sententiam
1504 5731 1764 5789 locutum.
1809 5749 1830 5785 ι
1893 5732 2063 5790 Iratus

2115 4407 2165 4462 Β

2648 4401 3311 4497 ΠΡΟΟΙΜΙΟΝ.

2260 4557 2598 4628 Προφητεύει
2630 4560 2729 4631 μὲν
2768 4562 2797 4614 ὁ
2823 4561 3105 4627 θεσπέσιος
3150 4564 3301 4635 Ἰωὴλ
3328 4565 3387 4618 ὲν
3428 4565 3659 4637 χρόνοις,
3686 4570 3760 4637 ὡς

2187 4647 2353 4715 ἔοικε,
2392 4649 2513 4703 καθ’
2552 4651 2644 4715 οὓς
2683 4653 2750 4706 ἂν
2780 4655 2981 4707 νοοῖντο
3020 4654 3114 4707 καὶ
3148 4657 3198 4707 oi
3228 4655 3335 4726 πρὸ
3375 4657 3539 4710 αὐτοῦ
3570 4677 3761 4730 τεταγ-

2187 4739 2360 4810 μένοι,
2381 4739 2471 4793 τὸν
2501 4741 2657 4812 Ὠσηὲ
2681 4743 2738 4796 δέ
2767 4760 2930 4814 φημι,
2953 4745 3046 4797 καὶ
3071 4747 3253 4815 μέντοι
3298 4748 3392 4800 καὶ
3418 4747 3511 4802 τὸν
3555 4750 3758 4822 Ἀμώς.

2182 4834 2341 4895 Δοκεῖ
2388 4832 2497 4901 γὰρ
2537 4834 2806 4904 Ἑϐραίοις
2836 4837 2897 4889 οὐ
2948 4838 3089 4908 μετά
3124 4855 3187 4906 γε
3225 4839 3315 4892 τὸν
3351 4841 3612 4911 Μιχαίαν,
3645 4844 3763 4898 ἀλλ’

2180 4925 2409 4987 ἐκείνοις
2430 4923 2592 4979 αὐτὸν
2620 4930 2977 4999 συντετάχθαι
3005 4929 3132 4986 δεῖν.
3166 4933 3542 5004 Καταγορεύει
3574 4935 3653 4999 δὲ,
3684 4936 3761 5000 ὥς

2178 5014 2240 5080 γὲ
2275 5031 2364 5083 μοι
2403 5014 2674 5083 φαίνεται,
2702 5019 2810 5073 τῶν
2839 5021 2900 5085 ἐξ
2944 5021 3182 5093 Ἰσραὴλ,
3215 5025 3308 5076 καὶ
3339 5024 3597 5097 πλείστην
3625 5029 3758 5098 ὅσην

2175 5104 2352 5158 αὐτῶν
2376 5109 2606 5160 ποιεῖται
2634 5109 2926 5182 καταϐοὴν,
2951 5113 3025 5176 ὼς
3053 5116 3133 5177 εἰς
3151 5114 3308 5168 τοῦτο
3331 5115 3516 5168 λοιπὸν
3541 5119 3759 5188 ἀγερω·

2173 5195 2296 5264 χίας
2319 5197 2555 5266 ίγμένων
2579 5200 2919 5272 ἀποπληξίας
2961 5222 3022 5258 τε
3050 5206 3144 5259 καὶ
3168 5207 3518 5278 ἀναλγησίας,
3546 5210 3623 5272 ὡς
3650 5211 3755 5263 ὑπὸ

2177 5285 2403 5355 μηδενὸς
2431 5293 2757 5361 τοπαράπαν
2786 5296 3189 5351 ἀνακόπτεσθαι
3227 5297 3337 5352 τῶν
3365 5300 3573 5364 κακῶν,
3612 5304 3752 5372 μήτε

2177 5378 2276 5448 μὲν
2303 5382 2421 5443 ταῖς
2473 5380 2615 5435 οὕτω
2645 5386 2874 5453 συχνῶς,
2906 5391 3186 5460 μονονουχὶ
3235 5390 3291 5443 δὲ
3341 5393 3434 5444 καὶ
3468 5395 3753 5464 στοιχηδὸν

2173 5469 2625 5542 ὲπενηνεγμένοις
2666 5477 2929 5543 ἡττᾶσθαι
2967 5485 3292 5551 συμφοραῖς,
3326 5483 3503 5535 καίτοι
3552 5485 3749 5555 χρόνου

2175 5558 2398 5626 μηδενὸς
2445 5563 2944 5631 παρεισδεδυκότος,
2988 5571 3109 5622 καθ’
3147 5571 3206 5625 ὃν
3257 5573 3612 5642 ἀναφαίνοιτό
3665 5593 3750 5638 τις

2163 5647 2488 5714 ἀνάπνευσις
2535 5650 2627 5704 τοῦ
2675 5655 2870 5720 κακοῦ,
2901 5659 3004 5711 κᾶν
3047 5659 3177 5727 γοῦν
3222 5662 3469 5734 βραχεῖα,
3516 5682 3746 5738 γεγενη-

2168 5735 2321 5806 μένη.
2364 5739 2682 5812 Εὑρήσομεν
2719 5744 2776 5797 δὲ
2821 5748 2916 5801 καὶ
2961 5749 3188 5807 Ἡσαΐαν
3214 5753 3301 5807 διὰ
3344 5754 3454 5808 τῶν
3495 5757 3628 5810 ἰσων
