3982 6500
311 265 420 322 5‘29

1234 273 1788 332 COMMENTARIUS
1825 276 1891 331 IN
1930 278 2198 337 JOELEM
2237 281 2688 340 PROPHETAM.

3498 294 3605 352 330

314 400 428 450 γων
465 384 944 455 ἑρχόμενον.”Εφη
970 385 1076 456 γάρ
1097 404 1107 415 ·
1140 405 1157 437 ι
1194 389 1303 441 Καὶ
1337 390 1594 461 ἐθυμώθη
1626 392 1762 464 ὀργῇ
1796 395 1906 446 Κύ-

2019 406 2117 463 est,
2149 398 2344 468 inquit,
2377 399 2527 452 furor
2560 397 2769 454 Domini
2802 397 3038 453 Sabaoth
3065 399 3118 452 in
3139 400 3392 469 pepulum
3422 419 3601 472 suum,

316 494 432 548 ριος
466 477 702 529 Σαϐαὼθ
754 478 846 530 ἐπὶ
883 478 972 530 τὸν
1000 479 1128 531 λαὸν
1179 481 1368 545 αὑτοῦ,
1411 484 1505 536 καὶ
1545 485 1778 538 ἐπέϐαλε
1815 487 1913 556 τὴν

311 568 472 639 χεῖρα
523 567 691 627 αὑτοῦ
727 567 813 620 ἐπ’
857 568 1072 631 αὐτούς.
1121 587 1139 620 ι
1181 571 1292 623 Καὶ
1337 573 1453 640 μετ’
1500 573 1717 642 ὀλίγον·
1757 595 1774 624 ς
1828 577 1914 630 Ἐν

311 661 451 712 πᾶσι
485 658 703 722 τούτοις
729 660 829 714 οὐκ
859 661 1187 733 ἀπεστράφη
1220 665 1247 716 6
1271 662 1444 734 Θυμὺς
1472 666 1659 727 αὑτοῦ,
1692 668 1808 721 ἀλλ’
1833 669 1914 724 ἔτι

308 753 341 822 ή
377 751 504 822 χεὶρ
545 751 716 805 αὑτοῦ
751 751 950 823 ὑψηλή.
991 771 1011 805 ι
1043 754 1262 825 Συνίης,
1301 756 1452 820 ὅπως
1493 757 1652 812 τοῦτο
1693 762 1914 816 κάκεῖνο

309 843 646 908 πεπόνθασι,
699 845 793 898 καὶ
830 847 862 914 ἠ
898 845 994 898 τοῦ
1042 846 1296 910 παίοντος
1329 849 1448 920 χεὶρ
1491 851 1914 925 ἀπομεμένηκεν

307 933 520 1006 ὑψηλὴ,
554 935 636 999 ὡς
664 936 787 989 ὅσον
813 935 967 990 οὗπω
994 939 1088 991 καὶ
1114 940 1306 1010 ἐτέρας
1333 942 1518 1006 αὐτοῖς
1541 945 1915 1000 ὲπαπειλοῦσα

309 1027 555 1097 πληγάς.
593 1028 806 1098 ’Ὁνπερ
843 1029 952 1101 γὰρ
996 1030 1196 1099 τρόπον
1223 1034 1291 1085 τὰ
1316 1033 1427 1087 τῶν
1468 1035 1656 1088 παθῶν
1687 1037 1914 1092 δυσίατα

302 1121 370 1172 οὐ
413 1122 548 1190 μιᾶς
596 1120 712 1173 ἔσθ’
752 1121 841 1174 ὅτε
869 1121 1040 1174 δεῖται
1085 1123 1284 1194 τομῆς,
1320 1125 1436 1180 ἀλλ’
1481 1127 1562 1180 ἔτι
1614 1129 1873 1186 πλειόνων
1898 1149 1911 1162 ·

305 1210 456 1264 οὕτω
499 1214 598 1266 καὶ
635 1214 665 1264 ὁ
694 1213 1034 1285 ἀνθρώπινος
1073 1214 1200 1278 νοῦς
1233 1219 1313 1280 είς
1345 1217 1459 1283 ’ἐξιν
1489 1220 1641 1290 ἥκων
1678 1222 1916 1293 ἀναλγη-

308 1303 459 1366 σίας,
497 1303 840 1374 συχνοτέρας
859 1305 1029 1359 δεῖται
1067 1307 1304 1379 πληγῆς,
1338 1311 1777 1385 ὰνακομιζούσης
1814 1318 1911 1387 μό-

308 1397 394 1460 λις
427 1397 514 1461 εἴς
543 1413 610 1466 γε
639 1397 901 1452 δύνασθαι
942 1399 1130 1454 λοιπὸν
1163 1402 1467 1473 ἀναμαοεῖν
1511 1408 1829 1476 ἐπείγεσθαι
1853 1413 1915 1466 τὸ

307 1487 506 1541 τελοῦν
527 1489 610 1551 εἰς
638 1488 847 1559 ὀνησιν.
893 1489 1079 1543 Ἔοικε
1099 1491 1281 1547 τοίνυν
1318 1494 1492 1565 Ἰωὴλ,
1531 1497 1604 1560 ὼς
1634 1498 1727 1552 ἐπὶ
1764 1500 1915 1554 πλεί-

309 1597 470 1644 σταις
513 1579 621 1650 ἠδη
681 1581 920 1651 πληγαῖς
955 1583 1316 1655 ἀνουθετήτου
1380 1591 1754 1660 μεμενηκότος
1818 1593 1912 1647 τοῦ

318 1672 570 1743 Ἰσραὴλ,
625 1673 898 1726 ποιεῖσθαι
943 1674 1125 1745 σοφῶς
1159 1675 1260 1747 τὴν
1306 1679 1618 1752 ἐπίπληξιν.
1663 1684 1913 1755 Συμϐου-

308 1762 461 1816 λεύει
479 1781 543 1817 τε
566 1763 708 1835 ἅμα,
733 1764 803 1818 τὰ
818 1765 1015 1836 αἰσχίω
1039 1767 1326 1837 μεθέντας,
1350 1776 1680 1846 μεταφοιτᾷν
1697 1777 1912 1832 ἑλέσθαι
1951 1757 1991 1812 Β

309 1857 453 1928 πρὸς
491 1858 552 1910 τὸ
595 1858 795 1929 ἡδύνον
841 1859 995 1916 Θεόν.
1043 1862 1391 1933 Προσεπάγει
1438 1883 1502 1935 γε
1537 1869 1643 1939 μὴν
1680 1871 1912 1926 καὶτῶν

303 1951 388 2002 ὅτι
422 1948 670 2020 μάλιστα
718 1951 992 2020 φιλτάτων
1041 1954 1227 2019 αὐτοῖς
1264 1956 1361 2029 τὴν
1403 1959 1719 2031 ὑπόσχεσιν,
1755 1963 1912 2037 εἴπερ

306 2042 520 2095 ἕλοιντο
557 2046 869 2113 μετανοεῖν.
901 2044 1011 2099 Καὶ
1036 2046 1118 2099 ὅτι
1163 2047 1408 2120 χρηστῷ,
1439 2052 1533 2103 καὶ
1563 2056 1911 2128 ήμερωτάτῳ

307 2135 734 2206 περιτεύξονται
751 2135 829 2207 τῷ
851 2139 1125 2211 Δεσπότῃ,
1150 2141 1332 2195 δίδωσι
1358 2143 1602 2215 θαρρεῖν.
1619 2144 1786 2212 Οὗτος
1811 2150 1910 2220 μὲν

306 2224 400 2279 οὖν
435 2227 563 2291 ὅλος
597 2228 700 2299 τῆς
741 2229 1079 2300 προφητείας
1123 2232 1152 2283 ὁ
1191 2234 1413 2299 σκοπός.
1447 2237 1694 2293 Ἕκαστα
1722 2240 1779 2293 δὲ
1802 2241 1911 2295 τῶν

307 2319 392 2388 ἐφ’
423 2320 558 2392 ἑξῆς
600 2320 707 2374 ἀνὰ
741 2322 907 2393 μέρος
947 2323 1203 2395 ἐροῦμεν,
1234 2329 1354 2390 ταῖς
1393 2328 1502 2381 τῶν
1535 2333 1908 2405 προκειμένων

309 2411 571 2484 θεωρίαις
598 2413 699 2466 ἐπό
707 2431 879 2484 μενοι.

647 2540 1037 2628 ΤΟΜΟΣ
1102 2543 1576 2632 ΠΡΩΤΟΣ.

915 2701 1170 2757 ΚΕΦΛΛ.
1214 2702 1291 2756 A'.

374 2811 576 2881 Λόγος
626 2813 871 2881 Κϊριόυ,
914 2812 983 2879 ὃς
1041 2813 1297 2884 ἐγενήθη
1355 2815 1504 2884 πρὸς
1553 2816 1745 2886 Ἰωήλ,
1801 2819 1909 2874 τὸν

307 2901 414 2955 τοῦ
450 2901 759 2969 Βαθουήλι

377 2995 454 3047 B'.
494 2995 669 3062 Λόγον
721 2996 856 3050 Θεοῦ
898 3015 1034 3067 φησι
1089 2998 1418 3070 γεγενῆσθαι
1459 3001 1592 3071 πρὸς
1645 3002 1836 3056 ἑαυτὸν
1877 3005 1906 3056 6

307 3087 621 3155 προφήτης,
653 3087 742 3140 ἵνα
778 3091 845 3159 τῇ
879 3089 1189 3160 προφητείᾳ
1221 3091 1320 3160 τὴν
1372 3091 1554 3145 πίστιν
1583 3093 1908 3164 προσνέμω-

308 3196 430 3249 μεν,
480 3179 773 3250 ἀραρότως
811 3181 1170 3252 διακείμενοι,
1224 3183 1319 3236 καὶ
1360 3183 1782 3257 τεθαρρηκότες,
1826 3187 1908 3240 ὅτι

304 3273 530 3336 πάντως
557 3275 638 3336 είς
674 3273 850 3342 πέρας
876 3275 1172 3347 ἐκϐήσεται
1196 3277 1266 3331 τὰ
1289 3278 1731 3349 προηγγελμένα.
1764 3278 1908 3350 Πρὸς

301 3363 468 3416 τοῦτο
497 3364 650 3434 ἡμᾶς
689 3364 919 3434 ἐμπεδοῖ
943 3367 1118 3436 λέγων
1143 3369 1234 3422 καὶ
1265 3369 1428 3432 αὐτὸς
1450 3371 1479 3422 6
1520 3370 1710 3440 Σωτήρ
1731 3385 1744 3398 ·
1788 3387 1806 3421 ι
1843 3371 1908 3422 Ol

303 3456 456 3524 λόγοι
486 3473 591 3527 μου
618 3456 679 3510 οὐ
716 3458 792 3528 μὴ
818 3459 1158 3530 παρέλθωσι.
1197 3479 1216 3513 ι
1253 3461 1458 3532 Χρῆμα
1487 3461 1597 3532 γὰρ
1630 3461 1751 3530 οὐχὶ
1777 3459 1908 3529 ψευ-

299 3549 501 3612 δδεπές
531 3551 564 3619 ή
610 3549 860 3620 ἀλήθεια,
897 3552 989 3604 καὶ
1016 3553 1155 3624 ὅπερ
1186 3552 1252 3607 ἂν
1284 3553 1419 3626 λέγῃ
1438 3555 1468 3606 6
1489 3552 1644 3618 Θεὸς,
1675 3553 1906 3624 ἀτρεκὲς

300 3641 460 3695 ἔσται
487 3641 728 3706 πάντως.
767 3643 941 3707 Αὐτὸς
978 3645 1088 3716 γάρ
1127 3646 1275 3699 ἐστιν
1301 3648 1328 3699 6
1359 3644 1520 3699 ἱστῶν
1561 3645 1750 3716 ῥήσεις
1782 3661 1907 3699 παι·

299 3731 391 3795 ὣς
428 3733 624 3795 αὐτοῦ,
661 3735 757 3790 καὶ
778 3735 878 3806 τὴν
904 3735 1100 3809 βουλὴν
1125 3737 1232 3792 τῶν
1271 3736 1520 3806 ἀγγέλων
1562 3735 1731 3792 αὑτοῦ
1766 3736 1902 3808 ἀλη-

299 3825 504 3881 θεύων.
538 3827 753 3882 Οὐκοῦν
783 3828 1203 3901 εὐτεχνέστατα,
1237 3832 1330 3885 καὶ
1361 3829 1542 3900 σοφῶς
1574 3829 1776 3898 ἐξαιτεῖ
1802 3831 1903 3902 τὴν

297 3919 494 3972 πίστιν
521 3920 651 3982 τοὺς
671 3920 1081 3993 ἀκροωμένους,
1112 3923 1194 3976 ὃτι
1223 3922 1298 3993 μὴ
1320 3922 1464 3976 κατὰ
1483 3939 1636 3986 τινας
1664 3924 1748 3994 εἴη
1769 3920 1904 3992 ψευ-

297 4010 526 4082 δοεπὴς,
569 4011 602 4083 ἢ
639 4013 704 4065 ἐκ
735 4013 965 4084 καρδίας
1002 4013 1064 4067 τὸ
1091 4013 1282 4067 δοκοῦν
1329 4012 1648 4085 ἀναφέρων,
1689 4013 1806 4067 ἀλλ’
1836 4015 1901 4068 ἐκ

299 4103 582 4172 στόματος
609 4103 817 4176 Κυρίου
839 4103 1016 4158 λαλῶν
1039 4106 1097 4158 ἐν
1118 4104 1407 4175 πνεύματι,
1441 4104 1754 4173 σαφέστατα
1778 4104 1903 4158 διει-

300 4196 445 4254 πών.
480 4197 818 4268 Πρόσκειται
865 4197 922 4251 δὲ
968 4196 1284 4267 ἀναγκαίως
1320 4216 1338 4248 ι
1370 4198 1400 4250 6
1447 4195 1712 4268 Βαθουὴλ,
1756 4215 1774 4249 ι
1813 4197 1900 4251 ἵνα

303 4288 380 4358 μή
418 4302 510 4350 τις
552 4286 742 4357 ἕτερος
779 4285 913 4358 παρ’
946 4285 1110 4339 αὐτὸν
1159 4287 1332 4338 νοοῖτο
1364 4285 1455 4338 τὸν
1503 4285 1677 4356 Ἰωήλ.
1703 4286 1900 4340 Πολλοὶ

303 4381 404 4450 μὲν
429 4379 542 4450 γὰρ
571 4379 966 4449 ἀναμφιλόγως
1004 4382 1070 4451 τῇ
1102 4378 1328 4452 τοιαύτῃ
1358 4379 1548 4450 κλήσει
1580 4378 1900 4449 κατωνομὰ-

300 4471 459 4535 ζοντο
481 4488 498 4502 ο
542 4471 803 4541 γεγόνασι
839 4471 896 4525 δὲ
933 4471 994 4524 οὐ
1036 4471 1237 4533 πάντες
1288 4474 1354 4525 ἐκ
1393 4470 1656 4542 Βαθουήλ.
1692 4470 1896 4541 Ἀσφα-

299 4561 452 4626 λείας
481 4561 549 4632 δὴ
573 4559 688 4630 οὖν,
716 4563 794 4626 ὡς
819 4557 1058 4635 ἐγῷμαι,
1091 4562 1252 4634 χάριν
1277 4563 1706 4634 προσενήνεκται
1737 4563 1900 4618 πάλιν

227 4647 249 4683 7"
297 4657 327 4708 6
351 4653 626 4725 Βαθουήλ.

383 4743 721 4798 Ἀκούσατε
771 4743 981 4807 ταῦτα,
1027 4747 1080 4799 οἱ
1109 4744 1520 4813 πρεσϐύτεροι,
1552 4743 1653 4798 καὶ
1699 4743 1903 4798 ἐνωτί-

296 4839 523 4900 σασθε,
558 4833 785 4903 πάντες
813 4839 866 4890 ol
913 4836 1336 4903 κατοικοῦντες
1362 4836 1478 4905 τὴν
1517 4833 1668 4907 τῆν’
1706 4837 1761 4891 εί
1806 4835 1901 4904 τέ-

297 4944 443 4999 τονε
490 4928 737 4984 τοιαῦτα
784 4929 854 4981 ἐν
885 4928 1015 4995 ταῖς
1063 4929 1310 4998 ἡμέραις
1353 4929 1540 4999 ὑμῶν,
1572 4930 1612 4999 ἢ
1649 4931 1719 4982 ἐν
1768 4930 1898 4998 ταῖς

299 5017 556 5086 ἡμέραις
586 5015 707 5072 τῶν
749 5018 1026 5086 πατέρων
1070 5018 1256 5087 ὑμῶν.
1303 5019 1481 5088 ’Υπὲρ
1524 5018 1724 5073 αὐτῶν
1773 5019 1898 5086 τοῖς

297 5108 539 5174 τέκνοις
586 5107 754 5178 ὑμῶν
787 5109 1184 5180 διηγήσασθε,
1227 5111 1326 5164 καὶ
1378 5112 1450 5166 τὰ
1494 5111 1675 5166 τέκνα
1729 5112 1898 5182 ὑμῶν

298 5199 422 5264 τοῖς
472 5198 708 5266 τέκνοις
758 5201 979 5269 αὐτῶν,
1011 5202 1109 5256 καὶ
1138 5201 1209 5256 τὰ
1241 5203 1421 5256 τέκνα
1460 5204 1659 5259 αὐτῶν
1681 5209 1769 5272 εἰς
1799 5223 1898 5276 -γε-

297 5291 449 5343 νεᾶν
484 5289 717 5360 ἑτέραν.

396 5384 474 5438 Γ’.
527 5384 830 5457 Ἀποφέρει
884 5386 1024 5456 πρὸς
1074 5386 1413 5458 ἀρχαιότητα
1459 5389 1665 5460 καιρῶν
1711 5408 1768 5444 τε
1809 5390 1903 5443 καὶ

302 5475 530 5547 μνήμης
569 5475 698 5540 τοὺς
732 5478 1133 5548 γεγηρακότας,
1172 5479 1266 5532 καὶ
1295 5478 1696 5548 διενθυμεῖσῢαι
1729 5498 1901 5552 προσ-

293 5567 520 5636 τεταχε,
553 5567 686 5620 πότε
714 5567 778 5636 δὴ
819 5567 928 5638 ἄρα
952 5569 1046 5620 καὶ
1087 5567 1180 5620 ἐπὶ
1220 5570 1331 5620 τίσι
1361 5567 1643 5621 τεΟέανται
1684 5569 1754 5622 τὰ
1788 5569 1899 5634 ἴσα,

373 5730 418 5761 ³⁸
457 5729 559 5786 lsa.
594 5746 650 5796 v,
683 5730 772 5785 25.
853 5731 900 5761 ³⁸
942 5731 1071 5786 ibid.
1151 5731 1195 5762 ⁸⁸
1235 5730 1428 5785 Matth.
1469 5748 1614 5800 xxtv,
1652 5731 1740 5788 55.

633 5828 910 5890 PATROL.
961 5825 1078 5886 Gn.
1171 5824 1397 5885 LXXI.

2018 501 2069 543 et
2102 493 2347 546 extendit
2381 508 2600 546 manum
2643 508 2795 546 suam
2845 506 3006 562 super
3034 508 3158 547 eum
3207 493 3272 562 ³⁸,
3317 513 3334 546 ι
3375 507 3485 554 etc.
3541 502 3606 552 Et

2018 582 2178 650 paulo
2207 592 2328 651 post
2365 602 2377 637 :
2413 601 2431 635 ι
2470 583 2524 637 In
2559 585 2642 638 bis
2669 583 2920 638 omnibus
2945 599 3050 638 non
3079 584 3241 658 198
3270 595 3352 640 est
3383 602 3607 645 aversus

2019 675 2168 727 furor
2191 675 2327 741 eius,
2359 679 2454 730 sed
2489 676 2663 730 adhuc
2695 693 2888 730 manus
2906 675 3022 744 ejus
3047 679 3256 732 excelsa
3288 679 3387 734 ³³.»
3420 682 3607 737 Anim-

2017 765 2255 842 advertis
2312 769 2584 835 quomodo
2619 769 2764 821 aliud
2813 769 3066 838 aliudque
3085 770 3281 826 malum
3311 775 3606 844 perpessis,

2018 870 2210 910 manus
2238 857 2482 913 ferientis
2511 859 2687 913 adhuc
2731 875 2997 928 suspensa
3032 865 3413 930 permanserit,
3446 867 3602 934 quasi

2011 947 2234 1018 jamjam
2301 950 2486 1020 plagas
2544 964 2712 1006 novas
2772 952 3068 1010 inllictura.
3137 955 3602 1021 Quemadmodum

2017 1038 2160 1092 enim
2193 1041 2259 1095 ad
2288 1043 2506 1096 morbos
2527 1053 2717 1097 curatu
2749 1041 2999 1100 diﬁiciles
3030 1060 3134 1100 non
3179 1063 3340 1102 unam
3395 1058 3601 1103 tantum

2018 1131 2338 1197 sectionem,
2373 1133 2468 1188 sed
2511 1135 2692 1203 plures
2744 1135 3014 1191 interdum
3061 1154 3284 1194 necesse
3330 1149 3411 1196 est
3450 1142 3605 1197 adbi-

2018 1217 2176 1284 bere,
2226 1219 2298 1274 ita
2345 1236 2498 1276 mens
2534 1223 2801 1288 humana,
2839 1224 3148 1283 indolentia:
3184 1238 3405 1300 torpore
3437 1247 3602 1302 supe-

2018 1319 2173 1377 rata,
2223 1310 2576 1380 frequentiori
2612 1314 2768 1386 plaga
2819 1321 3086 1386 tangenda
3130 1328 3235 1386 est,
3281 1333 3337 1375 ut
3381 1325 3602 1380 tandem

2017 1411 2290 1468 revocata,
2327 1403 2394 1456 de
2440 1403 2653 1473 integro
2685 1405 2893 1461 discere
2953 1417 3120 1477 queat
3166 1425 3274 1480 quo
3335 1421 3495 1480 pacto
3550 1416 3601 1469 in

2017 1499 2293 1557 posterum
2324 1493 2585 1561 utilitates
2610 1510 2737 1550 snas
2785 1508 3166 1570 persequatur.
3214 1501 3439 1561 Videtur
3473 1523 3604 1576 ergo

2017 1583 2133 1638 Joel
2186 1585 2485 1652 lsraelitas,
2524 1595 2782 1656 tanquam
2834 1591 2924 1660 qui
2982 1593 3350 1662 Compluribus
3422 1596 3601 1654 allecti

2016 1676 2336 1731 vulneribus
2369 1679 2722 1733 admonitioni
2770 1679 2945 1737 locum
2980 1685 3205 1739 necdum
3263 1689 3600 1759 reliquerint,

2023 1768 2301 1837 sapienter
2353 1768 2665 1841 obiurgare.
2726 1771 2933 1828 Suadet
2982 1775 3108 1829 item
3158 1791 3219 1831 ea
3263 1777 3366 1833 illis
3403 1781 3605 1850 ample-

2021 1861 2236 1923 ctenda,
2281 1876 2400 1931 qua:
2437 1862 2604 1916 Dcum
2655 1863 2890 1930 leniant,
2923 1874 2978 1919 et
3025 1882 3204 1921 rerum
3237 1873 3604 1937 optatissima-

2023 1968 2140 2006 rum
2170 1955 2441 2022 promissa
2467 1955 2737 2026 adiungit,
2772 1956 2817 2011 si
2861 1957 2926 2012 ad
2973 1960 3352 2028 paenitentiam
3388 1964 3517 2019 dare
3544 1981 3606 2020 se

2020 2047 2310 2113 voluerint,
2343 2047 2883 2120 clementissimoque
2930 2065 2994 2106 ac
3038 2052 3331 2108 mitissimo
3373 2055 3602 2111 Domino

2019 2152 2238 2202 usuros,
2273 2138 2523 2192 ﬁduciam
2561 2140 2753 2208 injicit.
2787 2140 2966 2210 Atque
2998 2141 3086 2196 hic
3119 2152 3264 2197 totus
3307 2146 3604 2216 prophetia:

2019 2245 2217 2298 scopus
2246 2246 2311 2285 ac
2348 2229 2470 2286 ﬁnis
2494 2241 2598 2286 est.
2634 2220 2898 2304 Deinceps
2933 2234 3164 2308 singula,
3211 2252 3277 2293 eo
3311 2255 3420 2306 quo
3472 2256 3604 2310 pro-

2019 2320 2192 2390 posita
2229 2329 2356 2376 sunt
2393 2324 2585 2378 ordine
2608 2326 3046 2396 considerantes,
3094 2331 3462 2398 particulatim
3507 2350 3598 2390 ex-

2016 2413 2252 2483 planare
2279 2417 2683 2487 aggrediemur.

2353 2545 2758 2639 TOMUS
2832 2551 3250 2643 PRIOR.

2702 2695 2852 2751 CAP.
2896 2697 2935 2751 1.

2088 2807 2254 2862 Vrsas.
2283 2809 2332 2861 l.
2371 2807 2599 2861 Verbum
2639 2808 2850 2863 Domini
2877 2813 3014 2881 quod
3044 2815 3244 2884 factum
3270 2826 3343 2871 est
3369 2818 3441 2872 ad
3457 2818 3601 2888 Joel,

2013 2901 2185 2972 ﬁlium
2220 2899 2467 2954 Bal/mel.

2085 2992 2151 3046 11.
2200 2993 2432 3046 Verbum
2491 2992 2582 3048 Dei
2627 2993 2694 3047 ad
2737 3009 2794 3048 se
2844 2994 3044 3050 fartum
3094 2997 3169 3050 ait
3212 2999 3492 3069 prOpbeta,
3546 3013 3606 3056 ut

2014 3085 2462 3155 praedictionibus
2507 3083 2624 3154 ejus
2672 3087 2828 3142 ﬁdem
2885 3091 3227 3154 tribuamus,
3277 3093 3477 3148 animis
3541 3105 3603 3150 ιιι

2017 3180 2170 3233 decet
2225 3177 2426 3245 allecti,
2465 3189 2522 3233 et
2567 3180 2926 3248 conﬁdentes,
2958 3183 3138 3236 omnia
3178 3197 3300 3252 quae
3348 3200 3603 3255 praenun-

2019 3272 2248 3334 tiantur,
2296 3279 2580 3324 eventura.
2636 3273 2694 3326 In
2730 3273 2835 3328 hoc
2884 3289 2982 3328 nos
3028 3274 3156 3329 item
3196 3273 3448 3332 Salvator
3485 3278 3604 3348 ipse

2017 3363 2329 3440 conﬁrmat,
2387 3364 2681 3432 inquiens:
2742 3382 2761 3416 ι
2801 3363 2978 3420 Verba
3039 3381 3158 3421 mea
3211 3383 3317 3422 non
3379 3378 3600 3440 prwter-

2016 3435 2171 3510 ibunt
2214 3454 2283 3511 "°.
2320 3475 2338 3507 ι
2384 3455 2604 3513 Veritas
2659 3459 2862 3528 quippe
2915 3473 3021 3514 non
3061 3467 3144 3514 est
3189 3435 3507 3532 falsiloqua;
3547 3473 3606 3518 ct

2014 3550 2158 3618 quod
2188 3549 2329 3604 Deus
2359 3549 2580 3615 dixerit,
2609 3551 2920 3607 certissimo
2952 3552 3074 3620 ﬁet;
3096 3553 3208 3622 ipse
3237 3554 3600 3624 estsiquidem

2019 3658 2038 3691 ‹
2074 3641 2348 3696 suscitans
2375 3643 2602 3698 verbum
2639 3642 2784 3698 servi
2816 3644 2922 3709 sui,
2965 3651 3020 3698 et
3055 3643 3345 3698 consilium
3381 3646 3602 3701 nuntio-

2016 3745 2138 3785 rum
2206 3747 2430 3788 suorum
2483 3735 2777 3790 veriﬁcans
2821 3735 2890 3788 ⁸⁸.
2940 3752 2959 3786 ι
2995 3734 3360 3802 Quamobrem
3404 3736 3594 3793 scitis-

2014 3824 2154 3878 sime
2207 3825 2445 3892 postulat
2503 3827 2785 3882 audientes
2848 3826 3071 3882 credere
3103 3865 3119 3893 ,
3174 3843 3279 3883 non
3340 3841 3399 3882 se
3446 3843 3601 3884 more

2011 3917 2372 3984 quorumdam
2403 3917 2750 3988 vaniloquum
2787 3933 2912 3973 esse
2935 3919 3002 3983 ι’,
3039 3933 3140 3974 nec
3179 3919 3245 3974 de
3281 3920 3446 3974 corde
3474 3935 3599 3984 suo,

2012 4009 2155 4076 quod
2218 4007 2321 4062 sibi
2364 4008 2541 4062 visum
2602 4009 2676 4062 sit
2733 4009 3089 4077 depromere,
3142 4025 3329 4065 verum
3382 4025 3448 4065 ex
3503 4025 3602 4066 ore

2013 4100 2225 4155 Domini
2263 4139 2279 4164 ,
2349 4099 2400 4155 in
2453 4100 2645 4168 spiritu
2712 4100 2877 4154 verba
2936 4099 3118 4155 facere
3155 4140 3170 4165 ,
3237 4101 3600 4170 liquidissime

2013 4193 2356 4248 testiﬁcatur.
2423 4192 2746 4248 Necessario
2810 4199 2990 4246 autem
3035 4191 3287 4259 addidit,
3342 4211 3361 4244 ι
3424 4193 3594 4247 lilium

2008 4283 2276 4352 Balliuel,
2328 4305 2346 4335 ι
2401 4301 2467 4339 ne
2514 4283 2651 4338 alius
2691 4282 2959 4354 quispiam
3013 4298 3040 4336 a
3085 4283 3236 4338 Joele
3293 4284 3398 4339 isto
3446 4285 3595 4340 acci-

2008 4387 2250 4448 pcretur.
2312 4378 2467 4431 Multi
2515 4378 2662 4432 enim
2707 4379 2827 4431 sine
2867 4376 3239 4430 controversia
3273 4417 3289 4442 ,
3349 4390 3450 4431 nec
3514 4385 3594 4430 ta-

2009 4487 2128 4524 men
2180 4485 2370 4524 omnes
2419 4485 2447 4523 a
2498 4469 2758 4524 Balbuele
2800 4468 3178 4539 progenerati,
3231 4467 3336 4522 hoc
3397 4483 3596 4523 nomen

2008 4562 2296 4630 gerebant.
2336 4559 2516 4614 Certtc
2561 4560 2724 4630 igitur
2773 4559 3141 4613 distinctionis
3184 4574 3369 4626 causa,
3398 4568 3456 4613 ut
3491 4574 3596 4628 ego

2008 4653 2210 4717 sentio,
2264 4653 2506 4706 additum
2557 4651 2911 4705 nihilominus
2941 4659 3024 4704 est
3067 4649 3342 4705 Batlmelis
3375 4663 3595 4706 nomen.

2083 4741 2247 4799 Vens.
2275 4743 2330 4811 2,
2365 4744 2419 4798 5.
2456 4744 2648 4797 Audite
2699 4741 2831 4806 ltazc,
2872 4758 3040 4807 senes,
3075 4753 3122 4796 et
3155 4741 3377 4798 auribus
3411 4743 3600 4812 'perci-

2006 4837 2136 4904 pite,
2162 4851 2342 4888 omnes
2370 4834 2670 4888 habitantes
2701 4842 2936 4898 terram;
2971 4834 3016 4888 si
3053 4833 3194 4901 facta
3228 4845 3350 4888 sunt
3383 4834 3514 4888 talia
3543 4834 3599 4888 in

2009 4926 2191 4980 diebus
2215 4927 2422 4991 vestris,
2457 4935 2547 4978 aut
2593 4925 2648 4978 in
2676 4925 2858 4977 diebus
2891 4935 3106 4994 patrum
3149 4936 3457 4980 vestrorum.
3495 4925 3595 4979 Su-

2008 5032 2099 5083 per
2135 5015 2199 5069 iis
2227 5015 2388 5085 199
2411 5015 2538 5083 [iliis
2571 5015 2756 5068 vestris
2798 5026 3032 5079 narrate,
3069 5026 3117 5070 et
3151 5017 3251 5086 ﬁlii
3281 5017 3437 5072 vestri
3468 5015 3598 5085 ﬁliis

2009 5107 2142 5172 suis,
2175 5117 2222 5161 et
2246 5107 2348 5176 filii
2374 5123 2558 5160 eorum
2590 5107 2644 5159 in
2669 5108 3060 5176 generationem
3093 5107 3341 5164 alterunt.

2050 5380 2330 5446 lll.Etate
2364 5379 2641 5436 confectos
2665 5378 3010 5449 antiquorum
3040 5386 3338 5447 temporum
3369 5387 3424 5432 et
3445 5388 3593 5435 vete-

2003 5474 2080 5527 ris
2113 5473 2388 5527 memorias
2410 5470 2846 5533 commonefacit,
2882 5468 3228 5538 cogitareque
3271 5483 3458 5524 secum
3502 5471 3595 5537 ju-

2003 5570 2116 5636 bet,
2155 5567 2458 5637 ecquando,
2495 5575 2556 5621 et
2589 5565 2642 5619 in
2671 5563 2867 5635 quibus
2891 5560 3097 5633 similes
3130 5562 3470 5621 calamitates
3502 5573 3599 5619 aut

1819 5732 1861 5765 “
1891 5732 1996 5788 lsa.
2030 5747 2174 5795 xuv,
2208 5728 2296 5784 26.
2377 5731 2421 5762 δ’
2456 5728 2566 5786 Jer.
2595 5744 2755 5794 χχιιι,
2797 5730 2883 5787 lli.

3168 5818 3234 5883 11
