3982 6458
384 228 484 316 εει

1396 250 1454 311 S.
1497 254 1768 313 CYRlLLl
1808 255 2282 315 ALEXANDRINI
2321 257 2638 318 ARCHIEI’.

3579 272 3685 329 3Ξῖ

387 375 631 445 patribus
657 356 868 441 eorum,
900 384 991 429 aut
1020 356 1423 446 ipsis'posteris
1474 367 1503 429 ἐι
1569 375 1677 431 Deo
1716 377 1963 431 ἰιςιειιθιιιι

2086 379 2201 440 τοῖς
2227 378 2502 449 πατράσιν
2523 380 2730 446 αὐτῶν,
2759 381 2927 453 ἦγουν
2952 385 3061 448 τοῖς
3081 382 3161 438 ἔτι
3186 388 3417 441 κατόπιν
3443 386 3507 441 ἐκ
3535 388 3687 456 θείας

321 500 325 505 ~
385 470 691 539 importata:
720 468 848 523 sint.
874 467 1254 539 Reputandum
1278 456 1470 537 'igitur
1499 468 1598 532 ait,
1641 481 1822 523 utrum
1870 486 1977 524 non

383 576 523 619 nova
545 560 899 629 etinusitata,
932 575 1031 617 nec
1062 561 1154 616 ulli
1184 560 1417 617 fortasse
1467 560 1768 632 priscorum
1806 561 1978 617 homi.

383 670 510 710 num
534 654 750 725 cognita
775 665 1094 710 narraturus
1111 655 1200 710 sit.
1227 654 1434 711 Debere
1461 655 1630 710 etiam
1681 655 1737 710 in
1786 656 1979 725 primis

381 760 609 802 cmteros
631 747 706 801 ait
729 747 1056 817 disquirere,
1083 764 1209 802 num
1257 747 1388 819 quid
1425 748 1798 818 hujuscemodi
1833 749 1985 817 ipso:

383 856 499 895 rum
531 842 855 896 memoriam
886 842 1195 912 contigerit,
1217 851 1272 896 et
1307 840 1424 898 fore
1451 843 1734 899 materiam
1791 858 1979 896 narra-

380 936 544 992 tionis
569 937 933 1006 sempiternaz,
954 951 1074 1005 quae
1097 950 1200 990 non
1238 949 1421 998 unam,
1454 950 1555 992 nec
1579 935 1734 1001 duas,
1753 944 1845 991 aut
1865 946 1977 989 tres

377 1030 755 1097 generationes
784 1028 1062 1098 pervadat,
1095 1026 1189 1082 sed
1214 1026 1438 1081 multum
1487 1028 1668 1097 potius
1729 1029 1973 1083 excedat.

378 1121 535 1176 Sicut
563 1121 708 1177 enim
746 1120 1031 1175 illustrium
1072 1134 1278 1182 rerum,
1308 1130 1363 1175 et
1415 1120 1645 1176 fortasse
1681 1120 1979 1176 delectabh

377 1215 510 1267 lium
539 1229 755 1283 quoque
787 1211 1177 1282 expositiones,
1210 1213 1505 1267 multorum
1539 1212 1762 1268 auribus
1785 1214 1976 1283 dignas

379 1305 738 1370 allirmamus;
771 1305 847 1359 ita
884 1305 1238 1359 nihilominus
1266 1307 1625 1361 memoranda
1683 1305 1802 1374 iure
1841 1321 1974 1362 ccu-

375 1407 731 1467 sentur,qu:e
750 1412 871 1451 cum
892 1397 1139 1452 adversis
1190 1398 1407 1453 casibus
1461 1407 1516 1453 et
1568 1397 1975 1454 calamitatibus

375 1488 661 1558 conjuncta
689 1497 834 1544 sunt.
860 1485 998 1544 Nam
1022 1497 1072 1546 et
1111 1491 1226 1544 haec
1280 1499 1491 1544 tantum
1527 1506 1631 1545 non
1663 1491 1977 1560 exprimunt

374 1582 657 1638 veritatem
686 1582 1108 1652 quodammodo,
1145 1583 1532 1653 molestiasque
1583 1598 1680 1653 per
1705 1599 1973 1639 summam

375 1673 769 1746 impudentiam
794 1676 1076 1743 instantia,
1115 1676 1389 1733 recenseri
1421 1676 1701 1747 postulant
1764 1688 1819 1733 et
1849 1694 1972 1734 cum

2086 468 2259 540 ὀργῆς
2291 472 2727 543 ὲπενηνεγμένα’
2759 475 3181 546 ἀναλογίζεσθαί
3206 495 3267 532 τε
3298 478 3411 533 δεῖν
3451 480 3556 553 ἔφη
3579 482 3686 536 λοι-

2087 562 2209 627 πὸν,
2240 563 2291 615 εἰ
2322 564 2398 635 μὴ
2432 563 2560 631 ξένα
2586 566 2681 619 καὶ
2707 566 2852 638 ἀήθη
2883 569 2952 623 τὰ
2988 569 3337 642 διηγήματα,
3367 573 3465 627 καὶ⁵
3509 574 3687 629 οὐδενί

2086 670 2173 705 πω
2198 653 2344 725 τάχα
2374 655 2486 709 τῶν
2525 657 2694 711 πάλαι
2744 659 3143 733 διεγνωσμὲνα.
3177 664 3426 721 Συνιέναι
3465 683 3529 736 γε
3577 669 3687 741 μὴν

2085 740 2145 800 εὖ
2175 746 2322 817 μάλα
2343 753 2646 820 προσήκειν
2673 753 2768 807 καὶ
2790 755 2916 817 τοὺς
2938 755 3161 827 ἑτέρους
3208 759 3363 829 φησὶ,
3386 761 3435 813 εί
3459 740 3689 818 τοιαῦτα

2082 836 2310 906 γέγονεν
2355 841 2445 892 ἐπ’
2479 841 2662 895 αὐτῶν
2695 859 2709 874 ·
2756 844 2979 899 ἔσεσθαι
3028 848 3082 901 δὲ
3127 850 3220 902 καὶ
3270 851 3529 907 ὑπόθεσιν
3560 856 3690 909 ἀτε-

2084 928 2358 999 λευτήτων
2386 930 2765 1004 διηγημάτων,
2796 937 2896 990 οὐκ
2944 940 3025 1003 είς
3057 942 3186 1011 μίαν
3213 941 3534 1014 διήκουσαν,
3557 946 3687 1002 οὔτε

2094 1019 2204 1093 μὴν
2255 1023 2336 1087 εἰς
2381 1023 2474 1078 δύο
2520 1027 2613 1080 καὶ
2663 1030 2813 1098 τρεῖς
2871 1034 3100 1098 γενεὰς,
3151 1034 3570 1094 διεκὸαίνουσαν
3625 1042 3689 1096 δὲ

2086 1112 2311 1183 μᾶλλον,
2346 1118 2441 1170 καὶ
2470 1118 2551 1180 είς
2591 1117 2651 1171 τὸ
2689 1120 2958 1176 ἐπέκεινα
3011 1125 3169 1179 πολύ.
3202 1127 3420 1200 Ὠσπερ
3462 1130 3574 1202 γὰρ
3615 1131 3693 1186 τὰ

2083 1203 2311 1279 λαμπρά
2357 1208 2471 1262 τῶν
2521 1210 2878 1283 διηγημάτων
2918 1215 3256 1282 ἀξιάκουστά
3295 1238 3488 1293 φαμεν
3544 1219 3687 1277 εἶναι

2082 1300 2194 1361 τοῖς
2231 1298 2466 1362 πολλοῖς,
2505 1302 2600 1355 καὶ
2627 1296 2708 1366 οἷς
2746 1304 2811 1357 ἂν
2847 1305 3034 1360 ἕποιτο
3074 1309 3238 1378 τυχὸν
3269 1313 3365 1364 καὶ
3401 1311 3464 1366 τὸ
3492 1313 3688 1385 ἐφήδε-

2084 1388 2208 1443 σθαι
2253 1390 2394 1444 δεῖν·
2448 1393 2622 1456 οὕτως
2673 1396 3150 1469 ἀξιομνημόνευτά
3201 1419 3319 1467 πως
3353 1397 3494 1458 εἶναι
3535 1404 3689 1459 δοκεῖ

2082 1483 2178 1535 καὶ
2204 1481 2273 1536 τὰ
2323 1486 2403 1550 εἰς
2444 1483 2596 1556 λῆξιν
2654 1487 2863 1558 ἥκοντα
2896 1492 3196 1565 συμφορῶν
3233 1511 3295 1548 τε
3335 1495 3430 1550 καὶ
3471 1497 3681 1552 παθῶν.

2081 1575 2382 1648 Μονονουχὶ
2413 1577 2522 1649 γὰρ
2556 1580 2953 1636 καταῦιάσεταί
2983 1601 3101 1650 πως
3134 1589 3229 1640 καὶ
3258 1587 3328 1642 τὰ
3365 1591 3545 1645 τοιάδε
3581 1591 3685 1663 τὴν

2080 1666 2358 1740 ἀλήθειαν,
2388 1671 2481 1724 καὶ
2506 1676 2917 1748 φορτικωτέραν
2940 1678 3042 1751 τὴν
3066 1679 3378 1752 προσϐολὴν
3399 1682 3594 1752 ἔχοντα
3617 1686 3683 1740 ὲκ

375 1769 609 1823 maxime
637 1769 942 1842 insignibus
971 1770 1037 1824 de
1064 1768 1243 1839 gloria
1313 1770 1672 1826 contendunt.
1691 1770 1870 1842 Atque
1911 1781 1963 1825 ut

2072 1759 2274 1831 πολλῆς
2327 1761 2470 1830 ἄγαν
2524 1765 2937 1837 ἀναισχυντίας,
3000 1769 3145 1835 ἀξιοῖ
3195 1773 3679 1843 μνημονεύεσθαι,

372 1860 513 1914 bona
550 1899 565 1923 ,
606 1861 711 1926 sic,
740 1861 955 1929 opinor,
981 1871 1035 1915 et
1062 1860 1299 1941 infausta
1324 1875 1388 1917 ac
1416 1861 1622 1930 tristia,
1665 1877 1770 1917 non
1803 1862 1973 1918 inuti-

372 1951 500 2006 liter
525 1963 1039 2009 commemorantur.
1071 1952 1163 2007 llla
1192 1952 1458 2022 siquidem
1487 1955 1553 2008 ad
1576 1955 1794 2010 virtutis
1823 1971 1975 2012 amo-

372 2060 490 2100 rem
512 2044 881 2101 auscultantes
908 2055 1142 2111 acuunt;
1165 2048 1300 2111 haec,
1337 2046 1474 2102 mala
1529 2057 1818 2120 antequam
1875 2065 1972 2104 ve-

374 2138 530 2190 niant
559 2137 1001 2206 sentianturque,
1045 2138 1325 2207 deprecari
1356 2139 1588 2206 docent;
1615 2148 1671 2194 et
1724 2153 1819 2208 per
1855 2155 1974 2210 qua:

375 2228 463 2280 alii
493 2241 679 2296 poenas
704 2236 1085 2297 susceperunt,
1116 2244 1213 2299 per
1241 2229 1433 2285 eadem
1460 2230 1681 2300 paribus
1712 2246 1770 2285 se
1800 2232 1968 2287 scele-

372 2320 523 2375 ribus
552 2319 768 2376 irrctire
793 2320 1071 2392 cupientes
1100 2336 1207 2378 non
1227 2322 1433 2379 sinunt.

446 2592 609 2647 Vens.
635 2592 691 2646 4.
724 2589 952 2646 Residua
974 2607 1145 2648 eruca:
1174 2591 1396 2647 comedit
1432 2590 1654 2657 locusta.
1687 2605 1736 2648 et
1760 2595 1974 2651 residua

370 2685 587 2739 Ioc-usue
620 2684 840 2739 comedit
874 2684 1124 2751 bruchus,
1182 2695 1232 2739 et
1268 2685 1479 2739 residua
1522 2685 1707 2741 bruchs'
1750 2691 1972 2744 comedit

372 2779 587 2848 rubigo.

440 2955 766 3025 lV.Semper
785 2957 1021 3012 involuta
1041 2968 1123 3014 est
1150 2959 1396 3014 nonnihil
1417 2969 1726 3015 sanctorum
1742 2958 1971 3030 prophe-

369 3055 547 3100 tarum
581 3045 779 3113 oratio,
807 3056 862 3102 et
888 3058 1110 3103 narratu
1148 3050 1462 3106 tristissima
1520 3052 1664 3107 haud
1714 3051 1851 3107 satis
1904 3052 1970 3105 li-

2077 1851 2172 1904 καὶ
2216 1855 2337 1916 ταῖς
2368 1853 2480 1909 τῶν
2530 1857 2803 1927 μεγίστων
2831 1859 3011 1927 δόξαις
3044 1863 3359 1931 φιλονεικεῖ.
3397 1866 3552 1937 Ἔχει
3592 1867 3679 1934 δὲ,

2076 1942 2264 2016 ὥσπερ
2294 1945 2364 1999 τὰ
2407 1948 2644 2018 χρηστὰ,
2669 1949 2770 2020 τὴν
2807 1954 3027 2023 μνήμην
3070 1955 3171 2008 οὐκ
3220 1955 3450 2029 ἀκερδῆ,
3481 1958 3675 2024 οὕτως,

2076 2032 2250 2108 οἶμαι,
2280 2039 2376 2091 καὶ
2403 2039 2472 2093 τὰ
2506 2042 2673 2096 σκαιά
2695 2059 2800 2095 που
2829 2045 2924 2098 καὶ
2966 2047 3290 2119 σκυθρωπά.
3322 2049 3402 2102 Τὰ
3447 2051 3546 2121 μὲν
3568 2053 3681 2123 γὰρ

2076 2130 2157 2193 εἰς
2182 2129 2369 2199 ἔφεσιν
2399 2132 2605 2203 ἀρετῆς
2636 2134 2951 2208 παραθήγει
2981 2140 3108 2203 τοὺς
3150 2141 3572 2212 ἀκροωμένους·
3608 2145 3678 2198 τὰ

2075 2220 2132 2274 δὲ
2159 2221 2267 2294 πρὸ
2305 2223 2497 2292 ἐφόδου
2541 2225 2641 2296 τὴν
2671 2226 2778 2280 τῶν
2808 2229 2996 2284 κακῶν
3040 2233 3238 2303 πεῖραν
3285 2234 3676 2303 παραιτεῖσθαι

2075 2314 2318 2370 διδάσκει
2337 2333 2350 2347 '
2375 2319 2471 2372 καὶ
2496 2318 2563 2372 δι’
2585 2313 2662 2376 ὧν
2688 2321 2867 2395 ἕτεροι
2892 2324 3322 2397 τετιμώρηνται,
3356 2326 3446 2383 διὰ
3468 2329 3675 2386 τούτων

2075 2408 2258 2462 αὐτῶν
2303 2410 2365 2464 τὸ
2417 2413 2531 2477 τοῖς
2576 2412 2716 2479 ῐσοις
2766 2416 3032 2472 ἑναλῶναι
3083 2416 3268 2490 ζητεῖν
3316 2421 3417 2475 οὐκ
3479 2422 3676 2495 ἀφίησί

2074 2516 2248 2565 τινας.

2150 2594 2227 2648 Τὰ
2252 2595 2591 2653 κατάλοιπα
2614 2598 2726 2669 τῆς
2756 2601 3000 2670 κάμπης
3040 2604 3378 2676 κατέφαγεν
3407 2604 3441 2674 ἡ
3476 2606 3669 2684 ἀκρίς,

2075 2684 2176 2739 καὶ
2200 2686 2271 2741 τὰ
2301 2689 2641 2746 κατάλοιπα
2668 2691 2777 2762 τῆς
2801 2694 3046 2763 ἀκρίδος
3070 2697 3407 2768 κατέφαγεν
3434 2701 3467 2753 ὁ
3486 2699 3673 2767 βροῦ-

2075 2794 2204 2845 χος,
2237 2779 2332 2834 καὶ
2365 2780 2439 2836 τὰ
2474 2783 2814 2839 κατάλοιπα
2859 2787 2968 2841 τοῦ
3012 2788 3290 2858 ,βρούχου
3330 2790 3673 2862 κατέφαγεν

2073 2870 2111 2936 ἡ
2145 2871 2418 2942 ἐρυσίϐη.

2143 2964 2218 3020 Δ’.
2253 2967 2575 3039 Κέκρυπταί
2608 2988 2725 3035 πως
2764 2972 2851 3026 ἀεὶ
2876 2972 2983 3026 τῶν
3011 2969 3183 3043 ἁγίων
3208 2975 3503 3048 προφητῶν
3535 2976 3565 3029 6
3587 2975 3674 3030 λύ-

2072 3072 2190 3125 γος,
2213 3059 2308 3111 καὶ
2331 3059 2401 3113 τὰ
2424 3062 2632 3132 σφόδρα
2654 3064 2953 3135 σκυθρωπὰ
2988 3065 3097 3119 τῶν
3125 3066 3482 3139 διηγημάτων
3508 3067 3673 3139 ὀκνη-

368 3138 560 3194 beuter
598 3138 926 3210 proferunt;
965 3156 1100 3196 neve
1152 3142 1437 3199 audientes
1492 3142 1809 3198 eﬂ'renatius
1858 3144 1963 3197 ira-

2074 3148 2184 3219 ρῶς
2216 3150 2537 3223 ἐκφέρουσι,
2587 3155 2683 3208 καὶ
2715 3155 2805 3209 διὰ
2844 3156 2946 3221 τὰς
2996 3155 3105 3211 τῶν
3147 3159 3516 3230 ἀκροωμένων
3549 3138 3671 3215 ἀτι-

366 3242 610 3296 scantur,
647 3247 783 3301 quas
832 3243 1080 3302 possunt,
1140 3236 1489 3291 obscuritatis
1540 3238 1759 3290 umbras
1801 3234 1964 3291 indu-

366 3330 537 3387 cunt;
580 3324 866 3394 aenigmata
920 3326 1085 3380 etlam
1136 3333 1190 3380 et
1239 3328 1523 3398 parabolas
1592 3327 1967 3398 excogitantes

366 3430 473 3469 non
524 3415 871 3473 mediocriter
919 3427 1174 3486 prosunt;
1240 3435 1624 3489 nonnunquam
1676 3429 1732 3475 et
1779 3434 1965 3474 exem'

365 3507 451 3577 pla
534 3518 834 3578 opportuna
914 3510 1169 3567 afferunt.
1237 3510 1330 3566 Sic
1401 3513 1541 3581 apud
1625 3511 1961 3568 Ezechielem

371 3619 392 3652 ο
431 3600 623 3671 Aquila
648 3603 893 3673 grandis,
933 3618 1254 3675 magnarum
1296 3604 1528 3670 alarum,
1560 3621 1579 3657 ι
1620 3605 1961 3674 proponitur,

343 3711 388 3754 ,ι
415 3693 574 3764 longo
603 3696 971 3752 membrorum
997 3696 1182 3760 ductu,
1216 3707 1270 3753 et
1298 3697 1451 3768 plena
1484 3698 1700 3768 plumis,
1729 3711 1850 3768 quae
1873 3696 1963 3751 ha-

365 3783 454 3838 bet
481 3784 702 3840 ductum
735 3786 972 3843 intrandi
1031 3789 1097 3842 ad
1159 3788 1451 3857 Libanum,
1502 3796 1558 3845 et
1611 3790 1733 3845 tulit
1784 3790 1958 3845 electa

361 3877 891 3935 cedri.Summitates
920 3879 1306 3937 teneritudinis
1330 3881 1448 3952 ejus
1475 3882 1749 3948 avulsit,et
1778 3894 1956 3941 trans-

362 3972 602 4041 portavit
659 3988 756 4028 eas
782 3973 835 4027 in
870 3981 1073 4027 terram
1125 3975 1383 4031 Chanaan
1408 3974 1476 4031 ".
1516 3996 1534 4031 ι
1566 3975 1959 4050 Subsignifica—

359 4063 437 4118 vit
459 4064 602 4118 enim
633 4065 828 4130 Assur,
859 4066 1161 4138 principem
1210 4078 1370 4123 terrae
1431 4068 1759 4142 Babyloniae,
1791 4070 1958 4141 200

359 4154 451 4225 qui
482 4155 684 4210 eximia
713 4172 939 4228 quaeque
992 4174 1057 4215 ex
1102 4162 1267 4217 Israel
1317 4161 1565 4231 diripuit,
1629 4162 1961 4229 domumque

358 4246 560 4301 avexit.
591 4247 671 4303 Ac
711 4249 1031 4307 sterilitates
1087 4253 1305 4321 quidem
1360 4266 1638 4320 agrorum,
1687 4248 1958 4321 fructuum

356 4351 697 4397 maturorum
736 4343 1041 4411 penuriam,
1092 4357 1290 4397 saevam
1364 4357 1509 4412 same
1552 4352 1606 4397 et
1646 4342 1956 4398 diuturnam

356 4431 558 4487 famem
591 4446 688 4503 per
714 4431 953 4489 Judazam
976 4434 1273 4498 exstitisse,
1322 4448 1479 4488 sacra
1524 4432 1805 4504 Scriptura
1874 4450 1959 4491 re-

2070 3239 2303 3307 θάσσους
2343 3245 2517 3315 ὀργάς
2561 3249 2683 3312 ταῖς
2732 3249 3115 3321 ἐνδεχομέναις
3157 3253 3448 3323 ἀσαφείαις
3490 3271 3668 3308 κατα-

2070 3333 2406 3400 σκιάζουσιν.
2440 3338 2751 3410 Αἰνίγματα
2783 3340 2840 3393 δὲ
2889 3344 2983 3397 καὶ
3025 3343 3347 3414 παραϐολὰς
3389 3346 3668 3401 ἀναπλάτο

2066 3443 2269 3491 τοντες,
2289 3426 2592 3498 ὠφελοῦσιν
2607 3431 2667 3484 οὐ
2699 3433 2957 3504 μετρίως.
2980 3436 3143 3489 Ἔστι
3163 3437 3220 3490 δὲ
3240 3438 3428 3504 αὐτοῖς
3450 3440 3480 3492 6
3500 3440 3661 3509 λόγος

2067 3519 2162 3572 καὶ
2190 3518 2281 3574 διὰ
2316 3521 2606 3593 χρησίμων
2636 3523 2748 3578 ἔσθ’
2794 3526 2883 3580 ὅτε
2918 3529 3404 3602 παραδειγμάτων.
3449 3533 3667 3588 Ὀποῖόν

2065 3608 2181 3661 ἐστι
2212 3608 2307 3662 καὶ
2346 3610 2406 3663 τὸ
2428 3612 2580 3685 παρὰ
2604 3613 2700 3667 τοῦ
2745 3614 3007 3689 Ἰεζεχιηλ
3035 3620 3318 3692 κείμενονο
3357 3641 3377 3675 ι
3418 3622 3478 3677 ὐ
3504 3624 3666 3689 ἀετὸς

2064 3700 2093 3752 ὁ
2127 3697 2324 3769 μέγας,
2354 3701 2385 3754 6
2432 3703 2939 3778 μεγαλοπτέρυγος,
2971 3711 3001 3763 6
3048 3712 3258 3785 μακρὸς
3301 3718 3368 3788 τῇ
3415 3715 3665 3781 ἐκτάσει.

2064 3790 2159 3844 καὶ
2189 3791 2407 3865 πλήρης
2438 3794 2670 3867 ὀνύχων,
2696 3796 2754 3862 ὃς
2791 3798 2904 3870 ἔχει
2936 3801 2998 3855 τὸ
3035 3803 3229 3875 ἢγημα
3278 3807 3543 3863 εἰσελθεῖν
3578 3813 3665 3875 εἰς

2062 3881 2154 3937 τὸν
2196 3882 2450 3950 Λίϐανον,
2496 3886 2592 3940 καὶ
2630 3886 2790 3943 ἔλασε
2816 3890 2886 3945 τὰ
2921 3893 3157 3953 έκλεκτὰ
3195 3896 3295 3967 τῆς
3323 3898 3539 3969 κέδρου.
3573 3901 3657 3955 Τὰ

2062 3972 2209 4045 ἄκρα
2238 3975 2337 4048 τῆς
2369 3976 2713 4048 ἀπαλάτητος
2752 3980 3038 4048 ἀπέκνισε,
3072 3985 3164 4039 καὶ
3192 3986 3424 4058 ἤνεγκεν
3457 3991 3661 4055 αὐτοὺς

2063 4067 2145 4130 είς
2166 4067 2266 4139 τὴν
2295 4071 2400 4141 γῆν
2443 4069 2684 4126 Χαναὰν.
2724 4093 2745 4127 ι
2787 4074 3089 4148 Ὑπεδήλου
3129 4080 3240 4152 γὰρ
3280 4080 3529 4155 Ἀσσοὺρ,
3566 4085 3660 4138 τὸν

2062 4157 2159 4227 τῆς
2190 4158 2550 4215 Βαϐυλωνίων
2589 4162 2828 4233 ἄρχοντα
2864 4166 2991 4238 γῆς,
3016 4169 3110 4223 τὸν
3153 4171 3524 4245 ἀποκείραντα
3547 4178 3659 4230 τῶν

2061 4248 2121 4313 ἐξ
2158 4250 2376 4340 Ἰσραὴλ
2401 4252 2470 4306 τά
2490 4253 2765 4328 ἐξαίρετα,
2799 4259 2895 4312 καὶ⁵
2918 4260 3059 4315 οίκοι
3094 4263 3399 4333 μεταθέντα
3422 4266 3484 4320 τὸ
3504 4267 3659 4340 διηρ-

2060 4339 2363 4433 πασμένον.
2402 4345 2515 4399 Καὶ
2540 4348 2621 4401 ὅτι
2655 4350 2756 4422 μὲν
2783 4351 3070 4422 γεγόνασιν
3102 4357 3329 4429 ἁφορίαι
3351 4375 3412 4412 τε
3442 4339 3650 4433 ἀγρῶν,

2059 4430 2283 4498 ἔνδειαι,
2320 4433 2431 4488 τῶν
2473 4435 2721 4511 ὠρίμων,
2750 4443 2845 4496 καὶ
2891 4444 3040 4515 λιμοὶ¹
3081 4447 3403 4514 πλειστάκις
3426 4430 3654 4522 ἀπηνεῖς

356 4526 482 4580 fert.
542 4526 848 4592 Quinetiam
876 4527 1095 4597 quidam
1129 4525 1270 4580 fame
1289 4526 1546 4580 macerati
1578 4541 1643 4581 eo
1674 4529 1953 4596 angustia-

2072 4540 2115 4577 τε
2148 4525 2244 4579 καὶ
2276 4528 2482 4597 κατάγε
2513 4530 2613 4603 τὴν
2650 4534 2913 4590 Ἰουδαίαν
2938 4536 3144 4610 χώραν,
3179 4539 3283 4611 ἔφη
3317 4542 3377 4596 τὺ
3404 4543 3650 4616 Γράμμα

354 4632 474 4670 rum
500 4616 679 4672 adacti
714 4628 860 4684 sunt,
896 4627 954 4672 ut
981 4626 1141 4687 caput
1171 4616 1312 4670 asini
1361 4606 1753 4689 quinquaginta
1809 4621 1957 4679 siclis

354 4716 601 4763 eruerent
634 4707 704 4762 δι.
728 4707 1119 4764 Calamitosum
1152 4716 1366 4777 tempus
1386 4711 1682 4766 ostendunt
1738 4726 1956 4782 quoque

352 4813 516 4868 super
546 4797 846 4853 infantibus
889 4798 1132 4851 rixantes
1192 4798 1311 4851 dua:
1365 4797 1714 4856 mulierculze.
1762 4801 1951 4857 Altero

354 4893 498 4965 enim
531 4891 840 4960 absumpto,
877 4890 943 4944 de
965 4889 1142 4945 altero
1174 4891 1575 4963 vivojudicium
1605 4910 1635 4949 a
1673 4910 1798 4966 rege
1853 4911 1948 4963 pe-

358 4981 549 5037 tebant
573 4981 640 5033 ".
671 4979 853 5046 Quare
884 4981 929 5035 si
952 4995 1203 5050 agrorum
1241 4981 1682 5053 infecunditates,
1735 4995 1791 5041 et
1830 4985 1943 5040 fru-

354 5086 536 5129 ctuum
565 5074 695 5129 vitia
728 5072 1079 5145 propheticus
1109 5089 1288 5131 sermo
1319 5076 1478 5132 nobis
1510 5093 1607 5146 per
1645 5077 1767 5132 lucc
1797 5077 1945 5133 inte-

353 5177 610 5239 gumenta
644 5168 872 5232 indicat,
903 5168 1063 5223 etiam
1095 5169 1174 5225 sic
1197 5183 1284 5226 res
1310 5171 1651 5227 intoleranda
1682 5171 1945 5242 intelliga-

355 5271 461 5316 tur.
491 5261 628 5317 Nam
652 5261 942 5333 gradatim,
1000 5261 1116 5317 sine
1154 5262 1440 5319 intervallo
1482 5263 1643 5334 longe
1692 5262 1944 5334 plurimis

352 5362 407 5407 et
431 5352 758 5409 immanibus
793 5352 1132 5412 detrimentis
1155 5353 1470 5421 deformari,
1511 5357 1784 5427 quomodo
1834 5373 1941 5412 non

354 5457 682 5512 magnopere
717 5443 1139 5515 intolerandum,
1165 5457 1220 5504 et
1272 5448 1489 5505 silentio
1544 5450 1723 5520 potius
1779 5466 1940 5518 quam

353 5532 665 5589 narratione
694 5532 918 5604 dignum
947 5537 1074 5592 est?
1098 5537 1249 5606 Quod
1282 5539 1326 5594 si
1356 5553 1420 5595 ex
1452 5540 1612 5596 dictis
1652 5539 1943 5598 involutio-

418 5708 469 5744 δ³
506 5708 701 5769 Ezccb.
742 5729 876 5781 xvn,
904 5715 956 5770 7.
1036 5716 1082 5749 “
1120 5715 1185 5771 IV
1228 5718 1357 5789 Reg.
1400 5733 1473 5784 rt,
1505 5718 1597 5774 25.

484 6090 561 6215 li.

528 6232 577 6271 "It

2057 4617 2121 4670 τὸ
2180 4619 2345 4690 ἱερόν.
2379 4622 2517 4694 Ἤδη
2575 4625 2685 4697 γάρ
2731 4645 2875 4692 τινες
2917 4627 3077 4699 λιμοῦ
3119 4634 3524 4705 κατατήκοντος
3572 4640 3653 4701 εἰς

2052 4708 2211 4765 τοῦτο
2232 4713 2482 4800 ἀνάγκης
2504 4720 2915 4789 κεχωρήκασιν,
2934 4721 3075 4777 ὥστε
3106 4725 3230 4780 ὄνου
3256 4728 3499 4800 κεφαλὴν
3522 4747 3653 4784 πεν-

2049 4802 2284 4874 τήκοντα
2315 4795 2583 4878 πρίασθαι
2602 4810 2822 4866 σίκλων.
2844 4814 3200 4886 Παραδείξειε
3230 4818 3274 4872 δ’
3305 4819 3370 4874 ἄν
3388 4795 3486 4893 τὴν
3508 4823 3651 4878 κατὰ

2050 4897 2278 4968 καιροὺς
2328 4899 2653 4971 ἀγριότητα,
2700 4906 2965 4977 περὶτῶν
3012 4909 3242 4964 παιδίων
3282 4915 3650 4985 μεμαχημένα

2052 4989 2273 5057 γύναια.
2315 4991 2472 5045 Ἐπεὶ
2506 4991 2616 5067 γὰρ
2638 4998 3097 5070 κατεδηδόκεισαν
3124 5003 3181 5080 at
3205 5003 3300 5057 δύο
3321 5006 3381 5058 τὸ
3414 5006 3492 5072 ἒν,
3519 5008 3650 5079 περὶ

2050 5080 2147 5134 τοῦ
2180 5081 2384 5146 ζῶντος
2420 5082 2736 5150 δικάζεσθαι
2779 5089 2932 5161 παρά
2964 5094 3082 5157 τοῖς
3112 5095 3407 5166 κρατοῦσιν
3439 5098 3646 5169 ἠξίουν.

2050 5172 2282 5236 Οὐκοῦν,
2331 5175 2380 5227 εί
2408 5175 2508 5247 μὲν
2545 5178 2731 5250 ἀγρῶν
2764 5180 3018 5254 ἀφορίας,
3067 5185 3163 5239 καὶ
3203 5189 3434 5259 καρπῶν
3471 5208 3646 5245 κατα-

2050 5267 2259 5339 φθορὰς
2304 5270 2332 5324 ὁ
2367 5274 2705 5343 προφητικδς
2737 5276 2869 5346 ἡμῖν
2911 5277 2969 5330 ὲν
2998 5277 3212 5345 τούτοις
3240 5284 3646 5355 κατασημαίνει

2048 5359 2229 5428 λόγος,
2264 5364 2438 5417 νοοῖτο
2486 5364 2678 5438 χρῆμα
2726 5367 2822 5421 καὶ
2866 5367 3046 5434 οὕτως
3084 5371 3395 5445 ἀφόρητον
3425 5375 3487 5428 τὸ
3533 5376 3645 5448 γὰρ

2049 5453 2249 5525 ἑφεξῆς
2283 5455 2378 5510 καὶ
2409 5456 2632 5529 ἀμέσως
2655 5459 2938 5526 πλείσταις
2961 5479 3021 5516 τε
3052 5463 3208 5531 ὅσαις
3246 5467 3339 5520 καὶ
3373 5466 3643 5539 χαλεπαῖς

2051 5546 2468 5611 καταικίζεσθαι
2522 5548 2779 5622 πληγαῖς,
2813 5554 2932 5618 πῶς
2970 5555 3032 5609 οὐ
3081 5556 3363 5614 δύσοιστον
3416 5561 3637 5633 κομιδῇ,

1708 5722 1752 5752 ⁸⁸
1795 5722 1923 5776 ibid.
1965 5721 2165 5789 96,28.
