3982 6458
278 331 389 388 533

1189 320 1747 382 COMMENTARIUS
1788 317 2165 376 INJOELEM
2208 316 2657 376 PROPIIETA‘M.

3494 318 3601 380 354

274 456 374 508 καὶ
404 451 500 507 τοῦ
541 451 983 524 μνημονεύεσθαι
1015 448 1251 523 πρέπειν
1281 451 1383 504 οὐκ
1408 447 1712 520 ἀμοιροῦν;
1745 448 1807 501 Εἰ
1835 448 1891 501 δέ

2010 446 2152 501 ribus
2187 459 2382 499 sensus
2402 444 2600 497 elicere
2626 440 2927 513 apertiores
2952 443 3294 514 conceditur,
3344 446 3601 501 existimo

273 547 361 599 δεῖ
385 548 483 599 καὶ
517 547 600 609 εἰς
626 544 823 614 ἐτέρας
853 545 987 615 ἡμῖν
1013 541 1227 606 ἐννοίας
1262 540 1629 610 ἀποκομίζειν
1659 540 1726 593 τὰ
1757 538 1893 592 θεω-

276 639 508 709 ρήματα
563 635 1017 705 κατεσκιασμένα
1074 632 1174 696 τάς
1218 631 1671 702 ἐμφανεστέρας,
1717 629 1895 682 ἔοικεν

272 735 413 803 ἡμῖν
446 730 477 781 6
522 728 817 799 προφήτης
868 728 1102 797 κάμπην
1147 724 1240 777 καὶ
1288 722 1521 795 ἀκρίδα,
1555 720 1785 794 βρούχόν
1834 738 1895 773 τε

274 826 376 878 καὶ
418 822 712 894 ἐρυσίϐην,
744 820 840 875 καὶ
885 820 955 873 τὰ
998 817 1251 873 ἐντεῦθεν
1283 816 1458 882 δεινά,
1504 817 1602 870 καὶ
1642 815 1896 886 ἀφόρητα

277 914 486 986 βλάϐη,
511 913 612 977 τάς
661 914 721 965 ἐν
773 910 993 979 ἑκάστῳ
1042 906 1225 979 καιρῷ
1268 904 1646 980 καταδῃώσεις
1694 904 1895 974 ὑποδη-

273 1006 431 1070 λοῦν,
466 1005 562 1058 καὶ
612 1004 743 1066 τοὺς
776 1003 886 1055 τῶν
936 998 1331 1070 αἰχμαλωσιῶν
1377 997 1713 1051 αἰνίττεσθαι
1761 995 1893 1066 τρόο

274 1120 449 1167 πους,
507 1100 599 1170 ὑφ’
652 1092 729 1153 ὧν
787 1094 1194 1165 δεδαπάνηνταί
1265 1110 1327 1147 τε
1396 1092 1493 1146 καὶ
1556 1089 1893 1154 ἀπολώλασι,

273 1197 454 1268 ληῖοις
486 1196 547 1247 ἐν
579 1193 681 1263 ἴσῳ
710 1193 826 1255 τοῖς
876 1191 934 1243 ἐν
984 1190 1179 1259 ἀγροῖς
1208 1186 1494 1258 μονονουχὶ
1538 1182 1897 1255 κατεδηδοκό-

271 1311 389 1346 των
449 1289 653 1352 αὐτοὺς
702 1284 799 1340 καὶ
845 1281 1314 1353 κατεφθαρκότων
1359 1278 1469 1333 τῶν
1520 1277 1620 1340 τὰς
1670 1276 1895 1346 ἐφόδους

273 1379 756 1454 ἐξειργασμένων.
795 1375 998 1431 [Ιολλαὶ
1026 1373 1137 1444 γὰρ
1168 1372 1455 1440 γεγόνασιν
1487 1371 1542 1423 αἱ
1574 1367 1684 1422 ἀνά
1731 1366 1896 1438 μέρος

272 1473 721 1535 ἀναστατὼσεις,
758 1470 858 1538 τῆς
892 1468 1166 1522 Ἰουδαίων
1192 1464 1376 1537 χώρας
1424 1462 1532 1518 τῶν
1564 1461 1899 1533 παροικούν-

271 1580 390 1616 των
426 1560 604 1615 ἐθνῶν
631 1556 1213 1629 κατεστρατευκότων,
1246 1553 1360 1607 ἐσθ’
1394 1553 1483 1607 ὅτε
1517 1552 1612 1605 καὶ
1652 1550 1763 1605 τῶν
1796 1551 1897 1622 τῆς

272 1656 570 1725 Αἰγύπτου
625 1650 1113 1723 βεδασιλευκότων.
1176 1648 1470 1710 Διέποντος
1531 1644 1631 1717 μὲν
1681 1646 1790 1716 γὰρ
1838 1646 1896 1697 ἐν

286 1745 566 1817 Ἰεροσολύ
576 1761 698 1815 μοις
719 1743 819 1814 τὴν
847 1740 1097 1812 βασιλίδα
1121 1739 1288 1811 τιμὴν
1318 1738 1415 1792 τοῦ
1459 1735 1895 1807 Ῥοϐοάμ,ἀνέ6η

274 1815 603 1907 Σουσακεὶμ
644 1834 902 1906 βασιλεὺς
933 1831 1239 1902 Αἰγύπτου,
1278 1824 1388 1883 εἷλέ
1418 1848 1477 1883 τε
1507 1829 1577 1883 τὰ
1626 1827 1898 1900 βασίλεια,
1938 1815 1979 1869 Β

275 1934 376 1986 καὶ
412 1932 630 1992 πάντας
666 1927 903 1982 ἐκένωσε
929 1926 1059 1989 τοὺς
1100 1927 1160 1980 ἐν
1206 1926 1393 1989 αὐτοῖς
1437 1923 1770 1995 Θησαυροὺς,
1803 1922 1901 1975 καὶ

274 2029 345 2082 τά
380 2028 573 2099 χρυσᾶ
592 2025 816 2097 δόρατα,
851 2021 946 2075 καὶ
969 2020 1069 2085 τὰς
1093 2020 1330 2084 ἀσπίδας
1357 2019 1497 2091 ἔχων
1527 2017 1593 2081 ἀς
1626 2016 1902 2086 πεποίηκε

276 2120 564 2191 Σολομὼν,
599 2119 697 2173 καὶ
720 2116 996 2189 λαμπρῶς
1028 2113 1357 2186 νενικηκὼς,
1395 2111 1578 2166 οἴκαδε
1613 2110 1778 2164 πάλιν
1809 2110 1903 2162 ἀν-

279 2214 599 2285 εκομίζετο.
641 2212 755 2265 Καὶ
802 2209 908 2280 μὴν
944 2209 1036 2263 καί
1074 2206 1274 2278 Ἀζαὴλ
1307 2208 1335 2260 6
1370 2204 1543 2277 Σύρος
1578 2206 1637 2258 ού
1674 2203 1905 2276 μετρίας

278 2311 471 2369 αὺτοῖς
506 2306 783 2376 ἐπήνεγκε
814 2303 1052 2374 πληγάς.
1087 2297 1213 2355 Εἶλε
1241 2301 1298 2355 δὲ
1345 2301 1442 2354 καὶ
1466 2299 1606 2354 Φοὺλ
1650 2299 1905 2369 βασιλεὺς

278 2402 656 2457 Βαϐυλωνίων
715 2399 814 2463 τὰς
877 2399 1024 2470 πέρα
1090 2394 1186 2449 τοῦ
1224 2395 1492 2467 Ἰορδάνου
1544 2393 1740 2464 φυλάς.
1796 2395 1909 2461 Καὶ

281 2498 395 2569 πρό
415 2515 479 2566 γε
500 2496 567 2567 δὴ
599 2492 811 2547 τούτων
833 2491 1033 2562 Νεχαὼ
1062 2490 1262 2563 Φαραὼ
1292 2489 1549 2561 βασιλεὺς
1587 2487 1893 2556 Αἰγύπτου,

280 2588 628 2661 κρατοῦντος
671 2584 903 2647 Ἰωσίου,
930 2584 1373 2657 κατεστράτευσε
1410 2583 1509 2653 τῆς
1559 2580 1901 2654 Σαμαρείας,

281 2684 380 2737 καὶ
417 2682 654 2752 δασμοῖς
686 2680 934 2750 ὑπέθηκε
971 2679 1071 2748 τὴν
1100 2680 1225 2749 γῆν.
1273 2675 1502 2729 Ἑκατὸν
1527 2675 1638 2746 γὰρ
1667 2673 1903 2746 ἐζήτησε

280 2775 523 2849 χρυσίου
558 2772 822 2826 τάλαντα.
863 2775 1077 2825 Οὐκουν
1130 2770 1363 2823 πλεῖστα
1401 2768 1499 2839 μὲν
1526 2768 1627 2821 ὅσα
1666 2766 1733 2819 τὰ
1764 2783 1905 2835 συμ-

282 2868 572 2939 ϐεϐηκότα
601 2866 746 2921 κατὰ
799 2865 1050 2935 καιροὺς,
1094 2863 1267 2916 δειναὶ
1310 2862 1369 2914 δέ
1413 2861 1509 2915 καὶ
1552 2860 1906 2928 ἀξιάκουστοι

281 2964 595 3035 πορθήσεις
626 2960 887 3028 γεγόνασι
913 2958 1204 3025 τέσσαρες.
1251 2953 1640 3017 Βασιλεύοντος
1668 2952 1767 3024 μέν
1797 2955 1906 3023 γὰρ

284 3060 344 3111 ἐν
372 3055 667 3127 Σαμαρείᾳ
714 3052 872 3125 Ὠσηέ
910 3051 1030 3105 υἱοῦ
1074 3050 1230 3113 Ἥλά,
1273 3048 1443 3119 ἀνέϐη
1485 3047 1853 3117 Σαλμανασάρ
1878 3049 1906 3098 6

2004 538 2327 609 prophetam
2363 551 2459 606 per
2481 550 2727 599 erucam,
2754 535 3043 602 locustam,
3077 538 3370 603 bruchum,
3396 541 3604 611 rubigi-

2001 647 2146 697 nem,
2173 639 2228 685 et
2252 631 2379 685 inde
2421 629 2799 700 provenientia
2824 630 2963 685 mala
3008 646 3073 687 ac
3107 632 3304 688 damna
3342 633 3607 689 intolera-

2000 724 2156 790 bilia,
2228 724 2492 794 cujusque
2547 723 2807 791 temporis
2853 722 3135 779 vastitates
3190 725 3493 790 insinuare,
3552 734 3610 781 et

2001 815 2381 887 captivitatum
2439 814 2782 870 conditiones
2839 816 2931 871 tali
2976 817 3269 877 verborum
3322 817 3606 872 involucro

2002 918 2127 963 ante
2152 909 2339 964 oculos
2372 924 2595 979 ponere,
2634 923 2731 978 per
2760 924 2900 979 quas
2926 924 3032 964 non
3066 924 3227 964 secus
3288 923 3353 964 ac
3392 917 3607 979 segetes

2003 1002 2057 1056 in
2087 1003 2234 1073 agris
2257 1002 2567 1074 consumpti
2600 1012 2730 1058 sunt
2751 1018 2816 1058 ac
2847 1002 3152 1072 perierunt,
3183 1016 3321 1070 pene
3358 1002 3607 1058 devorati

2006 1106 2171 1167 atque
2227 1096 2282 1151 in
2347 1096 2577 1151 nihilum
2619 1095 2826 1151 redac1i
2883 1096 2952 1150 ab
3003 1094 3297 1151 hostilibus
3352 1096 3609 1151 exerciti-

2004 1192 2126 1245 bus.
2149 1188 2437 1259 S‘gillatim
2464 1204 2698 1259 namque
2727 1187 2978 1243 ﬁnitima:
3007 1198 3199 1258 gentes
3217 1186 3499 1244 Judaicam
3522 1204 3610 1243 re-

2003 1281 2219 1348 gionem
2250 1278 2716 1335 iucursationibus
2748 1278 2962 1335 infestis
2997 1294 3140 1349 saepe
3169 1279 3440 1350 populata:
3458 1290 3608 1337 sunt.

2002 1372 2311 1443 Aliquando
2340 1381 2393 1425 et
2425 1370 2648 1444 Egypti
2680 1388 2837 1443 reges
2861 1372 3263 1442 expeditionem
3290 1388 3357 1428 eo
3416 1387 3607 1429 susce-

2005 1476 2221 1536 perunt.
2293 1465 2538 1522 Roboam
2596 1467 2797 1537 quippe
2870 1466 3260 1539 Hierosolymis
3321 1477 3605 1539 regnante,

2006 1560 2251 1614 ascendit
2277 1559 2550 1624 Susacim,
2581 1561 2783 1632 regiam
2810 1561 3120 1629 occupavit,
3150 1568 3205 1615 et
3239 1570 3508 1631 quotquot
3532 1561 3606 1615 ibi

2005 1661 2165 1707 erant
2196 1652 2499 1717 thesauros,
2525 1652 2824 1721 hastasque
2858 1662 2912 1709 et
2943 1653 3163 1724 clypeos
3199 1668 3415 1719 aureos,
3474 1668 3613 1723 quos

2009 1743 2518 1806 feceratSalomon.
2556 1747 2775 1807 avertit,
2809 1755 3013 1800 etcum
3066 1746 3292 1800 victoria
3326 1745 3609 1817 splendida

2010 1842 2232 1894 domum
2276 1841 2437 1895 rediit
2466 1839 2533 1893 ⁸⁸.
2575 1839 2682 1893 Nec
2712 1854 2873 1907 parva
2902 1853 2997 1892 eos
3032 1837 3188 1893 clade
3228 1838 3392 1893 Azael
3441 1838 3612 1911 Syrus

2011 1932 2287 1988 atllixit".
2327 1935 2504 1989 Etiam
2563 1932 2763 1988 Phulas
2810 1932 3231 2004 Babyloniorum
3283 1948 3376 1988 rex
3440 1935 3613 1988 tribus

2014 2037 2166 2080 trans
2190 2025 2483 2081 Jordanem
2518 2026 2752 2096 subegit.
2786 2025 2851 2080 Et
2871 2035 2998 2080 ante
3028 2027 3126 2081 hos
3148 2025 3366 2081 Pharao
3394 2024 3613 2081 Nechao

2010 2133 2105 2173 rex
2133 2117 2377 2190 Egypti,
2398 2116 2544 2174 Josia
2577 2128 2855 2188 sceptrum
2887 2098 3129 2183 tenente,
3163 2118 3471 2173 Samariam
3525 2118 3615 2172 in-

2009 2213 2173 2279 vasit,
2207 2211 2482 2283 regionem
2516 2210 3039 2276 fecittributariam,
3098 2212 3308 2266 exuetis
3355 2212 3475 2266 auri
3542 2221 3618 2264 ta-

2010 2305 2175 2360 lentis
2209 2315 2429 2360 centum
2457 2304 2523 2357 ⁵⁸.
2559 2304 2815 2360 Plurima:
2838 2305 3004 2373 igitur
3032 2304 3347 2360 Jndzeorum
3380 2306 3598 2359 calami-

2014 2407 2154 2453 tates
2182 2405 2238 2452 et
2263 2397 2599 2453 vastationes
2628 2397 2866 2453 diversis
2929 2398 3288 2466 temporibus,
3343 2397 3617 2466 insignio-

2012 2504 2102 2546 res
2128 2501 2308 2545 autem
2335 2498 2391 2545 et
2419 2490 2805 2545 memorabiles
2833 2500 3071 2560 quatuor
3111 2492 3484 2562 contigerunt.
3508 2488 3617 2545 Res

2012 2594 2213 2654 gnante
2237 2584 2382 2639 enim
2406 2583 2461 2638 in
2497 2583 2747 2638 Samaria
2774 2584 2941 2649 Osee,
2984 2584 3098 2639 lilio
3132 2583 3312 2651 Elam,
3370 2585 3618 2642 ascendit

2012 2675 2370 2732 Salmanasar
2394 2676 2677 2748 Assyrius,
2721 2687 2778 2731 et
2807 2676 3070 2732 lsraelem
3117 2678 3185 2733 ad
3235 2678 3529 2735 Persarum
3560 2691 3617 2734 et

2012 2769 2296 2825 Medorum
2324 2779 2570 2825 montosa
2599 2769 2875 2825 transtulit
2905 2770 2970 2826 ⁸³.
3007 2770 3162 2827 lland
3203 2772 3294 2829 diu
3357 2783 3497 2844 post,
3524 2771 3615 2831 Je-

2012 2864 2182 2919 remia
2216 2863 2571 2926 vaticinante,
2606 2863 2657 2917 vi
2690 2873 2746 2918 et
2773 2863 2943 2919 armis
2975 2862 3136 2934 201
3175 2863 3614 2936 Hierosolymam

2012 2954 2524 3011 Nabuchodonosor
2548 2955 2783 3010 obtinuit
2806 2954 2877 3020 ⁸ο,
2900 2964 2954 3010 et
3009 2954 3179 3010 Israel
3224 2961 3473 3026 captivus
3528 2960 3616 3015 vix

2014 3050 2229 3105 tandem
2258 3064 2287 3103 a
2306 3048 2449 3120 Cyro
2468 3049 2756 3122 Cambysis
2772 3050 2886 3106 fllio
2910 3050 3117 3121 elapsis
3138 3066 3335 3123 nempe
3360 3054 3516 3107 annis
3540 3070 3621 3109 sco

296 3148 619 3219 Ἀσσύριος,
646 3149 742 3201 καὶ
774 3144 1025 3215 ἀπῴκισε
1055 3143 1146 3196 τόν
1179 3140 1397 3212 Ἰσραὴλ
1425 3141 1502 3204 είς
1526 3140 1596 3193 τὰ
1630 3140 1734 3212 ὅρη
1768 3141 1902 3211 Περ-

2011 3142 2313 3213 ptuaginta,
2332 3142 2590 3198 dimissus
2612 3154 2697 3198 est
2717 3144 2785 3198 εί.
2806 3142 3015 3199 Deinde
3049 3145 3351 3201 secundum
3385 3157 3618 3218 tempus,

282 3243 404 3298 σῶν
423 3243 520 3295 καὶ
548 3242 603 3295 Μ
614 3240 774 3311 ήδων.
795 3235 931 3292 Εἶτα
951 3237 1127 3308 βραχὺ
1153 3234 1437 3308 προϊόντος
1452 3232 1546 3286 τοῦ
1570 3232 1787 3303 καιροῦ,
1811 3231 1905 3284 καὶ

285 3325 741 3408 προφητεύοντος
786 3331 1075 3402 Ἰερεμίου,
1107 3326 1456 3397 κατακράτος
1478 3324 1578 3396 τὴν
1625 3325 1901 3395 Ἰερουσα-

280 3434 403 3504 λὴμ
456 3432 670 3503 ᾕρηκεν
706 3431 733 3482 ὁ
776 3424 1271 3497 Ναϐουχοδονόσορ.
1316 3420 1534 3490 Ἀνείθη
1578 3419 1637 3472 δὲ
1674 3418 1829 3489 μόλις
1876 3420 1905 3470 6

298 3525 531 3597 Ἰσραὴλ
561 3522 652 3576 διὰ
674 3521 861 3592 Κύρου
888 3518 984 3572 τοῦ
1024 3514 1350 3588 Καμϐύσου,
1376 3514 1485 3567 τῶν
1524 3511 1903 3582 ἐϐδομήκοντα

283 3617 706 3689 τετελεσμένων
731 3614 890 3669 ἐτῶν.
925 3608 1063 3665 Εἶτα
1101 3610 1295 3680 γέγονε
1327 3606 1468 3662 κατὰ
1508 3606 1737 3678 καιροὺς
1780 3604 1904 3657 Ἀν-

284 3717 499 3786 τξοχος,
548 3713 575 3766 6
603 3709 835 3779 ἐπίκλην
874 3704 1199 3775 Ἐπιφανής.
1250 3696 1419 3765 Οὗτος
1450 3699 1783 3770 ἀφικόμενος
1825 3698 1906 3760 εἰς

284 3808 389 3879 τὴν
436 3802 725 3865 Ἰουδαίαν,
752 3799 846 3852 καὶ
890 3798 979 3850 τὸν
1012 3796 1157 3849 θεῖον
1186 3794 1457 3863 ἐνέπρησε
1489 3790 1624 3844 νεών
1649 3806 1662 3820 ο
1689 3783 1804 3842 εἷλέ
1844 3806 1900 3841 τε

283 3900 360 3956 τά
395 3896 573 3967 σκεύη
608 3894 681 3948 τὰ
720 3896 777 3947 ἐν
799 3890 968 3962 αύτῷ,
1001 3889 1097 3942 καὶ
1125 3886 1231 3941 τῶν
1260 3888 1531 3959 πατρῴων
1562 3882 1703 3937 ἐθῶν
1730 3901 1901 3937 κατα-

291 3993 572 4066 ρᾳθυμεῖν
628 3986 878 4051 ἐϐιάζετο
916 3982 1042 4042 τοὺς
1096 3981 1200 4034 ἀνά
1249 3982 1429 4033 πᾶσαν
1473 3977 1575 4049 τὴν
1616 3975 1895 4029 Ἰουδαίαν.

288 4065 431 4138 ἑὈτε
478 4082 576 4135 καὶ
616 4080 686 4134 τά
725 4078 834 4131 τῶν
881 4070 1263 4141 Μακκαϐαίων
1306 4068 1505 4139 συνέϐη
1535 4065 1767 4138 λαμπρά
1808 4065 1904 4116 καὶ

288 4173 718 4244 ἀξιοθαύμαστα
767 4167 1192 4239 κατορθώματα.
1253 4162 1529 4232 Τέταρτος
1586 4158 1644 4211 δὲ
1693 4160 1806 4221 τοῖς

304 4266 531 4339 Ἰσραὴλ
556 4266 584 4317 6
627 4261 919 4333 Ῥωμαίων
946 4258 1147 4328 συνέϐη
1188 4254 1445 4323 πόλεμος,
1473 4251 1561 4304 ὅτε
1588 4247 1685 4302 καὶ
1707 4249 1901 4317 ἐσκορ-

295 4360 577 4430 πίσθησαν
606 4357 687 4419 είς
713 4355 893 4409 πάντα
926 4353 1149 4422 ἄνεμον.
1181 4347 1401 4401 Ἔοικεν
1423 4339 1516 4398 οὖν
1554 4345 1583 4396 6
1620 4342 1906 4413 προφήτης

2014 3234 2321 3291 Antiochus
2349 3246 2717 3307 cognomento
2748 3234 2981 3292 lllustris
3012 3236 3236 3308 prodiit.
3294 3236 3392 3294 llic
3429 3239 3484 3293 in
3517 3237 3619 3294 Ju-

2014 3327 2188 3381 dwam
2213 3326 2512 3397 profectus,
2547 3328 2712 3382 etiam
2738 3328 3003 3383 divinum
3035 3331 3297 3402 templum
3350 3333 3618 3399 incendit,

2014 3435 2138 3473 vasa
2172 3422 2288 3489 ejus
2310 3420 2559 3492 diripuit,
2588 3427 2642 3475 et
2666 3418 2884 3478 Iudaeos
2906 3437 3101 3480 omnes
3123 3426 3301 3495 patria
3362 3425 3616 3483 instituta

2012 3514 2268 3569 deserere
2294 3513 2558 3583 compulit
2580 3513 2818 3571 ".Unde
2854 3525 2977 3570 nata
3009 3516 3449 3575 Machabzeornm
3480 3536 3620 3590 pra:-

2010 3605 2158 3659 t-lara
2184 3617 2242 3660 et
2269 3605 2632 3661 admiratione
2674 3610 3057 3678 prosequemla
3090 3612 3413 3666 certamina.
3438 3612 3620 3679 Quar-

2014 3705 2128 3750 tum
2152 3695 2350 3751 bellum
2376 3697 2638 3753 lsraelitis
2654 3697 2884 3754 Romani
2918 3699 3186 3767 fecerunt,
3216 3705 3432 3772 quando
3454 3706 3621 3761 etiam

2012 3784 2299 3841 inomnem
2358 3797 2579 3843 ventum
2637 3790 2888 3860 dissipati
2937 3802 3064 3849 sunt
3087 3794 3158 3849 ⁸³.
3203 3796 3444 3867 Apparet
3490 3814 3624 3870 ergo

2012 3878 2328 3947 prophetam
2381 3880 2613 3937 obscure
2636 3890 2692 3938 et
2740 3892 3000 3955 tanquam
3036 3888 3090 3942 in
3124 3892 3495 3961 paradigmate
3526 3908 3624 3962 per

2010 3971 2383 4027 narrationem
2437 3974 2743 4031 istiusmodi
2792 3978 3155 4037 domesticum
3198 3983 3356 4038 nobis
3410 3999 3623 4042 διπηιοε

2014 4080 2135 4117 nem
2190 4064 2399 4120 referre
2448 4066 2702 4134 voluisse,
2732 4083 2829 4137 per
2870 4085 3119 4136 erucam,
3155 4080 3454 4134 tocnstam.
3491 4078 3624 4131 bru-

2013 4156 2174 4209 chum
2205 4167 2259 4211 et
2300 4159 2597 4229 aeruginem
2635 4172 2731 4216 aut
2767 4162 2905 4217 bella
2959 4164 3073 4234 ipsa
3128 4167 3347 4235 oblique
3400 4170 3626 4240 signiti-

2016 4251 2226 4313 cando,
2257 4259 2353 4304 aut
2376 4252 2523 4320 ipsos
2554 4255 2957 4322 expeditionum
2983 4257 3165 4321 duces,
3199 4274 3431 4328 quorum
3466 4263 3624 4317 tnodo

2022 4356 2390 4399 IllClllllllﬂlUS.

294 4449 647 4525 ἀσυμφανῶς
674 4465 734 4501 τε
782 4446 876 4500 καὶ
903 4440 1184 4515 ἀμυδρῶς,
1221 4438 1315 4493 καὶ
1340 4437 1414 4500 ὡς
1464 4436 1523 4488 ἐν
1566 4433 1697 4488 εῖδει
1756 4433 2251 4504 παραδειγμάτων,
2280 4436 2367 4491 διὰ
2430 4435 2541 4490 τῶν
2578 4440 2841 4494 τοιούτων
2905 4441 3266 4517 διηγημάτων
3304 4447 3398 4502 τὸν
3420 4449 3624 4505 οἰκεῖν,

292 4550 432 4619 ἡμῖν
483 4541 853 4614 ἀποκομίζειν
914 4534 1201 4608 βούλεσθαι
1250 4533 1443 4600 λόγον,
1506 4528 1758 4599 κάμπην,
1806 4529 1900 4580 καὶ
1944 4528 2165 4596 ἀκρίδα,
2208 4531 2304 4583 καὶ
2364 4531 2619 4605 βρούχον,
2661 4536 2756 4591 καὶ
2822 4537 3007 4608 μέντοι
3055 4541 3151 4594 καὶ
3188 4543 3472 4614 ἐρυσίϐην,
3504 4545 3625 4616 ἦτοι

294 4642 427 4705 τοὺς
470 4637 748 4709 πολέμους
800 4633 997 4696 αὐτοὺς
1044 4627 1294 4697 πλαγίως
1347 4623 1680 4697 παραδηλῶν
1708 4640 1719 4652 ·
1764 4624 1931 4693 ἤγουν
2000 4626 2127 4689 τοὺς
2163 4626 2275 4679 τῶν
2317 4629 2621 4700 στρατειῶν
2658 4631 3011 4704 ἐξάρχοντας,
3037 4628 3114 4690 ὧν
3145 4637 3241 4691 καὶ
3271 4638 3478 4709 ἀρτίως
3526 4658 3626 4695 πε·

295 4740 427 4810 ποιή
439 4736 585 4809 μεθα
628 4733 851 4804 μνήμην
872 4767 887 4785 .

368 4837 435 4889 Εἰ
465 4834 528 4887 δὲ
565 4831 632 4902 δή
666 4847 749 4892 τις
782 4826 1027 4898 βούλοιτο
1076 4822 1172 4877 καὶ
1214 4819 1563 4892 ἠθικωτέραν
1594 4820 1653 4872 ἐν
1695 4816 1902 4879 τούτοις

2092 4819 2188 4873 Sin
2224 4818 2345 4889 quis
2375 4821 2579 4876 sentiat
2629 4822 2895 4877 moralem
2931 4825 3327 4894 expositionem
3357 4829 3443 4886 his
3491 4847 3625 4888 con-

297 4927 586 4997 ἀφήγησιν
638 4916 1073 4990 ἀναγράφεσθαι,
1109 4914 1211 4967 οὐκ
1257 4912 1323 4966 ἂν
1364 4912 1606 4983 ἁμάρτοι
1642 4908 1739 4963 τοῦ
1772 4911 1910 4982 πρέ-

298 5032 500 5078 ποντος
521 5030 535 5043 ·
564 5014 615 5065 εί
639 5010 751 5083 γάρ
784 5009 961 5079 ὁρῷτο
992 5007 1140 5078 ψυχὴ
1195 5006 1410 5075 συχνοῖς
1450 5004 1547 5057 καὶ¹
1586 5002 1913 5072 ἐπαλλήλοις

300 5101 763 5172 καταδακνομένη
799 5098 1042 5164 πάθεσι,
1094 5097 1192 5149 καὶ
1250 5090 1361 5147 οἷον
1416 5094 1659 5165 ἐκάστην
1706 5094 1911 5166 ἀρετὴν

302 5196 683 5259 ἀπολλύουσα,
717 5194 812 5247 καὶ
855 5195 999 5247 κατὰ
1039 5190 1215 5263 βραχὺ
1252 5188 1411 5241 τοῦτο
1455 5189 1654 5259 ἐκείνῳ
1684 5204 1913 5259 προστι-

304 5290 461 5345 θεῖσα
511 5288 603 5342 διά
641 5286 939 5359 ῥαθυμίαν,
977 5284 1097 5347 πῶς
1143 5283 1245 5336 οὐκ
1294 5280 1527 5351 ἀτρεκὲς
1556 5280 1644 5333 ἐπ’
1682 5281 1822 5351 αὐτῇ
1851 5278 1913 5333 τὸ

304 5384 515 5455 λέγειν,
554 5402 573 5435 ι
614 5383 698 5435 Τὰ
740 5380 1050 5435 κατάλοιπα
1103 5377 1205 5446 τῆς
1240 5375 1473 5445 κάμπης
1516 5372 1825 5443 κατέφαγεν
1877 5374 1910 5442 ἠ

306 5480 493 5550 ἁκρὶς,
528 5476 625 5530 καὶ
667 5475 737 5529 τὰ
771 5474 979 5545 ταύτης
1024 5471 1278 5543 βρούχος,
1328 5469 1397 5521 τά
1444 5466 1503 5520 δὲ
1542 5465 1640 5519 τοῦ
1675 5464 1909 5537 βρούχου

308 5575 343 5643 ή
372 5566 986 5647 ἐρυσί6η;›Ἑρυσί6ης
1037 5564 1147 5635 γάρ
1194 5562 1353 5632 δίκην
1402 5560 1498 5614 καὶ
1541 5556 1653 5612 τῶν
1708 5556 1914 5628 ἐτέρων

382 5748 431 5783 ⁸⁸
470 5748 533 5803 Ill
575 5746 709 5818 Reg.

320 5820 449 5892 Reg.
498 5835 624 5886 xxv,
667 5824 715 5877 Ι.

753 5762 868 5805 xtv.
900 5742 1097 5797 23-97.
1177 5738 1221 5772 "
1266 5741 1331 5795 IV
1362 5740 1496 5809 Reg.
1527 5736 1770 5809 "11,28.

1847 5733 1892 5766 "
1927 5732 1997 5787 IV
2040 5736 2170 5804 Reg.
2205 5754 2363 5802 mu.
2396 5740 2485 5795 S5.

794 5820 832 5850 '“
859 5802 918 5869 Lll
957 5813 1135 5869 Paral.
1180 5802 1633 5882 axxvt,passim;
1672 5808 1689 5861 Ι
1723 5807 1882 5863 Esdt'.
1913 5822 1952 5875 ι,
1988 5806 2041 5864 5.
2090 5802 2150 5882 _“
2190 5811 2206 5865 Ι
2250 5812 2499 5869 Machab.
2539 5830 2573 5878 I,
2613 5814 2703 5869 Ξῖ).

2016 4910 2195 4975 tiueri,
2222 4928 2251 4963 a
2288 4922 2437 4966 recto
2474 4929 2581 4966 non
2624 4918 2986 4972 aberraverit.
3025 4917 3161 4973 Nam
3205 4922 3250 4976 si
3284 4923 3463 4977 anima
3506 4944 3626 4980 cer-

2016 5013 2183 5058 natur
2256 5006 2467 5060 crebris
2518 5017 2573 5062 et
2621 5012 3047 5065 succedentibus
3111 5006 3623 5084 perturbatimiilms

2013 5095 2231 5167 agitari,
2264 5106 2319 5150 et
2349 5098 2501 5166 quasi
2527 5098 2754 5154 virtutes
2786 5102 3028 5171 singulas
3050 5107 3297 5174 perdere,
3327 5110 3621 5178 paulatim-

2012 5203 2120 5258 que
2181 5188 2321 5244 hanc
2369 5193 2677 5259 passionem
2743 5192 2815 5246 illi
2869 5211 2966 5264 per
3028 5184 3619 5266 socordiam‘adderc,

2016 5281 2293 5350 quomodo
2368 5298 2476 5337 non
2551 5299 2679 5338 vere
2732 5286 2798 5339 de
2884 5288 2999 5356 ipsa
3088 5290 3358 5345 dicatur:
3422 5310 3442 5343 ‹
3513 5295 3620 5348 lte-

2022 5376 2236 5431 siduum
2261 5390 2437 5430 erucae
2494 5378 2729 5432 comedit
2760 5379 3052 5444 locusta,et
3097 5382 3371 5436 residuum
3398 5384 3621 5442 locusta:

2022 5464 2261 5521 comedit
2308 5466 2570 5531 bruchus,
2594 5476 2649 5524 et
2701 5469 2975 5524 residuum
3000 5472 3192 5527 bruchi
3225 5474 3466 5531 comedit
3521 5492 3619 5532 ru—

2022 5560 2147 5630 biga
2190 5558 2214 5611 1
2253 5576 2273 5611 ι
2312 5557 2491 5615 lnstar
2536 5563 2681 5617 enim
2710 5563 2975 5635 rubiginis
3030 5564 3373 5641 aliarumque
3432 5571 3621 5644 hujus-

3468 5755 3515 5788 ⁸ο
3548 5746 3617 5812 ιν

2598 5743 2753 5822 ιῙ-ιν
2788 5742 2926 5822 βρς.
2969 5762 3103 5816 xvtt,
3141 5754 3371 5822 passim.

2786 5818 2833 5847 ⁵³
2874 5819 2984 5875 Jer.
3024 5818 3172 5889 xux',
3215 5826 3306 5878 5:2.
