3982 6454
378 345 482 400 555

1370 340 1426 398 S.
1471 341 1744 398 CYRILLI
1783 338 2257 397 ALEXANDRINI
2297 340 2617 397 ARCHIEP.

3538 332 3646 393 536

382 465 520 517 inodi
551 464 781 530 p‘stium
809 462 1180 531 depascuntur
1203 463 1601 532 quodammodo
1630 479 1755 535 qua}
1789 464 1841 517 in
1860 479 1960 518 no»

2078 465 2271 530 κακῶν,
2306 462 2736 518 καταϐόσκονταί
2762 478 2876 524 πως
2914 459 2980 512 τὰ
3011 462 3066 511 ἐν
3097 456 3229 529 ἡμῖν
3264 457 3447 526 ἁγαθά
3478 477 3649 528 mw,-

378 554 460 607 bis
490 553 674 607 insunt
696 553 857 614 bona,
893 538 1044 619 ῃτςῖνί
1073 563 1123 606 et
1152 552 1409 605 immundi
1436 552 1707 606 exercitus
1726 553 1962 606 animum

376 644 690 706 subeuntes,
727 651 779 695 et
805 641 1189 697 insatiabiliter
1214 657 1538 696 consumere
1588 644 1765 697 omnia
1795 641 1960 696 soliti.

376 736 525 792 Bona
557 747 640 791 est
673 736 836 805 igitur
870 735 1140 791 custodia.
1172 735 1289 803 _Nec
1317 750 1507 804 parum
1548 750 1646 790 nos
1675 736 1827 804 juvat
1861 735 1963 787 Pa-

379 826 715 881 rmmiastes:
752 844 770 878 t
794 825 851 879 Si
874 825 1098 896 spiritus
1124 833 1445 893 potestatem
1470 825 1740 886 habentis,
1768 824 1962 891 inquit,

375 917 686 990 ascenderit
708 931 872 986 super
899 926 970 981 te,
993 916 1165 971 locum
1208 924 1355 969 tuum
1406 930 1474 971 ne
1522 915 1812 981 dimiseris,
1838 916 1964 984 quia

375 1011 586 1065 curatio
610 1008 772 1065 faciet
813 1025 1031 1065 cessare
1062 1018 1281 1079 peccata
1324 1010 1556 1063 maxima
1594 1010 1662 1063 “.
1708 1026 1727 1060 ι
1762 1010 1965 1077 Repre-

379 1102 561 1157 hensaa
605 1103 749 1155 enim
797 1103 865 1156 ab
915 1102 1072 1155 initio
1121 1100 1329 1155 vitiosas
1362 1098 1675 1156 aﬂectiones
1708 1101 1965 1155 sedantur

376 1204 431 1249 et
493 1194 945 1265 comprimuntur.
1002 1193 1098 1247 Sin
1177 1193 1330 1263 quasi
1414 1194 1578 1247 latum
1645 1202 1698 1247 et
1762 1194 1965 1262 absque

376 1288 747 1343 admonitione
797 1288 865 1341 ad
920 1286 1191 1341 deteriora
1240 1299 1588 1355 progressum
1647 1284 1963 1341 nactariue-

379 1380 511 1443 rint,
562 1388 729 1433 totam
787 1379 1024 1432 animam
1070 1392 1167 1445 per
1207 1377 1387 1432 omnia
1415 1377 1698 1444 dilaniant,
1721 1387 1774 1431 et
1795 1378 1965 1434 ratio-

377 1473 459 1528 nis
488 1471 1011 1526 animadversionem
1043 1471 1273 1539 amplius
1300 1486 1404 1525 non
1448 1472 1751 1539 patiuntur.

451 1563 611 1617 Vens.
641 1562 696 1618 5.
727 1560 1059 1631 Resipiscite,
1084 1561 1234 1627 ebrii,
1254 1577 1287 1615 a
1308 1562 1427 1616 uino
1451 1572 1647 1629 vestro,
1665 1572 1712 1616 et
1742 1561 1961 1629 piorale.

380 1654 645 1724 Plangite,
691 1671 869 1709 omnes
920 1655 1012 1723 qui
1063 1654 1239 1708 bibitis
1285 1655 1461 1708 vinum
1503 1655 1572 1708 ad
1627 1656 1963 1719 ebrietalm;

374 1747 622 1814 quoniam
661 1745 843 1801 ablata
886 1756 960 1801 est
1004 1745 1070 1799 ab
1121 1761 1211 1799 ore
1268 1754 1439 1799 vestro
1479 1744 1667 1799 [milia
1734 1759 1779 1798 et
1830 1761 1963 1815 gau-

376 1841 543 1893 dium.

449 1930 513 1985 V.
535 1931 677 1985 Citra
712 1929 984 1999 negotium
1016 1945 1227 1992 rursus.
1259 1938 1318 1984 ut
1367 1929 1624 1993 arbitror,
1647 1929 1774 1984 hinc
1794 1930 1958 1984 etiam

376 2023 661 2093 perspicue
689 2022 873 2079 videas
908 2022 1072 2076 divini
1098 2021 1248 2075 Pauli
1283 2021 1632 2089 sapientiam.
1661 2020 1767 2075 Per
1800 2021 1957 2075 ﬁdem

379 2122 430 2171 in
471 2116 746 2172 Christum
787 2116 941 2184 quasi
991 2129 1191 2184 sagena
1246 2114 1522 2169 conclusis
1576 2114 1711 2168 alias
1742 2115 1960 2182 quidem

378 2206 691 2261 salutariter
717 2204 985 2259 acclamat
1015 2222 1029 2258 :
1064 2222 1081 2256 ι
1106 2201 1299 2273 Surge,
1329 2205 1420 2271 qui
1450 2204 1749 2269 dormis";
1775 2223 1795 2255 ι
1830 2204 1964 2259 alias

380 2312 565 2354 rursus
578 2298 646 2353 ad
675 2297 918 2351 laborum
947 2296 1262 2365 patientiam
1286 2295 1448 2366 202
1486 2295 1843 2351 adamandam
1862 2294 1991 2349 ἰηιιέ

377 2390 606 2460 pclleus,
648 2389 721 2443 ita
755 2389 1030 2458 loquitur:
1069 2407 1088 2440 ι
1157 2387 1210 2443 In
1263 2388 1543 2456 disciplina
1599 2398 1960 2457 perseverate.

377 2482 661 2551 Tanquam
683 2482 808 2537 ﬁliis
830 2481 987 2536 vobis
1017 2480 1173 2538 θεῖοι-ι
1193 2496 1251 2535 se
1285 2480 1453 2535 Dens:
1479 2482 1600 2550 quis
1630 2480 1773 2534 enim
1802 2479 1961 2548 ﬁlius,

377 2592 535 2647 quem
570 2590 675 2629 nou
702 2576 928 2645 corripit
988 2585 1140 2643 pater
1171 2570 1255 2627 "‘i
1290 2593 1306 2625 ι
1356 2573 1596 2627 Perculit
1640 2574 1784 2627 enim
1831 2586 1964 2641 pee-

377 2676 628 2732 catores,
661 2677 916 2735 tanquam
948 2682 1053 2720 non
1102 2664 1312 2730 volens,
1356 2667 1482 2734 quia
1525 2665 1644 2734 pius
1669 2673 1753 2719 est
1787 2665 1964 2730 Deus;

379 2761 474 2815 sed
508 2760 658 2814 velut
686 2770 934 2820 coactus,
981 2764 1309 2811 convertens
1342 2771 1458 2819 eos,
1519 2766 1573 2809 et
1606 2758 1672 2810 de
1703 2754 1967 2824 supplicio

379 2854 482 2908 illis
506 2853 723 2907 modum
747 2851 933 2905 auxilii
954 2849 1230 2913 elﬁciens;
1268 2848 1719 2919 quemadmodum
1762 2846 1970 2902 scilicet

379 2947 505 3001 boni
533 2958 747 3016 quoque
772 2943 963 2998 medici
986 2941 1374 3014 aegrotantibus
1403 2954 1662 3010 perquam
1712 2939 1861 2992 acria
1915 2947 1969 2993 et

380 3038 629 3095 insuavia
680 3036 1074 3091 medicamenta
1134 3036 1465 3097 ministrant,
1506 3041 1563 3087 ut
1604 3032 1806 3087 doloris
1837 3030 1972 3085 tole-

380 3131 557 3186 rantia
592 3130 838 3185 morbum
866 3127 1120 3198 depellat.
1152 3126 1450 3182 Considera
1475 3122 1623 3179 enim
1681 3139 1792 3193 quo
1813 3134 1970 3193 pacto
1997 3150 2040 3207 (ς

381 3220 586 3292 ﬂagella
618 3220 768 3289 prius
796 3226 1102 3281 ostentans,
1128 3226 1184 3273 et
1206 3216 1335 3287 quid
1364 3217 1444 3271 ira
1464 3216 1536 3270 sit
1578 3216 1788 3269 {actura
1841 3222 1967 3268 ante

382 3316 785 3377 demonstrans,
823 3319 1029 3364 tantum
1066 3323 1171 3363 non
1209 3326 1230 3361 ι
1267 3322 1423 3363 camo
1452 3316 1508 3362 et
1538 3306 1690 3361 freno
1723 3304 1971 3359 maxillas

381 3419 568 3461 eorum
604 3403 671 3470 ⁵⁷,
702 3420 721 3455 ι
753 3411 811 3459 ut
839 3404 1095 3473 scriptum
1136 3408 1243 3467 est,
1278 3399 1642 3469 cons1ringat,
1680 3407 1738 3455 et
1764 3407 1970 3453 retror-

381 3509 500 3550 sum
531 3493 934 3564 quodammodo
986 3492 1241 3548 incedere
1294 3491 1487 3560 iubeat
1530 3491 1745 3544 animos
1803 3488 1869 3542 ad
1917 3487 1969 3542 id

383 3588 526 3658 quod
562 3591 860 3655 praestabat
884 3594 940 3641 et
989 3584 1434 3641 decentissimum
1459 3591 1579 3636 erat
1613 3580 1967 3650 applicantes.

390 3698 410 3732 ε
458 3675 1301 3750 Expergiscimini,ebrii,avino
1334 3682 1538 3727 vestro.
1568 3690 1586 3723 ι
1643 3671 1810 3726 Audis
1835 3686 1969 3740 quo-

385 3774 548 3828 modo
589 3781 648 3825 ut
683 3770 819 3824 ﬁlios
885 3778 1065 3823 mente
1096 3776 1328 3829 emotos,
1371 3775 1426 3821 et
1474 3764 1586 3834 jam
1647 3764 1971 3818 temulentos

386 3865 642 3933 deinceps
742 3861 1013 3931 objurgat.
1088 3858 1354 3925 Quoniam
1428 3858 1471 3911 si
1553 3856 1865 3926 vigilassent
1939 3868 1968 3907 a

389 3956 675 4026 principio,
704 3953 818 4009 sola
859 3965 1024 4007 eruca
1053 3951 1225 4021 puniti
1253 3950 1386 4005 satis
1415 3948 1665 4004 fuissent.
1703 3948 1808 4002 Sed
1841 3946 1967 4015 quia

388 4049 559 4119 prima
585 4061 743 4117 poena
764 4046 1000 4116 irrogata
1033 4044 1306 4100 oblirmati
1338 4049 1676 4106 manserunt,
1716 4039 1968 4108 adjuncta

384 4150 468 4196 est
503 4141 698 4203 altera,
722 4147 777 4195 et
803 4149 923 4209 post
950 4139 1091 4194 hanc
1120 4136 1303 4202 tertia,
1343 4145 1590 4203 etusque
1618 4133 1687 4190 ad
1718 4140 1967 4202 quartam

387 4233 619 4303 denique
647 4241 866 4286 ventum
910 4239 1017 4286 est.
1081 4227 1467 4283 Verumtamen
1502 4225 1696 4280 saltem
1728 4237 1853 4278 sero
1884 4237 1974 4276 ex—

386 4324 746 4394 pergefactos,
780 4332 837 4378 et
886 4322 1309 4392 resipiscentes,-
1347 4326 1403 4372 et
1458 4319 1611 4386 quasi
1650 4315 1968 4370 ebrietatem

385 4415 673 4484 quamdam
710 4414 908 4469 mentis
932 4413 1171 4470 studium
1194 4412 1263 4466 ad
1294 4410 1626 4478 voluptatem
1652 4407 1969 4462 etinsauam

2072 557 2164 627 ραὶ
2212 558 2307 609 καὶ
2337 556 2640 623 ἀκάθαρτοι
2688 552 2950 623 δυνάμεις
2978 552 3057 612 είς
3090 549 3214 602 νοῦν
3251 547 3650 627 ἐμπίπτουσαι,

2065 649 2161 703 καὶ
2201 649 2502 719 ἀπλήστοις
2526 645 2706 700 όδοῦσι
2739 645 2984 714 δαπανᾷν
3019 639 3342 712 εἰθισμέναι.
3375 639 3531 710 Καλή
3572 655 3655 693 τοι

2066 740 2174 808 γὰρ
2235 737 2328 793 οὖν
2377 742 2409 810 ἡ
2455 739 2743 807 ἀσφάλεια.
2786 738 2900 791 Καὶ
2949 737 3014 806 δὴ
3065 733 3160 787 καὶ
3210 733 3465 803 ὀνίνησιν,
3503 733 3655 802 ἡμᾶς

2065 831 2126 882 οὐ
2161 829 2398 901 μετρίως
2424 831 2452 884 6
2486 826 2920 902 Παροιμιαστὴς,
2951 825 3157 893 λέγων·
3205 841 3225 876 t
3266 823 3394 877 Ἐὰν
3433 821 3655 892 πνεῦμα

2066 919 2161 973 τοῦ
2193 920 2600 988 ὲξουσιάζοντος
2631 920 2806 990 ἀναϐῇ
2835 921 2929 972 ἐπὶ
2961 916 3043 981 σὲ,
3068 915 3236 969 τόπον
3259 929 3353 967 σου
3387 913 3461 984 μὴ
3484 913 3652 984 ἀφῇς,

2064 1011 2147 1066 ὅτι
2182 1012 2322 1082 ταμα
2367 1010 2713 1065 καταπαύσει
2765 1007 3041 1080 ἁμαρτίας
3084 1005 3347 1078 μεγάλας.
3385 1024 3405 1056 ι
3444 1005 3657 1059 Ἐπιτι-

2067 1102 2297 1175 μώμενα
2335 1102 2445 1175 γὰρ
2478 1104 2538 1156 ὲν
2583 1104 2782 1174 ἀρχαῖς
2819 1102 2887 1156 τὰ
2948 1101 3118 1172 πάθη,
3156 1098 3425 1153 παύονταί
3458 1115 3518 1151 τε
3557 1097 3657 1152 καὶ

2065 1193 2490 1248 ἀνακόπτονται.
2524 1193 2799 1247 Πλατεῖαν
2838 1192 2895 1244 δὲ
2923 1189 3112 1262 ὥσπερ
3149 1188 3246 1243 καὶ
3289 1188 3650 1257 ἀνουθέτητον

2066 1285 2116 1337 εί
2156 1283 2374 1337 λάϐοιεν
2418 1283 2518 1353 τὴν
2558 1284 2638 1346 εἰς
2670 1281 2740 1335 τά
2774 1281 2945 1352 χείρω
2974 1279 3232 1350 πρόοδον,
3272 1277 3400 1347 ὅλης
3431 1275 3499 1329 δι’
3528 1275 3653 1330 ὅλου

2066 1377 2531 1449 καταδράττονται
2569 1373 2670 1443 τῆς
2707 1373 2908 1444 ψυχῆς,
2943 1371 3039 1424 καὶ
3065 1368 3326 1441 λογισμοῦ
3363 1367 3458 1423 τοῦ
3495 1367 3659 1422 κολά-

2066 1469 2250 1535 ζοντος
2277 1469 2379 1523 οὐκ
2409 1468 2714 1539 ἀνέχονται.

2148 1560 2511 1631 Ἐκνήψατε,
2536 1561 2591 1613 οἱ
2615 1559 2965 1628 μεθύοντες,
3002 1555 3071 1620 ἐξ
3095 1554 3265 1609 οἴνου
3304 1550 3522 1618 αὐτῶν,
3554 1551 3656 1606 καί

2067 1654 2398 1706 κλαύσατε.
2428 1649 2801 1721 Θρηνήσατε,
2852 1647 3078 1712 πάντες
3106 1648 3160 1699 oi
3185 1645 3468 1709 πίνοντες
3487 1639 3658 1697 οἶνον

2064 1746 2153 1811 εὶς
2184 1744 2378 1814 μέθην
2398 1760 2412 1773 ⁸
2441 1742 2530 1797 ὅτι
2555 1736 2779 1812 ἐξῆρθη
2806 1740 2876 1794 ἐκ
2915 1742 3216 1808 στόματος
3256 1735 3421 1807 ὑμῶν
3450 1738 3657 1805 εὐφροο

2064 1837 2225 1904 σύνη
2253 1835 2352 1890 καὶ
2386 1834 2562 1904 χαρά.

2136 1928 2212 1982 Ε’.
2257 1929 2524 1999 Ἀμογητὶ
2562 1926 2628 1997 δὴ
2663 1925 2824 1979 πάλιν
2850 1923 3162 1989 κάντεῦθεν,
3193 1918 3368 1993 οἶμαι,
3403 1922 3489 1984 τὶς
3515 1934 3654 1987 κατ-

2063 2022 2294 2093 αθρήσει
2327 2021 2530 2089 σαφῶς,
2569 2020 2646 2083 ὡς
2678 2019 2839 2088 σοφὸς
2881 2012 2949 2088 ἦν
2993 2016 3133 2085 ἄγαν
3167 2017 3195 2068 6
3232 2015 3375 2077 θεῖος
3417 2012 3651 2080 Παῦλος,

2064 2116 2176 2176 τοῖς
2218 2113 2307 2167 διὰ
2338 2112 2591 2184 Ῑπίστεως
2624 2110 2722 2181 τῆς
2771 2111 2853 2173 εἰς
2882 2103 3117 2180 Χριστὸν
3166 2104 3658 2176 σεσαγηνευμένοις

2064 2213 2144 2274 είς
2196 2208 2473 2281 σωτηρίαν
2528 2204 2818 2274 ὲπιφωνῶν
2859 2220 2920 2256 τε
2963 2203 3063 2257 καὶ
3108 2201 3302 2269 λέγων,
3336 2199 3470 2252 ποτε
3522 2199 3655 2270 μέν’

2074 2322 2092 2355 ι
2108 2304 2382 2372 Ἕγειραι,
2416 2301 2443 2352 6
2477 2298 2786 2352 καθεύδωνθ
2816 2315 2834 2349 ι
2860 2295 2990 2350 ποτὲ
3011 2295 3069 2351 δὲ
3101 2290 3167 2348 αὖ
3189 2293 3284 2348 καὶ
3307 2292 3370 2346 τὸ
3396 2293 3455 2346 ὲν
3477 2292 3659 2353 πόνοις

2066 2393 2343 2464 τληπαθὲς
2391 2392 2613 2462 ἀγαπᾷν
2650 2388 2985 2455 ἀναπείθων,
3022 2386 3282 2460 ταύτῃτοι
3314 2385 3406 2438 καὶ
3443 2383 3656 2451 λέγων’

2074 2480 2197 2546 «Ei:
2226 2482 2475 2537 παιδείαν
2511 2482 2836 2552 ὑπομένετε,
2866 2479 2941 2545 ὡς
2966 2480 3101 2544 υἱοῖς
3131 2481 3262 2550 ὑμῖν
3288 2478 3659 2549 προσφέρεται

2068 2580 2096 2630 6
2128 2577 2264 2640 Θεός
2285 2593 2300 2608 ⁸
2324 2575 2411 2640 τίς
2440 2574 2551 2647 γάρ
2584 2575 2734 2628 ἐστιν
2763 2573 2899 2640 υίὸς,
2922 2573 2984 2627 ὃν
3004 2574 3067 2627 ού
3093 2561 3339 2626 παιδεύει
3380 2571 3599 2641 πατήρ;
3636 2589 3654 2620 ι

2068 2666 2384 2722 Καταπαίει
2409 2666 2517 2738 γὰρ
2540 2664 2730 2737 ὥσπερ
2768 2664 2897 2729 τοὺς
2917 2662 3334 2735 ἁμαρτάνοντας
3360 2661 3461 2732 οὐχ
3497 2659 3661 2721 ἑκὼν,

2080 2757 2262 2811 καίτοι
2289 2756 2676 2828 φιλάνθρωπος
2702 2754 2801 2821 ὢν,
2831 2756 2860 2809 ὁ
2885 2754 3035 2821 Θεὸς,
3074 2754 3190 2808 ἀλλ’
3210 2754 3285 2819 ὡς
3315 2752 3375 2820 ὲξ
3394 2753 3663 2821 ἀνάγκης.

2071 2850 2439 2921 ἐπιστρέφων,
2466 2848 2563 2902 καὶ⁵
2582 2849 2790 2918 τρόπον
2809 2847 2994 2910 αὐτοῖς
3025 2846 3347 2918 ἐπικουρίας
3371 2845 3432 2899 τὸ
3469 2845 3666 2917 χρῆμα

2083 2943 2443 3011 ποιούμενος·
2507 2938 2758 3012 καθάπερ
2806 2938 2999 3011 ἀμέλει
3042 2938 3138 2994 καὶ
3180 2939 3232 2992 oi
3269 2942 3371 3008 τῆς
3414 2938 3666 3009 ἰατρικῆς

2074 3033 2446 3102 ἐπιστήμονες
2489 3033 2605 3094 τοῖς
2641 3028 2993 3103 ἀρρωστοῦσι
3053 3029 3395 3101 προσάγουσι
3455 3030 3552 3083 καὶ
3588 3029 3661 3082 τά

2076 3124 2282 3195 σφόδρα
2315 3121 2726 3177 καταδάκνοντα
2754 3121 2865 3176 τῶν
2889 3121 3224 3194 φαρμάκων,
3255 3121 3444 3176 ἄκεσιν
3480 3123 3666 3185 αὐτοῖς

2076 3214 2171 3268 τοῦ
2226 3214 2435 3278 πάθους
2474 3214 2535 3267 τὸ
2584 3213 2694 3267 δεῖν
2747 3213 2985 3284 ἀλγῆσαι
3019 3212 3356 3280 ποιούμενοι.
3396 3212 3510 3266 Θέα
3554 3213 3667 3285 γὰρ

2080 3310 2230 3371 ὅπως
2268 3307 2367 3371 τὰς
2397 3306 2669 3377 μάστιγας
2701 3303 3120 3377 προῦποδείξας,
3159 3305 3255 3359 καὶ
3279 3306 3668 3379 προαναφήνας

2087 3401 2156 3454 τά
2202 3399 2261 3467 ἐξ
2311 3400 2505 3472 ὀργῆς,
2546 3398 2833 3471 μονονουχὶ
2874 3416 2894 3451 ι
2943 3397 3147 3469 χαλινῷ
3211 3398 3308 3452 καὶ
3357 3398 3521 3469 κημῷ
3567 3398 3668 3460 τάς

2078 3494 2332 3563 σιαγόνας
2362 3492 2565 3558 αὐτῶν,
2594 3511 2614 3543 ι
2646 3491 2788 3546 κατά
2828 3490 2892 3545 τὸ
2934 3490 3352 3563 γεγραμμένον,
3378 3491 3539 3561 ἄγχει
3570 3489 3669 3544 καὶ

2075 3587 2267 3641 ἀνόπιν
2304 3585 2498 3657 ὥσπερ
2543 3584 2683 3640 um
2717 3583 2951 3650 κελεύει,
2997 3582 3385 3656 μετατιθέντας
3424 3583 3515 3637 τὸν
3540 3582 3668 3637 νοῦν

2076 3679 2171 3732 ἐπὶ
2204 3676 2324 3731 τόδε
2351 3677 2663 3742 ἀνελέσθαι,
2696 3676 2835 3748 ὅπερ
2860 3672 2931 3749 ἦν
2961 3676 3188 3748 ἄμεινόν
3212 3693 3272 3729 τε
3298 3676 3395 3731 καὶ
3434 3693 3663 3747 πρεπω-

2075 3769 2349 3822 δέστατον.
2377 3787 2397 3820 ι
2418 3769 2719 3839 Ἐκνηψατε
2744 3767 2936 3839 γάρ,οἱ
2969 3766 3283 3839 μεθύοντες,
3301 3767 3361 3832 ἐξ
3388 3768 3532 3821 οἴνου
3563 3768 3666 3821 αὐ·

2078 3861 2210 3916 τῶν.
2241 3880 2261 3913 ι
2323 3860 2602 3926 Ἀκούεις,
2648 3861 2796 3926 ὅπως
2838 3861 2914 3924 ὡς
2960 3860 3173 3926 τέκνοις
3217 3861 3536 3932 ὲξεστηκόσι
3575 3862 3671 3916 καὶ

2077 3953 2178 4023 ἥδη
2219 3952 2619 4025 μεμεθυμένοις
2653 3953 2978 4025 ἐπιπλήττει
3014 3953 3221 4008 λοιπόν.
3265 3954 3351 4018 Ὡς
3384 3954 3541 4025 εἴπερ
3569 3955 3668 4007 ἐκ·

2078 4046 2306 4115 νήψειαν
2342 4047 2401 4100 ὲν
2447 4047 2665 4118 ἀρχαῖς,
2701 4046 2937 4117 ἤρκεσεν
2981 4045 3048 4099 ἂν
3096 4046 3219 4118 δίκη
3252 4047 3436 4110 αὐτοῖς
3478 4046 3574 4102 καὶ
3600 4046 3673 4101 τὰ

2079 4137 2143 4188 ὲκ
2168 4138 2336 4208 μόνης
2367 4137 2467 4207 τῆς
2494 4139 2726 4207 κάμπης
2748 4155 2761 4168 ·
2788 4138 2911 4191 ἐπεὶ
2939 4137 2996 4191 δὲ
3027 4137 3291 4192 ἀνάλωτοι
3327 4138 3673 4209 μεμενήκασι

2079 4231 2178 4299 τῆς
2205 4228 2430 4299 πρώτης
2460 4228 2629 4301 ὀργῆς
2662 4230 2835 4302 αὐτῆς
2860 4232 3321 4301 ἐπενηνεγμένης,
3348 4229 3672 4302 προστέθει-

2078 4335 2167 4372 ται
2197 4319 2293 4373 καὶ
2341 4318 2593 4390 δευτέρα,
2640 4321 2736 4375 καὶ
2786 4323 2904 4392 μετ’
2938 4320 3154 4390 ἐκείνην
3193 4322 3227 4388 ἡ
3263 4322 3448 4391 τρίτη,
3478 4321 3676 4392 προϐέ-

2080 4410 2216 4479 ϐηκε
2253 4409 2312 4464 δὲ
2349 4411 2513 4483 μέχρι
2534 4412 2826 4484 τετάρτης.
2871 4413 3018 4485 Πλὴν
3047 4411 3187 4481 γοῦν
3224 4412 3327 4466 κᾶν
3352 4412 3451 4482 ὀψὲ
3485 4412 3673 4481 διεγη-

386 4506 647 4575 peccandi
687 4507 966 4562 libidinem
1000 4506 1337 4567 deserentes,
1370 4503 1577 4558 sentire
1630 4501 1857 4572 posthac
1880 4515 1968 4555 ca-

2081 4502 2410 4574 γερμένους,
2448 4503 2544 4556 καὶ
2585 4504 2985 4575 ἀνανήφοντας,
3013 4504 3109 4557 καὶ
3136 4503 3302 4584 οίονεί
3342 4520 3467 4557 τινα
3498 4503 3674 4574 μέθην

385 4612 480 4652 sus
502 4597 807 4668 praeteritos
823 4596 997 4666 jubet,
1026 4593 1318 4666 gemitibus
1348 4602 1405 4647 et
1454 4592 1713 4665 laerymis
1757 4603 1981 4664 propter

387 4684 622 4743 admissa
648 4685 1012 4757 indulgentes.

457 4953 751 5011 Sciendum
783 4966 966 5023 porro,
1002 4949 1165 5006 etiam
1207 4948 1500 5019 unicuique
1526 4959 1770 5005 nostrum
1822 4951 1969 5005 velut

291 5070 299 5081 ι
386 5049 667 5119 proprium
696 5045 1167 5116 quoddamvinum
1196 5058 1336 5108 esse,
1377 5045 1521 5113 quod
1567 5059 1664 5098 cor
1717 5043 1970 5100 inebriat.

389 5142 693 5198 Dividimur
743 5139 923 5200 enim,
975 5146 1033 5191 ut
1090 5137 1159 5191 ita
1199 5139 1416 5201 dicant,
1459 5138 1758 5190 secundum
1824 5153 1971 5193 mor—

388 5234 487 5289 bos
523 5234 850 5289 animorum.
889 5228 966 5283 Ex
1007 5227 1160 5283 nobis
1205 5228 1344 5283 alius
1381 5237 1576 5296 praeter
1612 5236 1806 5283 caetera
1852 5232 1980 5285 vitia

386 5344 483 5382 sua
514 5326 581 5380 ad
610 5325 894 5379 avaritiam
952 5321 1197 5391 rapitur;
1256 5319 1393 5375 alter
1455 5320 1598 5391 sapit
1643 5335 1766 5390 qum
1798 5324 1982 5378 tnuudi

390 5427 539 5483 sunt,
566 5427 622 5471 et
644 5430 781 5471 cura
804 5417 987 5470 carnis
1017 5423 1271 5484 aegrotat,
1299 5413 1510 5485 deliciis
1537 5423 1590 5467 et
1616 5414 1983 5483 Voluptatibus

389 5509 721 5573 immersus;
753 5506 888 5564 alius
913 5509 1217 5576 cuicunque
1248 5505 1467 5561 demum
1504 5505 1594 5560 alii
1648 5518 1869 5574 peccato
1902 5516 1983 5563 se

390 5599 576 5654 tradit.
599 5598 682 5653 Ad
709 5597 971 5670 ﬂagitiosa
1000 5608 1179 5655 autem
1213 5608 1267 5654 et
1289 5599 1521 5669 impura,
1553 5599 1766 5668 Deoque
1793 5600 1978 5654 odiosa

2080 4596 2260 4658 ίέντας
2290 4594 2383 4649 τοῦ
2415 4593 2509 4648 νοῦ
2548 4595 2648 4666 τὴν
2680 4595 3014 4667 φιληδονίαν,
3046 4597 3144 4649 καὶ
3171 4595 3231 4648 τὸ
3272 4595 3519 4659 ἐκτόπως
3557 4594 3674 4649 ἑλέ-

2076 4686 2203 4739 σθαι
2249 4687 2615 4759 πλημμελεῖν,
2668 4689 2748 4753 είς
2782 4687 3037 4760 αἴσθησιν
3086 4688 3197 4743 τῶν
3244 4687 3675 4759 συμϐεϐηκότων

2071 4778 2367 4847 ἀφικέσθαι
2409 4778 2625 4832 κελεύει
2676 4777 2886 4846 λοιπὸν,
2926 4779 3211 4843 κλαίοντας
3251 4779 3347 4837 καὶ
3397 4778 3675 4851 κατοιμώ-

2071 4867 2266 4933 ζοντας
2290 4871 2386 4924 ἐπὶ
2414 4872 2537 4932 ταῖς
2563 4869 2714 4939 σφῶν
2743 4871 2925 4926 αὐτῶν
2947 4872 3268 4942 ἁμαρτίαις.

2165 4960 2364 5016 ’ἰστέον
2393 4961 2474 5023 δὲ,
2505 4961 2588 5015 ὅτι
2624 4963 2717 5017 καὶ
2753 4963 2972 5034 ἑκάστῳ
2998 4962 3158 5035 ἡμῶν
3187 4959 3330 5027 οἶνος
3371 4961 3562 5035 ὥσπερ
3589 4980 3674 5026 τις

2081 5054 2231 5108 ἐστὶν
2272 5054 2459 5117 ίδικὸς,
2488 5055 2516 5107 6
2543 5056 2980 5127 καταμεθύσκων
3003 5055 3255 5126 καρδίαν.
3290 5056 3673 5127 Καταμεριζό-

2083 5145 2226 5217 μεθα
2254 5146 2385 5216 γὰρ,
2430 5146 2496 5199 ἵν’
2526 5145 2700 5212 οὕτως
2733 5149 2893 5214 εἴπω,
2935 5146 3007 5201 τὰ
3045 5146 3217 5217 πάθη,
3258 5148 3353 5205 καὶ
3385 5149 3413 5200 6
3449 5148 3551 5218 μέν
3588 5163 3673 5209 τις

2082 5238 2243 5310 ἡμῶν
2289 5240 2652 5294 ἀπονένευκεν
2682 5240 2953 5312 ἀχαλίνως
2990 5242 3073 5304 εἰς
3119 5240 3485 5312 φιλαργυρίαν
3531 5241 3672 5311 μετά

2080 5328 2177 5383 τοῦ
2204 5331 2299 5384 καὶ
2327 5331 2492 5404 ἔτερα
2516 5336 2724 5387 νοσεῖν⁸
2750 5333 2939 5405 ἕτερος
2963 5332 3022 5387 δὲ
3046 5328 3114 5388 αὖ
3140 5332 3452 5404 πεφρόνηκε
3480 5331 3550 5387 τά
3577 5332 3671 5384 τοῦ

2082 5419 2317 5491 κόσμου,
2349 5423 2443 5475 καὶ
2486 5421 2922 5495 κατηρῤὡστησε
2970 5422 3069 5493 τὴν
3114 5421 3497 5493 φιλοσαρκίαν,
3543 5439 3672 5492 τρυ-

2080 5513 2230 5579 φαῖς,
2265 5515 2360 5567 καὶ
2406 5513 2743 5585 φιληδονίαις
2789 5514 3103 5586 ὁλοτρόπως
3145 5513 3578 5586 προσκείμενος·
3611 5512 3671 5578 ὃς

2078 5603 2135 5657 δὲ
2190 5605 2272 5668 είς
2323 5605 2517 5675 ἑτέραν
2573 5605 2822 5677 ἡντινοῦν
2871 5606 3329 5680 ἀποδεδρὰμηκεν
3367 5605 3666 5679 ἁμαρτίαν.

466 5763 512 5794 ⁸⁵
551 5773 731 5832 Εειτιο.
767 5791 822 5844 x,
861 5776 916 5832 4.
994 5777 1041 5811 ⁸⁸
1082 5774 1291 5846 Ephes.
1319 5788 1372 5841 v,
1419 5774 1512 5828 14.
1586 5773 1635 5808 ⁵⁸
1669 5772 1834 5832 llcbr.
1875 5791 1968 5845 xu,

2135 5778 2182 5812 "
2214 5778 2359 5834 Psal.
2399 5796 2549 5848 xxxi,
2589 5781 2642 5838 9.
