3982 6510
412 395 524 452 537

1325 377 1888 449 COMMENTARIUS
1927 387 1993 445 IN
2033 386 2301 444 JOELEM
2347 386 2790 444 merueram.

3621 392 3723 451 558

417 515 576 582 Ἰμεν
616 511 676 568 δὲ
708 511 774 583 δὴ
810 511 948 584 πρὸς
979 511 1046 566 τὰ
1079 509 1312 582 βδελυρὰ
1349 513 1446 566 καὶ
1485 511 1716 584 θεομισῆ
1759 510 1867 564 τῶν
1907 527 1995 564 πα·

2121 505 2327 576 piacula
2353 504 2441 559 alii
2473 505 2715 575 segnius,
2742 503 2832 558 alii
2857 511 2965 557 tota
2998 504 3329 573 appetitione
3363 504 3722 570 ruimus,cum

413 604 547 669 θῶν,
573 604 625 656 οἱ
650 603 752 673 μὲν
778 604 839 657 οὺ
865 602 988 656 λίαν
1012 602 1489 674 ἐσπουδασμένως,
1508 605 1627 658 οἱδὲ
1652 604 1800 667 ὅλαις
1826 603 2026 675 ὁρμαῖς

413 692 717 766 χρώμενοι,
750 695 845 749 καὶ
878 695 1245 767 ἀνουθέτητον
1277 694 1494 766 ἔχοντες
1522 697 1622 766 τῆς
1652 695 1893 759 διανοίας
1925 693 2024 765 τὴν

414 786 616 858 ῥοπήν.
644 785 918 861 Ταύτῃτοξ
966 803 1134 860 φησιν
1159 788 1188 840 ό
1217 787 1509 859 προφήτης
1531 802 1544 816 ·
1578 807 1595 839 ι
1621 786 1949 857 Ἐκνὴψατε,
1973 786 2022 839 οἱ

415 874 738 947 μεθύοντες,
766 875 827 942 ἐξ
845 878 991 934 οῐνου
1016 878 1259 933 αὐτῶν.»
1287 877 1654 950 Συμϐουλεύει
1677 878 1734 931 δὲ
1753 879 1835 932 ὅτι
1859 894 2024 948 προσ-

411 969 541 1040 ήκει
570 971 1056 1044 κατολοφύρεσθαι
1086 975 1213 1037 τοὺς
1250 973 1508 1036 πίνοντας
1531 970 1675 1028 οἶνον
1717 974 1797 1037 εἰς
1825 971 2016 1042 μέθην.

419 1057 513 1124 Ὦς
537 1062 649 1135 γὰρ
684 1062 822 1134 ἔφην
847 1064 1072 1136 ἀρτίως,
1095 1065 1157 1119 ού
1186 1065 1350 1138 μέχρι
1371 1066 1534 1137 κόρου
1567 1067 1662 1120 καὶ
1684 1065 2020 1136 αὐταρκείας

407 1153 606 1208 ῑστῶσι
665 1157 768 1228 τὴν
813 1157 1155 1228 φιληδονίαν,
1196 1159 1314 1213 ἀλλ’
1357 1153 1470 1214 οἷον
1523 1161 1603 1224 εἰς
1640 1159 1812 1231 μέθην
1854 1159 2016 1212 ἐκπί-

402 1262 588 1314 νουσι,
620 1248 719 1303 καὶ
747 1251 952 1314 παντὸς
988 1251 1249 1305 ἐπέκεινα
1284 1252 1503 1306 πίνουσι
1544 1253 1772 1325 μέτρου.
1810 1252 2014 1306 Τούτου

321 1323 334 1332 ’
401 1342 519 1396 ἀπὸ
544 1343 642 1398 τοῦ
671 1346 944 1415 στόματος
971 1347 1292 1434 ἀφῃρῆσθαι
1324 1365 1456 1418 φησι
1486 1323 1665 1421 χαρὰν
1700 1346 1798 1400 καὶ
1823 1347 2018 1418 εὐφρο-

403 1435 601 1508 σύνην.
647 1438 928 1510 ’Λληθεύει
963 1440 1072 1511 γὰρ
1098 1441 1126 1493 ὁ
1154 1441 1414 1512 Χριστὸς,
1445 1441 1529 1494 ὅτι
1563 1441 1790 1504 πάντως
1829 1443 1878 1495 οἱ
1915 1440 2016 1512 μὲν

398 1529 501 1585 νῦν
558 1530 891 1597 πενθοῦντες
945 1533 1490 1605 παρακληθήσονται.
1513 1533 1744 1604 Ἕψεται
1799 1533 1858 1588 δὲ
1900 1537 2015 1599 τοῖς

398 1623 627 1678 εἰωθόσι
656 1627 872 1698 τρυφᾷ-θ
904 1625 966 1680 τὸ
987 1627 1190 1698 χρῆναι
1230 1627 1616 1700 δακρυρῤοῖν,
1645 1628 1727 1681 ὅτι
1751 1629 1849 1699 τῆς
1880 1628 2012 1697 ἀγε-

400 1717 614 1788 ρωχίας
646 1717 709 1771 τὸ
742 1719 921 1790 πέρας
949 1719 1151 1790 θρῆνος
1179 1719 1354 1785 ἔσται,
1389 1721 1482 1773 καὶ
1516 1720 1779 1790 οἰμωγαὶ,
1807 1721 1903 1775 καὶ
1932 1724 2012 1786 εἰς

393 1811 684 1882 πέταυρον
721 1811 850 1883 ᾂδου
884 1811 1248 1878 καταϐιϐάζει
1285 1814 1412 1877 τοὺς
1439 1813 1778 1881 ἀγαπῶντας
1812 1816 2006 1887 αὐτήν.

2131 609 2261 653 nutu
2294 608 2346 651 et
2366 597 2683 652 incitatione
2711 595 2908 651 mentis
2935 595 3319 665 incastigabili.
3343 597 3456 653 llac
3474 599 3539 654 de
3559 613 3721 654 causa

2129 690 2388 761 propheta
2410 689 2722 744 exclamat:
2763 708 2782 739 ι
2814 688 3288 760 Expergiscimini,
3331 691 3468 746 ebrii
3532 707 3561 746 a
3597 695 3721 747 vino

2127 796 2372 840 vestro.)
2407 783 2614 837 Suadet
2645 791 2824 836 autem
2860 784 3043 837 vinum
3077 785 3142 837 ad
3171 785 3493 840 ebrietatem
3527 785 3721 840 biben-

2129 877 2271 932 tibus
2300 875 2766 943 lamentationem,
2798 884 2856 929 ut.
2912 891 3024 930 rem
3079 877 3516 933 convenientem.
3569 877 3719 934 Sicut

2124 971 2268 1025 enim
2286 970 2397 1040 jam
2435 967 2568 1035 dixi,
2607 983 2712 1022 non
2746 976 3009 1038 quantum
3067 970 3204 1025 satis
3253 981 3338 1025 est
3390 971 3720 1040 voluptatem

2125 1073 2458 1132 sequuntur;
2491 1062 2586 1118 sed
2617 1059 2761 1115 velut
2790 1063 2854 1115 ad
2889 1061 3213 1118 ebrietatem
3256 1073 3471 1132 potant,
3505 1074 3560 1118 et
3604 1080 3722 1119 om-

2124 1174 2223 1214 nes
2242 1158 2445 1213 limites
2479 1156 2713 1212 bibendo
2745 1156 3123 1225 egrediuntur.
3147 1155 3191 1210 A
3220 1156 3314 1212 tali
3352 1172 3451 1212 ore
3480 1158 3719 1214 ablatum

2122 1266 2242 1308 esse
2268 1252 2344 1307 ait
2377 1251 2631 1320 gaudium
2665 1259 2718 1305 et
2750 1249 3019 1304 ltetitiam.
3049 1249 3226 1306 Verax
3268 1253 3414 1306 enim
3443 1261 3526 1307 est
3561 1252 3722 1308 (Suri-

2091 1347 2188 1402 .sti
2243 1344 2489 1410 verbum,
2517 1346 2609 1412 qui
2670 1359 2814 1398 nunc
2861 1344 3066 1412 lugent,
3111 1344 3335 1399 omnino
3378 1344 3720 1400 consolatnm

2122 1439 2188 1494 iri
2220 1437 2287 1491 ⁵⁸.
2320 1437 2480 1506 203
2508 1436 2734 1500 Contra,
2762 1447 3055 1492 consuetos
3076 1437 3262 1492 vivere
3287 1439 3339 1492 in
3362 1437 3720 1508 jucunditati-

2119 1531 2242 1598 bus,
2276 1531 2546 1601 lacrymas
2577 1527 2807 1583 fundere
2841 1529 3138 1598 oportebit,
3171 1531 3298 1599 quia
3358 1532 3626 1601 superbiae
3663 1533 3719 1587 ti-

2121 1625 2204 1680 nis
2239 1633 2292 1676 ct
2322 1633 2628 1678 extremum
2664 1621 2919 1691 Iacrymae
2943 1631 3072 1676 sunt
3100 1631 3153 1677 et
3193 1623 3450 1693 gemitus,
3474 1635 3528 1680 et
3549 1639 3608 1680 se
3629 1625 3714 1680 di-

2117 1717 2345 1789 ligentes
2373 1715 2439 1769 ad
2468 1713 2664 1769 interni
2691 1714 2918 1784 laqueos
2965 1721 3019 1768 et
3060 1729 3308 1770 carceres
3341 1716 3582 1771 deducit.
3609 1717 3718 1773 Ve-

2117 1827 2211 1866 rus
2233 1819 2312 1865 est
2335 1801 2500 1863 etiam
2536 1808 2702 1862 David
2741 1826 2754 1860 :
2795 1827 2814 1859 c
2852 1806 2968 1862 Non
2996 1815 3078 1862 est
3115 1808 3167 1861 in
3229 1819 3403 1863 morte
3461 1810 3552 1878 qui
3603 1825 3716 1864 me-

407 1876 702 1977 Ἀληθεύει
724 1876 781 1959 δὲ
816 1907 914 1961 καὶ
939 1907 1125 1973 Δαϐὶδ,
1153 1876 1280 1962 ὅταν
1312 1908 1447 1978 λέγῃ
1477 1876 1615 1979 πρὸς
1644 1876 1780 1963 Θεόν
1801 1927 1814 1941 ·
1852 1931 1868 1962 ι
1895 1876 1995 1964 Ού)

2116 1920 2236 1960 mor
2259 1903 2332 1958 sit
2392 1902 2467 1956 ιιιί
2495 1903 2569 1968 ⁵⁹;
2618 1919 2635 1952 ι
2679 1911 2734 1956 et
2793 1901 2990 1955 iterum
3031 1919 3044 1954 :
3089 1919 3108 1952 ι
3159 1899 3274 1956 Non
3329 1902 3473 1956 enim
3512 1905 3711 1960 mortui

390 1997 551 2054 ἔστιν
585 2001 645 2053 ὲν
685 2000 763 2071 τῷ
787 2000 1007 2073 θανάτῳ
1036 2005 1064 2056 ὁ
1097 2002 1456 2074 μνημονεύων
1490 2020 1584 2057 σου
1607 2023 1652 2057 οι
1691 2003 1788 2059 καὶ
1820 2005 2006 2072 πάλιν,

397 2110 420 2144 σ-
441 2095 524 2146 Οὐ
559 2094 670 2173 [ἂρ
693 2095 744 2147 οἱ
772 2097 960 2166 νεκροὶ
1001 2097 1280 2151 αἰνέσουσί
1321 2114 1403 2166 σε,
1436 2099 1634 2170 Κύριε,
1661 2099 1782 2154 οὐδὲ
1806 2101 2008 2165 πάντες

387 2187 439 2240 oi
473 2187 907 2251 καταϐαίνοντες
961 2190 1042 2253 εἰς
1093 2189 1249 2262 ᾅδην.
1302 2191 1448 2244 Ἀλλ’
1488 2193 1652 2263 ἡμεῖς
1696 2193 1746 2246 οἱ
1803 2192 2004 2258 ζῶντες

387 2280 770 2352 εὑλογήσομέν
803 2298 885 2346 σε,
909 2282 1084 2354 Κύριε
1113 2330 1135 2349 ,
1157 2303 1174 2336 ι
1209 2285 1273 2338 Εἰ
1308 2284 1365 2338 δὲ
1389 2285 1453 2356 δὴ
1482 2285 1591 2338 τῶν
1623 2287 2005 2358 προκειμένων

385 2376 421 2444 ἡ
454 2373 695 2446 δύναμις
736 2376 831 2428 καὶ
864 2376 1250 2448 γεωδεστέρως
1278 2380 1466 2432 νοοῖτο.
1506 2379 1570 2432 Εἰ
1601 2378 2004 2451 δεδαπάνηνται

382 2467 478 2526 διὰ
516 2469 620 2536 τῆς
648 2469 883 2541 κάμπης
919 2471 1015 2524 καὶ
1046 2469 1154 2524 τῶν
1185 2470 1390 2540 ἑτέρων
1417 2469 1486 2524 τὰ
1518 2470 1621 2541 τῆς
1663 2471 2004 2544 εὐφροσύνης

383 2561 566 2626 αἴτια,
595 2563 819 2627 πάντως
853 2581 958 2616 που
1002 2566 1124 2627 ταῖς
1151 2563 1479 2634 εὐκαρπίαις
1523 2562 1877 2617 συνδιολεῖται
1906 2567 2003 2618 καὶ

379 2653 418 2723 ἠ
447 2652 564 2706 τῶν
596 2653 952 2708 πεπονθότων
976 2654 1289 2726 εὐφροσύνη
1321 2655 1417 2708 καὶ
1442 2656 1612 2726 χαρά.
1637 2655 2002 2726 Ἐπιστυγνά-

379 2745 504 2809 ζειν
531 2747 643 2817 γὰρ
670 2748 973 2819 ἀναγκαῖον
1017 2751 1132 2812 τοῖς
1184 2748 1427 2819 ἀνιαρῶς
1479 2747 1697 2819 ἔχουσιν
1724 2749 1805 2814 εἵς
1843 2767 1909 2819 γε
1939 2753 2000 2806 τὸ

377 2832 670 2900 δύνασθαι,
710 2837 876 2906 φημὶ,
907 2838 1082 2908 πικρᾷ
1107 2854 1166 2889 τε
1217 2838 1311 2890 καὶ
1337 2837 1607 2911 ἀφορήτῳ
1636 2838 1785 2914 λύπῃ
1823 2859 1995 2897 κατα-

375 2926 552 2996 τῆξαι
573 2927 826 3000 σαρκίον.

452 3104 583 3159 Ὅτι
614 3106 794 3172 ἔθνος
813 3104 996 3175 ἀνέϐη
1034 3105 1135 3160 ἐπὶ
1169 3107 1286 3176 τὴν
1311 3106 1428 3178 γῆν
1442 3127 1566 3178 μου
1588 3112 1850 3181 ἰσχυρὸν
1893 3115 1993 3168 καὶ

2113 1996 2409 2051 lattdabnnt
2440 2005 2513 2061 te,
2532 1994 2780 2058 Domine,
2813 2007 2989 2063 neque
3023 2009 3215 2048 omnes
3246 1995 3337 2062 qui
3375 1994 3715 2050 descendunt.

2110 2090 2164 2145 in
2203 2088 2500 2144 infernum.
2540 2088 2646 2144 Sed
2673 2103 2773 2144 nos
2801 2087 2892 2156 qui
2933 2086 3186 2154 vivimus,
3220 2087 3605 2143 benedieemus
3637 2098 3711 2154 te,

2109 2183 2341 2239 Domine
2369 2181 2436 2233 ⁸ο.
2482 2199 2500 2232 ι
2526 2180 2677 2246 Quod
2721 2181 2765 2235 si
2807 2179 3009 2251 placet,
3057 2180 3456 2250 propositorum
3517 2181 3714 2236 verbo-

2108 2292 2226 2332 rum
2252 2276 2520 2332 sententia
2560 2274 2733 2344 magis
2771 2282 2986 2328 terrene
3008 2271 3360 2342 inlelligatttr.
3388 2271 3442 2327 Si
3468 2288 3563 2343 per
3581 2287 3714 2328 eru-

2105 2386 2224 2426 catn
2245 2379 2300 2425 et
2329 2369 2429 2423 alia
2451 2368 2663 2438 frugum
2699 2365 3035 2422 incommoda
3064 2381 3242 2420 causa:
3292 2367 3533 2435 ipsorum
3570 2367 3710 2422 laeti-

2105 2463 2194 2517 tiae
2245 2473 2583 2531 consumptae
2631 2469 2778 2522 sunt,
2841 2473 3068 2529 prorsus
3127 2458 3312 2528 utique
3376 2474 3496 2513 cum
3547 2460 3710 2516 uber-

2104 2563 2215 2610 tate
2250 2555 2522 2608 fruetunm
2553 2567 2738 2608 eorum
2775 2552 2868 2622 qui
2904 2560 3052 2605 tanta
3083 2551 3365 2620 voluptate
3395 2551 3706 2607 abicieban-

2103 2659 2213 2714 tur,
2237 2647 2490 2716 gaudium
2536 2656 2590 2701 et
2612 2646 2798 2702 laetitia
2830 2656 3138 2702 evanescet.
3176 2646 3410 2704 Necesse
3449 2661 3534 2703 est
3556 2650 3706 2705 enim

2100 2740 2414 2796 contristari
2455 2740 2524 2795 ob
2558 2754 2619 2795 ea
2647 2754 2765 2807 qua:
2795 2739 2971 2793 tristia
3034 2741 3308 2804 accidunt,
3342 2750 3395 2794 et
3427 2741 3704 2797 tristitiam

2099 2847 2364 2904 generare
2393 2819 2816 2895 consueverunt,
2856 2847 2958 2887 nec
2990 2831 3225 2887 invalida
3276 2841 3422 2900 sunt,
3456 2835 3701 2905 inquam,

2099 2937 2155 2979 ut
2176 2927 2374 2980 acerbo
2398 2933 2452 2980 et
2485 2924 2810 2979 intolerabili
2859 2925 3105 2980 cruciatu
3137 2927 3493 2980 carunculam
3554 2928 3704 2984 labe-

2095 3020 2276 3072 facere
2298 3028 2520 3088 queant.

2165 3111 2334 3168 Vens.
2359 3111 2413 3177 6,
2447 3111 2499 3164 7.
2537 3107 2671 3164 Gens
2694 3111 2831 3163 enim
2868 3111 3103 3164 ascendit
3131 3123 3516 3183 superterrnm
3535 3127 3705 3168 meam

371 3197 821 3268 ἀναρίθμητον.
849 3202 916 3253 Οἱ
940 3199 1186 3266 ὀδόντες
1217 3201 1406 3256 αὑτοῦ
1442 3203 1688 3272 ὀδόντες
1715 3206 1990 3274 λέοντος,

2104 3204 2250 3274 fortis
2281 3211 2326 3257 et
2345 3199 2768 3257 innumerabilis.
2795 3201 2985 3255 Dentes
3017 3201 3133 3263 eius
3182 3213 3234 3256 ut
3291 3205 3471 3260 dentes
3507 3207 3702 3273 leonis,

371 3291 480 3345 καὶ
524 3293 586 3344 αἱ
611 3292 805 3361 μύλαι
833 3291 1025 3346 αὑτοῦ
1071 3293 1372 3363 σκύμνου.
1403 3294 1614 3351 Ἕθετο
1647 3295 1765 3365 τὴν
1801 3297 1990 3367 ἄμπε-

368 3384 499 3438 λόν
531 3402 656 3454 μου
687 3385 776 3451 εὶς
819 3384 1188 3455 ἀφανισμὸν,
1231 3386 1330 3439 καὶ
1371 3386 1479 3452 τὰς
1521 3387 1720 3455 συκᾶς
1746 3407 1865 3460 μου
1905 3393 1993 3456 εἷς

369 3477 832 3547 συγκλασμὸν,
867 3477 1134 3545 ἐρευνῶν
1165 3478 1586 3548 ἐξηρεύνησεν
1632 3481 1847 3552 αὐτὴν,
1893 3483 1991 3537 καὶ

366 3567 800 3640 ἐξερῤἰζωσεν,
832 3569 1128 3624 ἐλεύκανε
1155 3571 1229 3625 τὰ
1257 3571 1535 3642 κλήματα
1559 3572 1774 3642 αὐτῆς.

452 3665 550 3730 (τι.
593 3661 964 3733 Ἀμιλλᾶσθαι
999 3663 1204 3733 τρόπον
1247 3663 1370 3717 τινὰ
1403 3667 1516 3728 τοῖς
1555 3665 1986 3737 συμϐεϐηκόσιν,

363 3755 549 3826 ἥγουν
609 3753 833 3808 ἔσεσθαι
879 3754 1392 3826 προσδοκωμένοις,
1441 3758 1536 3810 καὶ
1594 3758 1654 3810 τὸ
1721 3757 1815 3811 ἐπὶ
1865 3762 1988 3822 ταῖς

369 3845 794 3917 μεταγνώσεσιν
823 3845 1028 3900 ἐθέλων
1055 3847 1314 3918 δάκρυον,
1352 3848 1647 3918 ἀφηγεῖται
1678 3849 1895 3914 λεπτῶς
1918 3854 1988 3904 τὰ

365 3939 633 4010 ἐσόμενα,
669 3938 768 3992 καὶ
802 3937 913 3992 τῶν
947 3939 1294 4011 σκυθρωπῶν
1335 3941 1435 4008 τὴν
1471 3941 1662 4011 ἔφοδον
1699 3947 1986 4014 μονονουχὶ

365 4033 472 4090 καὶ
503 4031 699 4103 ὲνδψει
727 4033 922 4098 τιθεὶς,
946 4033 1130 4086 δίδωσί
1155 4035 1339 4098 τιτοῖς
1365 4035 1686 4106 παιομένοις
1717 4037 1810 4089 καὶ
1844 4036 1977 4107 θρή-

363 4145 547 4200 νημα,
593 4128 691 4181 καὶ
721 4128 888 4181 οἱονεὶ
918 4127 1112 4198 γοερὸν
1149 4127 1459 4182 ἐκδιδάσκει
1494 4128 1656 4199 μέλος
1700 4131 1826 4193 τοὺς
1865 4131 1985 4184 ὀδύ-

367 4220 570 4290 ρεσθαι
607 4219 1102 4290 κεκελευσμένους,
1135 4221 1313 4274 ἐκεῖνό
1333 4238 1393 4275 τε
1427 4220 1610 4291 λέγειν
1639 4221 1824 4277 λοιπὸν
1855 4225 1985 4278 ἀναο

366 4311 579 4376 πείθει,
607 4311 692 4364 ὅτι
721 4330 741 4362 ι
765 4311 961 4376 Ἔθνος
1003 4310 1175 4380 ἀνέϐη
1216 4311 1310 4364 ἐπὶ
1334 4311 1434 4382 τὴν
1464 4312 1570 4382 γῆν
1604 4329 1707 4383 μου
1758 4315 1982 4386 ἰσχυρὸν

361 4405 467 4461 καὶ
493 4399 874 4478 ἀναρίθμητον
894 4423 907 4436 ’
934 4426 952 4457 υ
985 4405 1079 4458 καὶ
1109 4406 1232 4459 ὅσον
1252 4406 1378 4475 ἥκει
1395 4408 1474 4470 εἰς
1502 4407 1732 4460 ὀδόντων
1757 4409 1966 4478 ἀκμὰς,

359 4497 555 4551 λέουσί
596 4514 655 4551 τε
693 4498 791 4551 καὶ
835 4500 1100 4569 σκύμνοις
1144 4498 1306 4567 ὀλίγα
1354 4503 1702 4571 παραχωρεῖ.
1743 4500 1976 4572 Ἀληθὲς

2099 3307 2146 3352 et
2165 3295 2393 3350 molares
2417 3295 2530 3363 ejus
2550 3304 2603 3346 ut
2629 3293 2793 3346 catuli
2820 3294 3010 3348 leonis.
3032 3292 3216 3348 Posuit
3277 3295 3479 3351 vineam
3533 3313 3705 3352 meam

2098 3393 2152 3444 in
2195 3389 2622 3458 dissipationem,
2672 3397 2717 3438 et
2777 3387 2908 3456 ﬁcus
2958 3405 3100 3443 meas
3138 3389 3194 3443 in
3251 3390 3699 3459 confrrrctionem,

2095 3493 2337 3538 scrutans
2363 3491 2628 3536 scrutatus
2685 3492 2759 3535 est
2820 3498 2958 3547 eam,
3007 3494 3052 3536 et
3104 3484 3700 3549 eradicavit,dealbavit

2096 3594 2270 3632 ramos
2291 3577 2426 3646 ejus.

2167 3669 2606 3726 VLGontendere
2628 3669 2809 3742 aliquo
2825 3672 2982 3725 modo
3000 3685 3121 3724 cum
3151 3669 3502 3732 eventis,sive
3521 3672 3701 3739 potius

2093 3779 2216 3817 cum
2251 3764 2336 3817 his
2368 3779 2487 3831 quae
2512 3775 2773 3818 eventura
2793 3773 3206 3830 exspectantur,
3254 3773 3307 3816 et
3335 3778 3396 3817 ex
3429 3764 3699 3832 paeniten—

2093 3858 2167 3910 tia
2189 3854 2374 3909 ﬂetum
2405 3855 2605 3910 elicere
2625 3857 2873 3925 cupiens,
2911 3857 3159 3910 minutim
3219 3855 3400 3910 futura
3453 3866 3698 3920 enarrat,

2092 3956 2145 4000 et
2171 3959 2353 3999 rerum
2403 3946 2778 4000 tristiﬁcarum
2835 3947 3113 4003 incursum
3169 3949 3557 4017 propemodum
3597 3950 3698 4002 sub

2093 4047 2370 4108 aSpeclum
2406 4036 2731 4106 subjiciens,
2765 4039 2830 4093 iis
2863 4039 2958 4107 qui
3013 4039 3308 4093 multantur
3398 4041 3697 4095 lamenlttm

2093 4130 2419 4199 suppeditat,
2445 4137 2499 4183 et
2533 4144 2670 4199 quos
2697 4129 2762 4183 ad
2799 4129 3120 4199 plorandum
3152 4130 3456 4193 invitarat,
3482 4147 3578 4186 eos
3607 4132 3690 4186 lu-

2071 4223 2260 4292 gubre
2286 4235 2506 4275 carmen
2545 4221 2724 4285 docet,
2749 4221 2893 4290 quod
2924 4221 2975 4274 in
3014 4229 3290 4291 posterum
3321 4237 3586 4292 usurpare
3600 4239 3698 4280 vo-

2088 4315 2246 4370 cibus
2269 4315 2541 4369 hortatur.
2582 4332 2606 4366 ι-
2638 4313 2784 4368 Gens
2816 4314 3063 4369 ascendit
3095 4329 3258 4382 super
3283 4324 3488 4369 terram
3519 4333 3696 4374 nteant

2089 4407 2246 4462 tortis
2273 4414 2330 4461 et
2358 4405 2794 4473 innumerabilis,
2836 4425 2857 4458 ι
2891 4422 3122 4477 quaeque
3149 4408 3548 4474 dentiuntacie,
3583 4413 3695 4467 leo-

2088 4499 2250 4554 nibus
2271 4506 2328 4553 et
2348 4498 2546 4552 catulis
2569 4497 2788 4553 leonum
2813 4511 3007 4567 parum
3039 4499 3309 4554 cencetlit.
3367 4499 3562 4554 Verum
3591 4502 3695 4558 hoc

365 4593 471 4664 μὲν
502 4587 596 4646 οὖν
623 4591 684 4644 τὸ
717 4591 932 4662 χρῆμα,
974 4591 1081 4646 κᾶν
1121 4592 1167 4644 εἰ
1197 4591 1291 4645 ἐπὶ
1332 4592 1554 4662 ἀκρίδος
1584 4593 1750 4662 τυχὸν
1780 4597 1975 4659 νοοῖτο,

2104 4597 2188 4654 εει,
2219 4588 2470 4659 quamvis
2491 4588 2558 4643 de
2585 4588 2792 4644 locusta
2815 4590 2982 4654 forte,
3013 4603 3079 4645 ac
3100 4593 3166 4645 de
3186 4589 3418 4655 bruclto,
3445 4600 3500 4646 et
3525 4607 3694 4650 eruca

364 4685 607 4758 βρούχου
658 4703 718 4739 τε
761 4686 859 4739 καὶ
910 4684 1162 4754 κάμπης.
1210 4684 1460 4754 Ἀμαχον
1513 4681 1624 4755 γὰρ
1669 4685 1732 4738 τὸ
1786 4687 1980 4757 χρῆμά

357 4781 507 4840 ἐστι,
532 4778 629 4833 καὶ
659 4775 1110 4846 ἀκαταγώνιστος
1141 4777 1339 4849 κομιδῇ
1375 4776 1486 4830 τῶν
1517 4776 1779 4832 τοιούτων
1821 4781 1855 4848 ἡ
1892 4780 1981 4849 ἐφ-

357 4871 507 4937 οδος,
532 4865 692 4942 ἱκανή
724 4888 785 4924 τε
811 4870 983 4942 ἄρδην
1012 4869 1276 4924 ἀπολέσαι
1291 4870 1362 4924 τὰ
1391 4871 1449 4923 ὲν
1479 4872 1692 4942 ἀγροῖς,
1726 4872 1979 4943 καρπούς

354 4983 445 5032 τε,
485 4965 672 5038 φημὶ,
735 4966 831 5022 καὶ
881 4965 1056 5020 πόαν·
1097 4964 1485 5034 καταφθεῖραί
1542 4981 1601 5018 τε
1663 4967 1838 5030 συκᾶς
1887 4969 1982 5020 καὶ

358 5058 675 5129 ἀμπέλους,
715 5057 880 5129 ψιλὴν
920 5058 976 5110 δὲ
1022 5057 1118 5110 καὶ
1165 5056 1378 5127 ἀκαλλῆ
1412 5059 1511 5128 τῆς
1562 5057 1804 5130 ἀρούρας
1839 5061 1978 5114 ἁπο-

358 5150 534 5220 φῆναι
573 5151 674 5220 τὴν
698 5149 842 5213 ὄψιν.
877 5151 942 5204 Εἰ
968 5150 1024 5203 δὲ
1054 5149 1120 5222 δὴ
1149 5150 1538 5220 περιτρέποιτο
1562 5151 1728 5206 πάλιν
1765 5154 1793 5206 ὁ
1815 5152 1976 5220 λόγος

361 5243 447 5306 εἰς
463 5242 566 5312 τὴν
585 5240 697 5294 τῶν
723 5241 1158 5314 πεπορθηκότων
1189 5241 1609 5312 ἀπανθρωπίαν,
1635 5244 1730 5298 καὶ
1753 5243 1975 5316 ὁλοτελῆ

360 5335 466 5402 τῆς
497 5331 688 5404 χώρας
719 5333 1026 5404 ἐρήμωσιν,
1055 5333 1386 5402 ὑποφήνειεν
1417 5332 1483 5385 ἂν
1522 5332 1708 5404 ἕτερον
1737 5333 1911 5398 οὐδὲν,
1939 5333 1973 5404 ἢ

361 5429 448 5481 ὅτι
474 5429 628 5481 πᾶσα
653 5427 751 5498 μὲν
777 5427 965 5489 αὐτοῖς
993 5425 1273 5479 ἀπόλωλεν
1303 5425 1337 5495 ἡ
1369 5424 1541 5495 χώρα,
1570 5424 1977 5494 δεδαπάνηνται

358 5521 419 5574 δὲ
461 5520 562 5574 καὶ
599 5523 648 5574 οἱ
704 5518 1041 5592 προύχοντες
1106 5521 1240 5589 παρ’
1291 5518 1516 5581 αὐτοῖς,
1575 5517 1702 5588 δόξῃ
1753 5535 1812 5570 τε
1878 5519 1976 5572 καὶ

360 5614 586 5685 πλούτῳ
608 5614 668 5667 τὺ
697 5614 806 5668 τῶν
836 5613 1108 5683 ἀγελαίων
1134 5611 1495 5684 ύπερθέοντες
1529 5612 1730 5682 μέτρον
1766 5611 1882 5680 (ὡς
1913 5615 1974 5665 ἐν

359 5706 517 5772 τάξει
564 5706 806 5762 νοεῖσθαι
852 5705 1030 5776 συκῆς
1069 5723 1128 5760 τε
1174 5706 1270 5760 καὶ
1301 5704 1609 5776 ἀμπέλου),
1653 5705 1794 5775 πλὴν
1836 5705 1973 5758 ὑπο-

439 5872 484 5915 n
523 5883 713 5940 Matth.
758 5901 805 5952 ν,
851 5885 906 5940 5.

982 5884 1027 5915 “9
1062 5881 1206 5940 Psal.
1244 5900 1324 5950 vt,
1355 5884 1407 5940 6.
1437 5885 1479 5917 ⁵⁸
1503 5882 1648 5939 Psal.
1690 5900 1844 5950 eam,
1885 5883 2067 5951 ΗΑΒ.

2081 4683 2419 4752 accipiatur;
2449 4682 2746 4753 expugnari
2774 4683 3042 4751 siquidem
3075 4693 3370 4753 nequeunt,
3399 4692 3454 4737 et
3501 4700 3693 4740 eorum

2080 4775 2370 4844 impressio
2398 4791 2619 4845 prorsus
2648 4783 2732 4830 est
2767 4775 3152 4843 insuperabilis
3188 4785 3352 4846 atque
3378 4778 3444 4832 ad
3458 4781 3660 4848 perden

2082 4869 2180 4924 das
2212 4869 2356 4923 ruris
2383 4883 2514 4938 opes
2535 4868 2818 4924 universas
2842 4868 3060 4936 suﬂicit,
3090 4870 3154 4924 ad
3189 4868 3409 4926 fructus
3460 4881 3513 4925 et
3566 4873 3693 4926 iter-
3755 4885 3757 4888 ‘

2084 4960 2204 5027 bas,
2237 4961 2483 5032 inquam,
2506 4970 2559 5016 et
2593 4962 2660 5015 ad
2716 4962 2872 5028 ﬁcus,
2923 4963 3175 5033 vitesque
3232 4965 3690 5034 corrumpendas,

2086 5054 2154 5108 ad
2208 5054 2518 5109 nudandam
2581 5054 2814 5124 denique
2861 5064 2916 5110 et
2971 5056 3381 5111 deforrnandam
3433 5070 3689 5125 agrorum

2081 5145 2299 5203 faciem.
2363 5147 2519 5214 Quod
2577 5147 2621 5203 si
2679 5147 2846 5202 verba
2894 5149 3176 5218 prephetae
3222 5150 3289 5202 ad
3342 5157 3688 5201 vastatorem

2082 5240 2464 5295 crudelitatem
2497 5250 2558 5295 et.
2581 5255 2851 5295 summam
2881 5243 3118 5312 regionis
3153 5241 3505 5296 solitudinem
3525 5255 3686 5296 revo-

2082 5348 2290 5399 cemus,
2333 5336 2482 5389 aliud
2514 5335 2645 5389 nihil
2683 5335 3128 5397 subindicabunt,
3197 5349 3358 5403 quam
3415 5335 3508 5387 loti
3560 5349 3688 5402 pro-

2081 5429 2276 5484 vinciae
2314 5429 2614 5499 perniciem
2653 5444 2748 5484 eos
2810 5428 3076 5493 attulisse,
3111 5437 3163 5481 et
3226 5421 3494 5496 primores
3561 5443 3686 5483 con-

2082 5531 2329 5592 sumptos
2358 5537 2502 5578 esse.
2538 5521 2640 5590 Qui
2677 5536 2986 5591 quanquam
3019 5519 3186 5590 gloria
3233 5528 3287 5574 et
3314 5519 3520 5575 divitiis
3581 5521 3686 5587 ple-

2082 5615 2326 5669 beiorum
2365 5616 2642 5670 modulum
2680 5617 3008 5671 excederent
3029 5613 3110 5684 (ut
3142 5621 3402 5683 utrosque
3429 5629 3523 5682 per
3547 5611 3694 5666 licus

2081 5715 2135 5761 et
2158 5709 2292 5763 vites
2312 5707 2725 5780 intelligamus),
2744 5706 3098 5764 nihilominus
3109 5720 3391 5763 emarcere
3405 5705 3702 5770 debuisse...
