3982 6470
363 353 466 412 359

1373 356 1431 413 S.
1473 357 1753 416 CYRILLI
1796 354 2268 415 ALEXANDRINI
2305 354 2627 413 ARCHIEP.

3531 355 3642 412 350

358 471 501 527 sicut
524 469 579 526 in
609 470 742 541 ipsis
763 471 928 546 204
972 472 1172 529 vitibus
1221 476 1321 530 sub
1353 492 1574 533 sensum
1623 477 1944 534 cadentibus

2059 477 2230 544 μεῖναι
2255 476 2348 531 τὸν
2375 473 2667 547 μαρασμόν
2683 488 2697 504 ο
2731 471 2980 543 καθάπερ
3001 469 3196 541 ἀμέλει
3220 469 3316 525 xui
3337 469 3425 524 ἐπ’
3458 472 3643 527 αὐτῶν

365 563 478 618 tleri
508 576 613 619 non
651 564 981 634 ignoramus,
1011 567 1056 621 si
1102 581 1196 621 eas
1237 567 1569 624 locustarum
1593 569 1786 624 dentes
1814 570 1945 624 atti-

362 655 561 724 gerint.
586 652 797 725 Stirpes
827 657 997 724 enim,
1018 671 1205 713 earum
1256 660 1537 716 humorem
1594 673 1944 730 exsugentcs,

361 753 416 798 et
442 744 550 798 vim
585 759 803 800 omnem
846 745 1064 801 vitalem
1118 748 1500 814 absorbentes,
1556 749 1708 805 brevi
1768 750 1944 807 arefa-

362 835 532 891 ciunt.
563 835 691 892 lude
735 837 899 893 etiam
930 847 1033 904 est,
1061 839 1202 908 quod
1232 838 1355 895 vitis
1409 841 1532 896 alba
1592 842 1942 913 conspicitur.

367 929 550 994 itaque
575 930 766 986 dentes
791 930 1028 987 hostium
1054 932 1517 999 consumeutium,
1556 932 1731 989 locum
1759 933 1945 988 vitium

366 1030 637 1089 tenentes,
674 1031 767 1076 aut
814 1023 978 1078 etiam
1034 1023 1243 1079 [ictibus
1280 1024 1694 1094 respondentes,
1732 1027 1948 1093 penitus

364 1123 839 1183 consumpserunt,
900 1124 957 1172 et
1017 1116 1339 1185 quisquilias
1411 1117 1784 1183 reddiderunt,
1853 1128 1949 1172 aut

362 1203 556 1270 gladiis
589 1212 912 1274 mactantes,
979 1217 1073 1263 aut
1122 1207 1405 1264 servitutis
1454 1209 1589 1280 jugo
1633 1208 1950 1265 submitten-

363 1306 464 1352 tes.

310 1473 318 1499 '
430 1478 1012 1556 Poteritquispiam,si
1068 1482 1306 1550 libuerit,
1329 1484 1444 1541 hac
1507 1484 1636 1542 item
1664 1485 1730 1542 de
1759 1499 1949 1557 pecca-

364 1572 576 1630 toribus
639 1574 1014 1647 interpretari,
1047 1579 1100 1633 in
1153 1593 1386 1649 quorum
1438 1586 1650 1632 mentes
1676 1587 1730 1630 et
1753 1576 1945 1639 corda,

365 1662 510 1722 velut
533 1664 780 1734 locusta,
806 1667 998 1725 brucbi
1016 1677 1073 1725 et
1102 1669 1796 1738 erucae,irrepuntsemper
1823 1664 1949 1720 ntuli

362 1756 588 1827 spiritus
612 1768 668 1814 et
688 1760 1005 1829 passionum
1033 1761 1264 1817 diversae
1294 1761 1506 1831 species
1558 1767 1722 1827 atque
1779 1756 1946 1820 modi,

360 1867 568 1923 eosque
591 1853 952 1924 despicabiles
997 1864 1053 1911 et
1101 1854 1451 1926 turpissimos
1502 1852 1674 1909 videri
1719 1850 1945 1918 facium,

361 1945 454 2015 qui
477 1953 532 2003 et
557 1945 775 2017 pietatis
807 1946 996 2004 liorem
1023 1948 1328 2013 amiserint,
1383 1957 1437 2002 et
1478 1946 1686 2002 nullum
1723 1945 1950 2015 justitiae

363 2049 586 2105 germen
615 2037 947 2109 possideant.
979 2038 1249 2111 Hisergo
1297 2037 1610 2093 aﬂirmaritn
1657 2038 1951 2093 convenire

364 2144 639 2200 perennes
673 2129 965 2203 lacrymas,
990 2139 1043 2186 et
1090 2129 1532 2187 lamentationem
1581 2143 1764 2185 coram
1815 2128 1945 2193 Deo,

363 2238 430 2280 ac
466 2222 794 2280 desiderium
836 2222 1071 2281 assiduis
1114 2221 1367 2292 precibus
1424 2223 1617 2287 veniae,
1663 2230 1719 2276 et
1753 2218 1873 2289 opis
1917 2234 1947 2273 a

344 2308 475 2387 ,σεο
497 2315 881 2388 impetrandae;
916 2326 975 2371 ut
998 2330 1308 2387 quanquam
1336 2328 1460 2370 sero
1502 2313 1742 2378 tandem,
1775 2321 1831 2369 et
1860 2313 1947 2367 vix

360 2406 637 2478 sapientes
669 2422 734 2464 ac
764 2408 974 2465 robusti
998 2409 1249 2472 evadant.
1271 2407 1483 2463 liberati
1520 2405 1611 2474 iis,
1635 2404 1688 2461 in
1719 2419 1841 2475 quae
1870 2405 1953 2460 in-

361 2497 628 2554 ciderunt.
657 2495 882 2569 Spectat
911 2508 968 2554 et
1009 2498 1112 2553 hoc
1140 2498 1206 2553 ad
1237 2510 1332 2552 eos
1354 2509 1589 2577 quorum
1637 2494 1851 2549 animus
1883 2498 1950 2547 ad

363 2604 626 2648 novarum
659 2591 973 2661 opinionum
1007 2591 1260 2646 doctores
1317 2598 1372 2645 et
1427 2589 1641 2644 sincera
1694 2586 1951 2643 Ecclesiae

360 2682 610 2754 dogmata
639 2682 1008 2739 adulterantes
1035 2682 1335 2738 audiendos
1368 2679 1663 2736 declinavit
1695 2697 1708 2733 :
1734 2679 1800 2733 de
1826 2679 1950 2748 qui-

361 2775 462 2832 bus
491 2774 708 2831 dicatur
728 2774 1125 2831 meritissimo:
1189 2792 1208 2825 r
1251 2773 1447 2829 Dentes
1490 2786 1701 2837 eorum,
1761 2770 1951 2825 dentes

362 2868 576 2924 leonum
606 2876 662 2921 et
683 2867 918 2923 molares
937 2865 1239 2921 catulorum
1286 2865 1523 2920 leonum.
1558 2881 1576 2914 ι
1627 2861 1812 2918 Genus
1857 2861 1951 2914 iit)-

361 2957 567 3018 tninum
592 2958 700 3014 Deo
730 2956 988 3023 invisum,
1020 2956 1382 3014 adulterinum
1408 2965 1573 3026 atque
1603 2952 1947 3026 pestiferum,

359 3051 752 3124 simpliciorum
783 3061 991 3108 mentes
1051 3051 1163 3106 suis
1215 3048 1540 3112 commentis
1601 3047 1872 3103 devorans
1899 3055 1954 3100 et

2047 565 2249 620 νοεῖται
2272 564 2382 619 τῶν
2409 564 2685 636 αἰσθητῶν
2734 562 3019 634 ἀμπέλων,
3043 563 3092 615 εί
3125 561 3232 615 τῶν
3268 561 3508 632 ἀκρίδων
3528 566 3641 627 τοῖς

2046 654 2229 711 ὀδοῦσι
2258 657 2500 729 συμϐαίη
2547 658 2886 728 περιπεσεῖν.
2926 654 3279 710 Ἐκπίνουσαι
3312 654 3424 726 γάρ
3451 654 3552 726 τὴν
3581 656 3645 708 ἐν

2047 751 2163 812 τοῖς
2189 751 2378 817 φυτοῖς
2414 747 2643 819 ἰκμάδα,
2677 747 2776 800 καὶ
2819 747 3002 801 πᾶσαν
3029 745 3215 809 αὐτοῖς
3238 745 3340 817 τὴν
3376 744 3642 810 ζωοποιδν

2047 838 2461 911 ἀναῤῥοφοῦσαι
2503 837 2760 909 δύναμιν,
2784 837 2886 890 οὐκ
2931 837 3015 901 είς
3055 838 3280 908 μακράν
3332 837 3640 910 ἀποξηραί-

2048 945 2235 984 νουσιο
2265 928 2524 1003 ταύτῃτοι
2561 930 2659 984 xui
2683 929 2883 1001 λευκὴν
2911 927 3147 1001 ὁρᾶσθαι
3185 920 3641 1000 παρασκευάζου-

2051 1039 2156 1079 σιν.
2181 1022 2393 1079 Οὐκοῦν
2418 1024 2470 1077 οἱ
2503 1023 2714 1087 ὀδόντες
2741 1022 2851 1076 τῶν
2877 1021 3246 1076 δαπανώντων
3278 1020 3491 1093 ἐχθρῶν
3511 1022 3643 1086 τοὺς

2048 1116 2107 1170 ὲν
2134 1115 2287 1181 τάξει
2316 1114 2609 1187 κειμένους
2640 1114 2920 1189 ἀμπέλων,
2946 1115 2981 1186 ἢ
3027 1113 3122 1168 καὶ
3166 1116 3226 1168 ὲν
3269 1114 3400 1168 είδει
3434 1113 3636 1177 συκῶν,

2049 1208 2131 1273 είς
2158 1208 2331 1279 ἀκρον
2360 1207 2793 1279 δεδαπανήκασι,
2823 1207 2919 1260 καὶ
2948 1208 3031 1271 είς
3054 1206 3386 1278 ἀχρειότητα
3424 1206 3641 1277 πεπόμ-

2051 1317 2185 1370 φασι
2221 1299 2483 1370 παντελῆ,
2505 1300 2539 1371 ἢ
2564 1299 2743 1370 ξίφεσι
2771 1297 3241 1368 καταπαίοντες,ἢ
3272 1299 3367 1353 καὶ
3399 1301 3510 1364 τοῖς
3538 1300 3642 1370 τῆς

2048 1393 2293 1458 δουλείας
2320 1391 2734 1462 καθυπάγοντες
2765 1390 2972 1461 ζυγοῖς.

2132 1486 2443 1554 Ἐκδέξεται
2477 1486 2535 1540 δέ
2568 1502 2674 1553 τις,
2696 1487 2857 1559 εἴπερ
2888 1486 3065 1541 ἕλοιτο
3096 1487 3239 1539 νοεῖν
3267 1484 3362 1538 xui
3390 1499 3641 1554 πνευμαι

2050 1577 2242 1646 τικῶς,
2274 1579 2368 1632 καὶ
2399 1580 2488 1634 ἐπ’
2516 1577 2822 1651 ἀνθρώπων
2862 1575 3206 1647 ἁμαρτωλῶν
3232 1575 3301 1629 τὰ
3328 1574 3509 1629 τοιάδε
3536 1573 3644 1630 πά-

2051 1673 2156 1728 λιν.
2191 1668 2287 1736 Οἷς
2312 1673 2392 1735 εἰς
2420 1672 2546 1726 νοῦν
2579 1672 2677 1726 xui
2708 1671 2963 1745 καρδίαν,
3001 1671 3077 1735 ὡς
3107 1671 3164 1724 ὲν
3204 1668 3426 1741 ἀκρίδος
3452 1667 3642 1739 τρόπῳ

2052 1765 2149 1819 xui
2179 1764 2430 1837 βρούχου,
2457 1765 2552 1819 xui
2582 1763 2768 1835 μέντοι
2811 1765 2908 1819 xui
2940 1763 3193 1836 κάμπης,
3227 1759 3500 1817 εἰσδύεται
3523 1776 3643 1823 πως

2050 1858 2137 1911 ἀεὶ
2164 1856 2232 1912 τά
2264 1855 2477 1928 πονηρά
2516 1856 2836 1929 πνεύματα,
2864 1856 2961 1910 xui
2989 1854 3129 1910 αὐτὰ
3159 1853 3216 1909 δὲ
3258 1850 3514 1921 πολυειδῆ
3549 1851 3645 1906 xui

2051 1949 2368 2022 πολύτροπα
2392 1948 2566 2022 πάθη,
2599 1949 2693 2004 xui
2735 1948 2801 2021 δὴ
2837 1949 2934 2003 xui
2977 1948 3233 2020 ἀχρείους
3272 1945 3384 2000 καὶ·
3409 1943 3643 1999 ἀκαλλεο

2051 2041 2283 2106 στὰτους
2307 2040 2542 2112 ὁρᾶσθαι
2576 2043 2742 2106 ποιεῖ,
2775 2040 2870 2096 καὶ
2898 2042 2997 2112 τῆς
3029 2038 3314 2102 εὐσεϐείας
3343 2037 3442 2108 τὴν
3473 2036 3643 2106 ἄνθην

2050 2132 2519 2204 ἀποϐεϐληκότας,
2544 2132 2639 2187 καὶ
2673 2132 2825 2187 οὐδὲν
2863 2130 3088 2203 ἔχοντας
3113 2132 3171 2185 ὲν
3202 2130 3417 2194 ἑαυτοῖς
3440 2129 3644 2184 δικαιο-

2053 2226 2218 2296 σύνης
2251 2225 2557 2296 βλάστημα.
2592 2223 2766 2296 Φαίην
2795 2223 2841 2276 δ’
2871 2222 2959 2286 ἃν,
3005 2224 3089 2277 ὅτι
3138 2222 3341 2292 πρέποι
3368 2220 3434 2276 ἂν
3460 2221 3647 2285 αὐτοῖς

2050 2318 2113 2371 τὸ
2161 2317 2372 2371 κλαίειν
2406 2316 2825 2387 ἀκαταλήκτως,
2860 2314 2957 2369 xui
3000 2310 3467 2386 κατολοφύρεσθαι
3506 2312 3645 2385 πρὸς

2051 2410 2215 2464 Θεόν·
2266 2410 2550 2482 γλίχεσθαι
2598 2426 2658 2463 τε
2702 2411 2884 2480 τυχεῖν
2933 2408 3022 2462 διὰ
3080 2407 3280 2479 συχνῆς
3334 2406 3646 2478 προσευχῆς

2051 2503 2299 2570 dessem;
2339 2503 2433 2556 xui
2466 2500 2825 2574 ἐπικουρίας,
2856 2500 2933 2564 ὡς
2963 2497 3029 2555 ἂν
3067 2495 3199 2564 εἷεν,
3240 2497 3346 2553 κᾶν
3379 2498 3508 2568 γοῦν
3545 2496 3646 2567 ὀψέ

2056 2614 2185 2649 ποτε
2217 2596 2311 2650 xui
2348 2595 2524 2667 μόλις,
2562 2596 2717 2666 σοφοὶ
2764 2596 2859 2650 καὶ
2906 2594 3202 2657 εὐσθενεῖς,
3232 2591 3328 2645 xui
3374 2590 3647 2658 διαδιδρά-

2055 2705 2206 2741 σκειν
2253 2683 2444 2742 οἷοίτε
2491 2687 2561 2742 τὰ
2607 2686 3017 2758 συμΰεϐηκότα.
3057 2685 3289 2741 Πάθοιεν
3317 2684 3362 2738 δ’
3416 2683 3482 2738 ἂν
3512 2681 3649 2736 αὐτὸ

2054 2781 2148 2833 καὶ
2179 2774 2260 2844 οἷς
2294 2781 2322 2834 ὁ
2370 2780 2495 2846 νοῦς
2529 2781 2759 2850 ἀμαθῶς
2794 2779 3114 2835 ἐκκέκλικεν
3158 2779 3238 2843 είς
3265 2795 3330 2847 γε
3358 2776 3419 2830 τὸ
3446 2776 3647 2847 χρῆναι

2053 2872 2340 2944 προσέχειν
2361 2875 2472 2937 τοῖς
2503 2873 2830 2944 ἑτεροδοξεῖν
2862 2870 3100 2937 εἰωθόσι,
3126 2872 3221 2925 καὶ
3252 2869 3324 2924 τὰ
3368 2869 3506 2942 ὀρθὰ
3536 2867 3639 2937 τῆς

2067 2962 2397 3035 Ίύκκλησίας
2445 2963 2745 3036 παραλύειν
2774 2963 3098 3034 διδάγματα,
3135 2962 3263 3032 περὶ
3307 2952 3383 3015 ὧν
3437 2960 3505 3014 ἂν
3554 2958 3648 3012 λέ-

2054 3071 2225 3124 γοιτο,
2249 3058 2344 3109 xui
2378 3056 2523 3127 μάλα
2562 3056 2787 3119 εἰκότως
2811 3072 2822 3084 ·
2861 3056 2954 3109 «Oi
2988 3054 3199 3118 ὀδόντες
3225 3051 3406 3107 αὐτῶν
3434 3051 3647 3114 ὀδόντες

361 3147 739 3212 absumens,ut
761 3160 829 3201 ne
860 3144 1103 3216 reliquiae
1129 3144 1346 3214 quidem
1373 3140 1575 3212 prioris
1605 3140 1868 3196 doctrinae
1897 3139 1948 3190 in

2059 3146 2291 3210 λέοντος,
2324 3145 2420 3199 καὶ
2464 3146 2521 3200 ui
2567 3144 2733 3216 μύλαι
2775 3144 2956 3198 αὐτῶν
2998 3144 3276 3214 σκύμνου·
3318 3161 3338 3194 ι
3393 3140 3647 3211 θεομισὲς

363 3237 470 3293 illis
496 3245 814 3307 appareant.
834 3235 900 3291 lli
925 3237 1136 3291 vineam
1167 3236 1495 3290 dominicam
1525 3232 1592 3288 ad
1642 3245 1941 3285 marcorem

365 3328 642 3400 redigunt,
669 3328 885 3382 hortum
914 3343 944 3382 a
982 3327 1188 3381 licubus
1221 3326 1463 3390 inanem,
1502 3322 1707 3378 nudum
1763 3329 1821 3375 et
1859 3321 1943 3372 iu-

2046 3237 2154 3308 γάρ
2208 3235 2271 3289 τὸ
2298 3235 2475 3303 γένος,
2510 3235 2762 3307 κίϐδηλόν
2810 3252 2869 3288 τε
2907 3236 3001 3288 xui
3054 3234 3357 3304 ἀλιτήριον,
3398 3230 3492 3284 xui.
3525 3229 3639 3283 τῶν

2050 3326 2438 3398 ἁπλουστέρων
2469 3326 2560 3380 τὸν
2600 3325 2725 3379 νοῦν
2754 3328 2867 3389 τοῖς
2895 3325 3046 3394 σφῶν
3063 3324 3330 3396 εὐρέμασι
3357 3321 3647 3378 κατεσθίον

360 3417 569 3474 cultum
590 3417 844 3474 reddunt.
874 3436 894 3469 ι
925 3416 1164 3485 Quorum
1191 3415 1457 3484 judicium
1487 3429 1595 3470 non
1629 3412 1893 3477 cessat“;
1921 3429 1939 3461 ι

2059 3441 2110 3477 τε
2157 3420 2252 3477 xui.
2303 3419 2634 3487 ἀναλίσκον,
2694 3419 2772 3484 ὡς
2814 3419 2950 3491 μηδὲ
3003 3418 3297 3491 ὀρθότητος
3349 3418 3408 3472 ὲν
3459 3415 3647 3478 αὐτοῖς

362 3509 458 3567 sed
491 3510 769 3566 damnatio
794 3509 941 3580 justa
968 3508 1074 3565 erit
1103 3523 1204 3565 suo
1242 3518 1486 3577 tempore
1509 3506 1580 3561 ".
1644 3504 1744 3572 Qui
1782 3504 1948 3574 igitur

2059 3515 2279 3589 5ρᾶσθαι
2306 3514 2362 3568 λε
2372 3515 2580 3585 ίψανον.
2603 3507 2765 3569 Οὗτοι
2794 3513 3127 3567 Δεσποτικὺν
3148 3510 3448 3585 ἀμπελῶνα
3474 3526 3641 3565 κατα·

364 3605 417 3657 in
441 3601 659 3657 inscitia
683 3601 850 3656 vitam
884 3601 1214 3672 transigunt,
1239 3600 1480 3663 locustae,
1518 3597 1707 3652 lll'llClll
1743 3603 1798 3652 et
1824 3612 1949 3650 eruo

2059 3608 2409 3681 μαραίνουσι,
2446 3605 2631 3661 συκῶν
2669 3606 2878 3678 ἔρημον
2917 3604 3282 3675 ἀποφαίνουσι
3316 3603 3407 3657 τὸν
3442 3601 3644 3672 κῆπον,

362 3696 441 3748 cie
498 3691 750 3764 pabulum
802 3701 985 3757 erunt,
1038 3699 1094 3746 et
1127 3690 1196 3745 ab
1241 3689 1386 3745 omni
1427 3689 1674 3744 decentia
1704 3687 1945 3743 destituti

2059 3699 2204 3771 ζιιλόν
2224 3716 2284 3753 τε
2305 3697 2613 3752 δεικνύουσι
2633 3698 2726 3750 xui
2746 3695 3160 3767 κεχερσωμένον
3182 3712 3197 3726 ·
3224 3688 3354 3747 «Ὧν
3377 3692 3439 3746 τὸ
3464 3696 3643 3765 κρῖμα

364 3783 780 3854 permanebunt,
808 3797 909 3839 nec
941 3791 1028 3839 est
1062 3781 1116 3837 in
1150 3780 1216 3836 iis
1235 3779 1533 3850 quidquam
1574 3778 1846 3834 ﬂoridum.
1882 3780 1950 3833 At

2059 3796 2153 3849 οὐκ
2173 3795 2355 3868 ἀργεῖ,
2381 3810 2399 3843 ι
2439 3791 2557 3845 ἀλλ’
2579 3791 2788 3845 ἔνδικον
2818 3790 2972 3844 ἔσται
3004 3791 3146 3843 κατὰ
3171 3788 3417 3859 καιρούς.
3445 3789 3508 3842 Οί
3544 3786 3643 3859 μὲν

364 3891 492 3932 τοι-ο
523 3875 738 3947 sapiens
764 3882 820 3929 et
846 3873 1013 3949 ῡοιῃη
1054 3888 1245 3929 amans
1281 3872 1488 3938 anima,
1518 3882 1573 3927 et
1607 3870 1950 3942 dogmatibus

2059 3884 2147 3943 οῦν
2195 3887 2410 3959 ἀμαθίᾳ
2458 3886 2630 3958 συζῆν
2672 3885 2960 3951 εἰωθότες,
3000 3884 3221 3957 ἀκρίδος
3262 3884 3355 3939 xui
3399 3881 3632 3955 βρούχου

362 3968 609 4025 veritatis
651 3966 930 4038 epulenta,
974 3965 1311 4037 iustitiaeque
1374 3964 1642 4022 fructibus
1675 3979 1813 4035 pene
1846 3964 1950 4019 cir-

2059 3980 2153 4035 xui
2197 3981 2425 4050 κάμπης
2468 3979 2683 4033 ἔσονται
2714 3976 2910 4049 τροφὴ,
2947 3977 3042 4031 xui
3079 3976 3297 4046 ἀπάσης
3349 3973 3650 4045 εὐκοσμίας

363 4060 690 4127 cumlluens,
715 4068 773 4117 et
807 4058 1036 4114 miriﬁce
1085 4058 1323 4128 undique
1365 4057 1568 4114 ﬂorens
1599 4072 1696 4114 cor
1722 4057 1949 4120 habens,

2060 4071 2400 4142 ἀπομενοῦσι
2444 4070 2666 4142 ἔρημοι,
2702 4068 2928 4133 εὐανθὲς
2967 4068 3024 4142 δὲ
3051 4067 3204 4121 οὐδὲν
3233 4070 3290 4120 ὲν
3330 4067 3533 4130 αὐτοῖς.
3585 4063 3649 4117 'l'l

363 4153 510 4209 onmi
539 4152 794 4208 libertate
826 4165 951 4207 cum
976 4164 1196 4222 sponsa,
1228 4164 1351 4221 qua:
1382 4149 1435 4204 in
1466 4148 1712 4203 Canticis
1753 4148 1950 4202 intelli-

2059 4160 2117 4215 δέ
2149 4139 2211 4228 γέ
2248 4161 2388 4232 σοφὴ
2436 4139 2818 4229 καιήφιλόθεος
2865 4139 3042 4229 ψυχὴ.
3096 4156 3192 4212 xui
3230 4159 3346 4220 τοῖς
3374 4155 3475 4226 τῆς
3518 4154 3653 4224 ἀλη-

362 4247 528 4317 gitur,
560 4247 690 4303 illud
707 4245 884 4301 dicet:
916 4262 935 4297 ι
974 4244 1278 4300 Descendat
1316 4255 1488 4310 nepos
1531 4254 1689 4296 meus
1733 4239 1787 4294 ln
1830 4239 1950 4293 bor-

2065 4253 2218 4318 θείας
2251 4253 2489 4323 δόγμασι
2520 4252 2750 4325 κομῶσα
2783 4252 3077 4318 πλουσίως,
3113 4251 3211 4305 xui
3252 4252 3488 4322 καρποῖς
3536 4250 3652 4310 τοῖς

365 4348 478 4395 tum
505 4352 667 4395 suum
689 4345 746 4392 et
779 4337 1030 4394 comedat
1051 4334 1287 4391 fructum
1307 4344 1591 4402 pomorum
1623 4331 1950 4386 suorum‘h

2060 4345 2141 4408 είς
2175 4342 2522 4413 δικαιοσύνην
2567 4343 2854 4414 μονονουχὶ
2886 4341 3161 4414 βρύουσάν
3191 4358 3252 4395 τε
3285 4340 3381 4394 xui
3407 4335 3465 4394 εὖ
3506 4339 3654 4410 μάλα

368 4431 562 4486 Dulces
585 4429 802 4500 pietatis
823 4429 1033 4485 fructus
1054 4436 1113 4482 et
1147 4423 1324 4481 dulcia
1358 4419 1802 4492 poma,205ubi
1830 4436 1950 4478 vera

2065 4435 2535 4508 περιηνθισμένην
2584 4434 2785 4506 ἔχουσα
2834 4436 2935 4507 τὴν
2966 4435 3217 4505 καρδίαν,
3268 4435 3386 4505 ἐρεῖ
3432 4432 3653 4495 πάντως

364 4523 604 4579 discendi
638 4521 930 4593 cupiditas,
957 4518 1180 4575 Christo
1207 4513 1453 4571 omnium
1477 4522 1723 4568 nostrum
1769 4512 1950 4570 Salva-

2062 4528 2127 4580 ὲκ
2156 4527 2492 4600 παρρησίας,
2514 4527 2658 4581 κατά
2677 4543 2741 4596 γε
2772 4527 2871 4599 τὴν
2892 4528 2950 4581 ὲν
2980 4525 3060 4597 τῷ
3084 4527 3329 4599 ’ᾼσματι
3355 4525 3655 4595 νοουμένην

364 4617 491 4683 tori,
526 4615 618 4686 qui
646 4627 701 4672 et
735 4626 926 4673 noster
966 4626 1136 4682 nepos
1164 4617 1269 4671 est,
1301 4614 1487 4675 utpote
1515 4620 1580 4662 ex
1634 4621 1822 4664 sorore
1854 4625 1950 4664 no-

363 4719 499 4775 stra,
548 4711 767 4765 domina
817 4705 1152 4764 ormtimodis
1208 4700 1637 4756 ittcoutatnittata
1701 4704 1957 4773 progeni-

363 4816 471 4860 tus.

2064 4619 2286 4692 νύμφην
2307 4634 2321 4649 ⁸
2362 4637 2382 4672 ι
2411 4618 2725 4689 Καταὸἡτω
2754 4618 3071 4687 ἀδελφιδοῦς
3103 4634 3206 4689 μου
3232 4618 3313 4681 είς
3346 4614 3524 4686 κῆπον
3549 4615 3650 4668 αὐ⁴

2066 4711 2185 4775 τοῦ,
2213 4714 2310 4768 καὶ
2346 4713 2571 4783 φαγέτω
2600 4710 2812 4782 καρπὸν
2847 4710 3165 4783 ἀκροδρύων
3198 4708 3387 4765 αὐτοῦ.
3426 4727 3446 4760 ι
3474 4707 3652 4770 Ἥδεῖς

2070 4804 2122 4857 οἱ
2143 4804 2241 4875 τῆς
2263 4804 2546 4868 εὐσεϐείας
2570 4804 2776 4876 καρποὶ
2808 4804 2902 4858 xui
2928 4803 3027 4874 τῆς
3051 4801 3289 4873 ἀληθοῦς
3322 4798 3653 4872 φιλομαθίας

363 4896 644 4969 ἀκρόδρυα
673 4894 752 4967 τῷ
779 4893 1000 4948 πάντων
1031 4888 1187 4959 ἡμῶν
1210 4888 1421 4961 Σωτῆρι
1442 4887 1684 4961 Χριστῷ,
1711 4888 1771 4954 δς
1835 4888 1988 4942 ἐστιν
2025 4894 2182 4965 ἡμῶν
2213 4898 2306 4952 καὶ
2365 4895 2699 4966 ἀδελφιδοῦς,
2726 4897 2802 4963 ὡς
2841 4896 2902 4962 ἐξ
2930 4895 3168 4967 ἀδελφῆς
3194 4895 3296 4966 τῆς
3331 4890 3650 4963 παναχράν-

362 5008 457 5046 του
486 4988 787 5058 Δεσποίνης
816 5000 1049 5054 γεγεννη
1058 4982 1237 5052 μένος.

439 5084 609 5139 Vsus.
640 5082 696 5138 8.
724 5079 930 5148 Plange
962 5078 1031 5129 ad
1065 5093 1144 5130 me
1194 5093 1351 5143 super
1406 5079 1665 5147 uirginem
1719 5077 1952 5143 prmiu-

365 5184 505 5231 ctam
544 5188 723 5241 sacco,
769 5186 862 5227 seu
915 5169 1089 5224 cilicio
1144 5185 1302 5239 super
1351 5171 1524 5224 uirum
1572 5184 1730 5223 suum
1784 5168 1950 5236 uirgi~

368 5284 544 5323 neut».

439 5358 551 5415 Vll.
591 5356 709 5413 Non
741 5354 843 5410 levi
874 5353 1122 5419 brachio,
1184 5366 1286 5408 nec
1339 5350 1487 5420 utjn
1540 5349 1795 5410 transitu.
1861 5357 1953 5413 aut

2127 5076 2452 5147 Θρήνησον
2468 5078 2622 5146 πρός
2644 5094 2722 5147 με
2749 5077 2904 5146 ὑπὲρ
2923 5077 3172 5146 νύμφην
3202 5072 3651 5145 περιζωσμέιην

2054 5171 2292 5226 σάκκον
2319 5169 2420 5224 ἐπὶ
2443 5169 2552 5224 τὸν
2583 5169 2775 5239 ἇνδρα
2799 5167 2990 5239 αὐτῆς
3014 5168 3123 5222 τὸν
3150 5167 3520 5237 παρθενικόν

2127 5352 2198 5404 Z'.
2231 5350 2308 5403 Οὐ
2335 5349 2616 5421 πάρεργον
2642 5347 2861 5412 αὐτοὺς.
2885 5346 3007 5401 οὐδὲ
3037 5340 3148 5401 οἷον
3174 5346 3241 5399 ὲκ
3264 5343 3646 5419 παραδρομῆς,

368 5453 628 5525 segniter,
655 5458 712 5506 et
741 5464 959 5519 quoquo
983 5452 1141 5504 modo
1171 5444 1492 5518 pmnitentia
1517 5483 1533 5508 ,
1573 5452 1631 5498 et
1658 5443 1748 5512 qui
1801 5443 1853 5498 in
1886 5457 1947 5497 ea

2059 5442 2088 5512 ῆ
2122 5441 2362 5513 ῥᾴθυμον
2392 5440 2580 5505 ἁπλῶς
2604 5439 2701 5511 τὴν
2734 5438 3081 5511 μετάγνωσιν
3127 5437 3400 5492 ποιεῖσθαι
3432 5435 3646 5490 κελεύει

370 5542 693 5613 intelligitur
726 5540 869 5598 luctu
900 5542 1044 5612 fungi
1075 5557 1172 5597 eos
1196 5541 1432 5612 postulat
1459 5554 1476 5605 ;
1537 5538 1631 5593 sed
1674 5538 1764 5607 qui
1824 5554 1948 5592 cum

2059 5534 2152 5588 xui
2203 5534 2264 5588 τὸ
2308 5535 2396 5589 ἐπ’
2436 5535 2574 5605 αὐτῇ
2617 5533 2913 5605 νοούμενον
2954 5531 3172 5598 πένθος,
3224 5529 3363 5584 ἀλλά
3406 5531 3524 5594 τοῖς
3565 5531 3648 5583 δτι

368 5634 490 5691 aliis
529 5635 765 5692 luctibus
803 5634 972 5691 multo
1021 5633 1259 5689 maxime
1306 5632 1564 5703 gravibus
1611 5646 1716 5684 non
1751 5630 1942 5687 leviter

2059 5627 2293 5699 μάλιστα
2318 5626 2426 5682 τῶν
2454 5625 2630 5682 ἄλλων
2661 5625 3114 5699 δυσαχθεστέροις
3141 5624 3199 5678 οὐ
3228 5621 3466 5697 μετρίως
3494 5620 3647 5693 φιλο-

441 5815 485 5853 ⁶¹
523 5816 543 5876 1
576 5814 725 5876 Petr.
765 5833 824 5887 tt,
875 5817 928 5872 ὅ.
1005 5816 1049 5848 ⁸³
1110 5813 1266 5869 Rom.
1308 5826 1388 5878 ιιι,
1434 5810 1483 5865 8.
1567 5811 1609 5843 ω
1644 5808 1799 5865 Cum.
1840 5824 1889 5874 ν,
1956 5807 2006 5864 ί.

362 6114 465 6257 ᾗ

418 6288 463 6307 ιι.
