3982 6450
294 430 397 491 541

1199 427 1758 486 COMMENTARIUS
1796 427 1862 482 ΙΝ
1899 427 2166 485 JOELEM
2207 425 2656 486 PROPIIETA’M.

3497 419 3602 478 542

293 553 518 610 νεικοῦν
557 553 654 610 καὶ
699 554 1032 626 ἁμιλλᾶσθαι
1066 553 1390 620 σπουδάζον,
1427 555 1503 616 ὡς
1540 554 1901 626 ῑσοστάθμους

2019 557 2314 625 :ontendat,
2351 565 2406 612 et
2457 565 2674 612 certare
2707 552 2923 610 studeat
2954 588 2969 614 ,
3014 559 3075 605 ut
3105 547 3320 606 dolores
3366 543 3603 614 peccatis

288 649 411 712 τοῖς
458 648 881 720 ἡμαρτημένοις
935 646 1213 701 ποιεῖσθαι
1260 648 1390 711 τοὺς
1429 647 1647 711 πόνους.
1671 647 1819 700 Φιλεῖ
1841 647 1898 702 δέ

291 757 417 803 πως
457 739 769 811 άρτίγαμος
797 741 936 812 κόρη
965 737 1335 810 κατοιμώζειν
1356 739 1497 809 ἄγαν
1517 741 1596 804 είς
1626 740 1901 794 τεθνεῶτα

291 831 535 902 νυμφίον
561 872 577 897 ,
621 832 720 886 καὶ
761 831 1017 904 δριμείας
1080 830 1424 902 εἰσδέχεσθαι
1491 832 1593 894 τάς
1637 832 1730 885 ἐπὶ
1762 830 1899 902 τῷδε

291 922 500 988 λύπας,
536 922 616 986 ὡς
644 921 934 986 νουθεσίας
981 920 1244 974 ἐπέκεινα
1283 919 1527 975 τίθεσθαι
1565 919 1666 992 τὴν
1704 921 1899 992 φρένα,

290 1017 394 1069 καὶ
432 1016 642 1088 μηδένα
663 1016 869 1086 τρόπον
893 1014 1033 1086 αὐτῇ
1060 1015 1156 1069 τοῦ
1183 1015 1380 1086 χρῆναι
1416 1013 1636 1068 πενθεῖν
1663 1013 1902 1081 ἐπαξίως

290 1109 636 1180 ἀποχρῶντα
669 1104 814 1162 εῖναι
849 1109 1028 1162 δοκεῖν
1052 1126 1065 1140 ·
1100 1109 1292 1180 χρῆμα
1316 1107 1428 1180 γὰρ
1460 1107 1522 1160 τὸ
1549 1106 1780 1179 θηλειῶν
1809 1125 1900 1177 φι-

287 1200 538 1272 λόδακρυ
570 1201 667 1254 καὶ
699 1199 1024 1270 φιλοπενθὲς
1069 1200 1539 1272 ὁμολογουμένως,
1580 1200 1815 1272 μάλιστα
1845 1201 1904 1254 δὲ

287 1294 405 1347 τῶν
445 1293 627 1348 ἄλλων
656 1294 688 1365 ὴ
725 1294 1057 1365 παρθενικόν
1084 1311 1143 1347 τε
1175 1294 1272 1348 καὶ
1314 1293 1519 1364 ἔφηϐον
1550 1293 1735 1365 ὁρῶσα
1764 1311 1903 1365 νυμ-

292 1385 423 1455 φίον
452 1385 690 1458 οἰκτρῶς
716 1387 774 1437 ἐν
808 1387 993 1449 εὐναῖς
1025 1387 1221 1456 νεκρόν
1253 1403 1314 1438 τε
1353 1386 1448 1439 καὶ
1478 1386 1684 1440 ἄπνουν
1713 1387 1904 1458 κείμε-

288 1495 408 1529 νον.
455 1468 536 1548 τῌ
583 1476 648 1547 δὴ
702 1475 1136 1548 παρεικάζεσθαι
1185 1475 1294 1528 δεῖν
1327 1475 1428 1546 τὴν
1476 1475 1586 1528 τῶν
1631 1476 1904 1530 Ἰουδαίων

290 1569 513 1641 πληθὺν
536 1567 597 1622 εὖ
628 1569 774 1638 μάλα
800 1568 986 1639 φησὶν,
1011 1568 1420 1640 άποκροίεσθαί
1437 1587 1496 1622 τε
1526 1569 1596 1624 τά
1624 1570 1683 1637 ἐξ
1709 1570 1902 1642 ὀργῆς,

291 1663 392 1716 καὶ
417 1656 534 1715 οἷον
564 1661 794 1732 ἄσχετον
825 1663 912 1713 ἐπ’
942 1663 1142 1725 αὐτοὺς
1174 1661 1361 1715 ἰοῦσαν
1401 1665 1514 1726 τοῖς
1559 1661 1778 1734 θρήνοις
1805 1664 1906 1733 τὴν

291 1754 456 1808 θείαν
487 1754 706 1824 κίνησιν
736 1753 1088 1820 ἀνακόπτειν,
1117 1754 1532 1826 τεθαρρηκότας
1556 1755 1636 1808 ὅτι
1671 1754 1907 1825 χρηστὸς

291 1851 394 1902 καὶ
438 1848 695 1919 ἐπιεικὴς
729 1849 757 1901 6
806 1847 915 1901 τῶν
955 1847 1093 1900 ὅλων
1143 1848 1264 1900 ἐστὶ
1315 1849 1619 1918 Δεσπότης,
1667 1868 1683 1899 ι
1717 1848 1907 1917 φιλάν-

291 1943 546 2012 θρωπος,
582 1943 680 1995 καὶ
713 1940 1024 2004 πολυέλεος,
1061 1941 1156 1994 καὶ
1203 1940 1482 2012 μετανοῶν
1528 1942 1620 1994 ὲπὶ
1660 1943 1779 2006 ταῖς
1816 1960 1905 1994 κα-

288 2033 473 2098 κίαις,
542 2031 688 2085 κατὰ
721 2032 781 2084 τὸ
816 2031 1030 2101 γένος.»

369 2207 527 2280 Πλὴν
569 2208 631 2262 οὐ
683 2209 1028 2280 τεθρήνηκεν
1077 2213 1109 2279 ἡ
1148 2210 1257 2265 τῶν
1294 2211 1567 2266 Ἰουδαίων
1605 2213 1906 2286 Συναγωγὴ

289 2297 391 2348 τὸν
424 2295 490 2360 ἐξ
531 2296 764 2368 οὐρανοῦ
809 2298 1066 2368 νυμφίον,
1104 2299 1248 2352 τοῦτ’
1283 2299 1402 2354 ἔστι
1449 2303 1705 2372 Χριστόν.
1755 2303 1905 2376 Αὕτη

291 2388 410 2459 γὰρ
433 2388 750 2454 ἀπέκτεινε,
777 2392 870 2443 καὶ
895 2392 1294 2464 πεπαρῴνηκεν
1317 2397 1396 2457 εἰς
1418 2395 1600 2450 αὐτόν.
1616 2397 1907 2469 Τοιγάρτοι

291 2481 410 2533 τῶν
442 2481 610 2537 θείων
650 2482 898 2557 εἴργεται
944 2485 1188 2548 παστῶν,
1215 2483 1321 2550 ἔξω
1353 2504 1414 2539 τε
1443 2487 1552 2540 τῶν
1597 2489 1760 2560 ἱερῶν
1792 2492 1908 2544 ἐστι

292 2575 519 2645 γάμων,
541 2575 636 2628 καὶ
667 2575 769 2645 τῆς
797 2577 995 2647 ἑορτῆς
1031 2579 1302 2649 ἀμέτοχος
1332 2580 1637 2646 παντελῶς,
1665 2581 1907 2654 άπόκλη-

295 2669 393 2739 ρός
416 2684 482 2720 τε
516 2669 613 2721 καὶ
637 2669 1029 2742 ἀπερριμμένη
1068 2670 1286 2737 λοιπὸν,
1323 2674 1417 2728 καὶ
1450 2673 1550 2744 τῆς
1597 2676 1706 2730 τῶν
1736 2677 1907 2746 ἁγίων

291 2762 522 2824 ἐλπίδος
547 2761 624 2824 ὡς
660 2762 943 2818 άποτάτω.
978 2764 1344 2837 Είσκέκληται
1384 2768 1441 2821 δὲ
1471 2769 1584 2822 ἀντ’
1625 2771 1842 2843 ἐκείνης
1871 2775 1904 2843 ἡ

291 2857 397 2909 νέα
436 2856 535 2909 καὶ
578 2856 934 2928 ἀρυτίδωτος,
967 2859 1000 2928 ἡ
1053 2857 1349 2927 πάναγνος,
1387 2861 1482 2913 καὶ
1519 2861 1678 2933 σοφὴ.
1718 2863 1814 2916 καὶ
1844 2865 1908 2916 ἐκ

292 2951 540 3004 Λιϐάνου
575 2951 784 3021 νύμφη,
819 2951 960 3022 καλή
996 2969 1054 3004 τε
1091 2953 1409 3024 περιστερὰ,
1445 2955 1748 3019 τουτέστιν,
1783 2958 1816 3027 ἡ
1849 2957 1908 3023 ἐξ

291 3043 478 3098 ἐθνῶν
512 3044 839 3114 Ἐκκλησία,
877 3045 912 3112 ἡ
955 3046 1050 3098 καὶ
1084 3045 1218 3098 αὐτὸ
1261 3045 1324 3098 τὸ
1368 3045 1541 3111 πάθος
1570 3047 1910 3118 ὁμολογοῦσα

291 3136 569 3208 Χριστοῦ,
604 3140 887 3210 μονονουχὶ
914 3139 971 3192 δὲ
1009 3139 1104 3192 καὶ
1132 3141 1220 3192 ἐπ’
1251 3139 1402 3209 αὐτῷ
1437 3139 1699 3194 κλαίουσα
1735 3141 1822 3196 διά
1850 3142 1910 3196 τὸ

293 3229 654 3301 συμπάσχειν
685 3232 780 3285 καὶ
811 3231 1051 3296 πενθεῖν,
1078 3231 1257 3304 αἴρειν
1287 3251 1348 3289 τε
1372 3232 1464 3286 τὸν
1496 3234 1627 3287 [διον
1668 3235 1907 3308 σταυρὸν

292 3327 397 3380 καὶ
419 3325 742 3381 ἀκολουθεῖν
773 3327 946 3400 αὐτῷ,
983 3328 1077 3382 καὶ
1120 3328 1208 3382 διά
1247 3329 1357 3384 τῶν
1388 3329 1521 3384 ἴσων
1563 3331 1700 3384 ξέναι
1733 3331 1908 3401 φιλεῖν

290 3419 390 3474 διά
412 3437 499 3474 τοι
531 3420 631 3492 τὴν
666 3423 747 3486 είς
775 3423 939 3476 αὐτὸν
971 3423 1219 3493 ἀγάπην.
1250 3424 1589 3496 Παρθενικὸς
1624 3425 1680 3480 δὲ
1709 3428 1737 3479 6
1770 3444 1910 3498 νυμο

292 3513 426 3582 cpio;
459 3513 620 3566 νοοῖτ’
651 3512 718 3567 ἂν
749 3515 919 3585 αὐτῆς
952 3515 980 3567 6
1016 3516 1366 3588 Ἐμμανουήλ
1396 3519 1614 3587 (καίτοι
1645 3518 1911 3591 δοκούσης

293 3597 728 3675 μεμοιχεῦσθαι,
754 3608 848 3661 καὶ
869 3606 949 3678 τῷ
969 3608 1188 3677 Σατανᾷ
1206 3627 1480 3680 πεπορνευ
1489 3611 1657 3682 μένης
1685 3613 1827 3667 κατά
1844 3630 1909 3681 γε

289 3696 394 3748 τὸν
425 3696 523 3750 τοῦ
564 3697 874 3753 πλανᾶσθαι
901 3701 1148 3772 τρόπον),
1179 3703 1270 3756 διὰ
1301 3702 1399 3775 τὴν
1427 3705 1636 3760 ἄνωθεν
1673 3705 1908 3774 ἀναγέν-

290 3805 489 3857 νησιν,
526 3789 594 3861 ἥν
626 3789 716 3844 διὰ
746 3790 840 3844 τοῦ
889 3792 1213 3864 Πνεῦματος
1260 3795 1762 3868 πεπλουτήκαμεν,
1811 3797 1912 3868 τὴν

291 3878 582 3950 σαρκικὴν
608 3879 960 3952 ἀρνούμενοι.
985 3882 1304 3953 Γέγραπται
1325 3887 1436 3957 γάρ
1471 3886 1601 3955 περὶ
1627 3886 1866 3958 Χριστοῦ
1893 3904 1907 3918 ·

297 3990 320 4021 σ
350 3971 449 4034 Εἰς
487 3971 553 4024 τά
585 3972 692 4026 ίδια
715 3969 871 4044 ἦλθε,
907 3976 1004 4028 καὶ
1034 3978 1082 4028 οἱ
1114 3978 1238 4031 ἴδιοι
1274 3978 1439 4032 αὐτὸν
1470 3980 1532 4032 οὐ
1578 3980 1908 4051 παρέλαϐον.

291 4062 466 4116 ὐσοι
498 4064 556 4118 δὲ
585 4064 778 4119 ἔλαϐον
812 4067 998 4133 αὐτὸν,
1029 4087 1047 4118 ι
1081 4071 1175 4124 καὶ
1209 4070 1274 4123 τὰ
1303 4070 1453 4142 έξῆς.

387 4244 682 4315 Ἐξῇρται
721 4247 906 4302 θυσία
937 4248 1038 4302 καὶ
1073 4249 1315 4318 σπονδὴ
1348 4249 1423 4314 ἐξ
1453 4251 1626 4306 οἴκου
1667 4253 1910 4320 Κυρίου.

292 4338 609 4404 Herae-ire,
640 4343 695 4394 οἱ
719 4341 1218 4411 λειτουργοῦντες
1236 4345 1647 4412 θυσιαστηρίῳ
1669 4347 1912 4414 Κυρίου,

295 4430 397 4484 ὅτι
436 4431 926 4500 τεταλαιπωρηκε
952 4433 1027 4488 τὰ
1069 4433 1267 4488 πεδία.
1297 4436 1594 4489 Πενθείτω
1617 4438 1656 4504 ἠ
1689 4437 1792 4507 γῆ,
1828 4437 1917 4491 ὅτι

293 4523 808 4592 τεταλαιπώρηκε
845 4525 1038 4592 σῖτος,
1077 4525 1381 4595 ἐξηράνθη
1427 4523 1615 4592 οἶνος,
1649 4529 1932 4599 ὠλιγώρη-

292 4619 538 4672 £1:th.
581 4617 1071 4689 Ἕξηρὰνθησαν.

377 4711 465 4764 Η’.
502 4710 731 4781 Ὅμοιον
757 4713 832 4776 ὡς
866 4715 915 4766 εί
945 4711 1096 4781 λέγοι
1132 4713 1320 4782 σαφῶς
1340 4731 1354 4743 ⁸
1393 4713 1807 4767 Ἐκλελοίπασιν
1831 4716 1922 4767 εὐ-

296 4801 619 4874 χ-αριστίαι,
653 4803 748 4855 καὶ
777 4804 803 4855 6
828 4802 1008 4857 θύσων
1031 4805 1111 4859 ἔτι
1147 4804 1429 4870 παντελῶς
1459 4805 1657 4870 οὐδεὶς,
1682 4807 1710 4859 6
1745 4823 1919 4877 προσ-

296 4894 524 4966 κομιῶν
555 4895 837 4967 ἀνάθημα,
879 4898 976 4951 καὶ
1017 4897 1188 4969 ληῗων
1216 4901 1496 4970 ἀπαρχάς,
1535 4899 1760 4972 δράγμα
1817 4917 1917 4954 που

297 4989 534 5051 πάντως
558 4987 620 5040 τὸ
650 4989 818 5060 ἱερὸν,
849 4991 933 5053 είς
966 4989 1226 5062 ἀπαρχὴν
1253 4990 1519 5063 θερισμοῦ
1557 4992 1750 5064 πυρῶν
1781 4993 1918 5046 ἁνα-

295 5082 422 5136 τιθέ
432 5097 598 5152 μενον
621 5081 700 5152 τῷ
731 5080 874 5152 Θεῷ,
905 5081 1048 5135 κατὰ
1074 5082 1168 5136 τὸν
1191 5083 1436 5147 Μωσέως
1473 5084 1659 5155 νόμον.
1696 5082 1918 5155 Πρωτό-

304 5175 443 5229 τοκά
485 5191 550 5226 τε
597 5173 665 5228 τά
702 5173 762 5239 ἐξ
791 5173 953 5246 ὡρῶν
989 5175 1167 5239 οὐδεὶς
1203 5175 1232 5227 6
1259 5174 1570 5246 καρτάλλῳ,
1607 5177 1794 5248 φησὶν,
1827 5177 1915 5229 ὲν-

300 5267 503 5331 τιθεὶς,
551 5266 646 5319 καὶ
682 5269 1056 5339 πορευόμενος
1093 5269 1175 5331 εἰς
1205 5264 1357 5322 οἶκον
1387 5268 1620 5338 Κυρίου,
1658 5269 1917 5323 ἀνάπτων

301 5356 361 5408 δὲ
390 5353 474 5426 τῷ
500 5354 623 5427 Θεῷ
666 5357 762 5410 καὶ
813 5356 960 5428 ᾠδὰς
999 5357 1101 5422 τὰς
1130 5358 1559 5429 χαριστηρίους,
1587 5359 1654 5424 ἃς
1695 5355 1764 5432 ἦν
1788 5361 1922 5429 ἀγο-

306 5448 496 5518 ρεύειν
525 5447 710 5520 ἔργον.
743 5449 1016 5523 Ταύτῃτοι
1047 5449 1267 5504 πενθεῖν
1293 5451 1353 5504 τὸ
1379 5451 1681 5506 άπόλεκτον
1710 5451 1924 5507 κελεύει

307 5541 490 5610 γένος,
524 5542 671 5613 φημὶ
693 5541 759 5614 δὴ
791 5542 921 5606 τοὺς
956 5542 1162 5614 ἱερέας,
1195 5543 1256 5597 οὐ
1281 5543 1588 5615 λημμάτων
1618 5545 1783 5599 ἕνεκα
1810 5546 1924 5600 δια-

310 5633 712 5704 πονουμένους,
746 5633 866 5687 ἀλλ’
901 5631 976 5698 ὡς
1012 5632 1121 5686 τῶν
1163 5633 1270 5687 ὑπὸ
1302 5636 1459 5704 χεῖρα
1491 5633 1638 5689 λαῶν
1685 5634 1926 5706 ὑπερηλ-

309 5723 579 5794 γηκότας,
611 5724 707 5778 καὶ
745 5723 1103 5795 τεθειμένους
1149 5724 1228 5786 εἰς
1266 5722 1612 5796 λειτουργίαν
1637 5724 1737 5796 τὴν
1771 5727 1923 5799 ἱεράν

391 5897 440 5930 ⁸³
485 5897 600 5955 Joel
661 5916 720 5968 tt,
771 5900 856 5956 i5.
937 5900 980 5932 ⁸⁵
1040 5896 1263 5970 Joau.t,
1317 5899 1402 5968 Η,
1462 5899 1558 5954 1⁸3.

2007 649 2315 704 commissis
2365 646 2724 720 proportione
2765 641 3158 714 respondeant.
3212 635 3366 692 Solet
3419 641 3602 704 autem

2003 739 2178 811 puella
2208 755 2346 794 nova
2378 749 2542 807 nupta
2570 737 2831 806 majorem
2865 735 2918 789 in
2944 732 3162 788 modum
3213 726 3421 796 ejulare
3464 735 3595 791 pro-

2003 838 2124 896 pter
2162 836 2432 881 mortuum
2457 842 2715 896 sponsum
2750 838 2930 887 suum,
2961 831 3016 876 et
3053 818 3172 888 ejus
3197 830 3363 873 causa
3401 811 3604 866 acerbo

2004 916 2058 970 in
2092 931 2328 972 maerore
2372 917 2601 981 versari,
2665 926 2719 970 ut
2769 915 2985 969 animus
3013 925 3229 966 omnem
3275 904 3601 961 medicinam

2005 1020 2248 1078 reSpuat,
2292 1025 2392 1064 nec
2421 1009 2560 1064 ullus
2589 1011 2636 1064 ei
2674 1009 2854 1062 luctus
2883 1006 3018 1062 satis
3049 1016 3279 1072 magnus
3301 998 3605 1053 et'idoneus

2004 1101 2273 1157 videatur.
2333 1101 2574 1156 Feminae
2631 1100 2903 1170 siquidem
2962 1097 3235 1166 lacrymas
3292 1099 3348 1144 et
3396 1089 3650 1142 luctum.

2005 1203 2188 1248 amant
2237 1194 2606 1248 conuuuniter
2639 1232 2654 1256 ,
2714 1189 3016 1261 praesertim
3075 1202 3198 1256 quae
3249 1182 3638 1251 virgineum,‘

2006 1300 2126 1350 seu,
2162 1285 2246 1340 cui
2277 1286 2391 1356 ipsa
2429 1285 2606 1340 adhuc
2633 1287 2788 1353 virgo
2837 1282 3040 1350 nupsit,
3086 1287 3142 1334 et
3173 1275 3465 1346 ephebum,
3503 1286 3600 1326 seu

2007 1378 2405 1434 adolescentem
2447 1377 2706 1431 maritum
2735 1373 3125 1429 miserabiliter
3173 1369 3227 1423 in
3271 1377 3392 1421 toro
3446 1378 3597 1418 mor-

2009 1481 2159 1527 tuum
2185 1482 2240 1528 et
2275 1471 2584 1528 exanimem
2630 1439 2907 1540 jzicentem
2935 1465 3153 1536 aspicit.
3188 1462 3326 1518 lluic
3368 1457 3604 1514 similem

2008 1566 2125 1620 ﬁeri
2153 1565 2463 1620 Judaeorum
2494 1563 2754 1633 populum
2789 1569 3042 1632 oportere
3095 1556 3193 1624 ait,
3230 1564 3286 1612 et
3329 1553 3406 1608 ita
3453 1565 3606 1604 amo-

2009 1657 2118 1724 liri,
2161 1674 2281 1728 qua:
2308 1673 2374 1714 ex
2421 1658 2502 1711 ira
2552 1656 2766 1712 caelesti
2808 1652 3100 1708 metuenda
3152 1650 3284 1716 sint,
3347 1643 3609 1701 acvelut

2011 1751 2376 1806 inevitabilem
2419 1750 2771 1818 ipsorumque
2824 1744 3134 1802 cervicibus
3186 1739 3452 1795 divinitus
3499 1736 3608 1790 im-

2009 1844 2336 1915 pendentem
2368 1843 2629 1912 impetum
2658 1840 2914 1896 lamentis
2970 1835 3288 1906 reprimere,
3337 1829 3603 1894 conﬁsos,

2015 1939 2139 2008 quia
2179 1936 2424 1992 clemens
2457 1951 2522 1992 ac
2587 1935 2738 1990 mitis
2773 1942 2857 1989 est
2899 1931 3282 1987 universorum
3321 1922 3608 1989 Dominus,

2021 2049 2038 2079 ι
2089 2029 2383 2100 benignus,
2409 2038 2463 2084 et
2497 2028 2692 2082 multae
2725 2022 3146 2089 miserit-ordiar,
3195 2029 3252 2077 et
3277 2013 3609 2090 praastabilis

2015 2137 2180 2192 Super
2209 2121 2415 2176 malitia
2456 2129 2651 2175 natura
2690 2133 2788 2173 sua
2821 2117 2890 2172 “.
2931 2136 2951 2170 ι

2091 2215 2579 2269 Yerumeuiuwero
2639 2227 2747 2266 non
2784 2209 2920 2264 luxit
2959 2207 3270 2262 Judaaorum
3322 2202 3609 2274 Synagoga

2016 2321 2276 2375 sponsum
2329 2304 2630 2367 caelestem,
2663 2302 2768 2356 hoc
2818 2309 2903 2355 est
2945 2298 3260 2360 Christum,
3297 2309 3459 2361 quem
3494 2295 3609 2359 ipsa

2015 2399 2295 2456 interemit
2368 2407 2424 2451 et
2501 2393 2900 2451 contumeliose
2978 2391 3189 2447 habuit.
3244 2384 3608 2454 Quamobrem

2016 2508 2044 2546 a
2067 2491 2252 2546 divino
2284 2489 2526 2544 thalamo
2554 2496 2777 2543 arcetur
2801 2525 2816 2551 ,
2867 2493 2921 2541 et
2955 2483 3130 2540 sacris
3175 2481 3380 2552 nuptiis
3421 2475 3612 2532 exclu-

2017 2587 2184 2649 ditur,
2233 2593 2288 2638 et
2326 2582 2447 2637 festi
2475 2595 2671 2650 expers
2694 2588 2750 2632 et
2784 2579 3034 2632 exhaeres
3088 2582 3191 2635 est,
3240 2569 3486 2640 projecta
3540 2567 3608 2620 de

2016 2687 2234 2742 cmtero,
2275 2685 2437 2745 atque
2473 2689 2501 2727 a
2552 2680 2868 2728 sanctorum
2921 2684 3017 2738 spe
3059 2662 3455 2722 remotissima.
3503 2659 3612 2714 Vo-

2015 2781 2134 2825 cata
2158 2777 2242 2825 est
2259 2777 2441 2823 autem
2476 2765 2620 2820 intro
2638 2764 2691 2819 in
2717 2763 2897 2818 locum
2919 2762 3037 2833 ejus
3067 2757 3154 2814 illa
3178 2749 3610 2814 adolescentula,

2018 2875 2193 2930 nuper
2227 2868 2374 2924 nata,
2420 2856 2509 2910 illa
2541 2854 2878 2919 castissima,
2910 2860 2967 2907 et
2989 2850 3309 2921 sapiens,et
3342 2858 3540 2916 sponsa
3579 2857 3609 2896 a

2017 2953 2250 3016 Libano,
2285 2950 2556 3016 columba,
2598 2947 2850 3017 pulchra,
2878 2958 3073 3014 nempe
3105 2939 3346 2997 Ecclesia
3374 2952 3441 2993 ex
3473 2950 3611 3007 gen-

2020 3048 2187 3111 tibus,
2217 3059 2338 3115 qua:
2374 3046 2548 3114 ipsam
2589 3039 2792 3096 Christi
2850 3037 3161 3108 passionem
3200 3031 3520 3094 conﬁtetur,
3558 3037 3615 3081 et

2021 3148 2230 3193 tantum
2265 3151 2371 3191 non
2410 3133 2680 3202 deplorat,
2718 3131 2845 3199 quia
2871 3127 3222 3198 compatitur,
3265 3133 3320 3178 et
3358 3121 3523 3188 luget,
3559 3128 3615 3172 et

2019 3229 2158 3284 tollit
2196 3240 2416 3282 crucem
2447 3238 2625 3286 suam,
2674 3230 2731 3276 et
2763 3220 2942 3290 ipsum
2995 3216 3268 3284 sequitur,
3315 3220 3371 3267 et
3414 3208 3610 3264 iisdem

2017 3321 2270 3376 incedere
2320 3317 2567 3385 veStigiis
2613 3313 2962 3378 delectatur,
3011 3315 3233 3378 propter
3285 3302 3611 3358 charitatetn

2013 3428 2119 3483 qua
2160 3412 2212 3465 in
2260 3410 2412 3464 illum
2464 3415 2572 3462 est.
2627 3405 2918 3469 Virgineus
2969 3407 3150 3454 autem
3204 3409 3440 3466 sponsus
3495 3391 3614 3462 ejus

2019 3502 2249 3573 intelligi
2277 3507 2458 3572 potest
2496 3493 2817 3552 Emmanuel
2857 3493 3007 3565 (licet
3064 3489 3333 3546 adulterio
3383 3484 3609 3556 polluta,

2014 3605 2069 3652 et
2104 3611 2226 3650 cum
2255 3593 2457 3648 Satana
2499 3587 2768 3646 fornicata
2823 3584 3122 3641 secundum
3152 3581 3420 3636 rationem
3459 3592 3612 3631 erro-

2017 3689 2095 3744 ris
2121 3689 2204 3743 sui
2233 3687 2532 3753 videatur),
2563 3691 2790 3752 pmpter
2814 3691 3109 3750 supernam
3143 3671 3612 3746 regenerationem

2015 3799 2121 3856 qua
2154 3799 2249 3855 per
2289 3782 2558 3852 Spiritum
2587 3778 2742 3834 ditati
2798 3789 3016 3838 sumus,
3066 3769 3341 3827 carnalem
3372 3779 3606 3834 genera-

2017 3879 2220 3935 tionem
2254 3876 2614 3944 abncgantes.
2651 3869 2932 3946 Scriptum
2964 3873 3050 3922 est
3077 3864 3224 3920 enim
3254 3862 3322 3918 de
3353 3858 3573 3915 Christo
3600 3877 3612 3912 :

2022 3991 2040 4026 ι
2083 3970 2140 4025 1η
2203 3967 2427 4040 propria
2481 3965 2654 4032 venit,
2707 3975 2762 4018 et
2791 3963 2875 4017 sui
2928 3975 3053 4016 eum
3107 3973 3216 4013 non
3269 3961 3613 4023 receperunt.

2017 4062 2293 4131 Quotquot
2329 4067 2508 4114 autem
2540 4069 2664 4111 eum
2699 4060 3028 4122 receperunt
3077 4050 3144 4115 (⁵³,
3189 4065 3208 4101 ο
3259 4055 3314 4103 et
3351 4061 3471 4115 quae
3532 4060 3618 4098 se-

2017 4165 2283 4227 quuutur.

2090 4246 2255 4317 206
2309 4243 2475 4299 Vens.
2513 4240 2712 4308 9,10.
2766 4238 3020 4292 Ablatum
3072 4246 3146 4289 est
3194 4232 3519 4300 sacriﬁcium
3568 4241 3615 4284 et

2019 4341 2205 4393 libatio
2230 4338 2294 4392 de
2324 4337 2482 4391 domo
2529 4334 2767 4391 Domini.
2797 4331 3016 4402 Lugete,
3069 4327 3369 4384 sacerdotes
3399 4361 3418 4390 ,
3461 4323 3620 4379 mini-

2020 4440 2250 4486 strantes
2289 4430 2449 4484 altari
2478 4429 2716 4494 Domini,
2741 4426 2996 4498 quoniam
3021 4420 3247 4476 desolati
3269 4428 3393 4473 sunt
3421 4417 3616 4483 campi.

2026 4524 2223 4595 Lugeat
2253 4532 2422 4586 terra,
2447 4522 2706 4592 quoniam
2734 4519 2998 4590 afﬂictum
3046 4525 3120 4569 est
3148 4513 3385 4566 triticum
3413 4527 3432 4576 ;
3476 4509 3620 4562 aruit

1951 4637 1992 4692 ι)
2025 4617 2202 4670 riuum
2228 4656 2244 4678 ,
2272 4614 2621 4669 imminutum
2649 4621 2723 4667 est
2751 4611 2945 4664 oleum.
2976 4606 3270 4691 Aruerunt.

2096 4705 2230 4760 Vill.
2261 4705 2495 4761 Perinde
2544 4719 2609 4758 ac
2635 4704 2678 4758 si
2730 4703 2876 4756 dicat
2909 4698 3154 4769 apertius
3219 4712 3231 4748 :
3296 4693 3623 4750 Defeccrunt

2019 4797 2323 4868 gratiarum
2371 4796 2644 4863 actiones,
2676 4804 2732 4850 et
2755 4794 2845 4864 qui
2871 4790 3049 4845 sacris
3071 4800 3362 4860 cperetur;
3401 4802 3626 4855 prorsus

2017 4905 2179 4944 nemo
2207 4899 2291 4944 est
2322 4889 2588 4960 amplius,
2619 4889 2710 4959 qui
2747 4901 2906 4943 sacra
2936 4883 3076 4939 dona
3109 4880 3378 4937 otl'eratet
3412 4881 3623 4949 frugum

2018 4985 2322 5055 primitias,
2367 4984 2709 5053 manipulum
2747 5023 2762 5048 ,
2805 4990 2957 5052 puta,
2991 4994 3091 5048 pro
3121 4976 3378 5048 primitiis
3430 4977 3624 5030 messi:

2023 5075 2309 5143 frumenti,
2337 5077 2448 5132 Deo
2489 5077 2791 5132 secundum
2837 5073 3008 5144 legem
3056 5069 3258 5142 Moysis
3297 5082 3598 5124 consecrati

2026 5169 2176 5225 dum.
2214 5169 2327 5227 Nec
2358 5179 2442 5226 est
2474 5170 2567 5241 qui
2601 5169 2655 5224 in
2686 5167 2916 5224 cartallo
2950 5175 3140 5237 ponat,
3168 5163 3372 5234 quique
3420 5161 3598 5229 primo

2025 5263 2210 5328 genita
2247 5273 2535 5334 segreget,
2587 5272 2642 5318 et
2674 5261 2728 5316 in
2773 5261 2992 5315 domum
3024 5257 3238 5314 Domini
3275 5254 3503 5315 veniat,
3565 5266 3629 5304 ac

2007 5348 2122 5405 Deo
2151 5351 2346 5408 laudes
2376 5364 2676 5422 gratesque
2722 5350 3042 5420 persolvat,
3105 5357 3163 5400 ut
3204 5344 3434 5401 solebat.
3491 5343 3618 5397 l'deo

2024 5445 2215 5516 lugere
2246 5445 2404 5515 jubet
2445 5445 2684 5502 electum
2729 5457 2900 5514 genus
2926 5482 2942 5508 ,
2994 5439 3309 5496 sacerdotes
3362 5435 3573 5493 scilicet
3611 5453 3627 5500 ;

2023 5552 2130 5591 non
2165 5547 2224 5590 ut
2271 5536 2364 5604 qui
2407 5535 2730 5605 compendia
2784 5547 2890 5588 sua-
2943 5529 3329 5602 perdiderint,
3381 5541 3616 5593 quorum

2025 5645 2194 5686 eausa
2226 5627 2554 5696 laborarint,
2585 5627 2682 5684 sed
2736 5623 2928 5682 crediti
2957 5621 3142 5694 populi
3179 5621 3355 5676 vicem
3399 5619 3628 5675 nimium

2025 5732 2290 5793 quantum
2341 5719 2627 5789 dolentes,
2656 5727 2712 5775 ct
2757 5715 3042 5788 praefectos
3081 5712 3347 5770 obeundae
3385 5709 3625 5779 l‘iturgite
