3982 6460
398 413 507 470 345

1390 408 1450 465 S.
1490 408 1763 465 CYRILLI
1798 406 2269 465 ALEXANDRINI
2305 409 2626 467 ARCHiEP.

3554 415 3664 474 3M

401 537 596 588 sacrae,
647 529 704 578 et
726 520 1078 590 admirandae,
1111 530 1169 576 ut
1219 533 1275 578 et
1322 538 1434 593 prae
1479 523 1602 579 aliis
1659 525 1761 595 ipsi
1805 524 1972 580 Deum

2088 542 2139 578 τε
2166 526 2260 579 καὶ
2293 524 2642 595 ἀξιάγαπον,
2678 527 2765 581 ἴνα
2793 527 2887 581 καὶ
2921 526 3029 597 πρό
3050 542 3113 595 γε
3145 526 3256 581 τῶν
3286 526 3462 582 ἄλλων
3506 528 3665 582 αὐτοὶ

404 614 774 680 reconcilient,
806 614 1088 684 ipsumque
1118 628 1395 670 sacrorum
1424 616 1724 672 antistitem
1750 616 1972 687 Moysen

404 708 684 763 imitentur
714 747 730 773 ,
764 707 857 778 qui
891 707 1148 762 lsraelem
1191 707 1349 773 rexit,
1392 718 1443 762 et
1473 708 1609 762 dixit
1648 727 1661 763 :
1713 725 1732 759 ι
1763 715 1766 718 ’
1792 707 1972 764 Obse-

402 813 522 865 cro,
547 798 793 863 Domine,
826 800 1070 869 mecavit
1097 799 1182 851 hic
1207 799 1436 867 populus
1465 810 1753 868 peccatum
1803 798 1978 853 maxi-

406 904 599 957 mum;
653 899 708 943 et
738 890 782 944 si
827 890 1045 958 quidem
1079 889 1309 944 dimittis
1362 888 1471 944 illis
1525 901 1803 959 peccaturo
1831 930 1849 955 ,
1891 890 1973 945 di-

404 982 558 1037 mitte
582 1000 598 1048 ;
625 982 709 1036 sin
747 990 947 1048 autem,
977 981 1094 1035 dele
1130 996 1215 1034 me
1241 982 1307 1035 de
1339 980 1480 1036 libro
1510 991 1601 1038 tuo
1637 997 1797 1052 quem
1832 982 1975 1037 seri-

402 1074 559 1139 rsisti
591 1073 660 1128 ⁸⁷.
719 1068 1090 1143 rlnterponit
1136 1072 1280 1126 enim
1316 1087 1375 1127 se
1422 1073 1786 1128 sacerdotium
1833 1074 1977 1128 inter

406 1165 575 1219 Deum
607 1171 662 1218 et
700 1162 993 1232 pepulum;
1031 1172 1083 1216 et
1115 1177 1208 1217 eos
1240 1163 1391 1232 ips‘os
1443 1166 1535 1231 qui
1584 1163 1650 1216 ad
1701 1163 1970 1217 sacrificia

404 1253 649 1308 facienda
674 1253 907 1308 instituti
941 1263 1088 1316 sunt,
1124 1268 1248 1306 cum
1286 1254 1359 1307 sit
1386 1269 1578 1307 munus
1630 1255 1764 1308 adeo
1809 1271 1974 1308 vene-

406 1342 601 1408 rabile,
627 1343 801 1406 decet,
828 1343 1041 1412 opinor,
1076 1358 1173 1399 nec
1203 1344 1400 1413 injuria
1432 1359 1563 1399 sane
1584 1347 1613 1411 ,’
1636 1347 1973 1415 supplicandi

404 1432 644 1488 libertas.
686 1431 1078 1502 Propemodum
1127 1434 1270 1488 enim
1340 1448 1502 1504 supra
1558 1450 1749 1489 omnes
1809 1437 1973 1492 vitam

403 1538 555 1577 suam
592 1522 700 1578 Deo
725 1535 1070 1592 consecrant,
1120 1539 1217 1594 pro
1274 1526 1516 1595 peccatis
1569 1528 1835 1582 sacrificia
1879 1545 1974 1585 co-

402 1619 699 1673 medentes.
763 1618 854 1675 Sic
915 1619 1059 1674 enim
1113 1635 1209 1689 per
1242 1635 1304 1676 os
1368 1619 1522 1675 Osca:
1572 1619 1810 1689 loquitur
1858 1622 1977 1675 uni-

403 1705 678 1761 versitatis
715 1707 976 1762 Dominus
1031 1726 1045 1762 :
1085 1726 1102 1759 ι
1143 1708 1371 1763 Peccata
1420 1708 1600 1777 populi
1660 1710 1762 1764 mei
1805 1725 1980 1765 come-

402 1797 649 1863 dent,et
702 1797 754 1851 in
788 1797 1167 1866 iniquitatibus
1215 1812 1401 1852 eorum
1457 1799 1726 1868 accipient
1766 1800 1978 1855 animas

2082 612 2216 665 Θεὸν
2259 613 2732 684 ὲκμειλίσσωνται,
2757 616 2856 669 καὶ
2896 614 3061 668 αὐτὸν
3105 614 3163 668 δὲ
3194 614 3285 669 τὸν
3334 616 3667 689 ἱεροφάντην

2083 704 2447 776 ἁπομιμοίντο
2479 706 2707 770 Μωσέα,
2742 707 3123 777 προεστηκότα
3143 706 3239 761 τοῦ
3293 707 3528 781 Ἰσραὴλ,
3568 711 3665 764 καὶ

2084 794 2203 866 Θεῷ
2227 796 2452 865 λέγοντα
2479 815 2493 826 °
2543 817 2561 849 ι
2597 797 2829 868 Δέομαι,
2861 798 3069 870 Κύριε,
3101 799 3423 871 ἡμάρτηκεν
3465 802 3494 853 ὁ
3533 784 3666 865 λαὸς

2083 878 2237 949 οὗτος
2286 886 2563 958 ἁμαρτίαν
2610 886 2876 957 μεγάλην,
2928 887 3023 940 καὶ
3073 888 3122 940 εἰ
3167 887 3267 957 μὲν
3300 888 3444 957 ἀφῇς
3476 887 3684 948 αὐτοῖς

2083 976 2181 1048 τὴν
2213 977 2507 1049 ἁμαρτίαν,
2551 978 2720 1047 ἄφες·
2767 978 2907 1032 εἰδὲ
2938 978 3036 1049 μὴ,
3082 978 3362 1048 έξάλειψον
3401 977 3548 1048 κάμὲ
3597 979 3666 1031 ἐκ

2082 1068 2183 1137 τῆς
2217 1065 2399 1136 βίϐλου
2421 1067 2629 1139 ταύτης
2654 1065 2723 1140 ἧς
2753 1067 3018 1140 ἔγραψας.
3048 1089 3069 1122 ι
3102 1069 3395 1123 Μεσιτεύει
3422 1069 3532 1140 γὰρ
3561 1069 3666 1138 τῆς

2087 1157 2387 1229 ἱερωσύνης
2419 1157 2480 1210 τὸ
2533 1159 2725 1230 χρῆμα
2765 1159 2885 1230 Θεῷ
2930 1176 2991 1213 τε
3036 1159 3132 1213 καὶ
3177 1160 3365 1223 λαοῖς’
3412 1160 3506 1216 καὶ
3551 1163 3666 1223 τοῖς

2082 1249 2437 1320 τεταγμένοις
2468 1250 2546 1313 εἰς
2572 1249 2914 1321 λειτουργίαν
2951 1251 3049 1321 τὴν
3085 1250 3228 1304 οὕτω
3266 1250 3493 1322 σεπτὴν,
3524 1250 3666 1321 πρέ-

2085 1359 2178 1395 ποι
2219 1341 2303 1395 ἂν.
2333 1337 2488 1413 οἶμαί
2528 1358 2654 1406 που,
2699 1343 2794 1396 καὶ
2826 1343 2971 1412 μάλα
3016 1344 3263 1407 εἰκότως,
3309 1345 3342 1413 ἡ
3382 1344 3444 1397 ἐν
3490 1343 3669 1406 litat;

2086 1431 2391 1502 παρρησία.
2438 1425 2739 1501 Μονονουχὶ
2778 1431 2886 1502 γὰρ
2932 1433 3027 1486 καὶ
3080 1433 3219 1504 ὑπὲρ
3253 1434 3509 1488 ἁπάντων
3563 1432 3667 1502 τὴν

2088 1522 2226 1576 ἰδίαν
2261 1521 2339 1592 τῷ
2370 1522 2491 1592 Θεῷ
2529 1520 2848 1593 καθιεροῦσι
2878 1522 3044 1594 ζωὴν,
3075 1522 3146 1576 τά
3180 1523 3318 1595 ὑπὲρ
3350 1525 3451 1588 τῆς
3482 1523 3666 1594 ἁμαρ-

2082 1614 2203 1677 τίας
2232 1614 2449 1684 θύματα
2478 1613 2771 1678 ἐσθίοντες.
2814 1614 2986 1668 Τοῦτο
3017 1614 3110 1667 καὶ
3152 1613 3240 1668 διὰ
3274 1614 3460 1685 φωνῆς
3504 1614 3666 1685 Ὦσηέ

2085 1722 2251 1776 φησιν
2279 1707 2308 1759 ὁ
2348 1704 2458 1759 τῶν
2504 1705 2641 1758 ὅλων
2666 1705 2799 1768 Θεός
2821 1723 2835 1736 ’
2863 1723 2882 1756 ι
2916 1705 3218 1776 Ἀμαρτίας
3256 1705 3387 1759 λαοῦ
3425 1722 3528 1777 μου
3563 1707 3670 1775 φά-

2084 1817 2294 1868 γονται,
2321 1799 2415 1853 καὶ
2440 1800 2496 1852 ὲν
2520 1801 2638 1861 ταῖς
2662 1798 2899 1862 ἀδικίαις
2925 1798 3106 1852 αὐτῶν
3135 1798 3396 1871 λήψονται
3424 1801 3524 1864 τάς
3560 1797 3668 1868 ψυ-

402 1901 592 1942 eorum
624 1888 690 1941 ⁸⁸.
725 1907 746 1940 ›
787 1888 991 1943 Sensus
1017 1896 1139 1953 est,
1180 1904 1302 1943 cum
1362 1890 1589 1958 populus
1632 1889 1805 1960 legem
1857 1891 1977 1945 vio-

2088 1892 2184 1963 κάς
2216 1888 2417 1957 αὕτῶν,
2450 1909 2470 1943 ι
2501 1890 2798 1956 τουτέστιν,
2829 1890 2958 1944 ὅταν
2983 1890 3234 1954 ἀδικῶσι,
3271 1890 3333 1944 τὸ
3361 1890 3554 1944 δοκοῦν
3587 1890 3668 1961 τῷ

403 1976 599 2033 laverit
646 1986 702 2033 et
749 1979 1081 2049 peccaverit,
1129 1988 1241 2034 tum
1289 1970 1429 2035 sacri
1469 1980 1782 2036 divinorum
1839 1982 1978 2036 alta-

404 2068 547 2122 rium
606 2068 845 2124 ministri
920 2069 1190 2139 accipient
1253 2070 1463 2125 animas
1521 2085 1651 2126 suas
1705 2087 1804 2142 pro
1863 2072 1972 2127 illo.

410 2176 432 2209 ι
474 2159 757 2229 Accipient
819 2178 838 2211 ι
884 2169 1110 2230 usurpat
1140 2175 1237 2227 pro
1265 2159 1515 2228 oﬂ’erent,
1550 2163 1667 2217 sive
1693 2163 1974 2227 dicabuut,

404 2259 460 2302 et
486 2248 735 2318 accipere
761 2249 898 2303 dixit
947 2263 1067 2318 pro,
1120 2249 1230 2305 Deo
1264 2265 1607 2307 consecrare.
1659 2254 1789 2320 Qua:
1817 2269 1980 2323 porro

403 2346 514 2402 illis
530 2347 746 2419 occasio
773 2345 1027 2417 lugendi?
1058 2366 1079 2399 ι
1115 2347 1349 2403 Desolati
1371 2347 1745 2416 suntcampi,»
1778 2346 1974 2417 inquit;

404 2437 532 2507 quin
555 2444 610 2491 et
641 2437 879 2492 triticum
906 2438 1161 2493 dentibus
1197 2438 1531 2493 locustarum
1589 2452 1874 2493 corrosum
1924 2445 1978 2494 et

404 2532 654 2603 rubigine
685 2534 830 2587 velut
857 2537 1127 2589 adustum.
1162 2533 1282 2590 Urit
1309 2536 1453 2590 enim
1489 2534 1702 2606 rubigo.
1734 2544 1790 2589 et
1820 2535 1972 2605 quasi

404 2624 457 2676 iu
480 2623 695 2679 cineres
723 2623 920 2695 redigit
948 2641 1209 2693 agrorum.
1236 2626 1437 2695 fruges.
1473 2625 1742 2695 Oportere
1773 2635 1976 2681 terram

403 2729 623 2785 quoque
653 2714 840 2787 lugere
864 2720 967 2781 ait,
990 2718 1262 2773 viduatam
1291 2719 1403 2773 suis
1425 2718 1695 2788 frugibus.
1757 2735 1776 2767 ι
1832 2716 1982 2773 Ami-

400 2818 550 2863 cmm
582 2817 668 2864 est
697 2810 841 2867 enim
882 2811 1142 2878 triticum,
1184 2812 1327 2866 aruit
1365 2811 1549 2865 vinum
1578 2852 1594 2876 ,
1638 2811 1978 2865 imminutum

402 2912 488 2958 est
522 2902 723 2959 oleum.
755 2903 1062 2968 Aruerunt,
1108 2922 1128 2956 ι
1192 2904 1296 2958 hoc
1335 2911 1438 2967 est,
1494 2902 1655 2975 207
1705 2902 1984 2971 perierunt

402 2994 588 3048 omnia
622 2994 800 3062 illius,
840 3005 896 3050 et
919 3010 1146 3065 quorum
1179 3010 1344 3050 causa
1382 2981 1812 3050 consentaneum
1861 3001 1982 3047 erat

403 3103 526 3141 eam
570 3097 627 3143 ut
659 3090 921 3143 bonorum
962 3086 1231 3144 fructuum
1278 3096 1557 3158 parentem
1606 3084 1983 3154 nutricemque

404 3178 688 3235 admirari.
742 3180 807 3235 Et
844 3181 959 3235 inec
1007 3196 1036 3234 a
1072 3180 1228 3235 nobis
1258 3189 1316 3234 ut
1357 3180 1421 3241 in
1448 3179 1608 3234 rebus
1649 3191 1771 3247 qua
1814 3190 1981 3230 sensu

411 3271 788 3342 percipiuntur
815 3273 958 3328 dicta
990 3281 1170 3328 sunto.

480 3529 894 3588 Lamentabitur
925 3548 1052 3589 vero
1083 3533 1394 3609 quicunque
1445 3540 1529 3588 est
1570 3532 1985 3601 probatissimus

407 3624 660 3681 sacerdos
695 3640 804 3695 pra:
833 3625 1122 3680 immodica
1149 3626 1419 3680 dementia
1459 3625 1837 3695 purgationem
1886 3642 1984 3697 per

409 3718 570 3772 ﬁdem
602 3717 967 3786 repudiantes,
1007 3733 1108 3773 nec
1134 3728 1378 3772 amantes
1429 3732 1459 3772 a
1507 3717 1726 3775 Christo
1775 3721 1984 3775 sancti-

408 3807 584 3863 ﬁcari.
612 3807 1063 3866 Manebuntenim
1091 3810 1159 3863 ab
1186 3808 1404 3879 frugum
1438 3811 1801 3881 spiritualium
1829 3813 1982 3882 copia

408 3899 773 3970 undequaque
836 3910 892 3956 et
949 3900 1274 3956 omnimodis
1355 3901 1645 3966 destituti.
1733 3912 1789 3959 et
1856 3918 1984 3976 ege-

407 3991 546 4045 bunt
588 3993 735 4047 omni
801 3993 944 4061 quod
1006 4008 1098 4048 eos
1154 3993 1301 4049 alere
1333 4003 1385 4049 et
1420 3994 1484 4049 ad
1520 3995 1857 4065 spiritualem
1911 3997 1989 4048 vi-

410 4082 665 4139 rilitatem
697 4086 930 4140 evehere
959 4094 1163 4154 potest,
1209 4083 1540 4140 frumentum
1573 4096 1628 4139 et
1660 4087 1844 4141 vinum
1883 4103 1986 4140 non

415 4176 695 4243 habentes,
724 4193 825 4232 usu
849 4177 952 4233 olei
980 4178 1195 4248 privati.
1262 4176 1488 4247 Mystice
1518 4176 1810 4245 loquimur:
1864 4193 1987 4229 nam

414 4265 573 4323 ﬁdem
624 4269 1049 4338 recipientibus,
1101 4269 1338 4341 scipsum
1395 4267 1648 4322 Christus
1689 4276 1747 4319 ut
1795 4282 1988 4337 panem

412 4357 539 4414 vita:
578 4370 809 4430 apponet
856 4363 959 4434 (sic
1008 4362 1148 4417 enim
1189 4360 1369 4414 aiebat
1412 4375 1477 4411 τι
1531 4356 1641 4443 Εβο
1683 4372 1799 4412 sum
1838 4358 1989 4427 panis

411 4453 567 4509 Vivus
597 4454 682 4526 ι).
722 4465 773 4510 et
835 4467 893 4511 ut
946 4458 1125 4512 vinum
1180 4454 1461 4509 laniﬁcam;
1508 4465 1604 4505 cor
1645 4451 1877 4508 hominis
1921 4453 1985 4505 ‘9.

413 4543 650 4600 Rursum
706 4548 949 4620 intelligo
996 4548 1142 4619 quod
1204 4542 1562 4613 intelligentia
1615 4545 1982 4613 perspicitur,

412 4638 556 4705 quod
585 4640 892 4694 sanctiﬁcat
912 4639 1190 4701 nimirum,
1218 4646 1275 4690 et
1306 4636 1374 4691 de
1405 4634 1527 4704 ejus
1555 4636 1729 4706 gratia
1766 4637 1987 4706 partici-

414 4742 546 4796 pare
583 4728 934 4799 intelligitur.
971 4722 1321 4782 Voluntatem
1363 4732 1542 4778 autem
1571 4741 1796 4792 szevam,
1835 4742 1992 4781 acer-

414 4819 538 4874 bam
563 4829 620 4874 et
651 4837 680 4874 a
714 4825 824 4877 Deo
851 4818 1106 4881 alienam,
1141 4827 1378 4874 mentem
1407 4817 1741 4874 incredulam
1767 4832 1820 4875 et
1842 4837 1978 4875 con-

416 4919 708 4979 tumacem,
737 4928 959 4984 prorsus
1000 4911 1236 4981 inopem,
1268 4920 1323 4967 et
1348 4910 1614 4969 bonorum
1659 4929 1781 4984 qum
1828 4914 1990 4969 modo

417 5005 678 5069 diximus,
719 5004 946 5060 omnino
972 5013 1245 5059 exsortem
1292 5006 1487 5061 reddit.
1535 5005 1790 5062 Sciamus
1827 5007 1990 5060 etiam

417 5094 547 5150 licet
583 5096 836 5161 Paulum,
862 5097 955 5164 qui
988 5097 1352 5153 sanctilicavit
1390 5099 1742 5168 Evangeliutn
1774 5099 1825 5151 in
1860 5114 1993 5169 gen-

417 5186 585 5254 tibus,
613 5195 823 5239 tantum
877 5202 984 5241 non
1038 5187 1319 5246 deﬂevisse
1359 5191 1670 5246 incredulos
1704 5206 1766 5244 ex
1808 5187 1993 5256 Israel,

420 5278 574 5349 cujus
602 5278 827 5332 verbum
856 5288 940 5333 est
970 5297 985 5336 :
1022 5299 1040 5332 ι
1078 5280 1320 5337 Tristitia
1347 5293 1432 5339 est
1462 5283 1596 5337 mihi
1648 5298 1843 5353 magna
1885 5284 1990 5350 7",.

419 5380 477 5425 et
511 5370 713 5439 reliqua
749 5371 1025 5444 deinceps.
1082 5374 1173 5428 Est
1222 5387 1403 5430 autem
1436 5376 1704 5447 mysticus
1742 5385 1809 5437 et
1838 5390 1999 5430 arcu-

425 5477 548 5526 nus,
573 5470 630 5516 ut
663 5462 796 5527 dixi,
829 5480 990 5534 super
1017 5468 1132 5521 lucc
1156 5483 1357 5524 sermo.

496 5828 541 5865 ⁸⁷
589 5830 759 5887 Exod.
814 5848 987 5899 χχιιι,
1042 5833 1131 5900 51,
1179 5833 1265 5887 52.
1346 5833 1390 5866 “
1443 5836 1578 5890 Osce
1612 5849 1687 5905 μ’,
1751 5837 1803 5892 8.

1906 5835 1956 5868 θ’
1984 5835 2137 5894 Joan.
2179 5855 2253 5904 γι,
2285 5838 2343 5891 Η
2375 5857 2387 5905 ;
2421 5839 2583 5894 Eucli.
2625 5838 2826 5897 3.1.2).

2079 1985 2230 2055 νόμῳ
2282 1982 2732 2053 πλημμελοῦντες
2764 1982 2816 2034 οἰ
2859 1981 3002 2044 λαοὶ,
3034 1982 3155 2037 τότε
3187 1982 3249 2053 δὴ
3284 1984 3332 2036 οἱ
3361 1982 3471 2036 τῶν
3505 1983 3667 2039 θείων

2081 2075 2487 2145 θυσιαστηρίων
2530 2073 2805 2145 ἱερουργοὶ
2847 2072 3113 2144 λήψονται
3141 2071 3219 2142 τῷ
3259 2071 3380 2143 Θεῷ
3410 2072 3511 2136 τάς
3538 2074 3669 2133 ἑαυτ-

2078 2166 2188 2219 τῶν
2213 2164 2393 2236 ψυχὰς
2436 2163 2578 2234 ὑπὲρ
2622 2162 2868 2217 ἐκείνων.
2901 2162 2975 2215 Τὸ
3004 2161 3063 2214 δὲ
3091 2179 3111 2213 ι
3134 2160 3395 2232 λήψονται
3423 2180 3442 2214 ι
3475 2163 3665 2231 φησὶν,

2080 2260 2204 2313 ἀντὶ
2221 2258 2340 2323 τοῦ,
2366 2276 2386 2309 ι
2411 2253 2865 2329 προσκομιοῦσιν,
2887 2270 2905 2302 ›
2935 2253 3100 2323 ῆγουν
3128 2251 3480 2322 ἀναθήσουσι.
3512 2251 3665 2322 Λαμ-

2081 2349 2343 2404 6ἀνεσθαι
2373 2349 2480 2420 γὰρ
2514 2348 2733 2416 ἐλέγετο
2770 2346 2830 2398 τὸ
2864 2341 3181 2398 ἀνατιθέναι
3223 2342 3303 2412 τῷ
3341 2341 3481 2412 θεῷ.
3515 2341 3582 2395 Τί
3608 2341 3674 2396 δὲ

2080 2441 2176 2495 καὶ
2217 2443 2251 2511 ἡ
2286 2440 2560 2511 πρόφασις
2587 2437 2682 2492 τοῦ
2727 2435 2958 2500 πένθους
3001 2435 3219 2500 αὑτοῖς;
3263 2453 3284 2485 ‹
3313 2431 3677 2487 Τεταλαιπῶ-

2082 2551 2218 2605 ρηκε
2256 2532 2324 2585 τὰ
2354 2530 2549 2593 πεδία,
2595 2549 2616 2582 ι
2647 2530 2811 2599 φησὶ,
2857 2529 2952 2582 καὶ
2988 2528 3173 2599 μέντοι
3210 2527 3307 2582 καὶ
3359 2529 3503 2590 σῖτος
3553 2526 3668 2589 τοῖς

2082 2625 2262 2679 ὀδοῦσι
2298 2624 2408 2677 τῶν
2441 2623 2682 2693 ἀκρίδων
2728 2619 3225 2691 καταψιλούμενος,
3258 2620 3353 2674 καὶ
3393 2614 3504 2672 οἷον
3540 2620 3669 2689 ἐρυ-

2083 2718 2208 2790 σίὸῃ
2257 2717 2787 2788 καταπιμπράμενα.
2823 2714 3017 2783 Φλέγει
3067 2714 3215 2784 γὰρ,
3263 2713 3358 2767 καὶ
3409 2710 3672 2782 ἀφανίζει

2082 2810 2271 2882 ὥσπερ
2298 2810 2367 2863 τὰ
2392 2811 2450 2861 ἐν
2480 2810 2691 2881 ἀγροῖς.
2710 2810 2830 2861 Δεῖν
2852 2808 2912 2863 δέ
2933 2826 3097 2880 φησιν
3117 2807 3396 2869 οἰονείπως
3414 2805 3509 2858 καὶ
3539 2821 3666 2858 κατα

2082 2900 2444 2972 ολοφύρεσθαι
2470 2900 2569 2970 τὴν
2592 2899 2717 2969 γῆν,
2735 2898 3093 2953 ἀπολωλότων
3114 2899 3251 2969 αὐτῇ
3275 2897 3385 2951 τῶν
3413 2897 3665 2967 καρπῶν.

2090 3014 2110 3047 ι
2144 2990 2610 3064 Τεταλαιπὼρηκε
2654 2990 2765 3062 γὰρ
2810 2993 2977 3055 σῖτος,
3011 2988 3281 3061 ἐξηράνθη
3326 2982 3497 3052 οἶνος,
3542 2987 3670 3040 ὠλι-

2085 3086 2241 3157 γώθη
2294 3085 2494 3139 ἔλαιον.
2554 3083 2987 3155 Ἐξηράνθησαν,
3035 3100 3054 3133 ι
3100 3082 3382 3135 τουτέστιν
3406 3119 3421 3145 ,
3463 3079 3677 3150 οἴχεται.

2088 3177 2270 3231 πάντα
2296 3174 2367 3229 τὰ
2389 3175 2447 3242 ἐξ
2477 3174 2667 3242 αὐτῆς,
2690 3174 2786 3227 καὶ
2811 3172 2879 3227 τὰ
2904 3172 2986 3241 ἐφ’
3017 3167 3097 3233 οἷς
3120 3167 3188 3242 ἦν
3220 3171 3366 3234 εἰκὸς
3395 3169 3672 3222 καταϐαυ-

2010 3247 2057 3309 c
2090 3268 2359 3341 μάζεσθαι
2382 3266 2524 3329 λίαν,
2551 3264 2626 3329 ὡς
2668 3263 2898 3333 καρπῶν
2929 3263 3158 3332 ἀγαθῶν.
3188 3261 3397 3332 μητέρα
3429 3261 3525 3314 καὶ
3548 3276 3672 3330 τρο-

2089 3362 2209 3431 φόν.
2241 3360 2355 3414 Καὶ
2382 3358 2538 3412 ταυτὶ
2588 3357 2687 3428 μὲν
2736 3358 2867 3428 ἡμῖν
2909 3355 2984 3419 ὡς
3011 3357 3070 3409 ἐν
3109 3354 3395 3423 αἰσθηταῖς
3430 3351 3682 3425 εἰρήσθω

2087 3453 2342 3527 πράξεσι.

2158 3542 2656 3615 Καταθρηνήσειγε
2691 3540 2799 3613 μὴν
2817 3542 2945 3605 πᾶς,
2972 3539 3120 3602 εῐτίς
3150 3541 3267 3592 ἐστι
3301 3535 3687 3608 δοκιμώτατος.

2088 3639 2288 3711 ἱερεὺς,
2313 3636 2437 3699 τοὺς
2469 3634 2529 3700 ἐξ
2559 3635 2799 3705 ἀμέτρου
2846 3630 3272 3704 φρενοϐλαϐείας
3323 3629 3421 3693 τὴν
3453 3628 3543 3681 διὰ
3586 3627 3675 3681 πί-

2089 3744 2260 3791 στεως
2304 3726 2573 3797 κάθαρσιν
2604 3725 2666 3779 οὐ
2708 3723 3123 3794 προσιεμένους,
3172 3722 3273 3775 οὐκ
3316 3720 3681 3791 ἠγαπηκότας

2086 3820 2144 3875 δὲ
2186 3819 2248 3874 τὸ
2285 3816 2603 3888 ἁγιάζεσθαι
2642 3815 2795 3888 παρά
2841 3814 3105 3884 Χριστοῦ.
3155 3811 3516 3883 Ἀπομενοῦσι
3565 3811 3689 3882 γὰρ

2090 3914 2288 3984 ἔρημοι
2320 3910 2498 3981 πάντη
2524 3927 2581 3962 τε
2624 3909 2718 3963 καὶ
2752 3906 2970 3971 πάντως
2991 3907 3091 3978 τῆς
3112 3908 3311 3977 νοητῆς
3345 3904 3680 3975 εὐκαρπίας,

2090 4005 2185 4058 καὶ
2210 4007 2267 4057 ὲν
2301 4001 2476 4073 ἐνδείᾳ
2495 4000 2696 4065 παντὸς
2720 3999 2933 4053 ἔσονται
2965 4000 3060 4052 τοῦ
3089 3998 3309 4068 τρέφειν
3328 3996 3552 4060 εἰδότος,
3584 3996 3684 4047 καὶ

2091 4096 2169 4158 εἰς
2209 4091 2460 4162 ἀνδρείαν
2513 4091 2711 4153 αὐτοὺς
2739 4090 2837 4160 τὴν
2869 4088 3248 4159 πνευματικὴν
3290 4086 3682 4157 ἀναφέροντος,

2093 4189 2237 4239 σῖτον
2268 4184 2364 4238 καὶ
2392 4179 2535 4236 οἶνον
2562 4183 2663 4236 οὐκ
2699 4182 2933 4251 ἔχοντες,
2976 4181 3072 4234 καὶ
3112 4179 3210 4250 τῆς
3252 4178 3436 4233 ἐλαίου
3479 4178 3677 4249 χρείας

2092 4277 2479 4350 ἐστερημένοι·
2510 4274 2771 4345 μυστικὸς
2811 4271 2922 4344 γὰρ
2957 4272 2987 4325 ὁ
3017 4269 3199 4338 λόγος.
3252 4270 3377 4323 Ὅτι
3410 4271 3524 4332 τοῖς
3582 4270 3685 4340 μὲν

2091 4373 2189 4445 τὴν
2226 4372 2406 4425 πίστιν
2434 4368 2834 4440 προσιεμένοις,
2864 4362 3055 4418 ἑαυτὸν
3083 4361 3393 4432 παραθήσει
3445 4363 3489 4414 Χ
3500 4362 3687 4432 ριστος

2093 4465 2169 4527 ὡς
2192 4464 2356 4534 ἄρτον
2389 4459 2535 4531 ζωῆς
2566 4458 2792 4528 (ἔφασκε
2818 4457 2927 4528 γάρ
2944 4472 2959 4486 ο
2989 4474 3009 4507 ί
3032 4453 3174 4523 Ἐγώ
3202 4454 3317 4525 εἰμι
3339 4456 3367 4507 ὁ
3394 4453 3560 4524 ἄρτος
3580 4452 3684 4522 τῆς

2095 4557 2242 4628 ζωῆς
2269 4555 2337 4623 ι),
2391 4554 2467 4617 ὡς
2493 4549 2633 4606 οἶνον
2676 4549 3037 4621 εὐφραίνοντα
3088 4548 3320 4620 καρδίαν
3368 4545 3682 4617 ἀνθρώπου.

2095 4649 2260 4711 Σύνες
2289 4647 2448 4701 πάλιν
2467 4648 2495 4700 ὃ
2520 4663 2686 4716 φημι.
2724 4643 3138 4713 Καταχρίσουσι
3164 4640 3220 4695 δὲ
3250 4641 3345 4695 καὶ
3374 4639 3540 4710 ἐλαίῳ
3559 4680 3572 4700 ,
3605 4639 3685 4709 τῷ

2093 4741 2268 4814 νοητῷ
2313 4741 2555 4810 δηλονότι
2599 4738 2692 4792 καὶ
2724 4737 3043 4806 ἁγιάζοντι,
3093 4734 3189 4786 καὶ
3229 4733 3305 4796 ὡς
3355 4735 3414 4786 ὲν
3456 4730 3677 4802 μεθέξει

2092 4833 2369 4903 νοουμένῳ
2400 4831 2498 4901 τῆς
2524 4829 2656 4898 παρ’
2697 4828 2862 4883 αὑτοῦ
2908 4826 3152 4898 χάριτος.
3187 4826 3326 4888 Τοὺς
3367 4824 3426 4878 δὲ
3454 4822 3684 4895 γνώμην

2092 4925 2314 4995 ἔχοντας
2338 4922 2545 4993 ἀπηνῆ,
2582 4922 2778 4991 πικρόν
2804 4938 2863 4974 τε
2906 4921 3001 4973 καὶ
3037 4918 3325 4988 ἀφιλόθεον
3355 4918 3501 4983 νοῦν,
3527 4918 3687 4971 ἀπει-

2093 5017 2159 5086 θῆ
2200 5016 2296 5071 καὶ
2350 5014 2703 5082 δυσάγωγον,
2760 5002 2929 5067 ὲνδεόί
2967 5029 3071 5066 που
3121 5012 3340 5074 πάντως
3377 5011 3679 5080 ἀποφανεῖ,

2095 5108 2189 5162 καὶ
2216 5106 2494 5171 παντελῶς
2528 5107 2796 5177 ἀμέτοχον
2839 5105 2946 5159 τῶν
2975 5106 3180 5176 ἀρτίως
3212 5104 3345 5174 ἡμῖν
3371 5103 3685 5173 εἰρημένων

2095 5202 2337 5270 ἀγαθῶν.
2406 5201 2601 5255 Ἰστέον
2645 5201 2722 5268 δὲ,
2764 5201 2845 5253 ὅτι
2884 5198 2979 5252 καὶ
3012 5198 3225 5261 Παῦλος
3272 5197 3571 5269 ἱερουργῶν
3603 5198 3684 5260 εἰς

2095 5296 2163 5347 τὰ
2186 5294 2313 5365 ἔθνη
2338 5295 2399 5349 τὸ
2427 5293 2523 5371 τοῦ
2574 5290 2815 5366 Χριστοῦ
2844 5292 3200 5360 Εὑαγγέλιον,
3229 5290 3515 5361 μονονουχὶ
3555 5307 3684 5343 κατ·

2095 5385 2313 5456 εθρήνει
2351 5388 2477 5451 τοὺς
2506 5385 2865 5448 ἀπειθοῦντας
2903 5382 2961 5449 ἐξ
3005 5384 3239 5455 Ἰσραήλ,
3269 5385 3517 5453 Ἔφασκε
3549 5385 3680 5453 γὰρ,

2102 5480 2183 5532 ὅτι
2212 5479 2398 5550 «Λύπη
2434 5480 2523 5552 μοί
2553 5480 2668 5532 ἐστι
2701 5479 2933 5549 μεγάλη,
2956 5498 2974 5529 ι
3003 5478 3192 5535 καὶτὰ
3216 5477 3366 5546 ἑξῆς.
3400 5477 3681 5542 Μυστικδς

2104 5571 2180 5636 δὲ,
2222 5572 2298 5635 ὡς
2342 5573 2497 5643 ἔφην,
2539 5572 2632 5625 καὶ
2678 5573 3060 5641 κεκρυμμένος
3115 5573 3143 5625 ὁ
3183 5572 3277 5624 ἐπὶ
3314 5570 3452 5641 τῷδε
3499 5570 3681 5642 λόγος,

2908 5838 2952 5868 ⁷⁰
2982 5836 3139 5893 Ιὶοιιι.
3171 5852 3248 5904 ιι,
3272 5836 3327 5895 Ξ.
