3982 6522
287 393 407 450 345

279 606 524 676 κριθῆς,
552 605 644 660 ὅτι
667 607 951 663 ἀπόλωλε
974 605 1268 675 τρυγητός
1287 608 1356 672 ἐξ
1385 609 1898 679 ἀγροῦῦἉμπελος

279 697 620 766 ἐξηράνθη,
652 697 754 751 καί
783 699 843 751 al
900 697 1094 752 συκαῖ
1131 698 1548 768 ὠλιγώθησαν.
1607 702 1748 756 Ῥοὰ
1799 703 1897 756 καὶ

278 789 512 858 φοῖνιξ,
538 790 637 844 καὶ
669 790 898 859 μῆλον,
932 791 1032 844 καὶ
1064 791 1264 844 πάντα
1296 791 1368 845 τὰ
1391 791 1551 856 ξύλα
1575 793 1682 847 τοῦ
1707 794 1897 862 ἀγροῦ

277 880 738 950 ἐξηράνθησαγ,
789 881 878 936 ὅτι
921 883 1210 953 ᾔσχυναν
1253 885 1449 954 χαρὰν
1505 889 1560 944 οἱ
1605 887 1727 941 υἱοὶ
1779 885 1898 942 τῶν

279 973 642 1043 ἀνθρώπων.

375 1067 460 1125 Θ’.
521 1068 730 1132 Πένθος
781 1069 1037 1140 ἀληθῶς,
1090 1070 1318 1141 ἄλγημά
1363 1088 1424 1123 τε
1489 1071 1585 1124 καὶ
1640 1072 1898 1145 θρήνημα

272 1164 397 1226 τοῖς
433 1161 659 1214 εἰωθόσι
691 1164 976 1230 γηπονεῖν,
1013 1162 1121 1216 τῶν
1149 1165 1210 1216 ὲν
1240 1164 1430 1232 ἀγροῖς
1461 1164 1496 1234 ἡ
1526 1165 1891 1236 πανωλεθρία,

274 1254 377 1307 καὶ
417 1252 480 1306 τὸ
509 1253 680 1324 μηδὲν
713 1254 852 1316 ὅλως
883 1255 978 1306 ἀπ’
1000 1255 1183 1308 αὐτῶν
1217 1257 1579 1327 συγκομίζειν
1602 1257 1888 1323 δύνασθαι,

276 1348 376 1400 καὶ
421 1346 566 1417 μετά
605 1347 854 1418 μακροὺς
891 1346 1121 1417 ἱδρῶτας
1157 1346 1271 1400 ἔσθ’
1319 1348 1431 1401 ὅτε.
1480 1343 1598 1402 Αὗα
1626 1348 1683 1401 δὲ
1713 1350 1782 1403 τά
1833 1352 1891 1402 ὲν

274 1442 488 1512 κήποις
543 1443 680 1512 ὁρᾷν
728 1442 839 1494 τῶν
896 1441 1069 1507 ξύλων
1111 1443 1394 1515 ἐξαίρετα,
1441 1445 1616 1515 ληῖοις
1648 1441 1710 1500 τε
1754 1447 1890 1517 ὁμοῦ

274 1531 379 1593 τὰς
429 1531 721 1601 ἀμπέλους
785 1533 1270 1603 κατεφθαρμένας,
1328 1535 1424 1588 καὶ
1463 1537 1632 1605 αὐτὴν
1676 1537 1734 1591 δὲ
1791 1537 1890 1608 τὴν

273 1621 485 1693 ἀγρίαν
513 1621 649 1693 ὓλην
670 1625 786 1685 τοῖς
814 1624 1015 1694 κήποις
1055 1627 1631 1695 συγκαταφθίνουσαν.
1664 1647 1682 1680 ι
1701 1629 1889 1684 Πάντα

272 1714 412 1785 γὰρ,
442 1715 603 1783 φησὶ,
645 1715 714 1768 τὰ
735 1714 870 1780 ξύλα
884 1715 976 1768 τοῦ
999 1717 1172 1787 ἀγροῦ
1190 1718 1592 1791 έξηράνθησαν,
1611 1722 1692 1775 ὅτι
1707 1723 1884 1794 ᾔσχυ-

271 1822 373 1858 ναν
413 1805 644 1879 χαρά[ν]
671 1807 780 1860 υίοὶ
805 1807 1238 1880 τῶνάνθρώπων
1258 1853 1271 1874 ,
1299 1831 1316 1862 ι
1343 1811 1622 1867 τουτέστιν
1647 1853 1662 1878 ,
1690 1814 1883 1885 αἰσχύ-

1198 390 1759 450 COMMENTARIUS
1801 393 1869 448 1N
1910 394 2174 452 JOELEM
2216 398 2660 455 ΡΒΟΡΗΕΤΑΜ.

355 506 646 583 Γεωργοι,
687 511 962 581 θρηνεῖτε
1001 509 1276 583 κτήματα
1331 516 1485 584 ὑπὲρ
1544 517 1741 585 πυροῦ
1789 519 1888 572 καὶ
1931 527 1971 580 Α

3487 407 3594 463 546

2078 521 2240 576 Vsus.
2281 523 2364 584 ΙΙ,
2402 522 2489 576 12.
2538 521 2825 592 Agricola',
2875 520 3046 592 lugete
3097 525 3452 590 possessiones
3496 543 3592 594 pro

2004 613 2272 682 frumento
2301 625 2350 667 et
2379 615 2600 678 hordeo,
2630 615 2755 684 quia
2804 615 2958 682 periit
3013 614 3276 668 vindemia
3324 632 3390 671 ea:
3440 634 3590 685 agro.

2015 705 2181 760 Vinea
2215 706 2382 770 aruit,
2417 717 2464 760 et
2507 708 2640 774 ﬁcus
2687 707 2983 761 imminutrc
3027 716 3169 759 sunt.
3213 707 3417 761 Malunt
3466 727 3590 778 gra—

2003 809 2187 851 natum
2213 839 2228 864 ,
2281 808 2327 852 et
2364 799 2564 867 palma,
2599 810 2645 852 et
2695 796 3012 859 malum,“
3057 799 3233 852 omnia
3289 802 3439 869 ligna
3473 804 3591 872 agri

2001 893 2239 960 arefacta
2284 900 2430 958 sunt,
2489 893 2738 962 quoniam
2789 892 3141 961 confuderunt
3183 895 3440 962 gaudium
3490 896 3589 963 ﬁlii

1997 985 2290 1038 hominum.

2072 1075 2165 1130 IX.
2221 1075 2450 1130 Luctum
2493 1075 2613 1130 sine
2671 1074 2856 1139 dubio,
2909 1074 3152 1129 dolorem
3212 1083 3268 1130 et
3325 1075 3590 1143 ejulatum

2001 1183 2157 1228 terra:
2189 1171 2495 1226 cultoribus
2519 1168 2665 1237 parit
2695 1182 2876 1222 rerum
2907 1166 2962 1221 in
2998 1167 3146 1238 agris
3191 1182 3258 1221 ex
3291 1182 3415 1222 asse
3462 1183 3590 1237 per-

1998 1266 2189 1330 uicies,
2229 1279 2350 1320 cum
2385 1261 2519 1316 nihil
2553 1261 2770 1330 penitus
2795 1260 2920 1314 inde
2950 1259 3079 1315 licet
3118 1259 3395 1329 colligere,
3423 1260 3590 1329 idque

1999 1367 2118 1429 post
2141 1358 2330 1428 longos
2358 1355 2587 1410 sudores
2621 1354 2934 1423 aliquando.
2985 1353 3052 1406 Et
3083 1352 3270 1407 videre
3319 1353 3374 1406 in
3413 1353 3590 1406 hortis

1994 1452 2262 1505 arel'actas
2292 1449 2518 1503 arbores
2545 1461 2868 1518 generosas,
2927 1452 2983 1499 ct
3021 1460 3144 1500 cum
3170 1445 3302 1499 satis
3334 1447 3496 1512 vites,
3531 1455 3589 1499 et

1993 1559 2116 1598 cum
2149 1543 2322 1599 hortis
2347 1542 2512 1598 silvas
2537 1541 2762 1610 periisse
2785 1579 2800 1594 .
2839 1557 2857 1590 ι
2893 1538 3087 1594 Oumia
3116 1539 3262 1593 enim
3288 1540 3433 1609 ligna
3465 1539 3584 1609 agri

1993 1635 2235 1690 arefacta
2290 1642 2417 1688 sunt
2448 1673 2463 1697 ,
2494 1632 2688 1701 inquit,
2741 1634 3002 1701 quoniam
3038 1630 3402 1686 confuderunt
3447 1646 3583 1698 gau-

1994 1728 2145 1781 dium
2180 1726 2274 1780 filii
2312 1725 2618 1790 hominum,
2653 1743 2672 1774 ι
2704 1726 2807 1779 hoc
2839 1734 2924 1778 est
2953 1761 2969 1786 ,
3022 1723 3360 1778 habitatores
3418 1731 3580 1777 terrae

1992 1818 2347 1874 reddiderunt
2376 1829 2590 1887 tempus
2617 1817 2904 1872 dedecoris
2934 1859 2950 1883 ,
2998 1817 3239 1885 pudoris,
3283 1817 3584 1886 reprehen-

272 1915 374 1966 νης
416 1915 478 1950 τε
529 1899 626 1950 καὶ
673 1898 983 1971 ἐντροπῆς,
1025 1901 1120 1954 καὶ
1165 1901 1425 1973 ἐλέγχων,
1465 1907 1662 1976 ποινῆς
1690 1923 1750 1958 τε
1785 1907 1882 1960 καὶ

1996 1913 2188 1978 sionis,
2215 1927 2391 1982 poenae
2421 1921 2477 1967 et
2509 1911 2757 1976 ultionis,
2800 1927 2907 1980 quo
2946 1919 3190 1979 tempore
3212 1925 3426 1978 aequum
3466 1917 3587 1964 erat

269 1987 435 2058 δίκης
479 1989 778 2055 ἀπέδειξαν
829 1992 1026 2063 καιρὸν
1069 1995 1118 2046 οἱ
1167 1993 1550 2060 κατοικοῦντες
1595 1998 1694 2069 τήν
1753 1997 1878 2068 γῆν,

273 2079 404 2132 καθ’
427 2078 490 2131 ὃν
512 2080 662 2144 εἰκὸς
683 2076 753 2152 ἦν
785 2082 879 2136 καὶ
899 2083 1296 2154 ἀνευρύνεσθαι
1318 2090 1438 2150 ταῖς
1461 2088 1786 2160 εὐημερίαις
1812 2090 1881 2143 τὰ

271 2173 329 2236 ἐξ
355 2172 551 2243 ἀγρῶν
584 2174 969 2243 συλλέγοντας,
1003 2179 1097 2231 καὶ
1126 2181 1459 2250 ἀναμετρεῖν
1497 2182 1597 2252 μὲν
1635 2181 1768 2252 σίτῳ
1783 2182 1880 2246 τὰς

271 2265 591 2335 ἀποθήκας,
647 2267 950 2335 ἐπιφωνεῖν
1006 2270 1064 2323 δὲ
1115 2272 1364 2342 τρυγῶσι
1409 2274 1507 2338 τὰς
1564 2274 1879 2345 ἐπιληνίους

269 2354 438 2425 ᾠδὰς,
466 2357 565 2409 καὶ
598 2361 722 2422 ταῖς
743 2359 873 2412 οἰῶν
908 2361 1135 2429 ἀγέλαις
1170 2364 1490 2434 ἐφήδεσθαι,
1530 2365 1794 2437 πλείστης
1819 2385 1873 2420 τε

268 2448 403 2519 ὅσης
470 2449 569 2504 καὶ
632 2451 897 2517 εὐανθοῦς
966 2455 1160 2519 αὐταῖς
1225 2460 1697 2530 παρερριμμένης
1775 2460 1878 2530 τῆς

269 2541 435 2608 πόας.

374 2635 566 2688 Ἕοικε
619 2636 677 2689 δὲ
735 2639 839 2691 κάν
887 2639 1024 2710 τῷδε
1078 2641 1244 2694 πάλιν
1293 2643 1321 2695 ὁ
1374 2641 1534 2710 λόγος
1595 2644 1879 2714 γεωργοὺς

265 2727 567 2798 ὀνομάζειν
591 2731 1008 2801 αἰνιγματωδῶς
1032 2735 1161 2796 τοὺς
1192 2735 1300 2787 τῶν
1347 2736 1620 2791 Ἰουδαίων
1658 2739 1874 2808 ταγμά-

267 2836 379 2872 των
405 2821 824 2892 προεστηκότας
849 2827 1192 2894 τοτηνικάδε,
1238 2826 1335 2891 οὓς
1373 2831 1466 2883 καὶ
1497 2830 1607 2883 δεῖν
1640 2831 1743 2900 ἔφη
1781 2849 1876 2884 κα-

264 2910 589 2981 ταθρηνεῖν,
628 2913 703 2978 ὼς
756 2915 884 2969 ὅσον
931 2917 1087 2970 οῠπω
1127 2919 1496 2990 βαδιουμένων
1536 2923 1616 2985 εἰς
1649 2922 1876 2993 ὄλεθρον

267 3004 536 3058 ἁπάντων
585 3005 696 3058 τῶν
748 3008 888 3060 κατά
933 3009 1138 3080 χώραν,
1179 3012 1298 3081 ἦτοι
1329 3013 1437 3067 τῶν
1477 3013 1877 3067 κατοικούντων

264 3096 370 3167 τὴν
395 3099 526 3166 γῆν,
555 3095 609 3148 οἳ
634 3097 731 3151 καὶ
765 3099 825 3151 ὲν
860 3099 1011 3165 τάξει
1043 3103 1242 3172 πυροῦ,
1278 3105 1375 3157 καὶ
1409 3105 1622 3176 κριθῆς,
1670 3107 1764 3160 καὶ
1788 3106 1878 3170 ξύ-

263 3189 378 3241 λων
415 3188 642 3258 ὡραίων
669 3191 912 3262 νοηθεῖεν
935 3193 1018 3247 ἄν.
1066 3196 1403 3267 Ἑφαρμόσει
1432 3198 1489 3250 δὲ
1531 3198 1640 3250 τῶν
1671 3200 1878 3270 νοημά-

1989 2004 2178 2076 augeri
2240 2005 2397 2058 bonae
2452 2003 2795 2072 tempestatis
2849 2003 2964 2058 dies
3015 2001 3120 2066 his,
3155 2001 3248 2070 (lui
3294 1999 3475 2070 fruges
3518 2015 3586 2054 ex

1989 2097 2138 2166 agris
2183 2104 2548 2165 comportant,
2589 2104 2645 2149 et
2687 2094 2808 2150 illos
2857 2094 3132 2149 frumento
3189 2093 3394 2162 stipare
3452 2092 3584 2146 hor-

1991 2206 2104 2256 rea,
2147 2199 2203 2246 et
2244 2189 2578 2246 messoribus
2635 2188 2936 2244 cantilenas
2987 2187 3283 2242 messorias
3311 2186 3581 2250 accinere,

1987 2285 2157 2356 208
2186 2284 2356 2339 laetari
2388 2299 2551 2350 super
2596 2284 2779 2336 ovium
2833 2281 3110 2351 gregibus,
3135 2280 3290 2335 uberi
3342 2289 3397 2334 et
3447 2279 3582 2333 viri-

1988 2376 2136 2430 danti
2179 2376 2346 2430 herba
2379 2389 2440 2429 se
2469 2373 2797 2444 subjicicutc
2829 2374 3205 2451 pascentibus.

2059 2646 2286 2701 Videtur
2327 2650 2509 2697 autem
2547 2638 2810 2710 propheta
2859 2636 2952 2691 hic
3003 2648 3225 2688 rursum
3265 2630 3579 2686 Judaeorum

1987 2755 2086 2810 per
2122 2739 2173 2792 id
2235 2747 2452 2804 tempus
2504 2731 2766 2802 praesides
2798 2739 2854 2784 et
2881 2737 3122 2782 rectores
3158 2724 3425 2796 agricolas
3481 2737 3581 2776 na-

1987 2831 2215 2894 miuare,
2245 2827 2444 2897 quibus
2471 2823 2763 2892 lugendum
2796 2822 3106 2883 conlirmat,
3144 2829 3204 2870 ut
3233 2830 3358 2870 mox
3394 2815 3580 2868 omni-

1984 2927 2086 2978 bus
2119 2923 2208 2992 qui
2248 2923 2298 2975 iu
2325 2920 2548 2990 regione
2581 2925 2735 2981 sunt,
2773 2915 2891 2970 sive
2940 2923 3147 2968 terram
3188 2909 3578 2972 incolentibus.

1986 3031 2084 3072 seu
2121 3015 2417 3084 indigenis,
2451 3013 2678 3068 exitium
2704 3011 2759 3064 in
2794 3007 3100 3064 cervicibus
3132 3004 3406 3059 habituris
3437 3019 3452 3056 :
3483 3002 3578 3071 qui

1987 3110 2204 3180 quidem
2253 3107 2561 3176 indigenae,
2615 3101 2920 3164 frumenti,
2979 3097 3166 3154 hordei
3199 3107 3256 3152 et
3303 3096 3575 3165 lignorum

1986 3203 2357 3273 speciosorum
2382 3195 2666 3254 vocabulis
2702 3191 3038 3262 intelligendi
3071 3200 3219 3246 sunt.
3247 3190 3575 3256 Quanquam

263 3297 376 3345 των
406 3283 438 3351 ή
461 3281 698 3354 δύναμις
721 3284 1171 3358 πρεπωδέστερόν
1202 3305 1304 3342 που
1325 3289 1462 3359 τάχα
1485 3291 1598 3352 τοῖς
1622 3291 1881 3362 Γραμμα-

1996 3297 2079 3353 hic
2106 3309 2300 3352 sensus
2331 3291 2670 3347 commodius
2701 3289 2933 3343 fortasse
2965 3287 3017 3340 in
3061 3284 3283 3339 Scribas
3332 3290 3387 3337 et
3430 3280 3578 3334 Pha-

261 3372 426 3426 τεῦσι
481 3375 582 3427 καὶ
630 3376 968 3448 Φαρισαίοις.
1027 3379 1090 3432 Οἳ
1158 3380 1254 3433 καὶ
1298 3382 1555 3453 γηπόνων
1608 3384 1666 3435 ὲν
1723 3383 1873 3451 τάξει

263 3466 521 3536 κείμενοι
558 3471 1033 3540 πεπαρῳνήκασιν
1060 3473 1141 3534 είς
1162 3473 1421 3544 Χριστὸν,
1456 3475 1795 3529 ἀπεκτόνασί
1817 3494 1878 3530 τε

261 3559 360 3612 τὸν
414 3558 781 3630 κληρονόμον,
812 3561 878 3613 ἵν’
914 3561 1090 3632 ἔχοιεν
1122 3564 1276 3617 αὐτοὶ
1295 3565 1387 3618 τὸν
1409 3567 1644 3636 καρπὸν,
1673 3568 1882 3637 γένοιν-

262 3651 327 3706 τό
386 3669 451 3704 τε
498 3651 691 3705 λοιπὸν
729 3651 826 3706 τοῦ
884 3654 1210 3722 ἀμπελῶνος
1256 3655 1536 3721 δεσπόται,
1592 3660 1881 3728 μονονουχὶ

263 3745 445 3814 ληῖοις
471 3741 667 3814 ὥσπερ
709 3745 1162 3813 ὲπαγαλλώμενοι
1205 3749 1271 3818 τῇ
1303 3730 1623 3820 πολυάνδρῳ
1679 3751 1884 3820 πληθύῖ

264 3837 379 3889 τῶν
406 3837 860 3909 ὐποζευγμένων,
908 3841 1002 3893 καὶ
1045 3841 1173 3904 τοὺς
1205 3842 1263 3894 ὲν
1296 3843 1484 3906 αὐτοῖς
1517 3844 1600 3896 ὅτι
1644 3845 1882 3916 μάλιστα

263 3928 588 4000 λαμπροὺς,
613 3930 689 3994 ὡς
719 3931 872 4001 ῥοὰν,
913 3933 991 3996 ὡς
1025 3934 1196 4003 μῆλον
1227 3934 1549 4006 ἀποτρυγᾷν
1595 3937 1877 4002 εἰωθότας.

279 4022 426 4075 Ἀλλ’
448 4017 597 4075 εἶλεν
635 4024 834 4086 αὐτοὺς
857 4027 886 4077 ό
923 4024 1211 4096 Ῥωμαίων
1246 4025 1505 4098 πόλεμος,
1540 4027 1882 4100 δεδαπάνηκε

268 4116 453 4186 μέγαν
487 4115 584 4168 καλ⁵
615 4116 832 4186 μικρὸν,
873 4116 1129 4188 λαμπρόν
1160 4136 1220 4172 τε
1253 4118 1346 4172 καὶ
1389 4119 1684 4190 ἐπίσημον,
1717 4122 1794 4184 ὼς
1824 4124 1882 4175 ἐν

266 4211 472 4272 συκαῖς
523 4210 887 4279 νοουμένους,
935 4210 1189 4282 καθάπερ
1245 4212 1382 4282 ἔφην
1431 4213 1653 4280 ἀρτίως,
1705 4213 1779 4277 ὡς
1826 4215 1883 4266 ἐν

265 4302 510 4372 ἀμπέλῳ
538 4302 721 4373 τυχὸν,
757 4302 959 4370 φοίνικί
991 4321 1050 4356 τε
1086 4305 1180 4356 καὶ
1227 4304 1404 4376 μήλῳ,
1444 4305 1538 4358 καὶ
1567 4305 1626 4357 ὲν
1677 4304 1878 4372 ξύλοις,

264 4395 347 4457 ὡς
374 4395 436 4447 ὲν
466 4393 630 4464 κριθῇ
669 4395 765 4448 καὶ
791 4394 950 4466 πυρῷ
970 4410 982 4423 ·
1014 4395 1262 4465 διάφοροι
1293 4397 1401 4468 γὰρ
1431 4400 1482 4450 oi
1517 4397 1747 4468 τρόποι,
1790 4399 1884 4450 καί

264 4489 371 4559 οὐχ
415 4488 476 4540 ὲν
518 4488 694 4542 ἅπασι
722 4487 817 4541 τοῦ
865 4488 980 4559 βίου
1009 4488 1070 4541 τὸ
1107 4489 1327 4560 μέτρον.
1372 4491 1592 4562 Ἐπειδὴ
1631 4491 1689 4543 δὲ
1737 4489 1883 4555 ἅπαξ

263 4582 432 4653 ἁγρῷ
463 4581 771 4653 παρείκασε
805 4582 906 4654 τὴν
945 4581 1053 4651 γῆν
1083 4580 1193 4636 τῶν
1248 4583 1537 4643 Ἰουδαίων,
1569 4583 1665 4636 καὶ
1704 4585 1882 4654 γηπό-

1983 3389 2178 3444 τίεαιος
2202 3385 2522 3448 conveniet,
2554 3382 2648 3452 qui
2680 3379 3050 3450 agricolarum
3087 3376 3270 3431 locum
3304 3381 3576 3436 tenentes,

1982 3484 2035 3540 in
2061 3482 2339 3538 Christum
2375 3493 2434 3534 se
2464 3477 2758 3548 iujuriosos
2790 3473 3162 3543 praebuerunt,
3201 3479 3255 3525 et
3302 3465 3574 3522 lueredem

1983 3575 2414 3638 occideruntyut
2444 3569 2544 3624 sibi
2579 3568 2817 3622 fructum
2847 3565 3214 3628 vindicarent,
3243 3577 3308 3614 ac
3363 3559 3429 3614 de
3458 3574 3569 3612 ειε-
3620 3575 3622 3577 ·

1986 3677 2102 3723 tero
2132 3667 2346 3720 vineam
2386 3663 2768 3733 possiderent,
2806 3657 3010 3726 ingenli
3047 3655 3390 3710 subditorum
3430 3651 3577 3704 mul-

1983 3759 2215 3813 titudine
2273 3766 2484 3810 tantum
2540 3769 2646 3807 non
2698 3761 2756 3805 ut
2801 3750 3078 3820 segetibus
3132 3747 3494 3807 exsultantes,
3524 3754 3582 3798 et

1984 3854 2038 3907 in
2114 3866 2175 3905 ea
2225 3849 2422 3918 opibus
2477 3844 2870 3900 eminentiores
2922 3850 2982 3894 ut
3047 3838 3187 3894 mala
3240 3845 3466 3907 grauata
3526 3845 3584 3888 et

1982 3958 2143 4015 poma
2176 3943 2472 4008 decerpere
2496 3937 2664 3992 soliti.
2699 3934 2807 3990 Sed
2839 3949 2933 3990 eos
2981 3930 3364 4004 pessumdedit
3395 3942 3422 3981 a
3467 3927 3580 3981 Ro-

1985 4035 2163 4091 manis
2215 4032 2439 4095 bellum,
2500 4043 2754 4098 magnum
2811 4036 2865 4080 et
2905 4041 3157 4096 parvum,
3218 4023 3482 4077 illustrem
3527 4027 3584 4073 et

1986 4128 2278 4184 obscurum
2313 4121 2676 4192 consumpsit,
2711 4120 2867 4187 quasi
2907 4118 3044 4172 ficus
3071 4157 3087 4182 ,
3135 4125 3195 4168 ut
3226 4115 3389 4169 modo
3417 4111 3526 4166 dixi
3563 4150 3581 4176 ,

1985 4221 2143 4290 quasi
2171 4221 2330 4282 vites,
2359 4217 2621 4286 palmam,
2654 4212 2886 4276 malum,
2911 4209 3077 4279 ligna,
3117 4207 3408 4270 hordeum,
3460 4203 3577 4256 frus

1989 4321 2229 4367 mentum
2267 4323 2282 4362 :
2317 4324 2422 4362 non
2449 4314 2531 4362 est
2560 4304 2705 4359 enim
2737 4301 2982 4360 omnium
3015 4313 3122 4353 una
3165 4295 3384 4352 vivendi
3418 4294 3592 4366 ratio,

1985 4416 2041 4461 et
2075 4405 2406 4460 institutum.
2445 4399 2584 4466 Quia
2612 4413 2743 4452 vero
2769 4395 2934 4450 semel
2968 4393 3209 4448 Judeeam
3255 4403 3387 4460 agro
3429 4402 3584 4442 com-

1987 4495 2223 4567 paravit,
2273 4503 2330 4548 et
2387 4491 2664 4562 principes
2722 4489 2870 4558 ipsos
2932 4484 3202 4556 agricolas
3249 4477 3582 4540 nominavit,

1991 4591 2042 4643 in
2078 4587 2442 4642 translatione
2481 4584 2704 4650 mansit,
2739 4591 2794 4638 et
2825 4579 3074 4636 subditos
3097 4591 3220 4631 cum
3257 4575 3392 4629 satis
3419 4581 3592 4641 atque

265 4692 400 4737 νους
441 4673 700 4744 ὠνόμασε
746 4674 872 4738 τοὺς
908 4672 1340 4744 προεστηκότας,
1375 4673 1617 4728 σέσωκεν
1659 4676 1688 4726 ὁ
1719 4674 1878 4741 λόγος

1996 4680 2296 4741 arboribus.
2329 4679 2431 4732 alia
2464 4687 2627 4747 atque
2653 4675 2756 4729 alia
2787 4674 2854 4728 de
2904 4686 3070 4728 causa
3114 4667 3365 4724 contulit.

268 4769 445 4840 μέχρι
477 4768 680 4831 παντὸς
727 4766 826 4838 τὴν
873 4766 1213 4838 μεταφορὰν,
1255 4766 1430 4837 ληῖοις
1462 4784 1522 4819 τε
1568 4768 1662 4820 καλ¹
1701 4766 1881 4830 ξύλοις

266 4861 419 4916 κατά
437 4860 699 4931 διάφορον
724 4859 928 4932 τρόπον
953 4858 1323 4929 παραϐάλλων
1364 4860 1491 4923 τοὺς
1532 4860 1623 4911 ὐπ’
1660 4858 1879 4920 αὐτούς.

341 4955 412 5015 Εἰ
457 4954 515 5006 δὲ
555 4952 621 5024 δή
668 4971 751 5016 τις
794 4952 961 5005 οίοιτο
990 4953 1070 5016 εἰς
1102 4951 1365 5023 ἐξήγησιν
1399 4950 1599 5022 ἠθικὴν
1632 4951 1792 5005 ταυτὶ
1819 4951 1884 5022 δὴ

265 5049 476 5120 χρῆναι
505 5046 920 5118 μετακομίζειν,
952 5047 1216 5118 φρονήσει
1245 5045 1446 5109 καλῶς.
1473 5045 1885 5116 Παρεικαστέον

267 5141 386 5210 γάρ
419 5140 666 5209 ἀρεταῖς,
697 5139 792 5192 καὶ
819 5141 932 5202 τοῖς
958 5141 1038 5201 είς
1071 5137 1197 5191 νοῦν
1229 5137 1672 5208 κατορθώμασιν,
1705 5137 1886 5206 ἄμπε-

269 5231 388 5296 λον,
423 5233 521 5285 κα“ι
557 5232 748 5302 συκῆν,
785 5233 880 5286 καὶ
909 5233 978 5285 τὰ
1005 5232 1170 5302 ἕτερα
1199 5231 1308 5284 τῶν
1338 5230 1533 5297 ξύλων,
1584 5231 1621 5285 ἃ.
1649 5233 1886 5302 καρποῖς

270 5324 509 5394 ὡραίοις
563 5323 965 5392 στεφανοῦσθαι
1016 5325 1182 5394 φιλεῖ.
1229 5322 1370 5376 Ἀλλ’
1421 5324 1469 5376 εἰ
1513 5323 1612 5393 μέν
1660 5341 1746 5387 τις
1798 5324 1882 5394 εἴη

277 5418 447 5487 σοφὸς
500 5419 597 5472 καὶ
651 5419 930 5494 ἀγχίνους,
967 5420 1064 5474 καὶ
1114 5420 1449 5489 αὐχημάτων
1498 5419 1720 5485 ἀγαθῶν
1769 5422 1889 5472 ἐπι-

280 5509 527 5582 μελητὴς
553 5550 568 5574 ,
619 5511 826 5581 εὐανθῆ
871 5530 932 5566 τε
966 5514 1062 5566 καὶ
1091 5512 1314 5578 εὕξυλον
1368 5511 1463 5564 τὸν
1507 5513 1588 5574 εἰς
1621 5511 1745 5566 νοῦν
1793 5511 1888 5564 καὶ

275 5605 514 5676 καρδίαν
554 5605 777 5675 φορέσει
797 5606 996 5676 κῆπον,
1028 5605 1281 5675 πολυειδῆ
1315 5604 1415 5674 τὴν
1440 5603 1642 5676 ἀρετὴν
1668 5603 1886 5674 τρέφων

280 5701 341 5751 ὲν
374 5696 578 5768 ἐαυτῷ,
635 5699 728 5750 καὶ
761 5697 941 5750 πάντα
984 5698 1187 5769 τρόπον
1235 5695 1556 5758 ἐπιεικείας.
1614 5695 1676 5748 Εἰ
1721 5694 1778 5747 δὲ
1821 5693 1884 5766 δὴ

285 5790 531 5861 ῥᾴθυμος
578 5792 673 5844 καὶ
724 5791 1042 5864 φιλήδονος,
1091 5791 1186 5844 καὶ
1229 5789 1364 5842 πολύ
1395 5789 1517 5843 λίαν
1550 5785 1885 5850 ὲκνενευκὼς

283 5884 383 5938 επὶ
411 5884 482 5939 τὰ
513 5884 734 5956 αἰσχίω,
769 5884 1175 5955 καταθρηνήσει
1208 5882 1447 5948 πάντως,
1480 5879 1884 5949 μαραινομένης

2055 4944 2112 4998 Si
2166 4943 2290 5012 quis
2333 4941 2448 4994 haec
2484 4939 2553 4993 ad
2615 4936 2880 4991 moralem
2921 4931 3321 5001 expositionem
3362 4939 3582 4982 accom-

1987 5037 2252 5094 modanda
2290 5033 2525 5104 putabit,
2561 5041 2716 5085 recte
2741 5025 2976 5097 putabit.
3037 5019 3398 5079 Conferendae
3433 5016 3582 5072 enim

1991 5140 2120 5184 sunt
2147 5129 2405 5192 virtutes,
2437 5133 2493 5180 et
2527 5122 2802 5192 praeclarae
2831 5117 3080 5172 actiones
3122 5113 3291 5169 animi
3326 5126 3451 5167 cum
3497 5107 3582 5162 vi-

1995 5237 2120 5285 nea,
2170 5219 2380 5274 ficubus
2403 5225 2456 5271 et
2504 5213 2815 5277 arboribus,
2852 5226 2974 5281 quae
3025 5209 3292 5264 lructibus
3324 5203 3584 5274 pulcher-

1990 5313 2146 5367 rimis
2170 5314 2514 5367 decorantur.
2557 5307 2709 5374 Quod
2739 5309 2783 5361 si
2815 5305 2938 5375 quis
2971 5303 3190 5371 sapiens
3220 5337 3236 5362 ,
3293 5306 3349 5350 et
3382 5292 3579 5356 solere,

1987 5415 2042 5460 et
2085 5405 2327 5473 probatae
2381 5403 2568 5474 gloria
2617 5401 2891 5457 studiosus
2923 5397 3129 5459 fuerit,
3181 5393 3396 5445 hortum
3437 5383 3584 5440 belle

1987 5496 2293 5560 ﬂorentem,
2324 5503 2378 5550 et
2402 5493 2655 5550 felicibus
2698 5490 2960 5547 refertum
3001 5480 3288 5539 arboribus
3332 5477 3384 5530 in
3417 5474 3585 5532 corde

1986 5599 2037 5643 et
2083 5588 2266 5642 animo
2300 5602 2400 5642 suo
2459 5584 2741 5650 excitabit,
2768 5580 2934 5636 multa
2976 5577 3238 5632 virtutum
3287 5584 3486 5642 genera
3527 5576 3583 5624 et

1985 5697 2176 5736 ouiues
2232 5681 2494 5737 bonitatis
2543 5679 2732 5733 modos
2771 5676 2823 5731 in
2877 5687 2944 5730 eo
2985 5671 3195 5728 fovens.
3259 5667 3356 5720 Sin
3394 5672 3582 5720 contra

1995 5780 2239 5849 ignavus,
2274 5774 2538 5846 voluptati
2569 5773 2805 5838 deditus,
2870 5777 2926 5823 et
2956 5766 3022 5822 ad
3066 5764 3351 5820 inhonesta
3401 5756 3582 5826 proﬁc.

1994 5885 2135 5938 ctus,
2181 5869 2329 5926 ﬂebit
2363 5866 2604 5938 largiter,
2625 5869 2902 5922 marcente
2920 5859 3021 5918 sibi
3045 5857 3287 5914 bonitate
3312 5855 3372 5908 et
3397 5849 3587 5905 animo
