3982 6506
203 401 319 458 349

1117 401 1674 461 COMMENTARIUS
1714 406 1780 460 ΙΝ
1821 405 2090 462 JOELEM
2135 405 2589 463 PROPIIETAM.

3414 405 3520 462 550

206 533 399 588 καμεν
413 515 492 580 ὼς
513 515 624 568 δεῖ’
651 517 831 570 πόνων
855 514 911 569 δέ
940 515 1144 588 ζημίας
1167 519 1548 592 ὑπομενοῦμεν
1564 523 1813 588 εἰκότως,

1929 525 2205 591 humilem,
2253 525 2489 579 nondum
2528 531 2586 577 ut
2632 522 2788 578 decet
2820 520 3147 590 jejunamus,
3177 529 3232 576 et
3270 521 3518 578 afllictio-

203 609 347 662 θεοῦ
385 609 823 680 διακεκραγότος
847 621 873 642 ο·
901 628 919 660 ι
948 611 1023 663 Οὐ
1060 611 1169 683 γὰρ
1207 611 1413 684 ταύτην
1445 613 1544 685 τὴν
1573 616 1826 684 νηστείαν

205 701 324 770 ἐγὼ
352 701 720 773 ἐξελεξάμην.
762 723 782 756 ι
818 705 911 755 Δεῖ
945 704 1009 773 δὴ
1040 699 1136 758 οῦν
1178 705 1519 776 ἀποσχέσθαι
1555 708 1828 777 φαυλότη-

202 813 325 859 τος,
363 795 605 849 ἕπεσθαί
641 813 721 860 τε,
755 797 852 850 καὶ
890 797 1035 868 μάλα
1066 800 1354 864 νεανικῶς,
1381 802 1496 864 τοῖς
1528 801 1622 853 τοῦ
1667 819 1826 868 νομο-

204 889 373 941 θέτου
408 888 674 958 δόγμασι,
705 888 803 960 τὴν
833 889 1067 960 καρδίαν
1093 891 1498 955 ἀπευθύνοντας
1537 893 1674 964 πρὸς
1718 895 1826 946 πᾶν

205 980 394 1034 ὁτιοῦν
447 980 563 1035 τῶν
602 982 949 1052 ἀρεσκόντων
979 983 1151 1056 αὐτῷ,
1208 986 1304 1040 καὶ
1340 985 1432 1039 τὸν
1461 987 1561 1056 τῆς
1589 985 1826 1049 διανοίας

207 1071 606 1140 ὑποφέροντας
662 1073 888 1143 αὐχένα,
936 1075 1243 1146 ψάλλοντάς
1286 1093 1347 1130 τε
1395 1077 1492 1130 καὶ
1522 1077 1781 1146 λέγοντας
1807 1095 1821 1108 ·

202 1159 345 1218 «Ἴδε
365 1163 472 1235 τὴν
491 1164 827 1218 ταπείνωσίν
853 1185 955 1237 μου
983 1173 1076 1222 καὶ
1100 1169 1194 1223 τὸν
1219 1169 1388 1222 κόπον
1414 1186 1538 1240 μου,
1563 1169 1658 1222 καὶ
1689 1170 1827 1240 ἄφες

203 1259 396 1317 πάσας
425 1253 530 1318 τὰς
564 1254 862 1325 ἁμαρτίας.
890 1255 1026 1311 »Καὶ
1048 1254 1158 1326 μὴν
1172 1257 1309 1326 πρὸς
1335 1257 1474 1327 τῷδε
1515 1257 1734 1311 κάκεῖνο
1763 1259 1825 1310 τὸ

202 1347 596 1417 προφητικὸν·
641 1367 659 1397 ι
711 1347 843 1402 Ἰδοὺ
873 1346 983 1400 οἵδε
1012 1346 1171 1415 ἡμεῖς
1219 1348 1457 1420 ἐσόμεθά
1497 1367 1599 1412 σοι,
1629 1351 1710 1404 ὅτι
1757 1350 1822 1404 σὺ

203 1439 419 1510 Κύριος
447 1443 478 1494 ὁ
499 1439 636 1503 Θεὸς
664 1437 825 1511 ἡμῶν
852 1434 922 1494 εἴ.
965 1458 986 1493 ι
1017 1439 1372 1511 Παράστασις
1403 1440 1514 1512 γὰρ
1543 1442 1638 1512 ἥδε
1669 1460 1824 1495 πνευ-

206 1532 444 1603 ματικὴ,
479 1533 580 1586 καὶ
624 1533 928 1588 ἁνδάνουσα
957 1532 1036 1604 τῷ
1068 1533 1188 1604 Θεῷ
1235 1534 1376 1604 ὑπὲρ
1425 1535 1627 1604 μόσχον
1674 1533 1816 1598 νέον,

204 1624 350 1693 ὑπὲρ
381 1624 565 1694 ἀμνὸν
596 1626 662 1678 ἐκ
691 1625 984 1692 ποιμνίων,
1016 1625 1157 1696 ὑπὲρ
1179 1626 1366 1695 ἔριφον
1396 1627 1455 1693 ἐξ
1481 1626 1822 1698 αἰγῶν,ὑπέρ

204 1716 499 1787 σεμίδαλιν
532 1718 631 1771 καὶ
670 1717 990 1772 λιϐανωτόν.
1024 1721 1435 1790 Πνευματικαῖς
1472 1719 1579 1792 γὰρ
1610 1720 1822 1784 θυσίαις

201 1811 598 1882 εὐαρεστεῖται
649 1811 804 1873 Θεός.
869 1812 1218 1881 Ἀγιάζοντες
1280 1813 1338 1867 δέ
1389 1814 1490 1886 τὴν
1543 1815 1819 1886 νηστείαν,

204 1903 550 1976 κηρύξωμεν
595 1905 919 1977 θεραπείαν,
960 1908 1230 1970 τουτέστι,
1261 1910 1358 1981 τὴν
1389 1911 1499 1963 τῶν
1539 1909 1697 1964 θείων
1730 1911 1818 1964 θε-

205 1998 478 2069 λημάτων
504 1998 884 2070 ἐκπλήρωσιν,
965 2001 1030 2072 δὴ
1058 2002 1150 2056 καὶ
1171 2003 1492 2073 πρεπόντως
1521 2004 1824 2074 παρέποιτο

204 2092 270 2142 ἂν
305 2089 372 2144 τὺ
411 2090 575 2158 εὐθὺ,
613 2091 674 2145 τὸ
706 2091 992 2161 εὐάγωγον
1031 2092 1125 2146 τοῦ
1159 2094 1388 2164 τρόπου,
1432 2095 1494 2148 τὸ
1538 2095 1678 2166 πρὸς
1711 2097 1820 2149 πᾶν

203 2183 385 2238 ὁτιοῦν
434 2185 661 2255 ἕτοιμον
713 2185 822 2240 τῶν
867 2186 948 2250 είς
1001 2187 1287 2252 εὐσεϐείας
1324 2188 1569 2258 ἡκόντων
1600 2189 1818 2256 λόγους.

219 2272 668 2343 Ἐπιτελέσωμεν
691 2274 747 2327 δέ
773 2276 902 2339 τοὺς
929 2276 1166 2348 τρόπους
1182 2277 1283 2348 τῆς
1313 2278 1628 2348 θεραπείας,
1647 2297 1825 2333 συνει-

201 2363 495 2434 λεγμένων
543 2367 603 2418 ἐν
665 2365 964 2436 Ἐκκλησία
999 2351 1108 2419 τῶν
1153 2367 1219 2420 ἐκ
1257 2368 1585 2437 γερουσίας,
1639 2369 1824 2422 συνδε-

201 2456 583 2528 δραμηκότων
617 2459 714 2513 καὶ
746 2459 966 2513 πάντων
995 2459 1106 2513 τῶν
1135 2461 1537 2515 κατοικούντων
1567 2461 1666 2534 τὴν
1696 2463 1820 2533 γῆν,

202 2550 511 2605 κλαιόντων
554 2569 618 2606 τε
649 2552 744 2606 καὶ⁹
787 2552 936 2622 μάλα
983 2553 1254 2616 συντόνως
1284 2555 1364 2618 εἰς
1410 2555 1541 2626 ὅλην
1575 2556 1814 2627 ἡμέραν,

200 2644 296 2698 καὶ
345 2643 649 2716 ἀραρότως
683 2645 1072 2716 διακειμένων,
1105 2647 1189 2700 ὃτι
1216 2647 1435 2702 πάντων
1473 2647 1615 2700 ἐλεεῖ
1652 2647 1785 2711 Θεός
1805 2665 1819 2678 ο

199 2738 318 2791 εστι
350 2738 468 2810 γὰρ
505 2757 523 2790 ι
541 2738 922 2810 μακρόθυμος,
951 2740 1047 2793 καὶ
1076 2739 1384 2806 πολυέλεος,
1414 2740 1510 2795 καὶ
1543 2739 1819 2812 ἀληθινὸς,

200 2829 448 2900 ἐξαίρων
478 2830 738 2901 ἀνομίας,
767 2832 863 2885 καὶ
895 2831 1242 2902 ὑπερϐαίνων
1281 2833 1518 2897 ἀδικίας,
1568 2853 1586 2885 ι
1621 2833 1717 2886 καὶ
1759 2832 1821 2886 οὐ

203 2923 455 2994 συνέχων
499 2925 584 2987 εἰς
627 2925 937 2996 μαρτυρίαν
963 2925 1136 2995 ὀργὴν
1180 2924 1346 2979 αὐτοῦ
1381 2925 1524 2979 κατά
1551 2925 1614 2980 τὸ
1643 2927 1820 2995 γένος,

206 3035 226 3070 ι
267 3017 402 3072 Ὅτι
432 3015 671 3089 θελητὴς
708 3017 892 3082 ἐλέους
907 3019 1059 3120 ,ἐστί
1102 3038 1121 3070 δ

268 3150 406 3205 Ὅτι
430 3150 617 3221 ἐγγὺς
648 3151 686 3219 ἡ
714 3150 905 3220 ἡμέρα
934 3152 1182 3218 Κυρίου,
1209 3153 1306 3206 καὶ
1340 3154 1421 3218 ὡς
1449 3156 1823 3224 ταλαιπωρία

1931 633 2060 672 num
2123 633 2312 688 poenas
2337 618 2605 682 dabimus,
2631 615 2825 670 merito
2850 615 3118 670 clamante
3146 617 3252 670 Deo
3277 635 3290 670 :
3327 635 3344 667 ι
3374 613 3522 670 Nun-

1929 709 2058 779 quid
2093 711 2197 766 hoc
2245 719 2329 766 est
2352 710 2638 782 jejunium,
2673 710 2816 780 quod
2865 708 3000 779 elegi
3036 709 3082 740 ⁷³
3107 708 3127 762 .9
3157 728 3175 759 ι
3226 708 3520 762 Abstinen-

1929 804 2059 856 dum
2094 803 2257 871 igitur
2288 805 2357 858 ab
2397 802 2769 874 improbitate,
2803 811 2855 856 et
2889 803 3140 856 mandata
3198 801 3522 871 legislatoris

1929 893 2300 947 exhaurienda
2331 903 2580 960 strenue,
2627 892 3080 962 dirigendumque
3108 907 3206 945 eor
3244 893 3308 945 ad
3358 906 3521 945 omne

1930 983 2023 1040 Dei
2065 985 2486 1054 beneplacilum,
2550 995 2602 1041 el
2642 987 2840 1040 mentis
2913 987 3095 1040 cervix
3157 986 3517 1054 subjicienda,

1929 1077 2374 1147 psallendumque
2417 1093 2481 1133 ac
2528 1079 2890 1134 dicendumzc
2948 1078 3080 1132 Vide
3157 1079 3519 1131 humilitatem

1928 1187 2107 1226 meam
2138 1185 2202 1226 ac
2236 1171 2476 1226 laborem
2531 1186 2732 1237 meum,
2757 1180 2809 1225 et
2837 1171 3047 1225 dimitte
3079 1170 3261 1225 omnia
3300 1180 3520 1239 peccata

1929 1263 2171 1318 mea".t
2211 1263 2436 1334 Insuper
2483 1262 2614 1317 illud
2639 1263 3044 1332 propheticum:
3085 1263 3255 1316 «Ecce
3285 1277 3383 1317 nos
3443 1259 3517 1313 ιιιί

1927 1357 2154 1418 erimus,
2194 1355 2321 1425 quia
2370 1365 2424 1409 tu
2477 1356 2733 1409 Dominus
2780 1356 2918 1410 Deus
2965 1366 3151 1410 noster
3199 1370 3278 1409 es.
3324 1375 3343 1407 ι
3393 1352 3522 1408 Haec

1925 1449 2068 1504 enim
2087 1448 2388 1518 spiritualis
2416 1458 2498 1503 est
2523 1449 2747 1513 oblatio,
2766 1456 2819 1503 et
2843 1450 3018 1517 placet
3055 1449 3160 1503 Deo
3184 1465 3346 1518 super
3377 1449 3521 1502 vitu-

1926 1541 2037 1597 lum
2085 1542 2354 1598 novellum
2382 1542 2450 1608 ⁷⁸,
2531 1557 2692 1611 super
2739 1558 2935 1612 agnum
2965 1542 3029 1596 de
3063 1542 3336 1612 gregibus,
3358 1557 3520 1609 super

1928 1636 2142 1691 bmdum
2173 1635 2238 1690 de
2260 1634 2462 1704 capris,
2488 1648 2651 1702 super
2686 1633 2809 1687 thus
2841 1643 2895 1688 et
2920 1633 3173 1688 similam.
3207 1633 3518 1703 Spirituali—

1925 1727 2028 1784 bus
2053 1742 2286 1797 namque
2319 1726 2608 1781 sacrificiis
2640 1735 2941 1781 recreatur.
2965 1726 3384 1780 Sanetilicantes
3413 1741 3515 1778 au-

1931 1831 2039 1874 tem
2081 1819 2348 1890 jejunium
2418 1819 2773 1889 przcdicemus
2817 1817 3176 1882 curationem,
3236 1816 3338 1870 hoc
3394 1827 3518 1883 est,

1929 1915 2239 1971 divinarum
2283 1911 2620 1966 voluntatum
2680 1908 3067 1978 expletionem,
3101 1923 3259 1974 quam
3317 1906 3518 1961 decen-

1929 2017 2012 2061 ter
2043 2003 2395 2060 comitabitur
2445 2000 2733 2065 rectitudo,
2765 2014 2976 2053 morum
3029 2000 3421 2068 tractabilitas,
3453 2001 3521 2053 ad

1924 2097 2106 2151 omnia
2155 2104 2442 2166 promptus
2496 2109 2560 2148 ac
2615 2100 2838 2161 paratus
2888 2091 3136 2157 animus,
3181 2108 3522 2162 quacunque

1926 2188 2118 2259 pietati
2148 2197 2277 2243 sunt
2305 2186 2508 2242 allinia.
2547 2187 2921 2255 Exsequemur
2953 2199 3082 2240 vero
3123 2186 3312 2240 modos
3366 2201 3523 2240 cura-

1928 2280 2092 2336 tionis
2121 2279 2468 2351 congregatis
2499 2280 2552 2333 in
2584 2279 2828 2334 Ecclesia
2871 2279 3115 2345 senibus,
3148 2287 3200 2335 et
3245 2279 3523 2334 conﬂuen-

1928 2375 2072 2430 tibus
2099 2373 2370 2429 univcrsis
2405 2381 2606 2427 terram
2657 2372 3049 2440 habitantibus,
3077 2374 3522 2443 plorantibusque

1926 2469 2282 2523 vehementer
2322 2476 2430 2521 tota
2461 2466 2569 2532 die,
2604 2474 2659 2522 et
2696 2467 3086 2522 convenienter
3115 2465 3350 2532 affectis,
3383 2481 3520 2536 quo-

1925 2560 2072 2615 niam
2099 2559 2343 2614 omnium
2369 2561 2661 2615 miseretur
2693 2558 2836 2614 Dens
2867 2575 2881 2612 :
2914 2568 2998 2615 est
3028 2561 3172 2614 enim
3203 2577 3222 2610 ι
3275 2558 3522 2626 longani-

1927 2652 2054 2718 mis,
2083 2661 2138 2706 et
2166 2651 2352 2707 multa:
2383 2647 2768 2708 misericordiae
2797 2660 2852 2707 et
2878 2667 3042 2706 verax
3056 2651 3125 2718 ",
3183 2657 3238 2705 et
3267 2651 3521 2704 auferens

1926 2745 2243 2814 iniquitates
2283 2744 2426 2812 ",et
2467 2743 3002 2815 superansjustitias
3029 2744 3129 2809 ⁷⁷,ι
3159 2757 3337 2812 neque
3385 2757 3522 2797 con-

1924 2837 2102 2892 tinens
2136 2836 2272 2891 iram
2300 2851 2452 2892 suam
2481 2836 2533 2891 in
2561 2837 2930 2892 testimonium
2959 2847 3156 2891 natura
3186 2851 3306 2902 sua,
3329 2853 3346 2886 ι
3373 2833 3524 2902 Quo-

1927 2929 2074 2983 niam
2103 2927 2292 2984 volens
2327 2928 2756 2984 misericordiam
2798 2937 2883 2982 est
2913 2929 3016 2981 ⁷⁸.)

2002 3157 2166 3210 Vens.
2204 3156 2292 3218 15,
2336 3155 2423 3210 16.
2460 3154 2722 3220 Quoniam
2751 3153 2911 3224 juxta
2934 3163 3008 3207 est
3042 3153 3154 3207 dies
3192 3152 3439 3214 Domini,
3472 3163 3523 3207 et

197 3242 270 3294 ἐκ
303 3244 722 3312 ταλαιπωρίας
761 3243 915 3312 ἣξει.
960 3243 1288 3297 Κατένιιντι
1334 3245 1456 3298 τῶν
1495 3246 1822 3315 ὀφθαλμῶν

1929 3251 2078 3316 (μιιηὶ
2117 3251 2331 3302 miseria
2372 3250 2436 3300 de
2461 3247 2675 3300 miseria
2704 3249 2890 3300 veniet.
2933 3248 3067 3299 Ante
3098 3247 3277 3298 oculos
3332 3257 3522 3298 uestros

199 3337 378 3406 ὑμῶν·
404 3336 721 3406 βρώματα.
800 3336 1256 3406 Ἐξωλοθρεύθη
1309 3338 1377 3401 ἐξ
1433 3339 1608 3392 οἴκου
1672 3338 1822 3393 Θεοῦ

199 3430 382 3501 ὑμῶν
404 3431 786 3498 εὐφροσύνη,
808 3429 906 3482 καὶ
932 3428 1109 3498 χαρά.

272 3565 383 3618 lB'.
437 3563 690 3635 Ἦμέραν
736 3563 944 3635 Κυρίου
992 3564 1146 3636 φησι,
1186 3563 1308 3618 καθ’
1340 3563 1408 3636 ἢν
1440 3563 1550 3618 ἔδει
1580 3563 1823 3636 πληροῦ-

201 3659 329 3712 σθαι
354 3657 430 3711 τά
471 3656 534 3722 ἐξ
559 3658 755 3729 ὀργῆς,
793 3657 828 3730 ἦ
858 3659 955 3727 τῆς
979 3658 1202 3728 ἀκρίδος
1231 3659 1417 3722 αὐτοῖς
1450 3657 1824 3728 ἐπενηνεγμέ-

203 3771 322 3825 νης,
359 3752 461 3806 κα)⁵
492 3752 563 3806 τὰ
596 3753 654 3804 ἐν
685 3751 842 3822 ἀγρῷ
872 3751 1223 3824 δαπανώσης,
1257 3752 1353 3804 καὶ
1391 3752 1472 3814 εἰς
1514 3749 1676 3820 λιμοῦ
1727 3749 1824 3802 καὶ

210 3845 420 3909 ἐνδείας
474 3844 805 3915 πεμπούσης
853 3843 1106 3914 δείματα,
1158 3844 1252 3896 καὶ
1292 3843 1462 3914 αὐτὴν
1516 3841 1823 3913 ἐντιθείσης

202 3938 294 3992 τοῦ
331 3937 577 3991 θανάτου
617 3938 718 4008 τὴν
754 3937 947 4002 πτόαν,
981 3938 1150 4009 ἤγουν
1180 3936 1288 3990 τῶν
1319 3935 1682 3990 Βαϐυλωνίων
1723 3952 1824 3989 κα-

203 4028 624 4100 ταφθειρόντων
652 4031 892 4093 ἅπαντα,
928 4027 1120 4081 πόλεσί
1143 4046 1203 4082 τε
1237 4028 1332 4082 καὶ
1365 4027 1584 4099 κώμαις
1612 4029 1822 4099 ἐμφυο-

204 4123 414 4194 μένων,
463 4123 594 4177 ἀλλο
627 4141 688 4176 τε
736 4123 825 4176 ἐπ’
857 4122 1002 4193 ἄλλῳ
1047 4121 1579 4194 προσεργαξομένων
1624 4121 1818 4188 κακὸν,

200 4217 299 4269 καὶ
329 4215 717 4286 ταλαιπωρίαν
763 4216 827 4267 ἐκ
861 4215 1239 4289 ταλαιπωρίας
1291 4214 1823 4286 προσεπιρριπτούν-

195 4326 314 4362 των
347 4307 440 4360 ἀεὶ
468 4308 741 4362 ἐνοικοῦσι
773 4307 868 4379 τὴν
912 4307 1037 4379 γῆν,
1073 4308 1146 4372 ὡς
1179 4306 1302 4378 μηδ’
1335 4308 1459 4361 ὅσον
1485 4309 1661 4360 εἰπεῖν
1684 4307 1822 4360 ἀνα-

199 4402 448 4458 πνεῦσαι
479 4401 745 4456 δύνασθαι
776 4401 973 4472 βραχὺ,
1017 4401 1111 4455 καί
1147 4419 1201 4454 τι
1229 4403 1320 4457 διὰ
1365 4403 1531 4473 μέσου
1567 4402 1823 4470 γενέσθαι

197 4496 476 4569 χρηστόν·
520 4495 607 4564 ἐφ’
640 4486 827 4565 ὦνπερ
857 4490 924 4565 ἦν
960 4494 1129 4559 εἰκὸς,
1172 4494 1275 4548 κᾶν
1317 4496 1447 4564 γοῦν
1491 4495 1600 4549 ἀπὸ
1623 4496 1823 4569 μέρους

1929 3341 2201 3395 “linteata.
2245 3339 2466 3394 Sublata
2495 3353 2611 3393 sum
2638 3342 2701 3393 de
2729 3340 2882 3393 domo
2933 3338 3029 3392 Dei
3058 3339 3210 3393 vestri
3241 3338 3425 3392 lwtitia
3473 3346 3522 3393 at

1927 3433 2202 3502 gaudium.

1996 3567 2115 3622 XII.
2151 3568 2303 3622 Diem
2349 3568 2557 3622 Domini
2597 3579 2774 3634 vocat,
2813 3583 2918 3639 qua
2953 3569 3049 3624 ira:
3099 3567 3215 3638 ejus
3260 3566 3522 3622 satisfieri

1925 3671 2159 3728 oportet,
2193 3670 2284 3714 aut
2314 3661 2520 3717 locusta
2558 3661 2689 3731 ipsis
2717 3661 2980 3726 inunissa,
3009 3669 3063 3714 et
3094 3659 3273 3727 fruges
3309 3659 3357 3713 in
3391 3674 3524 3728 agro

1925 3753 2274 3820 depascente,
2301 3763 2356 3807 et
2385 3752 2547 3808 famis
2587 3762 2751 3822 atque
2789 3752 3030 3823 penuriae
3062 3751 3319 3806 horrores
3365 3749 3524 3803 incu-

1931 3844 2116 3908 tiente,
2177 3843 2464 3912 ipsumque
2532 3844 2723 3898 mortis
2775 3858 3032 3913 pavorem
3083 3842 3382 3908 inferente;
3429 3851 3524 3897 aut

1927 3935 2240 4006 Babyloniis
2266 3935 2449 3988 omnia
2499 3936 2861 4000 vastantibus,
2913 3935 3246 4002 urbibusque
3295 3943 3348 3988 et
3388 3933 3524 3989 vicis

1929 4028 2392 4088 incumbentibus,
2438 4037 2491 4080 et
2520 4028 2728 4082 cladem
2765 4027 2914 4082 clude
2963 4026 3386 4091 cunmlantibns,
3421 4026 3525 4081 mi-

1927 4121 2239 4190 seriamque
2268 4133 2332 4174 ex
2369 4119 2588 4174 miseria
2625 4119 2897 4188 indigenis
2947 4117 3517 4187 superadjicientibus,

1930 4227 1990 4270 ut
2025 4230 2091 4270 ne
2119 4215 2185 4268 ad
2211 4225 2467 4283 punctum
2499 4213 2716 4282 quidem
2763 4211 3024 4280 temporis
3074 4209 3291 4278 paulum
3341 4214 3520 4280 respi-

1929 4321 2054 4363 rare
2117 4315 2340 4376 queant,
2407 4314 2462 4360 et
2504 4306 2708 4358 interea
2787 4302 2989 4372 aliquid
3051 4301 3176 4356 boni
3251 4299 3365 4358 fiat.
3455 4299 3522 4355 Et

1927 4416 2143 4470 aequum
2201 4407 2320 4454 erat
2391 4398 2584 4452 saltem
2663 4412 2729 4450 ex
2784 4406 2936 4464 parte
2985 4404 3040 4450 et
3111 4396 3373 4451 mediocri
3433 4410 3526 4450 soa

1929 4491 2058 4547 latio
2121 4489 2362 4560 perfrui,
2405 4492 2496 4560 qui
2557 4499 2636 4542 tot
2706 4489 3064 4541 iucouunodis
3123 4503 3246 4542 sese
3327 4503 3526 4542 conse-

201 4590 445 4662 μετρίαν
493 4588 753 4643 δύνασθαι
809 4589 1142 4660 παραψυχὴν
1177 4587 1321 4659 ἔχειν
1352 4591 1479 4652 τοὺς
1517 4593 1582 4661 τῇ
1627 4591 1820 4660 συχνό-

1929 4583 2239 4650 quentibus'
2267 4581 2669 4636 intolerandum
2724 4581 2775 4634 in
2803 4580 3018 4633 modum
3054 4579 3232 4634 affecti
3275 4579 3524 4636 fuissent.

197 4700 331 4753 τητι
383 4680 574 4734 λοιπὸν
631 4681 742 4733 τῶν
785 4679 975 4735 κακῶν
1021 4681 1317 4752 ἀφορήτως
1363 4681 1818 4751 ἐντετηγμένους.

210 4772 444 4844 Ἐπειδὴ
490 4773 549 4826 δέ
597 4773 1016 4845 πεπαινομένων
1042 4772 1150 4827 τῶν
1178 4772 1406 4845 καρπῶν
1440 4773 1562 4844 ἤδη,
1597 4774 1692 4826 καὶ
1731 4775 1824 4828 τὸν

197 4865 445 4936 ἀμῶντα
489 4862 680 4917 λοιπὸν
725 4865 1042 4919 καλούντων
1085 4865 1172 4935 ἐφ’
1218 4865 1433 4928 ἑαυτοῖς
1481 4863 1589 4917 τῶν
1628 4863 1824 4933 ληΐων,

201 4957 438 5031 βότρυός
471 4974 530 5011 τε
562 4958 1102 5030 καταπερκάζοντος,
1141 4958 1236 5012 καὶ
1280 4957 1608 5030 γλιχομένου
1641 4957 1824 5010 ἐκθλί-

199 5051 428 5114 6εσθαι,
462 5051 656 5120 γέγονέ
687 5069 792 5106 που
819 5052 962 5122 τάχα
982 5051 1083 5124 τῆς
1106 5051 1380 5124 ἀκρίδοςή
1416 5051 1644 5124 ἐμϐολὴ,
1672 5049 1822 5122 Βρώ-

204 5163 384 5217 ματα,
419 5145 614 5217 φησιν,
642 5145 1020 5218 ἐξωλοθρεύθη
1064 5143 1126 5211 ἐξ
1147 5144 1439 5217 ὀφθαλμῶν
1469 5145 1672 5207 αὐτῶν,
1714 5139 1827 5199 οἷον

198 5239 591 5310 ἡρπασμένων
635 5239 748 5292 τῶν
783 5241 842 5294 ἐν
886 5239 1010 5311 ὄψει
1039 5239 1448 5310 γεγενημένων,
1489 5239 1828 5310 παρακειμέ-

198 5351 312 5387 νων
345 5331 542 5403 ὥσπερ
572 5333 778 5397 αὐτοῖς,
825 5332 924 5386 καὶ
952 5331 1050 5405 τὴν
1091 5331 1394 5386 ἀπόλαυσιν
1421 5333 1656 5402 ἐχόντων
1692 5334 1828 5386 ἐτοι-

203 5425 482 5497 μοτάτην.
525 5424 855 5497 Ἑξῃρθῆναι
899 5426 959 5480 δέ
1003 5425 1167 5480 πάλιν
1195 5423 1605 5479 διαὸεδαιοῦται
1638 5425 1734 5478 καὶ
1763 5426 1824 5492 ἐξ

197 5515 362 5570 οἴκου
388 5515 600 5586 Κυρίου
626 5516 728 5588 τὴν
753 5517 1098 5590 εὐφροσύνην
1124 5519 1218 5572 καλ⁸
1238 5519 1339 5589 τὴν
1378 5516 1572 5590 χαράν.
1609 5517 1811 5572 Ἐθυον

199 5608 343 5679 γὰρ,
365 5608 491 5672 ταῖς
524 5607 583 5675 ἐξ
623 5608 812 5681 ἀγρῶν
849 5609 1179 5682 εὐκαρπίαις
1221 5609 1678 5682 ἐπαγαλλόμενοι,
1720 5609 1814 5663 καὶ

1929 4676 1994 4728 Ει
2025 4676 2147 4743 quia
2186 4675 2434 4744 frugibus
2484 4673 2644 4743 211
2674 4673 2924 4738 maturis,
2959 4683 3014 4726 et
3044 4673 3318 4741 segetibus
3387 4686 3525 4726 mes-

1922 4783 2104 4822 sorem
2147 4765 2261 4836 jam
2313 4767 2658 4832 vocantibus,
2715 4774 2771 4819 et.
2828 4779 2934 4818 uva
2982 4774 3133 4819 cocta
3205 4763 3520 4832 calcarique

1922 4859 2290 4923 desiderante,
2325 4857 2534 4912 locusta
2566 4857 2820 4912 celeriter
2861 4856 3003 4911 forte
3043 4855 3262 4926 irrupit,
3295 4855 3527 4909 alimen-

1925 4962 1975 5005 ta
2004 4951 2072 5007 ab
2110 4951 2286 5006 oculis
2315 4965 2503 5005 eorum
2545 4949 2726 5005 ablata
2775 4964 2896 5005 esse
2937 4948 3278 5020 pronuntiat,
3315 4946 3526 5002 velutsi

1925 5046 2150 5117 abrepta
2202 5044 2454 5111 fuissent,
2487 5059 2608 5114 qua:
2644 5043 2698 5098 in
2737 5051 3033 5114 conspectu
3077 5051 3134 5097 et
3183 5049 3311 5096 ante
3343 5039 3531 5095 oculos

1928 5139 2032 5197 sibi
2075 5139 2274 5210 posita,
2301 5147 2358 5196 et
2412 5141 2480 5195 ad
2524 5138 2812 5194 fruendum
2886 5137 3124 5192 maxime
3171 5135 3226 5190 in
3275 5142 3529 5206 promptu

1926 5236 2266 5292 habuissent.
2329 5237 2518 5293 Denuo
2569 5233 2804 5290 affirmat
2847 5234 2914 5290 de
2964 5235 3127 5289 domo
3172 5231 3384 5288 Domini
3426 5231 3528 5286 lae-

1925 5329 2100 5384 titiam
2162 5339 2217 5385 et
2283 5328 2544 5400 gaudium
2615 5328 2864 5400 periisse.
2927 5321 3528 5382 Sacriﬁcabant.enim

1923 5439 2046 5480 cum
2064 5422 2424 5479 exsultatione
2461 5422 2532 5478 de
2548 5420 2703 5477 uberi
2745 5420 2960 5490 frugum
2992 5424 3277 5487 proventu,
3331 5411 3520 5468 trade-

1922 5517 2160 5585 bantque
2174 5530 2233 5571 se
2252 5511 3176 5583 hilaritatilomnimodis,gratiarum
3196 5521 3418 5564 munera
3441 5507 3532 5561 de-
3562 5521 3568 5530 '

1922 5609 2337 5680 dieatttes,quod
2364 5617 2521 5665 terra:
2550 5607 2705 5665 bonis
2735 5605 2943 5661 affatim
2973 5601 3287 5660 circumfusi
3321 5608 3528 5658 essent.

281 5809 331 5842 τ’
365 5808 534 5884 Zagb.
571 5827 664 5884 vn,
693 5811 754 5884 ἕ.
833 5811 879 5842 ⁷-³
915 5811 1053 5865 Ρειιι.
1097 5831 1244 5884 xxiv,
1279 5814 1362 5871 18.
1439 5814 1484 5846 ⁷⁸⁵
1517 5811 1659 5868 Psal.
1718 5826 1819 5868 va

1945 5811 2037 5868 52.
2116 5812 2161 5845 ⁷⁵
2195 5811 2461 5877 Psal.cn,
2504 5809 2558 5869 8.
2636 5808 2682 5841 ⁷⁸
2714 5806 2885 5864 Exod.
2957 5821 3143 5872 xxxiv,
3184 5805 3238 5860 7.
3312 5801 3525 5860 "Psal.

209 5893 402 5950 Lutv,
439 5881 491 5937 5.
602 5883 648 5916 ⁷⁸
677 5882 814 5939 Osee
852 5898 921 5950 γι,
962 5884 1020 5937 6.
