3982 6452
490 358 589 414 351

1502 363 1561 420 8.
1600 361 1877 421 CYRILLI
1915 360 2387 423 ALEXANDRINI
2427 367 2749 428 ARCHIEP.

3661 382 3771 442 353

488 476 617 540 τοὺς
637 474 739 546 τῆς
759 474 1101 551 εὐφροσύνης
1122 480 1359 552 τρόπους
1383 482 1709 556 ἐπετήδευον
1729 483 2077 549 ἀνατιθέντες
2112 484 2182 539 τά
2214 489 2570 561 χαριστήρια,
2612 491 2703 547 διά
2727 509 2811 546 τοι
2848 491 2911 548 τὸ
2948 495 3292 567 περιχεῖσθαι
3332 496 3606 563 πλουσίως
3652 503 3774 566 τοῖς

488 567 555 623 ἐκ
583 571 688 641 γῆς
717 571 963 640 ἀγαθοῖς.

560 666 824 724 Similiter
863 672 1046 727 evenit
1116 674 1182 729 iis
1222 673 1313 744 qui
1348 675 1399 730 in
1429 674 1707 732 Christum
1761 674 2068 746 petulantis-

2248 673 2574 745 Εῢρήσομεν
2592 676 2651 730 δὲ
2683 677 2926 733 τοιοῦτόν
2950 696 3003 733 τι
3042 680 3381 746 πεπονθότας
3426 685 3525 738 καὶ
3569 686 3775 752 αὐτοὺς

488 763 610 819 simi
661 767 1006 823 exstiterunt.
1047 768 1173 824 Fuit
1211 770 1355 826 enim
1397 771 1533 843 ipsis
1564 782 1692 828 ante
1735 772 1923 828 oculos
1963 771 2075 841 jam

492 873 514 906 ι
539 858 692 925 panis
730 859 882 916 vivus
936 862 1024 929 qui
1059 863 1124 917 de
1154 862 1297 918 coelo
1338 863 1640 933 descendit,
1674 875 1731 922 et
1778 868 1872 921 dat
1909 866 2076 921 vitam

492 953 695 1005 mundo
732 952 805 1006 ἠε
842 973 862 1006 ι
891 970 1119 1024 granum
1151 956 1341 1021 tritici,
1363 958 1503 1027 quod
1539 941 1749 1028 lapsum
1780 960 1835 1016 in
1873 967 2076 1017 terram

494 1043 842 1113 multiplicem
892 1046 1126 1101 fructum
1164 1049 1388 1118 protulit
1411 1050 1480 1118 “;
1505 1053 1688 1107 vinum
1727 1054 1870 1123 quod
1896 1062 2079 1110 mente

490 1138 750 1204 cernitur,
792 1148 846 1193 et
897 1154 992 1194 cor
1036 1140 1272 1197 hominis
1334 1142 1608 1198 laetilicare
1662 1145 1948 1200 consuevit
1969 1143 2072 1201 '°‘.

489 1230 595 1285 Sed
630 1232 755 1300 quia
819 1246 923 1285 non
981 1234 1306 1289 destiterunt
1343 1234 1399 1289 in
1438 1234 1913 1292 incredulitatibus
1961 1237 2076 1292 suis

486 1321 865 1374 contumeliam
904 1323 1101 1388 facere,
1137 1322 1204 1378 ab
1244 1337 1431 1379 eorum
1472 1334 1788 1396 conspectu,
1831 1334 1886 1380 et
1945 1335 2068 1382 tan-

483 1429 644 1483 quam
670 1430 701 1471 e
727 1417 903 1471 medio
945 1417 1122 1472 ablata
1151 1430 1276 1474 sunt
1310 1420 1491 1475 omnia
1526 1420 1786 1476 alimenta
1814 1422 2073 1491 spiritua-

482 1508 574 1572 lia,
637 1517 693 1562 et
733 1509 995 1564 abscessit
1035 1510 1103 1564 ab
1136 1512 1215 1567 eis
1248 1513 1426 1567 omnis
1459 1514 1588 1568 boni
1629 1514 2070 1578 communicatio,

478 1599 750 1670 periitque
798 1616 830 1656 a
872 1601 1036 1656 domo
1067 1616 1257 1658 eorum
1306 1604 1491 1659 latitia
1532 1615 1588 1661 et
1630 1607 1906 1677 gaudium.
1954 1606 2074 1662 Dati

481 1702 611 1748 sunt
648 1694 794 1749 enim
858 1694 914 1749 in
960 1694 1372 1762 desolationem,
1403 1706 1459 1751 et
1503 1697 1555 1752 in
1613 1713 1853 1753 aerumna
1909 1696 2076 1753 relin-

481 1795 744 1853 quuntur,
780 1799 882 1839 nec
925 1798 1108 1855 regem
1149 1785 1437 1854 habentes,
1474 1802 1574 1842 nec
1626 1788 1946 1857 principem,
1975 1799 2076 1841 nec

483 1875 839 1940 sacriﬁcium,
877 1890 980 1932 nec
1019 1876 1211 1941 altare,
1239 1892 1339 1933 nec
1385 1879 1743 1945 sacerdotem,
1774 1892 1872 1934 nec
1893 1879 2073 1932 manl-

482 1970 620 2026 lesta
654 1971 725 2027 ⁸¹.
776 1970 896 2025 Alio
933 1971 1059 2025 item
1085 1973 1244 2027 modo
1263 1973 1333 2029 ab
1376 1971 1547 2028 oculis
1588 1986 1778 2028 eorum
1813 1971 2068 2027 alimenta

2178 764 2242 835 δή
2278 766 2516 836 μάλιστα
2560 768 2692 834 τοὺς
2742 771 2824 835 είς
2858 771 3095 843 Χριστὸν
3143 777 3638 847 πεπαρῳνηκότας.
3668 780 3775 833 Γέ-

2178 871 2306 924 γονε
2328 857 2430 927 μὲν
2457 858 2569 930 γὰρ
2595 860 2782 924 αὐτοῖς
2813 862 2873 914 ὲν
2890 860 3195 932 ὀφθαλμοῖς
3218 863 3320 936 ήδη
3345 882 3465 931 πως
3500 885 3520 919 ι
3547 868 3575 920 6
3605 869 3781 940 ἀρτοςι

2177 947 2280 1014 τῆς
2318 948 2484 1018 ζωῆς,
2524 952 2554 1003 ό
2586 950 2645 1017 ἐξ
2680 951 2916 1023 οὐρανοῦ
2961 953 3208 1018 καταϐὰς
3230 995 3247 1021 ,
3279 955 3375 1011 καὶ
3418 956 3562 1029 ζωὴν
3591 960 3779 1025 διδοὺς

2178 1038 2258 1110 τῷ
2286 1040 2478 1112 κόσμῳ
2505 1080 2522 1107 ,
2569 1061 2589 1094 ι
2634 1045 2664 1097 6
2704 1044 2907 1108 κόκκος
2937 1044 3033 1097 τοῦ
3062 1046 3233 1111 σίτου,
3266 1047 3296 1100 6
3318 1047 3501 1102 πεσὼν
3529 1051 3612 1113 είς
3641 1050 3781 1121 γῆν,

2179 1132 2275 1186 καὶ
2312 1133 2602 1199 πολλοστὸς
2627 1137 2859 1206 ἀναφὺς,
2899 1137 2929 1189 6
2953 1137 3142 1208 νοητὸς
3171 1133 3333 1203 οἶνος,
3362 1140 3393 1193 6
3421 1141 3647 1213 καρδίας
3674 1144 3778 1197 ἀν-

2179 1223 2418 1296 θρώπων
2451 1229 2871 1299 κατευφραίνειν
2893 1228 3071 1293 είδώς.
3124 1230 3343 1304 Ἐπειδὴ
3384 1232 3442 1286 δὲ
3481 1234 3542 1286 οὗ
3587 1234 3775 1287 διαλε-

2178 1319 2396 1376 λοίπασι
2432 1323 2555 1384 ταῖς
2602 1321 2910 1385 ἀπειθείαις
2963 1324 3299 1396 ὑϐρίζοντες,
3332 1328 3560 1396 γέγονεν
3585 1329 3776 1394 αὐτοῖς

2178 1416 2236 1483 ἐξ
2264 1414 2576 1488 ὀφθαλμῶν,
2614 1417 2709 1471 καὶ
2733 1411 2846 1473 οἷον
2882 1420 2947 1473 ἐκ
2993 1421 3159 1490 μέσου
3212 1419 3479 1493 βρώματα
3518 1439 3773 1494 πνευμα-

2176 1507 2325 1563 τικά.
2369 1507 2807 1579 Ἀποπεφοίτηκε
2838 1509 2947 1581 γὰρ
2996 1510 3179 1566 αὐτῶν
3222 1513 3256 1582 ὴ
3307 1512 3509 1577 παντὸς
3559 1512 3773 1582 ἀγαθοῦ

2180 1598 2416 1671 μέθεξις.
2458 1600 2715 1672 Ἐξῇρται
2743 1601 2800 1655 δὲ
2853 1604 2949 1657 καὶ
2984 1602 3045 1669 ἐξ
3097 1601 3252 1658 οἴκου
3290 1604 3386 1657 τοῦ
3418 1608 3551 1676 παρ’
3583 1605 3777 1670 αὐτοῖς

2176 1693 2504 1766 εὐφροσύνη,
2550 1695 2643 1749 καὶ
2684 1697 2849 1769 χαρά.
2891 1696 3143 1751 Δέδονται
3190 1696 3301 1769 γὰρ
3336 1697 3417 1760 είς
3461 1698 3772 1770 ἐρήμωσιν,

2175 1786 2271 1840 καὶ
2298 1786 2635 1842 διατελοῦσιν
2674 1790 2723 1842 oi
2746 1788 2977 1853 τάλανες
3021 1790 3124 1845 οὐκ
3153 1789 3309 1855 ὄντος
3336 1791 3606 1863 βασιλέως
3648 1792 3776 1847 οὐδὲ

2175 1880 2458 1951 ἄρχοντος,
2482 1881 2583 1934 οὐκ
2601 1880 2771 1953 οῦσης
2795 1879 3008 1947 θυσίας,
3033 1882 3155 1937 οὐδὲ
3176 1882 3331 1945 ὄντος
3357 1881 3775 1955 θυσιαστηρίου,

2176 1967 2300 2022 οὔτε
2337 1968 2548 2041 ίερέως,
2576 1969 2701 2023 οὔτε
2729 1970 2926 2042 δήλων.
2956 1971 3066 2029 Καὶ
3101 1970 3224 2026 καθ’
3253 1969 3440 2043 ἕτερον
3470 1971 3529 2025 δὲ
3565 1972 3774 2045 τρόπον

480 2071 538 2117 et
570 2063 834 2129 laetitiam,
869 2071 926 2117 et
976 2064 1231 2133 gaudium
1282 2063 1460 2121 ablata
1501 2078 1623 2120 esse
1670 2064 1926 2121 dicimus.
1982 2064 2068 2119 Ait

2176 2035 2474 2134 ἐξῃρῆσθαι
2504 2078 2687 2133 φαμεν
2703 2035 3086 2133 ὲξδφθαλμῶν
3115 2062 3298 2117 αὐτῶν
3325 2035 3398 2118 τά
3413 2079 3473 2117 τε
3500 2035 3776 2136 βρῶματα

478 2153 625 2216 enim
675 2153 1007 2210 Dominusu
1055 2151 1171 2210 Non
1217 2155 1270 2210 in
1315 2157 1432 2211 solo
1496 2171 1640 2225 pane
1682 2157 1830 2212 vivet
1871 2156 2069 2220 homo,

478 2246 573 2300 sed
612 2246 665 2300 in
703 2245 851 2302 omni
887 2247 1072 2312 verbo,
1103 2248 1247 2319 quod
1300 2248 1547 2318 procedit
1587 2248 1655 2304 de
1702 2262 1799 2303 ore
1849 2248 1939 2303 Dei
1965 2248 2065 2301 δ’.)

479 2326 676 2392 Μὲιιιὶε
719 2346 900 2394 autem
937 2337 1089 2393 cibus
1131 2339 1351 2393 verbum
1395 2348 1501 2396 est.
1535 2339 1710 2395 Nemo
1738 2339 2074 2395 dubitaverit

478 2429 748 2487 aliirmare
763 2434 864 2489 hoc
879 2434 1373 2507 verbum,inquam,
1396 2452 1424 2490 a
1446 2432 1646 2492 Judaeis
1662 2437 1898 2493 ablatum
1924 2452 2066 2504 esse,

478 2522 545 2575 ad
580 2521 818 2591 inopiam
863 2527 1008 2581 enim
1046 2527 1340 2597 spiritualis
1373 2528 1641 2585 alimoniae
1671 2531 1872 2586 redacti
1906 2539 2067 2598 sunt;

476 2627 577 2667 nec
620 2614 820 2684 scripta
864 2614 1063 2687 Moysis
1097 2616 1516 2685 intellexerunt,
1572 2639 1591 2672 ‹
1619 2620 1713 2676 sed
1757 2635 1928 2692 usque
1971 2623 2070 2677 ho-

475 2703 566 2759 die
615 2706 854 2775 positum
905 2717 987 2765 est
1039 2711 1288 2766 velamen
1353 2727 1518 2782 super
1572 2728 1669 2768 cor
1719 2729 1907 2770 eorum
1936 2714 2004 2779 8’;
2044 2734 2063 2767 ι

475 2797 708 2851 oderunt
746 2799 1013 2869 siquidem
1055 2801 1256 2857 Christi
1291 2804 1534 2859 oracula.
1569 2803 1739 2859 Periit
1772 2806 1902 2875 ipsis
1950 2821 2067 2859 om-

476 2885 560 2939 nis
591 2901 715 2941 esca
756 2889 1079 2958 spiritualis;
1106 2907 1211 2947 non
1242 2893 1384 2962 quod
1421 2893 1532 2963 ipsa
1557 2895 1851 2963 perniciem
1911 2911 2068 2965 passa

475 2978 568 3044 sit,
592 2979 685 3036 sed
731 2981 856 3050 quia
892 2983 1069 3052 passis
1101 3000 1204 3039 non
1241 2986 1562 3055 apponitur;
1616 2998 1670 3042 et
1705 2999 1967 3057 quantum
2014 2990 2065 3042 in

476 3071 611 3141 ipsis
644 3071 764 3152 fuit,
816 3073 956 3128 nulla
1000 3085 1086 3131 est
1139 3076 1369 3145 amplius
1412 3081 1655 3134 omnino.
1708 3079 1906 3135 Verum
1967 3080 2067 3135 Do-

477 3163 657 3218 minus
714 3165 767 3219 in
819 3180 882 3222 se
941 3168 1289 3226 credentibus
1344 3170 1568 3228 delicias
1639 3173 1968 3242 impertitur,
2014 3184 2070 3228 et

477 3254 644 3308 vitam
700 3255 897 3311 lautam
946 3273 1011 3313 ac
1073 3259 1357 3315 delicatam
1414 3263 1465 3317 in
1520 3264 1678 3318 bonis
1733 3263 2064 3318 ctelestihus.

478 3344 751 3415 Scriptum
796 3359 883 3405 est
914 3352 1056 3405 cnim
1093 3368 1107 3405 :
1144 3371 1163 3403 ι
1200 3353 1316 3408 Non
1359 3356 1571 3411 occidet
1608 3354 1867 3410 Dominus
1924 3356 2067 3414 fame
2093 3374 2136 3433 ο

477 3436 714 3491 animam
775 3438 949 3509 justi;
1009 3442 1174 3497 vitam
1235 3454 1414 3500 autem
1481 3445 1768 3515 impiorum
1828 3450 2064 3504 subver-

480 3535 558 3581 tet
584 3526 651 3582 “.
693 3546 713 3580 ι

548 3617 712 3674 Vens.
734 3621 915 3689 17,18.
941 3622 1283 3680 Saltaverunt
1309 3627 1485 3681 vitula:
1510 3627 1559 3683 in
1585 3631 1904 3698 prcesepibus
1926 3633 2061 3695 suis,

475 3712 716 3781 dissipati
742 3726 860 3767 sunt
891 3714 1144 3782 thesauri,
1187 3719 1416 3787 suffossa
1458 3732 1581 3774 sunt
1631 3720 1793 3792 212
1832 3724 2065 3777 torcula-

475 3803 579 3864 ria,
611 3803 734 3872 quia
772 3804 1063 3873 arefactum
1100 3817 1173 3860 est
1230 3808 1484 3864 triticum.
1548 3809 1688 3875 Quid
1756 3830 2063 3883 reponemus

475 3891 669 3946 nobis?
698 3892 952 3963 ﬂeverunt
982 3907 1217 3952 armenta
1249 3899 1425 3965 boum,
1458 3902 1583 3971 quia
1626 3918 1728 3958 non
1793 3915 1940 3959 erant
1968 3922 2065 3975 pa-

473 3994 605 4037 scua
637 3984 736 4052 eis,
756 3993 806 4040 et
847 4001 1028 4057 greges
1049 3989 1221 4045 avium
1259 3991 1632 4062 disperierunt.

543 4160 682 4220 XIII.
713 4161 888 4220 Etiam
937 4167 1112 4224 brutis
1156 4169 1525 4227 animantibus
1573 4172 1835 4227 divinitus
1891 4173 2064 4244 inspi-

470 4266 593 4311 rata
645 4255 924 4328 Scriptura
966 4274 1354 4329 nonnunquam
1404 4263 1668 4317 rationem
1707 4262 1931 4335 afﬁngit,
1974 4282 2065 4319 na-

473 4357 649 4402 turam
682 4364 863 4405 rerum
894 4349 1077 4419 lepore
1126 4352 1360 4420 quodam
1403 4361 1459 4407 et
1516 4354 1812 4411 fesdvitate
1868 4358 2062 4413 distin-

471 4451 666 4505 guens,
694 4447 750 4492 et
776 4438 933 4508 quasi
971 4438 1231 4493 moralem
1255 4455 1442 4496 eorum
1474 4446 1833 4501 oeconomiam
1856 4448 2063 4506 descri-

2173 2153 2271 2206 καὶ
2286 2151 2386 2224 τὴν
2404 2152 2766 2224 εὐφροσύνην,
2802 2154 2896 2206 καὶ
2928 2152 3029 2226 τὴν
3066 2154 3262 2226 χαράν.
3305 2154 3451 2226 Ἔφη
3481 2156 3581 2226 μὲν
3607 2156 3717 2228 γὰρ
3739 2158 3774 2212 6

2173 2244 2379 2315 Κύριος
2402 2258 2418 2273 ο
2459 2264 2478 2297 ι
2509 2245 2625 2298 Οὐκ
2674 2243 2763 2297 ἐπ’
2795 2243 2948 2315 ἄρτῳ
3007 2244 3154 2315 μόνῳ
3187 2242 3412 2316 ζήσεται
3455 2245 3779 2317 ἄνθρωπος,

2174 2335 2291 2391 ἀλλ’
2335 2337 2393 2390 ὲν
2442 2336 2607 2391 παντὶ
2645 2337 2853 2408 ῥήματι
2895 2337 3317 2409 ἐκπορευομένῳ
3362 2336 3451 2393 διὰ
3500 2339 3773 2411 στόματος

2174 2429 2330 2484 Θεοῦ.
2346 2449 2364 2481 ι
2390 2428 2502 2483 Νοῦ
2523 2428 2581 2483 δὲ
2611 2429 2809 2500 τροφὴ,
2843 2427 3021 2497 λόγος.
3046 2430 3161 2483 Οὐκ
3180 2429 3247 2484 ἂν
3272 2429 3319 2484 δ’
3353 2429 3650 2484 ὲνδοιάσειέ
3683 2447 3781 2495 τις

2172 2522 2333 2576 τοῦτο
2358 2521 2461 2592 τῆς
2503 2520 2776 2579 Ἰουδαίων
2806 2521 3049 2592 πληθύος
3099 2520 3330 2593 ὲξῇρθαι
3368 2520 3572 2591 λέγειν.
3596 2520 3768 2591 Γεγόσ

2173 2631 2297 2668 νασι
2317 2613 2426 2686 γὰρ
2443 2616 2500 2665 ὲν
2530 2612 2708 2684 ἐνδείᾳ
2733 2613 2945 2685 τροφῆς
2965 2612 3363 2683 πνευματικῆς,
3386 2612 3448 2665 οὐ
3474 2613 3767 2683 νενοήκασι

2171 2708 2240 2761 τὰ
2281 2708 2545 2769 Μωσέως,
2583 2723 2603 2757 t
2630 2705 2745 2760 ἀλλ’
2782 2706 2913 2777 ἄχρι
2947 2706 3192 2777 σήμερον
3225 2705 3497 2776 κάλυμμα
3539 2707 3634 2758 ἐπὶ
3666 2704 3770 2776 τὴν

2172 2800 2404 2870 καρδίαν
2461 2798 2643 2851 αὐτῶν
2691 2801 2903 2852 κεῖται·
2937 2817 2955 2851 ι
3001 2800 3346 2869 μεμισήκασι
3387 2799 3497 2869 γὰρ
3553 2795 3625 2852 τὰ
3668 2796 3767 2850 τοῦ

2173 2885 2413 2956 Χριστοῦ
2467 2885 2836 2956 θεσπίσματα.
2911 2886 3261 2958 Ὧλόθρευται
3316 2887 3503 2952 αὐτοῖς
3551 2889 3703 2941 πᾶσα
3732 2888 3771 2959 ἠ

2174 2978 2518 3050 πνευματικὴ
2562 2979 2761 3050 τροφὴ,
2790 2979 2891 3032 οὐκ
2924 2979 3061 3049 αὑτὴ
3092 2977 3341 3033 παθοῦσα
3380 2976 3472 3043 τὸν
3517 2977 3767 3048 ὄλεθρον,

2173 3069 2310 3123 ἀλλά
2332 3072 2444 3133 τοῖς
2467 3070 2792 3124 πεπονθόσιν
2817 3071 2918 3125 οὐκ
2945 3070 3025 3124 ἔτι
3067 3072 3478 3143 παρακειμένη,
3518 3073 3614 3126 καὶ
3640 3073 3770 3125 ὅσον

2170 3158 2307 3233 ἧκεν
2331 3161 2409 3226 εἰς
2431 3162 2694 3227 ἐκείνους,
2717 3162 2838 3216 οὐδὲ
2866 3163 3189 3234 ὑπάρχουσα
3219 3164 3520 3239 παντελῶς.
3575 3163 3718 3216 Ἀλλ’
3739 3166 3777 3223 ἃ

2170 3267 2236 3318 γε
2261 3249 2465 3320 Κύριος
2489 3252 2597 3314 τοῖς
2623 3254 2702 3314 είς
2723 3252 2885 3306 αὐτὸν
2911 3254 3227 3307 πιστεύουσι
3246 3255 3306 3308 τὸ
3330 3254 3529 3326 χρῆναι
3551 3258 3769 3326 τρυιρᾷν

2169 3342 2413 3414 διανέμει
2437 3385 2452 3411 ,
2508 3345 2603 3397 καὶ
2652 3345 2996 3416 ένσπαταλᾷν
3051 3345 3278 3414 ἀγαθοῖς
3351 3349 3464 3408 τοῖς
3534 3345 3767 3401 ἄνωθεν.

2168 3435 2483 3508 Γέγραπται
2515 3435 2646 3507 γὰρ,
2671 3438 2753 3490 ὅτι
2778 3455 2797 3488 ι
2832 3438 2909 3491 Οὐ
2943 3436 3326 3511 λιμοκτονήσει
3354 3438 3557 3510 Κύριος
3584 3438 3779 3509 ψυχὴν.

2166 3525 2401 3592 δικαίου,
2435 3525 2580 3599 ζωὴν
2609 3528 2668 3581 δὲ
2699 3527 2914 3582 ἀσεϐῶν
2948 3528 3261 3601 ἀνατρέψει.
3302 3548 3321 3582 ι

2251 3620 2654 3689 Ἐσκίρτησαν
2670 3620 2962 3690 δαμάλεις
2985 3621 3084 3674 ἐπὶ
3105 3620 3237 3687 ταῖς
3258 3621 3516 3690 φάτναις
3537 3620 3763 3687 αὐτῶν,

2166 3712 2603 3780 ἠφανίσθησαν
2657 3712 2947 3780 θησαυροὶ
2972 3751 2987 3777 ,
3030 3712 3511 3783 κατεσκάφησαν
3556 3714 3765 3781 ληνοὶ,

2167 3800 2285 3859 ὄπ’
2316 3805 2616 3874 ἐξηράνθη
2676 3806 2865 3873 σῖτος.
2927 3807 2989 3860 Tt
3035 3806 3429 3877 ἀποθήσομεν
3489 3806 3731 3893 ἑαυτοῖς
3744 3823 3771 3872 ί

2165 3897 2482 3952 ἕκιαυσαν
2499 3898 2802 3964 ,βουκόλια
2822 3897 3014 3967 βοῶν,
3062 3900 3149 3954 ὅτι
3183 3902 3296 3970 οὐχ
3334 3898 3572 3969 ὑπῆρχε
3598 3900 3762 3969 νομὴ

2165 3990 2391 4060 αὐτοῖς,
2419 3993 2517 4047 καὶ
2551 3992 2624 4046 τὰ
2649 3992 2900 4062 ποίμνια
2926 3991 3047 4047 τῶν
3075 3993 3386 4062 προϐάτων
3411 3992 3762 4063 ἠφανίσθη-

2167 4101 2308 4139 σαν.

2236 4178 2335 4232 ll".
2369 4178 2479 4231 Καὶ
2507 4179 2620 4241 τοῖς
2642 4176 2869 4246 ἀλόγοις
2881 4176 2990 4231 τῶν
3016 4177 3172 4242 ζώων
3209 4176 3320 4231 ἔσθ’
3357 4177 3446 4230 ὅτε
3471 4175 3629 4245 λόγον
3662 4193 3762 4231 πε-

2168 4270 2437 4342 ριτίθησιν
2466 4272 2499 4343 ὴ
2542 4269 2905 4335 θεόπνευστος
2948 4270 3145 4343 Γραφὴ
3168 4310 3183 4335 ,
3213 4270 3312 4334 τάς
3363 4269 3472 4323 τῶν
3501 4268 3760 4342 πράξεων

2164 4369 2357 4437 φύσεις
2380 4369 2461 4431 είς
2484 4368 2546 4421 τὸ
2589 4366 2784 4439 εὖχαρί
2822 4385 2882 4421 τε
2928 4367 3024 4421 καὶ
3058 4367 3291 4431 ἀστείως
3336 4366 3458 4437 ἔχον
3490 4365 3760 4435 ἐντέχνως

2162 4459 2629 4525 διαποικίλλουσα,
2654 4461 2748 4514 καὶ
2772 4454 2884 4513 οἷον
2905 4460 2963 4513 ὲν
2989 4457 3122 4512 εῖδει
3158 4458 3450 4530 γράφουσα
3486 4458 3584 4521 τὰς
3612 4458 3754 4510 οἰκος

472 4526 627 4595 hens,
677 4542 798 4598 quae
848 4542 947 4584 nos
1020 4527 1318 4600 intelligere
1382 4547 1478 4601 par
1518 4545 1624 4590 est.
1685 4538 1884 4595 Deinde
1932 4545 2062 4613 quid

2176 4554 2375 4623 νομίας,
2408 4548 2483 4608 ὧν
2507 4553 2573 4609 ἂν
2601 4553 2803 4626 πρέποι
2842 4555 3004 4606 νοεῖν.
3041 4526 3180 4604 Εἶτα
3200 4526 3521 4621 ’τίίθαῦμα,
3568 4547 3672 4603 κᾶν
3706 4549 3759 4603 εί

476 4616 692 4684 mirum,
722 4617 933 4673 etiamsi
977 4617 1145 4672 vitula
1195 4621 1406 4675 dicatur
1474 4623 1763 4695 aliquando
1824 4631 2055 4691 saltasse

2176 4616 2393 4717 Ξάμαλις
2422 4644 2633 4715 λέγοιτο
2645 4616 2978 4714 ’διασκιρτᾷν
2996 4640 3179 4712 τυχὸν,
3205 4616 3441 4695 κλαῦσαί
3469 4656 3530 4693 τε
3562 4639 3758 4710 βουκό-

469 4705 793 4777 ﬂevisseque
824 4717 1068 4763 armenta
1113 4710 1310 4768 boum?
1356 4714 1754 4775 lntolerandum
1809 4724 2057 4782 euim'in

2176 4705 2252 4791 ι.ιᾴ
2288 4705 2461 4808 βοῶν;
2495 4705 2855 4805 ,Ἇφορήτως-
2897 4705 3007 4806 γὰρ
3062 4705 3209 4806 αὐτὰ,
3239 4705 3629 4798 κατεπιέςοντο
3675 4730 3757 4802 τῷ

472 4794 693 4851 modum
721 4796 863 4852 fame
910 4801 1313 4869 premebantur.
1355 4805 1519 4864 Forte
1548 4811 1690 4866 enim
1725 4815 2059 4875 exsiliissent

2176 4794 2325 4901 Ιιιμιῖλ.
2362 4794 2515 4898 Τάγα
2550 4794 2789 4891 πωςκαὶ
2815 4794 3216 4898 ἀνεσκίρτησαν
3242 4824 3329 4889 ἂν,
3357 4824 3454 4878 καὶ
3488 4794 3759 4894 τεθρηνήλ

471 4899 526 4944 et
559 4889 856 4944 lamentata
885 4896 1066 4948 essent
1107 4894 1228 4965 ipsa
1261 4911 1412 4967 arva,
1449 4901 1495 4956 si
1524 4916 1688 4973 quam
1740 4907 2053 4982 intelligen-

2176 4889 2320 4976 ιασίν
2348 4889 2528 4990 ἀγροὶ,
2565 4889 2727 4991 εἴπερ
2753 4913 2822 4991 ἦν
2855 4889 3040 4982 αὐτοῖς
3069 4889 3325 4988 αἴσθησις
3355 4915 3466 4969 τῶν
3492 4917 3756 4984 ἐπενηνε-

473 4983 561 5037 ιίτο
621 4992 826 5051 partem
860 4984 1245 5045 habuissent.t
1282 4990 1534 5063 Dissipati
1588 5007 1714 5052 situt
1767 4998 2051 5071 thesauri,

2176 4983 2438 5083 {p.évwv."
2470 4983 2797 5081 Ἦφανίσθαι
2826 5008 2884 5063 δέ
2931 5026 3064 5080 φησι
3095 4983 3406 5079 θησαυροὺς
3427 5044 3443 5073 ,
3478 5007 3577 5060 καὶ
3609 4983 3751 5058 κατ-

470 5073 665 5143 inquit,
697 5084 753 5130 et
802 5075 1030 5133 suli‘ossa
1082 5083 1414 5153 toreularia;
1448 5104 1468 5138 ι
1531 5090 1748 5158 penitus
1809 5094 2052 5165 neglecta

2176 5073 2429 5171 έσκάιρθαι
2449 5073 2664 5171 ληνοὺς,
2704 5073 2962 5171 οὐδεμιᾶς
2990 5073 3095 5155 που
3117 5073 3263 5170 τάχα
3279 5073 3564 5171 ιρροντίδος
3581 5096 3750 5168 ἠξιω-

470 5166 720 5236 t‘orsitan,
748 5169 891 5239 quod
919 5170 1051 5224 nihil
1081 5186 1150 5228 ex
1198 5176 1345 5245 agris
1377 5178 1759 5251 colligeretur;
1791 5187 1884 5241 sed
1935 5186 2049 5243 falx

2176 5166 2366 5258 Lévou'g,
2403 5166 2604 5247 διά-τοι
2628 5192 2692 5247 τὸ
2718 5166 2884 5264 μηδέν
2916 5193 2977 5259 ἐξ
2994 5166 3752 5264 ἀγρῶν-συλλέγεσθαι,ωά

467 5260 640 5315 otiosa
671 5272 819 5317 esset
884 5261 954 5318 ad
1002 5263 1216 5321 botrum
1274 5268 1326 5323 in
1367 5270 1545 5339 vinea,
1597 5275 1744 5343 spica
1788 5280 1841 5334 in
1903 5268 2050 5351 agris

2176 5285 2424 5358 ῑρεπάνην
2453 5287 2549 5358 μὲν
2575 5260 2879 5359 ἀπρακτεῖν
2902 5286 3002 5357 τήν
3113 5284 3346 5356 ἀμπέλῳ
3393 5284 3489 5337 καὶ
3520 5281 3713 5354 βότρυῖ
3733 5320 3749 5348 ,

470 5360 655 5421 utpote
686 5360 979 5424 prostrata,
1009 5358 1268 5427 arnisset,
1303 5376 1401 5417 nec
1436 5366 1501 5417 ad
1533 5369 1898 5423 maturitatem
1931 5386 2054 5440 per-

2176 5378 2316 5450 ξηρδν
2346 5379 2401 5433 δὲ
2434 5380 2530 5433 καὶ
2585 5376 3019 5451 ἀτελεσφόρητον
3049 5379 3161 5441 τοῖς
3209 5377 3399 5449 ἀγροῖς
3447 5375 3750 5430 ὲπικλίνειν

466 5444 724 5500 venisset.
757 5447 880 5503 Ideo
901 5448 995 5516 ait,
1033 5468 1053 5501 ι
1088 5449 1226 5517 Quid
1263 5468 1589 5523 reponemus
1640 5462 1833 5517 nobis?
1858 5483 1877 5516 ι
1908 5463 2046 5531 Quia

2276 5474 2493 5542 στάχυν.
2521 5468 2707 5542 Ταύτῃ
2730 5444 2866 5540 φήσέ
2887 5444 3033 5524 "(Ti
3061 5444 3411 5540 ἀποθήσομεν
3441 5468 3652 5530 ἑαυτοῖς
3675 5482 3692 5532 ;
3722 5484 3742 5518 ι

468 5544 675 5605 autem,
704 5548 765 5594 ut
811 5541 965 5609 dicit,
991 5558 1112 5600 cum
1155 5546 1420 5605 lruetibus
1460 5552 1785 5623 mitioribus,
1819 5568 1874 5611 et
1920 5559 2050 5629 ipsa:

2176 5564 2275 5617 Οτι
2304 5541 2385 5629 δὲ,
2407 5563 2481 5627 ὡς
2509 5562 2666 5634 ἔφην,
2684 5541 2800 5626 τοῖς
2819 5561 2928 5617 τῶν
2953 5560 3189 5633 καρπῶν
3208 5560 3440 5632 ἡμέροις
3461 5559 3558 5613 καὶ
3577 5557 3746 5613 αὐταὶ

544 5714 587 5746 -⁹
616 5713 771 5771 Joan.
807 5732 877 5778 vt.
910 5719 999 5775 55.
1075 5721 1123 5755 ”
1149 5723 1306 5783 Joan.
1338 5744 1436 5796 xu,
1476 5730 1569 5798 24,
1601 5731 1692 5790 25.
1769 5735 1837 5768 ’θ’
1876 5736 2044 5793 Eccli.

467 5796 555 5852 ιιι,
580 5784 665 5841 15.
742 5787 788 5821 “
810 5788 971 5847 Prov.
1006 5807 1060 5863 ιι,
1102 5793 1155 5849 5.

2176 5781 2181 5799 μ
2217 5739 2307 5794 9.0.
2386 5741 2427 5773 ⁸⁸
2462 5741 2594 5797 Dan.
2622 5755 2704 5808 ιιι,
2744 5739 2832 5795 '58.
2912 5739 2957 5772 ⁸³
2991 5738 3182 5794 Matth.
3215 5754 3288 5805 ιγ,
3324 5738 3380 5793 4.
3458 5733 3575 5790 "ll
3605 5733 3741 5791 Cor.

566 6194 697 6347 is
