3982 6506
264 317 376 379 355

1144 324 1739 409 _COM'.\1ENTARIUS
1779 325 1847 381 ΙΝ
1885 323 2152 381 JOELEM
2197 325 2647 382 PROPllETAM.

3478 337 3584 394 35-5

261 435 692 490 συνδιολώλασιν
718 439 773 491 αἱ
794 437 895 508 τῆς
932 439 1142 511 ἐρήμου
1179 444 1326 508 πόαι,
1357 445 1684 516 καθίστησιν
1708 447 1870 516 ἐναρ-

1983 445 2291 501 solitudinis
2344 447 2527 501 berbae
2572 447 2873 514 perierunt,
2914 445 3136 516 subiicit
3179 448 3349 515 clare,
3399 454 3618 526 ovium,

257 528 381 596 γὲς,
432 527 735 598 ἠφανίσθαι
786 530 963 600 λέγων
1016 536 1113 586 καὶ
1159 535 1299 588 αὐτᾶ
1333 536 1445 588 τῶν
1485 537 1778 607 προϐάτων
1807 535 1877 591 τά

257 618 522 689 ποίμνια,
552 619 701 690 λιμῷ
747 622 970 688 πάντως
1013 627 1469 699 κατεφθαρμένα.
1502 628 1598 682 καὶ
1625 629 1725 700 τῆς
1752 646 1878 683 συν·

256 712 432 783 ήθους
451 715 547 767 καὶ
571 714 902 786 φιλαιτάτης
924 718 1109 782 αὐτοῖς
1127 720 1324 790 ὲστερη
1335 721 1472 790 μένα
1488 718 1653 791 ζωῆς.
1679 722 1878 790 Ἐφαρο

257 806 425 876 μόσει
456 805 515 858 δὲ
546 807 641 859 καὶ
669 807 848 862 ταῦτα
873 810 1053 879 σοφῶς
1080 814 1201 875 ταῖς
1245 812 1514 865 Ἰουδαίων
1539 818 1872 885 συμφοραῖς,

253 899 312 952 οἵ
340 900 822 969 πεπαρῳνήκασιν
845 902 927 964 εἰς
954 903 1213 974 Χριστόν.
1394 930 1424 956 .-

327 991 496 1060 Πρός
517 990 615 1055 σὲ,
644 993 844 1061 Κύριε,
861 993 1196 1064 βοήσομαι,
1219 995 1309 1049 ὅτι
1337 997 1458 1066 strip
1485 998 1774 1068 ἀνήλωσε
1804 1000 1877 1054 τὰ

255 1084 446 1153 ὡραῖα
466 1083 578 1154 τῆς
591 1085 839 1155 ἐρήμου,
869 1087 966 1140 καὶ
986 1087 1149 1156 φλόξ
1170 1087 1372 1159 ἀνῆψε
1399 1089 1597 1144 πάντα
1625 1091 1696 1144 τὰ
1717 1092 1876 1155 ξύλα

261 1177 365 1232 τοῦ
410 1178 627 1247 ἀγροῦ,
658 1179 760 1234 καὶ
811 1181 884 1234 τὰ
920 1181 1113 1249 κτήνη
1140 1182 1247 1236 τοῦ
1271 1183 1484 1237 πεδίου
1525 1184 1876 1254 ἀνέϐλεψαν

257 1269 420 1340 πρὸς
447 1270 546 1334 σὲ,
579 1270 672 1324 ὅτι
703 1270 1140 1342 ἐξηράνθησαν
1180 1274 1430 1344 ἀφέσεις
1487 1277 1744 1343 ὑδάτων,
1776 1277 1874 1332 καὶ

254 1363 381 1431 πῦρ
407 1362 712 1433 κατέφαγε
737 1365 809 1418 τὰ
835 1364 946 1433 τῆς
977 1365 1225 1436 ἐρήμου.

326 1457 436 1510 ΙΔ’.
469 1457 665 1528 Ὠραϊα
692 1458 792 1528 μὲν
818 1457 915 1528 τῆς
941 1460 1153 1531 ἐρήμου
1178 1461 1314 1533 φησὶ
1336 1461 1406 1515 τά
1426 1464 1483 1516 ἐν
1506 1463 1712 1528 πεδίοις
1732 1466 1873 1536 τάχα

252 1567 362 1605 που
396 1552 514 1614 τοῖς
545 1550 836 1620 ἀνηρότοις
857 1551 1181 1622 αὐτομάτως
1216 1554 1572 1626 ἀναφυόμενα
1597 1573 1612 1588 ·
1641 1555 1774 1622 ξύλα
1809 1576 1872 1628 γε

255 1641 366 1713 μὴν
394 1641 494 1695 τοῦ
518 1642 717 1714 ἀγροῦ,
749 1647 818 1696 τὰ
840 1645 898 1696 ὲν
931 1645 1129 1716 κήποις
1159 1645 1256 1701 καὶ
1286 1647 1636 1719 παραδείσοις
1675 1649 1871 1722 εὐγενῆ

253 1733 646 1805 βλαστήματα,
680 1737 776 1789 καὶ
801 1739 922 1800 ταῖς
950 1734 1010 1801 ἐξ
1035 1736 1194 1809 ὡρῶν
1216 1738 1550 1810 εὐκαρπίαις
1583 1742 1872 1813 περιανθε-

1982 553 2174 611 greges
2226 539 2524 605 interiisse,
2561 539 2706 594 fame
2752 549 2977 595 enectos
3016 542 3276 600 inliditus.
3321 559 3584 601 consueto

1981 640 2035 685 et
2077 631 2391 700 gratissimo
2446 631 2687 703 ipsorum
2728 634 2869 687 victu
2918 636 3182 702 privatos.
3248 637 3373 693 ll;ec
3419 657 3585 712 porro

1981 739 2088 778 non
2145 725 2338 780 inscite
2389 725 2457 779 ad
2506 725 2813 782 Judtcorum
2869 729 3210 786 calamitates
3261 733 3573 788 trahentur'

1981 817 2073 886 qui
2107 815 2382 873 Christum
2421 818 2630 889 injuriis
2663 834 3014 876 vexavernut.

2051 992 2216 1048 Vens.
2255 994 2343 1060 19,
2369 995 2457 1049 20.
2492 986 2575 1048 Att
2618 1005 2685 1062 te,
2727 997 2976 1066 Domine,
3016 1000 3279 1067 clamabo,
3331 1007 3582 1072 quoniam

1983 1088 2120 1157 ignis
2173 1090 2498 1158 consumpsit
2530 1092 2764 1154 speciosa
2793 1092 3004 1158 deserti,
3040 1104 3087 1147 et
3111 1097 3330 1162 ﬂamma
3369 1114 3584 1150 succen-

1978 1182 2055 1234 dit
2091 1183 2267 1236 omnia
2297 1182 2444 1253 ligna
2483 1186 2622 1254 agri,
2651 1194 2698 1238 et
2738 1188 2985 1264 jpmenta
3026 1190 3201 1256 campi
3234 1201 3581 1258 suspexerunt

1978 1276 2048 1328 ad
2077 1283 2147 1342 te,
2179 1278 2434 1346 quoniam
2481 1277 2733 1346 arefacta:
2776 1291 2897 1332 sunt
2937 1281 3242 1336 emissiones
3294 1301 3578 1354 aquarum,

1977 1379 2026 1422 et
2049 1371 2184 1438 ignis
2213 1371 2472 1425 devoravit
2505 1372 2742 1439 speciosa
2775 1374 2989 1427 deserti.

2048 1462 2188 1517 XIV.
2225 1463 2484 1532 Speciosa
2533 1463 2736 1519 deserti
2770 1465 3007 1530 appellat
3051 1465 3301 1528 fortasse,
3350 1483 3469 1537 quae
3525 1470 3575 1522 in

1978 1555 2188 1625 campis
2231 1571 2335 1610 non
2383 1556 2550 1610 aratis
2591 1567 2785 1626 sponte
2835 1571 3190 1614 enascuntur.
3223 1559 3391 1632 Ligna
3448 1577 3578 1615 vero

1977 1647 2117 1716 agri,
2156 1647 2439 1701 hortorum
2470 1659 2524 1702 et
2555 1649 2941 1704 viridariorum
2971 1652 3169 1707 nobilia
3210 1653 3454 1722 germina
3479 1696 3494 1718 ,
3522 1662 3578 1706 et

1981 1739 2300 1809 tempestiva
2368 1739 2641 1795 fructuum
2721 1746 2874 1812 copia
2915 1743 3310 1798 circumornari
3394 1745 3573 1800 solita.

251 1825 452 1889 ζεσθαι
474 1830 784 1897 πεφυκότα.
819 1828 1008 1883 Ταῦτα
1036 1828 1094 1882 δὲ
1123 1831 1181 1883 ὲν
1210 1829 1341 1883 εῖδει
1375 1833 1549 1903 πυρὸς
1581 1834 1870 1906 κατεδηδο-

1983 1828 2105 1884 llaec
2143 1829 2286 1883 velut
2323 1830 2501 1900 ignem
2543 1833 2836 1886 devorasse
2883 1833 3273 1901 propemodum
3310 1834 3576 1887 bruchum

252 1919 417 1972 κέναι
469 1921 638 1990 φησὶν
692 1923 980 1994 μονονουχὶ
1039 1922 1270 1995 βροῦχόν
1321 1942 1383 1978 τε
1441 1927 1535 1979 καὶ
1581 1929 1863 2000 ἐρυσίϐην.

252 2013 505 2066 Ποιεῖται
539 2013 598 2066 δὲ
630 2015 921 2085 χρησίμως
970 2016 1071 2087 τὴν
1106 2018 1244 2087 πρὸς
1277 2018 1411 2073 Θεὸν
1462 2019 1629 2092 εὐχὴν
1651 2022 1870 2076 ἐκτενέ-

254 2121 453 2170 στατα,
478 2103 772 2170 διδάσκων,
806 2105 882 2170 ὡς
912 2107 1116 2178 ἥκιστα
1143 2109 1243 2179 μὲν
1273 2111 1406 2182 παρ’
1446 2111 1634 2182 ἐτέρου
1683 2113 1868 2182 ζητεῖν

250 2197 442 2268 δεήσει
490 2199 594 2269 τῆς
629 2201 918 2270 συμφορᾶς
965 2200 1065 2273 τὴν
1113 2203 1440 2268 ἀπόστασιν,
1477 2206 1778 2276 προσάγειν
1811 2205 1870 2258 δὲ

253 2291 410 2362 μόνῳ
436 2291 519 2362 τῷ
549 2291 747 2354 σώζειν
777 2293 1016 2362 ἰσχύοντι
1038 2294 1140 2359 τὰς
1177 2295 1350 2363 λιτὰς,
1380 2297 1474 2351 καὶ
1505 2297 1581 2362 ὡς
1607 2299 1666 2364 ἐξ
1696 2298 1870 2369 ὀργῆς

251 2386 524 2453 ἐπάγοντι
543 2385 613 2438 τά
647 2387 985 2440 καταλυπεῖν
1019 2388 1270 2443 εἰωθότα.
1301 2391 1392 2461 Μὴ
1425 2391 1534 2461 γὰρ
1564 2391 1627 2462 δὴ
1667 2393 1868 2464 χρῆναι

251 2479 483 2545 φρονεῖν
512 2471 572 2528 εὖ
597 2476 745 2546 μάλα
766 2478 931 2547 φησὶν
959 2478 1280 2549 αὐτομάτως
1303 2480 1577 2552 συμϐῆναι
1600 2481 1670 2534 τὰ
1690 2483 1868 2536 τοιάδε

249 2566 368 2618 τῶν
403 2566 615 2632 κακῶν,
653 2567 1104 2638 ἐπενηνέχθαι-δὲ
1142 2569 1344 2639 μᾶλλον
1370 2571 1446 2634 ὡς
1480 2573 1543 2624 ἐκ
1574 2571 1734 2625 θείων
1769 2575 1869 2626 αὐ-

250 2661 373 2721 τοῖς
409 2660 762 2730 μηνιμάτων,
816 2661 914 2715 καὶ
962 2661 1122 2716 τοῦτο
1156 2663 1322 2728 αὐτὸς
1357 2666 1489 2737 ἡμῖν
1533 2667 1562 2718 ό
1595 2665 1704 2718 τῶν
1732 2665 1870 2720 ὅλων

252 2751 394 2813 Θεὸς
425 2751 518 2805 διὰ
548 2753 736 2824 φωνῆς
770 2752 960 2825 ἐτέρου
991 2755 1277 2826 προφήτου
1331 2756 1528 2825 φησίνο
1563 2775 1581 2809 ι
1618 2757 1681 2809 Ei
1715 2756 1868 2812 ἔσται

253 2844 433 2898 κακία
464 2846 525 2899 ὲν
554 2845 732 2909 πόλει,
765 2846 833 2917 ἣν
870 2847 1077 2920 Κύριος
1123 2848 1224 2902 οὐκ
1257 2849 1538 2918 ἐποίησεν.
1571 2867 1589 2900 ι
1632 2849 1708 2902 Οὐ
1760 2848 1872 2921 γὰρ

255 2935 330 2990 ἂν
356 2936 573 3004 γένοιτό
595 2954 649 2990 τι
681 2937 792 2990 τῶν
819 2923 1025 2993 κακοῦν
1049 2939 1321 2995 εἰωθότων
1358 2941 1566 3007 πόλεις,
1601 2941 1633 3011 ἢ
1663 2939 1868 3013 χώρας,

253 3028 288 3082 ὃ
315 3029 616 3099 πράττοιτο
653 3029 720 3082 ἂν
747 3030 822 3102 μὴ
845 3020 946 3084 οὐκ
977 3033 1222 3101 ἐφιέντος
1245 3033 1403 3087 Θεοῦ.
1431 3033 1600 3099 Σώζει
1639 3037 1749 3107 γὰρ
1778 3035 1872 3100 οὓς

1972 1932 2027 1978 et
2070 1923 2371 1994 rubiginem
2412 1933 2682 1979 autumat.
2734 1925 3114 1980 lntensissime
3171 1935 3353 1979 autem
3406 1925 3576 1980 Deum

1973 2025 2248 2086 precatur,
2303 2026 2356 2071 et
2425 2017 2652 2082 utiliter,
2688 2017 2873 2072 dicens
2939 2017 3161 2071 minime
3208 2019 3346 2086 apud
3411 2017 3576 2071 alium

1971 2109 2318 2176 qumrendam
2367 2110 2739 2178 depulsionem
2779 2111 3130 2176 calamitatis,
3162 2122 3218 2166 et
3243 2111 3342 2166 soli
3371 2110 3582 2180 suppli-

1973 2199 2201 2252 candum
2263 2198 2362 2265 illi,
2391 2201 2481 2268 qui
2518 2201 2749 2254 salutem
2808 2199 3002 2254 afferre
3039 2208 3236 2268 potest,
3283 2209 3337 2254 et
3398 2201 3576 2254 iratus

1973 2290 2256 2358 repellere,
2288 2306 2405 2359 quae
2434 2292 2633 2346 habere
2665 2291 2964 2346 molestiam
2994 2302 3413 2348 consueverunt.
3451 2292 3573 2347 Non

1972 2383 2116 2435 enim
2159 2385 2537 2452 cegitandnm,
2585 2395 2640 2438 et
2683 2393 2831 2439 recte
2875 2399 3029 2451 sane,
3094 2384 3402 2454 hujusmodi
3435 2385 3573 2438 mala

1973 2488 2070 2545 per
2112 2491 2172 2530 se
2209 2477 2547 2545 contingere,
2585 2477 2678 2531 sed
2710 2492 2776 2531 ex
2812 2477 2889 2530 ira
2927 2477 3108 2532 divina
3136 2479 3316 2546 potius
3347 2475 3575 2543 inferri;

1975 2568 2026 2623 id
2054 2569 2197 2638 quod
2232 2569 2386 2621 nobis
2424 2569 2804 2622 universorum
2836 2569 3093 2624 Dominus
3137 2585 3230 2639 per
3261 2585 3323 2624 os
3351 2571 3580 2626 alterius

1974 2661 2252 2730 propheta:
2282 2661 2445 2731 213
2467 2660 2670 2714 iudicat
2694 2679 2708 2714 :
2735 2679 2753 2710 ι
2791 2660 2847 2714 Si
2880 2663 2986 2715 erit
3027 2661 3224 2715 malum
3252 2663 3305 2716 in
3330 2663 3576 2730 civitate,

1973 2753 2115 2822 quod
2147 2767 2252 2805 non
2295 2751 2425 2806 fecit
2474 2753 2732 2806 Dominus
2759 2752 2857 2804 ⁸⁵.»
2892 2751 3050 2808 llaud
3092 2755 3236 2807 enim
3281 2755 3578 2824 quidquam

1973 2862 2160 2900 eorum
2187 2843 2383 2915 quibus
2413 2845 2658 2900 civitates
2683 2855 2736 2899 et
2783 2847 3034 2915 regiones
3087 2845 3422 2918 allliguntur,
3469 2847 3581 2903 Deo

1976 2952 2079 2989 non
2114 2936 2438 2990 immittente
2471 2936 2734 2991 evenerit.
2766 2933 2966 2990 Servat
2999 2937 3145 2991 enim
3171 2953 3306 3006 quos
3339 2939 3454 2993 vult
3477 2983 3492 3007 ,
3523 2951 3580 2994 et

1977 3031 2240 3085 malorum
2297 3031 2566 3083 immunes
2608 3029 2805 3083 reddit.
2840 3026 3048 3084 Suadet
3086 3029 3253 3101 igitur
3293 3033 3581 3101 propheta,

255 3122 328 3176 ἂν
355 3122 558 3188 ἕλοιτο,
592 3122 689 3177 καὶ
709 3123 1046 3179 ἀπαλλάττει
1067 3126 1274 3181 κακῶν.
1314 3127 1628 3183 Ἀναπείθει
1653 3125 1745 3182 οῦν
1761 3127 1871 3183 τῶν

1983 3135 2162 3176 eorum
2209 3137 2328 3190 quae
2361 3129 2555 3177 nocent
2589 3120 2864 3190 repulsam
2901 3136 2931 3175 a
2959 3122 3066 3176 Deo
3112 3131 3316 3193 petere,
3357 3120 3581 3195 cpinio-

250 3215 656 3288 λελυπηκότων
690 3218 790 3288 τὴν
820 3217 975 3272 λύσιν
1007 3219 1193 3290 ζητεῖν
1228 3220 1381 3291 παρά
1425 3219 1585 3288 Θεοῦ,
1620 3223 1871 3293 ῥιπτοῦν-

249 3327 362 3374 τας
401 3309 624 3381 μακρὰν
650 3311 713 3364 τό
757 3327 822 3380 γε
858 3310 1068 3367 οἴεσθαι
1098 3313 1210 3366 δεῖν
1244 3312 1345 3382 τῆς
1373 3313 1482 3368 τῶν
1502 3313 1875 3386 ψευδωνύμων

250 3401 419 3455 θεῶν
459 3401 668 3472 χειρὸς,
699 3402 794 3456 καὶ
823 3403 1149 3475 ἐπικουρίας
1182 3402 1470 3474 δεδεῆσθαι
1512 3404 1582 3457 τὰ
1627 3405 1748 3462 κατ’
1777 3406 1876 3458 αὐ-

249 3493 412 3555 τούς.
443 3511 463 3542 ε
498 3492 911 3564 Ἐξηράνθησαν
946 3493 1036 3560 δὲ,
1076 3494 1278 3565 φησὶν,
1320 3494 1547 3564 ἀφέσεις
1598 3496 1826 3550 ὑδάτων.
1848 3515 1868 3548 ι

266 3584 467 3638 ’Υετοῦ
498 3585 610 3657 γὰρ
626 3587 727 3640 οὐκ
747 3586 1004 3658 ἄρδοντος
1023 3585 1122 3658 τὴν
1144 3586 1271 3656 γῆν,
1300 3587 1635 3658 καθιεμένης
1657 3589 1713 3641 δὲ
1737 3587 1875 3659 πρὸς

247 3679 443 3750 τούτῳ
482 3679 586 3750 τῆς
620 3679 903 3750 ἐρυσίϐης,
937 3678 1356 3751 ἐξωπλισμένης
1389 3679 1447 3734 δὲ
1484 3681 1579 3734 καὶ
1624 3679 1870 3750 ἀκρίδος,

249 3773 358 3826 καὶ
393 3771 628 3845 βρούχου
664 3771 966 3843 πηδῶντος,
999 3771 1096 3825 καὶ
1143 3772 1375 3843 κάμπης
1414 3771 1714 3844 ἑρπούσης,
1755 3771 1874 3837 πῶς

248 3866 326 3920 ἂν
369 3864 682 3936 ἀμφίϐολον
733 3860 802 3934 ἦν
838 3863 914 3927 ὡς
945 3864 1165 3928 πάντως
1219 3864 1420 3935 οἴχοιτο
1466 3864 1533 3918 ἂν
1587 3867 1774 3930 αὐτοῖς
1805 3866 1876 3921 τὰ

249 3957 497 4031 ζωαρκῆ
540 3956 679 4028 πρὸς
727 3957 790 4010 τὸ
830 3956 1031 4028 μηδέν;
1081 3956 1613 4029 Καταφθειρομένης
1663 3956 1720 4010 δὲ
1777 3959 1875 4011 καὶ

252 4050 430 4116 πόας,
462 4051 619 4105 πᾶσά
667 4066 787 4114 πως
818 4049 1034 4119 ἀνάγκη
1064 4047 1160 4102 καὶ
1180 4049 1353 4120 κτήνη
1387 4047 1585 4101 παθεῖν
1628 4048 1722 4101 τὸν
1755 4047 1875 4102 ὄλε-

255 4145 417 4218 Θρον.
642 4131 650 4135 ”

347 4253 526 4325 the.qu
543 4252 590 4306 δ’
607 4251 696 4319 ἂν,
713 4251 796 4306 ὅτι
813 4251 954 4323 τάχα
976 4269 1078 4305 που
1100 4252 1195 4305 καί
1224 4251 1524 4314 Ἰουδαίοις,
1543 4250 1601 4304 ὲν
1622 4249 1875 4320 ἐσχάτοις

251 4347 358 4400 τοῦ
392 4346 591 4408 αἰῶνος
629 4346 846 4416 καιροῖς
879 4343 1276 4414 ἐπιστρέφουσι
1300 4343 1439 4414 πρὸς
1481 4342 1636 4407 Θεὸν,
1668 4343 1874 4412 πρέποι

255 4441 332 4494 ἂν
369 4442 546 4494 εἰπεῖν
577 4425 679 4502 τὰς
710 4437 928 4493 τοιάσδε
970 4435 1178 4506 φωνὰς,
1214 4439 1337 4500 ταῖς
1385 4434 1494 4489 τῶν
1536 4435 1762 4504 ἀγαθῶν
1789 4436 1876 4486 ὲν-

1978 3230 2048 3269 ne
2128 3214 2219 3268 illa
2244 3213 2430 3284 procul
2466 3214 2663 3283 ejecta,
2700 3213 2956 3269 falsorum
2991 3215 3214 3269 deorum
3252 3232 3408 3285 opem
3464 3233 3582 3274 ma-

1978 3323 2106 3362 num
2152 3317 2207 3362 et
2243 3307 2502 3362 auxilium
2535 3307 2587 3360 in
2623 3307 2736 3361 suis
2773 3307 2935 3362 rebus
2972 3306 3073 3362 sibi
3110 3321 3230 3362 esse
3278 3309 3579 3379 imploran-

1977 3403 2156 3457 dum.t
2187 3400 2456 3455 Arefacta:
2485 3409 2632 3467 sunt,
2670 3399 2869 3470 inquit,
2899 3400 3221 3456 emissiones
3251 3417 3575 3471 aquarum.»

1973 3494 2164 3550 Pluvia
2193 3495 2391 3566 quippe
2418 3505 2618 3549 terram
2645 3508 2751 3548 non
2786 3493 3072 3563 irrigante,
3097 3503 3152 3548 et
3176 3495 3416 3550 immissa
3445 3511 3585 3566 prte-

1980 3598 2124 3644 terea
2167 3588 2440 3660 rubigine,
2469 3597 2678 3642 armata
2714 3587 2842 3641 item
2877 3585 3109 3650 locusta,
3136 3592 3190 3640 et
3224 3588 3433 3642 brucho
3472 3589 3585 3642 sal-

1979 3693 2148 3751 tante,
2178 3692 2233 3738 et
2261 3698 2425 3739 eruca
2468 3692 2714 3752 repente,
2742 3681 2966 3750 quinam
3005 3679 3227 3733 dubiutn
3270 3687 3412 3746 erat,
3449 3681 3580 3750 quin

1979 3778 2114 3848 ipsis
2145 3777 2273 3830 vitae
2336 3777 2707 3832 sustentandae
2769 3772 3078 3828 necessaria
3115 3772 3356 3841 perirent
3398 3771 3583 3827 fundi-

1979 3863 2104 3918 tus?
2141 3861 2318 3918 Herba
2347 3872 2527 3918 autem
2553 3864 2884 3929 intereunte,
2903 3877 3126 3933 prorsus
3147 3871 3200 3917 et
3218 3860 3468 3932 iumenta
3495 3863 3581 3916 in-

1980 3960 2146 4014 terire
2177 3972 2401 4014 necesse
2430 3962 2536 4015 est.

2049 4255 2289 4312 Dixerim
2330 4269 2511 4324 porro,
2543 4253 2776 4308 fortasse
2805 4268 2835 4306 a
2869 4250 3092 4317 Judzeis,
3125 4251 3389 4306 extremis
3417 4267 3579 4305 mun-

1980 4350 2032 4404 di
2088 4349 2427 4418 temporibus
2454 4347 2520 4401 ad
2550 4347 2834 4401 Dominum
2869 4344 3267 4400 revertentibus
3313 4344 3580 4400 bonorum

1981 4443 2163 4512 inopia
2209 4441 2415 4512 pressis
2442 4455 2496 4494 et
2545 4438 2912 4507 ejulantibus,
2963 4449 3086 4508 apte
3126 4438 3228 4492 dici
3272 4453 3432 4507 posse
3486 4441 3582 4494 has
3671 4508 3681 4516 _

257 4537 441 4599 δείαις
475 4531 944 4603 ἐντεθλιμμένοις,
977 4531 1071 4584 καὶ
1099 4529 1527 4601 κατοιμώζουσι.
1556 4528 1873 4599 Δεδαπάνη-

1984 4551 2164 4591 voces.
2216 4532 2552 4603 Consumpta
2594 4539 2722 4587 sunt
2748 4531 2924 4597 enim,
2957 4530 3112 4600 quasi
3149 4530 3216 4585 ab
3246 4529 3389 4598 igne,
3440 4530 3584 4598 ipso-

254 4648 354 4687 ται
373 4627 486 4697 γὰρ
502 4628 691 4689 αὐτοῖς
716 4625 792 4688 ὡς
816 4623 922 4678 ὑπὸ
947 4622 1123 4695 πυρὸς
1144 4621 1216 4674 τὰ
1236 4623 1315 4684 είς
1341 4620 1467 4674 νοῦν
1493 4619 1697 4688 ἀγαθὰ,
1719 4620 1883 4691 ἀκρίς

260 4739 324 4775 τε
354 4719 498 4774 αὐτὰ
526 4718 694 4790 νοητὴ
723 4715 1078 4794 κατεδήδοκε,
1101 4713 1196 4768 καὶ
1217 4713 1312 4783 ὲξη
1324 4711 1599 4783 ράνθησαν
1628 4711 1878 4781 ἀφέσεις.

277 4811 622 4867 Ἐνετείλατο
652 4811 764 4881 γὰρ
795 4811 918 4872 ταῖς
953 4805 1209 4877 νεφέλαις
1249 4805 1344 4860 τοῦ
1391 4804 1466 4877 μὴ
1498 4802 1690 4874 βρέξαι
1726 4803 1883 4856 ὑετὸν

264 4909 361 4962 ἐπὶ
382 4906 485 4976 τῆς
517 4905 645 4976 γῆς,
678 4902 824 4957 κατά
861 4902 923 4956 τὸ
949 4901 1128 4971 γένος,
1177 4900 1271 4953 καὶ
1314 4899 1540 4968 γέγονεν
1577 4896 1781 4960 ἄϐατός
1821 4913 1880 4948 τε

264 4999 364 5052 καὶ
415 4996 648 5069 ἄνυδρος
681 4995 792 5065 γῆ,
825 4995 949 5065 ἥτις
975 4993 1037 5046 οὐ
1080 4991 1564 5061 κατοικηθήσεται.
1604 4990 1794 5061 Ἠμῶν
1819 4989 1878 5042 δὲ

262 5087 330 5158 δὴ
386 5084 514 5158 πέρι
542 5085 654 5138 τῶν
691 5085 750 5136 ἐν
781 5083 965 5137 πίστει
1016 5080 1456 5151 δεδικαιωμένων
1503 5078 1880 5152 προανεφώνει

265 5178 426 5244 Θεὸς,
459 5176 680 5232 καὶτῶν
699 5175 789 5230 διὰ
811 5173 1054 5247 Χριστοῦ
1078 5173 1441 5246 χαρισμάτων
1466 5170 1881 5243 ἀμφιλαφεστά-

265 5289 373 5343 την
405 5271 631 5326 ἔσεσθαι
668 5269 770 5340 τὴν
821 5268 1089 5342 χορηγίαν
1143 5266 1436 5338 ὑπεδήλου,
1486 5265 1682 5334 λέγων’
1732 5284 1751 5317 ι
1789 5263 1880 5318 Ἐν

265 5367 339 5437 τῇ
367 5364 556 5435 ἡμέρᾳ
579 5362 769 5434 ἐκείνῃ
791 5359 1164 5426 άποσταλάξει
1200 5358 1269 5412 τὰ
1297 5358 1400 5432 ὅρη
1421 5357 1760 5428 γλυκασμὸν,
1787 5357 1883 5411 καὶ

268 5461 320 5514 οἱ
347 5459 532 5532 βουνοὶ
553 5458 848 5530 ρυήσονται
875 5455 1041 5524 γάλα,
1072 5455 1166 5508 καὶ
1183 5455 1356 5508 πᾶσαι
1378 5453 1436 5508 αἱ
1461 5452 1685 5523 ἀφέσεις
1709 5451 1882 5506 Ἰούδα

272 5553 576 5624 ρυήσονται
608 5549 778 5604 ὕδατα
803 5589 818 5616 ,
852 5549 950 5602 καὶ
977 5547 1138 5620 πηγὴ
1161 5547 1223 5614 ἐξ
1246 5547 1395 5602 οίκου
1421 5544 1630 5618 Κυρίου
1661 5543 1883 5617 ὲξελεύέ

272 5663 456 5712 σεται,
478 5645 575 5700 καὶ
606 5645 787 5698 ποτιεῖ
808 5642 904 5695 τὸν
931 5640 1273 5714 χειμάρρουν
1299 5639 1410 5694 τῶν
1439 5639 1686 5712 σχοίνων.
1719 5658 1738 5691 ι
1767 5638 1879 5692 Καὶ

349 5833 420 5868 ’δ’
459 5833 627 5890 Amos
665 5847 751 5899 ιιι,
809 5829 866 5886 6.
945 5829 990 5862 ⁸⁵
1025 5825 1130 5885 lsa.
1171 5841 1223 5896 v,
1261 5827 1317 5883 6.
1394 5827 1440 5860 ⁸⁸
1497 5826 1636 5883 Psal.
1667 5842 1798 5896 an,
1843 5826 1895 5882 5.

1982 4643 2102 4684 rum
2152 4629 2294 4685 bona
2331 4625 2523 4694 animi,
2551 4624 2760 4680 locusta
2793 4639 2913 4693 quae
2945 4633 3128 4678 mente
3158 4622 3465 4694 concipitur
3490 4621 3582 4677 illa

1981 4720 2289 4788 devoravit,
2318 4727 2373 4775 et
2394 4717 3072 4774 exarueruntemissiones
3095 4731 3387 4786 aquarum.
3422 4714 3580 4770 Man-

1983 4812 2132 4868 davit
2157 4812 2301 4866 enim
2336 4810 2578 4865 nubibus
2606 4824 2674 4864 ne
2704 4808 2951 4879 pluerent
2999 4807 3230 4864 imbrem
3275 4821 3440 4876 super
3473 4819 3583 4861 ter-

1981 4921 2124 4973 ram,
2148 4919 2246 4975 pro
2293 4917 2445 4960 more
2469 4913 2525 4958 et
2559 4911 2755 4957 natura
2795 4916 2893 4957 sua
2920 4902 2989 4969 ⁸⁵,
3045 4909 3102 4956 et
3147 4901 3291 4956 facta
3315 4909 3400 4956 est
3439 4909 3585 4956 terra

1982 4998 2129 5054 invia
2159 5005 2214 5052 et
2240 4997 2504 5064 inaquosa
2527 4994 2630 5062 ⁸⁸,ι
2663 5007 2784 5063 quat
2810 5007 2915 5047 non
2951 4990 3309 5046 habitabitur.
3357 4988 3432 5045 De
3486 5004 3588 5044 no-

1984 5091 2070 5145 bis
2124 5098 2308 5143 autem
2342 5088 2396 5142 in
2429 5087 2534 5142 ﬁde
2559 5085 2880 5156 justilieatis
2911 5082 3296 5155 praenuntiavit
3328 5081 3492 5148 Deus,
3526 5089 3584 5135 et

1983 5197 2083 5253 per
2114 5181 2393 5236 Christum
2420 5194 2519 5234 nos
2542 5178 2889 5235 charismatis
2918 5176 3296 5248 copiosissime
3321 5174 3580 5230 donatum

1987 5275 2054 5329 iri
2115 5273 2467 5342 signiﬁcavit,
2510 5271 2598 5327 his
2651 5271 2864 5328 verbis:
2898 5267 2995 5324 «In
3032 5267 3123 5322 illa
3156 5266 3243 5321 die
3302 5262 3585 5320 sti-llabunt

1986 5377 2199 5423 montes
2243 5365 2586 5420 dulcedinem
2605 5405 2621 5429 ,
2649 5372 2704 5418 et
2731 5362 2894 5418 colles
2923 5360 3093 5416 ﬂuent
3117 5359 3254 5412 lacte
3273 5375 3290 5421 ;
3312 5365 3369 5410 et
3391 5366 3584 5410 omnes

1981 5458 2309 5517 emissiones
2367 5455 2504 5511 Juda
2580 5455 2747 5510 ﬂuent
2817 5452 2997 5520 aquis,
3033 5458 3087 5504 et
3129 5447 3249 5503 fons
3295 5444 3364 5500 de
3417 5443 3584 5499 domo

1985 5550 2196 5607 Domini
2227 5547 2559 5619 egredietur,
2583 5556 2635 5601 el
2660 5542 2904 5613 irrigabit
2929 5546 3224 5596 torrentem
3255 5533 3572 5593 funium".s

1981 5645 2122 5711 Quin
2189 5652 2243 5696 et
2275 5639 2476 5694 aliter:
2525 5656 2543 5688 ι
2591 5635 2704 5707 Ego
2746 5633 3011 5692 Dominus
3049 5632 3229 5699 Deus;
3267 5644 3369 5702 ego
3411 5641 3580 5684 exan-

1973 5823 2017 5856 ⁸⁷
2066 5821 2182 5878 .Iocl
2239 5835 2318 5886 ιιι,
2372 5817 2457 5872 18.
