4054 6458
485 303 593 360 355

1488 303 1576 360 'S.
1617 303 1897 363 CYRILLI
1939 304 2409 364 ALEXANDRINI
2447 304 2775 370 ARCHIEP.

3666 315 3772 379 556

486 426 628 478 diam
663 439 759 480 eos
792 422 934 480 Deus
961 424 1157 489 Israel;
1179 441 1284 480 non
1300 425 1673 495 derelinquam
1697 432 1924 495 eos,setl
1945 446 2044 501 ape

2182 434 2289 504 μὴν
2322 435 2417 487 καὶ
2449 435 2651 505 ἑτέρως
2672 452 2686 466 ο
2722 455 2741 487 ι
2770 434 2914 505 Ἐγὼ
2939 435 3144 508 Κύριος
3166 438 3194 493 ὁ
3214 434 3367 502 Θεὸς,
3401 437 3512 509 ἐγὼ
3535 440 3772 495 ἐπακοῦ-

486 521 621 572 riam
659 521 711 572 in
756 520 1032 574 montibus
1079 518 1325 584 flumina,
1363 528 1415 574 et
1456 520 1507 574 in
1540 522 1720 575 medio
1758 536 2071 592 camporum

484 610 679 673 fontes,
715 621 771 665 et
806 610 1003 665 faciam
1049 611 1325 667 desertum
1354 613 1405 666 in
1439 612 1683 683 paludes,
1712 624 1768 668 et
1798 613 2071 669 sitientem

483 710 680 756 teriam
706 701 760 755 in
798 704 1151 772 aqumductus
1176 702 1278 758 “.s
1312 702 1366 758 ln
1403 703 1490 759 bis
1519 704 1703 774 itaque
1727 720 1825 760 nos
1859 719 2067 760 sumus.

479 791 633 859 Quod
671 793 714 847 si
749 794 816 847 ad
851 795 1228 863 paenitentiam
1261 809 1322 850 se
1368 796 1671 862 conferent,
1698 805 1751 851 et
1781 797 1949 851 Deum
1986 813 2073 852 re-

476 885 727 955 spicient,
759 895 813 941 et
842 888 1023 943 dicent
1052 888 1215 943 etiam
1244 888 1367 958 ipsi,
1401 908 1419 940 ι
1442 887 1524 943 Ad
1559 899 1611 944 te
1640 889 1942 956 clamabo,i
1972 905 2068 946 ac-

475 978 679 1046 cipient
710 994 970 1048 aquarum
1014 982 1361 1047 emissiones,
1392 990 1448 1037 et
1495 983 1747 1038 ltaurient
1788 984 2065 1039 nobiscum

474 1083 668 1140 aquam
719 1087 839 1141 quae
901 1073 1012 1128 sola
1064 1074 1419 1142 intelligentia
1463 1074 1695 1141 videtur,
1737 1077 1803 1129 de
1827 1074 2067 1131 fontibus

473 1161 774 1219 Salvatoris
797 1163 866 1231 δ’,
892 1166 1332 1236 potabunturque
1370 1175 1621 1222 torrente
1653 1166 1943 1237 voluptatis
1965 1167 2012 1200 ⁸⁸
2034 1184 2063 1223 a

474 1253 584 1310 Deo
628 1255 810 1323 Patre,
839 1267 891 1312 et
938 1258 1139 1312 fantem
1177 1258 1301 1312 vitae
1344 1259 1396 1312 in
1457 1259 1712 1314 cordibus
1766 1258 2059 1315 habebunt.

470 1347 824 1416 Apponentur
845 1348 974 1416 ipsis
1019 1348 1183 1402 etiam
1222 1349 1289 1401 ad
1322 1347 1543 1403 delicias
1568 1349 1815 1416 speciosa
1838 1349 2060 1417 deserti,

470 1437 520 1491 id
547 1449 647 1504 est,
678 1454 873 1507 pascua
917 1441 1055 1493 bona
1099 1449 1155 1493 et
1199 1439 1401 1508 ampla,
1433 1441 1808 1495 convertentia
1852 1456 1948 1497 eos
1993 1443 2060 1495 ad

464 1529 823 1598 cognitionem
848 1531 1085 1585 divinam
1114 1540 1171 1587 et
1198 1531 1731 1602 evangelicamgqum
1759 1534 1812 1589 in
1838 1532 2061 1589 Christo

462 1629 644 1675 mente
682 1621 1011 1691 concipitur.

1055 1952 1219 2026 214
1242 1953 1393 2009 CAP.
1425 1952 1486 2008 ll.

530 2064 692 2120 Vsus.
731 2065 861 2128 1,2.
918 2065 1105 2121 Canite
1153 2068 1278 2120 tuba
1344 2067 1399 2119 in
1443 2064 1598 2130 Sion,
1647 2066 1931 2129 prwdicate
2000 2069 2055 2123 in

453 2170 627 2213 monte
657 2172 839 2212 sancto
884 2176 1017 2217 meo.
1059 2170 1106 2213 et
1150 2162 1525 2213 conturbantur
1582 2174 1758 2214 omnes
1800 2161 2051 2216 habitan-

2178 540 2342 594 σομαι
2381 527 2410 578 ό
2439 523 2572 591 Θεὸς
2606 527 2849 598 Ἰσραὴλ,
2884 529 2979 582 καὶ
3010 529 3111 584 οὐκ
3141 530 3522 600 ἐγκαταλείψω
3551 531 3773 598 αὐτοὺς,

2175 616 2293 669 ἀλλ’
2341 617 2539 685 ἁνοίξω
2584 618 2678 671 ἐπὶ
2705 620 2812 672 τῶν
2853 618 3027 691 ὀρέων
3075 619 3378 691 ποταμοὺς,
3412 620 3507 674 καὶ
3530 621 3590 675 έν
3620 624 3775 694 μέσῳ

2172 711 2283 765 τῶν
2315 712 2513 765 πεδίων
2540 714 2621 776 εἰς
2642 711 2761 783 έλη,
2792 713 2888 766 καὶ
2910 712 3010 784 τὴν
3038 711 3281 782 διψῶσαν
3306 714 3410 784 γῆν
3433 714 3492 768 ὲν
3521 714 3776 787 ὑδραγωά

2172 805 2311 872 γοῖς.
2352 821 2372 854 ι
2402 802 2613 857 Οὐκοῦν
2641 804 2804 875 ἡμεῖς
2836 803 2934 874 μὲν
2968 804 3027 856 ἐν
3070 802 3304 866 τούτοις.
3340 803 3404 856 Et
3435 802 3492 856 δὲ
3530 802 3595 874 δὴ
3622 800 3776 873 βαδιε-

2171 895 2318 960 ζοιεν
2352 894 2491 967 πρὸς
2518 895 2883 966 μετάγνωσιν,
2917 894 3012 948 καὶ
3053 893 3411 965 ἀναόλέψοιεν
3442 893 3579 967 πρὸς
3608 893 3767 958 Θεὸν.

2171 985 2381 1058 λέγοιέν
2403 1004 2463 1041 τε
2490 988 2587 1041 καὶ
2612 986 2792 1051 αὐτοὶ,
2821 986 2997 1058 «Πρὸς
3025 985 3107 1052 σὲ,
3129 985 3325 1057 Κύριε,
3347 986 3713 1059 κεκράξομαι,
3740 1005 3762 1038 ι

2169 1078 2427 1151 λήψονται
2448 1079 2549 1142 τὰς
2569 1077 2679 1130 τῶν
2706 1077 2915 1131 ὑδάτων
2938 1077 3187 1146 ἀφέσεις,
3213 1077 3541 1148 ἀντ-λήσουσί
3558 1094 3619 1130 τε
3643 1075 3770 1148 μεθ’

2166 1168 2326 1239 ἡμῶν
2355 1168 2417 1222 τὸ
2435 1166 2581 1239 ὕδωρ
2601 1168 2664 1222 τὸ
2696 1168 2909 1240 νοητὸν,
2949 1168 3043 1223 καὶ
3073 1169 3139 1221 ἐκ
3167 1168 3276 1221 τῶν
3308 1169 3503 1239 πηγῶν
3539 1169 3634 1223 τοῦ
3658 1187 3770 1224 σωέ

2164 1257 2355 1329 τηρίου
2387 1258 2830 1330 ποτισθήσονται,
2866 1258 3077 1313 καὶτὸν
3116 1259 3457 1331 χειμάρρουν
3498 1260 3600 1329 τῆς
3625 1277 3765 1331 τρυ-

2166 1352 2274 1423 φῆς
2299 1352 2453 1423 παρὰ
2485 1350 2580 1406 τοῦ
2602 1351 2736 1405 Θεοῦ
2762 1351 2856 1405 καὶ
2887 1352 3122 1422 Πατρός,
3158 1352 3255 1406 καὶ
3301 1350 3400 1421 τὴν
3438 1349 3623 1422 πηγὴν
3659 1350 3766 1420 τῆς

2165 1445 2313 1516 ζωῆς
2337 1443 2551 1510 ἕξουσιν
2573 1445 2630 1498 ὲν
2653 1442 2924 1515 καρδίαις.
2956 1444 3362 1516 Παρακείσεται
3383 1442 3441 1497 δὲ
3467 1442 3649 1505 αὐτοῖς
3677 1443 3762 1503 ei;

2163 1534 2377 1608 τρυφὴν
2411 1536 2507 1590 καὶ
2534 1535 2604 1589 τὰ
2632 1536 2812 1606 ὡραῖα
2864 1536 2962 1605 τῆς
3015 1537 3227 1608 ἐρήμου
3253 1575 3269 1600 ,
3302 1534 3570 1599 τουτέστι,
3613 1534 3758 1605 νομὴ

2160 1629 2302 1702 καλὴ
2352 1630 2446 1683 καὶ
2484 1628 2845 1699 ἀμφιλαφὴς,
2873 1628 2952 1692 είς
2984 1627 3187 1697 γνῶσιν
3230 1626 3430 1689 αὐτοὺς
3476 1626 3758 1697 ἀποστρέ-

2161 1740 2339 1793 φουσα
2372 1723 2473 1794 τὴν
2518 1723 2577 1778 ὲν
2606 1720 2829 1794 Χριστῷ
2857 1722 3159 1794 νοουμένην
3202 1721 3353 1776 θείαν
3375 1735 3436 1774 τε
3459 1722 3554 1775 καὶ
3586 1718 3759 1787 εὐαγ-

2084 1800 2127 1855 Β
2159 1814 2409 1883 γελικίπν.

2770 1949 3027 2006 ΚΕΦΑΛ.
3068 1948 3145 2005 B’.

2227 2067 2573 2121 Σαλπίσατε
2596 2063 2887 2135 σάλπιγγι
2910 2063 2982 2117 ἐν
3000 2061 3174 2128 Σιὼν,
3202 2059 3505 2131 κηρύξατε
3534 2059 3605 2114 ἐν
3622 2059 3753 2128 ὄρει

2154 2158 2302 2228 ἁγίῳ
2341 2174 2479 2226 μου,
2516 2156 2616 2211 καὶ
2656 2153 3144 2227 συγχυθήτωσαν
3187 2154 3412 2219 πάντες
3451 2154 3507 2205 οἱ
3545 2166 3752 2204 κατοι-

452 2263 528 2305 tes
556 2260 774 2315 terram,
838 2253 1087 2320 quoniam
1154 2253 1298 2305 adest
1347 2250 1458 2304 dies
1498 2250 1755 2315 Domini;
1801 2252 2044 2321 quoniam

2154 2249 2406 2316 κοῦντες
2435 2252 2553 2317 τὴν
2594 2245 2730 2318 γῆν,
2784 2246 2935 2301 διότι
2964 2245 3258 2316 πάρεστιν
3285 2243 3479 2314 ἡμέρα
3500 2244 3747 2310 Κυρίου,

449 2357 609 2412 prope
654 2353 726 2396 est
777 2342 890 2397 dies
936 2344 1270 2397 tenebrarum
1306 2353 1355 2396 et
1405 2341 1674 2412 caliginis,
1715 2344 1825 2395 dies
1887 2342 2044 2397 nubis

2153 2341 2242 2394 ὅτι
2270 2342 2452 2411 ἐγγὺς
2476 2339 2668 2411 ἡμέρα
2694 2341 2958 2405 σκότους
2995 2337 3094 2392 καὶ
3126 2337 3378 2407 γνόφου,
3427 2336 3619 2405 ’ἡμέρα
3647 2349 3752 2388 νε-

448 2445 499 2489 et
542 2435 762 2489 nebulae.

2152 2434 2344 2503 φέλης
2373 2434 2472 2488 καί
2505 2434 2783 2505 ὁμίχλης.

517 2547 638 2605 XV.
733 2547 967 2605 Venuste
1041 2565 1173 2606 sane
1245 2566 1459 2605 rursum
1531 2552 1687 2608 nobis
1762 2552 1885 2606 belli
1963 2552 2044 2606 fa-

2220 2550 2320 2605 IE'.
2353 2549 2629 2622 Γράφεται
2651 2548 2715 2619 δὴ
2756 2548 2919 2603 πάλιν
2951 2545 3183 2612 ἀστείως
3213 2546 3345 2618 ἡμῖν
3372 2545 3468 2600 τοῦ
3500 2543 3744 2616 πολέμου

445 2642 559 2697 cies
627 2643 971 2709 describitur,
1027 2654 1081 2699 et
1137 2659 1266 2699 vera
1345 2655 1428 2700 est
1471 2643 1787 2714 descriptio,
1828 2646 1942 2699 sive
1994 2646 2044 2699 in

2152 2641 2208 2695 τὸ
2234 2641 2439 2713 σχῆμα.
2474 2642 2574 2712 Εῐη
2614 2639 2659 2694 δ’
2700 2639 2769 2694 ἂν
2794 2641 2889 2695 καὶ
2921 2641 3009 2694 ἐπ’
3034 2641 3240 2711 ἀμφοῖν
3273 2638 3474 2708 ἀληθὲς
3499 2675 3514 2701 ,
3558 2635 3662 2690 κᾶν
3689 2636 3742 2688 ει

444 2731 677 2799 locusta,
710 2733 841 2797 sive
934 2735 987 2788 in
1048 2735 1256 2789 bruclto
1305 2733 1446 2789 forte
1506 2734 1862 2808 intelligatur,
1933 2737 2044 2793 sive

2152 2734 2236 2788 ἐπ’
2287 2732 2508 2805 ἀκρίδος
2561 2733 2654 2786 καὶ
2692 2732 2925 2804 βρούχου
2957 2729 3120 2804 τυχὸν
3175 2732 3368 2795 νοοῖτο,
3402 2730 3507 2784 κᾶν
3555 2730 3604 2783 εί
3650 2728 3741 2782 ἐπ’

450 2826 575 2896 quis
645 2827 714 2880 de
794 2824 930 2895 ipsis
1012 2826 1326 2898 Babyloniis
1417 2827 1666 2898 accipere
1766 2830 2041 2883 maluerit.

2152 2826 2329 2881 αὐτῶν
2358 2826 2532 2880 ἐλοιτό
2557 2843 2643 2889 τις
2673 2826 2785 2879 τῶν
2797 2824 3186 2879 Βαὸυλωνίων.
3247 2822 3337 2888 Ὠς
3372 2823 3482 2893 γὰρ
3513 2821 3614 2894 ἤδη
3640 2817 3741 2874 τοῦ

445 2915 614 2983 Quasi
676 2915 822 2970 enim
872 2913 1013 2970 bello
1065 2914 1175 2984 jam
1232 2930 1328 2985 per
1402 2927 1586 2986 portas
1657 2915 1940 2988 ingresso,
1989 2926 2044 2973 et

2152 2919 2386 2990 ποκέμου
2427 2917 2722 2989 βεϐηκότος
2767 2933 2826 2970 τε
2863 2918 2994 2971 εῐσω
3046 2916 3229 2989 θυρῶν
3257 2956 3270 2980 ,
3304 2914 3399 2968 καὶ
3451 2912 3742 2986 μονονουχὶ

442 3024 544 3079 per
605 3019 771 3063 totam
827 3008 996 3062 ferme
1041 3006 1283 3072 Sionem,
1331 3023 1423 3064 seu
1468 3024 1565 3079 per
1603 3019 1769 3065 totam
1801 3008 2040 3065 Iudaeam

2152 3011 2287 3067 κατὰ
2321 3012 2498 3066 πᾶσαν
2523 3011 2622 3082 τὴν
2651 3010 2810 3077 Σιὼν,
2838 3010 3016 3082 ἤγουν
3043 3011 3101 3064 ὲν
3136 3008 3232 3080 ὅλῃ
3275 3010 3341 3080 τῇ
3384 3005 3613 3078 Ἰουδαίᾳ
3637 3022 3739 3059 πε·-

441 3102 684 3170 vulgato,
732 3101 962 3155 tumultu
1018 3111 1074 3156 et
1122 3101 1419 3158 terroribus
1481 3084 1669 3159 urbem
1714 3105 2037 3174 completam

2152 3102 2569 3177 ριηγγελμένου,
2601 3103 2695 3158 καὶ
2742 3102 2996 3175 θορύϐου,
3030 3102 3126 3156 xal.
3171 3101 3444 3173 δειμάτων
3485 3099 3738 3172 ἀναπλησ

440 3208 562 3248 esse
605 3193 777 3248 dicit:
815 3209 835 3244 ι
878 3191 1047 3247 Adest
1074 3193 1219 3246 enim
1247 3192 1362 3248 dies
1393 3194 1657 3250 Domini.»
1696 3193 1849 3262 Quod
1896 3196 2035 3253 hanc

2152 3195 2337 3266 σθῆναι
2363 3192 2461 3266 τὴν
2490 3193 2642 3248 πόλιν
2673 3193 2859 3266 φησιν’
2890 3212 2907 3245 ι
2938 3191 3183 3264 Πάρεστι
3209 3191 3317 3264 γὰρ
3343 3195 3376 3264 ἡ
3414 3191 3597 3264 ἡμέρα
3617 3192 3736 3245 Ku-

440 3283 608 3339 habet
633 3285 906 3338 vimzres
941 3298 1045 3338 non
1104 3290 1187 3337 est
1238 3282 1468 3352 amplius
1522 3284 1665 3339 nuda
1718 3285 2030 3355 praedictio,

2152 3288 2254 3341 aiou
2285 3303 2299 3318 '
2338 3306 2356 3340 ι
2395 3287 2697 3353 τουτέστιν,
2737 3286 2923 3341 οὐκέτι
2978 3287 3380 3359 προαγόρευσις
3425 3286 3488 3339 τὸ
3537 3285 3733 3357 χρῆμα

439 3373 536 3428 sed
573 3383 704 3427 ante
745 3371 931 3427 oculos
976 3371 1156 3425 omnia
1203 3385 1324 3441 quae
1366 3373 1729 3442 praenuntiata
1772 3373 2030 3440 fuerunt,

2152 3378 2318 3443 ιόνον,
2351 3377 2469 3433 ἀλλ’
2500 3380 2577 3443 ὡς
2609 3380 2669 3433 ὲν
2697 3378 2818 3449 ὄψει
2849 3378 2919 3433 τὰ
2950 3379 3151 3442 πάντα,
3185 3379 3281 3434 καὶ
3319 3380 3377 3434 ὲν
3417 3379 3609 3443 αὐταῖς
3636 3392 3733 3448 γε·

439 3476 496 3519 et
526 3465 639 3533 ipsa
671 3464 1008 3534 experientia
1040 3472 1191 3533 gesta
1226 3475 1373 3519 sunt.
1406 3465 1485 3519 Ac
1513 3466 1707 3521 melius
1735 3476 1854 3520 erat
1896 3468 2031 3521 mul-

441 3569 498 3612 to
536 3559 601 3613 ad
632 3559 853 3613 meliora
882 3573 942 3612 se
973 3559 1245 3628 applicare
1299 3559 1558 3624 voluisse,
1590 3568 1645 3614 et
1678 3569 1802 3615 ante
1826 3562 2029 3615 adven-

440 3661 551 3704 tum
610 3650 1066 3720 prazsentiamque
1130 3651 1394 3704 malorum
1455 3650 1877 3707 sollicitudinem
1934 3665 2031 3706 ex-

2131 3473 2324 3543 γόνασι
2350 3474 2469 3537 ταῖς
2501 3472 2721 3545 πείραις
2750 3472 2859 3527 τῶν
2890 3472 3058 3527 πάλαι
3096 3472 3581 3545 προηγγελμένων,
3628 3470 3730 3537 οὓς

2129 3561 2197 3637 ἦν
2222 3566 2446 3637 ἄμεινον
2479 3566 2622 3619 κατὰ
2664 3562 2801 3620 πολὺ
2854 3566 3189 3637 μεταφοιτᾷν
3226 3564 3444 3619 ἑλέσθαι
3479 3564 3617 3636 πρὸς
3654 3563 3728 3618 τὰ

2134 3654 2350 3728 βελτίω,
2388 3657 2482 3709 καὶ
2506 3656 2613 3728 πρὸ
2651 3656 2846 3726 ἐφόδου
2872 3657 2970 3710 καὶ
2996 3657 3327 3726 παρουσίας,
3356 3655 3454 3727 τὴν
3479 3656 3588 3710 τῶν
3618 3671 3727 3709 κα-

436 3742 695 3799 cnssisse.
724 3743 910 3813 Itaque
940 3745 1005 3799 de
1034 3744 1352 3814 paenitentia
1394 3744 1661 3798 incertum
1691 3759 1814 3799 esse
1848 3745 2030 3800 cousi-

2152 3746 2245 3801 ιῶν
2273 3746 2623 3800 ἀποσείεσθαι
2654 3747 2935 3818 φροντίδα.
2968 3747 3179 3802 Οὐκοῦν
3215 3749 3350 3818 πρὸς
3381 3748 3728 3819 μετάγνωσιν

436 3835 494 3889 lii
524 3852 631 3887 non
666 3834 817 3899 sinit,
847 3836 941 3889 sed
996 3835 1241 3905 deposito
1283 3835 1449 3889 animi
1485 3835 1632 3890 velut
1685 3834 1945 3906 languore
1973 3846 2027 3890 et

2152 3837 2393 3893 ιλύεσθαι
2415 3836 2516 3892 οὐκ
2539 3839 2606 3910 ἑᾷ
2627 3853 2640 3869 ’
2676 3839 2968 3911 μεθιέντας
2985 3839 3042 3893 δὲ
3067 3840 3257 3913 ὥσπερ
3286 3841 3346 3894 τὸ
3370 3841 3469 3912 τῆς
3489 3840 3722 3913 γνώμης

435 3925 675 3995 ignavia,
711 3926 775 3980 ad
807 3927 989 3996 cperis
1023 3927 1261 3982 studium
1302 3927 1553 3996 expedite
1604 3928 1845 3997 aggredi,
1876 3937 1930 3980 et
1960 3927 2027 3982 ad

2152 3930 2523 3995 ιναπεπτωκός
2561 3931 2657 3985 καὶ
2689 3930 2749 3985 τὸ
2799 3930 3042 4003 ῥᾴθυμον
3068 3971 3082 3995 ,
3120 3934 3200 3997 εἰς
3257 3933 3546 4005 φιλεργίας
3581 3932 3721 3986 ίέναι

433 4016 768 4072 voluntatem
797 4018 1146 4089 sibimetipsis
1176 4017 1405 4074 viriliter
1431 4020 1780 4075 succurrendi
1813 4020 2026 4074 incum-

2152 4022 2342 4078 ιελεύει
2366 4021 2602 4097 γοργῶς,
2624 4027 2718 4078 καὶ
2738 4024 2830 4077 ἐπί
2850 4039 2914 4091 γε
2931 4020 2992 4075 τὸ
3012 4021 3297 4092 βούλεσθαι
3323 4025 3506 4093 σφίσιν
3532 4022 3724 4088 αὐτοῖς

431 4109 752 4178 berejubet,
785 4109 852 4164 ad
882 4109 1052 4165 Deum
1084 4113 1425 4181 properando
1447 4154 1462 4177 ,
1494 4117 1850 4178 veterumque
1894 4111 2026 4164 deli-

2152 4115 2404 4186 ,naptivat
2451 4115 2708 4185 γενικῶς,
2760 4114 2880 4185 Θεῷ
2909 4115 3150 4188 δηλονότι
3182 4115 3571 4188 προσθέοντας,
3608 4115 3725 4170 τῶν

431 4211 644 4256 ctornm
698 4201 937 4257 maculas
984 4201 1272 4255 virtutibus
1310 4200 1637 4257 sumciendis
1661 4201 1889 4256 delendo
1945 4202 2026 4254 vi-

2152 4206 2372 4279 ιρχαίων
2404 4207 2748 4279 αῖτιαμάτων
2768 4207 3132 4276 ἀφανίζοντας
3152 4208 3218 4262 τὰ
3248 4210 3572 4281 ἐγκλήματα
3595 4210 3721 4272 ταῖς

432 4291 649 4346 delicet.
681 4289 806 4349 Ideo
844 4294 922 4347 ait
967 4307 1139 4363 prope
1167 4293 1360 4348 adesse
1425 4292 1569 4346 diem
1619 4291 1867 4358 Domini,
1916 4308 2019 4363 qua

2152 4299 2233 4353 ’ὧν
2279 4299 2584 4371 ἀμεινόνων
2629 4301 2965 4369 ἐπαγωγαῖς.
3020 4301 3292 4373 Ταύτῃτοί
3335 4318 3500 4372 φησιν
3545 4300 3719 4370 ἐγγὺς

430 4383 604 4440 futuri
634 4385 745 4441 sint
780 4393 1038 4456 tanquam
1071 4386 1123 4440 in
1158 4383 1374 4450 nebula,
1403 4392 1459 4437 et
1515 4382 1772 4447 tenebris,
1824 4382 2018 4438 famem

2152 4386 2262 4444 ἵναι
2285 4391 2383 4464 τὴν
2408 4391 2625 4462 ἡμέραν
2651 4392 2882 4464 Κυρίου,
2914 4392 3037 4447 καθ’
3063 4392 3133 4464 ἢν
3169 4392 3385 4446 ἔσονται
3423 4392 3522 4464 μὲν
3550 4392 3626 4456 ὡς
3654 4392 3719 4446 ὲν

430 4491 461 4530 a
493 4475 697 4531 locusta
727 4477 1106 4542 invelteudam,
1140 4477 1255 4530 sive
1280 4489 1344 4529 ex
1378 4472 1722 4544 Assyriorum
1786 4474 2017 4546 impres-

2156 4479 2321 4552 μίχλῃ
2367 4482 2461 4534 καὶ
2490 4483 2689 4553 σκότῳ,
2714 4484 2805 4537 τὸν
2826 4485 2890 4537 ὲκ
2910 4484 3009 4554 τῆς
3032 4484 3253 4555 ἁκρίδος
3277 4483 3508 4547 δεδιότες
3533 4482 3714 4554 λιμὸν.

429 4565 580 4621 sione
600 4581 758 4635 supra
786 4575 947 4635 caput
975 4566 1106 4636 ipsis
1130 4573 1398 4620 astantem
1421 4561 1783 4619 calamitatem
1806 4575 1861 4620 et
1890 4581 2015 4636 per-

429 4657 625 4711 niciem
667 4666 987 4712 metuentes.

504 4748 663 4806 Vnus.
691 4750 746 4815 Ξ,
785 4750 841 4806 '5.
883 4749 1033 4805 Sicut
1082 4764 1234 4804 mane
1273 4738 1526 4820 [nudetur
1590 4768 1748 4819 super
1814 4764 2015 4808 montes

425 4843 647 4911 populus
678 4842 893 4906 multus,
914 4851 961 4894 et
993 4841 1184 4909 fortis;
1212 4841 1400 4897 similis
1445 4844 1495 4897 ei
1543 4860 1648 4899 non
1684 4844 1786 4915 fuit
1844 4863 1877 4900 a
1913 4863 2014 4902 sa:-

424 4935 564 5002 culo,
590 4946 638 4991 et
665 4944 778 5004 post
815 4950 933 4986 eum
964 4950 1065 4988 non
1093 4936 1190 4988 erit
1243 4951 1404 5005 usque
1441 4938 1512 4989 ad
1539 4952 1704 4991 annos
1737 4937 1795 4992 in
1860 4954 2016 5007 gene—

426 5031 659 5084 rationes
724 5028 1137 5098 generationum.
1173 5031 1305 5081 Ante
1331 5044 1448 5082 eum
1491 5028 1627 5099 ignis
1676 5044 2010 5093 consumem,

423 5132 617 5192 etpost
656 5137 773 5175 eum
828 5136 1077 5175 succensa
1118 5123 1355 5192 ﬂamma.
1390 5119 1536 5176 Sicut
1586 5123 1867 5191 paradisus
1924 5139 2011 5175 eu-

425 5212 641 5283 tuptatis
673 5220 816 5265 terra
855 5223 977 5266 ante
1043 5211 1230 5274 facient
1295 5214 1452 5281 ejus,
1507 5221 1554 5265 et
1610 5212 1903 5279 posteriora
1946 5212 2013 5265 il-

424 5300 529 5353 lius
590 5298 727 5353 sicut
782 5300 955 5370 campi
1001 5301 1343 5355 desolationis
1369 5344 1383 5369 ,
1416 5311 1461 5355 et
1490 5301 1731 5355 salvatus
1775 5318 1879 5357 non
1910 5305 2007 5358 erit

493 5482 636 5542 XVI.
670 5484 825 5542 Mane
856 5488 1066 5542 videtur
1094 5486 1371 5558 appellare
1420 5495 1514 5540 aut
1549 5486 1873 5541 matutinum
1912 5501 2002 5540 ro-

2123 4574 2295 4645 ῆγουν
2339 4572 2438 4645 τὴν
2469 4574 2535 4628 ὲκ
2568 4577 2667 4647 τῆς
2723 4576 3027 4647 Ἀσσυρίων
3078 4578 3261 4640 αὐτοῖς
3321 4576 3719 4648 έπηρτημένην

2122 4666 2420 4738 ἀθλιότητα
2450 4668 2546 4721 καὶ
2574 4668 2953 4739 καταφθοράν.

2203 4758 2295 4824 Ὠς
2325 4758 2534 4828 ὄρθρος
2572 4759 2901 4828 χυθήσεται
2931 4761 3030 4815 ἐπὶ
3062 4761 3132 4815 τὰ
3161 4759 3266 4829 ὄρη
3310 4762 3463 4828 λαὸς
3511 4760 3714 4828 πολὺς

2122 4851 2219 4903 καὶ
2246 4850 2529 4920 ἰσχυρός·
2580 4851 2782 4920 ὅμοιος
2824 4853 2985 4919 αὐτῷ
3028 4855 3101 4908 οὑ
3134 4853 3385 4925 γέγονεν
3432 4853 3552 4908 ἀπὸ
3597 4854 3711 4908 τοῦ

2120 4942 2354 5008 αἰῶνος,
2378 4943 2476 4995 καὶ
2489 4944 2617 5011 μετ’
2640 4946 2828 4999 αὐτόν
2845 4948 2915 5000 οὐ
2936 4944 3413 5015 προστεθήσεται
3432 4945 3539 5013 ἕως
3555 4946 3711 5001 ἐτῶν

2117 5037 2206 5099 εἰς
2231 5033 2443 5103 γενεὰς
2464 5034 2702 5105 γενεῶν.
2740 5039 2814 5092 Τὰ
2841 5038 3186 5108 ἔμπροσθεν
3211 5036 3402 5091 αὑτοῦ
3422 5037 3541 5106 πῦρ
3559 5038 3707 5093 dra-

2117 5125 2359 5189 λίσκον,
2387 5125 2487 5179 καὶ
2517 5126 2591 5180 τὰ
2619 5128 2811 5181 ὀπίσω
2847 5129 3034 5183 αὐτοῦ
3090 5127 3472 5198 ἁναπτομένη
3516 5128 3700 5197 φλόξ.

2130 5214 2227 5280 Ὠς
2253 5215 2621 5284 παράδεισος
2636 5217 2869 5287 τρυφῆς
2902 5218 2940 5285 ἡ
2970 5216 3046 5287 γῆ
3081 5219 3193 5287 πρὸ
3234 5216 3561 5287 προσώπου
3596 5223 3706 5273 αὐ-

2114 5301 2244 5366 τοῦ,
2285 5303 2387 5357 καὶ
2440 5305 2511 5360 τὰ
2546 5305 2798 5362 ὄπισθεν
2849 5307 3037 5363 αὐτοῦ
3076 5307 3289 5362 πεδίον
3332 5308 3702 5379 ἀφανισμοῦ,

2116 5395 2215 5449 καὶ
2242 5395 2692 5469 ἁνασωζόμενος
2728 5401 2841 5453 οὐκ
2874 5398 3045 5454 ἔσται
3082 5399 3261 5467 αὐτῷ.

2186 5488 2303 5555 ἶς’.
2338 5489 2572 5562 Ὀρθρον
2619 5491 2918 5547 ἀποκαλεῖν
2977 5492 3151 5548 ἔοικεν
3202 5495 3235 5566 ἢ
3282 5495 3381 5567 τὴν
3414 5497 3473 5551 ὲν
3516 5494 3702 5565 ὄρθρῳ

426 5592 539 5634 rem
571 5578 663 5647 qui
703 5580 955 5636 universe
1013 5595 1111 5650 per
1145 5581 1280 5635 tiues
1316 5578 1553 5649 regionis
1582 5578 1832 5645 diffusus,
1867 5579 2003 5633 nihil

2152 5580 2322 5651 ρόσον,
2358 5581 2393 5653 ἢ
2415 5582 2636 5637 ἐπειδὰν
2664 5583 2800 5650 ὅλως
2819 5585 3159 5658 καταχέηται
3179 5585 3289 5642 τῶν
3313 5588 3480 5661 ὅρων,
3502 5586 3701 5657 ἀφίησι

489 5749 537 5825 ss
562 5751 664 5812 ba,
724 5770 835 5822 xu,
892 5754 979 5823 17,
1032 5754 1122 5809 18,
1180 5755 1232 5815 ,θ’
1279 5752 1381 5810 lsa.
1418 5770 1511 5821 xu,
1548 5754 1601 5810 ’5.
1664 5754 1882 5811 "Psal.
1947 5770 2111 5826 xxxv,
2139 5756 2193 5812 9.

394 6132 487 6263 ιλ.
