4054 6482
307 243 415 300 3.37
1217 242 1778 305 COMMENTARIUS
1820 247 1886 302 IN
1925 246 2195 304 JOELEM
2236 247 2685 306 PROPHETAM.
3509 263 3617 319 ὅδε

303 365 414 430 τῶν
433 365 494 418 ὲν
517 364 704 428 αὐτοῖς
733 364 886 419 οὐδὲν
913 363 1317 436 ἀκατάρδευτον
1337 385 1350 400 ·
1383 371 1552 440 ἤγουν
1568 369 1667 434 τὰς
1690 371 1902 443 πρώτας

2021 368 2074 423 iu
2110 369 2242 440 ipsis
2289 371 2492 425 siccum
2519 371 2778 441 relinquit
2803 390 2816 438 ;
2839 381 2929 428 aut
2960 384 3109 430 certe
3133 376 3336 446 primos
3368 378 3496 434 solis
3525 398 3614 434 ra-

301 456 455 527 ἡλίου
487 456 673 528 βολάς,
708 457 930 511 καὶ-τοῦ
959 458 1136 526 φωτὸς
1181 460 1280 530 τῆς
1315 463 1532 536 ἡμέρας
1565 462 1664 534 τὴν
1695 462 1824 516 εὐθύ
1856 483 1914 518 τε

297 547 399 602 καὶ
423 549 484 602 ὲ)
509 548 656 619 ἀρχῇ
689 546 1030 617 ἀνάλαμψιν,
1082 549 1117 620 ἢ
1156 553 1276 615 ταῖς
1311 555 1580 623 κορυφαῖς
1607 553 1715 606 τῶν
1742 552 1916 624 ὀρέων

295 639 395 694 καὶ
431 639 543 711 πρό
583 656 646 708 γε
678 638 791 691 τῶν
837 638 1014 693 ἄλλων
1063 644 1350 713 μονονουχὶ
1384 645 1480 697 καὶ
1511 643 1862 716 ἐνευρύνεται
1897 686 1910 710 ,

295 732 392 786 καὶ
422 731 855 802 κατερυθραίνει
896 731 1142 802 βουνούς.
1177 734 1363 799 Οὕτως
1399 738 1566 806 φησὶν
1599 739 1691 790 ἐπὶ
1717 739 1785 790 τά
1810 739 1910 810 δρη

297 825 528 879 ἔσεσθαι
566 826 657 880 τὸν
687 827 818 879 λαὸν
847 828 940 880 τὸν
971 829 1214 899 ἰσχυρὸν,
1266 830 1494 900 ἀκρῖδας
1523 832 1704 902 τυχὸν,
1743 833 1912 903 ἤγουν

296 918 355 984 ἐξ
387 918 716 988 ὁμοιότητος
751 918 955 983 αὐτῶν,
990 919 1100 972 τῶν
1147 921 1472 992 Ἀσσυρίων,
1510 923 1585 986 ὡς
1620 926 1677 976 ὲν
1708 923 1914 994 πληθυῖ

294 1009 614 1080 νοουμένων
649 1010 1047 1082 άπαραϐλήτῳ.
1075 1012 1298 1075 Λοιπὸν,
1327 1031 1346 1063 ‹
1377 1015 1608 1084 Ὃμοιος
1646 1014 1774 1086 γὰρ,
1807 1031 1911 1083 φη-

297 1104 408 1164 σὶν,
438 1103 591 1172 αὐτῷ
621 1104 683 1156 οὐ
709 1104 936 1172 γέγονεν
967 1104 1077 1158 ἀπὸ
1105 1103 1200 1158 τοῦ
1227 1105 1445 1171 αἰῶνος,
1467 1105 1589 1160 οὔτε
1627 1107 1734 1177 μὴν
1755 1107 1909 1160 ἔσται

296 1195 451 1249 ποτέ.
500 1215 519 1247 ι
567 1195 793 1266 Ἐπειδὴ
841 1194 898 1248 δὲ
927 1197 1051 1258 ταῖς
1083 1196 1194 1250 τῶν
1220 1197 1460 1268 ἀκρίδων
1503 1197 1766 1266 ὲμ6ολαῖς
1816 1197 1912 1250 δα-

292 1290 538 1342 πανᾶται
567 1288 666 1358 μὲν
692 1287 755 1341 τὸ
793 1289 1194 1361 παρεμπῖπτον
1239 1287 1401 1351 εὐθύς
1425 1305 1438 1319 ο
1473 1290 1520 1341 εἰ
1555 1288 1612 1342 δὲ
1649 1289 1823 1360 δήπου
1853 1306 1906 1342 τι

290 1381 388 1434 καὶ
431 1379 820 1451 περιλειφθείη
853 1379 1036 1449 τυχὸν,
1083 1379 1244 1452 ἔργον
1279 1383 1374 1434 καὶ
1428 1381 1562 1436 αὐτὸ
1604 1382 1757 1436 ἔσται
1795 1382 1906 1434 τῶν

291 1474 584 1545 ἑπομένων
631 1475 752 1536 ταῖς
783 1471 1054 1545 πρώταις,
1089 1492 1106 1524 ‹
1151 1472 1268 1544 ΙΙῦρ
1298 1474 1609 1539 ἀναλίσκον,
1651 1494 1668 1526 ι
1705 1475 1810 1546 ἔφη
1837 1475 1907 1528 τὰ

290 1565 612 1639 ἔμπροσθεν
639 1565 830 1632 αὑτοῦ,
859 1565 1036 1636 φλόγα
1052 1566 1108 1620 δὲ
1132 1567 1523 1638 ἀναπτομένην
1557 1567 1625 1621 τά
1673 1569 1904 1623 κατόπιν

287 1663 384 1714 καὶ
416 1661 688 1731 ἑπόμενα.
708 1658 882 1713 Τοῦτο
906 1660 962 1714 δὲ
994 1661 1128 1714 αὐτὸ
1164 1661 1443 1732 δράσειεν,
1471 1656 1628 1734 οἶμαί
1653 1681 1777 1724 που,
1807 1665 1903 1718 καὶ

2021 460 2160 528 dios,
2217 473 2272 516 et
2321 462 2503 516 diurni
2572 457 2794 518 luminis
2861 467 3200 533 repentinum
3256 483 3320 522 ac
3380 469 3612 540 primum

2017 551 2386 620 Splendorem,
2416 553 2506 622 qui
2551 554 2603 606 in
2627 554 2772 623 jngis
2809 555 3068 609 montium
3105 558 3255 626 prius
3285 561 3614 628 expanditur

2016 655 2069 696 et
2100 642 2262 714 215
2296 659 2568 713 purpurea
2599 645 2719 698 luce
2756 646 2918 701 colles
2963 649 3251 703 c0nvestit.
3289 649 3380 705 Sic
3409 652 3486 705 ait
3519 669 3613 706 su-

2014 751 2112 804 per
2139 743 2350 791 montes
2379 735 2495 791 fore
2522 738 2773 807 populum
2827 737 3045 804 fortem,
3099 740 3360 809 locustas,
3424 746 3610 810 credo,

2015 837 2105 882 aut
2135 843 2199 883 ex
2238 829 2594 884 similitudine
2633 831 2900 899 ipsarum,
2931 832 3300 903 Assyriorum,
3333 850 3428 904 per
3475 837 3612 889 mul-

2015 922 2300 976 titudinem
2354 923 2835 992 incomparabilem
2892 925 3314 980 intellecturum.
3379 926 3612 998 Suhjicit

2011 1015 2157 1069 enim
2189 1031 2337 1083 mox,
2366 1035 2385 1068 ι
2425 1014 2631 1071 Similis
2665 1019 2711 1070 ei
2743 1034 2844 1071 non
2899 1017 3001 1072 fuit
3031 1034 3060 1072 a
3131 1021 3358 1084 saeculo,
3385 1031 3439 1074 et
3490 1031 3610 1090 post

2010 1121 2132 1162 eum
2159 1121 2269 1162 non
2299 1107 2457 1165 erit.»
2487 1108 2753 1175 Quoniam
2785 1118 2964 1164 autem
2998 1111 3330 1166 locustarum
3357 1113 3612 1184 irruptio-

2011 1199 2170 1254 nibus
2215 1200 2358 1268 quod
2399 1201 2639 1255 occurrit
2697 1199 2987 1255 confestim
3033 1205 3392 1268 consumitur,
3445 1216 3500 1259 et
3564 1205 3608 1260 si

2009 1290 2206 1347 alicubi
2231 1292 2505 1362 quidpiam
2539 1293 2677 1348 forte
2703 1292 3051 1364 superfuerit,
3088 1295 3320 1366 idipsmn
3350 1313 3470 1367 qua:
3495 1301 3606 1367 pri-

2009 1397 2127 1437 mas
2167 1393 2469 1454 sequuntur
2503 1384 2822 1453 absumunt,
2866 1387 3040 1457 tignis
3071 1404 3420 1454 consumens,
3463 1411 3483 1443 s
3523 1392 3606 1444 in~

2007 1476 2143 1544 quit,
2176 1489 2239 1530 ea
2271 1492 2394 1546 quae
2446 1487 2576 1532 ante
2606 1477 2804 1548 ipsum,
2838 1476 3056 1533 llatnma
3113 1492 3290 1536 autem
3347 1498 3608 1539 succensa

2007 1568 2060 1621 iu
2092 1568 2196 1634 his,
2231 1584 2351 1638 quae
2377 1578 2498 1638 post
2527 1570 2726 1636 ipsum,
2765 1580 2819 1625 et
2843 1574 3218 1640 sequentibus.
3270 1573 3384 1629 IIoc
3430 1575 3608 1645 ipsum

2009 1660 2227 1726 facient,
2258 1669 2406 1730 puto,
2439 1672 2494 1716 et
2552 1663 2772 1717 hostiles
2817 1667 3006 1733 cupim.
3037 1663 3202 1718 Plane
3236 1667 3380 1719 enim
3410 1682 3609 1736 prace-

285 1752 576 1823 πολεμίων
637 1751 888 1824 στρατός.
933 1752 1198 1823 Ἔψονται
1251 1752 1360 1823 γὰρ
1389 1754 1610 1817 πάντως
1640 1757 1761 1817 ταῖς
1793 1755 1900 1807 τῶν

2011 1753 2254 1807 dentium
2304 1755 2617 1822 superbiam
2656 1762 2709 1808 et
2764 1757 3138 1824 arrogantiam
3212 1758 3604 1824 imitabuntur,

285 1845 626 1915 φθασάντων
674 1844 1012 1916 ἀγερωχίαις
1065 1843 1200 1915 ὁμοῦ
1247 1844 1342 1898 καὶ
1372 1844 1684 1909 αὐθαδείαις
1729 1846 1822 1900 καὶ
1853 1847 1903 1899 οἱ

284 1939 530 1992 κατόπιν
595 1937 768 2001 ἰόντες
815 1936 1014 2009 βραχύ.
1077 1938 1404 2009 Ποιήσονται
1457 1937 1514 1991 δὲ
1553 1937 1651 2010 τὴν
1685 1938 1790 2008 γῆν
1827 1939 1904 2002 ὡς

283 2032 506 2104 τρυφῆς
537 2031 890 2104 παράδεισον,
924 2033 1096 2104 ἄρδην
1120 2031 1534 2102 ἀποκείροντες,
1568 2033 1662 2086 καὶ
1699 2035 1904 2086 ὲνσπα-

286 2125 568 2189 ταλῶντες
603 2127 720 2189 τοῖς
773 2126 1214 2197 εὑρισκομένοις.
1251 2126 1406 2196 Ἔχει
1455 2125 1514 2179 δὲ
1555 2125 1615 2178 τὸ
1652 2125 1848 2196 ἀληθὲς
1874 2127 1902 2178 ό

286 2220 479 2289 λόγος,
513 2201 697 2272 καὶέί
723 2220 812 2272 ἐπ’
836 2221 1007 2291 αὐτῆς
1036 2220 1326 2291 ἐκφέροιτο
1356 2218 1455 2287 τῆς
1483 2219 1724 2289 ἀκρίδος.

387 2315 472 2378 Ως
507 2311 724 2381 ὅρασις
756 2312 978 2376 ἵππων,
1022 2313 1060 2380 ἡ
1111 2311 1325 2379 ὅρασις
1378 2307 1614 2375 αὐτῶν,
1677 2310 1776 2362 καὶ
1823 2309 1902 2375 ὼς

284 2405 529 2472 ἱππεῖς,
581 2404 775 2471 οὕτως
808 2401 1298 2466 καταδιώξονται.
1350 2403 1447 2467 Ὠς
1498 2399 1669 2470 φωνὴ
1710 2399 1899 2468 ἁρμά-

286 2518 408 2555 των
435 2499 535 2553 ἐπὶ
571 2497 681 2564 τὰς
713 2495 984 2566 κορυφὰς
1023 2494 1142 2549 τῶν
1169 2495 1354 2563 ὀρέων
1379 2493 1764 2558 ἐξαλοῦνται,
1804 2490 1902 2545 καὶ

279 2594 367 2659 ὡς
394 2589 571 2662 φωνὴ
604 2589 838 2659 φλογὸς
868 2588 1061 2656 πυρὸς
1105 2589 1552 2654 κατεσθιούσης
1593 2584 1898 2654 καλάμην,

281 2687 387 2742 καὶ
419 2686 503 2752 ὡς
538 2683 692 2750 λαός
725 2682 920 2749 πολὺς
949 2681 1047 2736 καὶ
1073 2677 1326 2749 ἰσχυρὸς
1359 2679 1901 2747 παρατασσόμενος

279 2781 374 2846 εις
407 2779 708 2846 πόλεμον.

358 2875 464 2928 ΙΖ¹.
498 2872 613 2943 Τὴν
642 2869 867 2940 ἀκρίδα,
906 2869 1002 2922 καὶ
1032 2867 1124 2921 τὸν
1167 2865 1417 2938 βροῦχον,
1466 2865 1514 2918 εἰ
1553 2865 1618 2935 δὴ
1649 2863 1900 2935 φέροιντο

291 2965 442 3021 κατά
473 2962 673 3036 χωρῶν
731 2961 827 3016 καὶ
862 2961 1093 3022 πόλεων,
1116 2958 1266 3013 οὐδὲν
1295 2960 1354 3011 ἐν
1395 2956 1572 3030 μεὶοσί
1595 2975 1760 3027 φησιν
1790 2956 1902 3009 ἕσε-

281 3055 412 3110 σθαι
443 3056 618 3109 ἵππου
653 3053 756 3122 τῆς
797 3049 1218 3122 μαχιμωτάτης.
1254 3047 1412 3102 Οὕτω
1454 3048 1562 3119 γὰρ
1596 3065 1899 3118 κατασκιρ-
1926 3095 1968 3153 C

275 3149 446 3218 τήσει
475 3145 578 3215 τῆς
614 3143 742 3214 γῆς,
779 3143 854 3206 ὡς
886 3141 1028 3211 τάχα
1052 3157 1156 3193 που
1188 3139 1282 3194 καὶ
1303 3140 1568 3210 ἁρμάτων
1592 3140 1898 3211 ἀπομιμεῖ-

277 3239 414 3293 σθαι
440 3237 668 3289 κτύπον.
708 3234 976 3296 Ἀπάσαις
996 3250 1055 3286 τε
1077 3232 1187 3304 γὰρ
1208 3232 1614 3304 ὲπιθρώσκουσι
1631 3235 1897 3303 κορυψαῖς

274 3331 484 3405 ὀρέων,
519 3329 893 3383 καθίπτανται
923 3326 980 3380 δὲ
1008 3327 1101 3379 καὶ
1126 3325 1318 3396 βουνοῦ
1340 3323 1565 3388 παντὸς,
1587 3325 1681 3378 καὶ
1701 3325 1899 3394 φλογὸς

274 3426 654 3484 ἀποτελοῦσιν
695 3425 837 3496 ἠχὴν
888 3422 1368 3493 καταπιμπράσης
1433 3420 1709 3490 καλάμην.
1761 3419 1898 3471 Φασὶ

272 3523 397 3593 γὰρ
467 3522 532 3574 οὐ
593 3521 718 3589 δίχα
769 3517 981 3571 κτύπου
1036 3513 1376 3588 πράττεσθαι
1429 3512 1558 3584 παρ’
1609 3511 1788 3566 αὐτῶν
1839 3513 1897 3563 ὲν

273 3619 481 3688 ἀγροῖς
507 3615 606 3686 τὴν
627 3613 1015 3668 κατάπτωσιν·
1069 3609 1190 3681 ὴχὼ
1239 3608 1296 3662 δέ
1336 3623 1457 3661 τινα
1506 3605 1616 3660 τῶν
1670 3606 1896 3658 ὀδόντων

271 3708 676 3766 ἀποτελεῖσθαι
728 3705 1000 3778 βληχρὰν,
1041 3699 1529 3775 περιθραυομένων
1562 3698 1753 3762 αὑταῖς
1790 3697 1897 3750 τῶν

271 3801 687 3866 πεπτωκότων,
717 3799 794 3863 ὼς
831 3799 1037 3867 ἀνέμου
1082 3795 1253 3864 φλόγα
1311 3790 1770 3864 διαρῤιπίζοντος.
1834 3789 1896 3841 Εἰ

269 3896 343 3950 δὲ
397 3894 484 3947 δεῖ
513 3891 794 3961 πολεμίων
844 3889 988 3959 δχλῳ
1023 3886 1196 3958 αὐτὴν
1245 3881 1700 3956 παρεικάζεσθαι.
1735 3879 1897 3933 πάλιν

271 3990 348 4045 τὸ
378 3988 615 4050 ἀπεικὸς
644 3985 801 4039 οὐδέν
823 4001 837 4016 ο
877 3983 1031 4055 ᾄττει
1058 3981 1167 4052 γὰρ
1198 3979 1341 4033 κατὰ
1374 3977 1605 4048 πληθὺν,
1626 3975 1721 4028 καὶ
1740 3973 1896 4041 ὀλίγα

269 4083 402 4144 τοῖς
426 4075 838 4150 ἀνδριζομένοις
871 4074 930 4126 ὲν
969 4073 1173 4143 μάχαις
1219 4067 1557 4139 παραχωρεῖ.
1590 4063 1757 4134 Βορὸν
1789 4061 1896 4133 γάρ

271 4174 348 4225 τὸ
369 4172 589 4243 χρῆμα,
609 4169 704 4222 καὶ
729 4168 818 4222 διά
853 4166 1064 4236 πληθὺν
1092 4161 1404 4236 ἀμέτρητον
1440 4160 1542 4211 οὐκ
1578 4153 1898 4222 εὐκαταγώο

275 4281 495 4329 νιστον,
546 4261 749 4334 μᾶλλον
797 4259 854 4314 δὲ
889 4259 984 4312 καὶ
1027 4256 1382 4326 δυσάντητον.
1420 4251 1480 4305 Ὀ
1518 4249 1682 4312 αὐτὸς
1729 4247 1774 4300 δ’
1829 4246 1896 4300 ἂν

276 4359 508 4429 γένοιτο
534 4357 627 4410 καὶ
649 4354 779 4426 περί
812 4352 922 4406 τῶν
951 4348 1256 4422 Ἀσσυρίων
1278 4347 1465 4415 λόγος·
1497 4343 1545 4396 εξ
1571 4343 1627 4396 δὲ
1656 4340 1898 4412 βούλοιτό

2006 1846 2098 1915 qui
2148 1861 2314 1915 parvo
2363 1845 2653 1902 intervallo
2681 1858 3106 1914 consequentur.
3154 1849 3380 1905 Facient
3423 1861 3604 1906 autem

2010 1950 2212 1993 terram
2260 1947 2319 1993 ut
2351 1939 2660 2010 paradisum
2710 1939 3022 2009 voluptatis,
3049 1941 3262 2011 penitus
3310 1943 3607 2012 spoliantes

2006 2047 2149 2098 eam,
2191 2041 2247 2087 et
2293 2031 2651 2102 voluptariam
2709 2033 2960 2088 viventes
2994 2027 3172 2088 'vitam
3223 2035 3276 2089 in
3317 2035 3428 2102 his,
3485 2051 3607 2106 qure

2006 2125 2058 2178 in
2087 2139 2150 2180 ea
2187 2125 2514 2180 invenerint.
2542 2123 2656 2181 Hoc
2697 2139 2882 2181 verum
2913 2137 2996 2182 est
3018 2170 3032 2192 ,
3061 2128 3223 2183 etiam
3267 2129 3310 2184 si
3339 2129 3406 2184 de
3455 2129 3606 2184 loeu-

2006 2217 2106 2273 stis
2135 2218 2539 2285 pronuntietur.

2081 2308 2242 2364 Vtans.
2277 2309 2341 2374 4,
2379 2309 2430 2363 5.
2470 2307 2620 2363 Sicut
2656 2309 2786 2363 visio
2821 2325 3072 2379 equorum
3107 2321 3346 2377 aspectus
3380 2325 3560 2363 eorum
3585 2347 3601 2372 ,

2003 2412 2050 2456 et
2078 2403 2209 2456 sicut
2239 2403 2456 2472 equites,
2483 2403 2559 2455 sic
2586 2413 2984 2472 persequentur.
3007 2399 3155 2454 Sicut
3190 2417 3288 2454 vox
3313 2401 3605 2471 quadriga-

2005 2512 2121 2547 rum
2163 2511 2321 2563 super
2358 2496 2573 2548 uertices
2620 2495 2882 2546 montium
2923 2495 3194 2559 exsilient,
3238 2505 3284 2548 et
3328 2495 3460 2548 sicut
3505 2511 3604 2548 vox

2002 2588 2232 2654 ﬂamma:
2273 2587 2408 2656 ignis
2451 2586 2749 2639 devorantis
2789 2586 3071 2653 stipulam,
3115 2595 3164 2641 et
3205 2587 3336 2640 sicut
3375 2587 3602 2656 papulas

2001 2678 2196 2733 multus
2223 2691 2268 2732 et
2303 2677 2457 2747 fortis
2488 2687 2712 2748 paratus
2744 2681 2812 2731 ad
2844 2679 3104 2746 prtelium.

2070 2855 2234 2910 XVII.
2275 2855 2560 2913 Locustam
2594 2867 2648 2911 et
2677 2857 2966 2925 bruchum,
2998 2859 3042 2912 si
3076 2859 3126 2912 in
3161 2873 3319 2928 agros
3349 2869 3405 2914 et
3434 2861 3598 2914 urbes

2003 2948 2242 3014 irruant,
2296 2966 2403 3003 non
2466 2951 2646 3005 minus
2697 2950 2882 3005 valere
2941 2950 3018 3004 ait
3075 2966 3237 3021 quam
3299 2954 3599 3021 equitatuut

2003 3040 2621 3111 bellicosissimum.,Sic
2652 3043 2796 3097 enim
2830 3059 2859 3097 e
2892 3051 3035 3096 terra
3067 3044 3342 3108 exsilient,
3373 3056 3430 3098 ιιι
3465 3060 3602 3114 pene

2001 3145 2055 3192 ct
2087 3135 2477 3206 quadrigarum
2508 3135 2746 3190 sonitum
2780 3136 3085 3192 imitentur.
3116 3137 3180 3191 Et
3212 3151 3377 3204 super
3401 3152 3599 3195 omnes

2003 3229 2270 3284 montium
2297 3228 2530 3284 vertices
2557 3227 2960 3296 subsultabuut,
2991 3237 3045 3284 et
3072 3229 3138 3284 de
3167 3233 3312 3283 omni
3341 3231 3478 3285 colle
3503 3233 3601 3286 de-

2001 3322 2290 3390 volabunt,
2331 3332 2386 3376 et
2425 3320 2660 3377 ﬂamma:
2702 3323 2968 3392 crepitum
3017 3323 3269 3392 stipulam
3317 3327 3600 3382 exurentis

2000 3415 2184 3469 edent.
2210 3413 2417 3469 Ferunt
2441 3414 2588 3469 enim
2619 3428 2724 3468 non
2753 3414 2891 3468 citra
2921 3417 3207 3484 strepitum
3234 3431 3328 3471 eas
3357 3417 3409 3470 in
3439 3432 3600 3488 agros

2002 3508 2284 3574 decidere,
2318 3516 2375 3562 et
2408 3507 2650 3562 sonitum
2689 3523 2794 3561 non
2835 3516 3053 3563 tenuem
3091 3509 3267 3563 audiri
3306 3509 3432 3564 dum
3470 3526 3600 3581 pro-

2002 3611 2202 3656 stratas
2219 3600 2404 3672 fruges
2421 3601 2674 3656 dentibus
2691 3600 3048 3667 commolunl,
3069 3617 3165 3656 ceu
3185 3600 3418 3658 ﬂammis
3437 3613 3600 3659 vento

2001 3692 2338 3748 diffundente
2379 3693 2795 3764 crepitantibus.
2833 3693 2986 3760 Quod
3021 3694 3065 3748 si
3101 3710 3195 3750 eas
3228 3695 3465 3750 hostium
3500 3711 3598 3750 cu-

2003 3787 2119 3840 neis
2153 3800 2472 3856 comparare
2507 3787 2772 3854 velimus,
2809 3787 2942 3842 nihil
2979 3789 3271 3843 absurdum
3311 3788 3598 3846 faciemus.

2001 3877 2211 3933 Nocent
2247 3879 2392 3934 enim
2430 3879 2814 3945 multitudine,
2847 3890 2900 3934 et
2933 3881 3068 3936 viris
3103 3881 3157 3935 in
3195 3895 3370 3951 pugna
3405 3896 3598 3952 parum

2000 3971 2218 4026 cedunt.
2247 3971 2352 4025 Res
2379 3971 2540 4036 edax,
2567 3981 2621 4026 et
2647 3983 2869 4041 propter
2894 3974 3217 4027 immensam
3245 3973 3457 4042 cepiam
3491 3989 3598 4028 non

2002 4064 2159 4119 facile
2192 4063 2600 4134 expugnabilis,
2643 4064 2727 4118 vel
2770 4055 2951 4133 potius
2989 4076 3300 4133 Oppugnatu
3338 4063 3595 4119 dillicilis.

2005 4155 2116 4210 Hoc
2146 4155 2290 4210 idem
2323 4155 2390 4210 de
2413 4154 2659 4227 Assyriis
2687 4155 2868 4210 dicere
2900 4154 3049 4209 licet.
3081 4154 3233 4221 Quod
3265 4155 3310 4210 si
3340 4155 3424 4209 cui
3456 4155 3599 4210 forte

2002 4249 2197 4316 placet,
2230 4248 2371 4302 idem
2409 4248 2475 4301 de
2510 4247 2879 4302 Romanorum
2913 4247 3161 4301 exercitu
3197 4260 3305 4301 non
3341 4245 3480 4301 male
3513 4245 3598 4299 af-

2003 4338 2216 4406 ﬁrmet,
2266 4339 2356 4409 qui
2408 4339 2584 4394 instar
2629 4338 2854 4394 locusta:
2905 4337 3158 4395 Israelem
3213 4338 3268 4393 in
3317 4336 3595 4394 Christum

277 4468 376 4513 τις
430 4449 574 4518 τάχα
615 4463 719 4502 που
761 4445 855 4498 καὶ
904 4443 1035 4514 περ)¹
1089 4440 1260 4509 αὐτῆς
1309 4438 1411 4506 τῆς
1445 4435 1555 4488 τῶν
1605 4432 1898 4503 Ῥωμαίων

2011 4429 2324 4487 sceleratum
2357 4431 2567 4502 depasti
2601 4440 2747 4487 sunt.

282 4539 620 4603 στρατείας,
665 4537 714 4590 οἳ
766 4536 924 4605 δίκην
959 4533 1182 4605 ἀκρίδος
1218 4529 1310 4584 τὸν
1363 4527 1581 4599 Ἰσραὴλ
1615 4522 1900 4595 κατεδηδό-

280 4649 457 4688 κασιν
473 4633 556 4694 εἰς
579 4629 817 4700 Χριστὸν
835 4622 1369 4697 πεπλημμεληκότα,
1392 4617 1662 4673 οὐδὀὓτω
1689 4615 1898 4678 κακῶς.

378 4725 522 4780 Ἀπὸ
560 4721 890 4791 προσώπου
920 4717 1110 4774 αὐτοῦ
1134 4713 1643 4783 συντριϐἡσονται
1669 4708 1828 4763 λαοί.

364 4816 480 4870 III'.
513 4815 720 4886 Χρῆμα
743 4813 872 4883 γὰρ,
894 4810 970 4872 ὡς
994 4808 1155 4880 ἔφην,
1189 4807 1402 4878 ἄμαχον
1429 4805 1522 4858 καλ¹
1545 4798 1899 4867 δυσκαταγώ-

287 4926 478 4963 νιστον
537 4905 822 4967 παντελῶς
873 4900 1222 4972 ἀνθρώποις,
1283 4897 1512 4970 βρούχου
1555 4894 1647 4948 καὶ
1681 4892 1903 4963 ἀκρίδος

287 5001 502 5075 ἐμϐολή
512 5042 526 5055 .

363 5094 502 5150 Πᾶν
533 5093 862 5163 πρόσωπον
880 5090 962 5156 ὡς
989 5089 1352 5157 πρόσκαυμα
1386 5084 1626 5153 χύτρας.

367 5190 474 5242 ιθι.
524 5184 748 5255 Ἀληθές
781 5183 913 5254 γὰρ,
936 5183 1020 5236 ὅτι
1056 5179 1272 5252 δείμασί
1303 5194 1361 5231 τε
1412 5175 1508 5230 καὶ
1534 5175 1734 5238 λύπαις
1783 5176 1904 5237 ταῖς

293 5283 601 5354 ἀφορήτοις
623 5279 736 5331 ἐσθ’
760 5278 849 5330 ὅτε
868 5275 965 5330 καὶ
993 5275 1027 5346 ἡ
1055 5273 1163 5327 τῶν
1185 5267 1496 5344 προσώπων
1523 5267 1658 5338 ἄνθη
1704 5267 1901 5338 μαραί-

294 5393 476 5437 νεται,
509 5372 605 5426 καὶ
641 5364 1109 5439 καταμελαίνεταί
1150 5379 1268 5426 πως
1315 5362 1397 5425 εἰς
1426 5359 1488 5412 τὸ
1532 5358 1766 5421 ἀκαλλὲς
1788 5361 1901 5421 τοῖς

297 5467 364 5517 ὲκ
388 5462 485 5518 νοῦ
514 5460 766 5532 θορύϐοις
798 5455 1084 5528 μονονουχὶ
1115 5448 1626 5526 μεταχρωννυμένη.

385 5667 487 5732 Ὦς
509 5663 771 5734 μαχηταὶ
805 5655 1290 5734 διαδραμοῦιιςτας,
1325 5653 1421 5734 καὶ
1458 5651 1539 5718 ὠς
1565 5648 1779 5718 ἄνδρες
1800 5665 1900 5703 πο.

301 5725 1042 5807 λεμισὲαὶ’ἀναϐήσονται
1073 5727 1169 5780 ἐπὶ
1207 5725 1278 5778 τὰ
1303 5725 1492 5790 τείχη.

2077 4699 2241 4753 Vens.
2277 4697 2330 4754 6.
2369 4699 2410 4751 A
2446 4698 2580 4767 facie
2611 4698 2726 4767 ejus
2759 4707 3097 4752 conterentur
3121 4701 3321 4766 populi.

2078 4789 2258 4844 XVIII.
2298 4789 2394 4844 Est
2433 4790 2610 4854 enim,
2651 4799 2712 4844 ιιι
2757 4790 2903 4856 dixi,
2944 4791 3374 4860 inexpugnabilis
3415 4801 3470 4846 et
3513 4793 3597 4846 in-

2003 4881 2324 4953 superabilis
2352 4881 2517 4952 216
2543 4883 2768 4936 omnino
2797 4882 3108 4937 hominibus
3138 4883 3330 4940 bruclti
3361 4895 3418 4940 et
3444 4884 3597 4941 locu-

2005 4985 2100 5029 stae
2129 4973 2378 5042 irruptio.

2079 5065 2264 5120 Omnis
2293 5064 2467 5119 vultus
2496 5065 2630 5119 sicut
2663 5063 2873 5118 adustio
2902 5064 3044 5118 οιιω.

2077 5157 2219 5213 XIX.
2259 5157 2460 5212 Verum
2493 5166 2577 5212 est
2604 5159 2748 5212 enim
2782 5156 3081 5212 terroribus
3106 5166 3162 5212 et
3191 5157 3426 5214 tristitiis
3453 5158 3591 5213 into-

2005 5251 2320 5306 lerabilibus
2359 5249 2650 5319 aliquando
2691 5257 2747 5303 et
2785 5247 2978 5304 ﬂorem
3012 5248 3191 5303 vultus
3229 5264 3584 5309 marcescere.

2004 5355 2058 5398 et
2084 5339 2358 5412 denigrari
2387 5339 2790 5411 quodammodo
2817 5341 2886 5394 ad
2911 5341 3308 5396 deformitatem
3326 5381 3342 5406 ,
3369 5341 3472 5396 illis
3501 5352 3586 5396 tu-

2006 5437 2262 5493 multibus
2313 5442 2524 5489 tantum
2575 5447 2678 5488 non
2736 5432 2791 5488 in
2844 5432 3007 5487 alium
3054 5432 3292 5488 colorem
3341 5449 3588 5488 commu-

2008 5539 2198 5586 talum.

2077 5621 2242 5676 Vens.
2273 5618 2326 5674 7.
2361 5616 2509 5673 Sicut
2547 5624 2861 5687 pugnatores
2895 5616 3212 5686 discurrant,
3243 5627 3290 5672 et
3323 5617 3458 5673 sicut
3494 5616 3592 5674 uin
3652 5637 3656 5640 ·

2009 5714 2282 5768 bellatores
2319 5711 2596 5764 asccnrlcut
2635 5727 2789 5779 super
2822 5725 3018 5764 muros.
