4054 6456
456 286 562 340 559

1452 280 1509 334 S.
1552 277 1821 334 CYRILLI
1857 278 2326 337 ALEXANDIIIM
2367 282 2688 338 ARCIIlI-.P.

3613 290 3723 350 360

535 398 655 456 XX.
694 397 1050 454 Incursabuut
1085 397 1227 451 enim
1266 396 1434 452 instar
1467 396 2033 462 bellicosissimorum,

2215 402 2298 454 K'.
2322 400 2781 473 Καταοἐ[υ]σουσι
2809 400 2917 472 γὰρ
2939 400 2995 453 ἐν
3020 399 3117 470 ἴσῳ
3144 401 3255 464 τοῖς
3276 402 3683 474 μαχιμωτάτοις
3708 422 3722 435 ·

462 491 764 544 terroribus
793 500 848 542 et
877 490 1090 558 pigritia
1122 487 1429 556 superiores
1450 525 1467 549 ,
1495 494 1552 539 et
1578 500 1738 553 super
1764 485 1875 555 ipsa
1906 500 2042 539 mte-

464 583 550 634 uin
599 596 657 635 se
700 582 922 644 tollent,
965 580 1116 649 quasi
1164 580 1424 632 audacem
1468 577 1821 648 irruptiouem
1868 576 2041 631 medi-

464 684 658 729 tantes.

533 785 700 839 Vens.
734 784 788 838 8.
822 784 889 837 Et
922 784 1276 853 unusquisque
1307 782 1362 833 in
1398 780 1479 834 via
1512 795 1610 833 sua
1642 778 1964 841 ambulabit,
1994 788 2040 830 et

463 894 568 931 non
593 877 929 930 declinabunt
951 895 982 929 a
1005 875 1199 929 semitis
1224 873 1354 937 suis,
1376 883 1420 925 et
1446 874 1801 943 unusquisque
1823 887 1854 922 a
1879 870 2042 938 fratre

461 985 557 1021 suo
591 985 695 1023 non
729 970 952 1022 recedet.

535 1081 677 1137 XXI.
715 1083 915 1137 Carent
940 1080 1082 1134 enim
1108 1094 1237 1149 rege
1264 1079 1512 1143 locustae,
1539 1087 1593 1132 ct
1617 1077 1908 1132 ordinatim
1936 1092 2044 1131 uno

464 1177 612 1233 velut
651 1178 807 1246 signo
848 1176 973 1230 dato
1016 1174 1070 1227 in
1112 1172 1504 1242 expeditionem
1547 1180 1767 1225 exeunt.
1803 1170 2045 1223 Narrant

466 1280 643 1325 autem
673 1284 768 1324 eas
801 1268 943 1322 serie
970 1265 1232 1336 quadam,
1264 1273 1318 1318 et
1347 1263 1503 1333 quasi
1537 1277 1631 1331 per
1659 1261 1807 1316 acies
1832 1260 2041 1327 volare,

466 1361 797 1429 minimeque
819 1358 1049 1427 seiungi,
1075 1365 1131 1410 et
1156 1356 1238 1410 sic
1261 1356 1500 1410 vicissim
1527 1352 1766 1408 oIIiciose
1791 1353 2044 1422 prosequi

465 1463 520 1506 et
552 1452 807 1507 assectari
826 1490 841 1514 ,
870 1465 934 1506 ac
963 1454 1009 1505 si
1038 1462 1257 1504 sorores
1282 1455 1493 1511 essent,
1528 1454 1774 1503 mutuum
1805 1459 2044 1500 amorem

465 1554 657 1599 natura
689 1544 793 1598 illis
823 1544 1189 1613 dispensante.

533 1657 816 1728 Aggravati
850 1657 905 1710 in
938 1655 1102 1709 armis
1133 1655 1242 1708 suis
1272 1653 1441 1707 ibunt.

535 1840 701 1896 XXII.
736 1841 924 1904 Arma,
946 1846 1006 1892 ut
1029 1836 1286 1898 arbitror,
1309 1833 1499 1888 dentes
1524 1830 1755 1886 fortasse
1780 1828 2044 1891 nominat,

465 1934 665 2007 quibus
693 1932 889 1986 bellum
922 1938 1136 2001 gerunt,
1167 1936 1221 1983 et
1248 1926 1397 1980 velut
1429 1926 1482 1980 in
1513 1938 1690 1995 pugna
1717 1922 1887 1979 edunt
1918 1922 2045 1977 faei-

467 2041 630 2092 nora,
663 2031 979 2092 consumpta
1017 2021 1219 2078 herba.
1253 2026 1433 2088 segete
1466 2024 1733 2086 prostrata
1765 2025 1819 2069 et
1852 2013 2050 2084 plantis

466 2119 741 2174 arefactis.

540 2232 605 2287 Et
637 2232 692 2286 in
712 2216 914 2301 jaculis
941 2227 1052 2282 suis
1080 2225 1291 2292 cadent,
1318 2233 1366 2277 et
1398 2238 1501 2277 non
1528 2228 1926 2275 consumentur.
2011 2253 2013 2257 ς

535 2432 726 2488 XXIII.
778 2429 1025 2484 Locustae
1061 2441 1163 2481 non
1209 2424 1422 2496 quidem
1465 2422 1692 2477 telorum
1737 2420 2048 2491 cuspidibus

466 2525 753 2580 vulnerant
785 2536 929 2590 quos
953 2524 1287 2589 oppugnant,
1315 2530 1415 2569 nec
1444 2529 1605 2569 arcus
1635 2514 1886 2568 alicunde
1916 2526 2047 2566 con-

469 2616 714 2672 tendunt.
744 2612 851 2668 Sed
883 2612 1011 2667 dum
1042 2620 1164 2680 apta
1197 2609 1314 2664 esui
1348 2608 1601 2677 perdunt,
1629 2605 1773 2661 fatue
1799 2614 1853 2660 et
1882 2619 2049 2674 penu—

467 2710 564 2764 riae
600 2707 897 2763 terroribus
934 2703 1114 2773 aliqu’o
1154 2700 1314 2754 modo
1351 2698 1702 2754 interﬁciunt.
1743 2696 1853 2752 Nec
1891 2709 2049 2765 porro

467 2801 538 2857 ad
574 2799 733 2855 talem
771 2796 1132 2851 calamitatem
1176 2791 1414 2848 redactis
1450 2790 1730 2845 commoda
1773 2788 1886 2842 ruri
1928 2802 2048 2856 per-

468 2895 599 2950 iisse
640 2892 774 2947 satis
810 2888 965 2944 erit:
1001 2887 1218 2956 insuper
1261 2885 1312 2939 in
1355 2883 1496 2939 ardes
1537 2890 1593 2938 et
1634 2882 1798 2937 urbes
1840 2883 2049 2950 ingres-

468 3002 612 3052 sum,
638 2994 693 3039 et
719 2982 978 3037 atrociter
1007 2979 1312 3034 turbantem
1342 2976 1673 3032 locustarum
1699 2972 2049 3029 sustinebunt

469 3076 791 3132 exercitum.
817 3074 923 3127 Aut
945 3071 1106 3127 etiam
1135 3070 1309 3138 ipsum
1332 3068 1615 3138 Assyrium
1641 3065 1726 3121 bis
1750 3063 1929 3118 verbis
1956 3062 2048 3115 de-

469 3174 758 3233 monstrat,
784 3183 804 3219 ι
832 3164 900 3219 Et
922 3178 1027 3218 non
1050 3168 1392 3216 consument.
1421 3177 1440 3211 ι
1468 3157 1701 3214 Perinde
1722 3170 1787 3211 ac
1813 3156 1856 3209 si
1882 3154 2050 3217 dicat,

466 3275 571 3316 nec
594 3261 700 3316 iste
727 3258 850 3313 ﬁnis
872 3255 978 3312 erit
1004 3254 1118 3321 im,
1144 3254 1286 3310 ultra
1312 3252 1461 3311 enim
1484 3248 1765 3321 procedet.
1796 3244 2054 3315 Sequitur

470 3366 704 3423 namque
733 3371 749 3409 :

538 3549 704 3605 Vens.
735 3547 792 3615 9,
825 3548 911 3603 10.
943 3545 1135 3602 Urbem
1165 3540 1550 3615 appreltendent
1570 3577 1584 3604 ,
1616 3545 1666 3593 et
1697 3552 1850 3607 super
1875 3551 2052 3590 muros

469 3643 796 3703 discurreret,
832 3654 990 3706 super
1020 3639 1203 3690 domos
1241 3633 1554 3693 accendent,
1591 3637 1641 3682 et
1676 3643 1767 3698 per
1799 3625 2053 3695 fenestras

467 3734 741 3788 intrabunt
778 3732 910 3785 sicut
950 3730 1114 3797 fures.
1152 3727 1287 3782 Ante
1328 3724 1517 3794 faciem
1554 3722 1666 3791 ejus
1705 3719 2055 3789 confundetur

469 3836 609 3881 terra
626 3867 641 3889 ,
664 3833 713 3879 et
737 3823 1142 3879 commovebitur
1158 3818 1344 3875 caelum
1356 3834 1376 3883 ;
1401 3816 1480 3872 sol
1500 3826 1545 3871 et
1571 3815 1694 3868 luna
1714 3811 2056 3869 contenebra-

469 3916 686 3980 buntur,
712 3925 759 3970 et
787 3914 956 3969 stellae
983 3913 1184 3966 mittent
1213 3911 1270 3966 in
1300 3925 1546 3965 occasum
1575 3907 1749 3963 lumen
1776 3920 1952 3961 suum.

538 4112 701 4183 217
733 4108 924 4165 XXIV.
961 4109 1131 4165 Audis
1167 4108 1542 4171 devolaturas,
1576 4113 1633 4159 et
1673 4115 1835 4172 super
1869 4112 2055 4154 muros

470 4206 618 4275 ipsos
650 4204 819 4268 urbis,
851 4211 907 4258 et
934 4214 991 4256 ut
1022 4201 1242 4257 herbam
1273 4198 1699 4268 deprtedaturas,
1730 4193 1874 4247 sicut
1900 4203 2055 4258 gras-

471 4306 678 4350 satores
701 4293 1041 4349 vestimentis
1062 4294 1302 4347 viatores
1328 4289 1553 4343 nudant.
1581 4285 1646 4338 Et
1672 4298 1768 4353 per
1790 4282 2056 4337 fenestras

470 4389 700 4453 irruent,
725 4395 780 4441 et
806 4384 1029 4455 populos
1056 4382 1478 4443 conturbabunt,
1503 4386 1711 4431 tantum
1739 4390 1843 4430 non
1870 4374 2052 4429 omnia

471 4477 782 4541 miscentes,
810 4482 869 4529 ut
891 4474 1001 4544 jam
1029 4480 1084 4526 et
1112 4472 1287 4540 ipsum
1312 4469 1511 4524 coelum
1537 4466 1749 4520 concuti
1778 4464 2049 4528 videatur,

471 4577 528 4622 et
550 4567 662 4632 sol,
687 4581 749 4621 ac
770 4566 926 4630 luna,
952 4574 1114 4633 atque
1133 4561 1298 4616 etiam
1325 4556 1495 4613 stella:
1518 4572 1673 4612 suum
1699 4556 1874 4611 lumen
1900 4556 2052 4626 quasi

473 4659 738 4714 inhibere.
767 4657 824 4711 In
854 4655 939 4711 bis
967 4668 1131 4723 porro
1157 4664 1374 4706 rursum
1402 4648 1578 4703 oratio
1601 4650 1744 4720 quod
1774 4649 1896 4704 addi
1929 4663 2055 4718 pos-

474 4751 565 4812 sit,
600 4750 735 4805 nihil
770 4747 1048 4815 relinquit,
1082 4752 1138 4799 et
1175 4752 1334 4797 teme
1366 4741 1760 4797 habitatoribus
1793 4741 2054 4796 intolera-

475 4840 634 4896 bilem
665 4855 730 4895 ac
757 4838 1003 4893 dolorum
1035 4833 1289 4889 refertam
1319 4832 1681 4889 calamitatem
1711 4842 1837 4889 ante
1865 4831 2054 4888 oculos

475 4932 646 5003 ponit.
677 4930 773 4985 Est
806 4937 985 4983 autem
1016 4940 1165 4991 vera,
1202 4924 1448 4994 quamvis
1483 4924 1552 4979 de
1587 4925 1862 4981 hominum
1897 4940 2057 4981 exer-

475 5024 584 5077 citu
621 5020 940 5090 accipiatur,
972 5031 1095 5071 cum
1132 5017 1384 5087 regiones
1413 5025 1468 5072 et
1501 5016 1664 5072 urbes
1697 5017 2049 5071 incursarint.

475 5113 651 5166 IoStar
676 5109 1007 5163 locustarum
1035 5106 1177 5161 enim
1209 5107 1391 5159 omnia
1422 5107 1754 5177 Operientes,
1784 5106 1933 5176 agris
1959 5107 2055 5161 de-

476 5201 780 5258 trimentosi
803 5208 947 5266 sunt,
969 5199 1213 5254 civitates
1231 5206 1446 5265 vexant,
1468 5214 1652 5254 muros
1675 5197 2051 5262 ascendentes,

475 5300 534 5347 et
563 5290 619 5347 in
653 5290 842 5346 domos
878 5289 1228 5358 invadentes,
1270 5289 1594 5360 feritateque
1628 5302 1754 5348 cum
1796 5288 2053 5345 horriﬁco

480 5388 641 5437 terra:
664 5388 814 5436 motu
840 5390 1129 5438 certantes.

548 5572 713 5633 Vnus.
756 5575 843 5631 II.
886 5574 955 5631 Et
994 5576 1246 5632 Dominus
1294 5575 1439 5631 dabit
1483 5591 1658 5631 vocem
1699 5586 1820 5631 ante
1861 5578 2050 5646 {aciem

487 5668 809 5737 (ortitudinis
837 5682 979 5736 suae;
1005 5671 1130 5733 quia
1160 5668 1328 5724 multa
1361 5677 1482 5724 sunt
1519 5666 1672 5724 nimis
1704 5678 1879 5725 castra
1913 5670 2048 5739 ejus,

2143 490 2304 542 ὅκνου
2342 509 2401 544 τε
2434 494 2697 563 ’ἀμείνους
2755 494 3101 563 ὑπάρχουσαι
3162 495 3255 546 καὶ
3288 494 3579 564 δειμάτων,
3633 498 3728 549 καὶ

2143 579 2323 630 αὐτῶν
2359 580 2827 650 ὑπεραρθήσονται
2857 582 2967 633 τῶν
3000 581 3216 653 τειχῶν,
3248 583 3505 654 θρασεῖαν
3532 582 3726 656 ῶσπερ

2142 670 2264 722 τινὰ
2298 669 2598 738 μελετῶσαι
2627 674 2724 742 τὴν
2754 672 3011 743 ἐμϐολήν.

2212 782 2320 836 Καὶ
2354 784 2611 849 ἕκαστος
2638 786 2707 838 ἐν
2730 785 2805 854 τῇ
2833 785 2952 851 ὀδῷ
2977 786 3164 840 αὐτοῦ
3198 788 3554 855 πορεύσεται
3588 830 3603 849 ,
3632 787 3728 841 καὶ

2144 876 2215 927 οὐ
2244 876 2330 944 μὴ
2363 877 2729 931 ἐκκλίνουσιν
2762 878 2870 943 τὰς
2923 880 3160 946 τρίϐους
3202 879 3421 945 αὐτῶν,
3457 881 3556 934 καὶ
3588 879 3731 934 ἐκα-

2144 982 2289 1034 στος
2320 968 2439 1023 ἀπὸ
2466 969 2572 1023 τοῦ
2604 970 2874 1040 ἀδελφοῦ
2903 974 3017 1026 οὐκ
3046 972 3353 1042 ἀφέξεται.

2216 1077 2346 1135 KA'.
2391 1080 2772 1136 Ἀὅασίλευτον
2799 1082 2909 1154 γὰρ
2935 1086 2968 1153 ἡ
3000 1085 3196 1156 ἀκρίςο
3230 1084 3586 1157 ἐκπρατεύει
3629 1086 3734 1158 μὲν

2144 1171 2255 1241 γάρ
2292 1172 2351 1239 ἐξ
2386 1173 2504 1236 ἐνὸς
2542 1174 2822 1238 εὐτάκτως
2855 1176 3246 1246 κελεύσματος.
3282 1178 3421 1232 Φασὶ
3470 1179 3527 1233 δὲ
3559 1181 3733 1244 αὐτὰς

2146 1264 2422 1333 στοιχηδὸν
2454 1266 2613 1329 ἰέναι,
2632 1267 2726 1320 καὶ
2751 1267 2826 1331 ὡς
2852 1268 2909 1321 ὲν
2935 1268 3089 1335 τάξει
3118 1269 3451 1333 διίπτασθαι,
3481 1274 3575 1325 καὶ
3601 1274 3734 1342 ἥκιι

2147 1372 2246 1411 στα
2272 1357 2370 1426 μὲν
2416 1358 2900 1427 ἀπονοσφίζεσθαι,
2954 1359 3245 1432 περιέπειν
3283 1362 3342 1415 δὲ
3371 1362 3544 1427 οὕτως
3562 1364 3733 1435 ἀλλή-

2145 1446 2264 1512 λας,
2294 1448 2494 1502 ὡσανεὶ
2514 1450 2609 1504 καὶ
2629 1452 2878 1522 ἀδελφαὶ,
2904 1451 3121 1520 φύσεως
3153 1453 3326 1525 αὐτῆς
3356 1454 3733 1529 βραϐευούσης

2145 1538 2207 1590 τὸ
2229 1538 2569 1611 φιλάλληλον.

2218 1654 2773 1724 Καταὸαρυνόμενοι
2796 1657 2868 1711 ὲν
2896 1657 3021 1723 τοῖς
3042 1657 3255 1725 ὅπλοις
3281 1659 3482 1714 αὐτῶν⁸
3517 1661 3735 1730 πορεύο

2075 1734 2117 1793 Β
2145 1756 2376 1801 vortat.

2222 1836 2348 1889 KB'.
2369 1836 2549 1890 Ὅπλα
2566 1838 2643 1897 δὲ.
2671 1837 2831 1909 οἶμαί
2862 1857 2987 1905 που,
3007 1842 3134 1905 τοὺς
3150 1842 3368 1906 ὀδόντας
3392 1845 3548 1914 φησὶ,
3567 1846 3633 1900 δι’
3657 1840 3738 1901 ὧν

2148 1927 2342 1991 αὐταῖς
2362 1929 2390 1979 ὁ
2415 1928 2673 1998 πόλεμος,
2693 1930 2788 1983 καὶ
2808 1930 2877 1984 τὰ
2901 1930 2977 1994 ὡς
2998 1933 3055 1984 ἐν
3081 1933 3282 2003 μάχαις
3310 1936 3733 2007 κατορθώματα,

2148 2014 2544 2089 δαπανωμένης
2576 2019 2673 2088 μὲν
2705 2020 2862 2086 πόας,
2893 2021 3046 2090 ληΐου
3077 2021 3134 2075 δὲ
3169 2021 3480 2088 πίπτοντος,
3507 2027 3602 2081 καὶ
3627 2046 3736 2099 φο·-

2149 2105 2259 2160 τῶν
2285 2107 2674 2178 ἀναινομένων.

2221 2219 2329 2272 Καὶ
2368 2219 2437 2273 ὲν
2459 2219 2584 2287 τοῖς
2607 2220 2863 2286 ,ϐέλεσιν
2889 2223 3087 2281 αὐτῶν
3133 2228 3482 2294 πεσοῦνται,
3516 2231 3619 2284 καὶ
3656 2233 3736 2286 οὐ

2144 2307 2231 2377 μὴ
2262 2312 2771 2369 συντελεσθῶσιν.

2226 2422 2353 2477 Kl".
2386 2423 2646 2478 Βάλλουσι
2679 2426 2778 2496 μὲν
2827 2426 3045 2498 ἀκρίδες
3089 2431 3151 2484 οὐ
3203 2429 3373 2500 βελῶν
3422 2431 3574 2486 ἀκίσι
3604 2431 3743 2498 τοὺς

2152 2516 2607 2587 πολεμουμένους,
2648 2516 2763 2569 ἀλλ’
2814 2519 2935 2572 οὐδὲ
2985 2520 3139 2587 τόξον
3192 2524 3384 2586 αὐταῖς
3437 2525 3738 2579 ἐντείνεται

2152 2605 2337 2673 ποθεν,
2372 2608 2787 2661 κατακτείνουσι
2813 2609 2870 2663 δὲ
2901 2610 3091 2681 ῶσπερ
3125 2612 3234 2667 τῶν
3268 2614 3543 2685 ἐδωδίμων
3565 2633 3738 2670 κατα-

2152 2695 2401 2767 φθοραῖς,
2430 2698 2521 2750 καὶ
2543 2700 2656 2761 τοῖς
2686 2698 2882 2769 λιμοῖς,
2917 2702 3012 2755 καὶ
3056 2703 3263 2768 ἐνδείας
3298 2703 3566 2776 δείμασιν.
3610 2706 3737 2760 Ὅτι

2149 2784 2207 2839 δὲ
2239 2787 2334 2840 καὶ
2381 2789 2564 2852 αὐτοῖς
2610 2792 2720 2854 τοῖς
2770 2791 2875 2844 ὑπὸ
2924 2793 3136 2847 τοιάνδε
3167 2796 3396 2850 πεσοῦσι
3448 2800 3738 2870 συμφορὰν

2151 2877 2251 2930 οὐκ
2282 2876 2348 2931 ἂν
2376 2877 2690 2949 ἐξαρκέσειε
2716 2881 2777 2934 τὸ
2808 2882 3103 2939 ἀπολέσθαι
3146 2886 3213 2940 τὰ
3256 2888 3314 2940 ὲν
3343 2888 3562 2957 ἀγροῖς,
3599 2891 3739 2945 ἀλλὰ

2151 2971 2261 3042 γάρ
2304 2972 2398 3025 καὶ
2423 2973 2596 3037 οἴκοις
2640 2976 2821 3041 αὐτοῖς
2851 2976 2944 3029 καὶ
2992 2977 3213 3032 πόλεσιν
3254 2981 3736 3052 εἰσπεφοιτηκότα,

2078 3086 2120 3142 C
2153 3066 2247 3115 καὶ
2278 3064 2715 3136 παρενοχλοῦντα
2731 3065 2938 3135 δεινῶς,
2956 3068 3048 3121 τὸν
3079 3070 3144 3123 ἐκ
3167 3071 3276 3124 τῶν
3298 3072 3535 3143 ἀκρίδων
3555 3071 3741 3137 ἕξουσι

2156 3155 2405 3224 στρατόν.
2437 3157 2642 3224 ’Ἡγουν
2676 3157 2770 3211 καὶ
2816 3158 2979 3213 αὐτὸν
3023 3158 3115 3213 τὸν
3155 3160 3440 3234 Ἀσσύριον
3487 3163 3741 3236 παρέδει-

2160 3244 2273 3311 ξεν,
2314 3246 2483 3300 εἰπών
2509 3265 2522 3277 ·
2566 3247 2710 3301 «Καὶ
2741 3250 2802 3302 οὐ
2837 3250 2912 3322 μὴ
2945 3252 3389 3308 συντελέσωσιν.»
3423 3255 3645 3325 Ὅμοιον
3662 3259 3742 3323 ὡς

2154 3338 2203 3391 εί
2238 3337 2408 3405 λέγοι.
2444 3336 2549 3391 Καὶ
2580 3339 2737 3393 τοῦτο
2773 3341 2874 3394 οὐκ
2899 3340 3054 3396 ἔσται
3106 3344 3168 3396 τὸ
3197 3345 3299 3417 τῆς
3339 3347 3509 3419 ὀργῆς
3537 3348 3735 3422 πέρας,

2155 3429 2411 3500 παρέλθοι
2431 3429 2489 3483 δὲ
2527 3432 2618 3484 καὶ
2648 3432 2924 3486 ἐπέκεινα·
2949 3434 3083 3506 φησὶ
3107 3437 3236 3507 γάρ·

2230 3543 2349 3610 Τῆς
2384 3544 2617 3609 πόλεως
2647 3543 3074 3613 ἐπιλήψονται,
3094 3548 3193 3602 καὶ
3224 3548 3325 3602 ἐπὶ
3353 3550 3473 3605 τῶν
3495 3553 3743 3623 τειχέων·

2154 3633 2544 3704 δίαμοῦνται,
2576 3635 2677 3689 καὶ
2714 3636 2811 3691 ἐπὶ
2838 3637 2946 3704 τὰς
2964 3638 3155 3706 οἰκίας
3187 3640 3618 3711 ἀναϐήσονται,
3640 3647 3743 3702 καὶ

2156 3725 2253 3779 διὰ
2304 3725 2562 3794 θυρίδων
2605 3728 3077 3789 ,εἰσελεύσονται
3145 3732 3228 3800 ὡς
3290 3735 3563 3794 κλέπται.
3614 3739 3741 3808 Πρὸ

2155 3816 2482 3885 προσώπου
2503 3818 2689 3874 αὐτοῦ
2711 3821 3165 3892 συγχυθήσεται
3192 3827 3231 3895 ή
3253 3826 3352 3897 γῆ,
3381 3830 3480 3884 καί
3502 3832 3745 3902 σεισθῆ-

2156 3921 2323 3958 σεται
2352 3908 2387 3960 ὁ
2419 3909 2695 3977 οὐρανός.
2752 3911 2814 3964 '0
2844 3911 3016 3979 ἣλιος
3043 3915 3144 3969 καὶ
3173 3917 3211 3985 ἡ
3252 3917 3485 3988 σελήνη
3512 3937 3745 3977 συσκο-

2155 3995 2435 4061 τάσουσι,
2453 4000 2552 4053 καὶ
2583 4002 2652 4055 τὰ
2674 4001 2867 4072 ἄστρα
2896 4003 3157 4061 δύσουσι
3183 4009 3250 4063 τὸ
3275 4011 3497 4081 φέγγος
3515 4011 3741 4070 αὐτῶν.

2230 4110 2354 4165 KA'.
2406 4112 2650 4177 Ἀκούεις
2678 4114 2759 4168 ὅτι
2807 4119 3251 4189 καταπτήσονται
3304 4124 3403 4194 μὲν
3440 4126 3535 4183 καὶ
3556 4128 3742 4183 αὐτῶν

2156 4202 2264 4256 τῶν
2288 4203 2505 4274 τειχῶν,
2534 4206 2629 4257 καὶ
2657 4200 2770 4260 οἷον
2795 4207 2965 4278 αὐτὴν
2995 4212 3362 4285 καταδῃοῦσαι
3380 4215 3482 4287 τὴν
3500 4219 3657 4284 πόαν,
3681 4224 3742 4276 ἐν

2159 4295 2259 4366 ἴσῳ
2291 4297 2404 4358 τοῖς
2436 4296 2652 4350 εἰωθόσι
2692 4297 3042 4367 λωποδυτεῖν,
3079 4285 3175 4358 καί
3195 4303 3286 4359 διὰ
3306 4285 3540 4378 θυρίδων
3564 4311 3743 4381 ἐμϐα-

2157 4383 2328 4448 λοῦσι,
2367 4384 2571 4456 δήμους
2599 4389 2945 4458 συγχέουσαι,
2982 4392 3077 4446 καὶ
3113 4396 3396 4467 μονονουχὶ
3434 4398 3743 4455 διακυκλῶ-

2160 4491 2249 4530 σαι
2269 4474 2329 4528 τὸ
2358 4477 2485 4539 πᾶν,
2512 4476 2587 4542 ὡς
2608 4479 2707 4550 ήδη
2743 4480 2920 4535 δοκεῖν
2958 4483 3052 4535 καὶ
3085 4485 3249 4538 αὑτὸν
3287 4487 3603 4559 δεδονῖγσθαι
3646 4492 3741 4546 τὸν

2158 4567 2387 4638 οὐρανὸν
2413 4611 2427 4635 ,
2481 4569 2633 4639 ἥλιον
2672 4570 2728 4625 δὲ
2782 4572 2878 4625 καὶ
2938 4572 3169 4646 σελήνην
3193 4617 3208 4643 ,
3266 4579 3361 4632 καὶ
3415 4580 3601 4651 μέντοι
3643 4586 3742 4639 καὶ

2153 4659 2329 4728 ἄστρα
2350 4659 2410 4713 τὸ
2447 4664 2646 4714 οἰκεῖον
2683 4660 2872 4735 ὥσπερ
2922 4666 3192 4737 ἀνακόψαι
3233 4668 3412 4734 σέλας.
3452 4672 3648 4742 Γέγονε
3682 4676 3740 4729 δὲ

2155 4748 2319 4803 πάλιν
2352 4750 2411 4804 ὲν
2441 4749 2797 4821 τούτοιςήμῖν
2827 4752 3188 4824 ὑπερϐολικὸς
3207 4759 3235 4811 ὁ
3254 4758 3431 4827 λόγος,
3458 4760 3740 4819 δύσοιστόν

2152 4855 2213 4891 τε
2258 4840 2354 4892 καὶ
2382 4838 2658 4911 πολυαλγῆ
2688 4843 2800 4905 τοῖς
2829 4842 2926 4914 τὴν
2951 4846 3054 4915 γῆν
3081 4847 3292 4901 οἰκοῦσι
3320 4849 3419 4919 τὴν
3450 4854 3740 4923 συμφορὰν

2154 4926 2487 4994 ἀποφαίνων.
2529 4929 2791 5003 Ἀτρεκὴς
2812 4933 2869 4986 δὲ
2886 4935 2914 4987 ό
2929 4934 3108 5004 λόγος,
3131 4936 3234 4993 κᾶν
3253 4943 3301 4994 εί
3327 4942 3412 4994 ἐπ’
3431 4943 3740 5017 ἀνθρώπιον

2155 5018 2438 5085 στρατιαῖς
2460 5020 2640 5108 ,νοοῖτο
2676 5020 2858 5088 πάλιν,
2920 5024 2969 5076 εί
3019 5027 3275 5082 καταθεῖν
3318 5030 3523 5087 ἕλοιντο
3553 5034 3739 5108 χώραν

2154 5122 2213 5158 τε
2242 5108 2337 5159 καὶ
2387 5107 2593 5173 πόλεις.
2637 5112 2724 5165 Ἐν
2757 5114 2856 5185 ἴσῳ
2898 5114 3007 5188 γὰρ
3036 5119 3156 5183 ταῖς
3204 5121 3391 5191 ἀκρίσι
3431 5124 3501 5179 τὰ
3558 5127 3741 5182 πάντα

2154 5199 2569 5269 περιχεύμενοι,
2619 5202 3061 5276 διαλυμαίνονται
3107 5209 3206 5280 μὲν
3270 5214 3511 5285 ἀγροὺς,
3570 5234 3741 5273 κατα.-

2155 5286 2398 5341 θλίϐουσι
2431 5288 2488 5343 δὲ
2523 5290 2619 5344 καὶ
2647 5292 2854 5359 πόλεις,
2885 5296 3081 5367 τειχῶν
3142 5300 3600 5374 ὑπεραιρόμενοι,
3643 5308 3742 5363 καὶ

2152 5376 2325 5443 οἴκοις
2381 5381 2564 5447 αὐτοῖς
2615 5385 3013 5452 ἐπεισθὼντες,
3062 5390 3158 5443 καὶ
3206 5396 3325 5459 ταῖς
3367 5396 3476 5449 ἀπὸ
3506 5400 3739 5471 σεισμοῦ

2152 5467 2368 5539 δείμασι
2391 5471 2820 5538 φιλονεικοῦντες
2847 5477 2927 5539 εἰς
2953 5477 3270 5550 ἀγριότητα.

2224 5585 2335 5640 Καὶ
2373 5588 2406 5638 ὀ
2457 5587 2671 5656 Κύριος
2701 5586 2881 5644 δώσει
2919 5591 3129 5660 φωνὴν
3179 5597 3367 5652 αὐτοῦ
3391 5600 3508 5668 πρὸ
3543 5618 3739 5671 προσ-

2153 5674 2318 5730 ὠπου
2342 5674 2651 5747 δυνάμεως
2670 5680 2877 5737 αὐτοῦ·
2903 5680 2991 5737 ὅτι
3017 5685 3222 5765 πολλή
3261 5688 3393 5745 ἐστι
3425 5693 3667 5770 σφόδρα
3692 5696 3737 5768 ἡ
