4054 6458
312 370 419 427 561

1224 362 1786 421 COMMENTARIUS
1827 360 1891 416 IN
1934 360 2203 418 JOELEM
2240 358 2688 417 PROPHETAM.

3524 369 3632 425 562

312 488 674 562 παρεμϐολὴ
701 486 917 552 αὑτοῦ,
956 487 1045 540 ὅτι
1083 484 1307 556 ισχυρὰ
1332 484 1477 556 ἔργα
1504 485 1703 553 λόγων
1720 480 1929 539 αὐτοῦ·

2054 482 2286 552 ιυοηὶαηι
2325 481 2489 551 fortia
2527 496 2688 549 opera
2730 494 3030 534 sermonum
3070 478 3237 547 illius,
3273 484 3403 552 quia
3441 502 3635 557 magna

313 585 473 639 διότι
508 580 745 654 μεγάλη
795 581 837 649 οἱ
870 576 1061 649 ἡμέρα
1088 578 1312 647 Κυρίου
1333 619 1349 645 ,
1376 575 1633 647 μεγάλη,
1665 576 1764 631 καὶ
1812 576 1936 630 ἐπι-

314 674 527 747 φανὴς
550 674 815 743 σφόδρα.

390 767 528 820 KE'.
566 767 749 836 Ἐφην
786 763 888 836 ἤδη
917 761 1153 832 φθάσας,
1208 763 1290 817 ὅτι
1320 762 1524 826 σκοπὸς
1549 760 1628 833 τῷ
1679 762 1937 834 προφήτῃ

314 860 505 931 δεινὴν
539 858 635 914 καὶ
678 857 1139 928 δυσδιακόμιστον
1169 856 1448 926 ἀποφῆναι
1476 855 1578 927 τὴν
1627 853 1938 926 συμφορὰν,

321 951 412 1005 ἵνα
450 951 520 1022 δὴ
555 951 931 1022 μεταχωροῖεν
963 949 1058 1002 ἐπὶ
1086 947 1149 1001 τὸ
1181 947 1392 1001 ἐθέλειν
1422 946 1491 1000 τὰ
1517 946 1729 1018 ἀμείνω
1750 963 1811 999 τε
1834 945 1936 1017 ήδη

315 1045 480 1116 δρᾷν,
500 1044 597 1097 καὶ
627 1040 735 1114 μὴν
758 1042 854 1096 καὶ
881 1040 1234 1112 βουλεύεσθαι
1261 1039 1793 1111 σωφρονέστερον,οἰ
1813 1040 1938 1101 ταῖς

319 1138 404 1199 εἰς
433 1134 756 1206 φαυλότητα
777 1133 1162 1204 παρατροπαῖς
1196 1130 1566 1201 λελυπηκότες
1587 1130 1681 1184 τὸν
1711 1130 1938 1202 νομοθέ-

318 1247 448 1300 την.
483 1223 610 1282 Οἵδε
636 1225 770 1297 γὰρ,
809 1220 916 1277 οἶδε
942 1226 976 1296 ὴ
1015 1224 1124 1278 τῶν
1156 1224 1495 1295 ἀλγημάτων
1528 1222 1807 1296 ὑπερϐολὴ
1842 1240 1940 1296 με·

319 1316 661 1387 τακομίζειν
694 1314 936 1377 εὐκόλως
966 1313 1119 1376 τινὰς
1170 1312 1245 1377 ὡς
1293 1312 1351 1380 ἐξ
1380 1312 1629 1381 ἀνάγκης
1667 1311 1760 1365 ἐπί
1789 1328 1852 1381 γε
1877 1309 1941 1363 τὸ

322 1409 552 1463 ἑλέσθαι
575 1409 709 1480 δρᾷν
730 1407 800 1461 τὰ
823 1408 1126 1461 ἁνδάνοντα
1172 1403 1360 1457 λοιπὸν
1393 1405 1470 1474 τῷ
1497 1403 1692 1469 σώζειν
1724 1403 1939 1457 εἰωθότι

323 1503 425 1557 καὶ
452 1502 821 1556 ἀπαλλάττειν
850 1498 1115 1569 ἰσχύοντι.
1174 1517 1192 1549 ι
1216 1494 1388 1551 Δώσει
1419 1496 1483 1568 δὴ
1535 1492 1627 1552 οὖν
1672 1499 1701 1551 ὁ
1732 1496 1941 1568 Κύριος

322 1595 431 1665 τὴν
462 1590 650 1664 φωνὴν
682 1590 849 1645 αὐτοῦ
878 1590 987 1661 πρὸ
1017 1585 1315 1658 προσώπου
1357 1587 1645 1659 δυνάμεως
1668 1587 1838 1643 αὐτοῦ
1860 1627 1875 1652 ,
1914 1604 1934 1638 ι

325 1686 629 1760 μονονουχὶ
704 1683 1032 1757 στρατηγῶν
1064 1722 1079 1749 ,
1134 1682 1231 1736 καὶ
1293 1681 1637 1754 παραθήγων
1701 1682 1776 1746 ὡς
1851 1682 1940 1735 ἐπ’

323 1778 584 1851 ἐχθρούς.
615 1778 831 1850 Πρέποι
858 1778 969 1849 γὰρ
996 1776 1062 1831 ἂν
1096 1778 1195 1849 οὐχ
1220 1776 1395 1849 ἑτέρῳ
1423 1793 1501 1847 τῳ
1543 1775 1767 1848 μᾶλλον,
1800 1776 1940 1845 πλὴν

2041 576 2153 631 dies
2183 575 2417 631 Domini.
2441 586 2489 631 et
2521 573 2744 630 illustris
2771 574 2941 630 valde.

2117 752 2282 809 XXV.
2329 754 2446 809 Dixi
2475 754 2587 825 jam
2619 754 2897 824 propinata:
2926 755 3215 812 consilium
3245 773 3367 814 esse
3397 769 3641 818 atrocem

2039 856 2094 903 et
2124 846 2522 903 intolerandam
2553 846 2922 902 calamitatem
2947 850 3264 916 ostendere;
3295 860 3355 906 ut
3385 852 3641 910 nimirum

2040 941 2180 997 bene
2212 955 2374 1012 agere
2402 939 2542 995 velle
2574 940 2861 1009 incipiant,
2884 942 3278 1012 etprudentius
3307 944 3409 1000 sibi
3442 961 3644 1003 consu-

2041 1034 2155 1088 lant
2199 1034 2292 1104 qui
2331 1034 2399 1089 ad
2439 1032 2845 1102 improbitatem
2891 1035 3112 1103 detorti,
3152 1034 3519 1107 Iegislatorem
3559 1039 3646 1093 of-

2045 1125 2357 1181 fenderunt.
2412 1124 2562 1180 Solet
2611 1124 2791 1191 enim,
2843 1124 2982 1181 solet
3030 1124 3277 1181 dolorum
3327 1128 3648 1198 magnitudo

2045 1217 2205 1273 facile
2224 1217 2535 1285 nonnullos,
2559 1225 2614 1273 et
2636 1216 2783 1272 velut
2810 1217 3137 1272 necessitate
3160 1221 3419 1289 quadam,
3441 1234 3508 1274 eo
3524 1235 3650 1292 pero

2042 1311 2271 1376 vehere,
2312 1319 2370 1365 ut
2403 1310 2470 1366 de
2506 1319 2707 1365 caetero
2744 1309 2965 1379 cupiant
3001 1308 3184 1366 facere
3221 1310 3297 1365 illi
3354 1320 3506 1382 grata
3552 1311 3646 1382 qui

2043 1405 2257 1461 salvarc
2283 1403 2593 1469 consuevit,
2616 1412 2672 1459 et
2698 1402 2932 1459 liberare
2958 1418 2985 1456 a
3017 1402 3173 1458 malis
3201 1415 3399 1474 potest.
3433 1423 3453 1457 ι
3485 1402 3649 1460 Dabit

2044 1499 2214 1568 igitur
2236 1498 2498 1553 Dominus
2521 1510 2709 1552 vacem
2732 1502 2859 1550 ante
2881 1494 3075 1551 faciem
3100 1494 3441 1552 fortitudinis
3462 1511 3597 1565 sum,
3622 1515 3644 1551 ι

2045 1600 2255 1646 tantum
2301 1606 2407 1644 non
2451 1590 2567 1659 ipse
2604 1590 2713 1645 dux
2750 1589 3026 1644 exercitus
3064 1602 3300 1658 eumque
3337 1587 3394 1643 in
3434 1589 3648 1646 hostem

2044 1697 2271 1739 acuens.
2310 1680 2431 1737 Non
2471 1682 2617 1737 enim
2660 1679 2785 1735 aliis
2840 1683 3022 1751 potius
3067 1699 3231 1753 quam
3276 1690 3649 1754 propugnato-

2049 1774 2203 1830 ribus
2250 1780 2306 1828 et
2346 1771 2575 1827 aliorum
2616 1769 2848 1827 ducibus
2884 1771 3087 1829 milites
3118 1774 3186 1829 ad
3223 1788 3459 1844 pugnam
3496 1772 3651 1829 exci—

322 1874 413 1926 ὂτι
450 1874 565 1936 τοῖς
595 1870 1023 1942 προασπίξουσι,
1067 1867 1160 1922 καὶ
1212 1867 1322 1921 τῶν
1353 1867 1529 1922 ἄλλων
1560 1866 1943 1939 προτεταγμέ-

2054 1878 2187 1934 tare,
2218 1876 2274 1922 et
2307 1875 2487 1923 castra
2521 1882 2618 1923 sua
2652 1868 2855 1924 ducere
2889 1868 3143 1923 convenit
3200 1866 3522 1924 Subiudicat
3553 1880 3655 1936 per

322 1981 444 2027 νοις
473 1963 536 2017 τὸ
564 1960 860 2031 διεγείρειν
889 1960 950 2013 τὸ
976 1959 1241 2030 μάχιμον,
1296 1959 1393 2012 καὶ
1439 1958 1647 2013 οἰκείαν
1689 1958 1942 2029 ἡγεῖσθαι

321 2055 429 2126 τὴν
458 2051 847 2125 παρεμϐολήν.
897 2051 1267 2123 ’Υπεμφαίνει
1291 2051 1348 2104 δὲ
1376 2050 1467 2103 διὰ
1485 2050 1713 2116 τούτων,
1748 2051 1830 2104 ὅτι
1865 2051 1943 2123 μὴ

324 2145 648 2216 αὐτόματον
684 2142 801 2214 ἔχει
833 2141 933 2214 τὴν
963 2142 1153 2211 ἔφοδον
1202 2140 1275 2194 τὰ
1322 2139 1495 2205 δεινὰ,
1553 2140 1692 2212 μήτε
1736 2141 1844 2213 μὴν
1877 2143 1943 2195 έκ

326 2239 427 2293 τοῦ
459 2236 879 2309 παρατυχόντος
912 2234 1266 2306 συμϐέϐηκεν
1297 2232 1512 2297 ἁπλῶς,
1550 2232 1667 2285 ἀλλ’
1686 2234 1769 2286 ὅτι
1806 2234 1943 2305 μᾶλ-

326 2334 423 2387 λον
455 2332 611 2402 παρὰ
638 2330 777 2384 Θεοῦ
816 2328 1203 2400 ὲπενήνεκται,
1250 2328 1629 2399 λελυπημένου
1658 2328 1905 2398 δηλονότι
1925 2367 1942 2394 ,

326 2425 431 2478 καὶ
460 2422 629 2486 ὁσίως
661 2421 765 2493 ἥδη
798 2418 1145 2485 κολάζοντος.
1174 2421 1491 2475 Καταπτοεῖ
1520 2418 1577 2471 δὲ
1609 2419 1811 2491 μᾶλλον
1842 2419 1941 2473 αὐ-

324 2522 483 2585 τοὺς,
525 2518 795 2589 πλείστην
824 2535 885 2571 τε
910 2517 1044 2589 ὅσην
1075 2512 1215 2571 εἶναι
1236 2517 1413 2586 λέγων
1435 2516 1535 2587 τὴν
1562 2517 1941 2589 παρεμϐολὴν,

327 2612 429 2667 καὶ
456 2612 542 2665 ὅτι
596 2610 800 2682 ἰσχυρὰ
847 2608 989 2681 ἔργα
1018 2608 1193 2678 λόγων
1253 2607 1442 2662 αὑτοῦ.
1494 2607 1801 2679 Ἀμήχανον
1834 2608 1944 2680 γὰρ

328 2700 416 2773 μὴ
466 2700 691 2763 πάντως
741 2700 823 2762 είς
874 2698 1051 2771 πέρας
1104 2697 1320 2762 ἐλθεῖν,
1376 2698 1517 2769 ὅπερ
1568 2698 1634 2767 ἂν
1686 2698 1944 2768 γενέσθαι

326 2793 654 2866 προστάττῃ
681 2791 835 2855 Θεός.
868 2790 981 2844 Καὶ
1013 2790 1147 2859 γοῦν
1182 2789 1286 2861 ἔφη
1319 2789 1459 2861 πρός
1481 2808 1605 2844 τινα
1640 2789 1749 2844 τῶν
1770 2791 1944 2862 ἁγίων

327 2884 662 2957 προφητῶν,
710 2883 985 2956 Ἱερεμίας
1010 2876 1187 2953 οὗτος,
1216 2877 1305 2953 ἧν·
1358 2900 1377 2934 ι
1416 2882 1530 2953 Οὐχ
1572 2884 1623 2936 οἱ
1660 2882 1810 2953 λόγοι
1839 2902 1943 2954 μου

328 2978 527 3048 ὥσπερ
583 2976 697 3048 πῦρ
753 2974 977 3045 φλέγον,
1024 2973 1174 3042 λέγει
1230 2972 1461 3043 Κύριος,
1515 2973 1612 3026 καὶ
1670 2972 1746 3037 ὡς
1773 2972 1946 3040 πέλυξ

328 3070 561 3125 κόπτων
591 3068 845 3137 πέτραν;
888 3084 906 3117 ι
943 3067 1244 3119 Διῖκνεῖται
1273 3066 1383 3135 γὰρ
1421 3064 1615 3137 ὥσπερ
1650 3065 1945 3129 διαπαντὸς

326 3165 358 3218 ὁ
380 3161 479 3216 τοῦ
512 3159 650 3215 Θεοῦ
681 3159 861 3228 λόγος,
914 3157 1010 3212 καὶ
1043 3150 1124 3222 οἷς
1160 3157 1227 3211 ἂν
1255 3156 1550 3226 φθέγξαιτο
1580 3157 1642 3211 τὸ
1686 3158 1944 3213 ἀντιστα-

328 3256 465 3311 τοῦν
499 3253 680 3317 οὐδὲν,
709 3251 851 3306 εἴκει
880 3250 937 3304 δὲ
973 3250 1199 3322 μᾶλλον,
1232 3250 1420 3305 καὶτὰ
1459 3251 1693 3325 σκληρὰ,
1720 3252 1817 3306 καὶ
1854 3253 1951 3307 ἀν-

2045 1962 2193 2029 luec,
2223 1976 2333 2017 non
2364 1974 2463 2030 per
2488 1973 2547 2016 se
2575 1960 2840 2015 advenire
2868 1958 3040 2027 mala,
3075 1974 3176 2015 nec
3203 1967 3412 2015 temere
3442 1974 3507 2015 ac
3538 1959 3653 2015 for-
3758 1972 3771 1987 ο

2047 2054 2183 2108 ιιιίιο
2220 2053 2497 2119 accidere;
2539 2052 2633 2108 sed
2673 2066 2705 2106 a
2744 2050 2858 2107 Deo
2893 2052 3239 2118 potissimum
3281 2051 3484 2123 iulligi,
3525 2053 3655 2110 lasso

2042 2144 2318 2211 videlicet,
2342 2151 2398 2200 et
2414 2144 2563 2214 juste
2586 2158 2777 2215 poenas
2801 2152 3144 2214 reposcente.
3167 2142 3447 2200 Perterret
3468 2156 3653 2201 autem

2044 2250 2139 2293 eos
2166 2236 2369 2307 magis,
2404 2236 2568 2291 nimis
2599 2236 2767 2290 multa
2795 2244 2979 2291 castra
3007 2249 3128 2290 esse
3156 2234 3376 2302 dicens,
3404 2246 3461 2291 et
3491 2233 3653 2291 fortia

2045 2342 2213 2399 opera
2247 2343 2561 2384 sermonum
2595 2327 2735 2398 ejus.
2770 2327 2915 2382 Fieri
2951 2326 3225 2396 siquidem
3283 2326 3428 2382 haud
3476 2335 3657 2398 potest

2046 2433 2107 2479 ut
2144 2437 2251 2477 non
2287 2420 2504 2492 penitus
2540 2420 2705 2475 linem
2737 2427 3117 2490 consequatur
3170 2418 3315 2489 quod
3353 2418 3499 2475 Deus
3535 2421 3656 2476 lteri

2047 2516 2405 2571 mandaverit.
2434 2516 2622 2586 Itaque
2648 2515 2869 2584 quidam
2897 2525 3212 2571 sanctorum
3241 2513 3652 2584 prophetarum,

2044 2606 2348 2675 Jercmias,
2388 2609 2644 2680 inquam,
2678 2608 2755 2663 ait
2793 2625 2807 2662 :
2840 2629 2859 2660 ι
2894 2606 3149 2678 Nunquid
3187 2622 3295 2663 nou
3331 2605 3497 2660 verba
3535 2617 3657 2659 mea

2047 2701 2201 2771 quasi
2244 2702 2383 2771 ignis
2424 2702 2656 2768 ardens,
2694 2701 2828 2757 dicit
2872 2700 3161 2766 Dominus,
3202 2700 3372 2772 218
3405 2709 3461 2757 et
3496 2702 3657 2771 quasi

2047 2794 2274 2851 malleus
2308 2804 2599 2851 conterens
2634 2793 2953 2867 petram"?
2990 2812 3008 2846 ι
3044 2792 3304 2849 Pervadit
3337 2794 3484 2851 enim
3520 2809 3659 2865 quo-

2047 2886 2336 2943 dammodo
2363 2886 2548 2941 omnia
2577 2886 2670 2941 Dei
2697 2888 2947 2952 verbum,
2976 2894 3032 2940 et
3061 2899 3184 2955 quac
3215 2885 3438 2942 locutus
3466 2885 3655 2953 fuerit,

2048 2979 2182 3034 nihil
2219 2978 2328 3035 illis
2367 2978 2596 3046 resistit,
2638 2977 2748 3033 imo
2788 2977 2937 3033 cedit
2976 2974 3182 3048 potius,
3221 2986 3277 3033 et
3315 2979 3449 3033 dura
3489 2987 3658 3051 atquo

2048 3087 2241 3143 aspera
2273 3071 2421 3128 nullo
2453 3071 2671 3138 negotio
2699 3069 3021 3141 confringit,
3049 3080 3104 3126 et
3134 3069 3437 3127 Dominica:
3464 3072 3657 3129 volun-

2054 3164 2151 3219 tati
2186 3164 2349 3219 etiam
2388 3163 2629 3219 uolentia
2665 3165 3062 3233 obsequuntur.
3104 3181 3125 3215 ι
3168 3162 3362 3234 Magna
3400 3164 3568 3236 igitur
3597 3173 3658 3221 et

2054 3255 2283 3312 illustris
2314 3257 2452 3323 dies,
2490 3274 2511 3309 ι
2550 3256 2748 3328 inquit,
2782 3266 3008 3327 propter
3034 3256 3238 3312 famam
3269 3268 3559 3329 vagantem
3588 3257 3658 3315 de

329 3350 544 3404 τίτυπα
594 3345 1007 3421 καταθραύεται
1050 3344 1309 3412 εὐκόλως,
1347 3344 1583 3409 καὶτοῖς
1613 3346 1944 3411 δεσποτικοῖς

2056 3349 2214 3405 malis
2238 3349 2293 3404 in
2319 3363 2512 3406 omnes
2538 3349 2790 3405 homines
2815 3348 3159 3406 invehendis.

332 3446 615 3517 θελήμασι
640 3445 737 3498 καὶ
760 3442 861 3515 οὐχ
884 3442 1082 3497 ἑκόντα
1108 3447 1452 3517 παραχωρεῖ.
1498 3465 1516 3498 ι
1547 3445 1777 3518 Μεγάλη
1817 3447 1881 3517 δὴ
1913 3445 2007 3502 οὖν
2046 3450 2142 3504 καὶ
2180 3450 2455 3522 ἐπιφανὴς
2490 3451 2526 3523 ἡ
2560 3449 2768 3523 ἡμέρα,
2798 3468 2818 3503 ι
2852 3451 3012 3522 φησὶ,
3046 3451 3138 3507 διὰ
3166 3451 3267 3523 τὴν
3292 3451 3374 3518 εἰς
3406 3451 3658 3519 ἅπαντας

330 3538 667 3609 ἀνθρώπους
700 3537 810 3592 τῶν
836 3537 1306 3610 ὲπαχθησομένων
1332 3540 1525 3594 δεινῶν
1555 3540 1947 3614 διατρέχουσαν
1985 3547 2193 3619 φήμην.

405 3637 523 3693 Καὶ
551 3636 646 3701 τίς
672 3635 849 3689 ἔσται
893 3636 1103 3703 ἱκανὸς
1138 3635 1334 3707 αῠτῇ;

412 3730 567 3798 κεῖν.
602 3728 922 3795 Τουτέστιν,
963 3728 1143 3794 οὐδεὶς
1174 3728 1242 3783 ἂν
1290 3729 1505 3799 γένοιτο
1538 3732 1649 3787 τῶν
1699 3732 1795 3788 ἐπὶ
1843 3733 1951 3805 γῆς

333 3822 639 3893 ἀτεράμων
675 3820 852 3885 οὕτως
900 3820 995 3875 καὶ
1026 3821 1309 3894 εὐσθενὴς,
1331 3822 1408 3887 ὡς
1435 3824 1757 3894 ἀντεξάγειν
1785 3825 1951 3881 δύνα-

338 3916 469 3970 σθαι
498 3916 621 3978 ταῖς
653 3913 825 3977 θείαις
852 3913 1069 3985 ὀργαῖς.
1106 3914 1221 3969 Καὶ
1274 3915 1440 3985 σοφὸς
1469 3910 1538 3988 ἦν
1568 3916 1711 3982 ἄγαν
1735 3918 1764 3970 ό
1787 3916 1952 3971 Δαϐὶδ

337 4007 483 4080 πρὸς
531 4006 665 4060 Θεὸν
705 4005 1131 4078 ἀνακεκραγώς·
1174 4025 1192 4059 ι
1219 4007 1290 4060 Σὺ
1317 4006 1548 4078 φοϐερὸς
1601 3996 1673 4075 εἶ,
1729 4009 1823 4063 καὶ
1869 4009 1953 4073 τίς

335 4098 730 4171 ἁντιστήσεταί
753 4116 837 4152 σοι
859 4099 969 4153 ἀπὸ
991 4100 1090 4172 τῆς
1123 4099 1297 4172 ὀργῆς
1327 4118 1457 4167 con;
1497 4119 1517 4154 ι

409 4191 525 4247 Καὶ
560 4189 681 4245 νῦν
705 4190 872 4260 λέγει
898 4191 1117 4260 Κύριος
1166 4195 1199 4245 ό
1228 4192 1370 4260 Θεὸς
1397 4192 1589 4264 ἡμῶν·
1632 4192 1951 4265 Ἐπιστρά-

336 4301 496 4355 sonte
532 4282 688 4353 πρὸς
736 4284 817 4353 μὲ
865 4283 939 4349 ἐξ
995 4282 1147 4351 ὅλης
1190 4283 1304 4353 τῆς
1349 4286 1600 4356 καρδίας
1644 4287 1849 4359 ὑμῶν,
1879 4288 1952 4343 ὲν

336 4376 624 4445 νηστείᾳ,
674 4376 775 4430 καὶ
808 4374 1137 4446 κλαυθμῷ,
1187 4377 1288 4431 καὶ
1327 4379 1582 4445 κοπετῷ,
1638 4381 1737 4434 καὶ
1782 4381 1949 4451 διαρ-

332 4468 572 4537 ρήξατε
619 4467 727 4534 τὰς
778 4468 1035 4537 καρδίας
1095 4466 1285 4538 ὑμῶν,
1338 4470 1439 4525 καὶ
1486 4471 1571 4541 μὴ
1632 4471 1705 4526 τὰ
1749 4471 1951 4543 ἱμάτια

2127 3644 2198 3699 Ει
2228 3646 2345 3716 quis
2375 3646 2475 3701 erit
2506 3646 2767 3718 sufﬁciens
2796 3646 2886 3701 ei?

2126 3738 2316 3795 XXVI.
2356 3739 2469 3796 lloc
2494 3750 2604 3806 est,
2631 3755 2794 3798 nemo
2820 3739 3137 3796 mortalium
3165 3739 3302 3796 adeo
3331 3739 3659 3812 praefractus

2054 3840 2109 3886 et
2138 3832 2394 3887 robustus
2419 3832 2606 3899 interit,
2633 3842 2695 3889 ut
2722 3847 2783 3890 se
2806 3834 3002 3889 divina.
3030 3833 3128 3889 iraa
3155 3832 3329 3904 possit
3354 3846 3656 3905 opponere.

2057 3920 2344 3991 Sapienter
2368 3921 2535 3977 Deum
2563 3926 2853 3994 compellat
2878 3924 3045 3979 David
3072 3941 3088 3979 :
3120 3940 3141 3976 ι
3170 3923 3252 3980 Tu
3283 3923 3549 3981 terribilis
3572 3937 3657 3988 es,

2055 4025 2111 4072 et
2138 4015 2262 4086 quis
2294 4016 2515 4073 resistet
2545 4016 2642 4073 tibi
2675 4016 2745 4073 ab
2776 4016 2858 4072 ira
2887 4029 2982 4073 tua
3006 4017 3092 4071 ιιι
3125 4035 3146 4069 ι

2131 4194 2296 4253 Vens.
2327 4195 2512 4251 12-14.
2546 4194 2615 4251 Et
2647 4211 2786 4251 nunc
2812 4194 2940 4250 dicit
2974 4194 3228 4249 Dominus
3261 4192 3400 4249 Deus
3430 4203 3611 4249 noster
3633 4208 3655 4249 :

2056 4288 2433 4345 Convertimini
2464 4289 2534 4344 ad
2566 4305 2649 4345 me
2678 4304 2745 4345 ea:
2776 4297 2886 4344 toto
2923 4288 3081 4344 corde
3113 4298 3305 4353 vestro,
3338 4288 3392 4341 in
3418 4286 3651 4358 jejunio,

2054 4393 2106 4439 et
2133 4384 2287 4453 ﬂetu,
2313 4392 2362 4439 et
2391 4382 2633 4453 planetu,
2660 4391 2709 4438 et
2741 4380 3026 4450 dirumpite
3053 4381 3217 4435 corda
3247 4390 3437 4444 vestra,
3466 4389 3517 4435 et
3549 4395 3657 4434 non

2056 4474 2361 4529 vestimenta
2386 4483 2578 4531 uestra.
2602 4474 2670 4528 Et
2693 4473 3060 4529 convertimini
3081 4472 3151 4526 ad
3175 4471 3461 4527 Dominum
3485 4470 3657 4527 Deum

584 4559 697 4614 Kal
730 4536 1143 4631 ἐπιστράφητε
1181 4557 1335 4629 πρὸς
1376 4536 1600 4631 Κύριον
1650 4536 1783 4619 τὸν⁷
1802 4566 1944 4620 Θεὸν

2055 4576 2314 4632 vestrum,
2348 4569 2473 4638 quia
2505 4568 2802 4623 misericors
2831 4574 2884 4622 et
2919 4567 3199 4622 miserator
3226 4576 3332 4633 est,
3367 4569 3575 4636 patiens
3606 4576 3657 4621 et

336 4652 533 4724 ὑμῶν,
558 4651 652 4705 ὅτι
680 4638 959 4722 ἐλεήμων
982 4653 1083 4707 καὶ
1132 4654 1455 4725 οἰκτίρμων
1477 4654 1631 4724 ἐστὶ,
1647 4658 1956 4727 μακρόθυ-

335 4763 457 4817 μσς
477 4786 492 4811 ,
555 4744 659 4798 καὶ
717 4744 1055 4812 πολυέλεος
1078 4784 1093 4811 ,
1158 4746 1257 4801 καὶ
1305 4745 1619 4818 μετανοῶν
1674 4748 1775 4803 ἐπὶ
1824 4749 1956 4818 ταῖς

338 4837 604 4905 κακίαις.
651 4838 749 4905 Τίς
800 4833 966 4892 οἶδεν
1017 4840 1072 4892 el
1111 4837 1499 4909 ἐπιστρέψει,
1555 4839 1655 4895 καὶ
1696 4858 1952 4911 μετανο-

338 4931 503 5000 ήσει,
556 4930 657 4985 καὶ
709 4931 1101 5001 ὑπολήψεται
1146 4930 1343 4986 ὀπίσω
1383 4932 1572 4988 αὑτοῦ
1623 4934 1950 5004 εὐλογίαν,

339 5024 445 5078 καί
476 5023 723 5088 θυσίαν,
761 5021 864 5075 καὶ
888 5021 1176 5092 σπονδὴν
1202 5024 1402 5091 Κυρίῳ
1435 5020 1514 5089 τῷ
1546 5024 1670 5091 Θεῷ
1705 5024 1911 5095 dator;

416 5119 553 5171 KZ'.
584 5115 872 5169 Ἐντεῦθεν
933 5115 1000 5168 ἂν
1035 5115 1252 5187 μάθοις,
1288 5115 1385 5169 καὶ¹
1426 5117 1576 5187 μάλα
1628 5117 1840 5188 σαφῶς,
1871 5117 1949 5184 ὡς

339 5211 446 5283 οὐχ
466 5209 656 5280 ἐτέρου
686 5208 848 5280 χάριν
874 5205 1022 5272 τινὸς
1045 5207 1180 5279 ὑψοῦ
1202 5209 1303 5281 μὲν
1328 5208 1396 5262 τὰ
1419 5210 1730 5282 διηγημένα
1753 5211 1943 5267 ἐτίθει.

340 5303 601 5374 man
661 5303 721 5357 δὲ
780 5303 966 5366 αὐτοῖς
992 5338 1007 5367 ,
1080 5304 1177 5357 καὶ
1235 5303 1688 5376 δυσδιακόμιστον
1742 5308 1942 5380 κομιδῇ

341 5395 729 5470 προανεφώνει
758 5397 855 5468 τὴν
877 5396 1189 5467 συμφορὰν,
1222 5397 1255 5469 ἢ
1293 5398 1435 5451 ὥστε
1461 5398 1649 5453 λοιπὸν
1674 5403 1949 5472 μεταστῆ-

341 5507 439 5544 σαι
473 5489 705 5552 τούτους
730 5490 811 5551 είς
846 5487 1213 5558 μετάγνωσιν.
1255 5490 1683 5560 Ἀπογινώσκειν
1713 5492 1824 5564 γὰρ
1850 5494 1950 5548 οὐκ

340 5584 430 5654 ἑᾷ.
457 5580 884 5636 Διαϐεϐαιοῦται
937 5581 1018 5649 δὲ,
1074 5582 1170 5635 καὶ
1218 5583 1366 5653 μάλα
1400 5584 1610 5655 σαφῶς,
1667 5585 1743 5650 ώς
1788 5587 1949 5659 είπερ

340 5675 555 5730 ἕλοιντο
585 5675 809 5746 φρονεῖν
841 5675 909 5728 τὰ
935 5673 1153 5745 βελτίω,
1197 5676 1294 5730 καὶ
1334 5677 1433 5742 τὰς
1492 5679 1630 5744 ιδίας
1666 5679 1817 5745 ὀδοὺς
1845 5679 1948 5735 κᾶν

410 5856 459 5890 9'
498 5854 615 5911 Jer.
659 5869 819 5921 χχιιι,
854 5855 946 5911 29.
1020 5856 1065 5889 ⁹²
1107 5854 1251 5910 Psal.
1285 5858 1518 5923 Lxxv,8.

548 5951 828 6013 Parnm.
887 5951 1004 6015 (in.
1054 5953 1277 6015 LXXI.

2051 4657 2235 4714 multa:
2267 4660 2687 4725 misericordias,
2717 4668 2768 4716 et
2795 4660 3048 4731 paenitens
3079 4674 3238 4729 super
3261 4659 3503 4716 malitiis.
3522 4656 3657 4725 Quis

2028 4749 2171 4815 'scit,
2207 4749 2255 4804 si
2290 4761 2596 4817 revertetur,
2630 4759 2685 4806 et
2722 4750 2994 4821 paenitebit
3025 4764 3169 4814 eum,
3203 4758 3250 4803 et
3273 4748 3502 4802 dimittet
3538 4756 3656 4815 post

2050 4858 2106 4898 se
2137 4841 2570 4910 benedictionem,
2600 4852 2649 4897 et
2680 4842 3025 4912 sacriﬁcium,
3071 4851 3122 4897 et
3164 4840 3395 4897 libamen
3427 4838 3658 4896 Domino

2052 4936 2164 4993 Deo
2191 4938 2397 4993 vestro?

2126 5119 2342 5178 XXVII.
2372 5118 2536 5185 Hinc,
2559 5127 2616 5174 et
2635 5117 2851 5190 quidem
2876 5118 3168 5174 admodum
3190 5116 3342 5174 clare
3364 5115 3655 5185 intelliges,

2054 5231 2174 5286 quae
2200 5230 2363 5285 supra
2395 5222 2615 5269 narrata
2643 5220 2800 5279 sunt,
2833 5225 2942 5267 non
2973 5209 3045 5265 ob
3077 5209 3225 5265 aliud
3258 5209 3426 5265 fuisse
3457 5208 3654 5279 posita.

2055 5308 2294 5375 Duram,
2337 5315 2393 5362 et
2443 5320 2567 5377 qua:
2608 5306 2700 5360 vix
2746 5302 3077 5375 perferatur,
3127 5300 3497 5359 calamitatem
3549 5299 3658 5355 illis

2051 5399 2458 5471 praenuntiavit,
2495 5407 2556 5453 ut
2590 5413 2685 5454 eos
2724 5397 2937 5453 scilicet
2974 5395 3233 5464 deinceps
3272 5393 3342 5447 ad
3383 5390 3658 5461 paeniten-

2052 5490 2183 5547 tiam
2210 5491 2526 5546 adduceret.
2552 5490 2853 5559 Desperare
2874 5488 3020 5543 enim
3046 5500 3157 5541 non
3180 5484 3333 5541 sinit.
3354 5483 3659 5539 Conlirmat

2052 5595 2256 5653 autem,
2282 5585 2445 5656 idque
2467 5583 2800 5656 planissimis
2818 5581 3022 5646 verbis,
3046 5579 3092 5634 si
3118 5578 3445 5648 resipiscere
3462 5578 3656 5643 velint,

2052 5686 2108 5734 et
2143 5678 2353 5736 animas
2383 5691 2511 5735 suas
2546 5674 2944 5748 posterioribus
2978 5671 3169 5729 saltem
3205 5672 3452 5730 consiliis
3481 5671 3657 5728 corri-

3257 5954 3317 6017 12

3285 5998 3317 6016 ﬂ
