4054 6482
437 379 543 435 5ϋῦ

1434 379 1490 435 S.
1532 378 1806 435 CYRILLI
1849 377 2320 436 ALEXANDRINI
2358 376 2674 434 ARClllEP.

3608 380 3715 438 364
3745 452 3758 457 _

439 510 597 566 gere,
641 503 698 549 ttt
743 495 850 550 Deo
889 494 1169 565 placeant,
1209 503 1261 551 et
1302 511 1524 564 prorsus
1568 496 1805 552 desitura
1849 513 1878 550 a
1925 496 2023 552 Dec

2136 497 2266 566 γοῦν
2291 497 2402 560 τοῖς
2427 497 2697 566 δευτέροις
2730 493 3062 566 ἐπανορθοῦν
3092 495 3169 558 είς
3189 494 3250 547 τὸ
3283 495 3537 565 ἀρέσκειν
3558 494 3678 566 Θεῷ
3699 539 3712 561 ,

439 590 763 644 exacerbato
783 589 1070 658 supplicia,
1095 597 1148 643 et
1167 589 1345 642 omnia
1373 604 1495 642 mox
1524 588 1575 642 in
1601 593 1849 658 magnam
1879 601 2023 643 tran-

439 681 759 750 quillitatem
808 696 871 734 ac
915 681 1262 736 securitatem
1313 690 1707 735 commutatum
1757 681 1858 746 iri;
1904 681 2024 750 quis

439 781 621 825 autem
671 777 725 825 et
771 771 1141 826 conversionis
1194 772 1468 840 ipsorum,
1523 780 1576 825 et
1628 771 2024 842 deprecationis

441 865 632 919 modus
664 865 784 918 esse
821 864 1032 930 debeat,
1076 863 1277 932 liquido
1315 864 1494 918 Subdit
1529 863 1613 918 his
1643 865 1821 918 verbis
1854 881 1866 917 :
1905 883 1921 916 t
1960 864 2024 918 Et

443 972 586 1011 nunc
619 957 751 1010 dicit
791 957 1050 1011 Dominus
1088 955 1227 1010 Dens
1263 965 1447 1009 noster
1479 973 1492 1010 :
1528 954 1920 1010 Convertimini
1957 955 2024 1010 ad

443 1063 529 1103 me
559 1049 610 1101 in
644 1059 756 1103 toto
783 1049 944 1103 corde
970 1058 1167 1102 vestro.
1204 1067 1221 1099 ι
1252 1046 1631 1117 Projiciantnr,
1660 1048 1853 1117 inquit,
1882 1063 2024 1118 prae-

445 1143 600 1197 terita
621 1182 634 1204 ,
668 1152 722 1196 et
751 1155 872 1207 quae
903 1148 1315 1194 antecesserunt
1351 1139 1403 1192 in
1437 1136 1761 1193 oblivionem
1796 1137 2023 1200 abeant,

439 1234 729 1304 vobisipsis
790 1232 1042 1288 meliores
1078 1242 1362 1301 apparete;
1403 1229 1793 1301 posterioribus
1855 1228 2024 1283 Deum

439 1329 703 1397 mitigate,
729 1325 932 1396 jejunio
959 1335 1014 1378 et
1042 1324 1408 1387 aﬂlictatione,
1438 1323 1645 1392 ploratu
1673 1330 1727 1376 et
1754 1322 2024 1377 lamentis.

441 1417 606 1473 Plane
634 1419 774 1472 enim
796 1454 812 1483 ,
841 1417 930 1486 qui
964 1417 1037 1469 ita
1071 1415 1251 1469 facere
1283 1414 1651 1479 instituerint,
1681 1414 1735 1468 in
1769 1413 2028 1469 felicitate

437 1509 754 1577 deliciisque
782 1508 1163 1563 versabuntnr.
1197 1504 1350 1559 Sicut
1377 1505 1520 1560 enim
1553 1504 1767 1559 fortuna
1801 1505 2024 1558 nimium

438 1601 744 1666 blandiens,
774 1609 830 1655 et
860 1601 968 1655 vita
997 1597 1364 1667 voluptatibus
1398 1597 1450 1651 in
1484 1596 1727 1652 honestis
1758 1597 1938 1651 dedita
1971 1597 2026 1650 in

438 1693 668 1761 gemitus
707 1699 760 1745 et
816 1691 1078 1761 supplicia
1131 1688 1346 1741 tandem
1388 1686 1621 1754 desinit,
1662 1687 1734 1741 ita
1771 1687 2027 1742 bonitatis

439 1792 494 1838 et
542 1783 786 1838 laborum
837 1781 1287 1850 poenitentialiunt
1331 1779 1509 1833 exitus
1553 1787 1636 1834 est
1678 1778 1854 1848 ampla
1906 1777 2024 1832 fcli-

2133 590 2349 652 πάντως
2393 588 2730 641 πεπαύσεται
2783 586 2851 639 τὰ
2886 586 2946 653 ἐξ
2989 585 3178 658 ὀργῆς,
3231 585 3325 639 καὶ
3379 587 3459 649 είς
3513 587 3716 650 πλάτος

2133 679 2296 741 εὐθὺς
2327 679 2592 748 εὐθυμίας
2630 679 3010 749 μεταχωρήσει
3047 677 3114 730 τὰ
3166 675 3486 748 πράγματα.
3523 676 3622 740 Τίς
3671 676 3715 730 δ’

2131 769 2196 825 ἂν
2217 771 2429 841 γένοιτο
2459 771 2560 841 τῆς
2585 787 2644 824 τε
2685 769 3022 840 ἐπιστροφῆς
3050 767 3236 832 αὐτοῦ,
3263 769 3357 822 καὶ
3382 769 3409 822 ό
3434 769 3534 838 τῆς
3563 768 3718 838 λιτῆς

2130 863 2352 931 τρόπος,
2383 863 2705 933 καθίστησιν
2733 861 2981 932 ἐναργὲς,
3017 861 3159 913 οὕτω
3191 861 3383 928 λέγων*
3423 878 3443 911 ι
3475 858 3587 912 Καὶ
3617 857 3716 912 νῦν

2133 955 2279 1024 λέγει
2339 953 2543 1025 Κύριος
2571 955 2600 1007 ὁ
2632 954 2764 1018 Θεὸς
2810 952 2986 1023 ήμῶνο
3026 952 3434 1024 Ἐπιστράφητε
3477 952 3613 1024 πρὸς
3649 953 3717 1022 μὲ

2133 1047 2193 1112 ἐξ
2224 1047 2351 1117 ὅλης
2379 1047 2478 1116 τῆς
2525 1045 2754 1117 καρδίας
2798 1044 2971 1114 ὑμῶν.
3015 1063 3033 1096 ι
3111 1043 3410 1116 Ἐῥρίφθω,
3457 1044 3613 1114 φησι,
3648 1044 3716 1097 τά

2135 1138 2523 1209 παρῳχηκότα,
2573 1136 2668 1190 καὶ
2707 1137 3058 1208 ἀποδημείτω
3101 1135 3237 1206 πρὸς
3273 1135 3446 1206 λήθην
3473 1135 3541 1190 τὰ
3575 1135 3714 1205 φθά-

2136 1246 2324 1283 σαντα·
2357 1227 2565 1283 ἑαυτῶν
2608 1229 2865 1300 ἁμείνους
2895 1228 3130 1299 δφθητεο
3165 1223 3276 1292 τοῖς
3318 1227 3596 1300 δευτέροις
3631 1229 3721 1282 ὲκο

2137 1323 2478 1392 μειλίσσεσθε
2524 1324 2677 1385 Θεὸν,
2717 1322 2962 1392 νηστείᾳ,
3009 1321 3106 1374 καὶ
3159 1322 3329 1387 πόνῳ,
3384 1319 3617 1390 κωκυτῷ
3656 1337 3717 1374 τε

2134 1417 2226 1469 καὶ
2261 1415 2498 1486 ὀδυρμῷ.
2531 1415 2761 1485 ”Εψεται
2789 1413 2898 1486 γὰρ
2926 1414 3142 1477 πάντως
3168 1413 3338 1467 ταῦτα
3363 1413 3495 1484 δρᾷν
3515 1411 3721 1486 ᾑρημέ-

2133 1523 2243 1570 νοις
2264 1507 2323 1560 τὸ
2351 1505 2547 1578 χρῆναι
2565 1507 2752 1560 λοιπὸν
2780 1507 2837 1558 ἐν
2865 1505 3131 1577 εὐπαθείᾳ
3178 1501 3317 1559 εἶναι
3365 1507 3460 1559 καὶ
3507 1508 3714 1576 τρυφῇ.

2135 1600 2346 1670 Ὥσπερ
2375 1601 2484 1671 γὰρ
2505 1601 2603 1671 τῆς
2621 1598 2904 1670 ῥᾳστώνης
2926 1599 2986 1652 τὸ
3009 1599 3184 1663 τέλος,
3206 1599 3302 1652 καὶ
3315 1597 3379 1652 τὸ
3402 1598 3718 1652 διαπίπτειν

2136 1695 2218 1757 είς
2250 1692 2448 1765 ἡδονάς
2495 1693 2867 1766 καταστρέφει
2916 1694 3134 1757 πάντως
3191 1694 3273 1755 είς
3315 1692 3561 1763 οἰμωγὰς
3615 1693 3714 1746 καὶ

2134 1785 2377 1839 κόλασιψ
2409 1786 2550 1839 οῦτω
2579 1786 2678 1854 τῆς
2707 1785 3030 1851 ἐπιεικείας,
3067 1786 3159 1838 καὶ
3191 1785 3301 1839 τῶν
3342 1786 3434 1838 ἐπὶ
3465 1785 3587 1848 ταῖς
3619 1802 3720 1856 με-

437 1877 598 1930 citas.
624 1874 790 1944 219
811 1873 1074 1927 Conducll
1109 1871 1275 1940 igitur
1300 1870 1497 1924 deﬂere
1528 1878 1749 1939 peccata
1772 1907 1786 1933 ,
1814 1879 1869 1924 et
1899 1885 2023 1924 con-

2133 1875 2437 1942 ταγνώσεσι
2484 1875 2722 1946 πόνωνή
2778 1874 3006 1938 ἔκϐασις
3052 1876 3133 1939 εἰς
3170 1875 3232 1927 τὸ
3263 1875 3364 1945 τῆς
3414 1873 3721 1945 εὐημερίας

437 1967 645 2022 tristari
675 1958 970 2021 secundum
1002 1963 1194 2018 Deum.
1227 1962 1358 2016 Nam
1389 1970 1447 2015 ιιι
1475 1971 1558 2016 est
1586 1962 1725 2031 apud
1752 1960 1976 2015 Paulum
2006 1979 2019 2014 :

442 2075 463 2111 ι
497 2057 741 2114 Tristitia
771 2056 1062 2112 secundum
1092 2056 1282 2119 Deum,
1311 2054 1680 2120 pmnitentiam
1709 2054 1761 2108 in
1793 2054 2022 2108 salutem

435 2165 542 2205 non
567 2151 932 2220 paenitendum
952 2148 1285 2218 operatur".
1314 2166 1332 2199 ι
1357 2147 1501 2201 Beati
1522 2160 1738 2216 quoque
1757 2162 1785 2199 a
1807 2145 2023 2201 Christo

380 2224 394 2241 ’
434 2242 872 2312 pronuntiantur,
897 2257 916 2291 ι
962 2239 1055 2308 qui
1092 2239 1308 2307 lugent;
1346 2236 1598 2306 quoniam
1636 2235 1736 2306 ipsi
1771 2235 2020 2291 consola-

436 2327 635 2386 buntur
649 2317 715 2385 ⁸⁸.
749 2350 766 2382 ι
791 2331 928 2396 Quin
952 2339 1007 2384 et
1027 2332 1245 2398 sapiens
1268 2328 1521 2383 Salomon
1549 2327 1655 2382 tale
1676 2328 1823 2398 quid,
1851 2343 2023 2398 quan-

435 2439 597 2492 quam
629 2421 728 2477 sub
758 2423 1150 2491 integumento,
1182 2421 1313 2475 dicit
1358 2439 1372 2474 :
1420 2438 1439 2471 ι
1491 2417 1680 2475 Melius
1717 2428 1801 2474 est
1838 2418 1918 2474 ire
1956 2418 2022 2472 ad

435 2519 653 2572 domum
680 2513 886 2578 luctus,
911 2529 1074 2582 quam
1102 2513 1169 2566 ad
1199 2513 1416 2566 domum
1446 2512 1679 2566 convivii
1700 2512 1766 2564 9".
1803 2529 1822 2564 ι
1853 2511 2023 2566 Ctete-

434 2623 553 2660 rum
585 2606 712 2660 illud
740 2605 1192 2660 considerandum
1206 2609 1288 2657 est
1304 2603 1617 2672 diligenter,
1639 2611 1900 2673 quantum
1927 2617 2021 2656 va-

434 2701 538 2756 leat
573 2698 860 2769 jejunium.
901 2699 1182 2752 Dominum
1225 2695 1615 2762 mansuefacit,
1659 2696 1796 2750 iram
1841 2695 2019 2759 sedat,

431 2808 647 2862 poenam
692 2791 850 2845 tollit.
888 2789 1261 2858 Nosmetipsos
1312 2796 1515 2842 tantum
1563 2802 1666 2841 non
1707 2785 2022 2840 verberibus

432 2887 636 2941 acriter
663 2884 1024 2952 accipientes,
1059 2881 1412 2935 ferocientem
1446 2888 1500 2934 et
1528 2879 1798 2933 furentem
1832 2889 2019 2932 contra

433 2985 533 3032 bos
574 2979 708 3032 iram
756 2974 992 3028 divinam
1036 2972 1320 3028 commode
1362 2971 1661 3036 flectimus,
1706 2981 1763 3027 et
1802 2987 2019 3025 manum

432 3067 786 3139 percutientis
821 3081 927 3120 non
966 3063 1250 3120 difﬁculter
1284 3065 1620 3119 cohibctnus.
1655 3063 1710 3119 Si
1748 3064 1891 3118 enim
1925 3078 2019 3118 ve-

433 3175 552 3213 rum
594 3169 708 3223 est,
755 3171 852 3212 nos
890 3156 1062 3212 solum
1107 3165 1324 3226 peccata
1368 3165 1553 3210 nostra
1595 3144 2018 3222 confitentes",

433 3251 726 3305 miserante
764 3246 905 3313 Deo,
935 3239 1254 3314 justilicari,
1291 3247 1514 3316 quinam
1555 3245 1832 3299 dubitetur
1864 3245 2014 3314 quin,
2046 3281 2088 3339 ο

434 3341 686 3398 asceticis
714 3340 994 3394 laboribus
1024 3355 1120 3394 nos
1148 3348 1511 3404 macerantes,
1537 3345 1590 3392 et
1618 3346 1873 3406 tanquam
1901 3350 2016 3405 pte-

433 3449 533 3492 nas
561 3451 590 3488 a
615 3432 886 3487 nobismet
913 3429 1213 3500 exigentes,
1239 3438 1583 3500 peccatorum
1610 3427 1822 3482 veniam
1850 3440 1880 3480 a
1911 3426 2021 3480 Deo

434 3524 826 3597 impetremus?
872 3523 1081 3592 Lugere
1126 3523 1294 3592 igitur
1333 3522 1521 3591 jubet,
1565 3528 1620 3573 et
1669 3519 2018 3573 discindenda

442 3619 658 3686 quidem
683 3615 1007 3671 vestimenta
1037 3613 1285 3676 minime;
1317 3610 1493 3679 potius
1521 3618 1702 3663 autem
1729 3608 1871 3678 quod
1901 3622 2023 3676 per-

435 3713 537 3782 ripi
567 3710 754 3766 animo
780 3719 834 3764 et
863 3707 1192 3778 cogitatione
1217 3713 1432 3773 potest,
1462 3702 1668 3756 immite
1695 3717 1758 3756 ac
1785 3711 1984 3756 saevum
2003 3742 2018 3767 ,

431 3816 487 3862 ct
531 3811 922 3860 commutatum
976 3815 1070 3854 seu
1125 3797 1434 3851 induratum
1481 3808 1578 3850 cor
1621 3794 2020 3849 dissolvendum

431 3909 597 3966 atque
617 3893 1024 3964 explicandum,
1050 3905 1161 3960 quo
1190 3888 1282 3944 Dei
1315 3889 1479 3942 timor
1501 3888 1855 3958 ingrediatur.
1875 3884 2022 3939 Scri-

437 3992 567 4044 bcns
585 3989 747 4056 igitur
769 3988 832 4042 ad
850 3984 1166 4040 Corinthios
1185 3981 1417 4037 Paulus:
1446 3998 1465 4032 ι
1499 3979 1616 4035 Non
1634 3975 2019 4048 angustiamini

430 4083 487 4135 in
508 4082 680 4142 nobis,
710 4099 727 4130 ι
750 4079 956 4148 inquit;
983 4095 1000 4127 ι
1023 4075 1600 4143 angustiaminiautem
1637 4072 1688 4124 in
1720 4068 2022 4124 visceribus

433 4174 647 4230 vestris.
685 4172 940 4226 Eatndem
975 4179 1156 4224 autem
1193 4169 1457 4223 habentes
1491 4160 2021 4223 remunerationem,

438 4275 690 4332 tanquam
730 4262 854 4317 filiis
887 4261 1030 4324 dico,
1067 4257 1370 4313 dilatamini
1409 4265 1463 4308 et
1496 4267 1594 4305 vos
1616 4251 1685 4303 θ’.
1728 4267 1747 4300 ι
1786 4247 2024 4303 Dilatare

435 4370 565 4427 ergo
601 4368 698 4409 eor
729 4362 976 4421 Oportet,
1017 4361 1274 4418 tanquam
1315 4345 1456 4402 Deo.
1489 4350 1543 4395 et
1583 4353 1750 4409 prope
1785 4346 2023 4392 mentem

437 4446 796 4517 disrumpere,
827 4456 886 4499 ut
919 4442 1062 4515 quod
1092 4442 1207 4508 ejus
1237 4446 1339 4500 est,
1370 4433 1619 4502 recipiat.
1645 4429 1781 4485 Nam
1814 4431 2022 4486 mtesti-

439 4543 570 4594 tiam
605 4540 839 4610 fingere,
879 4537 1050 4605 ruptis
1084 4534 1282 4588 frustra
1321 4543 1386 4582 ac
1423 4535 1628 4580 temere
1655 4525 2022 4589 vestimentis,

2128 1965 2330 2028 πλάτος
2362 1965 2599 2035 ἔρχεται.
2656 1965 2943 2036 Χρήσιμον
2985 1960 3079 2018 οῦν
3117 1965 3225 2036 ἄρα
3271 1964 3332 2018 τὺ
3383 1965 3586 2018 κλαίειν
3628 1963 3716 2034 ἐφ’

2127 2056 2454 2127 ἁμαρτίαις,
2482 2057 2575 2110 καὶ
2601 2046 2892 2111 λυπεῖσθαι
2936 2058 3078 2111 κατά
3107 2057 3260 2110 Θεόν.
3303 2057 3390 2120 Ὠς
3423 2056 3532 2127 γὰρ
3562 2057 3717 2110 Παῦ-

2124 2145 2214 2211 λος
2258 2148 2498 2218 γράφει,
2530 2167 2550 2200 ι
2593 2149 2658 2202 Ἡ
2717 2149 2860 2203 κατὰ
2897 2148 3032 2202 Θεὸν
3094 2148 3238 2218 λύπη
3293 2149 3580 2220 μετάνοιαν
3634 2150 3720 2210 είς

2127 2238 2398 2309 σωτηρίαν
2433 2240 2920 2311 ἀναμεταμέλητον
2958 2240 3379 2310 κατεργάζεται.
3424 2260 3441 2292 ι
3471 2239 3719 2312 Μακαρί-

2125 2328 2206 2394 ζει
2235 2329 2291 2382 δὲ
2323 2330 2417 2382 καὶ
2445 2331 2608 2393 αὑτὸς
2638 2333 2666 2384 ὁ
2718 2331 2955 2402 Χριστὸς
3003 2349 3022 2382 ι
3055 2331 3182 2394 τοὺς
3223 2331 3585 2397 πενθοῦντας,
3631 2332 3718 2386 ὅτι

2125 2424 2280 2478 αὐτοὶ
2313 2425 2852 2496 παρακληθήσονται.
2895 2444 2914 2476 ›
2948 2425 3058 2479 Καὶ
3084 2425 3188 2496 μὴν
3212 2427 3308 2478 καὶ
3331 2425 3360 2476 ὁ
3390 2425 3550 2494 σοφὸς
3583 2427 3719 2496 ἡμῖν

2125 2514 2377 2584 Σολομῶν
2399 2514 2641 2568 τοιοῦτόν
2673 2515 2726 2568 τί
2759 2533 2923 2586 φησιν
2954 2517 3389 2586 αἰνιγματωδῶς·
3425 2535 3444 2568 ι
3487 2517 3720 2586 Ἀγαθὸν

2123 2607 2184 2660 τὸ
2218 2607 2550 2678 πορευθῆναι
2577 2611 2657 2672 είς
2682 2603 2830 2662 οἷκον
2850 2608 3100 2674 πένθους,
3130 2609 3163 2680 ἢ
3197 2610 3257 2662 τὸ
3279 2609 3608 2681 πορευθῆναι
3634 2610 3718 2674 είς

2125 2693 2274 2752 οἷκον
2312 2697 2498 2752 πότου.
2545 2718 2562 2750 ι
2595 2697 2742 2770 Πλὴν
2795 2701 2972 2754 ἐκεῖνο
3021 2701 3337 2771 περιαθρεῖν
3381 2700 3716 2769 ἀναγκαῖον,

2126 2791 2226 2860 ὅση
2256 2806 2340 2854 τις
2362 2791 2480 2843 ἐστὶ
2509 2791 2608 2861 τῆς
2632 2792 2886 2862 νηστείας
2934 2794 2967 2862 ἡ
3016 2791 3269 2863 δύναμις.
3309 2793 3598 2863 Ἐξημεροῖ
3624 2793 3718 2845 τὸν

2124 2883 2422 2952 Δεσπότην,
2453 2881 2773 2947 κατευνάζει
2805 2883 2906 2953 τὴν
2956 2883 3146 2955 ὀργὴν,
3188 2885 3482 2956 ἀνατρέπει
3506 2885 3603 2955 τὴν
3633 2884 3720 2938 κό-

2124 2971 2298 3027 λασιν.
2343 2973 2601 3035 Ἑαυτοὺς
2630 2972 2739 3044 γὰρ
2769 2971 3125 3043 αἰκιζόμενοι,
3163 2975 3443 3044 μονονουχὶ
3465 2974 3717 3044 ἀγριαίν-

2124 3079 2274 3128 οντα,
2322 3063 2417 3116 καὶ
2441 3063 2807 3134 λελυττηκότα
2837 3065 2927 3117 τὸν
2952 3064 3093 3118 θεῖον
3126 3064 3247 3118 καθ’
3275 3067 3307 3135 ὴ
3319 3065 3433 3134 μῶν
3473 3061 3530 3118 εῦ
3568 3066 3716 3136 μάλα.

2123 3155 2484 3226 δυσωποῦμεν
2512 3153 2704 3225 θυμὸν,
2739 3156 2834 3208 καὶ
2861 3155 2960 3227 τὴν
2987 3159 3146 3227 χεῖρα
3187 3155 3280 3209 τοῦ
3315 3157 3717 3221 καταπαίοντος

2123 3246 2360 3309 εὐκόλως
2394 3244 2774 3314 συστέλλομεν.
2811 3245 2874 3298 El
2917 3246 3028 3315 γάρ
3074 3246 3222 3300 ἐστιν
3251 3247 3474 3318 ἀληθὲς,
3507 3249 3590 3302 ὅτι
3622 3250 3719 3302 καὶ

2126 3337 2284 3407 μόνον
2324 3335 2716 3406 ὁμολογοῦντες
2767 3335 2868 3400 τὰς
2919 3337 3196 3406 ἁμαρτίας
3248 3339 3718 3409 κατοικτείροντος

2122 3423 2257 3479 Θεοῦ
2295 3424 2673 3496 δικαιούμεθα,
2706 3425 2824 3488 πῶς
2856 3425 2920 3479 ἂν
2956 3425 3249 3480 ὲνδοιάσειέ
3285 3445 3370 3492 τις
3408 3429 3490 3482 ὅτι
3517 3432 3628 3493 τοῖς
3659 3429 3719 3495 ἐξ

2124 3520 2407 3590 ἀσκήσεως
2465 3521 2648 3582 πόνοις
2687 3517 2916 3581 ἑαυτοὺς
2974 3519 3406 3590 κατατήκοντες,
3453 3521 3546 3574 καὶ
3601 3518 3718 3575 οἷον

2122 3611 2399 3673 αἰτοῦντες
2425 3610 2600 3676 δίκας,
2634 3609 2788 3682 παρὰ
2818 3609 2954 3662 Θεοῦ
3001 3610 3109 3664 τῶν
3144 3612 3554 3682 ἡμαρτημένων
3588 3629 3718 3685 κερ⁶

2121 3703 2386 3772 δανοῦμεν
2417 3703 2517 3773 τὴν
2556 3705 2784 3772 ἄφεσιν;
2827 3703 3053 3755 Πενθεῖ-θ
3075 3700 3168 3758 οῦν
3189 3704 3297 3774 ἄρα
3331 3704 3564 3772 κελεύει,
3621 3706 3718 3759 καὶ

2121 3794 2514 3866 διαρρηγνῦναι
2557 3797 2719 3864 σφᾶς,
2757 3796 2960 3866 ἥκιστα
2990 3794 3091 3864 μὲν
3113 3794 3182 3848 τὰ
3216 3795 3418 3866 ἄμφια,
3451 3796 3722 3851 διαπτύσ-

2126 3902 2238 3940 σειν
2267 3887 2324 3938 δὲ
2356 3886 2558 3957 μᾶλλον
2599 3886 2808 3956 νοητῶς
2856 3887 2958 3957 τὴν
3008 3887 3235 3958 καρδίαν
3285 3887 3384 3959 τὴν
3413 3889 3595 3959 ἀπηνῆ
3621 3890 3722 3943 καὶ⁸

2131 3976 2510 4047 πεπιλημένην
2566 3979 2647 4041 είς
2697 3977 2764 4046 ἢν
2820 3977 2849 4028 ὁ
2908 3977 3048 4040 θεῖος
3080 3977 3179 4030 οὑκ
3207 3977 3474 4031 εἰσδύεται
3528 3977 3716 4047 φόϐος.

2139 4066 2472 4121 Ἐπιστέλλει
2530 4063 2623 4120 οῦν
2678 4066 2988 4136 Κορινθίοις
3039 4069 3067 4120 ὁ
3106 4067 3351 4131 Παῦλος·
3405 4087 3424 4120 ι
3456 4069 3531 4122 Ού
3590 4086 3720 4122 στε-

2126 4161 2452 4231 νοχωρεῖσθε
2488 4163 2546 4212 ἐν
2570 4162 2732 4231 ἡμῖν,
2754 4160 3178 4230 στενοχωρεῖσθε
3209 4161 3266 4214 δὲ
3291 4163 3349 4214 ἐν
3374 4163 3488 4226 τοῖς
3509 4162 3720 4232 σπλάγ-

2127 4269 2272 4321 χνοις
2327 4251 2499 4321 ὑμῶν.
2539 4249 2652 4322 Τὴν
2687 4251 2742 4304 δὲ
2793 4253 2964 4324 αὐτὴν
3015 4251 3363 4322 ἀντιμισθίαν
3397 4253 3474 4316 ὡς
3504 4253 3718 4319 τέκνοις

2124 4343 2288 4411 λέγω,
2305 4341 2645 4412 πλατύνθητε
2663 4344 2757 4396 καὶ
2773 4344 2949 4414 ὑμεῖς.
2963 4363 2981 4394 ι
3001 4344 3120 4416 Χρὴ
3133 4337 3224 4398 οὗν
3245 4345 3353 4415 ἄρα
3365 4345 3719 4416 κατευρύνειν

2131 4434 2232 4504 μὲν
2261 4433 2452 4502 ὥσπερ
2475 4434 2594 4504 Θεῷ
2625 4434 2724 4506 τὴν
2758 4435 3006 4506 καρδίαν,
3034 4436 3128 4488 καὶ
3161 4437 3443 4506 μονονουχὶ
3474 4435 3568 4490 τὸν
3591 4436 3720 4490 νοῦν

2129 4523 2581 4596 περιρῤηγνῦναι,
2644 4525 2710 4578 ἵν’
2738 4525 3037 4591 είσδέξαιτο
3084 4526 3144 4578 τὸ
3197 4526 3385 4598 αὑτοῦ.
3422 4513 3718 4600 Τοιγάρτοι

440 4633 572 4688 nihil
608 4631 713 4686 illis
771 4629 1037 4700 profuerit
1076 4623 1170 4693 qui
1205 4622 1258 4674 id
1292 4619 1537 4674 fecerint.
1566 4616 1680 4670 Non
1712 4616 1816 4671 vile
1843 4624 2023 4670 autem

2133 4617 2465 4673 πλάττεσθαι
2503 4618 2698 4688 λύπην,
2735 4615 3278 4688 καταρρηγνυμένων
3311 4621 3436 4691 είκῇ
3473 4620 3568 4674 καὶ
3611 4621 3718 4690 μά-

437 4727 648 4780 lucrum
688 4721 1014 4794 apportabit,
1055 4714 1271 4784 aperire
1311 4726 1407 4766 cor
1449 4708 1580 4775 Deo,
1619 4719 1675 4763 et
1715 4708 1823 4763 illic
1862 4722 2019 4777 repo-

439 4832 570 4872 nere
595 4813 740 4886 quod
762 4815 836 4868 illi
863 4811 1067 4880 placet;
1093 4805 1360 4860 conducet
1402 4803 1548 4856 enim
1573 4815 1656 4856 res
1677 4801 1743 4854 ad
1767 4799 2020 4854 salutem.

439 4909 556 4964 Non
597 4919 776 4963 autem
823 4918 920 4972 spe
961 4916 1056 4955 sua
1099 4900 1348 4966 lapsuros
1393 4894 1707 4962 suppliciter
1746 4900 2021 4963 rogantes,

439 5001 703 5070 propheta
764 4993 1079 5056 conﬁrmat,
1117 4988 1370 5058 inquiens
1415 4985 1696 5040 Dominum
1739 4984 2022 5037 universo-

441 5105 562 5147 rtttn
592 5101 714 5145 esse
742 5084 1057 5154 benignum,
1087 5091 1146 5136 et.
1173 5080 1354 5134 multae
1386 5076 1803 5140 misericordias,
1833 5078 1888 5128 et
1915 5073 2022 5128 mi-

440 5193 760 5242 seratorem,
787 5187 842 5233 et
870 5175 1092 5238 bonum,
1120 5180 1170 5227 et
1197 5171 1555 5241 paenitentent
1583 5181 1748 5236 super
1775 5164 2020 5219 malitiis.

441 5274 576 5327 Nam
618 5272 721 5326 etsi
762 5273 1085 5337 peccatores
1127 5261 1364 5331 afﬂigere
1401 5259 1652 5329 coeperit,
1696 5265 1875 5310 tamen
1919 5269 2024 5308 non

443 5364 534 5418 diu
579 5371 701 5430 post
750 5357 999 5420 ienietnr,
1040 5352 1306 5420 facileque
1353 5350 1420 5404 ad
1467 5346 1858 5416 benignitatem
1905 5357 2028 5398 sese

446 5449 761 5505 transferet.
806 5445 918 5500 lloc
955 5452 1086 5514 puto
1127 5455 1247 5497 esse
1289 5457 1308 5492 ι
1357 5439 1626 5508 poenitere
1668 5449 1831 5504 super
1868 5434 2025 5488 mali-

446 5543 558 5598 tiis.
593 5560 614 5594 ι
651 5539 890 5594 Salutem
920 5549 1082 5607 porro
1111 5531 1545 5604 desperantibus,
1577 5527 1839 5598 propheta
1876 5525 2026 5582 utili-

447 5642 529 5687 ter
550 5632 908 5703 cogitationes
927 5638 980 5684 et
1003 5625 1230 5684 consilia
1255 5623 1470 5692 propria
1497 5620 1818 5690 praecidens,
1843 5637 1860 5670 ι
1893 5617 2026 5684 Quis

2139 4723 2260 4779 την,
2300 4709 2545 4779 ὀνήσειεν
2585 4709 2652 4762 ἂν
2685 4709 2838 4762 οὐδὲν
2874 4709 3002 4772 τοὺς
3034 4709 3193 4762 τοῦτο
3225 4709 3358 4781 δρᾷν
3384 4711 3715 4782 ᾑρημένους.

2144 4800 2453 4872 Ἐμποιήσῃ
2488 4800 2532 4852 δ’
2585 4799 2650 4853 ἂν
2697 4801 2758 4852 ού
2802 4799 2975 4872 βραχὺ
3003 4801 3063 4853 τὸ
3094 4801 3283 4872 κέρδος
3312 4803 3372 4856 τὸ
3404 4803 3718 4873 ἀνοιγνύναι

2131 4892 2382 4964 καρδίαν,
2406 4893 2501 4946 καὶ
2529 4891 2944 4945 ὲναποτίθεσθαι
2972 4891 3033 4944 τδ
3054 4891 3243 4945 δοκοῦν
3265 4892 3342 4962 τῷ
3377 4893 3517 4965 Θεῷ.
3566 4898 3721 4949 Ἀπο.

2132 4987 2314 5056 κομιεῖ
2341 4985 2448 5055 γὰρ
2489 4983 2551 5036 τδ
2596 4985 2785 5055 χρῆμα
2835 4984 2970 5055 πρὸς
3003 4985 3300 5056 σωτηρίαν.
3347 4986 3469 5041 Ὅτι
3517 4987 3573 5042 δὲ
3616 4991 3719 5042 οὐκ

2131 5074 2518 5139 ἀποτεύξονται
2585 5075 2680 5129 τοῦ
2744 5075 2952 5129 σκοποῦ
3009 5077 3324 5146 ποιούμενοι
3370 5078 3470 5142 τὰς
3531 5079 3715 5144 λιτάς,

2130 5169 2359 5238 ὲμπεδοῖ
2411 5168 2605 5236 λέγων,
2660 5169 2736 5232 ὡς
2785 5169 2874 5238 εἴη
2907 5171 3004 5239 μὲν
3033 5169 3192 5222 ὁτῶν
3239 5169 3383 5225 ὅλων
3438 5174 3720 5245 Δεσπότης

2131 5258 2511 5330 φιλάνθρωπός
2532 5277 2610 5326 τε,
2632 5261 2725 5315 καὶ
2746 5259 3010 5329 φιλέλεος,
3029 5261 3349 5332 οἰκτίρμων,
3369 5264 3466 5317 καί⁸
3490 5265 3717 5333 ἀγαθὸς,

2133 5347 2229 5402 καὶ
2259 5349 2535 5418 μετανοῶν
2557 5349 2650 5402 ἐπὶ
2683 5351 2803 5413 ταῖς
2837 5349 3078 5414 κακίαις.
3099 5351 3166 5404 Ἐἰ
3191 5353 3303 5424 γὰρ
3333 5353 3398 5424 δὴ
3423 5355 3514 5407 καὶ⁵
3542 5355 3722 5409 ἕλοιτο

2134 5439 2335 5494 κακοῦν
2357 5443 2478 5504 τοὺς
2499 5442 2911 5513 ἡμαρτηκότας,
2937 5443 3051 5496 ἀλλ’
3090 5441 3183 5498 οῦν
3215 5443 3370 5498 ἔσται
3395 5449 3591 5518 πρᾶος,
3625 5449 3722 5503 καὶ

2132 5533 2234 5586 οὐκ
2252 5534 2309 5596 ὲς
2343 5534 2582 5605 μακράν.
2624 5535 2948 5606 Μεταχωρεῐ
2972 5535 3081 5608 γὰρ
3115 5536 3355 5600 εὐκόλως
3395 5540 3490 5592 ἐπὶ
3511 5539 3572 5592 τὸ
3593 5529 3723 5608 βου-

2132 5624 2383 5679 λεύεσθαι
2405 5625 2474 5679 τά
2500 5626 2734 5697 χρηστά.
2763 5625 2934 5680 Τοῦτο
2957 5623 3098 5681 εἶναι
3127 5645 3270 5698 φημι
3291 5630 3352 5682 τὸ
3391 5648 3409 5682 t
3437 5631 3720 5701 μετανοεῖν

518 5807 563 5840 ’³
617 5811 660 5869 ll
715 5813 837 5868 Cor.
878 5828 974 5880 vn,
1006 5809 1094 5864 10.
1149 5808 1196 5838 ’⁸
1224 5805 1414 5860 Matth.
1469 5820 1520 5872 ν,
1568 5804 1619 5858 5.
1697 5805 1742 5837 "
1779 5803 1956 5862 Eccle.

2153 5808 2205 5863 ’5.
2281 5809 2327 5842 ⁸⁸
2392 5808 2606 5864 l-Joan.
2659 5825 2696 5877 ι,
2744 5809 2796 5864 9.
2872 5809 2916 5841 ’⁷
2955 5807 2998 5862 ιι
3053 5809 3179 5864 Cor.
3217 5827 3294 5877 vt,
3359 5809 3442 5876 l2,
3495 5811 3586 5867 ιδ.
