4054 6456
331 466 441 522 565

329 583 431 638 ἐπὶ
466 580 591 648 ταῖς
649 583 897 648 κακίαις.
926 604 944 637 ι
1004 585 1478 658 ’Υποτεμνόμενος
1504 587 1561 640 δὲ
1592 586 1878 658 χρησίμως
1908 587 1935 638 ὁ
1966 622 2013 677 Α

332 678 629 748 προφήτης
659 678 772 731 τῶν
795 680 895 749 τὴν
917 678 1191 751 σωτηρίαν
1215 679 1617 748 ἀπεγνωκότων
1638 680 1699 732 τὸ
1733 680 1936 732 εἰκαιό-

330 767 551 833 6ουλον,
575 786 595 820 ι
633 768 731 833 Τίς
752 764 917 835 οἷδε,›
938 771 1127 840 φησὶν,
1157 790 1175 823 ι
1202 774 1251 825 εἰ
1284 773 1631 843 μετανοήσει,
1668 771 1762 824 καὶ
1811 773 1937 823 ὐπο-

328 860 571 931 λήψεται
600 862 779 916 ὀπίσω
804 863 969 915 αὐτοῦ
992 865 1244 933 εὐλογίαν
1272 881 1286 929 ;
1327 884 1345 916 ι
1373 864 1468 919 καὶ
1501 863 1570 918 τά
1591 864 1739 934 ἑξῆς.
1768 863 1935 917 Τουτο

326 953 476 1011 ἐστι.
507 952 672 1008 δώσει
692 957 805 1019 τοῖς
831 956 1223 1027 ἐπιστρέφουσι
1251 957 1312 1011 τὸ
1344 959 1636 1029 μετασχεῖν
1660 956 1932 1026 εὐλογίαν,

1238 463 1791 521 COMMENTARIUS
1833 461 1896 517 IN
1944 460 2211 518 JOELEM
2254 464 2699 523 PROPIIETAM.

3528 468 3634 524 566

2041 588 2243 653 novit,»
2266 586 2496 658 ἰιιιιιιὶι,‹
2513 586 2558 644 si
2590 586 2873 658 paenitebit
2903 603 3048 652 eum,
3080 598 3132 643 et
3161 588 3397 644 dimittet
3424 597 3545 658 post
3573 604 3632 644 se

2040 680 2511 735 benedictionem?
2530 699 2547 734 ι
2567 690 2699 747 etc.;
2725 680 2777 735 id
2805 690 2906 745 est,
2935 679 3081 734 dabit
3107 678 3547 735 convertentibus
3574 692 3632 734 se

2040 772 2431 828 benedictionis
2463 772 2580 828 ﬁeri
2619 773 2945 843 participes,
2979 782 3035 827 ut
3068 771 3299 827 libamen
3332 782 3387 826 et
3418 771 3635 826 sacriﬁ-

2040 862 2182 917 cium
2214 864 2408 919 iterum
2438 863 2539 933 ipsi
2567 864 2766 919 offerre
2792 872 3013 932 queant,
3040 862 3344 934 gaudioque
3368 872 3422 919 et
3448 862 3633 919 laztitia

2047 957 2389 1011 exsultantes
2416 956 2715 1027 gratiarum
2746 958 2988 1011 actiones
3016 955 3324 1011 decantent.

326 1045 479 1101 ὥστε
510 1049 610 1103 καὶ
632 1049 865 1122 σπονδὴν
910 1050 1006 1106 καὶ
1035 1051 1230 1107 Θυσίαν
1251 1051 1534 1109 ἀναθεῖναι
1560 1052 1724 1107 πάλιν
1781 1051 1964 1124 αὐτῷ,
2003 1051 2295 1124 χαίροντας
2330 1070 2388 1106 τε
2423 1053 2518 1106 καὶ
2578 1051 3043 1123 εὐφραινομένους
3067 1050 3382 1124 άναμέλψαι
3418 1051 3488 1105 τὰ
3534 1068 3633 1122 χα-

370 1158 619 1198 ιστηοια.

370 1158 462 1195 ιστ
542 1161 619 1198 ια.

328 1159 363 1213 ρ
406 1142 766 1289 Exulem“
800 1236 1096 1308 σάλπιγγι
1136 1238 1207 1293 ἐν
1252 1238 1441 1307 Σιὼν,
1495 1239 1785 1309 ἁγιάσατε
1828 1256 1937 1307 νη-

322 1328 572 1391 στείαν,
601 1328 903 1398 κηρύξατε
952 1331 1298 1399 θεραπείαν,
1340 1332 1714 1400 συναγάγετε
1755 1333 1935 1397 λαόν,

323 1419 628 1491 ἁγιάσατε
676 1423 1071 1491 Ἐκκλησίαν,
1102 1423 1438 1488 ἐκλέξασθε
1467 1423 1935 1493 πρεσϐυτέρους,

324 1512 635 1581 συνάγετε
666 1513 859 1580 νήπια
906 1514 1245 1583 θηλάζοντα
1285 1518 1577 1586 μαστούς.
1615 1516 1940 1581 Ἐξελθέτω

322 1606 597 1673 νυμφίος
646 1606 718 1659 ἐκ
764 1606 873 1661 τοῦ
931 1605 1240 1674 κοιτῶνος,
1298 1609 1395 1662 καί
1444 1610 1652 1679 νύμφη
1699 1609 1769 1662 ἐκ
1823 1607 1931 1662 τοῦ

321 1697 575 1752 παστοῦ
597 1696 810 1767 αὐτῆς.
858 1699 1187 1768 Ἃναμέσον
1223 1699 1335 1769 τῆς
1365 1701 1657 1769 κρηπίδος
1701 1699 1930 1754 καὶτοῦ

322 1790 774 1857 θυσιαστηρίου
824 1791 1203 1846 κλαύσονται
1251 1794 1305 1846 οἱ
1356 1792 1550 1860 Ιερεῖς,
1577 1797 1630 1848 ot
1662 1796 1932 1862 λειτουρ-

2109 1231 2275 1302 220
2322 1229 2487 1285 Vens.
2516 1228 2700 1284 15-17.
2736 1226 2976 1300 Clangite
3005 1231 3130 1286 tuba
3162 1229 3217 1285 in
3251 1229 3404 1301 Sion,
3431 1238 3631 1290 sancti.

2038 1322 2192 1392 ﬁcate
2207 1321 2494 1392 jejunium,
2518 1319 2801 1388 prwdicate
2826 1322 3174 1389 curationem,
3198 1334 3507 1395 congregate
3530 1344 3631 1393 po-

2036 1414 2237 1484 pulum,
2258 1414 2585 1481 sanctiﬁcate
2609 1412 2918 1480 Ecclesium,
2938 1415 3112 1486 eligite
3134 1418 3387 1481 seniores,
3404 1432 3626 1486 congre-

2038 1518 2157 1577 gate
2190 1504 2435 1575 parvulos
2469 1516 2707 1574 augentes
2742 1506 2925 1559 ubera.
2958 1505 3282 1577 Egrediatur
3308 1523 3528 1576 sponsus
3562 1508 3628 1560 de

2041 1599 2203 1653 cubiti
2237 1615 2355 1664 suo,
2391 1608 2437 1653 et
2474 1616 2668 1667 sponsa
2702 1600 2766 1655 de
2799 1602 3032 1657 thalamo
3065 1619 3181 1657 suo.
3220 1601 3368 1658 Inter
3400 1605 3627 1673 crepidi-

2040 1708 2154 1745 nem
2190 1700 2241 1746 ει
2274 1693 2444 1746 altare
2476 1692 2756 1762 plorabant
2792 1696 3093 1749 sacerdotes
3132 1696 3487 1751 ministrantes
3522 1696 3630 1750 Do-

2039 1786 2205 1851 mino,
2240 1794 2287 1838 et
2326 1785 2497 1839 dicent
2533 1800 2551 1840 :
2585 1784 2777 1852 Parce,
2813 1785 3058 1852 Domine,
3092 1788 3287 1857 populo
3330 1799 3443 1853 tuo,
3476 1797 3526 1842 et
3568 1804 3631 1842 ne

318 1880 586 1948 γοῦντες
628 1882 846 1951 Κυρίῳ,
881 1883 981 1936 καί
1014 1884 1283 1950 ἐροῦσιν·
1327 1885 1557 1953 Φεῐσαι,
1586 1886 1784 1954 Κύριε,
1828 1886 1924 1941 τοί

2039 1875 2128 1929 des
2158 1873 2518 1929 Itwreditatem
2550 1885 2696 1929 tuam
2730 1877 2781 1929 in
2814 1876 3174 1945 opprobrium,
3208 1886 3264 1930 ut
3294 1880 3632 1932 dominentur

318 1972 483 2027 λαοῦ
520 1988 638 2027 σου
665 2013 681 2039 ,
739 1973 841 2027 καὶ
884 1973 971 2044 μὴ
1020 1974 1140 2041 δῷς
1197 1975 1314 2043 τὴν
1354 1979 1767 2048 κληρονομίαν
1814 1992 1932 2032 σου

332 2069 427 2132 εὶς
487 2065 723 2132 ὄνειδος
772 2066 881 2121 τοῦ
950 2066 1244 2135 κατάρξαι
1284 2067 1485 2123 αὐτῶν
1532 2069 1711 2139 ἔθνη,
1771 2069 1933 2136 ὅπως

314 2156 406 2225 μὴ
441 2157 705 2211 εἴπωσιν
745 2157 815 2211 ἐν
857 2156 983 2223 τοῖς
1028 2157 1258 2223 ἔθνεσι,
1301 2158 1427 2212 Ποῦ
1476 2159 1650 2214 ἐστιν
1698 2162 1731 2213 ό
1786 2158 1933 2227 Θεὸς

321 2249 529 2306 αὐτῶν
545 2266 563 2313 ;

396 2341 680 2415 XIV-K9.
705 2341 1053 2413 Διανίστησιν
1098 2338 1156 2397 εὐ
1188 2343 1336 2415 μάλα
1361 2345 1456 2399 καὶ
1489 2343 1579 2399 διὰ
1598 2344 1801 2400 τούτων
1833 2345 1930 2399 αὐ-

322 2434 455 2497 τοὺς
486 2435 569 2497 είς
626 2434 995 2503 μετάγνωσιν,
1049 2435 1146 2488 καὶ
1206 2436 1410 2507 τρόπον
1464 2436 1652 2490 οὐδένα
1713 2437 1813 2508 τῆς
1849 2439 1930 2501 είς

326 2528 488 2582 τοῦτο
520 2527 764 2598 σπουδῆς
814 2528 1259 2599 ἀνεπιτήδευτον,
1302 2530 1397 2601 ὲᾷν
1430 2529 1711 2584 ἐπιτάττει
1736 2530 1927 2602 χρησί-

324 2638 467 2691 μως.
489 2621 613 2673 Δεῖν
630 2620 738 2690 γάρ
777 2619 882 2689 ἔφη
904 2620 1145 2693 λαμπρῷ
1173 2624 1266 2676 καὶ
1290 2623 1583 2695 διαπρεπεῖ
1607 2623 1928 2696 κηρύγματι

323 2712 737 2783 κεχρημένους,
768 2713 1019 2780 άγιάζειν
1049 2715 1148 2785 μὲν
1183 2717 1460 2786 νηστείαν,
1491 2716 1729 2789 κηρύξαι
1758 2718 1814 2772 δὲ
1839 2717 1928 2771 θε-

323 2804 589 2874 ραπείαν,
638 2806 733 2858 καὶ
798 2806 1143 2876 συναγείρειν
1173 2808 1229 2859 ὲν
1275 2808 1579 2880 Ἐκκλησία
1607 2812 1733 2874 τοὺς
1766 2808 1927 2881 θερα-

320 2898 517 2952 πεύειν
547 2898 887 2968 ὀφείλοντας,
924 2899 1083 2970 δῆλον
1114 2899 1171 2953 δὲ
1194 2901 1279 2953 ὅτι
1300 2900 1681 2972 λελυπημένον
1704 2900 1796 2955 τὸν
1818 2901 1926 2956 τῶν

320 2991 463 3044 ὅλων
503 2991 662 3045 Θεόν.
698 2988 825 3045 Εἶεν
861 2992 905 3045 δ’
929 2993 995 3046 ἂν
1033 2988 1179 3047 οῦτοι
1204 2993 1499 3058 νεανίσκοι,
1521 2995 1615 3047 καὶ
1642 2994 1923 3065 παρθένοι,

321 3082 698 3157 πρεσϐύτεροι
737 3084 880 3155 μετὰ
908 3085 1216 3157 νεωτέρων,
1253 3086 1425 3157 νήπιά
1455 3105 1512 3140 τε
1551 3088 1688 3158 πρὸς
1716 3086 1927 3153 τούτοις

315 3176 615 3247 άρτιγενῆ,
657 3176 751 3231 καὶ
779 3177 1065 3245 ὐπότιτθα,
1113 3178 1344 3250 καὶμὴν
1379 3179 1472 3232 καὶ
1518 3181 1775 3250 νυμφίοι,
1830 3180 1927 3235 καὶ⁹

316 3268 627 3340 ἀρτίγαμοι
679 3270 860 3341 κόραι,
892 3270 1036 3341 τάχα
1070 3288 1173 3323 που
1207 3270 1664 3342 κατεστεμμένων
1709 3270 1789 3325 ἔτι
1820 3288 1925 3326 πα-

319 3360 467 3415 στῶν
493 3360 809 3427 ἐκθέουσαι,
862 3363 957 3415 καὶ
1003 3362 1314 3432 γαμηλίους
1351 3362 1513 3426 εὐνάς
1551 3361 1882 3434 ἀρνούμεναι
1907 3404 1921 3429 ,

313 3454 539 3525 τρυφῆς
568 3470 651 3521 τε,
682 3454 779 3507 καὶ
808 3452 972 3508 πότου
1000 3453 1373 3526 ὑπερορῶσαι,
1406 3455 1502 3507 καὶ
1522 3453 1925 3523 ἀλλασσόμεναι

313 3544 421 3616 τὴν
480 3543 914 3617 σκληραγωγίαν
982 3544 1215 3617 (κρότου
1277 3546 1778 3617 περιεσταλμένου,
1830 3545 1925 3599 καὶ

313 3636 592 3708 ᾀσμάτων
629 3638 1008 3709 ἠρεμούντων,
1054 3638 1147 3692 καὶ
1177 3637 1485 3710 εὐφημιῶν,
1514 3637 1581 3701 ἃς
1631 3636 1751 3701 ἔθος
1781 3637 1923 3691 τισὶν

312 3728 590 3784 ἀνάπτειν
610 3729 823 3784 ἐσθ’ὅτε
841 3734 956 3795 τοῖς
972 3732 1366 3803 γεγαμηκόσι),
1382 3731 1477 3785 καὶ
1505 3729 1642 3802 ὁμοῦ
1665 3730 1923 3802 νυμφίοις

308 3819 745 3892 ὀλοφυρόμεναι.
794 3822 907 3877 Καὶ
944 3824 1053 3895 γάρ
1082 3824 1232 3878 ἐστιν
1277 3823 1477 3895 ἀληθὲς
1526 3822 1664 3895 ὅπερ
1694 3820 1799 3894 ἔφη
1836 3840 1924 3886 τις

307 3910 429 3963 τῶν
469 3911 602 3983 παρ’
642 3913 776 3983 ἡμῖν
814 3914 1015 3984 σοφῶνο
1056 3914 1346 3968 (Μουσικὰ
1367 3916 1424 3968 ὲν
1450 3912 1657 3978 πένθει,
1692 3913 1923 3985 ἄκαιρος

309 4002 1071 4078 διήγησις.»Ἐπηρτημένης
1099 4004 1163 4078 δὴ
1211 4004 1305 4061 οῦν
1358 4008 1491 4078 ἡμῖν
1529 4005 1678 4070 Θείας
1709 4006 1882 4078 ὀργῆς
1903 4045 1917 4071 ,

310 4094 542 4149 πενθεῖν
590 4095 926 4165 ἀναγκαῖον,
976 4098 1101 4169 οὐχὶ
1160 4099 1348 4162 πότοις
1405 4116 1465 4152 τε
1534 4098 1628 4153 xa‘t
1687 4098 1922 4169 τρυφαῖς

306 4187 710 4259 ὲνευρύνεσθαι
745 4189 945 4259 φιλεῖν.
975 4190 1099 4244 ’Ότι
1138 4188 1247 4261 γὰρ
1301 4191 1402 4244 οὐκ
1458 4191 1812 4262 ὰμοιρήσειεν
1854 4189 1920 4243 ἂν

311 4276 548 4352 μομφῆς
579 4299 662 4348 τε,
702 4283 796 4337 καὶ
825 4280 983 4353 δίκης
1012 4278 1073 4335 τὸ
1096 4285 1197 4337 οὐκ
1244 4284 1302 4338 ἐν
1332 4282 1512 4356 καιρῷ
1548 4285 1783 4356 τρυφᾷν,
1825 4299 1920 4336 σα-

305 4375 506 4445 φηνιεῖ
533 4390 620 4438 τις
643 4368 754 4429 τῶν
791 4375 965 4444 ἁγίων
998 4375 1318 4447 προφητῶν,
1348 4375 1525 4445 λέγων
1564 4375 1695 4447 περὶ
1720 4374 1830 4428 τῶν
1862 4374 1923 4440 ἐξ

318 4463 574 4536 Ἰσραήλ*
622 4483 639 4516 ι
663 4466 775 4520 Καὶ
805 4466 1034 4521 ἐκάλεσε
1057 4468 1261 4538 Κύριος
1284 4465 1513 4522 Σαϐαὼθ
1546 4470 1603 4522 ὲν
1636 4468 1703 4539 τῇ
1733 4466 1921 4541 ἡμέρᾳ

2036 1983 2217 2020 eorum
2252 1976 2448 2036 gentes,
2484 1976 2541 2019 ιιι
2578 1984 2682 2022 non
2717 1968 2897 2021 dicunt
2936 1969 2989 2021 in
3027 1970 3330 2025 nationibus
3364 1986 3381 2025 :
3415 1968 3517 2024 Ubi
3553 1979 3630 2026 est

2040 2057 2176 2113 Deus
2211 2057 2430 2112 eorum?

2103 2342 2544 2401 XXVIII-XXIX.
2590 2346 2765 2401 Etiam
2806 2347 2889 2402 bis
2912 2362 3005 2404 eos
3028 2347 3092 2402 ad
3116 2348 3492 2417 pmnitentiam
3544 2363 3632 2403 rc-

2033 2432 2272 2491 ctissime
2290 2427 2560 2491 e'xsuscita
2572 2447 2663 2500 t,et
2682 2438 2869 2493 modos
2884 2454 3074 2494 omnes
3092 2438 3142 2493 in
3155 2439 3258 2494 hoc
3274 2438 3452 2495 studio
3468 2455 3635 2510 expe-

2034 2524 2127 2580 riri
2151 2526 2443 2583 salubriter
2468 2529 2731 2598 praecipit.
2747 2529 3010 2599 Oportere
3028 2531 3198 2597 enim,
3217 2531 3411 2601 inquit,
3433 2533 3631 2603 insigni

2030 2628 2087 2674 et
2112 2620 2396 2675 excellenti
2419 2621 2827 2677 denuntiatione
2845 2622 3088 2677 adhibita
3120 2624 3465 2680 sanctiticare
3484 2623 3631 2694 jeju-

2030 2713 2201 2778 nium,
2229 2714 2525 2782 praedicare
2552 2715 2915 2779 curationem,
2934 2722 3334 2787 etcongregare
3359 2717 3413 2772 in
3443 2715 3633 2773 Eccle-

2029 2804 2188 2870 siam,
2207 2806 2297 2874 qui
2324 2806 2489 2861 Deum
2509 2804 2774 2861 oﬂensum
2799 2808 3115 2877 propitient,
3137 2824 3331 2879 nempe
3396 2808 3631 2878 juvenes

2028 2908 2079 2954 et
2115 2900 2386 2970 virgines,
2421 2914 2581 2955 senes
2615 2916 2738 2955 cum
2767 2900 3078 2969 junioribus
3103 2890 3173 2966 δί’,
3271 2902 3507 2957 infantes
3544 2902 3630 2956 in-

2028 3009 2191 3063 super
2218 2995 2377 3050 modo
2406 2996 2618 3064 genitos
2644 2994 2687 3059 ί,
2714 3004 2766 3048 et
2798 2995 2977 3049 adhuc
3007 2996 3109 3050 sub
3139 2996 3327 3061 ubere.
3362 3006 3628 3066 praeterea

2028 3103 2257 3158 sponsos
2283 3097 2339 3144 et
2368 3104 2536 3143 novas
2567 3098 2782 3159 nuptas,
2815 3091 3067 3144 nimirum
3094 3105 3125 3145 e
3158 3090 3413 3147 thalamis
3444 3093 3626 3148 adhuc

2030 3177 2306 3233 coronatis
2346 3190 2723 3244 excurrentes,
2761 3188 2818 3234 et
2863 3179 3116 3235 lectulum
3164 3179 3433 3251 genialem
3475 3181 3631 3239 dese-

1980 3263 1999 3286 ‘
2035 3279 2237 3333 rentes,
2268 3268 2707 3340 voluptatemque
2732 3279 2786 3323 et
2814 3270 3003 3339 epulas
3028 3270 3407 3342 despicientes,
3436 3281 3491 3327 et
3516 3273 3627 3327 vita

2031 3364 2331 3419 austeriore
2360 3370 2754 3418 commutantes
2786 3363 3012 3434 (plausu
3046 3378 3383 3434 compresso,
3415 3364 3629 3435 epitha-

2031 3451 2211 3509 lamiis
2250 3453 2557 3519 silentibus,
2594 3463 2648 3509 et
2689 3453 2845 3509 bonis
2886 3453 3182 3520 ominibus,
3223 3455 3420 3524 quibus
3462 3472 3631 3511 novos

2030 3545 2290 3616 conjuges
2314 3546 2533 3617 quidam
2565 3546 2819 3615 prosequi
2847 3547 3072 3615 solent),
3098 3554 3153 3601 et
3179 3562 3282 3601 una
3309 3563 3430 3601 cum
3458 3563 3614 3617 Spon-

2029 3639 2105 3695 sis
2150 3639 2530 3695 lamentantes.
2572 3638 2770 3694 Verum
2837 3637 3103 3708 siquidem
3155 3655 3296 3693 unus
3341 3654 3372 3694 e
3423 3638 3626 3695 nostris

2027 3728 2370 3799 sapientibus
2400 3730 2536 3785 dixit
2566 3746 2581 3786 :
2620 3748 2639 3783 ι
2678 3728 2882 3785 Musica
2916 3729 2968 3783 in
3000 3729 3168 3794 luctu,
3198 3740 3282 3784 est
3315 3729 3589 3799 importun

2028 3821 2326 3876 narratio”.
2355 3840 2374 3873 ι
2400 3819 2756 3892 Opprimente
2781 3821 2945 3892 igitur
2962 3836 3062 3877 nos
3086 3822 3164 3876 ira
3186 3820 3386 3883 divina,
3413 3819 3621 3889 lugere,

2027 3928 2134 3967 non
2162 3911 2427 3967 conviviis
2449 3922 2504 3967 et
2527 3912 2741 3967 deliciis
2764 3913 2943 3968 soluto
2971 3913 3155 3969 animo
3182 3928 3377 3968 vacare
3404 3927 3626 3969 necesse

2024 4016 2127 4061 est.
2153 4003 2289 4059 Nam
2320 4004 2701 4075 intempestive
2729 4005 2860 4059 dare
2889 4019 3111 4075 operam
3138 4005 3421 4075 voluptati,
3450 4015 3503 4060 et
3538 4022 3624 4060 re-

2026 4099 2444 4169 prehensionem
2476 4109 2532 4154 et
2560 4114 2777 4170 pinnam
2811 4100 3033 4165 mereri,
3065 4100 3286 4169 quidam
3320 4104 3386 4156 de
3414 4103 3623 4157 sanctis

2024 4191 2307 4263 prophetis
2336 4192 2594 4257 ostendit,
2622 4191 2710 4248 his
2737 4190 2916 4247 verbis
2946 4192 3012 4247 de
3044 4190 3315 4245 lsraelitis
3346 4191 3573 4261 loquens
3603 4212 3619 4248 :

2032 4305 2050 4339 ι
2090 4285 2157 4340 Et
2184 4285 2399 4340 vocavit
2434 4283 2694 4340 Dominus
2723 4282 2966 4340 Sabaoth
2996 4283 3050 4337 in
3079 4282 3166 4339 die
3198 4284 3285 4338 illa
3319 4281 3539 4350 ﬂetum,
3566 4295 3624 4340 et

2024 4374 2324 4447 planctum,
2349 4384 2404 4431 et
2433 4376 2730 4443 calvitium,
2760 4385 2814 4431 et
2844 4375 3149 4431 cincturam
3180 4389 3488 4441 saccorum;
3520 4376 3623 4445 ipsi

2024 4480 2205 4525 autem
2232 4471 2476 4525 fecerunt
2494 4468 2765 4535 laetitiam,
2792 4467 3139 4523 innuolantes
3160 4466 3355 4523 vitulos
3378 4478 3432 4523 et
3454 4470 3623 4523 sacri-

302 4556 500 4627 ὲκείνῃ
553 4555 858 4629 κλαυθμὸν,
891 4560 984 4612 καὶ
1030 4559 1300 4625 κοπετὸν,
1361 4561 1456 4615 καί¹
1508 4560 1770 4633 ξύρησιν,
1822 4560 1917 4615 καὶ

2030 4563 2253 4618 beantes
2279 4574 2438 4627 oves;
2471 4561 2543 4616 ita
2572 4572 2627 4615 ιιι
2662 4558 3013 4616 comederent
3041 4564 3255 4623 carnes,
3287 4570 3341 4615 et
3372 4560 3623 4615 biberent

300 4652 481 4717 ζῶσιν
517 4652 764 4720 σάκκων,
780 4656 935 4709 αὐτοὶ
956 4656 1014 4709 δὲ
1036 4658 1368 4729 ἐποιήσαντο
1398 4654 1759 4727 εὐφροσύνας,
1777 4655 1913 4725 σφά-

300 4745 501 4810 ζοντες
539 4746 793 4818 μόσχους
813 4788 826 4812 ,
854 4748 943 4801 καὶ
967 4748 1188 4813 θύοντες
1222 4748 1493 4821 πρόϐατα,
1520 4749 1614 4802 καὶ
1642 4746 1916 4817 λέγοντεςο

299 4840 610 4911 Φάγωμεν,
644 4842 741 4894 καὶ
775 4841 1013 4911 πίωμεν,
1057 4841 1247 4914 αὐριον
1277 4841 1387 4911 γὰρ
1418 4836 1861 4913 ἀποθνήσκομεν.
1894 4860 1913 4893 ι

303 4932 592 5002 Ζητητέον
643 4927 738 4986 οὖν
799 4932 1053 5005 θρήνους,
1112 4935 1208 4987 καὶ
1263 4933 1475 5003 δάκρυα
1529 4932 1919 5004 ὲπηρτημένης

302 5022 504 5093 ὀργῆς.
537 5022 651 5077 Καὶ
691 5023 995 5096 διερρίφθω
1038 5026 1219 5089 πότος.
1263 5028 1383 5079 Δεῖν
1429 5022 1485 5079 δέ
1519 5042 1684 5095 φησιν
1726 5027 1754 5078 ὁ
1783 5042 1918 5096 προ-

304 5117 489 5186 φήτης
518 5116 617 5168 καὶ⁹
645 5116 779 5169 αὐτὸ
803 5119 913 5181 τοῖς
939 5117 1196 5171 πενθοῦσι
1231 5118 1293 5171 τὸ
1338 5118 1483 5189 ἱερὸν
1509 5116 1911 5172 ἁναπλέκεσθαι

304 5208 402 5260 καὶ
426 5208 733 5262 άπόλεκτον
784 5209 965 5279 γένος,
1022 5210 1116 5275 καὶ
1140 5212 1205 5282 δὴ
1239 5212 1374 5282 πρὸς
1431 5212 1625 5274 αὐταῖς
1676 5215 1911 5283 κρηπῖσι

297 5297 400 5351 τοῦ
434 5298 588 5364 ναοῦ,
620 5301 716 5354 καὶ
737 5302 1013 5374 άναμέσον
1053 5303 1149 5357 τοῦ
1188 5303 1578 5373 θυσιαστηρίου
1626 5303 1913 5357 κατολολύ-

302 5390 421 5454 ζειν
455 5393 695 5458 ἐκτενῶς
733 5394 1176 5461 ἀνακωκύοντας,
1201 5398 1295 5450 καὶ
1333 5395 1613 5465 λέγοντας·
1653 5415 1671 5448 ι
1701 5397 1911 5463 Φεῖσαι,

302 5482 503 5554 Κύριε,
531 5484 629 5538 τοῦ
664 5485 796 5540 λαοῦ
836 5504 956 5554 σου,
993 5489 1090 5542 καὶ
1141 5489 1218 5560 μὴ
1263 5488 1369 5561 δῷς
1397 5488 1496 5560 τὴν
1547 5488 1916 5559 κληρονομίαν

302 5593 403 5630 σου
442 5580 523 5643 είς
554 5579 783 5645 ὄνειδος,
836 5582 933 5636 τοῦ
968 5581 1240 5653 κατάρξαι
1290 5582 1471 5637 αὐτῶν
1498 5581 1646 5653 ἔθνη,
1704 5583 1917 5652 μήποτε

301 5666 505 5722 εἴπωσι
544 5671 613 5725 τὰ
654 5671 807 5742 ἔθνη,
855 5672 967 5727 Ποῦ
1022 5673 1218 5728 ἔστινὸ
1260 5674 1391 5738 Θεὸς
1449 5672 1665 5739 αὐτῶν;
1694 5690 1713 5723 ι
1774 5672 1916 5726 Ἀλλ’

302 5759 466 5831 εἴπερ
509 5763 674 5834 μόνον
704 5766 853 5837 αὐτῷ
899 5767 999 5839 τῆς
1041 5767 1264 5838 ἀκρίδος
1310 5766 1469 5836 λόγος
1516 5764 1603 5837 ἧν»
1650 5766 1767 5828 πῶς
1798 5765 1919 5836 οὐχὶ

375 5944 421 5977 ”
480 5943 629 6001 Psal.
664 5962 887 6012 csum,
944 5946 1027 6000 19..
1109 5946 1125 5975 ¹
1183 5945 1202 5999 l
1262 5944 1407 6002 Petr.
1473 5960 1531 6009 ιι,
1572 5942 1627 5998 2.
1708 5945 1727 5975 ²
1776 5941 1943 6001 Eccli.

2022 4660 2247 4723 viuum,
2296 4657 2544 4710 dicentes
2590 4672 2603 4709 :
2657 4654 3022 4709 Comedamus
3067 4661 3123 4710 et
3172 4651 3449 4720 bibamus,
3498 4668 3624 4708 cras

2015 4749 2163 4803 enim
2214 4747 2477 4813 morimur
2495 4746 2537 4801 ³.
2585 4765 2604 4799 ι
2650 4744 2730 4801 Ad
2763 4745 3003 4801 lamenta
3048 4744 3213 4817 igitur
3253 4756 3308 4801 et
3349 4744 3622 4819 lacrymas

2016 4838 2437 4909 confugiendum
2467 4847 2551 4894 est
2584 4838 2669 4893 liis
2724 4839 2777 4892 in
2808 4851 2945 4907 quos
2973 4838 3217 4895 caelestis
3244 4838 3324 4892 ira
3357 4838 3620 4896 incubue-

2019 4934 2110 4987 rit.
2133 4932 2319 5002 Apage
2348 4946 2469 4986 cum
2498 4931 2786 4987 conviviis.
2814 4930 3146 5002 Lugentibus
3172 4946 3337 5001 porro
3363 4943 3612 4987 sanctum

2018 5034 2073 5080 et
2099 5023 2330 5079 electum
2356 5037 2529 5094 genus
2553 5024 2890 5078 miscendum
2920 5025 3015 5090 ait,
3042 5033 3098 5078 et
3126 5022 3249 5078 ideo
3281 5023 3422 5080 inter
3443 5023 3614 5080 vesti-

2018 5115 2205 5172 bulum
2253 5114 2435 5185 templi
2480 5126 2535 5171 et
2576 5115 2746 5172 altare
2790 5114 3099 5186 ploraturos
3147 5114 3387 5184 impense
3429 5130 3614 5170 sacer-

2022 5211 2205 5280 dotes,
2238 5220 2294 5265 et
2328 5226 2450 5266 cum
2488 5210 2693 5265 ululatu
2730 5210 2971 5266 dicturos
3006 5228 3020 5266 :
3059 5229 3078 5262 ι
3120 5208 3319 5276 Parce,
3354 5208 3607 5275 Domine,

2021 5303 2220 5374 populo
2252 5314 2365 5370 tuo,
2399 5310 2454 5359 et
2486 5319 2557 5359 ne
2593 5305 2689 5359 des
2725 5303 3099 5358 ba’retlitatem
3138 5313 3283 5356 tuam
3324 5303 3376 5355 in
3415 5317 3614 5373 oppro—

2020 5397 2236 5459 brium,
2278 5408 2337 5449 ιιι
2380 5397 2733 5451 dominentur
2774 5409 2962 5452 eorum
3008 5394 3291 5460 nationes,
3335 5392 3495 5463 221
3545 5410 3616 5449 ne

2016 5489 2155 5545 forte
2179 5489 2363 5544 dicant
2389 5497 2579 5557 gentes
2610 5506 2624 5543 :
2656 5488 2758 5543 Ubi
2790 5499 2873 5543 est
2903 5480 3045 5543 Deus
3073 5482 3298 5542 eorum?
3328 5507 3348 5539 ι
3379 5484 3533 5555 Quod
3567 5490 3613 5545 si

2019 5593 2228 5639 tantum
2264 5584 2333 5637 de
2367 5582 2575 5637 locusta
2614 5582 2872 5650 loquitur,
2912 5582 3187 5653 quomodo
3222 5596 3329 5637 non
3368 5584 3548 5653 potius
3583 5600 3612 5638 a

2016 5676 2157 5732 fame
2200 5686 2254 5732 et
2305 5675 2485 5746 in0pia
2531 5675 2751 5730 liberari
2797 5676 3023 5744 petunt?
3068 5674 3289 5731 Timent
3333 5688 3514 5731 autem
3557 5676 3610 5730 iu

2018 5786 2210 5826 manus
2234 5769 2471 5847 hostium
2500 5766 2759 5833 incidere,
2780 5776 2834 5823 et
2858 5766 3167 5825 irrisionem
3192 5780 3357 5842 atque
3378 5752 3611 5827 dedecus

1991 5958 2125 6007 χχιι,
2154 5942 2207 5997 6.
2285 5942 2305 5974 ³
2358 5940 2465 5997 Isa.
2537 5956 2675 6007 xm,
2712 5939 2918 6009 12,15.
