4054 6458
329 401 441 458 369

1241 398 1800 458 COMMENTARIUS
1840 401 1907 457 lN
1947 401 2213 461 JOELEM
2254 403 2701 462 PBOPHETAM.

3525 418 3630 471 570

321 517 552 590 ἀκρίδος
581 515 769 581 αὐτοῖς
800 514 1155 588 ὲπιπηδὼσης
1190 518 1291 589 τῆς
1334 518 1447 572 τῶν
1492 518 1767 590 δαιμόνων
1798 519 1929 590 ἀγέο

2054 522 2258 593 Ιίνίιῑω,
2291 527 2521 597 proinde
2543 538 2600 583 ut
2627 528 2833 583 locusta
2855 525 3131 583 insiliente
3186 527 3240 583 in
3294 530 3437 601 ipsas
3472 550 3633 606 grege

319 617 445 681 λης,
497 610 593 663 καὶ
626 608 1014 664 καταθεουσῶν
1062 609 1270 681 ἀρχῶν,
1305 610 1587 683 δυνάμεων
1630 613 1725 665 καὶ
1779 612 1932 677 ἐξου-

321 701 461 755 σιῶν
492 700 693 773 (δῆλον
719 700 779 754 δὲ
798 701 881 755 ὅτι
910 702 1231 773 πονηρῶν),
1252 702 1477 756 ποιείτω
1498 702 1558 756 τὸ
1579 702 1799 770 πένθος,
1834 722 1932 775 με-

320 795 541 849 λετάτω
578 796 680 867 τὴν
744 796 1113 867 μετάγνωσιν,
1163 797 1536 869 δακρυροείτω
1579 800 1719 869 πρὸς
1772 799 1926 855 Θεόν.

333 886 669 941 Ἀκούσεται
702 888 813 959 γὰρ
865 889 1031 954 εὐθὺς
1078 891 1146 944 ὲκ
1198 889 1611 962 φιλανθρωπίας
1652 891 1929 960 λέγοντος

325 995 346 1029 ι
397 977 536 1031 Ἰδοὺ
569 976 685 1047 ἐγὼ
710 977 905 1049 δίδωμι
938 978 1069 1049 ὑμῖν
1088 978 1180 1033 τὸν
1208 982 1374 1041 σῖτον,
1404 981 1500 1032 καὶ
1524 980 1617 1033 τὸν
1639 976 1803 1047 οἶνον,
1836 980 1932 1034 καὶ

316 1068 384 1120 τὸ
427 1066 637 1123 ἔλαιον.
676 1086 697 1120 ι
759 1068 1061 1138 Ἀποφανεῖ
1090 1069 1199 1141 γάρ
1246 1069 1345 1140 τὴν
1386 1068 1555 1123 αὐτοῦ
1599 1071 1828 1143 καρδίαν
1857 1070 1932 1136 ὡς

319 1156 605 1229 εὕσταχυν
628 1158 756 1227 γῆν,
792 1160 871 1223 ὡς
900 1161 1168 1231 πρέμνοις
1198 1160 1421 1232 ὡραίοις
1444 1162 1703 1235 κομῶντα
1734 1163 1931 1234 κῆπον,

319 1248 404 1313 ὼς
454 1248 725 1321 εὖσοτρυν
776 1249 1103 1321 ἀμπελῶνα,
1133 1252 1228 1305 καὶ
1263 1251 1373 1323 μὴν
1412 1253 1508 1307 καὶ
1560 1252 1729 1324 ἐλαίῳ
1758 1271 1932 1307 κατα-

320 1342 541 1398 πιανετ.
604 1359 627 1394 ι
674 1340 970 1405 Ἐλίπανας
1008 1344 1067 1397 ὲν
1112 1342 1278 1416 ἐλαίῳ
1322 1344 1422 1417 τὴν
1453 1346 1696 1417 κεφαλήν
1747 1363 1875 1417 μου.
1910 1366 1928 1399 ι

335 1432 629 1498 Ἐξελάσει
678 1433 736 1486 δὲ
782 1434 879 1488 ἀπ’
918 1434 1085 1489 αὑτοῦ
1134 1437 1229 1491 τὸν
1260 1436 1370 1491 ἀπὸ
1418 1436 1611 1510 βορρᾶ,
1645 1437 1932 1500 τουτέστι.

324 1524 425 1577 τὸν
479 1524 839 1596 ἀποψύχοντα
884 1528 1157 1593 Σατανᾶν,
1209 1530 1305 1583 καὶ
1354 1530 1454 1602 ζῇν
1496 1531 1599 1585 οὐκ
1650 1531 1828 1587 ἐῶντα
1857 1531 1937 1602 τῷ

324 1616 614 1688 πνεύματι
632 1618 761 1683 τοὺς
781 1619 873 1671 ὑπ’
903 1621 1055 1692 αὑτῷ
1076 1624 1428 1695 γενομένους.
1466 1624 1859 1696 Ψυχθήσεσθαι
1878 1624 1937 1680 δὲ

322 1711 353 1763 ὁ
386 1711 604 1782 Κύριος
647 1712 751 1784 τὴν
794 1714 1019 1785 ἀγάπην
1056 1714 1167 1770 τῶν
1209 1718 1423 1771 πολλῶν
1483 1720 1693 1789 ἔφασκε
1746 1720 1835 1775 διά
1875 1722 1940 1774 τὸ

323 1803 715 1875 πληθυνθῆναι
752 1806 853 1879 τὴν
880 1808 1133 1878 ἀνομίαν.
1182 1810 1324 1865 Ἀλλ’
1358 1813 1476 1882 οἶγε
1522 1813 1765 1883 Χριστοῦ
1790 1814 1937 1882 γνώ-

2046 617 2380 688 daemonum,
2405 629 2460 675 et
2496 618 2902 676 incursantibus
2953 621 3373 692 principalibus,
3415 626 3633 681 virtuti-

2034 711 2155 776 bus,
2193 713 2553 781 potestatibus
2603 713 2787 783 (malis
2827 713 3059 785 utique),
3102 714 3272 771 luctui
3322 732 3382 773 se
3446 720 3633 787 dedat,

2036 802 2413 872 paenitentiam
2437 816 2714 871 exerceat,
2746 806 2814 860 ad
2861 804 3030 860 Deum
3065 807 3335 879 lacrymas
3369 808 3633 876 eﬂ'undat,

2033 902 2089 948 et
2117 893 2301 948 statim
2342 909 2439 964 pro
2461 895 3079 967 benignitatediceutem
3117 898 3303 953 audiet
3336 915 3351 952 :
3410 918 3431 952 ε
3496 901 3635 956 Ecce

2034 998 2135 1054 ego
2165 985 2234 1039 do
2268 987 2421 1042 vobis
2458 985 2816 1054 frumentum,
2854 998 2909 1043 et
2973 991 3162 1045 vinum
3194 1031 3209 1056 ,
3260 1001 3317 1047 et
3361 992 3566 1047 oleum.
3609 1012 3628 1046 ι

2036 1079 2246 1134 Reddet
2268 1079 2415 1134 enim
2440 1095 2536 1135 eor
2560 1080 2679 1151 ejus
2710 1091 2770 1136 ut
2816 1097 3005 1153 agrum
3039 1084 3205 1154 spicis
3259 1083 3543 1150 refertum,
3579 1096 3638 1140 ut

2036 1174 2254 1227 hortum
2284 1173 2544 1243 stirpibus
2565 1182 2894 1238 comantem,
2927 1183 2985 1229 ut
3017 1176 3227 1231 vineam
3292 1176 3462 1232 botris
3516 1176 3635 1245 ple-

2035 1264 2347 1332 nam.Quin
2391 1273 2447 1320 et
2498 1264 2623 1319 oleo
2657 1264 3029 1334 pinguefaciet
3065 1282 3080 1319 :
3118 1285 3137 1318 ‹
3180 1266 3532 1337 lmpinguasti
3582 1266 3635 1319 in

2036 1356 2155 1414 oleo
2185 1368 2349 1429 caput
2396 1375 2575 1415 meum
2613 1363 2656 1417 °.
2699 1380 2717 1413 ι
2753 1362 3001 1432 Expellet
3030 1362 3265 1431 denique
3314 1363 3382 1417 ah
3442 1378 3506 1418 eo
3542 1378 3635 1417 ve-

2038 1449 2273 1504 nientem
2293 1451 2361 1506 ab
2378 1451 2653 1522 aquilone,
2682 1453 2733 1508 id
2750 1462 2853 1519 est,
2888 1453 3321 1523 frigefacieutem
3350 1454 3634 1517 Satanam,

2038 1555 2138 1596 nec
2169 1542 2434 1597 sinentem
2478 1546 2669 1615 spiritu
2700 1548 2884 1602 vivere
2924 1563 3063 1615 quos
3119 1548 3416 1618 subegerit.
3456 1546 3637 1601 Refri-

2036 1642 2282 1703 geratum
2312 1650 2476 1703 porro
2512 1636 2577 1691 iri
2607 1636 2902 1693 multorum
2960 1639 3309 1705 charitatem,
3377 1641 3639 1709 quoniam

2038 1725 2333 1782 abundabit
2387 1728 2699 1798 iniquitas",
2762 1729 3025 1787 Dominus
3107 1741 3357 1787 testatur.
3434 1732 3636 1786 Verum

2038 1817 2256 1875 Christo
2288 1821 2403 1876 noti
2439 1820 2893 1893 ferventspiritu,
2924 1834 2980 1879 et
3034 1825 3351 1895 neutiquam
3407 1824 3638 1895 refrige-

323 1913 488 1967 ριμοι
533 1897 613 1968 τῷ
665 1898 940 1970 πνεύματι
972 1898 1212 1965 ζέουσιν.
1260 1902 1570 1975 Ἀνέχονται
1600 1904 1657 1958 δὲ
1682 1905 1936 1975 οὐδαμῶς

2054 1925 2195 1967 scere
2216 1913 2488 1969 sustinent
2511 1916 2579 1970 ad
2614 1926 2799 1987 turpes
2828 1917 3158 1984 voluptates,
3200 1916 3420 1986 quando
3454 1936 3474 1968 ι
3514 1931 3638 1971 car-

320 1988 388 2042 τὸ
414 1988 804 2061 ἀποψύχεσθαί
837 2009 929 2045 ποι
957 1992 1098 2064 πρὸς
1122 1994 1221 2059 τὰς
1241 1995 1508 2061 ὲκτόπους
1536 1998 1751 2068 ἡδονάς.
1780 2017 1798 2050 ι
1825 1998 1940 2069 Τὴν

325 2079 521 2152 σάρκα
543 2082 653 2154 γάρ
686 2083 896 2137 ἑαυτῶν
925 2084 1285 2157 ἐσταύρωσαν
1327 2088 1426 2143 σὺν
1456 2091 1566 2154 τοῖς
1615 2089 1937 2162 παθήμασι,

324 2173 428 2226 καὶ
468 2176 592 2238 ταῖς
622 2175 967 2246 ἐπιθυμίαις.
1012 2195 1031 2228 ι

398 2266 517 2321 Καὶ
546 2266 755 2333 ἐξώσω
791 2268 982 2324 αὐτὸν
1003 2272 1093 2337 είς
1120 2270 1239 2340 γῆν
1257 2270 1545 2341 ἄνυδρον,
1571 2272 1672 2327 καί
1704 2274 1942 2343 ἀφανιῶ

322 2358 397 2412 τὸ
429 2360 771 2428 πρόσωπον
795 2362 987 2417 αὐτοῦ
1009 2365 1098 2429 είς
1129 2363 1247 2431 τὴν
1270 2362 1600 2420 θάλασσαν
1624 2364 1742 2433 τὴν
1789 2365 1942 2434 πρώ-

323 2466 470 2519 την,
503 2450 605 2505 καί
628 2452 704 2505 τὰ
736 2451 932 2506 ὀπίσω
979 2454 1166 2508 αὑτοῦ
1199 2456 1287 2521 εἰς
1316 2455 1433 2523 τὴν
1466 2454 1795 2512 θάλασσαν
1826 2457 1943 2525 τὴν

323 2538 630 2609 ἐσχάτην.
660 2540 774 2596 Kal
802 2541 1177 2612 ἀναϐήσεται
1212 2544 1251 2611 ἡ
1292 2544 1525 2612 σαπρία
1564 2544 1753 2598 αὐτοῦ
1775 2585 1790 2610 ,
1841 2546 1942 2597 καὶ

322 2633 714 2702 ἀναϐήσεται
745 2637 777 2690 ό
814 2636 1048 2706 βρόμος
1088 2635 1301 2705 αὐτοῦ,
1335 2636 1427 2691 ὅτι
1467 2635 1842 2707 ἐμεγάλυνεν
1870 2635 1943 2691 τὰ

323 2727 483 2795 ἔργα
514 2726 726 2783 αὐτοῦ.

399 2818 539 2872 AA'.
585 2818 1061 2891 Διαπλαττόμενον
1084 2820 1180 2875 καὶ
1201 2819 1283 2874 ἔτι
1308 2820 1403 2875 τοῦ
1426 2821 1587 2891 λόγου
1626 2821 1687 2874 τὸ
1729 2824 1937 2894 σχῆμα,

2040 2017 2163 2058 nem
2191 2019 2346 2059 suam
2378 2006 2909 2066 cruciﬁxeruntcum
2941 2010 3156 2067 vitiiset
3182 2009 3641 2082 concupiscentiis

2040 2095 2154 2152 suis
2178 2095 2223 2152 ⁸.
2260 2114 2279 2151 ι

2116 2274 2279 2332 γης.
2316 2276 2406 2333 20.
2436 2275 2506 2333 Ει
2542 2280 2798 2347 expellam
2830 2297 2951 2335 eum
2991 2284 3045 2337 in
3085 2291 3280 2338 terram
3314 2282 3431 2337 sine
3477 2298 3640 2353 aqua,

2041 2378 2087 2422 et
2116 2369 2421 2439 disperdam
2444 2372 2635 2441 faciem
2673 2373 2789 2443 ejus
2818 2375 2871 2428 in
2919 2391 3068 2430 mare
3111 2377 3364 2445 primum,
3392 2383 3441 2429 et
3471 2388 3642 2441 poste-

2044 2464 2185 2516 riora
2213 2463 2327 2532 ejus
2354 2465 2409 2517 in
2449 2482 2594 2519 mare
2635 2467 2999 2524 novissimum.
3036 2468 3101 2524 Et
3146 2468 3390 2523 ascendet
3420 2468 3643 2537 putredo

2041 2555 2178 2623 ejus,
2197 2565 2244 2610 et
2273 2556 2517 2611 ascendet
2534 2558 2739 2613 sonitus
2782 2559 2948 2625 illius,
2986 2563 3239 2632 quoniam
3287 2560 3643 2632 maguiﬁcavit

2042 2663 2200 2702 onera
2222 2648 2355 2719 ejus.

2114 2824 2306 2881 XXXI.
2347 2826 2631 2884 Sermonis
2661 2828 2887 2900 ﬁguram
2949 2829 3150 2893 adhuc,
3178 2828 3325 2884 sicut
3358 2830 3426 2885 ab
3458 2830 3643 2897 initio,

323 2908 524 2974 καθὼς
549 2911 645 2965 καὶ
675 2913 735 2965 ὲν
758 2913 955 2984 ἀρχαῖς
984 2914 1061 2979 ὡς
1092 2915 1180 2967 ἐπ’
1203 2915 1449 2986 ἀκρίδος,
1481 2916 1578 2969 καὶ
1612 2915 1867 2987 βρούχου,
1907 2916 1944 2971 ἂ

2054 2934 2337 2987 usurpans,
2371 2920 2519 2974 velut
2569 2920 2638 2976 de
2687 2922 2895 2976 locusta
2951 2930 3005 2975 et
3044 2921 3250 2976 brucbo
3298 2921 3561 2992 loquitur,
3591 2934 3647 2977 et.

327 3002 433 3057 καὶ
464 3003 946 3075 ἀφανισθήσεσθαί
972 3024 1170 3079 φησιν,
1197 3009 1619 3079 ἀπενηνεγμένα
1642 3008 1788 3062 κατά
1821 3007 1945 3079 βού-

2054 3008 2372 3078 dissipatum
2401 3009 2465 3063 iri
2498 3010 2655 3075 dicit,
2686 3011 2933 3066 sublatos
2965 3013 3261 3066 secundum
3295 3010 3390 3068 Dei
3451 3012 3645 3067 volun-

333 3094 505 3166 λησιν
535 3094 675 3150 Θεοῦ
706 3097 846 3171 πρὸς
867 3099 1039 3163 αὐτάς
1081 3116 1185 3153 που
1218 3100 1362 3171 τάχα
1406 3101 1506 3172 τῆς
1550 3101 1819 3155 Ἰουδαίων
1844 3101 1945 3172 γῆς

2054 3108 2219 3154 tatem
2247 3100 2505 3157 celeriter
2545 3102 2613 3157 ad
2630 3117 2758 3157 oras
2781 3101 2978 3157 δυόωσι
3006 3103 3226 3158 ultimas
3246 3102 3385 3158 forte
3405 3104 3651 3173 adeoque

326 3185 440 3249 τὰς
464 3184 747 3257 ἐσχατιὰς,
777 3188 875 3241 καὶ
900 3190 982 3253 είς
1005 3188 1167 3244 τοῦτο
1202 3189 1472 3255 δυσωδίας
1520 3191 1719 3257 ἐλθεῖν,
1749 3192 1824 3255 ὡς
1852 3193 1945 3246 καὶ

2054 3200 2253 3248 tetrum
2275 3193 2499 3249 odorem
2538 3204 2649 3250 tota
2685 3195 2909 3265 regione
2973 3194 3291 3263 diﬂ‘usuros,
3347 3205 3407 3250 ut
3459 3195 3650 3251 incola:

329 3278 613 3349 φορτικὴν
639 3280 742 3350 τὴν
785 3280 1025 3335 διάδοσιν
1064 3282 1320 3351 γενέσθαι
1356 3285 1471 3347 τοῖς
1498 3283 1605 3338 ἀνά
1631 3286 1815 3339 πᾶσαν
1845 3284 1945 3357 τὴν

2054 3285 2353 3342 molestiam
2386 3302 2641 3355 magnam
2675 3289 2929 3343 sentiant.
2956 3286 3067 3343 Nec
3100 3297 3273 3343 mutat
3329 3303 3510 3343 sermo
3541 3288 3651 3343 ullo

330 3374 551 3445 χώραν.
586 3376 897 3449 Μεθίστησι
926 3377 984 3431 δὲ
1006 3377 1262 3448 οὐδαμῶς
1289 3379 1318 3432 ὁ
1350 3378 1510 3447 λόγος
1534 3379 1630 3433 τοῦ
1668 3380 1777 3451 χρὴ
1807 3383 1948 3435 νοεῖν

330 3465 436 3518 καὶ
467 3464 539 3518 τὰ
565 3466 743 3521 τοιάδε
775 3466 943 3521 πάλιν
966 3468 1043 3531 ὡς
1075 3467 1168 3521 ὲπί
1216 3484 1281 3535 γε
1314 3467 1424 3521 τῶν
1456 3468 1950 3527 Βαδυλωνίων.⁹Εν

334 3558 447 3628 μὲν
474 3556 587 3631 γὰρ
613 3561 729 3625 toi;
748 3561 945 3626 νοτίοις
995 3560 1189 3633 μέρεσι
1237 3561 1338 3632 τῆς
1374 3561 1732 3635 Ἰερουσαλὴμ
1759 3563 1952 3634 βαθεῖά

329 3669 425 3715 τις
449 3649 663 3723 ἔρημος
700 3650 1075 3726 ὲξευρύνεται,
1100 3651 1493 3724 τερματίζεταί
1545 3671 1611 3724 γε
1666 3654 1772 3728 μὴν
1813 3657 1952 3728 πρὸς

329 3749 425 3819 ὴῶ
451 3766 535 3814 τε,
559 3748 656 3803 καὶ
682 3746 840 3801 νότον
873 3745 1169 3815 πελάγεσιν
1213 3747 1457 3812 Ἰνδικοῖς
1476 3786 1491 3811 ,
1550 3747 1690 3820 πρὸς
1726 3747 1879 3802 δύσιν
1905 3748 1951 3802 δ’

330 3838 435 3907 αὖ,
476 3842 572 3897 καὶ
613 3840 685 3895 τά
729 3839 1033 3911 βορῥότερα
1086 3841 1154 3910 τῇ
1198 3840 1576 3896 Παλαιστινῶν
1612 3842 1816 3911 γείτονι
1856 3842 1953 3897 θα·

329 3933 550 4005 λάσσῃ,
584 3933 681 3986 καὶ
710 3933 897 3994 αὐτοῖς
925 3932 981 3984 δὲ
1017 3930 1442 4005 προσκλυζούσῃ
1462 3934 1577 3996 τοῖς
1606 3932 1949 4001 Αἰγυπτίοις.

348 4027 510 4080 Ἐκεῖ
540 4026 634 4079 τὸν
685 4023 919 4097 βροῦχον
969 4026 1064 4079 καὶ
1106 4025 1207 4097 τὴν
1256 4025 1454 4098 ἀκρίδα
1502 4025 1743 4080 διολέσαι
1791 4027 1949 4097 φησὶ,

334 4117 595 4188 δυσαχθῆ
615 4117 673 4171 δὲ
692 4118 949 4187 γενέσθαι
980 4118 1072 4171 τὸν
1096 4118 1298 4192 βρόμον
1326 4118 1527 4173 αὐτῶν.
1548 4118 1695 4190 Πλὴν
1722 4118 1955 4192 ἀνῄρην-

334 4228 439 4266 ται
465 4212 563 4263 καὶ
582 4211 633 4265 οἱ
663 4209 1021 4277 Βαϐυλώνιοι,
1070 4212 1169 4283 τὴν
1218 4211 1565 4284 βορειοτέραν
1605 4211 1817 4284 χώραν,
1857 4213 1955 4267 καὶ

337 4304 489 4376 πρὸς
510 4303 594 4373 ἠῶ
620 4303 883 4375 κειμένην
911 4303 1211 4369 οἰκοῦντες.
1243 4304 1570 4379 Ἀνῄρηνται
1594 4305 1651 4359 δὲ
1667 4308 1725 4359 ὲν
1744 4308 1955 4377 καιροῖς

335 4400 448 4469 τῆς
506 4396 751 4467 Ἐζεχίου
811 4396 1125 4467 βασιλείας,
1184 4398 1277 4452 καὶ
1321 4394 1390 4469 ἦν
1456 4397 1794 4470 δυσφόρητος
1845 4398 1955 4452 τῶν

338 4488 671 4560 πτωμάτων
698 4489 923 4562 βρόμος,
949 4491 1026 4555 ὡς
1052 4490 1456 4561 καθαρισθῆναι
1490 4490 1644 4561 μόλις
1685 4492 1743 4544 ὲν
1786 4493 1957 4545 ἐπτα-

2052 3378 2230 3442 modo,
2267 3378 2397 3448 quin
2427 3387 2482 3432 et
2540 3378 2654 3433 bare
2710 3378 2776 3434 de
2798 3378 3126 3450 Babyloniis
3190 3395 3409 3435 rursum
3445 3379 3650 3436 intelli-

2052 3472 2227 3541 genda
2251 3471 2379 3526 sint.
2410 3469 2545 3524 Nam
2575 3488 2680 3542 qua
2711 3470 3086 3545 Hierosolyma
3111 3484 3362 3529 austrum
3404 3474 3647 3544 respicit,

2052 3562 2285 3619 solitudo
2330 3563 2488 3635 longa
2544 3563 2870 3629 intenditur,
2904 3580 3025 3635 quae
3078 3566 3142 3620 ad
3188 3566 3453 3622 orientem
3470 3575 3527 3620 et
3553 3582 3654 3621 au-

2053 3664 2227 3709 strum
2260 3657 2399 3711 mari
2448 3656 2633 3714 Indico
2671 3658 3016 3724 terminatur,
3071 3659 3137 3712 ad
3197 3660 3542 3714 occidentem
3599 3667 3657 3715 et

2055 3747 2382 3816 aquilonem,
2416 3750 2557 3805 mari
2588 3751 2767 3806 vicino
2802 3750 3108 3806 Palaestinze
3158 3751 3321 3822 223
3370 3761 3425 3807 et
3480 3751 3652 3821 ipsam

2054 3839 2348 3910 Egyptum
2379 3841 2635 3897 alluente.
2668 3843 2747 3899 lbi
2778 3843 3047 3899 bruchum
3094 3854 3149 3898 et
3181 3843 3444 3898 locustam
3480 3843 3655 3899 inter-

2056 3932 2188 3987 iisse
2221 3933 2318 3987 ait.
2356 3933 2556 3988 Eorum
2581 3948 2747 4003 porro
2788 3934 3027 3989 sonitum
3062 3948 3355 3991 onerosum
3392 3950 3457 3990 ac
3483 3934 3655 3989 mole-

2057 4034 2199 4079 stum
2225 4025 2524 4081 exstitisse.
2564 4026 2831 4082 Cmterum
2868 4026 3033 4080 ablati
3069 4037 3196 4082 sunt
3221 4028 3387 4082 etiam
3416 4042 3447 4083 e
3476 4027 3656 4083 medio

2056 4118 2362 4190 Babylonii,
2428 4119 2671 4188 aquiloni
2742 4119 3062 4174 viciniorem
3124 4120 3426 4189 regionem,
3482 4128 3537 4173 et
3588 4121 3655 4173 ad

2056 4209 2322 4264 orientem
2356 4209 2586 4278 positam
2624 4209 2955 4274 habitantes,
2983 4222 3091 4278 quo
3115 4216 3361 4278 tempore
3388 4210 3657 4265 Ezechias

2060 4304 2309 4373 regnavit
2338 4304 2379 4368 ’,
2398 4312 2625 4372 eratque
2651 4302 3007 4358 intolerabilis
3041 4302 3368 4358 cadaverum
3394 4303 3554 4368 fetor,
3600 4312 3659 4358 ttt

2060 4396 2152 4449 vix
2207 4405 2414 4465 septem
2449 4395 2727 4451 mensibus
2772 4404 2916 4450 terra
2948 4404 3297 4467 purgaretur,
3327 4406 3382 4451 et
3413 4412 3443 4451 a
3468 4406 3657 4466 putre-

2058 4487 2187 4542 dine
2215 4501 2505 4558 corporum
2540 4496 2879 4543 mortuorum
2944 4489 3355 4553 liberaretur“,
3400 4497 3457 4543 ut
3516 4491 3666 4558 apud

341 4583 513 4653 μήνῳ
545 4581 648 4652 τὴν
674 4582 801 4652 γῆν,
831 4584 927 4636 καὶ
954 4585 1055 4654 τῆς
1085 4582 1196 4635 τῶν
1222 4582 1537 4651 πτωμάτων
1566 4583 1945 4653 ἀπαλλαγῆναι

2062 4579 2401 4635 Ezechielem
2432 4580 2683 4651 legimus.
2725 4579 3143 4652 Babyloniorum
3171 4590 3352 4636 autem
3382 4581 3658 4650 regionem

337 4673 616 4745 σαπρίας.
642 4673 801 4729 Οὕτω
826 4675 935 4748 γάρ
972 4692 1139 4747 φησιν
1177 4673 1460 4747 Ἰεζεχιήλ.
1492 4674 1616 4727 Ὅτι
1646 4674 1703 4727 δὲ
1726 4674 1957 4745 προσκέ-

335 4767 533 4820 κλιται
561 4767 676 4830 τοῖς
703 4766 1066 4839 βορειοτέροις
1090 4767 1201 4821 τῶν
1220 4765 1583 4821 Βαϐυλωνίων
1609 4766 1641 4836 ή
1670 4766 1764 4837 γῆ,
1785 4766 1957 4836 σαφὲς

335 4858 410 4911 ἂν
454 4858 670 4926 γένοιτο
690 4899 705 4922 ,
747 4859 998 4927 λέγοντος
1049 4859 1186 4913 Θεοῦ
1220 4859 1311 4914 διά
1342 4860 1527 4931 φωνῆς
1568 4858 1740 4928 ἁγίων
1761 4861 1872 4923 τοῖς
1898 4858 1957 4926 ἐξ

336 4952 585 5021 αἵματος
642 4950 859 5023 Ἰσραὴλ
912 4951 1384 5024 ἀπενηνεγμένοις
1446 4953 1507 5005 ὲν
1565 4950 1954 5023 αἰχμαλωσίᾳο

343 5062 365 5095 ι
412 5043 502 5107 Ὢ,
536 5041 619 5111 ὣ,
649 5044 883 5113 φεύγετε
912 5047 976 5099 ἐκ
998 5045 1101 5116 γῆς
1133 5044 1308 5118 βορρᾶ
1331 5086 1347 5111 ,
1382 5044 1535 5115 λέγει
1578 5044 1784 5115 Κύριος
1804 5061 1817 5074 ·
1873 5044 1955 5109 είς

338 5137 492 5192 Σιὼν
522 5136 897 5204 ἀνασώζεσθε,
937 5140 987 5193 οί
1016 5139 1403 5204 κατοικοῦντες
1452 5140 1732 5213 θυγατέρα
1778 5139 1961 5193 Βαϐυ-

338 5227 543 5291 λῶνος.
580 5247 600 5280 ι

432 5320 733 5387 Ἐξελάσας
751 5322 809 5376 δὲ
844 5325 939 5378 καὶ
966 5323 1026 5389 ἐξ
1056 5323 1215 5396 ἡμῶν
1249 5323 1432 5377 αὐτῶν
1469 5322 1570 5393 τὴν
1596 5322 1793 5395 ἀκρίδα
1822 5323 1960 5393 Χρι-

339 5412 500 5475 στδς,
546 5414 692 5484 φημὶ
736 5413 804 5485 δὴ
844 5416 944 5486 τὴν
981 5415 1202 5487 νοητὴν,
1242 5415 1312 5469 τὰ
1358 5414 1739 5486 παμμόχθηρα
1790 5415 1953 5484 στίφη

337 5504 460 5557 τῶν
486 5504 788 5576 δαιμονίων
828 5507 1094 5579 δηλονότι,
1125 5508 1477 5562 κατέκλεισεν
1510 5507 1651 5561 αύτά
1684 5508 1763 5571 εἰς
1802 5506 1952 5577 ᾅδου,

340 5594 447 5649 καὶ
478 5594 539 5648 ἐν
564 5599 680 5659 τοῖς
719 5598 819 5669 τῆς
854 5598 1097 5652 ἀϐύσσου
1147 5602 1336 5669 μυχοῖς
1365 5600 1727 5671 κατηφάνισε,
1767 5595 1958 5659 καθεὶς

423 5796 447 5827 ⁸
491 5794 638 5851 Psal.
668 5813 804 5859 χχιι,
838 5799 891 5856 5.

348 5869 392 5901 ἰ
438 5865 614 5923 Zach.
650 5882 715 5937 tt,
742 5870 796 5924 6.
1044 5894 1055 5907 -
1327 5930 1360 5962 θ

1003 5803 1022 5833 ⁷
1061 5801 1250 5861 Matth.
1284 5819 1431 5861 xxrv.
1473 5804 1558 5858 12.
1664 5802 1684 5834 ⁸
1725 5801 1903 5859 Galat.
1963 5818 2016 5870 ν,
2056 5802 2125 5855 Ξί

2062 4686 2291 4743 vergere
2321 4687 2513 4727 versus
2546 4671 2855 4741 aquilonem
2886 4672 3237 4742 perspicuum
3266 4672 3324 4726 fit
3377 4686 3446 4725 ex
3480 4672 3667 4726 verbis

2064 4762 2305 4827 Domini,
2334 4778 2454 4831 quae
2473 4773 2782 4819 sanctorum
2812 4779 2945 4818 voce
2971 4764 3182 4819 locutus
3205 4772 3291 4819 est
3326 4764 3393 4818 iis
3440 4765 3534 4832 qui
3594 4766 3662 4818 de

2064 4856 2330 4925 sanguine
2384 4854 2550 4910 Israel
2608 4855 2659 4909 in
2694 4855 3068 4925 captivitatem
3120 4856 3339 4912 abducti
3392 4856 3655 4910 fuerant:

2069 4967 2088 5002 ι
2127 4948 2192 5015 0,
2225 4964 2278 5013 ο,
2313 4948 2482 5019 fugite
2511 4948 2577 5003 de
2602 4956 2746 5003 terra
2802 4948 3243 5018 aquilonis,dicit
3283 4950 3566 5005 Dominus.
3604 4948 3669 5004 ιη

2064 5040 2195 5096 Sion
2251 5038 2579 5105 salvamini,
2638 5035 2736 5109 qui
2823 5038 3084 5095 habitatis
3180 5037 3347 5093 tiliam
3423 5037 3659 5108 Babylo-

2064 5133 2150 5188 nis
2186 5133 2251 5187 “.
2295 5150 2316 5185 ι

2131 5312 2382 5367 Christus
2414 5324 2545 5367 vero
2583 5308 2749 5364 etiam
2776 5323 2808 5364 e
2837 5308 2993 5363 nobis
3038 5308 3171 5377 ipsis
3224 5306 3489 5360 locustam
3535 5316 3663 5370 qua:

2062 5416 2245 5462 mente
2283 5405 2498 5459 videtur
2537 5404 2787 5474 expulit,
2858 5400 3384 5470 improbissimorum
3446 5394 3653 5450 daamo-

2064 5516 2190 5555 num
2220 5506 2468 5552 catervas
2504 5506 2654 5566 puta,
2686 5510 2887 5563 eosque
2925 5492 3137 5548 inferno
3168 5488 3459 5555 conclusit,
3509 5497 3565 5544 et
3603 5490 3657 5543 in

2065 5592 2244 5664 abyssi
2273 5591 2459 5645 intima
2496 5587 2683 5658 procul
2707 5587 2953 5652 removit,
2969 5583 3125 5654 quasi
3155 5584 3200 5640 si
3235 5583 3288 5637 in
3312 5582 3493 5638 altum
3508 5598 3665 5639 mare

2258 5799 2278 5830 ⁹
2310 5795 2374 5851 IV
2417 5796 2545 5863 Reg.
2603 5808 2759 5879 xvttt,
2826 5793 2876 5845 l.
3006 5791 3048 5823 ‘°
3081 5789 3276 5847 Ezecb.
3320 5803 3510 5856 xxxix,
3552 5787 3637 5843 l2.
