4054 6454
451 351 549 409 371

1469 353 1526 409 S.
1573 351 1841 409 CYBlLLl
1881 349 2354 409 ALEXANDRINI
2393 356 2720 414 ARCHIEP.

3629 370 3737 430 372

451 483 548 524 eos
575 467 938 541 demergeret.
973 469 1428 525 Ascenditautem
1463 481 1650 539 postea
1695 480 1852 539 putor
1878 481 1934 526 et
1952 485 2037 525 so-

2147 470 2313 523 οἱονεί
2333 489 2450 536 πως
2481 475 2561 537 είς
2594 474 2662 530 ea
2688 474 2830 546 βάθη
2865 478 2964 547 τῆς
2994 479 3292 550 θαλάσσης.
3333 480 3526 554 Ἀνέϐη
3559 482 3616 538 δὲ
3642 483 3746 538 lot-

457 558 602 614 nitus
631 573 842 626 eorum,
877 571 931 615 et
955 559 1108 617 nobis
1149 559 1331 630 gravis
1377 571 1540 632 atque
1586 560 1806 618 odiosus
1873 558 2048 615 factus

451 658 556 716 est,
581 655 888 721 quanquam
913 653 1044 710 olim
1082 652 1204 706 talis
1237 652 1391 708 nobis
1441 651 1583 706 haud
1610 651 1904 720 videretur;
1942 651 2042 708 Sa-

455 753 636 797 tanam
703 744 970 814 siquidem
1007 745 1177 800 fetere
1212 758 1317 802 non
1363 744 1739 799 credebamus.
1778 744 1848 798 At
1876 759 2042 810 nunc,

453 845 507 889 et
542 837 630 890 vix
677 837 892 892 tandem
919 837 1081 892 talem
1117 853 1240 893 esse
1297 836 1671 909 cognovimus.
1715 834 2046 891 Putabamus

451 926 595 981 enim
623 929 808 982 miseri
840 930 975 984 bene
1008 929 1174 993 olere,
1205 937 1257 980 et
1279 925 1567 981 amabilem
1621 941 1772 992 esse,
1803 927 2044 996 quando,

452 1017 683 1073 vinculis
719 1020 1006 1089 pravitatis
1033 1019 1332 1083 constricti,
1353 1017 1470 1090 eius
1501 1026 1774 1090 potestate
1800 1019 2046 1073 contine-

452 1109 668 1166 bamur.
708 1112 815 1174 Sed
851 1121 1135 1183 postquam
1156 1112 1473 1168 Emmanuel
1517 1112 1670 1167 nobis
1704 1110 2048 1182 apparuit,et

450 1201 555 1256 hoc
582 1203 805 1257 verbum
835 1203 1036 1258 edidit:
1072 1222 1090 1255 ι
1127 1203 1236 1272 Ego
1262 1202 1362 1258 ﬂos
1384 1203 1582 1274 campi,
1616 1212 1669 1257 et
1714 1200 1884 1260 lilium
1911 1215 2043 1256 con-

451 1295 669 1348 vallium
699 1295 796 1362 1’,»
828 1303 958 1361 tum,
993 1311 1115 1351 sero
1142 1296 1265 1352 licet
1289 1295 1406 1365 ejus
1427 1294 1779 1364 ﬂagrantiam
1800 1293 2042 1348 sentien-

454 1396 556 1452 tes,
597 1385 739 1442 illins
792 1386 1099 1457 (daemonis)
1150 1387 1575 1458 gravenlentiam
1636 1383 1888 1440 detestati
1949 1397 2042 1437 su-

450 1493 590 1532 mus.

524 1569 686 1629 Vens.
721 1571 916 1628 21-24.
958 1571 1198 1642 Con/ide,
1229 1582 1393 1638 terra,
1428 1573 1597 1642 gaude
1620 1580 1669 1626 et
1697 1570 1898 1637 ltetare,
1917 1571 2041 1639 quia

449 1663 804 1735 magniﬁcavit
847 1663 1104 1719 Dominus
1149 1676 1206 1720 ut
1252 1665 1466 1734 faceret.
1492 1662 1778 1734 Conﬁdite,
1799 1664 2043 1732 jumenta

447 1755 904 1824 campi,quoniam
925 1757 1342 1824 germinaverunt
1375 1755 1546 1824 campi
1575 1755 2042 1824 solitudinis,quia

2149 563 2250 618 πδν
2287 566 2319 637 ἡ
2348 565 2576 638 σαπρία,
2600 568 2693 621 καὶ
2716 571 2744 622 6
2771 568 2974 641 βρόμος
2999 571 3202 641 αὐτῶν,
3233 572 3325 628 καὶ
3365 573 3587 644 γέγονεν
3610 577 3743 647 ἡμῖν

2147 658 2404 728 φορτικός
2437 675 2518 726 τε,
2560 659 2656 716 καὶ
2701 663 3202 734 κατεστυγημὲνος,
3249 665 3426 722 καίτοι
3463 666 3635 720 πάλαι
3665 666 3744 737 μὴ

2145 747 2386 812 τοιοῦτος
2413 744 2548 806 εἶναι
2571 748 2766 806 δοκῶν·
2806 750 3018 826 δυσώδη
3040 753 3151 824 γὰρ
3177 755 3307 809 ὄντα
3337 755 3430 810 τὸν
3457 757 3734 821 Σατανᾶν,

2147 836 2245 890 νῦν
2296 839 2376 904 δὲ,
2430 841 2523 898 καὶ
2567 842 2721 912 μόλις
2763 843 2845 897 ὅτι
2897 844 3138 910 τοιοῦτός
3180 847 3330 901 ἐστιν
3377 847 3735 919 ἐγνώκαμεν.

2159 927 2389 999 ᾨόμεθα
2429 929 2537 1002 γὰρ
2560 933 2607 986 oi
2646 933 2876 1007 τάλανες
2915 934 3090 1007 εὐώδη
3113 954 3172 989 τε
3211 933 3372 1006 εἶναι,
3399 939 3494 1000 καὶ
3527 939 3742 1008 ἀξιέρα·
3799 1007 3818 1018 λ

2148 1037 2292 1085 στον,
2325 1023 2412 1076 ὅτε
2438 1027 2552 1090 τοῖς
2583 1025 2802 1098 δεσμοῖς
2839 1026 3239 1098 ὑπειλημμένοι
3270 1029 3371 1101 τῆς
3405 1029 3740 1101 φαυλότητος
3815 1077 3822 1082 .

2148 1111 2252 1165 ὑπὸ
2292 1116 2451 1185 χεῖρα
2491 1115 2590 1186 τὴν
2637 1116 2848 1170 ἐκείνου
2887 1117 3280 1192 πεπτώκαμεν.
3344 1123 3562 1196 Ἐπειδὴ
3611 1122 3669 1182 δὲ
3709 1124 3741 1178 6

2159 1204 2507 1281 Ἐμμανουὴλ
2555 1207 2825 1276 ἐπέφανεν
2871 1212 3025 1280 ἡμῖν,
3074 1213 3472 1286 ἀνακεκραγώς
3515 1231 3596 1282 τε,
3642 1215 3740 1272 καὶ

2145 1293 2319 1363 λέγων
2346 1312 2359 1325 ·
2395 1316 2413 1352 ι
2463 1297 2602 1365 Ἐγὼ
2642 1298 2802 1363 ἄνθος
2823 1300 2918 1354 τοῦ
2951 1303 3162 1370 πεδίου,
3195 1305 3378 1376 κρίνον
3413 1305 3522 1366 τῶν
3548 1306 3740 1364 κοιλά-

2145 1385 2268 1451 δων,
2301 1405 2320 1440 ι
2351 1387 2472 1442 τότε
2501 1389 2565 1464 δὴ
2611 1389 2765 1460 μόλις
2791 1393 3157 1466 ὲπῃσθόμενοι
3199 1397 3302 1468 τῆς
3343 1397 3568 1469 ἐνούσης
3592 1399 3736 1456 εὐω-

2145 1471 2264 1543 δίας
2291 1481 2460 1552 αύτῷ,
2485 1483 2585 1555 τῆς
2609 1485 2817 1544 ἐκείνου
2850 1487 3278 1560 κατεγνώκαμεν
3310 1489 3594 1554 δυσωδίας.

2217 1571 2458 1642 Θάρσει,
2487 1573 2582 1644 γῆ,
2624 1576 2794 1648 χαῖρε
2821 1579 2921 1632 καὶ
2942 1581 3292 1649 εὐφραίνου,
3331 1582 3420 1640 ὅτι
3445 1582 3736 1651 ἐμεγάλυ-

2143 1681 2251 1720 νεν
2272 1667 2484 1735 Κύριος
2507 1668 2613 1722 τοῦ
2647 1669 2918 1740 ποιῆσαν
2950 1672 3242 1742 θαρσεῖτε,
3272 1673 3463 1751 κτήνη
3487 1673 3595 1728 τοῦ
3627 1690 3736 1732 πε-

2143 1757 2298 1822 δίου,
2351 1757 2442 1812 ὅτι
2482 1758 2912 1834 βεϐλάστηκεν
2961 1762 3140 1830 πεδία
3190 1763 3302 1832 τῆς
3353 1762 3601 1838 ἐρήμου,
3641 1764 3738 1820 ὅτι

449 1845 651 1915 lignum
690 1846 872 1904 attulit
903 1848 1133 1917 fructum
1165 1865 1342 1913 suum,
1373 1849 1523 1901 vinea
1555 1857 1602 1902 et
1630 1847 1764 1916 ﬁcus
1787 1848 2037 1902 dederunt

2145 1845 2336 1910 ξύλον
2387 1845 2646 1916 ἤνεγκεν
2707 1848 2944 1924 καρπὸν
3017 1850 3240 1918 αὑτοῦ,
3294 1851 3564 1920 ἄμπελος
3631 1851 3736 1912 και

450 1937 816 2004 fortitudinem
837 1956 1009 1994 suam.
1039 1939 1125 2006 Et,
1151 1940 1252 2014 ﬁlii
1277 1941 1751 2014 Sion,gaudete,et
1778 1939 2038 1993 twtamim’

450 2031 505 2085 in
535 2030 762 2086 Domino
796 2031 904 2085 Deo
935 2042 1124 2098 vestro,
1148 2033 1400 2101 quoniam
1428 2031 1567 2086 dedit
1609 2032 1751 2086 vobis
1779 2047 1951 2086 escam
1981 2033 2037 2086 in

441 2123 799 2196 justitiam,et
829 2124 969 2194 pluet
1002 2125 1147 2178 vobis
1185 2125 1402 2177 imbrem
1443 2134 1835 2194 temporaneum
1879 2133 1927 2177 et
1951 2141 2034 2178 se-

450 2215 704 2279 rotinum,
729 2216 863 2269 sicut
893 2225 1071 2270 antea.
1104 2215 1174 2270 Et
1204 2217 1539 2288 replebantur
1590 2230 1730 2271 arere
1764 2216 1962 2282 tritico,
1987 2223 2035 2268 et

448 2305 813 2372 redundabant
833 2306 1118 2362 toreularia
1150 2308 1265 2362 vino
1283 2316 1330 2361 et
1349 2307 1480 2362 oleo.

519 2569 744 2627 XXXII.
781 2571 893 2629 Mos
923 2583 1008 2628 est
1038 2575 1243 2629 sanctis
1276 2575 1558 2644 prophetis
1595 2589 1624 2628 a
1665 2574 1823 2629 bonis
1864 2575 2034 2644 parti-

452 2665 729 2721 cularihus
765 2667 902 2722 etin
939 2682 1141 2737 paucos
1171 2667 1390 2724 collatis
1426 2667 1492 2722 ad
1529 2668 1934 2722 universitatem
1982 2675 2036 2721 et

447 2772 616 2829 genus
643 2758 818 2827 ipsum
853 2762 1017 2815 verba
1039 2761 1296 2832 dirigere,
1313 2770 1509 2816 utsunt
1537 2779 1600 2818 ea
1618 2777 1737 2832 quae
1761 2776 1855 2832 per
1869 2759 2033 2816 Chri-

447 2857 589 2904 stum
619 2851 898 2909 consecuti
930 2867 1136 2907 sumus.
1164 2851 1392 2910 llorsum
1423 2855 1587 2923 igitur
1613 2853 1789 2915 denuo
1839 2867 2032 2924 proce-

448 2941 698 2998 ditnobis
723 2945 916 3000 oratio.
955 2946 1178 3013 Quando
1231 2948 1375 3004 enim
1409 2948 1592 3008 datum
1637 2957 1719 3004 est
1767 2956 1924 3004 terrae
1975 2957 2035 3002 ut

447 3033 784 3090 conﬁderet?
815 3036 1072 3104 Rursum,
1100 3040 1316 3109 quando
1359 3040 1726 3117 magniﬁcavit
1775 3041 2034 3096 Dominus

445 3125 631 3184 facere
648 3128 671 3182 ?
691 3127 856 3202 224
894 3130 996 3192 nisi
1029 3132 1244 3200 quando
1264 3131 1528 3197 Verbum,
1553 3135 1697 3202 quod
1719 3141 1838 3193 erat
1866 3131 2030 3201 Deus,

2146 1935 2309 2006 συκῆ
2351 1937 2584 1995 ἔδωκαν
2615 1939 2803 2009 ἰσχὺν
2831 1940 3050 1995 αὐτῶν.
3075 1942 3187 1996 Καὶ
3225 1942 3300 1995 τὰ
3333 1941 3514 1996 τέκνα
3550 1941 3731 2009 Σιὼν,

2145 2031 2401 2112 χαίρετε,
2449 2031 2547 2088 καὶ
2593 2032 2990 2108 εὐφραίνεσθε
3027 2034 3126 2087 ἐπὶ
3156 2034 3352 2104 Κυρίῳ
3387 2033 3509 2100 Θεῷ
3541 2032 3732 2104 ὑμῶν,

2143 2124 2294 2178 διότι
2339 2122 2523 2177 ἔδωκε
2552 2123 2696 2193 ὑμῖν
2731 2125 2804 2179 τὰ
2837 2126 3126 2196 ,ϐρώματα
3171 2131 3259 2194 είς
3307 2126 3733 2196 δικαιοσύνην,

2143 2213 2244 2270 καὶ
2281 2213 2490 2282 βρέξει
2544 2213 2687 2283 ὑμῖν
2746 2215 2924 2270 ὑετὸν
2980 2216 3244 2287 πρώϊμον
3315 2215 3416 2280 καί
3470 2216 3729 2286 ὄψιμον,

2144 2303 2337 2369 καθὼς
2375 2303 2738 2373 ἔμπροσθεν.
2771 2304 2881 2360 Καὶ
2906 2304 3369 2373 πλησθήσονται
3409 2306 3470 2358 αἱ
3497 2303 3735 2372 ᾶλαηθες

2143 2393 2347 2456 σίτου,
2396 2391 2495 2446 καὶ
2537 2393 3135 2468 ὐπερεκχυθήσονται
3185 2397 3246 2450 αι
3300 2392 3480 2462 ληνοὶ
3534 2393 3731 2456 οίνου,

2142 2485 2241 2540 καὶ
2270 2484 2501 2540 ἐλαίου.

2212 2577 2336 2632 AB'.
2383 2578 2543 2643 Ἔθος
2589 2581 2700 2650 τοῖς
2753 2578 2929 2654 ἁγίοις
2973 2581 3296 2650 προφήταις.
3330 2579 3397 2636 ἐκ
3441 2577 3550 2635 τῶν
3586 2578 3734 2636 κατὰ

2145 2671 2332 2743 μέρος,
2366 2673 2462 2725 καὶ
2492 2672 2630 2743 πρὸς
2663 2671 2880 2740 ὀλίγους
2913 2661 3156 2739 ἀγαθῶν,
3179 2671 3426 2740 κομίζειν
3453 2669 3544 2724 τὸν
3572 2670 3733 2738 λόγον

2141 2765 2233 2818 ἐπὶ
2261 2763 2330 2819 τὰ
2358 2765 2587 2820 καθόλου
2613 2781 2672 2818 τε
2701 2763 2798 2817 καὶ
2826 2763 3184 2836 γενικώτερα.
3215 2762 3402 2830 Ταῦτα
3427 2763 3486 2820 δέ
3512 2763 3628 2830 ἐστι
3661 2762 3733 2816 τὰ

2140 2857 2229 2912 διὰ
2276 2855 2534 2929 Χριστοῦ.
2590 2857 2815 2930 Πρόεισι
2853 2857 2915 2928 δὴ
2947 2852 3041 2911 οὖν
3079 2859 3158 2924 εἰς
3190 2855 3348 2910 τοῦτο
3397 2854 3562 2912 πάλιν
3597 2857 3732 2926 ἡμῖν

2139 2949 2168 3002 6
2196 2947 2370 3016 λόγος.
2407 2947 2546 3001 Πότε
2577 2947 2686 3020 γὰρ
2717 2946 2925 3002 δέδοται
2955 2945 3013 2999 τὸ
3045 2947 3240 3018 χρῆναι
3275 2945 3496 3018 θαρσεῖν
3523 2947 3592 3016 τῇ
3619 2947 3729 3017 γῇ;

2140 3040 2277 3095 Πότε
2326 3039 2368 3092 δ’
2405 3034 2472 3092 αὖ
2521 3038 2828 3108 ὲμεγάλυνε
2861 3037 3069 3110 Κύριος
3115 3037 3210 3090 τοῦ
3258 3021 3514 3108 ποιῆσαη
3563 3037 3612 3088 εί
3650 3037 3731 3106 μὴ

2139 3134 2249 3206 ὅτε,
2297 3131 2430 3198 Θεὸς
2463 3129 2558 3197 ὢν,
2591 3133 2619 3184 6
2665 3131 2840 3200 Λόγος
2870 3131 3094 3200 γέγονεν
3140 3129 3448 3202 ἄνθρωπος,
3484 3129 3571 3184 ἵνα
3611 3130 3731 3192 τοῖς

446 3221 740 3276 humanam
778 3231 1026 3278 naturam
1047 3222 1240 3292 induit,
1271 3232 1329 3278 ut
1358 3222 1516 3284 bonis
1545 3224 1796 3295 supernis
1833 3235 2032 3282 terram

2143 3225 2342 3284 Ξνωθεν
2390 3223 2699 3287 ἐπικλύζων
2742 3223 2970 3293 ἀγαθοῖς
3017 3223 3117 3293 τὴν
3166 3223 3257 3276 ὑπ’
3296 3222 3549 3293 οὐρανὸν,
3577 3221 3731 3293 εὑρι-

448 3313 740 3384 inundans,
788 3313 1124 3374 inveniretur
1153 3315 1208 3370 in
1237 3329 1296 3372 se
1334 3315 1684 3376 credentibus
1733 3324 1789 3370 ut
1841 3317 2036 3376 ﬂuvius

446 3407 623 3474 pacis,
651 3413 710 3468 ut
742 3417 954 3465 torrens
985 3407 1300 3476 voluptatis,
1329 3417 1388 3462 ut
1414 3415 1794 3482 temporaueus
1837 3418 1892 3468 et
1945 3424 2033 3466 se-

448 3494 661 3552 rotinus
699 3495 894 3564 imber,
917 3506 971 3553 et
1024 3499 1194 3560 totius
1247 3498 1513 3558 ubertatis
1565 3497 1811 3569 largitor.
1885 3497 2037 3560 Tunc

447 3587 594 3642 enim
625 3587 710 3644 vel
745 3589 1208 3658 insipientissimis
1229 3589 1343 3661 (qui
1372 3590 1620 3662 jumenta
1644 3591 1818 3666 campi
1843 3592 2033 3654 dicun-

449 3677 558 3751 tur)
589 3679 969 3738 intellectualis
1002 3679 1166 3736 herba
1200 3681 1545 3751 germinavit,
1585 3697 1778 3752 nempe
1825 3682 2033 3740 docen-

448 3771 582 3830 tium
616 3788 817 3829 sermo.
851 3773 1004 3832 Tunc
1034 3773 1322 3836 viruerunt
1350 3774 1528 3855 campi
1578 3775 1911 3834 solitudinis.
1969 3778 2036 3833 Et

445 3864 794 3928 solitudinem
831 3867 1050 3936 quidem
1113 3876 1269 3926 vocat
1329 3867 1646 3942 Ecclesiam,
1668 3869 1825 3940 juxta
1860 3871 2034 3930 illud:

451 3977 471 4011 ι
503 3956 737 4021 Laetare,
762 3957 1038 4018 desertum
1061 3959 1275 4026 sitiens,
1298 3962 1536 4020 exsultet
1563 3963 1824 4028 solitudo,
1853 3974 1912 4022 et
1932 3962 2034 4019 ilo-

449 4059 564 4104 reat
590 4049 743 4119 quasi
773 4049 943 4108 lilium
968 4051 1032 4104 ¹³.
1056 4071 1078 4115 ›
1130 4051 1317 4128 Campi
1370 4055 1489 4126 ejus
1554 4067 1681 4113 sunt
1715 4057 2037 4128 populorum

447 4151 690 4200 rectores
749 4153 804 4202 et
872 4144 1143 4212 doctores,
1210 4147 1301 4218 qui
1378 4156 1435 4204 et
1514 4149 1713 4206 divinis
1803 4165 1835 4204 e
1897 4150 2038 4212 coelo

446 4233 794 4295 charismatis
855 4236 1099 4298 animum
1183 4239 1333 4296 velut
1416 4249 1715 4298 scatentem
1797 4251 1852 4306 et
1919 4241 2039 4309 put-

447 4327 720 4389 cherrime
783 4329 1018 4400 untdique
1069 4329 1352 4390 ﬂorentem
1431 4339 1646 4400 gerunt,
1695 4339 1752 4386 et
1813 4331 2038 4402 dogma-

2137 3336 2319 3374 σκοιτο
2357 3321 2471 3381 τοίς
2503 3316 2852 3372 πιστεύουσιν
2881 3318 2962 3381 εἰς
2995 3316 3156 3372 αὐτὸν
3179 3315 3254 3379 ὡς
3299 3313 3544 3386 ποταμὸς
3575 3314 3732 3384 εἰρή-

2135 3429 2251 3484 νης,
2290 3410 2367 3474 ὼς
2396 3410 2732 3482 χειμάρρους
2761 3408 2994 3481 τρυφῆς,
3026 3408 3103 3472 ὡς
3131 3408 3382 3479 πρώῖμός
3403 3425 3462 3468 τε
3496 3407 3589 3466 καὶ
3615 3407 3734 3476 ὄψι-

2137 3521 2238 3575 μος
2289 3503 2464 3566 ὑετὸς,
2514 3502 2608 3556 καὶ
2655 3501 2875 3573 ἀπάσης
2924 3499 3124 3570 νοητῆς
3176 3500 3483 3571 εὐκαρπίας
3536 3499 3727 3570 δοτὴρ.

2135 3596 2269 3649 Τότε
2301 3594 2410 3666 γὰρ
2438 3594 2534 3648 καὶ
2554 3595 2664 3658 τοίς
2693 3594 2832 3662 ἄγαν
2861 3589 3292 3656 ἀσυνετωτόιτοις
3317 3590 3391 3662 (οἳ
3426 3589 3520 3642 καὶ
3553 3589 3728 3660 κτήνη

2134 3686 2384 3754 λέγονται
2413 3685 2507 3740 τοῦ
2541 3685 2747 3754 πεδίου)
2777 3683 2941 3754 νοητή
2971 3699 3056 3746 τις
3088 3681 3260 3750 ἀνέφυ
3295 3682 3422 3747 πόα,
3449 3681 3558 3736 τῶν
3581 3680 3732 3734 διδα-

2137 3779 2376 3831 σκόντων
2434 3779 2462 3830 6
2502 3776 2682 3846 λόγος.
2734 3776 2866 3830 Τότε
2925 3774 3263 3846 βεϐλάστηκε
3311 3773 3379 3827 τά
3425 3772 3582 3826 πεδία
3627 3775 3732 3844 τῆς

2139 3870 2372 3940 ἐρήμου,
2409 3869 2504 3924 καὶ
2550 3868 2757 3940 ἔρημον
2791 3867 2892 3938 μὲν
2937 3851 3194 3936 ὀνομάζει
3241 3865 3340 3936 τὴν
3399 3862 3732 3935 Ἐκκλησίαν

2140 3956 2281 4012 κατὰ
2329 3957 2409 4022 τὸ,
2445 3976 2462 4008 ι
2499 3957 2875 4028 Εὐφράνθητι,
2919 3956 3126 4028 ἕρημος
3165 3955 3397 4025 διψῶσα.
3439 3953 3732 4023 Ἀγαλλιά-

2139 4049 2252 4114 σθω
2283 4053 2317 4121 ἡ
2358 4049 2586 4124 ἕρημος,
2633 4049 2728 4104 καὶ
2757 4047 2988 4104 ἀνθείτω
3027 4049 3108 4119 ὼς
3141 4050 3346 4120 κρῖνον.
3387 4066 3408 4099 ι
3459 4045 3627 4100 Πεδία
3671 4044 3732 4099 δὲ

2137 4143 2316 4202 αὐτῶν
2366 4145 2502 4198 εἰσιν
2553 4145 2601 4197 οἱ
2646 4142 2790 4195 λαῶν
2845 4140 3158 4213 ἡγούμενοι,
3205 4141 3300 4195 καὶ
3353 4139 3732 4210 παιδαγωγεῖν

2139 4235 2364 4308 εἰδότες,
2407 4237 2457 4288 οἳ
2507 4234 2603 4288 καὶ
2647 4237 2764 4298 τοῖς
2813 4233 2977 4297 θείοις
3021 4233 3082 4299 ἐξ
3112 4233 3344 4304 ούρανοῦ
3390 4231 3729 4304 χαρίσμασιν

2137 4326 2299 4383 οἱονεὶ
2342 4325 2580 4401 βρύοντά
2620 4341 2700 4389 τε,
2733 4324 2828 4378 καὶ
2859 4319 2918 4378 εὗ
2951 4323 3094 4394 μάλα
3133 4321 3594 4395 περιηνθισμένον
3628 4319 3729 4389 φέψ

451 4432 562 4478 tum
593 4419 818 4482 ﬂoribus
842 4425 1142 4496 spirantem
1200 4424 1458 4487 suaviter,
1491 4431 1551 4486 et
1601 4423 1806 4482 recenti
1865 4424 2035 4487 herba

2143 4434 2295 4488 ρουσι
2323 4417 2416 4470 τὸν
2447 4415 2571 4470 νοῦν
2601 4417 2694 4473 καὶ
2725 4417 2844 4480 ταῖς
2887 4415 2997 4469 τῶν
3037 4415 3328 4484 ,δογμάτων
3359 4413 3548 4476 ἀνθαις
3593 4411 3728 4468 πνὲ,

449 4513 689 4583 undique
709 4517 1119 4584 pubescentem.
1150 4516 1212 4572 Hi
1241 4515 1536 4574 bestiarum
1563 4525 1812 4572 naturam
1854 4525 1910 4576 et
1954 4517 2037 4571 in-

2143 4508 2268 4562 οντά
2296 4525 2355 4562 τε
2401 4509 2523 4581 ἡδὺ,
2563 4509 2658 4566 καὶ
2690 4510 2981 4580 ἀρτιφανεί
3009 4510 3073 4582 τῇ
3108 4508 3215 4579 πόᾳ
3261 4503 3724 4576 κατεστεμμένον.

449 4603 606 4678 genia
644 4602 918 4666 imitantes
942 4606 1278 4671 exhilarant,
1298 4614 1355 4660 ut
1375 4604 1539 4662 etiam
1565 4605 1632 4666 ad
1695 4607 2036 4676 prudentiam

2145 4597 2303 4657 Οὗτοι
2333 4601 2442 4655 τῶν
2474 4600 2973 4671 ἀποκτηνωθέντων
3001 4600 3089 4655 τὸν
3125 4598 3250 4653 γοῦν
3293 4595 3730 4673 κατενφραίνου-

449 4696 669 4751 homine
691 4699 907 4768 dignam
933 4712 1029 4753 eos
1071 4697 1366 4754 adducant.
1405 4697 1497 4752 Ait
1517 4709 1722 4766 autem,
1748 4709 1802 4753 et
1829 4700 2032 4770 lignum

2143 4710 2245 4755 σιν,
2281 4693 2369 4747 ἴνα
2415 4694 2509 4746 καὶ
2557 4694 2637 4755 εἰς
2683 4692 2896 4744 σύνεσιν
2949 4690 3225 4760 ἀνάγωσιν
3257 4686 3723 4760 ἀνθρωποπρεπῆ.

455 4785 646 4841 tulisse
676 4787 916 4844 fructum
962 4801 1144 4844 suum.
1181 4795 1234 4840 et
1268 4786 1479 4848 vineam
1516 4797 1679 4858 atque
1723 4790 1883 4845 ﬁcum
1908 4806 2034 4860 pro-

451 4878 624 4950 priam
656 4878 872 4935 dedisse
907 4878 1188 4948 virtutem,
1219 4877 1436 4932 ﬁrmum
1467 4893 1530 4934 ac
1558 4881 2034 4952 solidutn,0pinor,

451 4972 759 5030 docentium
781 4984 1135 5045 sermonem,
1168 4972 1252 5026 cui
1282 4972 1446 5030 mista
1477 4983 1559 5028 est
1588 4973 1836 5041 dulcedo,
1866 4986 1919 5028 et
1947 4990 2033 5030 ra-

451 5063 870 5130 tiodelectandi,
900 5063 1167 5118 fructibus
1220 5063 1304 5117 lici
1349 5072 1406 5119 et
1460 5066 1632 5121 vineae
1687 5082 2032 5136 comparans.

448 5153 779 5209 Convenerit
810 5163 1016 5216 autem,
1049 5169 1146 5208 nec
1180 5154 1371 5224 injuria
1429 5170 1579 5221 sane,
1608 5157 1783 5210 adhuc
1830 5157 2037 5210 crassis

449 5254 504 5300 et
535 5242 996 5314 pecuduminstar
1020 5245 1273 5314 stnpidis,
1329 5257 1383 5306 et
1427 5246 1772 5304 humiliorem
1828 5248 2033 5302 doctri~

448 5349 600 5396 nam,
627 5334 791 5388 veluti
850 5336 1073 5391 herbam
1126 5338 1178 5392 in
1229 5354 1395 5407 parva
1442 5339 1764 5396 docentibus
1811 5353 2030 5394 enatam

453 5427 738 5495 impertiri,
773 5429 1030 5498 perfectis
1077 5445 1207 5486 vero
1251 5433 1503 5492 sublimis
1542 5433 1928 5504 itttelligetrtitc,
1980 5444 2034 5492 et

451 5529 706 5588 tanquam
741 5535 771 5576 e
814 5522 973 5592 lignis
1008 5523 1268 5592 speciosis
1317 5524 1742 5582 eiﬂoresceutem
1771 5525 2030 5595 fructum,

453 5625 644 5680 nempe
674 5613 738 5668 de
771 5622 962 5668 sancta
997 5623 1050 5670 et
1081 5616 1531 5671 consubstantiali
1575 5616 1858 5683 Trinitatc,
1919 5620 2031 5676 sive

525 5786 567 5823 ’⁸³
606 5790 758 5851 Catili.
797 5808 863 5858 II,
898 5791 942 5844 Ι.
1027 5791 1066 5822 ’³
1107 5792 1205 5846 lsa.
1244 5807 1408 5856 xxxv,
1443 5792 1486 5845 ι.

2141 4786 2283 4860 Ἔφη
2315 4785 2373 4838 δὲ
2401 4786 2485 4838 ὅτι
2529 4785 2624 4837 καὶ
2668 4782 2822 4848 ξύλον
2861 4784 3124 4854 ἐξήνεγκε
3169 4781 3260 4840 τὸν
3291 4780 3506 4851 καρπὸν
3535 4776 3727 4844 αὑτοῦ,

2135 4877 2383 4950 ἄμπελός
2413 4895 2494 4943 τε,
2541 4876 2634 4930 καὶ
2680 4875 2819 4946 συκῆ
2850 4877 2948 4946 τὴν
2983 4876 3119 4930 ἰδίαν
3159 4874 3428 4927 ἐκδέδωκε
3470 4872 3726 4943 δύναμιν,

2133 4973 2226 5027 τόν
2253 4973 2495 5044 στερεὸν,
2525 4969 2701 5043 οἶμαι,
2730 4972 2842 5025 τῶν
2875 4971 3231 5024 διδασκόντων
3291 4968 3469 5036 λόγον,
3591 4965 3727 5038 μέτ-

2143 5085 2262 5125 εστι
2313 5066 2418 5138 μὲν
2449 5066 2512 5119 τὸ
2558 5066 2754 5135 γλυκὺ,
2799 5065 3022 5134 μέτεστι
3070 5063 3126 5115 δὲ
3160 5063 3297 5135 πρὸς
3343 5061 3517 5129 τούτῳ
3549 5058 3644 5118 καὶ
3666 5057 3729 5110 τὸ

2141 5160 2559 5230 κατευφραίνειν
2612 5160 2772 5226 εἰδὸς,
2822 5159 2920 5228 τῆς
2959 5158 3067 5210 ἀπὸ
3112 5156 3302 5226 συκῆς,
3339 5152 3433 5207 καὶ
3479 5149 3727 5220 ἀμπέλου

2141 5257 2375 5322 καρποῖς
2421 5252 2794 5326 παρεικάζων.
2861 5250 3147 5321 Ἀρμόσειε
3200 5247 3245 5300 δ’
3298 5246 3386 5308 ἂν,
3437 5243 3532 5299 καὶ
3582 5240 3729 5311 μάλα

2141 5345 2388 5410 εἰκότως,
2425 5348 2539 5408 τοῖς
2571 5344 2670 5415 μὲν
2702 5343 2780 5394 ἔτι
2818 5340 3143 5412 παχυτέρους
3171 5339 3262 5391 τὸν
3303 5336 3447 5402 νοῦν,
3484 5335 3579 5390 καὶ
3621 5351 3730 5386 νω-

2139 5439 2289 5501 θείαν
2319 5439 2500 5510 ἔχουσι
2529 5439 2627 5508 τὴν
2657 5434 3010 5508 κτηνοπρεπῆ
3047 5429 3453 5501 κατανέμεσθαι
3478 5426 3571 5480 καὶ
3595 5425 3731 5495 χθα-

2143 5530 2462 5600 μαλωτέραν
2503 5528 2762 5598 μάθησιν.
2809 5524 2908 5594 τὴν
2953 5523 3028 5589 ὡς
3074 5524 3132 5575 ἐν
3176 5520 3307 5573 εἴδει
3351 5518 3446 5571 καὶ
3497 5516 3730 5585 δυνάμει

2139 5620 2277 5684 πόας
2306 5621 2364 5674 ὲν
2391 5623 2504 5684 τοῖς
2531 5620 2598 5672 τὰ
2641 5616 2813 5689 μικρά
2841 5615 3147 5670 διδάσκουσι
3181 5611 3477 5683 φυομένην,
3509 5608 3622 5670 τοῖς
3665 5605 3730 5665 δὲ

2747 5870 2776 5900 ἱ
