4054 6450
328 386 435 441 373

1234 386 1795 459 COMMENTARIUS
1838 386 1903 444 IN
1946 385 2219 444 JOLLEM
2261 388 2711 446 PROPIIETAM.

3480 456 3483 459 ν
3539 390 3641 446 374

326 503 562 567 τελείοις
606 503 709 575 ἥδη
740 505 832 559 τὸν
861 505 997 577 ύιιιοῧ
1034 524 1091 560 τε
1127 509 1441 580 νοούμενον,
1482 511 1578 566 καὶ
1606 504 1718 563 οἷον
1762 510 1942 577 ξύλοις

2051 512 2113 566 de
2134 512 2425 581 disciplina
2483 512 2695 579 morali,
2735 526 2895 581 quam
2941 512 3092 581 quasi
3143 510 3196 566 in
3251 509 3360 564 alto
3410 508 3647 579 positam

324 598 556 670 ὡραίοις
603 598 955 671 ἐπηνθηκότα
1001 603 1215 673 καρπὸν
1246 645 1260 667 ,
1312 603 1405 657 τὸν
1451 604 1581 674 περὶ
1629 604 1729 672 τῆς
1778 603 1939 671 ἁγίας

330 691 428 744 καὶ
462 691 757 761 ὁμοουσίου
804 692 1059 765 Τριάδος,
1106 697 1275 765 ἤγουν
1322 695 1664 760 παιδεύσεως
1717 696 1936 766 ἠθικῆς,

326 782 433 852 τῆς
462 781 541 846 ὡς
574 784 635 836 ἐν
669 782 797 853 ὕψει
838 784 1245 857 θεωρουμένης.
1274 784 1567 857 Τοιγάρτοι
1616 788 1788 857 κτήνη
1839 786 1939 857 μὲν

328 875 577 939 ἐκείνους
605 876 890 947 ὀνομάζει,
921 877 1061 932 Σιὼν
1088 878 1145 932 δὲ
1173 879 1275 951 ἤδη
1305 880 1473 935 τέκνα
1511 880 1639 944 τοὺς
1674 878 1939 941 τελειοτέ-

330 982 486 1036 ρους,
522 962 604 1030 οἷς
650 967 746 1022 καὶ
794 969 1189 1037 ἐπιγάννυσθαι
1233 971 1447 1031 κελεύει
1481 972 1675 1045 Κυρίῳ
1708 971 1787 1043 τῷ
1820 970 1940 1042 Θεῷ

322 1058 514 1129 ἡμῶν.
560 1060 629 1113 Ἦ
680 1061 832 1115 πᾶσα
882 1061 991 1131 γὰρ
1040 1061 1280 1132 θυμηδία
1326 1063 1486 1133 ἡμῶν
1516 1062 1774 1135 Χριστὸς,
1806 1064 1939 1133 παρ’

322 1143 387 1205 οὗ
429 1152 528 1205 καὶ
566 1151 635 1204 δι’
665 1146 728 1207 οὗ
778 1154 929 1207 πᾶσα
960 1153 1242 1225 πλήρωσις
1274 1153 1519 1223 ἀγαθῶν,
1552 1155 1645 1207 καὶ
1686 1153 1795 1208 τῶν
1846 1154 1938 1206 ού⁹

322 1240 538 1313 ρανίων
572 1243 933 1314 χαρισμάτων
977 1244 1215 1315 χορηγία
1257 1248 1370 1308 τοῖς
1418 1244 1711 1314 ἀγαπῶσιν
1751 1246 1936 1311 αὑτὸν,

320 1332 401 1395 ὡς
429 1334 490 1386 ἐν
524 1334 800 1403 πρωῖμοις
827 1351 910 1398 τε,
942 1336 1037 1388 καὶ
1074 1334 1292 1407 ὀψίμοις
1324 1338 1504 1400 ὑετοῖς
1533 1336 1823 1408 νοουμένη,
1843 1338 1939 1390 καὶ

318 1424 397 1488 ὠς
436 1427 496 1479 ἐν
532 1426 667 1496 σίτῳ
697 1427 832 1498 ἆλῳ,
864 1428 961 1481 καὶ
1004 1430 1132 1500 οἴνῳ
1178 1429 1359 1499 ληνοῖς
1393 1430 1807 1502 ὑπερχεομένῳ,
1846 1432 1940 1485 καὶ

320 1517 497 1589 ἐλαίῳ
548 1519 966 1592 ὑπερϐλύζοντι.
1036 1522 1231 1577 Ἰστέον
1280 1510 1360 1590 δὲ,
1417 1525 1498 1578 ὅτι
1544 1525 1815 1585 καὶκατὰ
1848 1526 1938 1578 τὸν

318 1611 535 1681 τρόπον
562 1614 662 1683 τῆς
711 1614 986 1684 μυστικῆς
1016 1614 1356 1687 πληρώσεως
1394 1616 1603 1689 ἀληθὴς
1639 1619 1672 1688 ἡ
1702 1618 1939 1688 ὑπόσχες⁹

323 1718 439 1764 σις.
471 1702 695 1769 Δέδοται
726 1705 837 1775 γὰρ
863 1708 1000 1777 ἡμῖν
1046 1707 1123 1771 ὡς
1172 1708 1229 1763 ἐν
1274 1708 1416 1776 ύετῴ
1457 1708 1518 1762 τὸ
1548 1708 1692 1776 ὕδωρ
1735 1709 1799 1762 τὸ
1827 1709 1939 1773 ζῶν

318 1794 422 1847 τοῦ
479 1795 640 1863 ἁγίου
694 1795 1094 1869 βαπτίσματος,
1128 1799 1204 1863 ὡς
1232 1799 1277 1854 δ’
1310 1802 1369 1871 ἐν
1412 1802 1545 1870 σίτῳ
1578 1802 1608 1854 ὁ
1645 1801 1809 1872 ἄρτος
1838 1802 1939 1871 τῆς

2042 604 2500 673 centemplamur.
2528 604 2761 659 Proinde
2786 604 2907 658 illos
2933 602 3178 670 jumenta
3214 602 3484 672 appellat;
3519 601 3645 656 Sio-

2044 695 2127 748 nis
2147 705 2327 751 autem
2354 695 2467 763 jam
2519 696 2681 762 ﬁlios,
2712 696 3091 766 perfectiores,
3125 710 3263 765 quos
3296 704 3352 749 et
3406 694 3646 763 gaudere

2034 786 2189 854 jubet
2211 788 2262 843 in
2286 788 2517 847 Domino
2550 791 2658 845 Deo
2680 800 2889 846 nostro.
2924 788 3099 846 Omne
3124 789 3270 847 enim
3301 788 3467 843 animi
3495 788 3647 842 ohle»

2041 890 2371 937 ctamentum
2402 883 2656 939 Christus
2682 891 2790 948 est,
2824 898 2853 937 a
2876 898 2982 952 quo
3021 892 3077 938 et
3103 897 3199 951 per
3226 895 3387 951 quem
3414 888 3501 937 est
3521 896 3642 934 om-

2043 972 2128 1026 nis
2157 975 2420 1030 bonornm
2449 975 2747 1044 plenitudo,
2798 984 2855 1030 et
2905 974 3301 1029 charismatum
3339 971 3642 1027 caelestium

2042 1067 2264 1121 donatio
2295 1066 2647 1137 diligentibus
2674 1084 2822 1133 eum,
2858 1067 3012 1136 quasi
3052 1068 3104 1118 in
3156 1064 3521 1133 temporaneis
3589 1071 3645 1121 et

2042 1159 2299 1215 serotinis
2322 1160 2593 1217 imbribus
2627 1159 2925 1224 intellecta,
2956 1166 3012 1212 et
3034 1155 3193 1227 quasi
3248 1156 3302 1213 in
3351 1154 3633 1211 frumento

2041 1268 2150 1322 qno
2176 1266 2324 1314 arca,
2354 1260 2410 1306 et
2439 1252 2492 1307 in
2530 1254 2659 1308 vino
2689 1267 2797 1323 quo
2821 1250 3113 1308 toreularia
3154 1248 3551 1312 redundarunt,
3588 1259 3647 1302 ct

2042 1344 2096 1400 in
2157 1349 2494 1401 exuberante
2541 1346 2683 1402 oleo.
2724 1345 3018 1409 Sciendum
3058 1350 3321 1413 praeterea
3357 1342 3523 1403 etiam
3554 1355 3644 1394 εει

2041 1441 2274 1496 cundum
2324 1441 2616 1511 mysticum
2666 1448 2926 1493 eventum
2982 1436 3403 1506 promissionem
3455 1449 3640 1495 verum

2040 1545 2183 1587 esse.
2214 1532 2346 1585 Data
2378 1542 2462 1591 est
2489 1531 2644 1586 nobis
2669 1546 2766 1589 ceu
2801 1531 2853 1587 in
2885 1530 3065 1599 pluvia
3096 1544 3236 1596 aqua
3264 1531 3454 1591 vivens
3495 1528 3642 1583 sacri

2042 1624 2407 1694 baptismatis,
2438 1634 2492 1680 et
2529 1632 2787 1694 tanquam
2829 1624 2881 1677 in
2934 1622 3207 1681 frumento
3246 1618 3403 1690 panis
3461 1618 3639 1685 vivus,

2042 1726 2097 1771 et
2152 1726 2411 1785 tanquam
2450 1717 2503 1771 in
2555 1716 2682 1775 vino
2727 1715 2970 1785 sanguis.
3020 1713 3266 1769 Accessit
3322 1712 3452 1769 item
3513 1724 3644 1777 usus

2042 1809 2171 1875 olei,
2202 1810 2294 1880 qui
2351 1824 2448 1879 per
2472 1824 2690 1865 sacrum
2726 1809 2999 1878 baptisma
3045 1808 3098 1863 in
3129 1805 3350 1862 Christo
3378 1802 3645 1875 iustiﬁca-

316 1886 479 1958 ζωῆς
510 1890 605 1942 καὶ
630 1889 707 1952 ὡς
727 1892 788 1943 ἐν
820 1892 950 1961 οἴνῳ
974 1892 1037 1944 τὸ
1062 1885 1224 1963 αἷμα.
1257 1893 1734 1965 Προεπενήνεκται
1762 1894 1821 1947 δὲ
1846 1894 1938 1948 καὶ

2051 1904 2115 1958 tis
2140 1902 2208 1957 ad
2236 1902 2765 1958 consummationem
2804 1902 3099 1956 conferret.

316 1985 351 2052 ἡ
380 1983 484 2036 τοῦ
520 1984 707 2038 ἐλαίου
749 1985 930 2055 χρεία,
966 1986 1301 2041 συντελοῦσα
1342 1989 1480 2059 πρὸς
1507 1988 1788 2042 τελείωσιν
1826 1992 1938 2053 τοῖς

316 2075 741 2147 δικαιουμένοις
771 2079 830 2132 ἐν
857 2078 1082 2150 Χριστῷ
1111 2080 1199 2135 διὰ
1217 2079 1315 2135 τοῦ
1342 2081 1502 2149 ἁγίου
1531 2080 1935 2152 βαπτίσματος.

398 2168 515 2223 Καὶ
546 2169 957 2225 ἀνταποδώσω
979 2172 1124 2242 ὑμῖν
1156 2174 1291 2228 ἀντὶ
1333 2172 1453 2227 τῶν
1483 2172 1636 2228 ἐτῶν
1672 2168 1760 2228 ὧν
1796 2192 1937 2231 κατ-

317 2261 558 2331 έφαγεν
584 2262 623 2329 ή
656 2263 853 2331 ἀκρίς,
895 2266 997 2319 καὶ
1033 2269 1065 2319 ό
1105 2266 1405 2336 βροῦχος,
1458 2267 1558 2321 καὶ
1615 2269 1655 2336 ἡ
1705 2268 1939 2339 κάμπη,

318 2355 431 2408 καί
496 2356 538 2424 ἡ
603 2356 878 2428 ἐρυσίϐη,
926 2360 966 2428 ή
999 2359 1256 2429 δύναμίς
1286 2378 1409 2429 μου
1458 2362 1498 2431 ἡ
1541 2361 1801 2431 μεγάλη,
1860 2362 1942 2430 ἣν·

318 2446 739 2511 ἑξαπέστειλα
780 2452 869 2516 εὶς
910 2449 1089 2520 ὑμᾶς,
1125 2452 1226 2504 καὶ
1265 2452 1533 2521 φάγεσθε
1557 2454 1810 2522 βρώσει,
1840 2456 1940 2510 καί

320 2538 872 2609 ἐμπλησθήσεσθε,
926 2543 1027 2597 καὶ
1070 2545 1347 2611 αὶγέσετε
1381 2546 1450 2599 τὸ
1486 2545 1676 2615 ὄνομα
1716 2549 1941 2616 Κυρίου

322 2632 441 2686 τοῦ
498 2633 652 2687 Θεοῦ
691 2634 883 2704 ὑμῶν,
938 2635 1007 2704 ὃς
1063 2636 1359 2706 ἐποίησεν
1397 2639 1527 2707 μεθ’
1576 2637 1747 2708 ὑμῶν
1797 2643 1939 2695 θαυ-

318 2722 544 2794 pacta.

396 2817 526 2871 Al".
572 2818 738 2881 Ὅσον
772 2818 872 2889 μὲν
908 2820 1037 2890 ἥκει
1079 2821 1161 2885 εἰς
1203 2821 1296 2875 τὸν
1339 2822 1443 2893 τῆς
1487 2824 1731 2894 ἱστορίας
1760 2823 1937 2891 λόγον,

322 2910 453 2972 ταῖς
474 2909 885 2981 προλαὸούσαις
905 2912 1005 2983 τῆς
1030 2912 1250 2983 ἀκρίδος
1269 2912 1522 2977 ἐκϐολαῖς
1554 2914 1655 2986 τὴν
1693 2914 1940 2986 ἰσοσθενῆ

325 3002 425 3055 καὶ
474 3001 844 3074 ίσομεροῦσαν
896 3004 1132 3058 είσάπαν
1198 3006 1546 3076 ὑπισχνεῖται
1604 3006 1941 3078 φιλοτιμίαν,

326 3094 427 3147 καὶ
467 3095 569 3166 τῆς
597 3095 698 3166 ἤδη
734 3095 1024 3167 συμϐάσης
1053 3097 1263 3162 ἐνδείας
1291 3100 1477 3163 αὐτοῖς
1502 3100 1806 3171 εὐρυτέραν
1836 3117 1943 3172 φη-

326 3193 417 3246 σὶν
441 3193 667 3247 ἔσεσθαι
695 3196 795 3266 τὴν
825 3196 934 3249 τῶν
969 3196 1248 3267 ἐδωδίμων
1276 3198 1602 3270 παράθεσιν.

398 3286 466 3338 Ei
499 3285 559 3339 δὲ
594 3286 659 3358 δὴ
701 3290 877 3341 νοοῖτο
910 3290 1289 3360 πνευματικὸς
1332 3293 1363 3343 ό
1394 3290 1554 3359 λόγος
1586 3290 1685 3362 τῆς
1729 3307 1944 3362 προφη-

322 3366 502 3440 τείας,
557 3378 761 3449 φαμέν,
807 3380 891 3434 ὃτι
943 3378 1366 3450 κατεδηδοκότος
1414 3382 1565 3452 ἡμᾶς
1611 3381 1801 3451 ὥσπερ
1846 3383 1941 3437 τοῦ

324 3470 574 3536 Σατανᾶ,
605 3471 701 3524 καὶ
753 3471 830 3535 ὼς
861 3472 919 3525 ἐν
961 3470 1113 3535 τάξει
1161 3471 1393 3543 κάμπης
1453 3490 1506 3526 τε
1552 3473 1646 3525 καὶ
1696 3474 1940 3545 ἀκρίδος,

324 3565 427 3617 καὶ
457 3564 559 3633 μέν
600 3580 681 3617 τοι
714 3565 809 3618 καὶ
855 3564 1120 3636 ἐρυσίϐης
1161 3564 1627 3635 κατεφθαρκότων
1669 3565 1729 3619 ού
1771 3583 1945 3638 φορη-

322 3656 438 3719 τῶς
470 3655 583 3710 τῶν
612 3656 915 3729 ἀλιτηρίων
951 3659 1284 3729 πνευμάτων
1319 3658 1413 3711 ἐπὶ
1454 3657 1798 3731 πολυτρόπου
1834 3676 1943 3714 πα·-

325 3747 441 3801 θῶν
473 3748 643 3812 ἰδέας,
675 3745 833 3819 ξηροὶ
895 3748 990 3802 καὶ
1018 3749 1261 3818 ἄκαρποι
1292 3750 1707 3821 μεμενήκαμεν,
1748 3749 1945 3819 ἐψιλω-

330 3840 489 3911 μένοι
541 3841 634 3893 καὶ
663 3842 863 3911 γυμνοὶ
890 3841 1093 3905 παντὸς
1116 3841 1349 3910 ἀγαθοῦ,
1370 3844 1472 3896 οὐκ
1504 3843 1702 3915 ἠθικὴν
1727 3844 1943 3915 ἔχοντες

327 3937 411 4000 είς
442 3935 572 3989 νοῦν
600 3937 823 4009 ἀρετὴν,
852 3936 998 4008 λιμῴ
1029 3937 1087 3990 δὲ
1130 3936 1322 4008 ὥσπερ
1353 3938 1818 4009 κατεφθαρμένοι,
1850 3941 1944 3994 καί⁵

331 4026 520 4096 πάσης
566 4027 906 4092 ἁπαξαπλῶς
950 4029 1260 4101 εὐκαρπίας
1296 4030 1678 4102 ἐστερημένοι.
1722 4033 1943 4105 Ἐπειδὴ

329 4120 387 4173 δὲ
416 4121 889 4191 πεπλουτήκαμεν
924 4122 1078 4193 παρὰ
1117 4122 1357 4193 Χριστοῦ
1388 4124 1449 4176 τὸ
1496 4124 1695 4195 χρῆναι
1722 4124 1942 4196 θαρσεῖν

329 4214 730 4285 (νενικήκαμεν
755 4213 867 4285 γὰρ
892 4214 991 4267 σὺν
1018 4213 1170 4283 αὐτῷ
1198 4213 1289 4267 τὸν
1318 4214 1547 4285 κόσμον,
1587 4235 1604 4267 t
1639 4217 1750 4272 Καὶ
1781 4217 1943 4270 δεδω-

328 4325 433 4362 κεν
462 4309 599 4377 ἡμῖν
630 4310 818 4361 πατεῖν
846 4308 1034 4361 ἐπάνω
1067 4308 1247 4376 ὄφεων
1286 4310 1384 4362 καὶ
1420 4310 1699 4380 σκορπίων
1730 4310 1801 4381 ι),
1820 4311 1943 4368 τότε

322 4402 396 4472 δὴ
430 4400 526 4453 καὶ⁴
548 4401 741 4463 ὑετοὺς
761 4400 1082 4471 ἐσχήκαμεν
1107 4401 1235 4463 τοὺς
1258 4400 1669 4471 πνευματικοὺς
1692 4402 1943 4472 πρώῖμόν

323 4512 393 4547 τε
445 4492 542 4547 καὶ
570 4492 789 4564 eum,
819 4492 1072 4563 νομικὴν,
1101 4494 1265 4563 φημὶ,
1301 4493 1611 4559 παίδευσιν,
1645 4496 1743 4547 καὶ
1764 4496 1945 4566 παρά-

327 4587 534 4655 κλησιν
562 4584 952 4655 εύαγγελικήν,
1000 4584 1134 4636 Τότε
1169 4582 1266 4637 κοιλ⁷
1304 4585 1573 4653 φαγόντες
1620 4588 1944 4659 ἐμπεπλήσ-
1975 4608 2020 4663 ι)

330 4678 505 4747 μεθα,
551 4677 651 4730 κα)⁸
703 4675 1101 4749 δοξολογοῠμεν
1148 4677 1224 4740 ὠς
1270 4678 1552 4750 Δεσπότην
1598 4679 1691 4732 τὸν
1733 4682 1947 4735 ἑαυτῶν

330 4771 573 4843 Σωτῆρα
594 4770 853 4842 Χριστὸν,
883 4770 1359 4843 άνακηρύττοντες
1391 4770 1467 4834 ὼς
1502 4770 1945 4846 θαυματουργὺν,

329 4868 434 4921 καὶ
466 4866 539 4919 τὰ
567 4865 665 4918 τοῦ
718 4866 899 4934 λόγου,
955 4865 1051 4918 καὶ
1090 4864 1305 4928 ἐλπίδος
1351 4864 1614 4918 ἐπέκεινα
1650 4868 1763 4930 τοῖς
1809 4868 1951 4935 ἀγα-

332 4957 518 5009 πῶσιν
548 4956 713 5009 αὑτὸν
750 4956 1115 5027 δωρούμενον.
1161 4954 1518 5027 Ἐγνώκαμεν
1543 4957 1602 5010 δὲ
1624 4957 1763 5028 πρὸς
1784 4958 1947 5013 αὐτὸν

332 5048 530 5118 ἕτερον
574 5045 859 5109 παντελῶς
898 5043 1114 5098 οὐδένα.
1158 5042 1526 5113 Δεδιδάγμεθα
1571 5043 1628 5096 δὲ
1670 5043 1849 5113 λέγειν
1888 5044 1950 5110 ἐξ

334 5140 557 5211 ἀγαθῆς
599 5138 861 5203 διανοίας.
906 5137 1132 5208 Κύριος,
1166 5134 1323 5198 ἐκτός
1356 5152 1448 5187 σου
1487 5136 1645 5190 ἄλλον
1671 5137 1773 5190 ούκ
1804 5137 1948 5191 οῖδα-

341 5250 465 5305 μεν.
508 5231 701 5303 ’Ἃθρει
741 5230 799 5283 δὲ
826 5229 945 5294 πῶς
987 5230 1015 5281 ὁ
1051 5229 1161 5282 τῶν
1189 5228 1328 5282 ὅλων
1365 5226 1497 5290 Θεὸς
1532 5230 1813 5299 μονονουχὶ
1852 5230 1948 5283 καὶ

338 5326 648 5397 καταγελᾷ,
680 5308 777 5378 καὶ
814 5321 1277 5396 κατειρωνεύεται
1307 5321 1375 5374 τὰ
1403 5320 1743 5392 ἀνθρώπινα,
1788 5324 1951 5378 δύνα-

344 5437 440 5489 μιν
470 5417 669 5474 ἐαυτοῦ
706 5417 953 5488 μεγάλην
984 5417 1215 5487 κάμπην
1249 5415 1567 5480 ἀποκαλῶν,
1612 5415 1680 5487 ἣν
1727 5418 1825 5470 καὶ
1871 5420 1950 5482 εἰς

342 5514 545 5576 αὐτοὺς
594 5509 948 5579 πεπομφέναι
993 5508 1152 5579 φησὶ,
1199 5509 1294 5561 καὶ
1338 5507 1550 5560 ούδέπω
1615 5509 1827 5576 φαμὲν,
1867 5510 1950 5562 ὅτι

343 5606 581 5677 δύναμις
610 5604 748 5658 Θεοῦ
782 5606 814 5673 ἡ
860 5603 1078 5673 κάμπη.
1121 5600 1263 5653 Ἀλλ’
1289 5596 1401 5653 οἷον
1442 5601 1621 5655 ἐκεῖνό
1663 5619 1796 5671 φησι
1839 5605 1953 5665 τοῖς

345 5700 445 5773 τὴν
481 5700 548 5752 δι’
578 5697 755 5767 αὐτῆς
784 5695 886 5748 ούκ
920 5692 1209 5762 ἐνεγκοῦσι
1240 5692 1495 5745 κόλασιν·
1527 5688 1594 5749 Ὦ
1624 5692 1808 5760 δεινοὶ,
1861 5694 1951 5748 καὶ

422 5878 468 5914 ιδ
508 5875 666 5932 Joan.
698 5892 807 5943 χιιι,
853 5873 938 5927 5‘5.
1005 5872 1064 5905 '”
1098 5871 1228 5927 Luc.
1265 5886 1318 5935 χ,
1362 5871 1448 5925 19.

2117 2171 2281 2243 225
2313 2170 2478 2228 Vens.
2510 2171 2602 2237 25,
2670 2171 2759 2227 26.
2797 2170 2863 2227 Et
2903 2170 3122 2225 redeam
3174 2170 3315 2226 vobis
3354 2186 3452 2240 pro
3490 2170 3647 2223 annis

2042 2282 2170 2336 quos
2189 2265 2412 2320 comedit
2437 2265 2666 2328 locusta,
2686 2274 2735 2318 et
2766 2266 3018 2330 bruchus,
3049 2274 3096 2317 et
3128 2279 3311 2325 eruca,
3358 2272 3403 2317 et
3439 2263 3644 2331 rubigo,

2045 2356 2304 2424 fortitudo
2320 2372 2433 2410 mea
2457 2372 2670 2424 magna,
2693 2371 2853 2423 quant
2890 2355 3011 2408 misi
3034 2356 3090 2407 in
3113 2372 3222 2409 vos.
3263 2352 3330 2407 Et
3361 2353 3646 2407 comedetis

2046 2448 2385 2509 comestione,
2406 2456 2454 2499 et
2481 2446 2877 2510 saturabimini,
2905 2457 2954 2498 et
2991 2446 3283 2499 laudabitis
3338 2462 3525 2515 nomen
3551 2443 3650 2498 Do-

2046 2543 2176 2599 mini
2201 2540 2301 2595 Dei
2331 2543 2511 2607 vestri,
2532 2542 2625 2611 qui
2650 2540 2774 2610 fecit
2806 2542 3069 2597 vobiscum
3107 2541 3397 2611 mirabilia.

2121 2812 2362 2869 XXXIII.
2390 2812 2542 2878 Quod
2578 2812 2645 2866 ad
2688 2811 2976 2867 historiam
3034 2809 3290 2879 pertinet,
3314 2804 3649 2890 antegressis

2047 2905 2381 2965 locustarum
2442 2904 2850 2975 irruptionibus.
2900 2920 3007 2967 non
3072 2903 3256 2957 minus
3312 2898 3542 2963 validam
3594 2910 3651 2954 et

2046 2996 2311 3067 mqualem
2346 2996 2565 3066 penitus
2599 2994 3037 3051 muniﬁcentiam
3098 2996 3348 3066 spondet,
3381 3001 3437 3051 ct
3485 3006 3647 3062 quam

2048 3090 2259 3158 experti
2290 3089 2401 3144 sint
2427 3088 2731 3160 penuriam,
2762 3102 2825 3143 ea
2860 3087 3167 3145 uberiorem
3192 3086 3323 3157 ipsis
3354 3085 3471 3141 fore
3516 3099 3649 3156 pro.

2049 3192 2268 3249 Ventum
2302 3180 2704 3237 escolentorum
2732 3180 3040 3236 conﬁrmat.

2121 3275 2193 3331 At
2216 3274 2261 3330 si
2297 3274 2410 3329 hac
2443 3274 2723 3343 prophetae
2756 3273 2921 3328 verba
2974 3271 3331 3341 spiritualiter
3378 3271 3650 3339 interpre-

2050 3376 2253 3432 temur,
2282 3366 2569 3421 dicendum
2606 3375 2690 3420 est
2733 3380 2832 3420 nos
2867 3380 2895 3419 a
2926 3364 3132 3433 Satana
3161 3364 3315 3435 quasi
3342 3363 3648 3441 devoratos,

2050 3459 2201 3515 etab
2233 3473 2396 3514 eruca
2428 3468 2482 3517 et
2533 3458 2741 3513 locusta
2790 3472 2887 3528 per
2935 3458 3084 3515 varia
3145 3457 3401 3523 vitiorum
3452 3470 3652 3529 genera

2052 3554 2346 3610 crudeliter
2373 3555 2635 3625 perditos,
2661 3552 2928 3608 mansisse
2963 3550 3146 3609 aridos
3178 3565 3242 3605 ac
3269 3549 3507 3623 steriles,
3532 3565 3652 3605 om-

2050 3646 2213 3707 nibus
2246 3647 2405 3703 bonis
2437 3647 2679 3718 privatos
2708 3660 2771 3701 ac
2800 3646 3053 3707 nudatos,
3080 3644 3220 3719 nihil
3252 3643 3393 3712 quod
3426 3641 3494 3696 ad
3533 3658 3651 3696 mo-

2050 3755 2171 3795 rum
2208 3740 2469 3794 virtutem
2504 3739 2722 3804 attinet,
2748 3737 2946 3793 animis
2978 3736 3341 3807 possidentes.
3406 3736 3505 3789 Ast
3562 3732 3653 3787 ubi

2052 3832 2246 3895 ﬁducia
2281 3831 2333 3886 in
2370 3831 2647 3887 Christum
2674 3829 2985 3900 locupletati
3022 3844 3212 3905 sumus
3233 3826 3489 3899 (vicimus
3509 3825 3653 3895 enim

2051 3940 2177 3981 cum
2204 3926 2322 3995 ipso
2350 3926 2611 3980 mundum
2646 3926 2714 3990 ιι,
2757 3944 2775 3977 ι
2804 3934 2862 3995 et
2927 3923 3075 3979 dedit
3137 3922 3295 3979 nobis
3327 3914 3652 3990 petestatem

2048 4018 2299 4093 calcandi
2346 4033 2513 4091 supra
2562 4028 2849 4089 serpentes
2882 4026 2939 4073 et
2974 4017 3298 4091 scorpiones
3327 4014 3371 4044 “
3418 4013 3488 4080 ι),
3527 4022 3654 4067 tunc

2052 4126 2268 4181 quoque
2295 4110 2500 4166 imbres
2527 4109 2838 4180 spirituales
2870 4110 3202 4179 accepimus,
3231 4114 3652 4176 temporaneum

2051 4213 2107 4261 et
2135 4203 2459 4269 serotinum,
2489 4201 2884 4257 institutionem
2912 4202 3116 4272 legum,
3144 4201 3388 4269 inquam,
3423 4207 3479 4253 et
3519 4213 3654 4251 con-

2053 4296 2372 4352 solationem
2430 4294 2822 4365 evangelieam.
2872 4292 3025 4347 'I'unc
3097 4293 3243 4347 enim
3306 4290 3656 4347 comedentes

2030 4386 2243 4458 repleti
2272 4401 2485 4452 sumus,
2518 4394 2577 4451 et
2630 4396 2690 4447 ut
2723 4385 3011 4440 Dominum
3061 4383 3433 4459 glorificamus
3486 4382 3652 4439 Chri-

2052 4493 2195 4536 stum
2224 4481 2857 4544 Salvatoremnostrum,
2920 4464 3168 4547 eumdem
3217 4486 3278 4532 ut
3324 4474 3656 4542 mirabilium

2051 4574 2386 4643 eﬂectorem,
2420 4583 2473 4629 et
2495 4574 2700 4645 majora
2730 4588 2893 4644 quam
2927 4570 3032 4627 dici
3062 4570 3387 4639 autsperari
3422 4571 3654 4639 possint,

2050 4670 2400 4742 diligentibus
2426 4683 2486 4724 se
2509 4669 2803 4727 donantem
2834 4666 3215 4737 praedicantes.
3245 4663 3448 4718 Sumus
3471 4674 3656 4718 autem

2051 4765 2195 4819 docti
2228 4765 2367 4820 bona
2391 4763 2730 4820 conscientia
2784 4761 3007 4819 dicere:
3075 4759 3305 4823 Domine
3329 4797 3344 4824 ,
3393 4765 3549 4813 extra
3609 4766 3661 4810 te

2050 4858 2218 4912 alium
2270 4857 2414 4912 haud
2466 4854 2738 4910 novimus.
2792 4851 3076 4922 Perpende
3127 4849 3322 4906 deinde
3386 4848 3659 4918 quomodo

2052 4948 2426 5001 universorum
2450 4945 2714 5001 Dominus
2738 4953 2946 5007 tantum
2996 4958 3102 4998 non
3135 4942 3381 5008 irrideat,
3407 4949 3462 4995 et
3490 4938 3662 4994 simu-
3704 4950 3713 4960 ·

2054 5038 2259 5097 latione
2283 5038 2518 5109 quadam
2545 5035 2766 5092 deludat
2814 5050 2903 5092 res
2968 5033 3272 5096 hominum,
3301 5044 3519 5086 erueam
3554 5040 3657 5080 VO-

2056 5148 2190 5193 cans
2244 5146 2496 5202 magnam
2547 5145 2700 5184 suam
2757 5127 3161 5187 fortitudinem.
3196 5138 3359 5195 quam
3393 5130 3449 5177 et
3473 5135 3532 5177 se
3563 5118 3659 5173 ad-

2059 5241 2251 5281 versus
2283 5226 2428 5296 ipsos
2456 5223 2670 5279 misisse
2717 5230 2981 5277 autumat.
3013 5217 3125 5274 Nos
3174 5216 3394 5287 quidem
3454 5225 3661 5279 nequa-

2050 5335 2213 5390 quam
2250 5319 2482 5376 dicimus
2532 5318 2625 5373 Dei
2675 5315 3052 5373 fortitudinem
3096 5326 3217 5368 esse
3268 5321 3512 5373 erucam.
3548 5303 3658 5359 Sed

2051 5414 2124 5470 ita
2152 5410 2551 5479 quodammodo
2584 5424 2677 5465 eos
2735 5409 2826 5478 qui
2862 5408 3131 5461 invectam
3168 5402 3234 5456 ab
3290 5397 3383 5451 illa
3448 5395 3661 5452 cladem

2052 5505 2300 5577 perferre
2329 5505 2713 5573 nequiverunt,
2759 5497 3068 5568 compellat.
3108 5493 3152 5550 Ο
3184 5501 3559 5556 contumaces,
3594 5504 3661 5546 ac

2051 5600 2291 5669 superbi,
2325 5608 2379 5654 et
2406 5614 2504 5667 pro
2534 5596 2702 5651 nihilo
2746 5595 3006 5648 ducentes
3068 5604 3155 5643 me
3179 5586 3496 5644 offendere!
3547 5600 3655 5641 non

2056 5692 2236 5763 ignem
2260 5690 2328 5747 de
2360 5688 2502 5744 ccelo
2528 5689 2580 5743 in
2609 5701 2706 5744 vos
2739 5683 2884 5749 misi,
2906 5696 3011 5738 non
3046 5680 3287 5739 tonitrua
3355 5694 3459 5737 non
3491 5691 3659 5750 gran-
