4054 6464
469 398 578 455 375

1461 406 1518 461 S.
1561 405 1838 461 CYRILLI
1880 402 2349 465 ALEXANDRINI
2387 410 2706 469 ARCHIEP.

3626 410 3733 466 376

467 511 677 578 dinem,
702 526 810 568 non
853 510 998 567 aliud
1032 512 1311 584 quidpiam
1336 524 1607 586 sumptum
1647 528 1704 574 et
1764 518 1898 575 locis
1959 534 2020 573 su

2151 519 2444 591 ἀγέρωχοι,
2492 521 2586 575 καί
2637 523 2694 574 ἐν
2738 521 2916 574 οὐδενὶ
2959 519 3264 590 γράφοντες
3297 518 3442 591 λόγῳ
3473 519 3535 574 τδ
3563 538 3736 594 προσ-

471 597 638 667 peris,
667 605 722 654 et
749 599 943 654 divina:
973 599 1157 670 glorire
1209 602 1650 662 honestissimum
1693 606 1890 675 inﬂixi;
1925 622 2047 662 ver-

472 689 639 744 mium
669 688 880 760 abiecta
907 697 1060 749 turba
1084 695 1138 751 in
1173 697 1444 768 regionem
1493 698 1807 767 insurrexit,
1839 709 1894 754 et
1915 714 2048 755 con-

471 780 675 837 turbati
709 782 865 849 estis,
901 793 958 840 et
980 787 1218 854 periistis
1242 789 1511 846 celeriter.
1548 789 1787 847 Robusta
1837 790 2046 846 scilicet

467 872 821 928 vehementer
849 885 936 930 est
976 891 1138 933 eruca
1174 895 1188 930 τ
1231 893 1405 935 meam
1451 890 1601 937 certe
1648 896 1896 952 magnam
1932 883 2044 939 l'or-

472 963 754 1021 titudinem
811 967 958 1024 illam
1011 978 1218 1039 reputo.
1251 969 1416 1043 226
1456 970 1632 1027 Mores
1673 972 1836 1043 igitur
1864 988 2046 1030 sermo

469 1057 747 1127 exprimit,
779 1066 834 1115 et
883 1068 968 1115 est
1033 1060 1180 1115 velut
1237 1062 1538 1128 irridentis,
1569 1077 1633 1119 ac
1657 1066 2042 1134 propemodum

467 1147 830 1206 conviciantis
856 1151 952 1206 Dei
981 1153 1032 1207 in
1056 1167 1152 1207 eos
1197 1153 1289 1222 qui
1324 1167 1550 1222 peccare
1581 1154 1720 1210 nihil
1753 1155 1905 1225 pensi
1949 1157 2044 1211 ha-

466 1240 620 1296 bent.
649 1239 813 1297 Posse
839 1257 934 1298 eos
965 1258 1158 1314 nempe
1184 1243 1400 1301 allicere
1427 1259 1607 1314 paena,
1639 1246 1686 1302 si
1714 1246 1866 1314 velit,
1923 1247 2042 1304 suf-

466 1332 685 1389 ticiente
717 1335 783 1388 ad
813 1334 916 1390 hoc
939 1349 1125 1404 eruca,
1162 1353 1260 1409 pro
1284 1339 1493 1408 magnis
1531 1348 1589 1394 et
1615 1338 1833 1396 invictis
1889 1340 2043 1396 dein-

462 1439 592 1496 ceps
616 1426 842 1484 viribus.
871 1427 988 1483 Non
1021 1430 1184 1498 igitur
1211 1430 1380 1487 effuse
1407 1431 1618 1486 rideant
1651 1432 1914 1498 haeretici,
1943 1446 2044 1488 nec

461 1518 722 1575 adversus
747 1519 1024 1591 Unigeniti
1082 1521 1308 1592 gloriam
1360 1531 1650 1594 augentur,
1697 1531 1882 1593 utpote
1917 1538 2041 1579 cum

457 1623 622 1669 eruca
677 1626 870 1682 magna
918 1611 1179 1669 fortitudo
1237 1616 1510 1671 nominata
1558 1617 1648 1672 sit.
1714 1613 1826 1670 Nec
1851 1615 2039 1672 eodem

457 1701 578 1759 loco
618 1718 726 1776 quo
749 1706 950 1763 vermis
971 1706 1176 1778 pollens
1207 1708 1416 1764 viribus
1440 1708 1737 1775 habeatur;
1768 1706 1884 1763 ausi
1909 1717 2037 1762 sunt

455 1797 601 1859 enim
629 1798 812 1856 miseri
849 1799 1012 1856 etiam
1051 1799 1102 1854 in
1135 1798 1274 1855 banc
1301 1799 1576 1870 opinionis
1603 1814 1662 1856 se
1696 1801 2040 1872 praecipitare

455 1902 755 1946 miseriam.

526 2071 693 2126 Vsus.
729 2072 819 2126 27.
841 2071 906 2128 Et
925 2089 1026 2127 non
1039 2075 1391 2145 confundetur
1405 2075 1631 2144 populus
1648 2091 1792 2130 meus
1813 2075 1868 2130 in
1890 2085 2038 2132 teter-

453 2157 686 2214 nunt.Et
708 2159 883 2216 scietis
898 2162 1023 2232 quia
1046 2163 1100 2218 in
1138 2163 1310 2218 medio
1341 2163 1516 2220 Israel
1570 2182 1686 2220 sum
1706 2182 1822 2237 ego.
1845 2165 1912 2220 Et
1943 2182 2037 2236 ego

452 2249 710 2306 Dominus
746 2251 888 2308 Deus
928 2263 1112 2320 vester,
1141 2265 1190 2310 et
1217 2273 1321 2311 non
1372 2265 1449 2312 est
1492 2268 1685 2327 prater
1722 2267 1907 2323 nte;et
1934 2275 2036 2312 non

450 2343 808 2412 confundetur
849 2345 994 2400 ultra
1049 2349 1221 2402 omnis
1277 2348 1503 2418 populus
1565 2365 1712 2404 meus
1764 2349 1821 2405 in
1885 2359 2037 2406 teter-

518 2525 761 2585 XXXIV.
794 2529 1075 2588 Manifeste
1105 2531 1323 2588 modum
1357 2535 1676 2590 mconomim
1698 2535 2022 2591 incarnatio-

447 2619 555 2690 nis,
581 2629 636 2676 et
661 2635 784 2678 sese
811 2622 1287 2690 exinaniturum“,
1305 2633 1360 2680 et
1387 2639 1508 2680 cum
1533 2626 1797 2683 terriculis
1827 2627 2034 2682 habita-

449 2722 628 2769 turum
656 2715 926 2786 promittit
950 2714 1018 2781 ",
1039 2716 1206 2770 nostri
1228 2716 1487 2784 similem,
1520 2717 1571 2773 id
1601 2727 1704 2786 est,
1756 2719 2027 2775 hominem

446 2805 676 2864 factum.
707 2805 860 2864 Tunc
887 2810 1032 2866 enim
1066 2813 1118 2867 in
1155 2811 1333 2869 medio
1363 2809 1527 2867 lsrael
1555 2812 1736 2879 fuit,et
1765 2813 2030 2883 nosigno-

447 2897 674 2954 miniam
727 2900 1036 2974 eﬂugimus,
1093 2912 1151 2960 et
1207 2918 1241 2961 e
1281 2904 1598 2960 confusione
1652 2905 1886 2975 exempti
1945 2920 2031 2961 su-

445 3001 589 3053 mus,
621 2999 797 3046 morte
828 2992 1084 3048 nimirum
1133 3002 1434 3064 prostrata,
1468 3003 1698 3064 peccato
1738 2993 2028 3051 interfecto

442 3087 498 3132 et
525 3079 834 3150 cognitione
865 3082 1109 3140 veritatis
1144 3085 1469 3141 introducta.
1512 3083 1667 3142 Haud
1715 3087 1859 3143 enim
1913 3102 2028 3142 am-

440 3168 584 3239 plius
617 3181 927 3228 creaturam
958 3174 1252 3230 adoramus
1281 3183 1482 3244 praeter
1523 3174 1837 3234 Creatorem
1871 3177 1938 3244 ¹⁸,
1972 3187 2024 3234 et
2054 3193 2099 3257 ο

439 3260 604 3316 alium
636 3261 804 3318 Deum
837 3275 1036 3334 praeter
1086 3266 1236 3322 illum
1267 3266 1538 3322 neminem
1576 3283 1801 3338 prorsus
1838 3285 2023 3327 susce-

439 3352 640 3423 pimus.
684 3352 918 3413 Proinde
951 3358 1114 3414 etiam
1159 3361 1358 3418 divites
1404 3363 1702 3428 evasimus,
1746 3369 1807 3418 ut
1838 3363 1891 3418 in
1925 3377 2023 3434 spe

439 3444 596 3500 ﬁrma
620 3444 887 3515 viventes,
935 3461 992 3507 et
1022 3456 1430 3526 exspectatione
1484 3457 1610 3512 vitae
1664 3454 1916 3526 longtevaa
1967 3456 2018 3512 in

437 3535 868 3596 sanctiﬁcatione
889 3549 943 3597 et
965 3542 1272 3601 innocentia
1301 3547 1444 3602 vitae.

509 3625 671 3684 Vens.
705 3629 795 3696 28,
819 3631 909 3688 29.
939 3631 1007 3688 Et
1025 3637 1125 3690 erit
1142 3638 1392 3707 posthaec,
1419 3651 1468 3694 et
1499 3639 1769 3708 eﬁ'undam
1799 3641 1862 3696 de
1893 3642 2018 3712 Spi-

432 3720 540 3774 ritu
564 3738 677 3777 meo
695 3739 852 3794 super
889 3741 1094 3782 omnem
1133 3740 1432 3796 carnem,et
1479 3732 1856 3802 prapltetabunt
1917 3735 2021 3804 ﬁlii

431 3817 592 3868 vestri
615 3824 664 3871 et
693 3817 822 3887 ﬁlia:
846 3829 1067 3887 vestra;
1105 3831 1153 3877 et
1186 3825 1419 3880 seniores
1439 3827 1591 3880 vestri
1625 3829 1832 3883 somnia
1879 3846 2021 3884 som-

433 3905 679 3975 niabunt,
708 3919 760 3965 et
790 3909 1014 3980 juvenes
1065 3915 1222 3970 vestri
1253 3916 1474 3973 visiones
1522 3919 1795 3976 videbunt.
1850 3921 2021 3992 Atque

432 3997 596 4052 etiam
645 4016 803 4071 super
837 4018 1012 4060 servos
1057 4021 1199 4063 meos
1239 4018 1287 4064 et
1320 4009 1552 4066 ancillas
1599 4012 1654 4066 in
1686 4011 1872 4068 diebus
1910 4012 2019 4068 illis

428 4089 696 4160 effundant
719 4092 784 4148 de
808 4091 1009 4162 Spiritu
1037 4113 1170 4155 meo.

498 4356 723 4416 XXXV.
756 4357 834 4415 En
868 4363 1154 4434 perspicue
1199 4365 1370 4420 sancti
1405 4363 1645 4434 Spiritus
1698 4365 1927 4435 gratiam
1958 4383 2019 4426 se

429 4451 757 4507 donaturum
783 4455 1073 4522 promittit,
1111 4455 1164 4508 id
1188 4463 1290 4518 est,
1316 4454 1664 4511 donationem
1690 4455 2015 4527 largiﬂuum,

2148 613 2367 684 κρούειν
2399 615 2558 686 ἐμοίί
2587 615 2650 667 οὐ
2675 613 2788 684 πῦρ
2813 612 2898 683 ἐφ’
2927 613 3073 684 ὑμᾶς
3105 613 3400 685 οὐρανόθεν
3428 613 3628 684 ἀνῆκα,
3671 613 3735 668 οὐ

2148 703 2395 777 βροντὴν,
2419 707 2481 759 οὐ
2514 704 2772 777 χάλαζαν,
2799 707 2898 777 οὐχ
2931 705 3119 776 ἔτερόν
3144 721 3198 759 τι
3223 704 3332 758 τῶν
3361 703 3498 774 ὑψοῦ
3535 722 3598 759 τε
3633 708 3738 778 ἠρ-

2148 795 2346 865 μένων,
2391 797 2484 850 καί
2513 797 2594 849 ὅτι
2639 795 2873 867 μάλιστα
2899 799 2966 866 τῇ
2993 795 3087 849 τοῦ
3113 794 3248 850 Θεοῦ
3282 794 3410 867 δόξῃ
3449 795 3735 866 πρεπωδε-

2148 886 2358 940 στάτων
2385 889 2685 959 ἐπήνεγκα.
2719 886 3027 958 Σκωλήκων
3076 885 3238 940 ἁθλία
3270 884 3484 956 πληθὺς
3543 887 3734 951 κατεξ-

2145 979 2344 1051 ανέστη
2375 980 2477 1050 τῆς
2501 978 2717 1051 χώρας,⁵
2739 980 2837 1040 καὶ
2868 978 3268 1052 τεθορύσησθε,
3304 979 3402 1033 καὶ
3441 977 3732 1033 διολώλατε

2143 1071 2283 1141 τάχα
2309 1084 2436 1124 που’
2463 1071 2672 1142 μεγάλη
2702 1071 2822 1124 λίαν
2849 1073 2884 1143 ἡ
2912 1072 3130 1144 κάμπη.
3147 1069 3450 1141 Λογιοῦμαι
3479 1069 3535 1124 δὲ
3561 1069 3735 1140 αὐτὴν

2145 1163 2239 1218 καὶ
2282 1162 2512 1234 δύναμιν
2545 1161 2786 1234 ἐμαυτοῦ
2829 1163 3090 1235 μεγάλην.
3139 1164 3228 1216 Ἐν
3279 1161 3401 1233 nec;
3447 1161 3512 1233 δὴ
3554 1156 3650 1215 οῦν
3702 1161 3733 1214 6
3775 1151 3780 1158 ’

2143 1253 2319 1322 λόγος,
2356 1255 2452 1308 καὶ
2479 1254 2645 1308 οἱονεί
2675 1271 2794 1318 πως
2832 1256 2892 1309 έν
2934 1255 3151 1324 γέλωτι,
3193 1253 3476 1324 μονονουχί¹
3502 1253 3598 1306 καὶ
3617 1253 3734 1306 ἐπι-

2140 1343 2479 1408 τωθάζοντος
2527 1344 2664 1398 Θεοῦ
2701 1348 2814 1411 τοῖς
2863 1345 3226 1416 καταφρονεῖν
3271 1342 3542 1406 εἰωθόσιν,
3587 1340 3732 1396 ὥστε

2141 1433 2301 1507 εἴπερ
2336 1435 2510 1492 ἐλοιτο
2549 1436 2801 1502 κολάζειν
2844 1437 3091 1500 ἑαυτοὺς,
3137 1433 3415 1505 ἀρκούσης
3452 1435 3534 1498 εἰς
3569 1433 3734 1488 τοῦτο

2141 1526 2368 1599 κάμπης
2387 1529 2508 1583 ἀντὶ
2539 1530 2739 1601 πολλῆς
2764 1529 2860 1584 καὶ
2887 1529 3102 1600 ἀμάχου
3129 1528 3316 1582 λοιπον
3347 1526 3550 1597 ἰσχύος.
3575 1526 3732 1596 Μηδὲ

2141 1616 2318 1670 πλατὺ
2340 1616 2625 1686 γελώντων
2649 1618 2964 1690 αἰρετικῶν,
2995 1617 3130 1688 μηδὲ
3151 1619 3250 1688 τῆς
3272 1614 3368 1669 τοῦ
3388 1613 3732 1683 Μονογενοῦς

2141 1708 2674 1782 καταφλυαρούντων
2715 1711 2895 1782 δόξης,
2930 1710 3066 1781 μηδὲ
3110 1709 3187 1773 ὡς
3230 1708 3296 1780 δὴ
3345 1707 3441 1761 καὶ
3484 1707 3731 1778 μεγάλης

2141 1797 2427 1871 δυνάμεως
2465 1802 2522 1854 ἐν
2561 1802 2662 1873 ῐσῳ
2701 1801 2997 1873 γραφέσθω
3025 1803 3091 1872 τῇ
3139 1798 3415 1871 σκώληκιο
3457 1799 3730 1871 τετολμή-

2069 1862 2114 1920 Β
2143 1862 2294 1942 mat.
2322 1862 2431 1960 γὰρ
2473 1893 2524 1943 οἰ
2559 1862 2785 1946 δείλαίοι
2823 1862 2918 1946 καὶ
2956 1892 3036 1956 είς
3065 1862 3224 1944 ’τοῦτ’
3269 1862 3504 1943 ὀλισθεῖν
3546 1862 3730 1941 ἀθλιό-

2139 1997 2301 2053 τητος
2329 1981 2570 2040 ἐννοιῶν.

2208 2073 2319 2129 Kal
2357 2076 2430 2129 οὐ
2464 2075 2552 2145 μὴ
2600 2073 3018 2145 καταισχυνθῇ
3059 2077 3094 2130 ό
3135 2075 3287 2140 λαός
3323 2089 3443 2144 μου
3490 2072 3580 2137 εἰς
3618 2069 3730 2125 τὸν

2136 2165 2342 2221 αἰῶνα.
2382 2167 2492 2223 Kal
2517 2167 2926 2238 ἐπιγνώσεσθε
2951 2167 3041 2221 ὅτι
3063 2167 3133 2220 ἐν
3150 2165 3317 2235 μέσῳ
3345 2163 3452 2219 τοῦ
3486 2161 3729 2232 Ἰσραήλ

2136 2260 2252 2328 ειμι
2292 2259 2425 2328 ἐγώ.
2461 2259 2570 2313 Καί
2603 2258 2719 2329 ἐγὼ
2752 2260 2966 2328 Κύριος
2997 2261 3031 2313 d
3063 2258 3207 2324 Θεὸς
3247 2253 3436 2326 ὑμῶν,
3467 2255 3568 2309 καί
3609 2256 3729 2311 οὐκ

2135 2351 2306 2405 ἐστιν
2333 2349 2422 2404 ἔτι
2444 2350 2612 2418 πλὴν
2640 2349 2787 2419 ἐμοῦ
2807 2367 2821 2381 ·
2854 2351 2953 2405 καὶ
2983 2353 3056 2405 οὑ
3089 2349 3176 2420 μὴ
3205 2345 3729 2418 καταισχυνθήσε-

2133 2458 2230 2498 ται
2260 2441 2350 2496 ἔτι
2383 2441 2502 2508 πᾶς
2536 2445 2570 2496 ό
2601 2443 2753 2508 λαός
2779 2460 2895 2512 μου
2921 2443 3009 2508 είς
3041 2443 3150 2496 τὸν
3177 2440 3384 2496 αἰῶνα.

2203 2533 2327 2590 ΛΔ’.
2380 2533 2804 2604 Ἐπαγγέλλεται
2832 2533 3021 2604 σαφῶς
3045 2534 3144 2604 τῆς
3179 2532 3320 2604 μετὰ
3347 2533 3550 2604 σαρκὸς
3579 2533 3727 2586 οἰκοο

2135 2623 2329 2696 νομίας
2358 2625 2451 2680 τὸν
2478 2626 2702 2698 τρόπον,
2735 2625 2830 2679 καὶ
2852 2626 2934 2679 ὅτι
2962 2627 3076 2689 τοῖς
3101 2625 3194 2678 ἐπὶ
3216 2625 3320 2694 γῆς
3353 2625 3727 2696 συνδιαιτήσε-

2131 2731 2222 2768 ται
2278 2714 2524 2780 κενώσας
2579 2717 2804 2780 ἐαυτὸν,
2869 2716 2965 2769 καὶ
3019 2715 3313 2786 γενόμενος
3369 2715 3492 2770 καθ’
3554 2717 3723 2787 ὑμᾶς,

2131 2803 2432 2869 τουτέστιν,
2460 2804 2767 2877 ἄνθρωπος.
2805 2805 2939 2859 Τότε
2969 2805 3076 2875 γάρ
3111 2804 3334 2874 γέγονεν
3359 2807 3417 2860 ἐν
3452 2805 3604 2876 μέσῳ
3623 2803 3722 2858 τοῦ

2144 2895 2379 2967 Ἰσραὴλ,
2435 2895 2531 2950 καὶ
2578 2895 2908 2966 διεφύγομεν
2962 2894 3252 2967 ἐντροπὴν,
3306 2897 3402 2950 καὶ
3455 2895 3724 2967 αἰσχύνης

2129 2985 2550 3057 ἀπηλλάγμεθα,
2599 2985 2831 3040 θανάτου
2875 2986 3155 3054 πεσόντος,
3192 2988 3468 3059 ἁμαρτίας
3511 2989 3726 3060 ἀνῃρη-

2133 3077 2327 3148 μένης,
2359 3076 2616 3146 γνώσεως
2661 3077 2895 3148 ἀληθοῦς
2933 3079 3447 3151 εἰσκεκομισμένης.
3493 3079 3607 3133 Οὐκ
3636 3079 3721 3134 ἐτι

2129 3168 2238 3239 γὰρ
2265 3169 2334 3240 τῇ
2367 3167 2541 3222 κτίσει
2576 3166 2991 3238 προσκυνοῦμεν
3021 3166 3174 3239 παρὰ
3199 3168 3292 3221 τὸν
3317 3167 3600 3235 κτίσαντα,
3623 3167 3725 3222 καὶ

2129 3259 2263 3313 Θεὸν
2303 3260 2490 3331 ἕτερον
2518 3261 2606 3314 ἐπ’
2637 3260 2785 3330 αὐτῷ
2820 3259 3099 3323 παντελῶς
3139 3259 3328 3313 οὐδένα
3378 3258 3723 3332 παραδεδέγ-

2132 3351 2292 3422 μεθα.
2343 3350 2634 3423 Τοιγάρτοι
2676 3352 2772 3406 καὶ
2804 3351 3287 3422 πεπλουτήκαμεν,
3329 3350 3406 3415 ὡς
3438 3353 3496 3404 ἐν
3541 3350 3722 3405 ἐλπίδι

2130 3443 2327 3516 βεσαίᾳ
2355 3441 2576 3509 ζῶντες,
2607 3443 2704 3498 καὶ
2731 3442 2857 3514 δόξῃ
2900 3445 2966 3514 τῇ
3000 3443 3080 3506 εἰς
3126 3441 3449 3513 μακραίωνα
3487 3441 3626 3514 βίον,
3658 3443 3722 3498 ἐν

2128 3534 2387 3606 ἁγιασμῷ
2420 3536 2516 3589 καί⁸
2554 3535 2795 3604 ὁσιότητι
2828 3533 3123 3596 πολιτείας.

2197 3628 2309 3682 Kal
2333 3627 2505 3681 ἔσται
2520 3629 2672 3696 μετὰ
2695 3626 2900 3690 ταῦτα,
2928 3626 3025 3679 καὶ
3046 3623 3232 3694 ἐκχεῶ
3259 3625 3380 3680 ἀπὸ
3405 3625 3514 3680 τοῦ
3535 3625 3722 3680 Πνεύ-

2125 3720 2312 3790 ματος
2358 3736 2479 3788 μου
2533 3717 2632 3772 ὲπί
2668 3717 2878 3772 πᾶσαν
2934 3715 3168 3786 σάρκα,
3231 3717 3328 3770 καί
3381 3718 3720 3786 προφητεύ-

2126 3825 2350 3868 σουσιν
2384 3812 2438 3864 ol
2464 3809 2580 3864 υίοί
2608 3807 2798 3878 ὑμῶν,
2831 3807 2930 3861 καί
2957 3810 3017 3862 al
3047 3807 3365 3878 θυγατέρες
3392 3807 3578 3877 ὑμῶν.
3606 3808 3719 3864 Kal

2127 3907 2179 3959 οἱ
2228 3903 2620 3970 πρεσϐύτεροι
2672 3898 2840 3968 ὑμῶν
2877 3900 3136 3954 ἐνύπνια
3189 3899 3720 3972 ἐνυπνιασθήσον-

2124 4012 2242 4059 ται,
2274 3994 2372 4048 καί
2401 3997 2457 4048 οί
2488 3991 2798 4048 νεανίσκοι
2831 3990 3000 4060 ὑμῶν
3023 3991 3266 4060 δράσεις
3291 3991 3567 4062 ὄψονται.
3598 3995 3715 4048 Καί

2123 4104 2191 4157 τε
2216 4087 2315 4142 ἐπὶ
2343 4085 2487 4152 τοὺς
2515 4084 2776 4147 δούλους
2797 4073 3068 4152 μουρκαί
3111 4083 3211 4138 ἐπί
3242 4085 3348 4150 τὰς
3383 4084 3611 4151 δούλας
3643 4085 3718 4141 ἐν

2123 4178 2254 4246 ταῖς
2283 4177 2533 4248 ἡμέραις
2567 4173 2828 4239 ἐκείναις
2863 4172 3052 4242 ἐκχεῶ
3076 4175 3195 4230 ἀπὸ
3228 4175 3337 4230 τοῦ
3365 4177 3718 4246 Πνεύματός

2202 4289 2260 4325 υ.

2375 4356 2505 4412 Ἰδοὺ
2547 4357 2612 4428 δὴ
2648 4357 2838 4428 σαφῶς
2870 4357 3180 4431 χαριεῖσθαι
3211 4357 3714 4427 κατεπαγγέλλεται

2122 4449 2221 4523 τὴν
2260 4448 2352 4502 τοῦ
2393 4449 2548 4517 ἁγίου
2595 4448 2910 4519 Πνεύματος
2956 4451 3138 4521 χάριν,
3187 4449 3486 4514 τουτέστιν,
3534 4450 3712 4521 ἀμφι-

430 4552 622 4600 nonut
652 4544 756 4601 sibi
784 4547 1075 4616 prophetas
1101 4561 1268 4600 unum
1291 4554 1386 4600 aut
1413 4545 1665 4612 alterum,
1705 4549 1750 4604 si
1779 4550 1851 4604 ita
1873 4550 2012 4606 ferat

2124 4542 2264 4613 λαφῆ
2295 4541 2394 4612 τὴν
2424 4541 2714 4612 χορηγίαν,
2746 4542 2847 4595 οὐκ
2879 4543 2960 4605 εἰς
2993 4543 3282 4613 προφήτην
3313 4541 3711 4612 ἐξειλεγμένους

428 4651 541 4704 res,
579 4635 821 4708 deligat;
873 4638 968 4693 sed
1022 4635 1268 4692 absolute
1321 4636 1374 4692 in
1425 4651 1614 4694 omnes
1639 4639 1731 4708 qui
1763 4640 2008 4711 accipere

424 4728 798 4784 merebuntur.
835 4727 891 4782 Id
919 4729 1062 4797 quod
1084 4726 1303 4783 Christo
1350 4729 1610 4792 redivivo,
1643 4740 1702 4786 et
1733 4731 2010 4788 deatructo

424 4823 615 4878 mortis
641 4821 890 4893 imperio,
909 4821 1108 4875 factum
1130 4833 1251 4875 esse
1279 4821 1669 4879 conﬁtemur".
1697 4822 1831 4879 Nam
1864 4825 2012 4881 velut

423 4915 493 4968 de
525 4914 738 4983 integro
767 4911 903 4968 adeo
935 4910 1299 4966 venerandam
1318 4922 1395 4987 ,ει
1452 4913 1823 4970 admirabilem
1885 4931 2010 4987 gra-

425 5007 555 5061 tiam
586 5007 793 5063 sanctis
815 5005 1093 5073 discipulis
1124 5005 1368 5074 immisit,
1394 5006 1673 5064 insulﬂans
1707 5020 1763 5064 et
1781 5008 2004 5065 dicens:

425 5117 448 5152 ι
485 5099 730 5168 Accipite
757 5095 1018 5167 Spiritum
1049 5110 1296 5156 sanctum
1327 5099 1395 5153 ³⁸.
1434 5118 1455 5153 ι
1495 5098 1792 5169 Oportebat
1834 5102 2000 5169 enim,

419 5191 706 5262 oportebat
751 5188 1006 5246 Ecclesiae
1059 5202 1402 5265 mystagogos
1453 5202 1508 5248 et
1559 5193 1710 5250 orbis
1737 5201 2002 5248 terrarum

419 5282 714 5348 magistros
776 5279 990 5337 futuros
1041 5283 1203 5339 etiam
1259 5293 1385 5339 ante
1430 5284 1567 5340 alios
1593 5284 1738 5340 dono
1768 5283 2004 5354 Spiritus

419 5373 592 5427 sancti
623 5373 990 5442 cohonestari,
1025 5385 1078 5430 ct
1111 5377 1272 5433 veluti
1299 5378 1570 5448 quoddam
1623 5387 2002 5432 ornamentum

419 5480 519 5533 per
546 5465 705 5519 [idem
743 5482 796 5521 tn
830 5467 1314 5526 sanctiﬁcationem
1365 5471 1434 5524 ab
1483 5471 1639 5525 initio
1690 5471 1882 5539 factos,
1923 5472 2006 5526 di-

421 5558 548 5611 vina
583 5567 637 5611 et
669 5557 876 5613 caelesti
913 5560 1074 5630 227
1113 5562 1287 5630 gratia
1330 5562 1592 5616 inaurari.
1632 5563 1827 5618 Diebus
1875 5577 2004 5617 vero

415 5663 588 5704 sacra:
614 5652 959 5708 Pentecosms
982 5655 1323 5726 congrcgatis
1354 5655 1406 5709 in
1464 5670 1624 5709 unam
1657 5654 1873 5712 domum
1920 5657 2002 5710 di-

503 5830 545 5865 “
571 5831 801 5907 Philipp.
839 5851 896 5903 ιι,
927 5836 979 5890 7.
1052 5836 1093 5867 ¹⁷
1124 5836 1355 5892 Baruch.
1391 5851 1474 5902 Ill,
1515 5837 1602 5894 58.

2114 4635 2209 4690 ἕνα
2245 4633 2429 4705 τυχὸν,
2459 4632 2492 4704 ἢ
2522 4633 2637 4698 δύο,
2664 4632 2794 4686 ἀλλ’
2818 4634 2898 4696 εἰς
2923 4632 3172 4696 ἅπαντας
3197 4631 3382 4696 ἁπλῶς
3407 4632 3532 4696 τοὺς
3567 4633 3712 4686 ἐλεῖν

2112 4728 2316 4794 ἀξίους.
2371 4728 2437 4778 Ὃ
2478 4725 2540 4797 δή
2592 4743 2774 4794 φαμεν
2820 4725 2916 4778 καὶ
2955 4724 3292 4796 πεπεράνθαι
3329 4724 3709 4796 ὲγηγερμένου

2113 4817 2376 4890 Χριστοῦ,
2403 4819 2500 4873 καὶ
2531 4819 2593 4871 τὸ
2619 4819 2715 4871 τοῦ
2759 4816 2991 4872 θανάτου
3027 4817 3435 4880 καταλύσαντος
3477 4817 3706 4888 κράτος.

2125 4914 2246 4967 Ἀπ’
2277 4912 2452 4982 ἀρχῆς
2482 4910 2592 4982 γάρ
2621 4910 2811 4981 ὥσπερ
2854 4928 2906 4964 τι
2955 4904 3058 4965 ὧδε
3091 4911 3314 4979 σεπτὴν,
3353 4911 3444 4963 καί
3477 4909 3710 4978 ἁξιάγα-

2115 5025 2240 5063 στον
2275 5006 2435 5077 χάριν
2468 5004 2581 5067 τοῖς
2613 5003 2788 5072 ἁγίοις
2840 5002 3068 5056 ἐνετίθει
3119 5001 3410 5073 μαθηταῖς,
3442 4999 3708 5070 ἐμφυσῶν

2112 5119 2173 5156 τε
2201 5101 2294 5156 καὶ
2332 5097 2527 5164 λέγων’
2557 5115 2574 5147 ι
2607 5097 2814 5150 Λάϐετε
2844 5094 3071 5165 Πνεῦμα
3103 5095 3282 5162 ἅγιον.
3328 5113 3346 5147 ι
3387 5094 3538 5148 Ἔδει
3568 5093 3702 5164 γάρ,

2114 5194 2220 5247 ἐδει
2247 5191 2373 5255 τοὺς
2403 5189 2504 5259 τῆς
2547 5188 2873 5257 Ἐκκλησίας
2905 5187 3326 5258 μυσταγωγοὺς,
3364 5185 3462 5240 καὶ
3482 5184 3582 5254 τῆς
3613 5185 3706 5254 ὑφ’

2105 5288 2258 5359 ἦλιον
2291 5280 2582 5345 παιδευτὰς
2614 5281 2925 5351 ἐσομένους,
2958 5281 3052 5333 καὶ
3082 5280 3186 5350 πρό
3206 5296 3271 5348 γε
3298 5278 3406 5331 τῶν
3433 5277 3612 5332 ἄλλων
3637 5279 3704 5349 τῇ

2107 5377 2201 5434 τοῦ
2232 5376 2387 5446 ἁγίου
2416 5372 2728 5444 Πνεόματος
2756 5372 2899 5426 δόσει
2920 5371 3446 5434 κατακαλλύνεσθαι,
3472 5368 3566 5422 καὶ
3592 5363 3706 5422 οἷόν

2107 5489 2160 5525 τι
2195 5465 2606 5537 κεκοσμημένον
2633 5463 2722 5517 διὰ
2763 5463 2997 5527 πίστεως
3031 5465 3111 5526 εἰς
3153 5461 3426 5532 ἁγιασμὸν
3467 5461 3564 5514 ἀπ’
3600 5462 3705 5530 άρ-

2109 5560 2213 5632 χῆς
2247 5558 2558 5627 γεγονότας,
2585 5559 2651 5626 τῇ
2685 5555 2804 5626 θείᾳ
2835 5571 2898 5624 γε
2928 5555 3023 5608 καὶ
3060 5554 3298 5624 οὐρανίῳ
3328 5550 3704 5622 καταχρυσοῦο

2109 5652 2234 5706 σθαι
2265 5651 2466 5722 χάριτι.
2505 5648 2660 5702 Κατὰ
2686 5647 2742 5700 δέ
2771 5665 2834 5717 γε
2865 5647 2965 5711 τὰς
2993 5647 3206 5719 ἡμέρας
3234 5647 3335 5717 τῆς
3367 5644 3530 5713 ἁγίας
3564 5645 3703 5696 Πεν-

1707 5839 1750 5871 ¹⁸
1788 5839 1945 5896 Rom.
1976 5857 2014 5910 1,
2047 5839 2139 5896 23.
2235 5841 2279 5874 ¹’
2320 5838 2360 5894 ΙΙ
2398 5837 2539 5893 Tim.
2586 5853 2623 5902 l,
2669 5837 2752 5891 10.
2832 5837 2877 5868 ¹¹⁰
2907 5834 3064 5894 Junii.
3110 5853 3200 5903 xx,
3235 5835 3326 5892 22.
