4054 6464
350 395 462 454 377

1259 400 1819 460 COMMENTARIUS
1856 400 1924 458 IN
1963 401 2233 460 JOELEM
2269 402 2720 461 PRUPIIETAM.

3565 406 3672 462 378

352 513 637 587 τηκοστῆς
672 514 754 580 εἰς
793 508 946 570 οἷκον
972 517 1069 573 ἕνα
1106 520 1607 591 συναγηγερμένων
1636 520 1745 574 τῶν
1784 521 1963 591 μαθη-

2079 520 2317 591 scipulis,
2372 531 2428 576 et
2467 522 2750 577 consuetis
2806 520 3209 588 precationibus
3289 494 3401 576 Deo
3452 519 3669 585 oblatis,

351 607 487 673 τῶν,
518 606 617 660 καὶ
656 606 759 671 τὰς
808 609 1062 679 συνήθεις
1102 609 1224 680 Θεῷ
1270 611 1732 683 προσαγαγόντων
1779 611 1965 679 λιτὰς,

353 700 585 769 γέγονεν
616 701 806 771 ἄμφω,
851 696 987 772 ἦχος
1036 702 1278 770 ἐγένετο,
1320 704 1417 758 καὶ
1461 704 1708 773 γλῶσσαι
1760 703 1845 773 ἐφ’
1871 703 1970 757 ἕνα

352 791 594 845 ἕκαστον
628 791 914 859 ἐκάθισαν,
969 810 987 846 ι
1017 795 1125 847 Kal.
1164 794 1403 867 ἤρξαντο
1435 795 1618 849 λαλεῖν
1658 797 1716 850 ἐν
1751 797 1970 868 ἑτέραις

351 882 661 953 γλώσσαις,
698 884 886 949 καθὼς
917 884 978 939 τὸ
1013 885 1240 958 Πνεῦμα
1269 888 1444 942 ἐδίδου
1475 889 1659 952 αὐτοῖς
1690 888 1972 957 ἀποφθέγ-

352 973 558 1042 γεσθαι
586 974 1067 1045 »Ἀπεφθέγγοντο
1093 976 1151 1030 δὲ
1179 977 1618 1049 προφητεύοντες
1646 979 1815 1050 ἤγουν
1846 996 1971 1032 συν-

355 1063 538 1127 ιέντες
569 1079 653 1128 τε,
679 1065 774 1118 καὶ
811 1066 1063 1136 λέγοντες
1088 1067 1157 1121 τὰ
1190 1067 1278 1120 διὰ
1310 1068 1420 1121 τῶν
1454 1067 1627 1136 ἁγίων
1671 1068 1970 1139 προφητῶν

351 1155 415 1208 ἐν
442 1155 523 1226 τῷ
554 1156 779 1229 Χριστῷ
820 1160 1116 1230 μυστήρια,
1146 1160 1241 1213 καὶ
1269 1161 1338 1215 τὰ
1366 1161 1433 1215 δι’
1459 1154 1536 1216 ὧν
1562 1160 1708 1225 εἰκὸς
1735 1156 1804 1232 ἦν
1833 1161 1972 1233 πρὸς

353 1248 678 1303 εὐπείθειαν
714 1250 951 1321 ἑτοίμως
993 1251 1135 1305 ἰέναι
1173 1253 1686 1325 ἀναπεπεισμένους
1724 1248 1783 1308 εὖ
1825 1256 1971 1326 μάλα

353 1342 488 1404 τοὺς
514 1341 925 1414 ἀκροωμένους,
944 1343 1017 1408 ῶς,
1037 1346 1299 1418 ἐνέστηκε
1324 1346 1512 1401 λοιπὸν
1534 1349 1563 1401 ό
1590 1347 1692 1417 τῆς
1720 1348 1969 1415 εὐδοκίας

353 1434 577 1506 καιρὸς,
604 1437 704 1489 καὶ
736 1436 805 1491 τὰ
839 1438 1008 1492 πάλαι
1043 1440 1470 1513 προηγγελμένα
1499 1441 1593 1492 ἐπὶ
1623 1440 1846 1512 Χριστῷ
1890 1442 1970 1505 είς

354 1524 540 1594 πέρας
600 1520 706 1598 ἧκε
775 1525 985 1581 λοιπόν.
1056 1528 1267 1582 Οὐκοῦν
1325 1530 1723 1601 προεφήτευον,
1779 1530 1970 1601 ἁπάσῃ

351 1615 585 1687 γλώσσῃ
621 1616 935 1683 λαλοῦντες,
965 1619 1053 1674 διά
1108 1621 1293 1692 φωνῆς
1337 1621 1511 1691 ἁγίων
1544 1620 1681 1675 Θεοῦ
1724 1638 1968 1693 προανα-

356 1708 674 1779 φωνοῦντος
710 1711 1018 1766 καὶτοῦτο.
1046 1713 1360 1786 Γέγραπται
1405 1714 1550 1787 γάρ·
1593 1734 1613 1768 ι
1654 1716 1745 1770 Ἐν
1789 1717 1970 1788 ἐτερο-

351 1799 664 1870 γλώσσοις,
697 1802 795 1856 καὶ
833 1804 891 1857 ἐν
929 1803 1165 1875 χείλεσιν
1211 1806 1422 1877 ἐτέροις
1467 1804 1688 1878 λαλήσω
1728 1806 1809 1878 τῷ
1853 1804 1970 1877 λαῷ

2072 619 2365 681 utrumque
2395 611 2621 679 contigit
2652 628 2667 666 :
2732 611 2954 665 auditus
2997 620 3084 665 est
3137 609 3370 672 sonitus,
3399 618 3453 664 et
3479 608 3674 679 linguae

2070 701 2301 772 singulis
2328 701 2660 757 insederunt.
2684 720 2703 753 ι
2736 701 2802 755 Et
2826 710 3109 771 coeperunt
3132 702 3275 772 loqui
3303 701 3425 755 aliis
3452 700 3670 769 linguis,

2070 803 2232 863 prout
2262 790 2502 862 Spiritus
2532 800 2759 847 sanctus
2806 791 2969 846 dabat
2999 792 3180 863 eloqui
3230 793 3337 847 illis
3366 792 3461 845 ⁸⁰·.
3512 810 3531 843 ι
3563 790 3673 845 Lo-

2071 884 2379 954 quebantur
2431 892 2612 938 autem
2681 884 3092 953 prophetantes,
3145 884 3263 938 sive
3326 898 3423 952 per
3450 893 3671 937 sanctos

2072 976 2364 1046 prophetas
2406 975 2472 1031 de
2507 975 2727 1031 Christo
2753 976 3117 1046 praenuntiata
3180 973 3438 1045 mysteria
3471 972 3674 1027 intelli-

2072 1079 2261 1141 gentes
2307 1078 2364 1125 et
2410 1069 2816 1139 proloquentes,
2848 1078 2905 1124 et
2946 1083 3012 1124 ea
3065 1083 3164 1140 per
3212 1083 3333 1137 quae
3382 1075 3674 1122 consenta-

2072 1177 2236 1217 neum
2265 1162 2475 1217 eratad
2508 1161 2877 1219 obedientiam
2914 1170 3165 1232 prompte
3210 1161 3400 1216 venire
3445 1159 3675 1213 audien-

2076 1263 2186 1322 tes;
2218 1263 2404 1324 utpote
2460 1268 2749 1324 persuasos
2803 1254 2964 1323 plane
3021 1256 3217 1311 adesse
3280 1254 3395 1322 jam
3457 1262 3672 1322 tempus

2073 1347 2290 1418 gratiae,
2319 1355 2375 1401 et
2402 1346 2532 1401 olim
2563 1346 2633 1401 de
2660 1347 2880 1403 Christo
2910 1347 3463 1418 prmdictaaleinceps
3494 1346 3673 1415 rcipsa

2071 1440 2354 1511 compleri.
2412 1440 2822 1510 Prophelahant
2888 1439 3056 1509 igitur
3116 1438 3312 1508 quavis
3370 1438 3552 1507 lingua
3600 1435 3675 1489 lo-

2072 1540 2328 1603 quentes,
2358 1532 2500 1601 quod
2525 1518 2702 1601 ipsum
2728 1545 2942 1601 quoque
2974 1544 3003 1583 a
3048 1529 3159 1584 Deo
3183 1538 3496 1584 sanctorum
3539 1542 3674 1582 voce

2073 1621 2391 1693 praedictum
2434 1622 2633 1677 fuerat.
2666 1620 2943 1691 Scriptum
3001 1630 3088 1676 est
3135 1622 3281 1674 enim
3316 1636 3330 1675 :
3372 1639 3391 1672 ι
3433 1620 3492 1673 In
3550 1619 3673 1674 aliis

2076 1714 2282 1785 linguis
2331 1714 2465 1769 etin
2492 1712 2615 1768 aliis
2648 1712 2808 1766 labiis
2833 1711 3025 1781 loquar
3077 1711 3272 1781 popqu
3327 1710 3478 1775 huic,
3508 1718 3561 1765 et
3605 1722 3674 1764 ne

2074 1808 2156 1864 sic
2192 1808 2411 1879 quidem
2441 1808 2667 1862 credent
2696 1805 2766 1860 ".
2801 1822 2821 1856 ι
2863 1802 2974 1859 lloc
3004 1812 3059 1859 et
3104 1803 3301 1858 Paulus
3348 1818 3455 1857 non
3510 1803 3671 1872 igno-

348 1893 563 1966 τούτῳ,
594 1895 691 1949 καὶ
731 1895 840 1950 οὐδ’
865 1895 1039 1961 οὕτως
1067 1897 1479 1969 πεισθήσονται.
1507 1918 1526 1951 ι
1562 1898 1734 1953 Τοῦτό
1765 1916 1849 1952 τοι
1880 1901 1975 1953 καὶ

2080 1917 2226 1967 rans,
2248 1902 2460 1972 linguas
2484 1901 2539 1955 in
2562 1899 2777 1969 signum
2829 1897 2990 1953 datas
3044 1898 3163 1952 ait:
3215 1896 3333 1951 Non
3404 1896 3673 1958 fidelibus,

350 1985 581 2051 Παῦλος
623 1989 825 2055 συνεὶς,
860 1991 940 2053 εἰς
979 1992 1206 2061 σημεῖον
1243 1990 1521 2054 Ἰουδαίοις
1550 1991 1800 2045 δεδόσθαι
1837 1992 1975 2063 φησὶ

349 2076 462 2148 τὴν
503 2078 944 2147 πολυγλωσσίαν.
972 2080 1098 2134 Ὅτι
1128 2080 1186 2136 δὲ
1230 2081 1610 2147 καταπτάντος
1647 2083 1708 2148 ἐξ
1740 2083 1972 2154 οὐρανοῦ

350 2166 456 2220 τοῦ
491 2165 653 2237 ἁγίου
693 2168 1019 2241 Πνεύματος
1054 2170 1242 2225 πολλοὶ
1283 2171 1405 2227 λίαν
1436 2168 1577 2244 ἦσαν
1608 2174 1657 2226 οἱ
1690 2176 1759 2246 τῇ
1790 2175 1975 2245 χάριτι

351 2258 466 2329 τῆς
506 2262 855 2333 προφητείας
892 2263 1351 2333 ἀναμεσούμενοι,
1385 2269 1642 2337 σαφηνιεῖ
1682 2268 1914 2339 γράφων
1946 2269 1975 2321 ὁ

356 2353 580 2419 Παῦλος
600 2371 615 2386 ·
648 2356 963 2427 ιΠροφῆται
991 2357 1048 2411 δὲ
1065 2357 1157 2411 δύο
1182 2358 1214 2429 ἢ
1238 2361 1387 2431 τρεῖς
1405 2358 1762 2415 λαλείτωσαν.
1780 2359 1963 2415 »Εἶταο

360 2463 382 2496 ι
416 2445 664 2500 Δύνασθε
687 2448 798 2519 γὰρ
826 2449 949 2503 καθ’
974 2449 1071 2502 Eva
1100 2451 1298 2515 πάντες
1328 2451 1717 2525 προφητεύειν.
1748 2472 1765 2505 ι
1796 2454 1974 2508 Πάλαι

357 2538 469 2608 μὲν
514 2540 628 2610 γὰρ
672 2539 758 2595 διὰ
791 2542 994 2615 πολλὴν
1032 2542 1366 2614 δυστροπίαν
1398 2545 1833 2617 προσκρούοντος
1877 2546 1972 2600 τοῦ

366 2630 620 2702 Ἰσραὴλ,
648 2631 858 2702 ἔφασκε
892 2633 1024 2698 Θεός
1044 2651 1059 2665 ο
1098 2653 1118 2686 ι
1159 2636 1293 2689 Ἰδοὺ
1324 2635 1437 2706 ἐγὼ
1467 2636 1625 2709 λιμὸν
1656 2638 1849 2706 ἐπάγω
1878 2638 1973 2691 ἐπὶ

350 2723 465 2789 τὴν
496 2723 606 2794 γῆν
634 2724 729 2778 τοῦ
768 2726 1002 2781 ἀκοῦσαι
1039 2725 1198 2796 λόγον
1231 2727 1460 2798 Κυρίου,
1500 2731 1597 2783 καὶ
1636 2729 1745 2783 ἀπὸ
1780 2730 1975 2783 ἀνατο-

349 2815 475 2868 λῶν
502 2815 611 2881 ἒως
635 2816 858 2889 δυσμῶν
887 2818 1356 2891 περιδραμοῦνται
1386 2819 1679 2891 ζητοῦντες
1700 2822 1791 2876 τὸν
1816 2821 1973 2891 λόγον

354 2907 600 2977 Κυρίου,
638 2909 732 2963 καὶ
772 2911 833 2965 οὐ
892 2911 969 2982 μὴ
1018 2911 1244 2985 εὕρωσι.
1277 2932 1297 2967 ι
1342 2914 1453 2968 Kal.
1501 2915 1641 2986 πρὸς
1674 2916 2001 2987 ἰεζεχιήλον

361 3019 384 3051 ι
418 3001 537 3055 Καὶ
561 3001 661 3071 τὴν
690 3001 944 3071 γλῶσσάν
973 3021 1066 3057 σου
1097 3005 1364 3077 συνδήσω,
1396 3007 1491 3060 καὶ
1521 3008 1972 3082 ἀποκωφωθήσῃ,

353 3093 462 3149 καί
506 3094 609 3148 οὐκ
652 3093 753 3167 ἔσῃ
783 3096 968 3160 αὐτοῖς
998 3098 1080 3162 εἰς
1114 3098 1285 3170 ἄνδρα
1337 3099 1661 3170 ἐλέγχοντα,
1706 3101 1790 3153 ὅτι
1828 3096 1976 3163 οἶκος

351 3187 838 3257 παραπικραίνων
874 3190 1011 3243 ἐστί.
1038 3209 1056 3241 ι
1101 3189 1322 3261 Ἐπειδὴ
1357 3190 1449 3258 δὲ,
1482 3192 1626 3245 κατὰ
1652 3191 1753 3263 τὴν
1791 3193 1975 3261 φωνὴν

350 3251 465 3332 τοῦ
498 3251 840 3346 Ψάλλοντος,
878 3301 895 3333 ι
928 3282 1061 3346 Θεὸς
1088 3251 1322 3353 Κύριος,
1348 3251 1447 3336 καί
1476 3251 1747 3353 ἐπέφανεν
1770 3251 1969 3355 ὑμῖν.»
2004 3251 2049 3312 C

356 3371 639 3442 (ἐπέφανε
668 3373 779 3447 γὰρ
808 3376 943 3446 ἡμῖν
964 3377 993 3429 ό
1026 3376 1283 3446 Χριστὸς,
1310 3376 1482 3439 ἀνιεὶς
1508 3376 1675 3447 έγκλή
1686 3393 1851 3447 ματα,
1884 3378 1978 3431 καὶ

351 3466 433 3518 τὸ
468 3466 571 3537 τῆς
592 3466 871 3539 ἁμαρτίας
897 3469 1227 3540 ἐμφράττων
1261 3468 1458 3541 στόμα)
1494 3469 1705 3523 δέδοται
1734 3469 1921 3523 λοιπὸν
1945 3471 1978 3541 ἡ

355 3558 533 3631 χύσις
573 3558 668 3612 τοῦ
714 3559 873 3628 ἁγίου
913 3558 1254 3631 Πνεύματος,
1298 3561 1435 3615 Θεοῦ
1480 3560 1981 3631 κατευφραίνον-τος

356 3652 475 3722 τὴν
519 3650 631 3705 τῶν
671 3650 977 3723 ἀνθρώπων
1026 3653 1212 3721 φύσιν,
1260 3653 1357 3707 καὶ
1401 3655 1467 3725 τῇ
1521 3652 1752 3719 ἄνωθεν,
1789 3653 1884 3707 καὶ
1923 3654 1981 3706 ἐν

356 3744 517 3813 ἀρχῇ
551 3740 951 3811 στεφανοῦντος
987 3743 1139 3815 δόξῃ,
1170 3743 1266 3797 καὶ
1295 3746 1376 3807 είς
1407 3744 1586 3799 ἐκεῖνο
1623 3745 1786 3800 πάλιν
1809 3745 1980 3814 αὐτὴν

360 3831 698 3904 φιλαγάθως
744 3833 1204 3905 ἀνακομίζοντος,
1226 3840 1229 3843 ⁷
1255 3834 1338 3898 είς
1370 3833 1399 3887 ὃ
1450 3836 1650 3907 προῆν,
1694 3835 1849 3889 οῦπω
1881 3836 1983 3905 τῆς

359 3926 655 3999 ἁμαρτίας
681 3927 1127 3999 εἰσκεκριμένης.
1158 3927 1233 3982 Οὐ
1262 3928 1372 4001 γὰρ
1404 3928 1610 4001 ἔρημον
1638 3927 1981 4001 προφητικοῦ

362 4020 701 4093 Πνεύματος
740 4021 1049 4093 εὑρήσομεν
1098 4021 1190 4076 τὸν
1229 4022 1433 4094 Ἀδὰμ,
1479 4023 1632 4076 οὓπω
1683 4023 1780 4094 τὴν
1834 4022 1983 4076 θείαν

361 4115 601 4187 ἐντολὴν
632 4096 1092 4188 παραϐεϐηκότων
1126 4116 1415 4186 πεπηγότα
1444 4115 1502 4169 δὲ
1531 4114 1723 4185 ὥσπερ
1752 4114 1871 4179 ἕτιῖ
1887 4115 1984 4170 καὶ

362 4210 490 4273 τοῖς
513 4209 615 4280 τῆς
643 4208 859 4277 φύσεως
892 4212 1148 4279 χρηστοῖς
1178 4208 1556 4279 ἐμπρέποντα.
1589 4208 1701 4261 Καὶ
1735 4209 1866 4277 γοῦν
1892 4210 1981 4263 ὅτε

360 4300 477 4373 τὴν
514 4303 752 4370 γυναῖκα
788 4301 1246 4373 πλαστουργήσας
1275 4305 1304 4357 ὁ
1335 4302 1470 4366 Θεὸς
1500 4302 1677 4373 ’ήγαγε
1720 4301 1857 4372 πρὸς
1888 4302 1986 4356 αὐ-

362 4392 489 4456 τὸν,
537 4392 718 4446 καίτοι
754 4394 1002 4465 μήποθεν
1051 4394 1295 4460 ἀκούσας
1342 4396 1423 4460 τίς
1463 4414 1525 4450 τε
1570 4397 1692 4468 εἴη,
1739 4398 1832 4451 καὶ⁷
1864 4397 1985 4451 τίνα

2076 1995 2169 2051 sed
2203 1992 2516 2049 inﬁdelibus
2550 1993 2619 2047 “.
2658 1991 2799 2060 Quia
2830 2006 2964 2046 vero
3000 1998 3286 2061 postquam
3313 1987 3582 2044 devolavit
3608 1988 3677 2042 de

2075 2087 2216 2143 cudo
2241 2086 2480 2157 Spiritus
2533 2094 2780 2151 sanctus,
2822 2084 2976 2139 multi
3037 2083 3328 2137 admodum
3384 2079 3675 2150 erantqui

2075 2179 2304 2251 gratiam
2356 2181 2655 2250 prophetiae
2704 2178 2759 2233 in
2810 2176 3047 2230 medium
3086 2177 3419 2245 prodeuntes
3453 2188 3678 2242 usurpa-

2078 2282 2218 2338 rent,
2247 2270 2468 2337 Paulus,
2521 2271 2651 2342 quid
2692 2268 3001 2325 faciendqu
3063 2268 3155 2333 sit,
3188 2266 3453 2323 declarat.
3482 2284 3500 2317 ι
3538 2264 3675 2319 Pro-

2074 2366 2253 2435 pheta:
2284 2374 2489 2431 autem,
2518 2384 2535 2416 ι
2568 2365 2765 2435 inquit,
2789 2382 2808 2416 ι
2834 2365 2938 2420 duo
2960 2371 3053 2416 aut
3093 2373 3203 2416 tres
3231 2360 3521 2431 loquantur
3546 2358 3613 2411 “.
3650 2376 3672 2412 ι

2075 2457 2143 2511 Ει
2181 2473 2347 2514 mox:
2395 2476 2415 2511 ι
2450 2457 2689 2513 Potestis
2717 2458 2863 2513 enim
2892 2469 3083 2512 omnes
3130 2469 3227 2525 per
3285 2453 3526 2523 singulos
3554 2465 3676 2521 pro-

2075 2552 2301 2623 phetare
2330 2552 2396 2606 ἰ.
2437 2570 2455 2603 ι
2495 2549 2637 2607 Olim
2669 2550 2914 2619 quidem,
2946 2563 3071 2603 cum
3113 2548 3284 2602 multa
3309 2561 3525 2602 morum
3542 2558 3674 2615 per-

2076 2643 2524 2699 versitatelsrael
2588 2642 2755 2697 Deum
2838 2642 3160 2706 oﬂ'enderet,
3212 2638 3430 2694 dicebat
3487 2637 3674 2691 Deus:

2081 2751 2100 2785 ι
2135 2733 2273 2788 Ecce
2301 2747 2402 2802 ego
2424 2732 2677 2787 inducam
2705 2733 2902 2786 famem
2932 2747 3096 2801 super
3138 2739 3340 2786 terram
3411 2725 3675 2781 audiendi

2077 2825 2300 2881 verbum
2332 2825 2447 2893 Dei,
2478 2835 2533 2881 et
2562 2826 2630 2880 ab
2657 2826 2869 2880 oriente
2896 2839 3070 2894 usque
3092 2824 3148 2879 in
3174 2821 3517 2878 occidentem
3570 2817 3675 2871 cir-

2079 2917 2849 2988 cumcursabant,qua3rentes
2878 2918 3101 2972 verbum
3160 2914 3394 2978 Domini,
3448 2920 3505 2967 et
3571 2925 3679 2965 non

2080 3014 2359 3068 invenient
2390 3013 2457 3067 ’⁵.
2492 3030 2511 3063 ι
2552 3010 2620 3065 Ει
2678 3010 2744 3065 ad
2782 3008 3124 3064 Ezechielem
3162 3026 3177 3062 :
3235 3025 3254 3058 ι
3318 3004 3386 3060 Ει
3438 3003 3680 3073 linguam

2080 3119 2226 3161 tuam
2280 3106 2547 3177 colligabo
2602 3104 2806 3175 gutturi
2846 3111 2962 3166 tuo,
3022 3110 3074 3155 et
3103 3101 3214 3157 eris
3266 3108 3472 3162 mulus,
3495 3103 3550 3152 et
3575 3108 3681 3148 non

2080 3202 2192 3257 eris
2218 3200 2323 3256 illis
2369 3201 2421 3255 in
2475 3199 2650 3253 virum
2684 3198 3099 3268 objurgantem,
3129 3193 3257 3263 quia
3305 3191 3501 3247 domus
3552 3202 3686 3241 exa-

2086 3308 2315 3362 speratis
2336 3300 2420 3347 est
2454 3292 2521 3344 ⁸⁸.
2570 3310 2591 3344 ι
2622 3289 2729 3345 Sed
2761 3288 2889 3358 quia
2915 3287 3071 3358 juxta
3106 3299 3294 3340 vocem
3350 3280 3680 3336 Psallentis:

2091 3404 2110 3439 ι
2149 3386 2288 3441 Dens
2329 3385 2610 3449 Dominus,
2638 3392 2692 3439 et
2745 3383 2921 3438 illuxit
2966 3381 3125 3437 nobis
3156 3378 3230 3433 ’τι
3256 3374 3497 3451 ι(ἰΙΙιιιίι
3531 3372 3679 3429 enim

2085 3478 2243 3535 nobis
2276 3477 2524 3534 Christus
2551 3477 2835 3531 remittens
2860 3474 3114 3540 crimina,
3140 3481 3195 3528 et
3242 3486 3305 3526 os
3327 3468 3534 3541 peccati
3582 3468 3685 3523 ob.

2085 3568 2336 3636 turans:)
2358 3569 2562 3625 eﬂusus
2590 3569 2763 3623 est'de
2788 3576 2988 3624 caetero
3024 3564 3077 3618 in
3110 3578 3211 3620 nos
3263 3563 3505 3633 Spiritus
3548 3574 3680 3613 san-

2084 3675 2226 3729 ctus,
2259 3662 2371 3718 Deo
2411 3660 2720 3717 laetificante
2744 3668 2992 3715 naturam
3018 3660 3333 3722 humanam,
3368 3662 3425 3709 et
3450 3663 3685 3721 superna

2083 3772 2147 3813 ac
2175 3756 2431 3826 primaeva
2467 3754 2639 3826 gloria
2671 3761 2991 3817 coronante,
3018 3759 3074 3807 et
3123 3749 3190 3804 ad
3238 3747 3368 3803 illud
3406 3746 3585 3801 denuo
3618 3755 3687 3797 ex

2083 3848 2324 3904 bonitate
2374 3862 2472 3902 sua
2538 3847 2855 3910 revehente,
2895 3844 2985 3899 ubi
3040 3854 3168 3897 ante
3226 3839 3423 3902 fuerat,
3461 3844 3688 3906 peccato

2085 3941 2325 3996 nondum
2357 3939 2631 4008 ingresso.
2665 3935 2781 3992 Non
2808 3938 2953 3990 enim
3007 3933 3277 4005 spirituali
3334 3931 3508 4003 gratia
3560 3942 3689 3999 pro-

2085 4031 2281 4103 phetiae
2306 4028 2529 4085 carebat
2561 4029 2733 4082 Adam
2785 4027 3101 4095 priusquam
3156 4024 3397 4079 divinum
3459 4021 3688 4075 manda-

2087 4134 2199 4179 tum
2229 4120 2739 4192 transgrederetur;
2766 4118 2862 4174 sed
2887 4118 3028 4173 fixus
3058 4115 3215 4185 quasi
3241 4130 3305 4170 ac
3338 4112 3554 4168 stabilis
3600 4111 3690 4164 ad-

2089 4219 2193 4273 huc
2228 4217 2502 4279 manebat,
2533 4222 2589 4269 et
2615 4223 2824 4268 natura:
2851 4211 3010 4267 bonis
3028 4217 3295 4279 praestans
3348 4215 3402 4260 et
3427 4202 3684 4273 insignis.

2084 4311 2272 4379 Itaque
2296 4324 2421 4365 cum
2460 4322 2682 4363 uxorem
2710 4322 2740 4360 a
2771 4320 2829 4361 se
2886 4303 3208 4359 fabricatam
3264 4300 3332 4354 ad
3356 4312 3479 4353 eum
3524 4296 3690 4354 addu.

2086 4409 2236 4457 ceret
2271 4398 2672 4465 Deus,tametsi
2707 4411 2813 4451 non
2843 4395 3104 4459 audisset,
3141 4392 3303 4458 unde,
3323 4397 3416 4444 aut
3439 4401 3687 4459 quaenam

363 4484 580 4557 τρόπον
609 4485 805 4555 ἀνέφυ,
835 4486 998 4551 εὐθὺς
1042 4486 1344 4558 ἐπεφώνει·
1394 4509 1412 4542 ι
1445 4489 1617 4543 Τοῦτο
1660 4490 1755 4543 καὶ
1792 4489 1976 4543 ὀστοῦν

2087 4498 2362 4556 esset,aut
2382 4503 2487 4558 qua
2519 4488 2731 4542 ratione
2755 4484 3072 4545 exstitisset,
3102 4480 3286 4536 statim
3326 4475 3685 4532 acclamavit:

363 4578 441 4630 ἐκ
477 4576 591 4631 τῶν
635 4577 811 4632 ὀστῶν
858 4596 983 4649 μου,
1026 4580 1123 4633 καὶ
1158 4578 1296 4650 σὰρξ
1343 4582 1407 4634 ἐκ
1450 4582 1551 4652 τῆς
1599 4584 1802 4651 σαρκός
1844 4600 1976 4653 μου·

2096 4604 2115 4636 ι
2160 4582 2273 4638 Hoc
2328 4596 2475 4636 nunc
2526 4595 2588 4635 os
2641 4593 2705 4633 ex
2732 4578 2949 4635 ossibus
2981 4576 3138 4640 meis,
3164 4584 3221 4630 et
3253 4586 3383 4628 caro
3408 4571 3476 4626 de
3525 4583 3692 4625 carne

365 4667 517 4740 αὕτη
566 4668 704 4742 γυνὴ
746 4670 1113 4741 κληθήσεται,
1148 4672 1269 4744 ἦτοι
1302 4674 1447 4728 κατά
1476 4673 1736 4744 Ἑϐραῖδα
1769 4678 1976 4747 φωνὴν,

2089 4693 2229 4734 mea.
2258 4674 2387 4731 Haec
2425 4673 2620 4729 mulier
2645 4672 2958 4739 vocabitur,
3002 4669 3118 4725 sive
3141 4665 3462 4741 (secundum
3490 4664 3692 4719 idioma

363 4760 613 4831 ἀνδρὶς,
638 4762 721 4815 ὅτι
750 4764 815 4816 ἐκ
839 4761 934 4816 τοῦ
957 4764 1153 4836 ἀνδρὸς
1171 4765 1403 4838 ἐλήφθη.
1419 4784 1438 4819 ι
1472 4766 1610 4819 Ἀλλ’
1637 4768 1849 4839 ἤργησε
1884 4770 1976 4840 μὲν

2093 4752 2439 4837 llebraicum)
2491 4766 2660 4836 228
2714 4766 2920 4834 virago,
2975 4762 3102 4833 quia
3154 4760 3223 4817 de
3296 4759 3417 4817 viro
3472 4764 3693 4825 sumpta

365 4858 410 4926 ἡ
428 4851 709 4925 ἀνθρώπῳ
727 4854 944 4909 δοθεῖσα
964 4857 1145 4929 χάρις.
1176 4858 1555 4931 ’Λνεκαινίσθη
1576 4860 1632 4913 δὲ
1656 4862 1713 4915 ἐν
1738 4861 1976 4932 Χριστῷ,

2091 4869 2180 4916 est
2210 4860 2276 4913 ³⁸.
2300 4876 2319 4910 ι
2354 4858 2556 4913 Verum
2584 4858 2759 4914 otiosa
2792 4856 2896 4911 fuit
2924 4856 3101 4928 gratia
3130 4854 3364 4923 desuper
3399 4864 3691 4915 concessa;

366 4948 434 5011 ὃς
482 4946 581 5001 καὶ⁵
625 4945 741 4999 ἐστι
782 4947 1035 5021 δεύτερος
1089 4950 1279 5021 Ἀδάμ.
1338 4952 1716 5024 Ἀνεκαινίσθη
1765 4953 1824 5007 δὲ
1866 4953 1976 5007 τίνσ

2097 4960 2355 5007 renovata
2415 4956 2501 5005 est
2558 4960 2740 5004 autem
2799 4949 2854 5003 in
2899 4948 3138 5012 Christo,
3171 4948 3264 5017 qui
3312 4953 3369 5000 et
3415 4942 3693 4999 secundus

370 5038 617 5112 τρόπον;
723 5040 830 5110 μὲν
860 5043 970 5114 γάρ
1017 5044 1134 5096 ἐστι
1180 5044 1346 5109 Θεὸς,
1396 5046 1489 5099 καὶ
1538 5047 1603 5101 ἐκ
1648 5046 1785 5100 Θεοῦ
1835 5046 1979 5101 κατά

372 5132 546 5204 φύσιν
585 5134 614 5186 ὁ
647 5132 775 5197 Υἱὸς
802 5135 1126 5208 (γεγένηται
1155 5136 1266 5209 γὰρ
1310 5139 1375 5191 ἐκ
1407 5138 1543 5192 Θεοῦ
1582 5139 1679 5192 καὶ
1717 5139 1978 5211 Πατρὸς),

374 5223 515 5277 ἴδιον
542 5224 710 5278 αὐτοῦ
741 5243 821 5291 τε,
853 5227 946 5280 καὶ
974 5229 1032 5283 ἐν
1059 5228 1231 5300 αὐτῷ,
1264 5233 1359 5283 καὶ
1382 5228 1442 5294 ἐξ
1472 5230 1638 5285 αὐτοῦ
1664 5234 1725 5285 τὸ
1754 5230 1984 5303 Πνεῦμά

377 5319 523 5374 ἐστι.
553 5317 812 5390 καθάπερ
834 5321 1029 5390 ἀμέλει
1056 5324 1150 5376 καὶ
1177 5325 1265 5377 ἐπ’
1294 5325 1458 5379 αὐτοῦ
1487 5327 1691 5380 νοεῖται
1712 5326 1809 5379 τοῦ
1845 5324 1981 5379 Θεοῦ

379 5408 477 5461 καὶ
502 5408 739 5482 Πατρός.
766 5405 843 5483 1ᾙ
864 5413 921 5466 δὲ
944 5413 1166 5483 γέγονεν
1187 5416 1494 5488 ἄνθρωπος,
1522 5418 1615 5471 καὶ
1640 5417 1831 5486 γέγονε
1859 5416 1984 5470 καθ’

266 5507 287 5523 ’
380 5502 568 5571 ἡμᾶς,
616 5504 853 5557 ἐπακτὸν
886 5504 1031 5575 ἔχειν
1062 5508 1124 5561 τὸ
1157 5509 1383 5580 Πνεῦμα
1426 5510 1667 5578 λέγεται.
1719 5511 1983 5563 Καταπε-

382 5592 613 5663 φοίτηκε
647 5594 780 5663 γοῦν
815 5595 901 5647 ἐπ’
925 5595 1087 5651 αὑτὸν
1114 5598 1171 5651 ἐν
1202 5598 1333 5652 εῖδει
1367 5598 1721 5670 περιστερᾶς,
1749 5596 1833 5650 ὅτι
1860 5593 1983 5649 καθ’

2076 5044 2248 5100 Adam
2279 5052 2364 5099 est
2390 5044 2455 5096 ὀ.
2489 5041 2607 5110 Quo
2635 5051 2816 5098 autem
2843 5040 3003 5096 modo
3047 5038 3351 5097 renovata?
3407 5037 3693 5104 Quatenus

2078 5138 2223 5194 enim
2247 5147 2330 5194 est
2360 5138 2524 5201 Deus,
2554 5145 2611 5191 et
2659 5150 2725 5191 ex
2782 5135 2892 5191 Deo
2932 5133 3233 5191 secundum
3289 5139 3541 5186 naturam
3599 5126 3683 5181 Fi-

2080 5225 2184 5285 lius
2214 5229 2304 5300 (ex
2334 5228 2447 5284 Deo
2475 5229 2620 5284 enim
2650 5237 2706 5284 et
2763 5226 2927 5283 Patre
2976 5236 3138 5282 natus
3165 5223 3271 5294 est)
3302 5223 3556 5293 proprius
3608 5218 3692 5286 ip-

2081 5322 2215 5386 sius,
2244 5330 2299 5377 et
2334 5322 2387 5376 in
2414 5321 2554 5391 ipso,
2580 5329 2632 5376 et
2659 5336 2725 5376 ex
2764 5321 2882 5390 ipso
2940 5318 3177 5389 Spiritus
3203 5324 3304 5379 est,
3339 5311 3694 5382 quemadmo.

2092 5413 2217 5467 dum
2248 5427 2441 5481 nempe
2472 5413 2612 5468 idem
2652 5412 2910 5481 Spiritus,
2963 5419 3019 5463 et
3071 5409 3123 5461 in
3187 5407 3303 5475 ipso
3334 5403 3442 5459 Deo
3494 5417 3559 5457 ac
3587 5401 3695 5457 Pa-

2094 5513 2175 5559 tre
2207 5504 2544 5572 intelligitur.
2578 5504 2857 5571 Quatenus
2904 5511 3086 5553 autem
3147 5498 3323 5553 factus
3367 5507 3453 5551 est
3502 5496 3692 5558 homo,

2093 5594 2249 5650 nobis
2282 5595 2499 5663 similis,
2534 5594 2871 5665 impertitum
2903 5591 3107 5645 habere
3139 5587 3406 5659 Spiritum
3467 5585 3691 5643 dicitur.

461 5792 865 5869 ‘°°_f\ct.dn_,_2.
1057 5795 1099 5827 ²¹
1142 5793 1245 5869 isa.
1283 5812 1473 5869 xxvttt,
1519 5799 1602 5853 ll.
1698 5799 1743 5832 ¹¹
1783 5795 1801 5848 1
1841 5798 1973 5869 Cor,

2079 5812 2107 5859 ν,
2138 5795 2228 5848 22.
2312 5795 2361 5869 ἐξ
2391 5793 2548 5869 lbid.,
2591 5795 2683 5869 9.].
2760 5793 2806 5826 ’⁵
2845 5792 3007 5869 lbid_,,
3052 5792 3149 5849 ⁸51.
3244 5792 3290 5826 ⁸³
3330 5790 3519 5856 Amos,
3565 5798 3691 5852 vttt,

394 5864 479 5931 ιι,
520 5863 605 5922 12.
684 5865 731 5898 ²⁶
761 5866 962 5921 Ezcclt.
1000 5874 1088 5932 ιιι,
1130 5867 1220 5921 ‘26.
1297 5869 1343 5901 ³⁷
1385 5863 1527 5924 Psul.
1569 5884 1733 5937 cxvu,
1764 5868 1855 5923 9.7.
1935 5868 1976 5902 ³⁸

2079 5884 2158 5924 cn.
2203 5882 2262 5931 ιι,
2296 5867 2387 5921 ‘25.
2468 5868 2512 5899 ’³
2549 5868 2568 5920 l
2607 5866 2732 5923 Cor.
2779 5881 2868 5935 xv,
2913 5864 3003 5921 45.
