4054 6522
360 404 459 461 581

1266 414 1819 504 COMMENTARIUS
1860 419 1927 476 IN
1965 420 2233 479 JOELEM
2275 423 2728 481 PROPHETAM.

3550 424 3659 479 582

359 524 610 591 λόγισται
634 523 693 583 δὲ
719 526 814 585 καὶ
839 525 899 580 ὲν
928 527 1159 596 τέκνοις.
1190 532 1603 608 Πρεσϐυτέρους
1631 539 1729 609 μὲν
1757 534 1850 593 οῦν
1878 542 1943 596 ὲνι

2060 543 2288 612 juvenes
2326 544 2565 598 visiones
2593 544 2807 599 visuros
2830 540 2981 597 dicit.
3013 539 3251 594 Senilem
3283 545 3496 593 aetatem
3559 554 3652 609 ει).

360 613 575 676 υπνίοις
616 615 783 684 φησίν
814 618 1361 691 ὲνυπνιασθήσεσθαι,
1399 626 1627 695 ὄψεσθαι
1660 627 1717 681 δὲ
1746 629 1967 699 ὁράσεις

356 708 490 769 τοὺς
536 708 878 773 νεανίσκους,
914 712 1285 788 πρεσϐυτικὴν
1320 718 1539 787 ἠλικίαν
1585 720 1781 789 λέγων,
1832 723 1964 776 καθ-

357 797 553 871 ώσπερ
596 795 839 873 ἐγῷμαι,
883 805 981 876 τὴν
1023 810 1267 879 ποιότητι
1309 811 1409 880 τῆς
1454 813 1659 885 ἀρετῆς
1697 814 1965 886 προύχου-

358 890 461 945 σάν
492 910 577 957 τε,
610 896 706 947 καὶ
750 897 1182 972 ὑπερκειμένην,
1218 904 1311 963 καὶ
1343 898 1455 957 οἷον
1487 905 1760 976 λαμπροῖς
1796 926 1966 967 πεπο-

353 983 638 1075 λιωμένην
679 990 1092 1061 κατορθώμασι,
1123 995 1217 1049 καὶ
1249 998 1512 1073 φρονήσει
1548 1001 1613 1069 τῇ
1654 998 1961 1075 τελεωτάτη

351 1074 798 1149 διαπρέπουσαν,
852 1084 947 1137 καὶ
994 1084 1477 1163 τεθαυμασμένην,
1535 1091 1717 1155 ὁποῖός
1768 1108 1853 1157 τις

352 1169 453 1229 καὶ
496 1170 737 1236 Παῦλος,
775 1173 835 1237 ὃς
865 1175 1120 1230 τεθέαται
1151 1180 1271 1232 καθ’
1301 1179 1469 1235 ὕπνον
1508 1183 1678 1258 ἄνδρα
1699 1185 1819 1238 τινὰ
1854 1186 1962 1240 τῶν

350 1260 419 1312 ὲκ
452 1261 809 1329 Μακεδόνων,
834 1265 1257 1339 ἐκλιπαροῦντα,
1286 1272 1380 1337 καὶ
1410 1272 1637 1343 λέγοντα
1659 1293 1671 1306 ·
1712 1294 1730 1326 ι
1761 1276 1960 1341 Διαϐὰς

348 1351 436 1415 είς
468 1353 818 1409 Μακεδονίαν
848 1355 1115 1428 βοήθησον
1155 1363 1307 1432 ἡμῖν.
1335 1382 1354 1415 ι
1396 1364 1644 1439 Ἀνανίας
1672 1367 1730 1421 δὲ
1760 1368 1868 1423 τῶν
1903 1371 1961 1423 ἐν

349 1442 542 1501 πίστει
589 1445 1068 1521 δεδοκιμασμένων
1104 1454 1298 1528 ὅρασιν
1337 1458 1425 1511 ἐπ’
1452 1460 1603 1532 αὐτῷ
1636 1460 1837 1532 Παύλῳ
1872 1481 1961 1516 τε-

349 1534 569 1592 θέαται.
597 1539 821 1612 Ἐπειδὴ
864 1543 989 1615 γὰρ⁴
1010 1541 1145 1615 ἧκεν
1174 1550 1255 1612 είς
1286 1552 1600 1620 Δαμασκὸν,
1634 1553 1782 1625 αὐτῷ
1816 1555 1961 1609 κατά

344 1628 451 1698 τὴν
502 1630 625 1684 ὁδὸν
683 1632 942 1703 ὀφθέντος
998 1638 1270 1708 Χριστοῦ,
1319 1638 1437 1696 εἶτα
1501 1647 1565 1716 τῇ
1618 1645 1713 1699 τοῦ
1781 1646 1959 1717 φωτὸς

345 1721 611 1794 ἀστραπῇ
658 1724 758 1796 τὴν
788 1727 911 1796 ὄψιν
955 1731 1234 1803 ἠδίκηται,
1261 1734 1662 1807 τεθεράπευται
1695 1737 1784 1803 διὰ
1816 1741 1957 1807 Χρι-

346 1814 503 1887 στοῦ.
551 1816 873 1887 Γέγραπται
914 1821 971 1875 δὲ
1021 1823 1196 1887 οὕτως
1240 1826 1440 1880 πάλιν·
1472 1847 1493 1880 ι
1525 1824 1635 1893 ’Ἤν
1678 1829 1735 1882 δέ
1777 1847 1864 1895 τις
1898 1834 1956 1885 ἐν

2067 637 2232 707 pellat
2264 637 2503 707 (utniihi
2564 636 2783 706 quidem
2838 632 3037 704 placet)
3083 631 3301 685 virtutis
3347 632 3658 699 praeStantia

2066 728 2486 796 prominentem,
2512 738 2564 783 et
2596 741 2938 801 progressam
2968 726 3020 778 in
3054 740 3115 778 ea
3155 724 3386 793 longius,
3419 731 3473 775 et
3501 722 3658 790 quasi

2067 818 2369 875 illustribus
2395 820 2554 875 factis
2588 834 2802 884 canam,
2839 816 3319 873 etabsolutissinia
3370 814 3657 881 prudentia

2065 913 2324 969 eximiam
2342 923 2394 967 et
2420 912 2794 967 admirandam
2828 926 2841 961 :
2878 910 3055 983 qualis
3082 918 3200 963 erat
3228 905 3445 969 Paulus,
3478 906 3568 973 qui
3603 904 3656 981 in

2065 1002 2273 1061 somnis
2307 1001 2442 1057 vidit
2475 1002 2649 1054 virum
2682 1000 3037 1057 Macedonem
3093 1006 3339 1051 orantem
3378 1010 3441 1049 ac
3474 996 3656 1047 dicen-

2066 1101 2175 1157 tem
2226 1092 2374 1147 sibi:
2442 1110 2461 1143 ι
2496 1091 2790 1147 Transiens
2878 1090 2931 1143 in
3012 1088 3407 1153 Macedoniam,
3464 1085 3654 1154 adjnva

2064 1202 2162 1239 nos
2194 1186 2257 1239 ³9.
2292 1204 2310 1236 ι
2340 1185 2578 1237 Ananias
2609 1193 2787 1235 autem
2820 1182 2871 1235 in
2903 1180 3006 1235 ﬁde
3047 1181 3328 1249 probatus,
3392 1177 3655 1232 visionem

2063 1290 2225 1347 super
2249 1278 2363 1345 ipso
2390 1274 2557 1330 Paulo
2580 1275 2736 1337 vidit,
2776 1289 2898 1335 cum
2929 1272 3252 1326 Damascum
3276 1270 3367 1325 ille
3413 1270 3579 1335 venit,
3602 1277 3657 1323 et

2062 1367 2315 1423 Christus
2346 1368 2395 1421 ei
2423 1368 2475 1421 in
2504 1368 2588 1421 via
2615 1366 2886 1437 apparuit,
2926 1381 2989 1420 ac
3030 1366 3238 1436 fulgore
3272 1366 3495 1419 luminis
3531 1364 3652 1418 visu

2062 1460 2313 1528 privavit,
2347 1458 2434 1512 ubi
2466 1474 2561 1529 per
2622 1457 2903 1517 Christum
2949 1467 3174 1513 curatus
3233 1467 3337 1513 est.
3375 1457 3652 1525 Scriptum

2060 1560 2145 1615 est
2172 1551 2257 1605 his
2288 1550 2475 1605 verbis
2517 1569 2528 1603 :
2569 1569 2586 1602 ι
2616 1549 2745 1604 Erat
2773 1560 2953 1603 autem
2983 1550 3201 1618 quidam
3227 1546 3521 1616 discipulus
3551 1545 3655 1599 Da-

2061 1640 2252 1707 masci,
2289 1641 2507 1694 nomine
2536 1639 2794 1697 Ananias.
2826 1640 2889 1692 Et
2922 1639 3057 1694 dixit
3085 1639 3150 1692 ad
3224 1637 3372 1692 illum
3426 1638 3482 1691 in
3532 1637 3650 1689 visu

2060 1730 2366 1795 Dominus:
2400 1730 2591 1800 Surge,
2613 1739 2667 1785 et
2697 1731 2833 1784 vade
2863 1732 2912 1783 in
2944 1732 3121 1784 vicum
3162 1731 3254 1799 qui
3310 1730 3510 1784 dicitur
3544 1725 3653 1783 Re-

2061 1806 2200 1895 ctus,
2226 1832 2279 1877 et
2309 1837 2493 1892 quaere
2518 1824 2572 1878 in
2602 1824 2764 1877 domo
2784 1823 2936 1878 Judae
2977 1821 3199 1876 Saulum
3253 1824 3471 1875 nomine
3511 1819 3651 1873 Tar-

340 1908 635 1980 Δαμασκῷ
670 1912 922 1983 μαθητὴς
962 1914 1187 1985 ὀνόματι
1217 1917 1488 1987 Ἀνανίας.
1517 1920 1629 1985 Καὶ
1666 1915 1789 1975 εἷπε
1820 1922 1943 1995 πρὸς

2059 1928 2273 1968 seusem
2305 1912 2431 1967 ιο.)
2471 1911 2640 1967 Audis
2692 1920 2751 1966 ut
2797 1912 2915 1966 visu
3000 1911 3307 1979 alloquatur
3358 1907 3647 1961 Auaniam.

339 1998 513 2059 αὑτὸν
546 2003 574 2055 ὁ
609 2001 814 2073 Κύριος
855 2006 913 2058 ὲν
941 2006 1486 2081 ὁράματι·Ἀδαστὰς
1522 2013 1822 2085 πορεύθητι
1863 2015 1955 2075 ἐπὶ

337 2087 443 2161 τὴν
494 2091 705 2162 ῥύμην,
751 2094 853 2165 τὴν
893 2096 1237 2169 καλουμένην
1274 2099 1443 2172 Εύθῆ,
1497 2101 1590 2154 καὶ
1631 2100 1867 2179 ζήτησον
1895 2106 1953 2159 ὲν

336 2180 493 2250 οἰκίᾳ
528 2182 704 2236 Ἰούδα
733 2185 907 2247 Σαοὺλ
935 2187 1183 2258 ὀνόματι,
1210 2188 1451 2259 Ταρσέα.
1479 2210 1498 2243 ι
1527 2189 1773 2253 Ἀκούεις
1805 2193 1955 2253 ὅπως

336 2271 397 2327 ὲν
431 2273 679 2347 ὁράματι
732 2278 997 2352 λελάληκε
1050 2280 1188 2352 πρὸς
1219 2280 1505 2348 Ἀνανίαν;
1539 2279 1647 2338 Ἦν
1690 2284 1799 2357 γάρ
1849 2303 1952 2337 που

335 2365 483 2436 τάχα
511 2369 615 2441 τὴν
651 2370 838 2425 πίστιν
875 2373 1146 2449 ἀνδρεῖος,
1180 2375 1274 2427 καὶ
1303 2375 1523 2439 νεανίας
1564 2376 1664 2448 τὴν
1692 2360 1829 2443 ἕξιν,
1860 2378 1953 2430 καὶ

335 2458 666 2530 σφριγῶσαν
702 2461 841 2531 ἔχων
873 2465 952 2527 είς
985 2464 1047 2516 τὸ
1088 2464 1294 2533 ἀγαθὸν
1329 2464 1429 2536 τὴν
1459 2465 1706 2536 γνώμην,
1743 2466 1951 2538 ἄθραυ-

336 2566 467 2613 στος
503 2552 588 2614 εἰς
624 2552 791 2624 ἀκὴν,
829 2554 988 2625 δῆλον
1023 2554 1078 2608 δὲ
1112 2556 1195 2609 ὅτι
1225 2555 1325 2626 τὴν
1362 2558 1760 2629 πνευματικήν.
1810 2558 1949 2612 Καθ’

333 2640 508 2698 ὕπνον
551 2643 611 2696 δὲ
644 2645 844 2716 Παύλῳ
877 2646 978 2711 τὰς
1009 2646 1162 2711 λιτάς
1201 2647 1375 2701 ἐδόκει
1415 2649 1745 2720 προσφέρειν
1773 2652 1799 2704 ὁ
1829 2651 1947 2703 Μα-

330 2733 532 2799 κεδὼν,
575 2730 644 2807 ἦν
673 2736 784 2811 γὰρ
827 2738 925 2807 τὴν
973 2738 1147 2808 φρένα
1173 2740 1514 2810 πρεσϐύτης,
1558 2740 1650 2794 τὸν
1684 2740 1807 2797 νοῦν
1841 2759 1946 2813 γη-

330 2826 516 2896 ραιὸς,
548 2829 645 2887 καὶ
676 2829 776 2900 τῆς
813 2830 1021 2891 ἄνωθεν
1056 2832 1249 2900 σοφίας
1289 2831 1562 2909 ἔμπλεως.
1596 2832 1946 2903 Προσεφώνει

327 2916 387 2971 δέ
423 2937 528 2972 που
578 2921 677 2974 καὶ
722 2924 750 2975 ὁ
804 2923 965 2991 σοφὸς
1012 2923 1270 2995 Ἰωάννης
1315 2926 1428 2988 τοῖς
1471 2926 1835 2996 ἡγιασμένοις
1886 2929 1944 2981 ὲν

326 3008 559 3080 Χριστῷ
592 3009 682 3069 διὰ
735 3010 973 3076 πίστεως
1000 3031 1015 3043 ·
1060 3033 1077 3065 ι
1112 3014 1318 3083 Γράφω
1349 3014 1501 3085 ὑμῖν,
1552 3016 1823 3086 πατέρες,
1862 3017 1943 3069 ὅτι

323 3099 614 3169 ἐγνώκατε
644 3102 737 3156 τὸν
763 3104 858 3157 ἀπ’
886 3104 1082 3176 ἀρχῆς.
1126 3104 1328 3177 Γράφω
1353 3106 1502 3176 ὑμῖν,
1541 3107 1835 3171 νεανίσκοι,
1862 3109 1943 3162 ὅτι

326 3191 548 3262 ἰσχυροί
581 3194 726 3257 ἐστε,
773 3194 870 3255 καὶ
899 3194 1222 3266 νενικήκατε
1255 3195 1346 3247 τὸν
1385 3176 1641 3266 πονηρόν.
1672 3216 1692 3248 ι
1735 3198 1941 3266 Ἐπαγ-

320 3284 587 3354 γέλλεται
616 3286 680 3360 δὴ
712 3283 804 3347 οὖν
836 3288 935 3360 τὴν
968 3274 1127 3359 χύσιν
1166 3286 1260 3351 τοῦ
1302 3288 1623 3361 Πνεῦματος
1673 3294 1786 3355 τοῖς
1823 3292 1943 3345 δου-

2059 2004 2210 2070 Erat,
2250 2013 2307 2061 ut
2336 2013 2488 2074 puto,
2524 2003 2627 2057 ﬁde
2651 2004 2826 2069 fortis,
2880 2004 3069 2057 habitu
3125 2011 3405 2063 strenuus,
3471 1998 3653 2051 animo

2058 2099 2124 2152 ad
2158 2098 2412 2154 virtutem
2450 2097 2693 2163 incitato,
2719 2096 2987 2167 Spirituali
3043 2093 3243 2149 robore
3278 2090 3564 2146 infractus.
3592 2084 3653 2142 In

2056 2189 2264 2244 somnis
2295 2199 2474 2242 autem
2509 2187 2729 2242 Macedo
2791 2186 3017 2240 Paulum
3078 2198 3274 2256 rogare
3318 2182 3648 2245 videbatur;

2054 2287 2173 2333 erat
2200 2279 2343 2333 enim
2370 2278 2568 2332 Paulus
2599 2288 2779 2333 mente
2800 2292 2989 2341 senex,
3023 2276 3204 2330 animo
3231 2272 3553 2343 grandrevus
3597 2280 3652 2325 et

2055 2357 2261 2429 cmlesti
2295 2372 2557 2434 sapientia
2609 2373 2818 2441 plenus.
2855 2369 3308 2440 Compellatvero
3346 2377 3401 2420 et
3433 2365 3651 2433 sapiens

2051 2462 2289 2521 Joannes
2315 2466 2686 2520 sanctiﬁcatos
2717 2465 2770 2519 in
2805 2464 3024 2518 Christo
3081 2477 3177 2532 per
3213 2460 3397 2525 ﬁdem,
3433 2459 3485 2512 in
3534 2458 3651 2512 haec

2051 2561 2217 2613 verba
2256 2577 2269 2612 :
2306 2577 2324 2610 ι
2355 2556 2547 2613 Seribo
2582 2559 2752 2623 vobis,
2790 2568 2997 2628 patres,
3038 2555 3297 2626 quoniam
3315 2546 3650 2623 cognovistis

2051 2665 2172 2715 eum
2207 2651 2295 2718 qui
2328 2651 2394 2704 ab
2424 2651 2577 2703 initio
2603 2660 2703 2703 est.
2756 2647 2952 2703 Scriho
2990 2648 3165 2712 vobis,
3197 2647 3453 2717 juvenes,
3513 2656 3649 2712 quo-

2049 2742 2193 2807 niam
2228 2740 2395 2795 fortes
2424 2742 2578 2805 estis,
2611 2750 2664 2794 et
2687 2741 2897 2794 vicistis
2923 2739 3218 2809 malignum
3242 2735 3650 2791 “.iPollicetur

2049 2833 2229 2901 itaque
2251 2832 2512 2901 Spiritum
2542 2842 2792 2886 sanetum
2832 2832 2884 2885 in
2938 2832 3243 2886 servientes
3304 2829 3408 2883 sibi
3442 2825 3648 2882 eli‘usu-

2048 2939 2187 2977 rum.
2223 2924 2286 2977 Et
2316 2924 2405 2992 qui
2438 2931 2562 2977 sunt
2593 2923 2681 2976 isti
2720 2923 2983 2977 tandem?
3009 2922 3174 2992 23o
3204 2923 3285 2974 An
3320 2920 3394 2974 illi
3422 2930 3647 2989 prorsus

2047 3015 2137 3086 qui
2160 3014 2398 3081 oraculis
2459 3014 2789 3085 evangelicis
2842 3015 3111 3080 cervicem
3161 3012 3343 3068 cordis
3414 3011 3648 3079 submit-

2048 3096 2188 3177 tunt,
2244 3125 2273 3162 a
2328 3108 2475 3163 cultu
2535 3108 2589 3165 in
2651 3109 2819 3178 ligura
2860 3109 3224 3173 discedentes,
3253 3116 3308 3163 et
3364 3120 3392 3160 a
3441 3103 3647 3158 (ἵει-ξρετε

2047 3201 2452 3271 superstitionis
2498 3202 2820 3273 deceptione
2872 3202 3234 3267 desistentes,
3294 3209 3353 3254 ut
3409 3197 3635 3269 quidam

2049 3292 2169 3346 ait?

315 3375 575 3432 λεύουσιν
604 3380 774 3451 αὐτῷ.
802 3380 957 3446 Τίνες
982 3381 1026 3435 δ’
1054 3380 1119 3443 ἂν
1142 3383 1189 3434 οί
1220 3380 1413 3443 τοιοίδε
1445 3382 1641 3451 πάλιν;
1675 3382 1707 3454 ἢ
1740 3385 1937 3437 ἐκεῖνοι
1979 3385 2197 3448 πάντως
2248 3384 2299 3438 οἳ
2356 3388 2471 3449 τοῖς
2500 3385 2878 3455 εὐαγγελικοῖς
2909 3385 3277 3456 θεσπίσμασιν
3306 3383 3646 3453 ὑποφέρουσι

311 3471 415 3533 τὸν
447 3472 657 3542 αὐχένα
682 3474 781 3544 τῆς
810 3473 1071 3541 διανοίας,
1102 3474 1203 3545 τῆς
1256 3474 1356 3546 μὲν
1415 3478 1473 3529 ὲν
1514 3476 1671 3546 τύπῳ
1706 3477 1965 3548 λατρείας
1999 3478 2490 3551 ἀποφοιτήσαντες,
2528 3480 2848 3561 Ἑλληνικῆς
2882 3480 2937 3533 δὲ
2966 3480 3184 3551 ἀπάτης
3241 3473 3644 3546 ἀποπεπαυμέ-

311 3580 428 3625 νοι.
458 3562 603 3625 κατὰ
626 3562 718 3615 τὸν
745 3562 1003 3631 λέγοντα;

392 3652 509 3715 Καὶ
548 3654 725 3708 δώσω
761 3654 977 3725 τέρατα
1011 3656 1081 3710 ἐν
1113 3655 1193 3721 τῷ
1234 3656 1470 3725 οὐρανῷ
1502 3658 1645 3723 ἄνω,
1678 3657 1778 3712 καί
1810 3674 1929 3727 ση-

300 3747 461 3818 μεῖα
484 3747 587 3800 ἐπὶ
612 3748 723 3816 τῆς
752 3747 865 3817 γῆς
899 3748 1077 3813 κάτω,
1106 3745 1270 3820 αἷμα,
1294 3750 1393 3803 καί
1429 3750 1570 3818 πῦρ,
1595 3750 1693 3803 καὶ
1714 3752 1932 3821 ἀτμίδα

307 3836 588 3893 καπνοῦ.
626 3838 680 3891 '0
722 3838 897 3906 ἣλιος
934 3840 1509 3909 μεταστραφήσεται
1555 3842 1644 3907 εἰς
1690 3844 1931 3907 σκότος,

306 3928 421 3982 καὶ
454 3928 494 3996 ἡ
527 3928 764 3999 σελήνη
798 3931 886 3995 εὶς
925 3924 1091 3998 αἷμα,
1130 3929 1275 3999 πρὶν
1312 3930 1514 3985 ἐλθεῖν
1557 3928 1673 3999 τὴν
1704 3932 1935 4002 ἡμέραν

308 4020 551 4089 Κιιρίου
580 4020 697 4089 τὴν
721 4022 999 4091 μεγάλην
1029 4021 1129 4075 καὶ
1161 4021 1450 4092 ἐπιφανῆ.

389 4114 543 4180 AC’.
587 4113 711 4166 Ἐπὶ
767 4114 889 4181 ταῖς
942 4112 1280 4177 δυσσεϐείαις
1330 4113 1438 4167 τῶν
1475 4113 1765 4181 Ἰουδαίων,
1810 4117 1930 4180 ταῖς

308 4209 403 4272 εἰς
460 4207 704 4277 Χριστὸν
748 4207 1168 4278 γεγενημέναις,
1200 4208 1295 4262 καὶ
1330 4208 1469 4281 αὑτὴ
1504 4208 1613 4261 τῶν
1649 4209 1933 4280 στοιχείων

306 4300 731 4372 δεδυσφόρηκεν
764 4301 798 4371 ἡ
849 4299 1032 4369 φύσις.
1090 4300 1528 4374 Κατωλοφύρετο
1569 4300 1625 4354 δὲ
1664 4301 1853 4373 ὥσπερ
1899 4302 1932 4373 ἡ

308 4393 522 4460 κτίσις,
549 4392 991 4465 καθυϐρισμένον
1015 4394 1199 4465 ὁρῶσα
1224 4395 1315 4449 τὸν
1344 4395 1630 4460 κτίσαντα,
1660 4396 1755 4448 καὶ
1779 4397 1807 4448 ὁ
1834 4396 1933 4466 μὲν

310 4486 473 4549 θεῖος
509 4484 658 4550 ναὸς,
692 4484 770 4549 ὡς
798 4489 911 4550 τοῖς
944 4485 1239 4540 πενθοῦσιν
1271 4486 1557 4559 ἀσχάλλων
1586 4491 1644 4541 ὲν
1684 4486 1804 4558 ἴσῳ,
1835 4504 1933 4539 πε-

2113 3654 2283 3709 νιιιιε.
2316 3656 2404 3722 50,
2444 3656 2535 3712 51.
2582 3655 2650 3710 Et
2693 3656 2829 3711 dabo
2860 3657 3105 3726 prodigia
3149 3658 3204 3721 in
3239 3658 3366 3712 caelo
3397 3676 3634 3727 sursum,

2040 3755 2087 3799 et
2139 3755 2384 3813 porlenta
2435 3764 2590 3817 super
2638 3759 2835 3802 terram
2894 3752 3159 3817 deorsum,
3205 3752 3534 3818 sanguinem,
3591 3765 3643 3809 et

2038 3838 2232 3917 ignem,
2264 3849 2316 3897 et
2358 3857 2599 3909 vaporem
2649 3842 2805 3911 fumi.
2870 3840 2967 3896 Sol
3028 3852 3358 3896 convertatur
3396 3845 3449 3898 in
3502 3854 3642 3901 tene-

2039 3928 2185 3995 bras,
2228 3941 2276 3983 et
2317 3930 2446 3984 luna
2491 3932 2545 3984 in
2593 3933 2928 4003 sanguinem,
2979 3941 3263 4002 antequam
3315 3935 3487 3989 veniat
3528 3939 3641 3993 dies

2038 4018 2252 4081 Domini
2289 4038 2510 4091 magnus
2547 4034 2595 4078 et
2622 4025 2865 4078 illustris.

2113 4110 2360 4167 XXXVI.
2390 4114 2436 4167 A
2464 4114 2666 4171 Judaeis
2694 4116 2859 4180 impie
2911 4118 2964 4173 in
3011 4118 3288 4173 Christum
3334 4119 3636 4197 designata,

2039 4207 2151 4279 ipsa
2190 4222 2406 4278 quoque
2456 4207 2849 4265 elementorum
2900 4219 3093 4263 natura
3144 4210 3358 4280 indigne
3393 4210 3538 4274 tulit,
3584 4221 3639 4265 et

2037 4312 2288 4356 creatura
2325 4311 2431 4355 tam
2462 4300 2855 4359 contumeliose
2886 4302 3131 4359 habitum
3167 4304 3384 4357 inluens
3409 4302 3639 4357 Creato—

2035 4408 2177 4458 rem,
2220 4394 2621 4463 quodammodo
2682 4394 2839 4462 luxit,
2874 4410 2937 4449 ac
2980 4395 3219 4450 divinum
3259 4395 3514 4463 templum
3558 4394 3639 4467 (ut

2038 4499 2192 4552 aeque
2225 4501 2349 4539 cum
2398 4486 2505 4539 illis
2555 4485 2742 4540 dolens
2785 4500 2850 4540 ac
2902 4486 3182 4556 incestum)
3217 4486 3491 4557 diruptam
3526 4496 3630 4542 est.

309 4581 710 4654 ριερρήγνυτο.
740 4580 1054 4653 Γέγραπται
1094 4582 1224 4652 γὰρ,
1255 4581 1338 4633 ὅτι
1375 4600 1391 4632 ι
1425 4582 1497 4633 Τὸ
1531 4580 1625 4634 τοῦ
1660 4581 1791 4634 ναοῦ
1827 4598 1927 4633 κα-

2050 4578 2312 4650 Scriptum
2358 4581 2556 4650 quippe
2610 4589 2828 4636 exstat:
2866 4599 2883 4631 ι
2919 4580 2986 4634 Ει
3034 4580 3209 4634 velum
3257 4580 3437 4651 templi
3490 4583 3629 4637 scis-

304 4673 652 4741 ταπέτασμα
678 4672 786 4724 ἀπὸ
820 4672 1025 4727 ἄνωθεν
1050 4673 1154 4737 ἕως
1180 4673 1330 4727 κάτω
1358 4671 1604 4742 ἐσχίσθη.
1632 4692 1651 4723 ν
1694 4673 1752 4725 '0
1782 4672 1932 4743 ἥλιος

305 4767 370 4820 δὲ
409 4766 470 4819 τὸ
500 4766 704 4823 οἰκεῖον
738 4764 1020 4835 ἁνακὸῴας
1060 4764 1219 4829 σέλας
1251 4765 1350 4816 οὐκ
1396 4763 1547 4833 ἠξίου
1592 4764 1804 4831 φαίνειν
1848 4764 1928 4815 ἔτι

305 4860 430 4921 τοῖς
454 4858 548 4910 ἐπὶ
575 4859 672 4927 τῆς
703 4858 825 4930 γῆς.
857 4857 1062 4919 Ἐποίει
1088 4857 1197 4927 γὰρ
1233 4856 1423 4918 σκότος
1454 4855 1563 4909 ἀπὸ
1590 4854 1739 4923 ὧρας
1765 4854 1929 4925 ἕκτης

307 4950 421 5013 ἓως
468 4949 722 5018 ἐννὰτης,
766 4948 1043 5019 ἐσχίζοντο
1082 4948 1139 5001 δὲ
1170 4948 1262 5001 καὶ
1304 4948 1520 5018 πέτραι,
1558 4948 1699 5018 τάχα
1730 4946 1788 4999 δέ
1822 4963 1925 4998 που

310 5042 414 5095 καὶ
454 5041 587 5111 περ).
619 5043 710 5096 ὢν
748 5044 848 5112 τῆς
886 5042 1113 5113 σελήνης
1151 5041 1351 5095 κύκλον
1403 5032 1704 5113 ἐπράττετό
1738 5059 1789 5093 τι
1819 5039 1927 5094 τῶν

310 5132 630 5203 ἀσυνήθων,
657 5133 732 5197 ὡς
754 5133 930 5187 δοκεῖν
957 5136 1035 5197 εἰς
1061 5128 1200 5204 αἷμα
1231 5133 1707 5204 μεταπεποιῆσθαι
1733 5131 1927 5201 αὐτήν.

310 5226 615 5296 Σεσίγηται
659 5227 757 5297 μὲν
792 5222 885 5281 οὖν
921 5228 982 5281 τὸ
1028 5227 1234 5281 τοιόνδε
1276 5228 1389 5289 τοῖς
1429 5228 1608 5294 ἁγίοις
1648 5226 1930 5295 εὐαγγελι-

312 5324 493 5382 σταῖς.
531 5318 856 5390 Ἀξιόχρεώς
882 5337 945 5389 γε
978 5320 1083 5391 μὴν
1110 5323 1142 5391 ἡ
1168 5320 1351 5383 πίστις
1372 5320 1437 5372 ἐκ
1464 5320 1819 5391 προφητείας,
1847 5320 1927 5372 ὅτι

315 5414 419 5483 μὲν
467 5417 581 5475 τοῖς
632 5414 728 5467 τοῦ
800 5414 1153 5485 Δημιουργοῦ
1236 5414 1501 5482 νεύμασιν
1547 5414 1645 5465 οὐκ
1696 5416 1751 5465 ἐν
1793 5406 1925 5483 ἡλίῲ

316 5506 481 5575 μόνον
531 5507 601 5560 τὰ
646 5510 849 5578 σημεῖα
895 5507 1142 5575 γέγονεν,
1194 5507 1308 5562 ἀλλ’
1351 5501 1462 5559 οἷον
1521 5506 1615 5574 ὅλη
1666 5506 1802 5576 πρὸς
1862 5505 1923 5557 τὸ

318 5598 571 5662 ἀκαλλὲς,
606 5599 701 5651 καὶ
724 5599 994 5671 ἀσύνηθες
1019 5599 1159 5670 αὑτὴ
1188 5598 1649 5671 μετακεχώρηκεν
1678 5600 1710 5669 ἡ
1738 5598 1919 5668 φύσις,

327 5687 488 5756 σαφὲς
527 5689 593 5743 ἂν
624 5690 833 5759 γένοιτο
866 5690 1000 5744 Θεοῦ
1039 5690 1290 5760 λέγοντος
1319 5691 1405 5745 διὰ
1441 5690 1623 5761 φωνῆς
1660 5690 1916 5742 Ἡσαΐου·

392 5865 434 5899 ³⁵
474 5872 593 5928 Act.
628 5891 739 5941 xw,
776 5875 827 5929 θ.
908 5873 1112 5928 “adet.
1150 5890 1222 5931 Ix.
1274 5873 1355 5937 l0,
1402 5874 1486 5929 Η.

1567 5874 1609 5905 ’⁸³
1636 5873 1653 5927 ι
1684 5872 1838 5928 Joan.
1884 5889 1942 5941 ιι,
1972 5873 2054 5927 15.

2044 4689 2161 4727 sum
2209 4685 2293 4729 est
2329 4691 2356 4728 a
2403 4691 2617 4730 summo
2655 4690 2825 4745 usque
2872 4674 3125 4728 deorsum
3144 4671 3210 4740 δ’,
3248 4692 3266 4724 ι
3312 4684 3364 4727 et
3416 4674 3495 4728 sol
3542 4689 3633 4730 re-

2038 4779 2225 4832 presso
2278 4764 2567 4833 splendore
2619 4780 2739 4832 suo,
2796 4765 3118 4819 mortalibus
3164 4765 3349 4819 lucere
3402 4766 3636 4836 amplius

2042 4855 2229 4919 noluit,
2263 4855 2516 4910 tenebras
2548 4860 2691 4909 enim
2728 4857 2889 4911 rebus
2914 4855 2980 4909 ab
3011 4857 3142 4910 hora
3178 4866 3327 4912 sexta
3367 4872 3539 4926 usque
3566 4856 3639 4911 ad

2036 4962 2232 5013 nonam
2270 4946 2498 5000 induxit.
2550 4947 2747 5002 Scissa:
2786 4958 2912 5002 sunt
2963 4949 3089 5003 item
3138 4958 3325 5021 petrae.
3357 4947 3639 5003 Fortassis,

2030 5040 2195 5091 etiam
2248 5048 2303 5092 et
2351 5039 2498 5092 circa
2548 5038 2691 5092 luna:
2750 5041 2937 5094 orbem
3000 5040 3321 5095 inusitatum
3372 5039 3629 5111 quiddam

2030 5128 2248 5193 accidit,
2281 5138 2341 5181 ut
2378 5144 2640 5183 conversa
2690 5130 2741 5183 in
2793 5132 3112 5201 sanguinem
3147 5133 3450 5186 videretur.
3492 5131 3635 5186 Tale»

2029 5219 2285 5287 quiddam
2322 5221 2485 5291 igitur
2514 5222 2654 5276 sacri
2691 5224 3040 5292 evangelistae
3070 5225 3394 5279 omiserunt.
3430 5220 3637 5277 Verum-

2029 5327 2092 5367 ex
2119 5313 2402 5384 prophetia
2438 5315 2571 5371 satis
2606 5316 2665 5370 [it
2697 5317 2977 5382 credibile,
3014 5328 3142 5371 nutu
3183 5314 3490 5383 Conditoris
3520 5330 3627 5371 non

2028 5406 2186 5460 modo
2236 5407 2290 5461 in
2347 5407 2460 5462 sole
2511 5409 2666 5479 signa
2725 5410 2891 5474 facta,
2962 5410 3056 5463 sed
3106 5408 3261 5476 quasi
3311 5407 3629 5463 universam

2028 5516 2206 5555 rerum
2243 5512 2493 5555 naturam
2533 5491 2941 5557 deformitatem
2992 5512 3046 5555 et
3086 5502 3292 5555 vultum
3334 5502 3627 5570 quemdam

2025 5594 2398 5649 ineonsnetum
2440 5594 2699 5648 induisse.
2732 5594 2845 5649 Hoc
2874 5593 3120 5663 liquebit,
3155 5593 3263 5647 Deo
3296 5608 3395 5664 per
3423 5591 3629 5656 Isaiam

2024 5686 2104 5741 sic
2156 5686 2453 5755 loquente:
2492 5704 2509 5737 ι
2540 5686 2761 5740 induam
2813 5685 3011 5742 coelum
3063 5686 3322 5757 tenebris,
3374 5695 3430 5743 et
3461 5685 3628 5759 quasi

2134 5873 2176 5903 δ’
2218 5870 2410 5927 Matth.
2442 5883 2611 5935 xxvn,
2653 5869 2741 5925 5t.
