4054 6458
444 409 549 463 583

1434 408 1493 465 S.
1535 406 1811 465 CYRILLI
1849 404 2318 462 ALEXANDRINI
2355 406 2678 468 ARCHIEP.

3603 411 3711 470 584

394 538 395 541 ‘
442 528 674 583 cilicium
700 543 892 600 ponam
928 530 1321 600 operimentum
1354 528 1472 597 eius
1497 528 1562 583 “.
1596 547 1617 581 ι
1651 527 1783 582 Cum
1816 528 2012 582 cmlum

2122 549 2141 583 ι
2167 531 2278 584 Kal.
2299 530 2507 585 ἐνδύσω
2526 531 2618 584 τὸν
2638 529 2866 601 οὐρανὸν
2887 531 3097 595 σκότος,
3125 529 3221 587 καὶ
3240 530 3391 603 θήσω
3410 529 3485 595 ὡς
3507 532 3712 587 σάκκον

442 622 703 684 nominat,
748 622 927 675 omnia
971 636 1092 689 qua:
1146 621 1202 674 in
1261 620 1400 676 caelo
1451 629 1598 686 sunt,
1657 619 1799 674 velut
1841 619 2015 676 cilicio

441 712 680 766 tenebris
702 724 887 782 operta
920 715 1070 779 dicit,
1101 714 1360 784 lugentia,
1390 722 1445 766 et
1472 712 1729 775 dolentia,
1753 721 1809 766 et
1831 712 2016 767 habitu

442 804 533 857 illo
571 806 724 873 quasi
761 805 1040 875 ejulantia.
1070 805 1237 875 Signa
1288 804 1450 873 igitur
1482 802 1533 856 in
1574 802 1713 858 caelo
1740 803 1855 858 haec
1897 817 2018 857 esse

440 892 692 948 dixerim.
729 893 787 947 lu
846 904 990 950 terra
1037 903 1217 947 autem
1262 892 1506 961 sanguis,
1555 890 1697 958 ignis
1744 900 1801 946 et
1848 905 2018 960 vapor

440 985 571 1047 fumi
614 988 1019 1057 significaverit,
1059 988 1271 1056 opinor,
1299 986 1609 1041 Judamrum
1653 985 2012 1052 calamitates,

437 1076 635 1143 quibus
659 1092 751 1131 eos
784 1078 977 1132 bellum
1013 1076 1413 1131 atrocissimum
1455 1091 1485 1130 a
1518 1074 1777 1130 Romanis
1808 1075 2015 1129 illatum

438 1166 763 1231 cumulavit;
800 1168 1060 1237 sanguine
1092 1166 1236 1221 enim
1276 1175 1387 1219 tota
1418 1180 1607 1221 eorum
1642 1165 1794 1236 regio
1829 1180 2017 1220 mana-

436 1253 535 1307 vit.
572 1254 766 1310 Debuit
799 1256 964 1311 etiam
1002 1272 1125 1311 cum
1162 1257 1384 1313 urbibus
1424 1257 1597 1327 ipsum
1629 1255 1769 1311 fama
1803 1255 2016 1311 celebre

440 1346 694 1415 templum
728 1350 1088 1420 conﬂagrare,
1119 1348 1330 1405 fumare
1358 1352 1548 1404 domus
1575 1362 1641 1402 ex
1672 1348 1923 1403 incendio
1960 1357 2016 1404 et

436 1436 595 1491 dirui.
627 1438 896 1494 Eventura
935 1452 1113 1496 autem
1144 1440 1453 1509 huiusmodi
1482 1440 1685 1497 ludatis
1706 1430 1842 1495 ~ante
1872 1440 2012 1495 diem

435 1543 690 1597 magnum
724 1541 778 1586 et
810 1532 1179 1598 manifestum,
1232 1548 1339 1602 qua
1378 1532 1634 1587 omnibus
1683 1539 2015 1600 proponetur

436 1618 680 1677 divinum
727 1623 927 1679 Christi
972 1624 1231 1689 tribunal,
1263 1623 1445 1680 dantis
1474 1624 1668 1692 cuique
1714 1621 2014 1679 secundum

433 1727 597 1780 opera
640 1728 737 1769 sua
760 1714 825 1779 “,
854 1715 1091 1771 ostendit
1130 1730 1253 1769 cum
1302 1715 1474 1770 dicit:
1506 1732 1525 1766 ι
1552 1714 1875 1783 Priusquam
1919 1727 2011 1768 ve-

436 1802 548 1855 niat
579 1804 695 1859 dies
725 1804 936 1861 Domini
975 1822 1205 1878 magnus
1233 1816 1289 1863 et
1312 1806 1630 1863 manifestus
1653 1806 1751 1859 “.i
1791 1806 1871 1860 Ad
1898 1804 2013 1861 haec

2116 622 2178 674 τὸ
2212 621 2557 692 περιϐόλαιον
2580 622 2765 675 αὐτοῦ.
2791 642 2810 674 ι
2841 620 3085 694 Οὐρανὸν
3114 622 3172 675 δὲ
3193 622 3318 677 ὅταν
3351 622 3505 693 λέγῃ,
3535 624 3713 677 πάντα

2086 728 2091 733 ‘
2117 713 2251 784 φησι
2282 713 2350 765 τά
2380 714 2437 765 ἐν
2469 713 2686 783 οὐρανῷ
2714 706 2825 766 οἷον
2858 714 3047 784 σάκκῳ
3077 712 3157 785 τῷ
3187 713 3368 767 σκότει
3404 715 3714 785 καταμφιέ..

2118 820 2229 867 σαι,
2262 802 2591 868 πενθοῦντα,
2618 805 2715 859 καὶ
2750 804 3042 873 ἀλγοῦντα,
3087 805 3184 858 καὶ
3208 802 3399 876 ὥσπερ
3426 804 3715 877 διακεκρα-

2116 893 2251 961 γότα
2278 892 2356 964 τῷ
2388 894 2647 965 σχήματι.
2688 894 2900 964 Σημεῖα
2946 895 3043 965 μὲν
3076 890 3171 949 οῦν
3200 895 3259 947 tv
3299 894 3512 966 οὐρανῷ
3552 898 3712 949 ταυτὶ

2116 983 2302 1054 φαίην.
2333 984 2414 1037 Τά
2442 984 2498 1037 δὲ
2528 987 2610 1048 είς
2642 985 2745 1056 γῆν
2776 979 2917 1056 αἷμά
2952 1003 3012 1039 τε
3038 986 3134 1039 καὶ
3173 984 3306 1058 πῦρ,
3347 987 3443 1039 καὶ
3479 986 3643 1056 ἀτμὶς
3675 987 3712 1057 ή

2116 1071 2327 1126 καπνοῦ
2387 1072 2844 1143 καταδηλώσειεν,
2895 1069 3086 1145 οἶμαι,
3135 1073 3237 1138 τὰς
3282 1073 3391 1127 τῶν
3442 1074 3715 1128 Ἰουδαίων

2118 1162 2425 1232 συμφορὰς,
2457 1163 2524 1226 ἃς
2559 1165 2588 1218 6
2626 1164 2978 1235 παγχάλεπος
3004 1164 3191 1227 αὐτοῖς
3232 1163 3467 1233 ⁴πτόλεμος
3506 1162 3715 1217 ὲπεσώο

2119 1268 2329 1323 ρευσεν,
2358 1252 2386 1305 6
2413 1254 2512 1322 τῆς
2540 1250 2629 1305 διὰ
2664 1252 2773 1305 τῶν
2817 1251 3105 1323 Ῥωμαίων
3142 1253 3345 1323 χειρός.
3371 1253 3574 1323 Αῖματι
3601 1251 3714 1321 γάρ

2115 1345 2149 1414 ἡ
2178 1344 2329 1395 πᾶσα
2380 1344 2479 1413 μὲν
2522 1342 2704 1398 αὐτῶν
2750 1345 3141 1414 κατερῤαίνετο
3183 1342 3357 1415 χώρα.
3386 1343 3621 1414 Ἔμελλε
3651 1343 3711 1396 δὲ

2113 1433 2249 1504 ὁμοῦ
2287 1435 2409 1497 ταῖς
2454 1433 2643 1487 πόλεσι
2689 1434 2785 1487 καὶ
2828 1435 2992 1498 αὐτὸς
3034 1438 3063 1489 6
3103 1434 3387 1506 διαϐόητος
3433 1433 3716 1504 καταπίμ-

2114 1523 2356 1593 πρασθαι
2375 1522 2533 1588 νεὼς,
2556 1519 2696 1577 οἶκοί
2721 1541 2780 1576 τε
2808 1523 3173 1588 καπνίζεσθαι
3199 1523 3708 1593 κατασεσεισμένοι.

2116 1612 2240 1670 Ὀτι
2278 1615 2334 1669 δὲ
2364 1616 2459 1669 καὶ
2495 1606 2602 1686 πρὸ
2654 1616 2753 1686 τῆς
2792 1616 3009 1687 ἡμέρας
3055 1617 3154 1687 τῆς
3186 1616 3429 1687 μεγάλης
3468 1615 3563 1667 καὶ
3592 1616 3706 1668 tm-

2114 1704 2339 1774 φανοῦς,
2370 1705 2492 1758 καθ’
2536 1707 2603 1776 ἣν
2638 1705 2813 1759 ἅπασι
2854 1707 3211 1777 προκείσεται
3244 1706 3305 1760 τὸ
3337 1705 3479 1759 θεῖον
3529 1706 3711 1776 βῆμα,

2114 1796 2353 1868 Χριστοῦ
2396 1796 2629 1861 διδόντος
2677 1797 2897 1868 ἑκάστῳ
2933 1797 3077 1852 κατὰ
3116 1798 3186 1853 τὰ
3230 1797 3369 1870 ἔργα
3412 1796 3601 1863 αὐτοῦ,
3641 1797 3713 1850 τά

433 1890 731 1944 notandum
780 1892 953 1961 ipsum
1007 1893 1340 1950 Salvatorem
1396 1904 1639 1950 nostrum
1706 1894 2011 1964 interroga-

2114 1889 2289 1944 τοιάδε
2316 1891 2429 1954 τοῖς
2471 1888 2747 1953 Ἰουδαίοις
2785 1890 3162 1961 συμϐήσεται,
3198 1889 3603 1961 διαμεμήνυκεν
3631 1888 3713 1942 εί-

435 1988 547 2033 tum
572 1996 601 2034 a
626 1984 828 2038 sanctis
853 1984 1109 2053 apostolis
1144 1985 1210 2039 de
1236 1986 1702 2042 consummatione
1728 1986 1884 2057 231
1909 2001 2010 2042 sae-

432 2071 541 2126 culi
590 2082 647 2127 et
674 2077 954 2132 eversione
979 2077 1497 2150 Hierosolymorum,
1525 2080 1806 2134 miscuisse
1832 2078 2007 2149 signa,

433 2172 493 2217 ut
523 2165 786 2223 incertum
831 2168 903 2224 ita
935 2170 1138 2227 faceret
1165 2171 1414 2239 forsitan,
1450 2187 1570 2241 qua:
1606 2171 1822 2241 quando
1850 2184 2012 2226 even-

434 2262 550 2311 tura
576 2255 771 2313 forent.

2114 1981 2231 2035 πών
2260 1997 2276 2012 ·
2313 1999 2331 2031 ι
2362 1981 2499 2052 Πρὶν
2546 1980 2723 2034 ὲλθεῖν
2770 1981 2870 2050 τὴν
2912 1980 3127 2053 ἡμέραν
3170 1981 3273 2051 τὴν
3327 1978 3571 2051 μεγάλην
3618 1978 3715 2032 και⁵

2113 2071 2406 2143 ἐπιφανῆ.»
2437 2072 2779 2143 Σημειωτέον
2802 2072 2859 2125 δὲ
2890 2072 3029 2144 πρὸς
3056 2073 3289 2139 τούτοις,
3307 2074 3391 2127 ὅτι
3421 2074 3515 2127 καὶ
3546 2072 3716 2137 αὐτὸς

2113 2164 2143 2217 6
2169 2162 2374 2234 Κύριος
2399 2161 2556 2233 ἡμῶν
2583 2163 2936 2233 ἐρωτώμενος
2963 2162 3118 2235 παρὰ
3145 2163 3255 2218 τῶν
3281 2164 3453 2233 ἁγίων
3479 2164 3716 2217 ἀποστό-

2116 2256 2224 2309 λων
2249 2255 2321 2309 τὰ
2353 2256 2483 2325 περὶ
2512 2256 2613 2326 τῆς
2641 2257 2955 2321 συντελείας
2981 2256 3076 2310 τοῦ
3108 2258 3327 2322 αἰῶνος,
3353 2259 3449 2313 καὶ
3478 2259 3549 2313 τὰ
3578 2262 3715 2331 περὶ

430 2346 529 2416 τῆς
562 2347 671 2403 τῶν
718 2352 1103 2424 Ἰεροσολύμων
1172 2356 1588 2430 καταστροφῆς,
1638 2352 1791 2428 ἔμιξε
1832 2353 1900 2408 τὰ
1948 2352 2170 2424 σημεῖα,
2225 2350 2301 2415 ὡς
2340 2349 2483 2420 τάχα
2524 2366 2627 2403 που
2670 2350 2766 2403 καὶ
2829 2348 3141 2419 ἀγνοεῖσθαι
3183 2350 3392 2417 λοιπὸν,
3472 2353 3602 2406 ποῖα
3646 2349 3747 2419 δή-

432 2453 563 2492 ποτε
594 2442 956 2511 συμϐήσεται.

506 2533 674 2587 Vens.
717 2536 807 2590 52.
855 2533 921 2589 Et
960 2537 1059 2591 erit
1088 2554 1107 2592 :
1143 2538 1327 2594 Omnis
1355 2540 1649 2609 quicunque
1699 2536 2014 2593 invocaverit

428 2640 618 2679 nomen
655 2624 889 2691 Domini,
934 2631 1110 2682 salvus
1133 2632 1266 2694 erit;
1303 2633 1427 2700 quia
1467 2632 1522 2683 in
1554 2640 1728 2684 monte
1774 2630 1927 2696 Sion,
1964 2641 2016 2685 et

430 2714 483 2766 in
525 2713 824 2770 Jerusalem
857 2717 959 2772 erit
1006 2721 1265 2785 salvatus,
1304 2722 1437 2775 sicut
1473 2721 1607 2775 dixit
1634 2721 1928 2788 Dominus;
1965 2732 2015 2779 et

426 2810 848 2877 euangelizantes
880 2826 1009 2879 quos
1033 2810 1288 2868 Dominus
1312 2816 1536 2869 vocavit.

500 2980 763 3039 XXXVII.
811 2983 1043 3041 Omnino
1079 2987 1243 3059 igitur
1270 2997 1324 3044 et
1359 2990 1518 3059 plane
1549 2998 1772 3061 propter
1792 2988 2005 3047 Judaeo-

429 3085 550 3124 rum
593 3072 800 3127 nefaria
835 3073 1075 3129 facinora
1124 3078 1177 3131 in
1228 3078 1367 3133 coelo
1405 3080 1544 3135 etin
1577 3089 1720 3136 terra
1750 3081 1907 3152 signa
1952 3090 2008 3136 et

427 3165 676 3236 prodigia
707 3165 823 3222 fore
857 3169 961 3225 ait.
998 3168 1361 3228 Nihilominus
1394 3174 1560 3229 etiam
1610 3174 1693 3230 sic
1739 3140 1869 3244 ipsis
1913 3176 2007 3231 Dei
2035 3140 2079 3200 ϐ

428 3256 850 3325 placabilitatem
905 3273 1027 3315 esse
1076 3264 1432 3332 propositam,
1485 3266 1715 3321 salutem
1760 3266 2010 3323 videlicet

427 3362 528 3416 per
561 3346 741 3412 fidem,
781 3348 833 3401 in
874 3348 1088 3405 Christo
1111 3345 1577 3421 iustiﬁcaﬁonem,
1607 3356 1803 3428 pignus
1836 3356 2010 3428 Spiri-

432 3448 539 3502 tus,
577 3439 1082 3507 sanctiﬁcationem,
1122 3458 1271 3512 spem
1311 3446 1459 3516 regni
1492 3445 1774 3513 caelorum,
1816 3448 2008 3502 remit-

431 3538 578 3585 tente
638 3529 748 3587 Deo
799 3541 857 3587 et
904 3532 1255 3591 obliviscente
1316 3538 1368 3591 in
1425 3539 1703 3593 Christum
1751 3540 1821 3596 ab
1877 3540 2008 3609 ipsis

429 3619 722 3674 commissa
775 3620 1005 3677 scelera.
1053 3623 1249 3680 Petrus
1303 3628 1488 3696 itaque
1531 3638 1755 3684 accusat
1806 3631 2010 3687 acriter

428 3707 734 3765 Iudaeorum
771 3713 1045 3782 populum,
1101 3726 1289 3784 aperte
1340 3718 1676 3786 exclamans,
1726 3722 2011 3778 universo-

430 3813 549 3851 rum
580 3797 913 3855 Salvatorem
959 3819 1023 3858 ac
1053 3803 1468 3875 Redemptorem
1513 3823 1609 3864 eos
1634 3810 1918 3878 occidisse,
1952 3812 2008 3867 in

429 3889 577 3959 ligno
612 3892 1024 3961 suspendentes,
1058 3906 1112 3949 et
1146 3910 1370 3966 negasse
1400 3897 1660 3955 Sanctum
1694 3910 1749 3957 et
1770 3900 2006 3968 Justum,

429 3992 486 4036 ct
514 3981 735 4050 petiisse
767 3984 1091 4041 homicidam
1123 3986 1311 4043 donari
1342 3988 1444 4045 sibi
1465 3990 1617 4047 ἰο-⁸⁷.
1637 3992 1894 4063 Adjungit
1924 3993 2010 4049 his

431 4073 625 4127 deinde
656 4089 670 4127 :
705 4091 724 4125 ι
760 4074 826 4128 Ει
869 4092 1013 4131 nunc
1044 4079 1178 4145 scio,
1216 4077 1438 4149 fratres,
1464 4083 1590 4151 quia
1630 4097 1724 4151 per
1754 4084 2012 4151 ignoran-

433 4163 558 4215 tiam
607 4163 833 4229 fecistis,
867 4167 1006 4222 sicut
1033 4176 1088 4222 et
1130 4172 1402 4241 principes
1437 4169 1624 4226 vestri.
1659 4170 2008 4225 Ptnnitemini

431 4253 620 4323 igitur,
650 4263 705 4309 et
736 4260 1200 4324 convertimini",
1225 4270 1278 4316 et
1305 4261 1613 4329 haptizetur
1638 4261 2013 4331 unusquisque

429 4355 669 4399 vestrum
717 4345 771 4400 in
802 4347 1021 4403 nomine
1052 4350 1264 4405 Domini
1297 4349 1446 4414 Jesu,
1478 4358 1533 4404 et
1566 4350 1844 4419 accipietis
1888 4366 2013 4420 gra-

431 4433 560 4487 tiam
594 4434 831 4505 Spiritus
856 4440 1053 4494 sancti.
1087 4440 1255 4495 Vobis
1284 4442 1430 4495 enim
1462 4448 1545 4495 est
1571 4441 1939 4510 repromissio,
1956 4451 2011 4499 et

432 4526 557 4582 filiis
602 4530 881 4585 vestris“.
912 4552 931 4583 ι
982 4532 1270 4599 Quocirca,
1314 4533 1586 4601 quamvis,
1634 4532 1831 4604 inquit,
1867 4535 2005 4592 facta

431 4616 539 4671 sint
570 4619 721 4689 signa
753 4631 807 4675 et
848 4623 1114 4692 prodigia,
1151 4623 1453 4678 salvabitur
1490 4632 1667 4679 tamen
1702 4626 2009 4698 quicunque

432 4703 716 4763 Dominum
759 4726 824 4766 ac
866 4712 991 4766 caeli
1044 4721 1309 4779 terraeque
1342 4719 1614 4780 potentem
1653 4713 2005 4771 invocaverit.

431 4794 666 4854 Verbum
728 4816 856 4857 vero
914 4802 1108 4857 salutis
1164 4802 1217 4854 in
1266 4803 1378 4871 ipsa
1438 4803 1834 4876 Hierosolyma,
1890 4825 2009 4878 quae

432 4890 602 4959 prima
654 4894 854 4949 occidit
905 4894 1213 4958 Dominum,
1256 4896 1674 4966 promulgatum,
1708 4908 1764 4953 et
1808 4901 1880 4954 ita
1913 4918 2011 4971 per

431 4994 621 5037 omnes
663 4992 849 5052 gentes
881 4984 1261 5039 circumlatum
1311 4987 1374 5041 iri
1413 5002 1509 5055 per
1544 4998 1762 5045 sanctos
1790 5002 2010 5062 aposto-

432 5069 535 5139 los,
584 5074 730 5128 clare
780 5076 1012 5145 perspici
1064 5091 1129 5130 ex
1182 5077 1285 5132 hoc
1333 5079 1606 5149 preplietae
1652 5084 1868 5151 possit:
1906 5103 1925 5137 ι
1953 5084 2009 5141 lu

433 5173 614 5221 monte
642 5164 771 5221 Sion
797 5176 849 5220 et
879 5167 932 5221 in
966 5166 1261 5222 Jerusalem
1287 5169 1394 5223 erit
1420 5170 1676 5239 salvatus,
1708 5180 1763 5227 et
1790 5188 2007 5229 annun-

436 5254 632 5311 tiantes
686 5271 823 5326 quos
871 5256 1129 5312 Dominus
1170 5260 1400 5313 vocavit.
1434 5278 1452 5311 ι
1490 5260 1624 5316 Nam
1678 5272 1736 5317 ut
1774 5278 1805 5318 a
1842 5263 2008 5320 Paulo

433 5344 635 5400 dictum
686 5358 765 5403 est
795 5363 810 5401 :
846 5364 866 5399 ι
896 5346 1065 5401 Nemo
1095 5350 1262 5403 sumit
1302 5351 1405 5405 sibi
1446 5352 1733 5419 honorem,
1784 5356 1879 5410 sed
1916 5358 2009 5426 qui

435 5445 657 5489 vocatur
697 5452 726 5490 a
773 5437 882 5490 Dco
903 5437 971 5488 ⁵ο.
1004 5453 1022 5488 ι
1062 5438 1247 5492 Vocati
1283 5452 1409 5494 sunt
1457 5442 1621 5510 igitur
1648 5458 1769 5497 cum
1801 5446 2010 5501 delectu

434 5537 503 5578 ex
550 5529 803 5584 omnibus
862 5528 1004 5584 beati
1062 5530 1344 5601 discipuli,
1406 5548 1507 5589 nec
1555 5544 1746 5604 sponte
1800 5552 1895 5591 sua
1943 5539 2010 5594 ad

2183 2526 2293 2581 Καὶ
2338 2525 2510 2580 ἔσται
2535 2541 2550 2557 ·
2586 2526 2713 2591 Πᾶς
2741 2526 2811 2593 ὃς
2843 2527 2923 2582 ἂν
2950 2527 3386 2597 ἐπικαλέσηται
3422 2530 3492 2586 τὸ
3522 2532 3715 2603 ὄνομα

2110 2619 2353 2687 Κυρίου,
2381 2617 2720 2685 σωθήσεται
2745 2635 2759 2649 ·
2784 2618 2875 2672 ὅτι
2909 2618 2979 2673 ἐν
3021 2619 3103 2685 τῷ
3146 2620 3270 2689 ὄρει
3308 2622 3480 2690 Σιὼν,
3512 2624 3613 2678 καὶ
3640 2625 3715 2679 ἐν

2120 2708 2522 2780 Ἰερουσιιιὴμ
2539 2710 2713 2765 ἔσται
2742 2712 3215 2784 ἀνασωζόμενος,
3242 2717 3450 2771 καθότι
3479 2714 3653 2775 εἶπεν
3675 2724 3714 2776 ὁ

2110 2803 2349 2871 Κύριος,
2384 2802 2485 2855 καὶ
2524 2800 3043 2874 εὐαγγελιζόμενοι
3079 2804 3189 2873 οὓς
3220 2808 3254 2861 ό
3280 2808 3502 2877 Κύριος
3522 2823 3713 2880 προσ-

2112 2893 2421 2962 κέκληται.

2180 2986 2304 3039 AZ'.
2350 2985 2612 3040 ¹Ἰεῒσεσθαι
2649 2986 2748 3057 μὲν
2793 2980 2890 3041 οῦν
2937 2987 3120 3060 πάντη
3144 3006 3206 3043 τε
3235 2989 3333 3045 καὶ
3360 2992 3581 3057 πάντως
3615 2994 3713 3048 ἐπὶ

2111 3080 2232 3143 ταῖς
2272 3077 2383 3132 τῶν
2417 3078 2686 3133 Ἰουδαίων
2733 3081 3104 3152 άνοσιεργίαις
3141 3084 3200 3137 tv
3240 3084 3476 3158 οὐρανῷ,
3506 3086 3602 3141 καὶ
3636 3090 3710 3160 γῇ

2110 3170 2178 3224 τά
2208 3172 2411 3241 σημεῖά
2449 3188 2605 3243 φησι,
2639 3172 2734 3227 καὶ
2765 3174 2835 3228 τὰ
2866 3173 3091 3246 τέρατα.
3136 3176 3471 3248 Προκεῖσθαί
3502 3196 3565 3250 γε
3601 3180 3714 3253 μὴν

2111 3263 2206 3317 καὶ
2257 3264 2430 3328 οὕτως
2478 3265 2665 3330 αὐτοῖς
2711 3266 2781 3320 τὰ
2826 3267 2887 3333 ἐξ
2939 3268 3280 3340 ἡμερότητος
3306 3269 3464 3337 Θεοῦ,
3493 3272 3594 3343 τὴν
3621 3273 3714 3329 διὰ

2110 3355 2347 3420 πίστεως
2391 3356 2635 3427 δηλονότι
2672 3358 2970 3430 σωτηρίαν,
2998 3360 3098 3432 τήν
3142 3360 3203 3414 tv
3229 3362 3456 3434 Χριστῷ
3485 3364 3710 3419 δικαίω-

2112 3464 2217 3511 σιν,
2245 3447 2337 3501 τὺν
2364 3448 2666 3520 ἀρραϐῶνα
2692 3450 2787 3503 τοῦ
2811 3451 3154 3523 Πνεύματος,
3176 3452 3270 3506 τὸν
3294 3455 3587 3527 ἀγιασμδν,
3609 3458 3713 3528 τὴν

2108 3538 2303 3591 ἐλπίδα
2352 3540 2454 3609 τῆς
2508 3540 2619 3594 τῶν
2665 3542 2912 3613 οὐρανῶν
2962 3542 3261 3613 βασιλείας,
3312 3546 3711 3617 ἀμνησικάκως

2108 3629 2295 3694 αὐτοῖς
2321 3629 2542 3695 ἀνέντος
2568 3632 2703 3686 Θεοῦ
2736 3635 2830 3688 καὶ
2871 3634 2943 3688 τὰ
2988 3637 3071 3700 είς
3093 3637 3331 3707 Χριστὸν
3361 3639 3707 3712 ἐγκλήματα.

2108 3722 2315 3793 Πέτρος
2347 3722 2479 3791 γοῦν
2516 3727 2818 3798 κατῃτιᾶτο
2860 3728 2962 3798 μὲν
3010 3730 3218 3802 σφόδρα
3270 3732 3399 3795 τούς
3443 3732 3554 3788 τῶν
3576 3733 3713 3788 Ἰουο

2107 3812 2273 3865 δαίων
2315 3813 2541 3883 δήμους,
2572 3816 2872 3888 διαρρήδην
2900 3822 3319 3894 άνακεκραγὼς,
3356 3825 3432 3889 ὡς
3468 3825 3711 3882 ἀπεκτό-

2108 3921 2232 3957 νασι
2264 3905 2362 3974 μὲν
2395 3905 2777 3977 κρεμάσαντες
2815 3912 2909 3963 ἐπὶ⁷
2951 3912 3111 3979 ξύλου
3141 3913 3232 3967 τὸν
3262 3915 3373 3969 τῶν
3406 3916 3545 3970 ὅλων
3590 3919 3711 3972 Σω-

2108 3994 2254 4066 τῆρα
2281 3996 2376 4049 καὶ
2413 3996 2731 4070 Λυτρωτὴν,
2762 4000 2859 4053 καὶ
2890 4004 3200 4074 ἠρνήσαντο
3253 4006 3352 4077 μὲν
3390 4008 3483 4063 τὸν
3528 4007 3709 4078 ἅγιον,

2109 4085 2204 4138 καὶ
2256 4086 2484 4153 δίκαιον,
2526 4088 2800 4160 ἐζήτησαν
2839 4092 2897 4145 δὲ
2942 4094 3111 4165 ἄνδρα
3159 4097 3327 4166 φονέα
3379 4100 3709 4171 χαρισθῆναι

2108 4177 2315 4241 αὐτοῖς.
2351 4180 2672 4251 Προσετίθει
2721 4182 2778 4237 δὲ
2821 4185 3033 4250 τούτοις
3054 4205 3069 4219 ’
3126 4208 3145 4240 ι
3176 4190 3286 4244 Καὶ
3312 4190 3430 4257 νῦν,
3461 4193 3706 4262 ἀδελφοὶ,

2109 4263 2225 4322 οῖδα
2274 4271 2357 4324 ὅτι
2390 4271 2536 4325 κατὰ
2561 4273 2785 4342 ἄγνοιαν
2816 4273 3093 4350 ἐπράξατε
3134 4281 3325 4355 ὥσπερ
3373 4284 3469 4338 καὶ
3518 4287 3709 4358 οί,ᾶρ-

2109 4378 2297 4429 χοντες
2358 4362 2533 4432 ὑμῶν.
2586 4366 2974 4439 Μετανοήσατε
3021 4366 3115 4425 οῦν
3142 4413 3158 4435 ,
3209 4374 3305 4428 καὶ
3351 4376 3708 4448 βαπτισθήτω

2112 4451 2342 4516 ἕκαστος
2373 4452 2529 4523 ὑμῶν
2560 4457 2642 4517 είς
2681 4456 2744 4510 τὸ
2775 4457 2947 4530 ὄνομα
2990 4460 3084 4513 τοῦ
3135 4463 3344 4534 Κυρίου
3375 4465 3575 4535 Ἰησοῦ,
3611 4468 3707 4521 καὶ
3812 4459 3820 4467 ’

2114 4542 2349 4613 λήψεσθε
2381 4542 2480 4616 τὴν
2506 4544 2714 4617 δωρεὰν
2745 4550 2839 4602 τοῦ
2862 4550 3020 4619 ἁγίου
3050 4553 3370 4624 Πνεύματος
3388 4572 3403 4585 ·
3439 4556 3569 4627 ὑμῖν
3596 4558 3707 4629 γάρ

2115 4635 2253 4687 είσιν
2286 4636 2341 4687 ai
2381 4636 2725 4706 ἐπαγγελίαι,
2760 4641 2854 4693 καὶ
2894 4644 3008 4706 τοῖς
3052 4643 3262 4708 τέκνοις
3295 4645 3469 4715 ὑμῶν.
3495 4665 3515 4699 ι
3564 4649 3708 4702 Οὐκ-

2113 4725 2209 4778 οῦν
2238 4725 2342 4780 κᾶν
2376 4729 2424 4782 εί
2450 4728 2679 4797 γένοιτο,
2715 4732 2869 4801 φησὶ,
2906 4735 3129 4805 σημεῖα,
3152 4736 3246 4789 καὶ
3275 4736 3501 4809 τέρατα,
3530 4739 3706 4811 σωθή-

2116 4835 2268 4871 σεται
2302 4821 2408 4882 πᾶς
2439 4819 2498 4881 ὃς
2531 4820 2598 4873 ἂν
2636 4821 3029 4895 ἐπικαλέσηται
3051 4827 3318 4900 δεσπότην
3350 4830 3441 4884 τὸν
3470 4831 3701 4902 οὐρανοῦ

2113 4928 2174 4964 τε
2203 4912 2296 4964 καὶ
2323 4912 2427 4981 γῆς
2459 4912 2815 4981 Κύριον.Ὄτι
2848 4917 2904 4969 δὲ
2932 4917 3155 4989 ἔμελλεν
3184 4922 3213 4974 6
3244 4922 3418 4991 Λόγος
3454 4922 3557 4992 τῆς
3598 4941 3705 4977 σω-

2113 5000 2310 5070 τηρίας
2357 5002 2415 5052 ὲν
2462 5001 2599 5072 αὐτῇ
2650 5003 2743 5057 καὶ
2773 5005 2964 5078 πρώτῃ
2990 5000 3391 5082 λαληθήσεσθαι⁹
3416 5015 3480 5085 τῇ
3514 5030 3702 5085 κυριο-

2115 5089 2289 5161 κτόνῳ
2325 5090 2698 5164 Ἰερουσαλήμ,
2738 5097 3253 5170 περιενεχθήσεσθαι
3301 5102 3359 5155 δὲ
3410 5102 3556 5156 οὕτω
3606 5103 3703 5157 καὶ

2104 5181 2185 5243 είς
2211 5179 2387 5234 πάντα
2415 5182 2484 5236 τὰ
2506 5182 2635 5255 ἔθνη
2673 5183 2761 5238 διὰ
2802 5186 2908 5239 τῶν
2946 5187 3117 5257 ἁγίων
3165 5191 3501 5257 ἀποστόλων,
3532 5193 3701 5262 σαφὲς

2104 5272 2172 5329 ἂν
2218 5274 2449 5341 γένοιτο,
2475 5276 2569 5328 τοῦ
2626 5278 2913 5350 Προφήτου
2957 5280 3238 5351 λέγοντος·
3291 5285 3423 5338 «Ἐν
3463 5285 3541 5355 τῷ
3580 5286 3701 5357 ὄρει
3758 5348 3761 5349 ν

2106 5363 2267 5431 Σιὼν,
2304 5367 2397 5419 καὶ
2437 5370 2494 5423 ὲν
2538 5366 2897 5440 Ἰερουσαλὴμ
2939 5371 3093 5427 ἔσται
3130 5375 3567 5446 ἀνασωζόμενος,
3602 5376 3701 5429 καὶ

2108 5453 2581 5526 εὐαγγελιζόμενοι
2610 5498 2623 5521 ,
2666 5457 2761 5521 οὓς
2815 5460 3019 5530 Κύριος
3070 5464 3518 5536 προσκέκληκεν·
3551 5483 3570 5517 ι
3619 5465 3699 5530 ὡς

2108 5543 2217 5614 γὰρ
2244 5542 2454 5611 Παῦλος
2487 5549 2710 5619 γράφει,
2754 5568 2772 5602 ι
2800 5551 2912 5622 Οὐχ
2957 5553 3147 5608 ἑαυτοῦ
3181 5570 3265 5619 τις
3300 5555 3568 5626 λαμϐάνει
3595 5556 3697 5626 τὴν

508 5721 679 5823 :Al‘s'a.
715 5740 767 5823 ιτ,
933 5727 979 5762 ⁸⁸⁵
1007 5729 1197 5787 Matth.
1230 5731 1458 5799 “1,37.
1537 5734 1581 5766 ⁸⁵
1606 5734 1725 5791 Acl.
1762 5750 1820 5803 ll,
1849 5736 1919 5793 20

2114 5741 2251 5797 7Act.
2283 5743 2475 5810 "1,13,
2502 5742 2588 5799 14.
2650 5745 2709 5787 ι⁵⁶¹
2735 5744 2893 5815 lbid.,
2928 5748 3128 5817 17,19.
3206 5753 3250 5786 ⁸³
3273 5754 3395 5810 Act.
3420 5771 3481 5823 ll,
3511 5754 3686 5812 38-39.

441 5791 486 5823 ⁸⁸
512 5792 674 5849 Hebr.
718 5813 749 5851 v
767 5838 782 5864 ,
818 5797 873 5851 4.
