4054 6508
387 403 500 461 585

1290 403 1853 463 COMMENTARIUS
1893 404 1960 480 ,Ι
1997 404 2264 463 JOELEM
2303 406 2757 466 PROPHETAM.

3575 415 3683 472 586

387 519 580 592 τιμήν,
623 519 743 575 ἀλλ’
766 522 795 576 ὀ
820 519 1155 593 καλούμενος
1189 521 1295 577 ὑπὸ
1326 523 1423 577 τοῦ
1447 524 1606 580 Θεοῦ.
1633 545 1653 578 ›
1685 525 1993 597 Κέκληνται

2100 529 2457 598 apostolatum
2503 534 2892 584 accesserunt:
2942 526 3082 583 sicut
3112 527 3342 585 stolidus
3372 525 3683 585 Pharisaeus

385 613 576 666 τοίνυν
622 612 932 682 ἀπολέγδην
980 614 1047 667 ἐκ
1098 614 1319 668 πάντων
1348 616 1399 668 oi
1430 615 1691 686 μακάριοι
1725 616 1987 687 μαθηταὶ,

386 704 488 758 καὶ
516 704 621 758 οὐκ
650 704 943 776 αὐτόμολοι
966 705 1246 777 παρῆλθον
1277 706 1359 770 είς
1385 706 1713 779 ἀποστολὴν,
1737 708 1991 780 καθάπερ

385 798 417 850 6
442 799 801 870 ἀπόπληκτος
838 801 1133 872 Φαρισαῖος
1184 800 1417 867 ἐκεῖνος,
1448 802 1616 872 ἤγουν
1662 801 1905 874 νομικὸς,
1932 801 1991 867 ὃς

384 892 507 955 τοῖς
526 890 630 961 τῆς
658 890 962 964 μαθητείας
982 892 1298 963 αὐχήμασιν
1320 892 1513 948 ἑαυτὸν
1531 893 1713 960 ἐνιεὶς,
1733 894 1990 965 προσέθει

386 981 575 1050 λέγων
596 999 611 1013 ⁸
637 1001 656 1033 ι
686 981 886 1052 Κύριε,
930 982 1285 1053 ἀκολουθήσω
1310 1000 1393 1036 σοι
1421 984 1556 1037 ὅπου
1580 983 1679 1037 ἐάν
1700 984 1937 1055 ἀπέρχῃ.
1970 1001 1989 1035 ι

386 1072 670 1147 Ταύτῃτοι
699 1073 793 1126 καὶ
814 1074 843 1126 ὀ
859 1073 1053 1145 Σωτὴρ
1070 1072 1514 1144 παρενοχλοῦντά
1528 1093 1585 1128 τε
1608 1076 1753 1144 είκῆ,
1773 1076 1867 1128 καὶ
1887 1074 1997 1127 τῶν

381 1164 771 1234 εὐαγγελικιῖη
800 1165 1252 1235 ἐπιτηδευμάτων
1298 1167 1409 1221 οὐδ’
1437 1168 1561 1221 ὅσον
1609 1167 1783 1220 εἰπεῖν
1830 1166 1998 1235 ἐγγὺς

382 1254 682 1323 γεγονότα,
720 1254 1032 1326 παρωθεῖτο
1076 1255 1251 1324 λέγων
1274 1272 1287 1286 ·
1348 1275 1367 1308 ι
1397 1257 1464 1309 Δί
1503 1255 1811 1321 ἀλώπεκες,
1844 1274 1862 1306 ι
1904 1256 1998 1309 καὶ

384 1346 461 1401 τὰ
492 1346 644 1417 ἑξῆς.
675 1346 800 1410 Τοῖς
826 1363 887 1415 γε
921 1346 1029 1418 μὴν
1058 1346 1378 1417 ἐπιτηδείως
1407 1346 1622 1417 ἔχουσιν
1650 1348 1729 1408 εἰς
1759 1347 1993 1398 ἀποστο-

385 1437 494 1509 λὴν
533 1437 809 1507 ἐπεφώνει
834 1437 1030 1506 λέγων⁶
1064 1456 1081 1489 ι
1110 1438 1274 1491 Δεῦτε
1298 1437 1475 1491 ὀπίσω
1502 1454 1628 1509 μου,
1662 1438 1759 1490 καὶ
1783 1438 1995 1507 ποιήσω

386 1531 542 1601 ὑμᾶς
571 1530 829 1600 γενέσθαι
861 1531 1034 1595 ἁλιεῖς
1067 1530 1391 1601 ἀνθρώπων.
1425 1549 1444 1583 ι
1479 1529 1756 1583 Ματθαῖόν
1796 1546 1857 1598 γε
1889 1528 1995 1600 μὴν

382 1622 452 1688 ἐξ
481 1623 665 1677 αὐτῶν
694 1623 945 1694 ἀνίστησι
971 1623 1080 1678 τῶν
1104 1626 1204 1695 τῆς
1234 1621 1552 1689 πλεονεξίας
1589 1625 1991 1697 ἐργαστηρίων,

2096 621 2209 685 ille,
2252 620 2364 675 sive
2406 620 2770 690 legisperitus,
2808 619 2900 689 qui
2936 632 2995 675 se
3030 619 3353 699 discipulum
3396 635 3517 676 esse
3543 621 3683 675 velle

2097 710 2356 780 gloriatus
2391 727 2405 764 :
2444 726 2464 761 ι
2496 707 2714 779 Sequar
2747 720 2821 774 te,
2873 727 2892 761 ι
2928 709 3120 777 inquit,
3159 727 3178 760 ι
3219 723 3543 779 quocunque
3572 708 3685 763 ive-

2096 803 2172 857 ris
2193 801 2259 854 ⁵¹.
2294 821 2314 855 ›
2350 801 2528 868 Quare
2558 809 2613 855 et
2640 800 2890 856 Salvator
2932 800 3135 856 frustra
3174 801 3576 865 obturbantem,
3629 808 3686 855 et

2097 910 2128 950 a
2157 894 2350 949 studiis
2377 893 2704 966 evangelicis
2730 894 3155 950 remotissimum
3183 894 3415 963 repellit,
3448 894 3640 949 dicens
3664 909 3679 947 :

2099 1002 2119 1036 ι
2157 983 2378 1054 Vulpes,
2414 1002 2432 1035 ι
2460 992 2566 1039 etc.
2595 982 2818 1051 Contra,
2845 985 2912 1039 ad
2935 984 3303 1053 apostolatum
3335 984 3543 1039 idoneis
3570 984 3679 1038 ait:

2095 1074 2255 1145 232
2290 1093 2309 1127 ι
2342 1075 2536 1131 Venite
2570 1084 2692 1145 post
2727 1090 2834 1140 me,
2867 1086 2917 1131 et
2948 1074 3145 1131 faciam
3195 1091 3292 1131 vos
3339 1076 3453 1131 ﬁeri
3503 1076 3681 1145 pisca-

2098 1176 2241 1222 tores
2291 1165 2573 1222 hominum
2599 1168 2666 1221 δ’.
2706 1186 2726 1220 ι
2791 1165 3103 1221 Matthmum
3167 1169 3384 1237 quidem
3438 1168 3506 1222 ab
3567 1167 3681 1236 ipsa

2095 1258 2339 1314 avaritiae
2396 1258 2608 1314 ollicina
2656 1260 2895 1323 excitat,
2948 1262 3099 1328 sequi
3147 1260 3432 1331 jubens”.
3492 1259 3683 1314 Vocati

2098 1360 2224 1404 sunt
2253 1359 2458 1416 autem,
2485 1350 2759 1406 voluntate
2788 1351 2950 1418 illius,
2998 1361 3055 1406 ut
3078 1362 3197 1407 erat
3230 1362 3682 1418 consentaneum,

2095 1439 2457 1510 potentissimi
2510 1438 2680 1495 futuri
2745 1442 2811 1494 ad
2861 1441 3242 1497 strenuissime
3294 1441 3684 1512 perliciendum

2097 1531 2242 1601 quod
2291 1531 2366 1585 illi
2424 1531 2696 1600 placeret:
2745 1533 2958 1588 tametsi
3001 1533 3303 1603 iniquitatis
3345 1544 3589 1604 repertor
3629 1543 3685 1588 et

2098 1635 2298 1690 parens
2326 1621 2655 1689 proditorem
2688 1637 2754 1676 ex
2785 1637 2849 1677 eo
2879 1622 3104 1693 collegio
3129 1624 3327 1691 rapuit.

382 1717 713 1771 ἀκολουθεῖν
740 1717 1080 1772 ἐπιτάττων·
1135 1718 1575 1790 προσκέκληνται
1605 1717 1683 1783 δέ,
1713 1718 1833 1772 κατ’
1888 1717 2022 1770 ἰδίαν
2063 1715 2338 1786 βούλησιν,
2366 1714 2555 1786 ὥσπερ
2614 1709 2683 1787 ἦν
2727 1714 2893 1781 εἰκὸς,
2927 1715 3149 1769 ἔσεσθαι
3190 1714 3554 1769 δυνατώτατοι
3605 1712 3685 1776 εἴς

380 1826 457 1879 γε
493 1809 557 1863 τὸ
582 1809 974 1880 ἀποπεραίνειν
1000 1809 1279 1877 δύνασθαι,
1321 1810 1417 1864 καὶ
1451 1809 1596 1881 μάλα
1624 1808 1891 1870 νεανικῶς
1919 1809 1980 1863 τὸ
2010 1807 2159 1879 αύτῷ
2193 1806 2406 1873 δοκοῦν,
2440 1807 2489 1859 εἰ
2556 1806 2649 1861 καὶ
2681 1808 2898 1879 ἥρπασε
2932 1807 3026 1861 τὸν
3073 1805 3337 1879 προδότην
3360 1806 3389 1860 6
3410 1806 3509 1876 τῆς
3544 1805 3675 1860 ἀνο-

385 1899 530 1971 μίας
565 1897 817 1971 εὑρετὴς,
846 1898 942 1953 καὶ
977 1901 1183 1971 πατήρ.

1014 2031 1270 2085 ΚΕΦΑΛ.
1302 2031 1379 2087 Γ’.

462 2147 593 2201 Ὅτι
622 2145 754 2201 ἰδοὺ
791 2143 908 2216 ἐγὼ
941 2145 1011 2200 ἐν
1038 2146 1171 2213 ταῖς
1214 2148 1462 2217 ἡμέραις
1487 2146 1771 2213 ἐκείναις,
1798 2143 1897 2200 καὶ
1922 2143 1995 2198 ἐν

382 2236 475 2305 τῷ
502 2235 691 2308 καιρῷ
715 2238 947 2305 ἐκείνῳ,
978 2237 1127 2292 ὅταν
1167 2238 1515 2308 ἐπιστρέψω
1552 2238 1669 2309 τὴν
1696 2240 1994 2308 αἰχμαλω-

382 2332 543 2386 σίαν
570 2331 789 2397 Ἰούδα,
818 2332 920 2386 καὶ
949 2332 1370 2402 Ἰερουσαλὴμ,
1402 2332 1502 2388 καὶ
1530 2332 1777 2397 συνάξω
1796 2331 1995 2385 πάντα

381 2422 467 2475 τὰ
493 2421 665 2487 ἔθνη,
702 2421 802 2475 καὶ
844 2421 1083 2486 κατάξω
1112 2421 1267 2477 αὐτὰ
1297 2424 1384 2489 εις
1415 2423 1533 2493 τὴν
1576 2423 1835 2478 κοιλάδα
1873 2424 1994 2477 ἰω-

380 2512 618 2581 augeat,
638 2511 740 2566 καὶ
759 2510 1220 2582 διακριθήσομαι
1243 2514 1397 2582 πρὸς
1419 2512 1644 2580 αὐτοὺς
1667 2512 1811 2577 ἐκεῖ,
1839 2510 1995 2582 ὑπὲρ

379 2605 500 2659 τοῦ
523 2604 682 2660 λαοῦ
700 2621 847 2674 μου,
872 2603 972 2658 καί
996 2602 1109 2674 τῆς
1135 2606 1542 2675 κληρονομίας
1564 2622 1686 2675 μου
1717 2604 1988 2673 Ἰσραὴλ,

381 2695 449 2752 ot
472 2696 901 2766 διεσπάρησαν
941 2698 1011 2752 ἐν
1039 2698 1167 2763 τοῖς
1197 2697 1423 2762 ἔθνεσι,
1453 2697 1552 2751 καὶ
1589 2698 1706 2765 τὴν
1734 2696 1853 2767 m’r
1871 2714 1992 2766 μου

379 2790 864 2856 κατεδιειλαντο,
894 2790 993 2844 καί
1018 2790 1120 2844 ἐπὶ
1147 2790 1257 2843 τὸν
1282 2790 1440 2845 λαόν
1454 2807 1571 2859 μου
1598 2789 1822 2844 ἔϐαλον
1836 2788 1990 2858 κλή-

372 2902 560 2953 ρους,
583 2884 683 2939 καὶ
736 2883 970 2939 ἔδωκαν
1016 2883 1094 2938 τὰ
1134 2882 1422 2952 παιδάρια
1459 2884 1732 2951 πόρναις,
1768 2882 1869 2936 καὶ
1920 2881 1992 2937 τὰ

381 2974 653 3044 κοράσια
684 2974 965 3029 ἐπώλουν
994 2973 1128 3028 ἀντὶ
1155 2974 1263 3029 τοῦ
1291 2974 1484 3040 οἴνου,
1515 2974 1617 3029 καὶ
1648 2973 1846 3030 ἔπιον.

463 3091 599 3146 AH'.
639 3090 739 3145 Ἐκ
761 3090 860 3161 τῆς
876 3088 1114 3161 Ῥοϐοάμ
1138 3087 1417 3158 βασιλείας
1438 3089 1860 3160 ἀπορῤαγεισῶν
1879 3087 1993 3143 τῶν

380 3184 525 3240 δέκα
570 3182 777 3253 φυλῶν,
828 3180 924 3237 καὶ
950 3181 1299 3254 διῃρημένων
1344 3178 1514 3251 αὐτῷ,
1539 3182 1635 3233 καὶ
1657 3180 1861 3245 παντὸς
1890 3180 1989 3234 τοῦ

380 3275 614 3348 Ἰσραήλ
635 3274 717 3339 είς
738 3291 800 3327 τε
831 3273 922 3327 τὸν
945 3273 1207 3345 Ἐφραϊμ,
1226 3270 1429 3325 καὶτὸν
1456 3270 1707 3335 Ἰούδα,οί
1729 3272 1992 3343 μακάριοι

2741 2026 2898 2084 CAP.
2935 2025 3024 2083 Ill.

2174 2141 2337 2197 Vsus.
2383 2140 2501 2196 1-5.
2544 2140 2684 2207 Quia
2728 2157 2846 2195 ecce
2882 2157 2975 2211 ego
3024 2141 3081 2196 in
3130 2142 3313 2197 diebus
3356 2142 3484 2211 illis,
3533 2155 3585 2201 et
3631 2146 3687 2201 in

2098 2238 2329 2299 tempore
2379 2230 2493 2300 illo,
2532 2232 2743 2302 quando
2789 2240 3093 2286 convertero
3136 2234 3491 2302 captivitatem
3537 2235 3687 2293 Iuda

2097 2332 2149 2379 et
2181 2322 2517 2390 Jerusalem;
2556 2334 2604 2377 et
2635 2324 2963 2395 congregabo
2991 2340 3171 2379 omnes
3205 2336 3403 2396 gentes,
3440 2336 3491 2383 et
3516 2329 3690 2384 dedu-

2098 2430 2215 2469 cam
2241 2430 2329 2469 eas
2353 2416 2408 2468 in
2434 2414 2623 2468 uallem
2651 2413 2938 2486 Iosophat,
2961 2424 3010 2470 et
3041 2418 3344 2486 disceptabo
3376 2434 3497 2472 cum
3518 2422 3593 2475 eis
3613 2421 3688 2475 ibi

2097 2522 2194 2576 pro
2224 2506 2419 2577 populo
2444 2523 2581 2569 meo,
2611 2516 2659 2561 et
2692 2506 3002 2562 hereditate
3036 2525 3153 2563 mea
3189 2509 3383 2576 Israel,
3415 2527 3543 2582 quos
3572 2513 3689 2567 dis-

2096 2610 2368 2667 perserunt
2406 2598 2463 2652 in
2501 2599 2761 2669 gentibus,
2800 2608 2849 2652 et
2879 2609 3074 2653 terram
3109 2616 3280 2656 meam
3302 2603 3616 2670 diviserunt,
3636 2614 3687 2659 et

2096 2706 2256 2757 super
2281 2690 2531 2758 populum
2562 2706 2735 2744 meum
2765 2689 3019 2745 miserunt
3060 2702 3248 2759 sortes,
3277 2702 3329 2748 et
3368 2710 3558 2763 pueros
3590 2696 3689 2751 de—
3742 2718 3751 2731 ’

2096 2780 2292 2836 derunt
2336 2781 2721 2847 meretricibus,
2760 2791 2810 2837 et
2846 2781 3053 2852 puellas
3095 2783 3384 2840 vendebant
3423 2802 3520 2858 pro
3544 2788 3686 2856 vino,

2096 2882 2146 2928 et
2175 2873 2438 2928 bibebant.

2169 3076 2460 3133 XXXVIII.
2510 3077 2559 3132 A
2588 3092 2758 3150 regno
2795 3075 3039 3135 Roboam
3074 3078 3280 3137 avulsis
3311 3084 3690 3154 separatisque

2099 3168 2285 3224 decem
2321 3168 2591 3233 tribubus,
2627 3178 2681 3221 et
2710 3169 2961 3224 universo
3000 3167 3203 3224 lsraele
3252 3170 3305 3225 in
3339 3170 3599 3240 Ephraim
3631 3185 3690 3229 et

2098 3256 2234 3315 Juda
2282 3258 2458 3315 diviso
2475 3258 2545 3325 “,
2582 3259 2726 3315 beati
2777 3259 3054 3330 prophetae
3101 3261 3451 3317 exstiterunt.
3491 3260 3687 3320 Locuti

379 3371 653 3441 γεγόνασι
666 3367 965 3441 προφῆται.
979 3366 1325 3436 Λελαλήκασι
1339 3364 1397 3419 δὲ
1416 3364 1485 3419 τά
1502 3366 1633 3437 παρ’
1654 3362 1993 3435 ἀμφοῖν,τῆς

2098 3361 2225 3409 sunt
2275 3359 2455 3407 autem
2520 3365 2642 3420 quae
2699 3351 2767 3406 ad
2829 3359 3091 3422 utrosque
3147 3352 3524 3422 pertinerent,
3570 3363 3685 3411 tota

380 3464 521 3535 ὅλης
540 3462 731 3526 αὐτοῖς
762 3459 1103 3532 προφητείας
1125 3457 1562 3530 παρατεινούσης
1594 3457 1756 3528 μέχρι
1783 3454 1995 3527 καιρῶν

379 3556 490 3628 τῆς
523 3553 926 3626 αἰχμαλωσίας.
968 3552 1127 3607 Μετά
1163 3550 1221 3604 δέ
1265 3568 1329 3621 γε
1374 3550 1474 3621 τὴν
1505 3552 1563 3603 ἐν
1597 3548 1996 3620 Ἱεροσολύμοις

382 3647 607 3704 ἐκεῖθεν
638 3644 1009 3718 ὑποστροφὴν.
1041 3645 1138 3697 καὶ
1171 3643 1272 3711 τὴν
1303 3641 1682 3713 γεγενημένην
1703 3641 1844 3695 κατὰ
1868 3658 1995 3694 και-

384 3741 525 3815 ροὺς
576 3738 856 3803 ἐπάνοδον,
890 3737 1308 3809 προεφήτευσαν
1341 3734 1435 3789 ἐπὶ
1478 3734 1571 3787 τὸν
1608 3732 1828 3805 Ἰσραὴλ
1865 3732 1995 3801 Ἀγ-

382 3834 551 3902 γαῖός
595 3851 657 3886 τε
705 3832 802 3886 καὶ
848 3829 1149 3901 Ζαχαρίας,
1179 3827 1274 3881 καὶ
1309 3826 1408 3898 μέν
1440 3843 1522 3879 τοι
1554 3824 1650 3880 καὶ
1684 3825 1990 3896 Μαλαχίας.

379 3927 647 3982 Φαίνεται
675 3924 731 3979 δὲ
760 3923 856 3978 καὶ
882 3925 910 3978 6
935 3922 1176 3993 Ἔσδρας
1198 3921 1355 3990 ὀλίγα
1384 3920 1520 3974 ἄττα
1549 3918 1658 3972 τῶν
1678 3919 1799 3972 κατ’
1817 3920 1995 3972 ἐκεῖνο

380 4019 627 4089 καιρῶν,
664 4017 760 4071 καὶ
789 4016 847 4071 ἐν
869 4016 985 4079 τοῖς
1017 4013 1184 4068 αὐτοῦ
1218 4013 1434 4085 χρόνοις
1454 4010 1841 4081 γεγενημένων
1861 4026 1997 4080 προ-

382 4110 723 4185 αγορεύσας.
756 4109 1048 4180 Μέμνηται
1076 4105 1258 4161 τοίνυν
1296 4106 1405 4160 τῶν
1431 4102 1814 4174 προκειμένων
1843 4104 1871 4155 ὀ
1902 4100 1994 4154 λό-

380 4221 487 4274 γος
520 4202 854 4275 πράγματος
889 4200 991 4253 οὐκ
1036 4199 1096 4251 ἐν
1146 4198 1362 4269 καιροῖς
1406 4193 1707 4268 προφητῶν
1742 4192 1853 4247 τῶν
1890 4192 1994 4265 ἀρ-

380 4294 564 4368 χαίων
612 4290 1011 4362 γεγενημένου,
1055 4288 1170 4343 ἀλλ’
1216 4288 1304 4342 ὅτι
1350 4286 1416 4359 δή
1466 4285 1618 4357 μόλις
1660 4284 1846 4356 Κύρου
1900 4283 1994 4337 τὸν

396 4384 622 4458 Ἰσραὴλ
652 4384 875 4446 ἀνέντος
902 4380 1281 4451 ὑπενόστησαν
1311 4380 1391 4444 είς
1436 4378 1538 4450 τὴν
1562 4376 1845 4431 Ἰουδαίαν.
1880 4374 1995 4430 Καὶ

379 4475 441 4529 τί
469 4474 534 4528 τὸ
567 4473 761 4545 χρῆμα
792 4473 855 4525 τὸ
879 4470 1261 4535 ἀξιάκουστον,
1291 4469 1343 4523 τί
1382 4467 1440 4522 δὲ
1472 4467 1538 4539 δὴ
1566 4466 1824 4536 γενέσθαι
1851 4483 1996 4537 συμ-

382 4566 649 4638 ϐέϐηκεν,
684 4562 921 4637 ἐροῦμεν
957 4564 1033 4628 ὡς
1066 4563 1167 4627 ἔνι,
1189 4561 1290 4634 τὴν
1315 4559 1411 4613 τοῦ
1431 4560 1639 4631 Ἐσδρα
1668 4559 1995 4631 συγγραφὴν

382 4658 720 4731 κομίζοντες
744 4657 825 4721 είς
854 4656 1150 4723 ἀπόδειξιν.
1191 4653 1404 4709 Οὐκοῦν
1449 4651 1750 4722 ἐπειδήπερ
1784 4652 1865 4715 είς
1893 4651 1995 4723 τὴν

396 4748 670 4805 Ἰουδαίαν
695 4747 999 4819 ἐπανῆλθον
1024 4748 1170 4819 ἄρτι,
1203 4746 1295 4801 καὶ
1324 4744 1571 4817 δασμῶν,
1602 4742 1697 4796 καὶ
1737 4743 1848 4797 τῶν
1889 4745 1995 4815 τῆς

380 4842 637 4906 δουλείας
670 4841 1114 4905 ἀναπνεύσαντες
1148 4840 1327 4895 πόνων
1368 4840 1418 4892 oi
1456 4837 1517 4902 ἐξ
1538 4834 1779 4907 Ἰσραὴλ,
1810 4835 1904 4890 ἐπὶ
1933 4836 1994 4890 τὸ

386 4934 643 5008 ῥᾴθυμον
690 4933 1014 5003 ἐτράποντο,
1044 4930 1142 4985 καὶ
1168 4925 1310 5002 ἦσαν
1339 4929 1442 4984 οὐκ
1468 4927 1735 4998 ἀσφαλεῖς
1766 4925 1874 4982 τῶν
1903 4925 1993 4981 διά

380 5028 640 5091 Μωσέως
685 5024 1132 5097 τεθεσπισμένων
1182 5021 1554 5094 ἐπιτηδευταὶ,
1587 5020 1680 5075 καὶ
1723 5019 1987 5089 φύλακες.

398 5120 843 5191 Ἀποφάσκοντος
873 5118 984 5189 γὰρ
1010 5117 1105 5171 τοῦ
1132 5116 1323 5188 νόμου,
1356 5114 1556 5187 χρῆναί
1577 5130 1729 5178 τινας
1753 5114 1874 5177 ταῖς
1899 5111 1995 5165 θυ-

382 5210 631 5285 γατράσι
683 5206 792 5263 τῶν
844 5207 1159 5277 ἀλλοφύλων
1211 5202 1748 5273 συγκατευνάζεσθαι
1776 5242 1791 5269 ,
1837 5202 1995 5272 ὀλίγα

384 5301 787 5376 φροντίσαντες
821 5299 932 5355 τῶν
972 5299 1157 5353 θεόθεν
1190 5296 1376 5360 αὐτοῖς
1417 5293 1993 5366 κεχρησμῳδημένων,

383 5393 705 5465 ἀλλοτρίαις
720 5391 970 5461 γυναιξὶν
998 5390 1384 5462 ἐπεμίσγοντο.
1401 5386 1515 5440 Καὶ
1540 5385 1676 5458 πρὸς
1696 5384 1855 5439 τοῦτο
1876 5385 1999 5439 λίαν

382 5483 818 5559 δεδυσφορηκὼς
842 5484 1101 5556 Ἔσδρας,
1127 5482 1565 5554 περιερρήγνυτο
1594 5478 1693 5548 μὲν
1712 5477 1813 5548 τὴν
1835 5477 2000 5548 ἐσθῆ-

383 5597 483 5646 τα,
516 5576 944 5649 κατωλοφύρετο
976 5575 1034 5628 δὲ
1064 5575 1189 5639 τοὺς
1219 5575 1279 5641 ἐξ
1299 5572 1541 5644 Ἰσραὴλ,
1575 5569 1672 5623 καὶ
1705 5569 1816 5623 τῶν
1841 5568 1997 5623 ἀλλο-

386 5673 581 5745 φύλων
624 5668 908 5741 γυναικῶν
954 5667 1395 5724 ἀπαλλάττεσθαι
1445 5662 1767 5736 παρεκάλει.
1819 5662 1885 5715 0i
1936 5662 1997 5718 δὲ

468 5779 525 5823 σι’
555 5786 753 5842 Matth.
795 5799 928 5854 vnt,
972 5786 1059 5842 19.
1172 5784 1218 5819 δ’
1254 5783 1448 5840 Matth.
1490 5796 1564 5849 Iv.
1611 5779 1698 5836 19-

390 5864 440 5896 “
476 5860 679 5917 [Esdn
724 5857 894 5922 x,H.
1236 5904 1239 5909 .

1806 5776 1852 5810 ⁵³
1892 5774 2085 5832 Matth.
2126 5789 2182 5828 ιι
2223 5811 2239 5839 ,
2270 5770 2305 5827 9

2095 3458 2284 3499 eorum
2330 3444 2615 3513 prophetia
2664 3456 2724 3498 se
2756 3444 3086 3498 extendente
3114 3458 3288 3513 usque
3333 3446 3401 3500 ad
3441 3453 3687 3515 tempora

2096 3535 2446 3606 captivitatis.
2471 3534 2598 3590 Post
2621 3533 2987 3589 reversionem
3012 3533 3206 3590 deinde
3232 3534 3687 3607 Hierosolymam,

2096 3636 2152 3682 et
2185 3635 2499 3694 susceptum
2547 3625 2772 3680 deﬁnito
2808 3634 3053 3695 tempore
3084 3624 3339 3690 reditum,
3387 3627 3686 3696 propheta-

2097 3728 2227 3775 runt
2262 3722 2329 3775 ad
2356 3717 2525 3775 Israel
2564 3717 2819 3788 Aggaeus,
2844 3725 2898 3772 et
2930 3716 3248 3784 Zacharias,
3282 3717 3688 3790 Malachiasque

2096 3811 2371 3867 similiter.
2406 3808 2631 3864 Videtur
2660 3809 2788 3863 item
2826 3806 3030 3863 Esdras
3065 3823 3240 3879 pauca
3275 3809 3522 3879 quaedam
3556 3811 3684 3879 illis,

2096 3911 2261 3971 atque
2305 3900 2443 3954 adeo
2497 3898 2612 3953 suis
2664 3897 3003 3969 temporibus
3047 3897 3287 3968 gerenda
3334 3900 3685 3969 praadixisse.

2096 3992 2343 4048 Meminit
2374 4004 2505 4061 ergo
2533 3990 2846 4060 propositus
2886 4004 3071 4045 sermo
3109 3992 3186 4046 rei
3233 4006 3356 4061 quae
3392 4006 3499 4047 non
3524 4001 3688 4050 aetate

2094 4095 2340 4141 veterum
2395 4083 2782 4153 prophetarum
2830 4082 3081 4149 contigit,
3131 4082 3230 4138 sed
3281 4084 3499 4153 quando
3543 4084 3688 4156 Cyro

2097 4176 2314 4230 tandem
2362 4171 2692 4237 dimittente,
2735 4162 2788 4225 in
2822 4168 3062 4225 Iudaeam
3091 4171 3353 4228 Israelita
3383 4173 3686 4230 redierunt.

2096 4268 2173 4322 De
2196 4280 2257 4321 re
2282 4263 2377 4320 illa
2399 4264 2586 4320 auditu
2615 4263 2800 4334 digna,
2826 4271 2882 4318 et
2905 4262 3035 4334 quid
3057 4261 3259 4319 factum
3289 4263 3383 4329 sit,
3415 4265 3687 4333 dicemus,

2094 4358 2240 4431 quod
2277 4358 2413 4414 satis
2448 4356 2573 4424 erit,
2606 4364 2664 4411 et
2701 4372 2769 4412 ex
2799 4356 3028 4412 historia
3057 4356 3127 4412 ab
3162 4354 3336 4412 Esdra
3364 4359 3686 4428 conscripta

2097 4451 2468 4507 narrationem
2518 4457 2787 4521 petemus.
2846 4446 3036 4517 itaque
3080 4448 3309 4504 reduces
3347 4462 3380 4505 e
3423 4449 3688 4506 servitute

2096 4558 2272 4613 nuper
2306 4544 2360 4598 in
2389 4542 2629 4598 Judzeam
2666 4539 2943 4605 lsraelitze,
2968 4538 3309 4611 vectigalium
3347 4555 3411 4596 ac
3443 4542 3684 4597 servitu-

2101 4635 2170 4691 tis
2202 4634 2461 4690 oneribus
2492 4633 2865 4702 molestiisque
2892 4632 3128 4697 liberati,
3166 4632 3389 4689 desidia:
3417 4648 3478 4692 se
3509 4635 3684 4691 tradi-

2026 4704 2074 4762 Ῐ)
2101 4729 2318 4795 derunt,
2358 4740 2459 4782 nec
2503 4725 2615 4794 jam
2663 4739 2762 4795 per
2804 4723 3024 4796 Moysen
3065 4725 3273 4779 sancita
3319 4725 3508 4783 sedulo
3554 4742 3689 4784 con-

2099 4826 2416 4888 stanterque
2441 4816 2697 4873 colebant
2726 4826 2781 4871 et
2809 4817 3231 4872 conservabant.
3266 4817 3403 4873 Cum
3424 4819 3570 4875 enim
3599 4819 3688 4877 lex

2096 4918 2307 4967 vetaret
2321 4908 2745 4979 alienigenarum
2763 4906 2926 4978 233
2944 4907 3082 4964 ﬁlias
3097 4908 3300 4965 ducere
3320 4949 3337 4976 ,
3355 4910 3430 4965 illi
3445 4911 3689 4967 divinum

2095 5003 2373 5062 oraculum
2428 5001 2839 5073 posthabentes,
2891 5015 3016 5055 cum
3060 5002 3326 5058 uxoribus
3369 5002 3690 5074 alienigenis

2103 5095 2558 5154 consuescebant.
2614 5090 2672 5147 Id
2711 5092 2996 5161 mgcrrime
3044 5090 3227 5149 ferens
3275 5092 3499 5159 Esdras,
3537 5102 3690 5149 veste

2101 5190 2378 5247 conscissa
2408 5186 2691 5244 lsraelitas
2726 5184 2945 5256 lugebat
2967 5184 3034 5251 ",
3060 5194 3117 5240 et
3149 5193 3209 5240 ut
3250 5186 3319 5240 ab
3365 5184 3688 5255 alienigenis

2101 5289 2490 5350 separarentur
2528 5275 2856 5333 obsecrabat
2876 5274 2945 5332 ιθ.
2991 5274 3145 5341 Quod
3193 5273 3303 5329 illis
3335 5282 3420 5329 est
3461 5287 3688 5343 persua-

2096 5390 2245 5438 sum,
2278 5371 2624 5434 timentibus,
2655 5370 2843 5435 credo,
2894 5367 3031 5423 iram
3068 5366 3307 5421 divinam
3345 5372 3401 5419 et
3445 5364 3685 5420 futuram

2094 5466 2489 5532 calamitatem,
2558 5462 2663 5519 nisi
2718 5462 2984 5517 honorem
3035 5457 3139 5528 legi
3189 5456 3491 5522 haberent,
3555 5472 3684 5514 cum

2095 5558 2397 5631 praesertim
2446 5553 2784 5626 experientia
2837 5550 3103 5620 majorum
3150 5546 3232 5603 eis
3269 5560 3369 5617 pro
3423 5548 3687 5620 magistra

2096 5659 2262 5709 esset.
2289 5649 2586 5719 Postquam
2607 5643 2890 5714 repudiata
2926 5638 3366 5696 muliercularum
3398 5639 3690 5696 multitudo

2449 5767 2498 5799 '*
2536 5761 2603 5818 ιιι
2646 5762 2782 5835 Reg.
2816 5775 2894 5829 ιι,
2930 5759 3021 5816 5i.
3165 5758 3211 5793 ”
3249 5757 3271 5816 1
3314 5760 3471 5817 Esdr.
3512 5775 3589 5826 Ix,
3627 5760 3686 5827 3,
