4054 6500
411 422 510 489 ssi
1346 372 1469 483 vs.
1512 412 1791 482 CYlilLLl
1832 406 2305 478 ALEXANDRINI
2346 410 2668 476 ARCHIEP.
2758 372 2767 383 ’
2858 484 2864 491 ,
3274 483 3284 490 ,
3412 484 3417 487 _
3571 404 3677 462 588

415 551 789 622 Hierosolyma
840 551 1113 619 discessit,
1183 557 1294 604 tum
1346 547 1589 604 ﬁnitimae
1638 558 1824 617 gentes
1887 560 1994 600 non

2099 543 2256 598 τοῦτο
2287 542 2419 612 δρᾷν
2451 540 2819 602 ἀνεπείθοντο,
2848 528 3078 602 δεδιότες
3108 534 3249 605 τάχα
3273 549 3376 622 που
3403 528 3472 584 τὰ
3507 524 3569 595 ἐξ
3594 527 3681 622 ὀρ-

413 644 689 703 immerjto
743 643 1084 698 cxacerbatae
1126 644 1288 705 sunt,
1341 648 1399 694 et
1452 639 1581 709 ipsae
1620 652 1833 708 quoque
1885 651 1991 697 non

2099 632 2199 703 γῆς
2239 634 2332 686 καὶ
2375 622 2483 684 τῶν
2514 629 2789 701 ἐσομένων
2824 625 3028 690 αὐτοῖς,
3058 625 3107 676 εί
3149 622 3225 693 μὴ
3258 619 3465 672 ἕλοιντο
3508 614 3679 709 τιμᾷν

415 731 677 785 mediocri
733 729 941 786 affecta:
992 729 1210 797 injuria.
1260 726 1327 782 Et
1378 726 1507 780 illud
1556 727 1774 795 insuper
1809 739 1993 780 secum

412 822 647 878 fortasse
696 823 1030 892 cogitabant.
1091 819 1358 886 Quoniam
1408 819 1554 874 enim
1612 817 1995 889 Hierosolyma:

414 928 602 968 muros
650 912 913 969 Israelita:
950 913 1348 976 instaurabant,
1384 921 1440 965 et
1467 911 1707 965 divinum
1739 910 1994 978 templum

415 1000 751 1059 reaedilicare
788 1002 1123 1063 nitebantur,
1150 1001 1365 1056 invidiae
1396 1000 1518 1055 telis
1553 1000 1746 1065 saucii,
1775 1008 1830 1054 et
1873 999 1995 1054 irati

415 1092 623 1159 hostes,
656 1108 792 1163 opus
848 1092 1112 1159 impedire
1165 1090 1620 1161 aggrediebantur
1639 1090 1707 1156 ⁸⁷,
1754 1089 1907 1155 illud,
1937 1101 1997 1145 ut

418 1186 503 1237 est
548 1183 869 1249 verisimile,
920 1183 1121 1237 animis
1163 1183 1461 1248 volventes,
1509 1183 1552 1238 si
1593 1181 1759 1238 Israel
1808 1183 1996 1251 pristi-

421 1290 547 1328 nam
584 1274 879 1343 potentiam
912 1283 1286 1343 recuperaret,
1331 1274 1600 1343 urbesque
1637 1273 1811 1329 muris
1849 1289 1999 1329 corn-

422 1364 659 1419 munitas
706 1363 1033 1432 possideret,
1088 1373 1143 1417 et
1177 1364 1556 1419 universorum
1602 1366 1767 1420 Deum
1812 1366 2000 1421 defen-

421 1468 605 1508 sorem
663 1455 922 1521 haberet,
984 1455 1075 1523 qui
1136 1456 1190 1509 in
1240 1456 1478 1526 templo,
1540 1465 1600 1511 ut
1664 1458 1995 1526 antiquitus,

421 1538 726 1604 coleretur,
785 1555 1000 1595 rursum
1059 1541 1498 1609 dominaturum,
1549 1552 1605 1598 et
1649 1544 1768 1614 ejus
1812 1546 1998 1616 iugum

421 1622 679 1685 omnibus
713 1629 1115 1686 intolerandum
1167 1631 1303 1698 fore,
1335 1643 1389 1688 et
1431 1635 1629 1691 vicinis
1660 1632 1858 1692 tributa
1894 1638 1999 1691 im-

422 1719 751 1789 positurum,
810 1734 905 1776 eos
944 1721 997 1775 in
1039 1724 1353 1780 servitutem
1402 1726 1769 1792 redacturum,
1812 1743 2001 1783 eorum

424 1808 572 1880 agris
620 1809 838 1878 penitus
884 1810 1216 1876 deVastatis,
1262 1814 1307 1868 si
1355 1817 1444 1883 Qui
1512 1816 1700 1882 velint,
1755 1818 2001 1886 quamvis

2093 726 2184 778 τὸν
2214 725 2398 795 νόμον,
2423 724 2534 777 τῶν
2564 720 2972 795 προγεγονότων
3017 716 3117 787 τὴν
3162 716 3359 784 πεῖραν
3398 704 3682 762 ἐποιοῦντο

2093 811 2666 880 διδάσκαλον.Ἐπειδὴ
2709 802 3073 877 ἀπεϐέὸλητο,
3111 804 3207 857 καὶ
3254 798 3527 869 ἀπεφοίτα
3570 795 3682 849 τῶν

2108 897 2369 976 Ἰεροσολύ
2379 920 2496 974 μων
2523 905 2558 974 ἡ
2583 900 2692 954 τῶν
2722 897 3034 968 ἀλλοφύλων
3058 894 3294 966 γυναίων
3318 890 3548 963 πληθὺς,
3569 888 3685 940 λοι-

2096 975 2196 1049 πὺν
2226 994 2542 1063 ἀναγκαίως
2573 991 3059 1064 κατεπικραίνοντο
3084 988 3218 1060 πρὸς
3247 978 3417 1056 ὀργὰς
3441 982 3491 1035 οἱ
3523 975 3683 1050 περί-

2095 1102 2237 1139 οικοι
2260 1076 2371 1137 τῶν
2394 1076 2583 1147 ἐθνῶν,
2619 1083 2718 1137 ἆτε
2748 1081 2814 1148 δὴ
2843 1080 2938 1134 καὶ
2977 1078 3066 1132 διὰ
3106 1072 3310 1130 τούτων
3348 1071 3410 1125 ού
3447 1069 3686 1141 μετρίως

2096 1173 2495 1245 ὲξυόρισμένοι.
2527 1172 2638 1226 Καὶ
2682 1172 2819 1242 πρός
2864 1188 2930 1239 γε
2980 1169 3045 1240 δὴ
3082 1168 3257 1238 τούτῳ
3306 1163 3527 1219 κάκεῖνό
3578 1177 3683 1213 που

2097 1268 2237 1337 τάχα
2265 1265 2624 1334 διελογίζοντο
2651 1262 2793 1317 κατά
2819 1262 2956 1332 σφᾶς
2980 1260 3198 1323 αὐτούς.
3215 1250 3433 1327 Ἐπειδὴ
3452 1254 3564 1325 γὰρ
3584 1253 3685 1324 τὴν

2110 1356 2465 1429 Ἰερουσαλὴμ
2504 1353 2834 1426 ἀνετείχιζον
2868 1355 2989 1425 μὲν,
3017 1344 3345 1416 ἐσπούδαζον
3378 1343 3436 1400 δὲ
3464 1345 3560 1399 καὶ
3587 1342 3686 1399 αύ-

2099 1448 2188 1502 τὺν
2216 1448 2305 1502 τὸν
2347 1448 2490 1501 θεῖον
2537 1446 2773 1517 ἐγείρειν
2800 1444 2949 1509 ναὸν,
2978 1445 3092 1506 τοῖς
3121 1441 3213 1494 τοῦ
3247 1439 3444 1508 φθόνου
3474 1434 3685 1507 βέλεσιν

2099 1537 2413 1592 ἀνεκαίοντο
2457 1536 2593 1609 πρὸς
2638 1535 2828 1607 ὀργὰς,
2858 1534 2954 1588 καὶ
2993 1528 3310 1585 διακωλύειν
3342 1524 3681 1597 ἐπεχείρουν,

2101 1630 2276 1683 ἐκεῖνο
2296 1628 2584 1699 διενθυμού
2593 1644 2766 1698 μενοι,
2786 1623 2928 1679 κατά
2949 1642 3013 1693 γε
3032 1620 3092 1676 τὸ
3113 1618 3281 1686 είκδς,
3306 1620 3381 1683 ὡς
3404 1619 3452 1671 εί
3476 1615 3686 1685 γένοιτο

2101 1720 2264 1774 πάλιν
2292 1723 2319 1774 ὁ
2345 1719 2564 1792 Ἰσραὴλ
2596 1720 2653 1772 ὲν
2677 1710 3016 1778 δυναστείαις
3056 1710 3177 1776 ταῖς
3218 1709 3430 1784 πρώην,
3462 1707 3559 1762 καὶ
3598 1723 3688 1758 τε-

2102 1812 2450 1882 τειχισμένας
2499 1808 2596 1880 μὲν
2621 1809 2733 1880 ἔχοι
2778 1807 2879 1872 τὰς
2909 1804 3110 1871 πόλεις,
3137 1801 3485 1873 ὲπαμύνοντα
3594 1798 3686 1852 τὸν

424 1899 586 1971 longo
618 1908 739 1967 post
774 1907 1016 1968 tempore
1048 1909 1254 1956 tantum
1284 1918 1380 1958 eos
1422 1916 1608 1959 contra
1639 1907 1853 1961 intueri.
1893 1907 2000 1962 Hac

2102 1901 2212 1954 τῶν
2237 1902 2375 1955 ὅλων
2407 1899 2557 1965 Θεὸν,
2588 1898 2682 1953 ἅτε
2708 1898 2771 1968 δὴ
2801 1899 2916 1963 τοῖς
2938 1897 3184 1970 ἀρχαίοις
3206 1888 3352 1947 ἔθεσι
3384 1888 3685 1964 θεραπευό-

423 1990 494 2045 de
527 2004 691 2044 causa
738 1989 1110 2045 subornarunt
1141 1993 1424 2061 quosdam,
1468 1995 1557 2063 qui
1589 2009 1683 2050 eos
1729 2010 1829 2051 nec
1866 2006 2002 2052 tem-

422 2080 537 2151 plo,
568 2095 675 2135 nec
694 2078 966 2139 manibus
990 2084 1265 2140 struendis
1295 2092 1512 2140 manum
1544 2085 1833 2141 admbvere
1856 2092 2005 2157 pate-

423 2184 638 2230 rentur.
670 2174 807 2232 Cum
854 2176 1054 2233 frustra
1105 2176 1434 2241 laborarent,
1485 2179 1593 2233 Deo
1639 2178 2001 2234 Israelitarutn

422 2264 605 2321 studia
670 2279 1050 2338 prosperante,
1098 2269 1270 2322 armis
1314 2268 1517 2324 deinde
1564 2271 1857 2339 correptis,
1908 2282 2004 2327 eos

424 2357 740 2424 opprimere
784 2358 1092 2413 voluerunt.
1125 2356 1346 2424 Verum,
1376 2359 1665 2427 adiuvante
1701 2361 1830 2428 Deo,
1877 2361 2003 2417 victi

426 2447 499 2502 ab
531 2448 662 2517 ipsis
705 2448 1083 2519 intermctique
1112 2460 1258 2505 sunt.
1285 2451 1364 2504 Ad
1397 2451 1498 2505 hoc
1531 2459 1712 2506 autem
1752 2454 2004 2523 proelium

426 2537 482 2592 in
512 2537 709 2594 vallem
730 2538 993 2610 Josapbat
1018 2540 1310 2595 multitudo
1328 2552 1448 2596 sese
1462 2543 1707 2613 collegit,
1731 2544 1824 2614 qui
1851 2543 2005 2600 locus

425 2643 531 2682 non
562 2627 745 2683 multis
774 2628 843 2683 ab
865 2629 1240 2700 Hierosolyma
1275 2631 1471 2691 stadiis
1505 2646 1698 2688 versus
1731 2635 2000 2689 orientem

424 2719 613 2777 distat.
678 2720 847 2777 Aiunt
894 2723 1101 2777 nudum
1141 2730 1199 2775 et
1236 2723 1557 2791 equitationi
1617 2734 1805 2794 aprum
1858 2740 2002 2780 esse.

424 2810 695 2866 Caeterum
747 2813 1085 2882 potentiores
1130 2813 1393 2881 quosdam
1445 2813 1701 2869 lsraelitis
1762 2815 2002 2869 divinum

427 2904 688 2972 templum
734 2904 1143 2959 exstruentibus
1193 2904 1477 2968 invidisse,
1527 2914 1583 2958 ct
1640 2906 1773 2960 nihil
1824 2916 2005 2961 tamen

424 2995 744 3066 profecisse,
784 2996 999 3051 docebit
1039 2997 1227 3051 beatus
1250 2997 1452 3053 Esdras
1473 2998 1549 3051 ita
1572 2998 1821 3054 scribens
1852 3017 1866 3053 :
1892 3017 1918 3050 ι
1947 2998 2003 3053 1η

423 3085 747 3141 Artaxerxis
778 3092 959 3140 autem
987 3073 1132 3155 regis
1162 3083 1452 3141 Persarum
1486 3087 1839 3157 temporibus,
1866 3088 2005 3143 scri-

423 3186 653 3246 pserunt
685 3177 734 3232 ei
766 3178 832 3234 de
869 3178 954 3233 bis
985 3178 1079 3246 qui
1114 3176 1430 3232 habitabant
1456 3178 1511 3232 in
1541 3176 1725 3232 Judtea
1758 3188 1813 3232 et
1848 3177 2006 3233 Jeru-

2104 2009 2265 2063 μενον
2307 1993 2365 2046 ὲν
2412 1990 2546 2062 ναῷ,
2584 1990 2747 2045 πάλιν
2792 1988 3225 2059 κατακρατήσει,
3272 1985 3369 2038 καὶ
3412 1982 3686 2054 ἀφόρητος

2100 2085 2257 2140 ἔσται
2306 2086 2418 2147 τοῖς
2465 2081 2804 2155 ἁπανταχοῦ,
2858 2082 2954 2136 καὶ
2996 2079 3254 2152 δασμοὺς·
3282 2076 3534 2133 ἐπισαλετ
3575 2074 3688 2130 τῶν

2100 2177 2316 2249 ὁμόρων
2348 2180 2477 2246 τισὶ,
2511 2177 2604 2232 καὶ
2631 2177 2926 2234 ἁλώσονται
2957 2175 3195 2241 πάντως,
3230 2171 3688 2246 καττιδῃηνμένων

2101 2271 2283 2333 αὐτοῖς
2318 2270 2426 2325 τῶν
2463 2271 2677 2341 χωρῶν,
2710 2273 2759 2324 εί
2795 2269 2860 2340 δή
2888 2286 3033 2332 τινες
3063 2268 3270 2322 ἕλοιντο
3295 2265 3399 2320 κᾶν
3434 2265 3566 2333 γοῦν
3586 2263 3689 2333 ὀψὲ

2102 2359 2420 2429 ἀντιϐλέψαι
2468 2360 2650 2431 μόνονδ
2703 2358 2919 2429 Ταύτης
2965 2357 3128 2410 ἕνεκα
3172 2356 3275 2427 τῆς
3314 2353 3497 2418 αἰτίας
3538 2366 3689 2422 παρ-

2100 2451 2399 2517 εσκεύαζον
2450 2450 2550 2522 μέν
2600 2466 2755 2515 τινας
2800 2448 3087 2521 ἀπείργειν
3133 2448 3333 2511 αὐτοὺς
3362 2446 3476 2501 τῶν
3504 2458 3567 2500 τε
3595 2446 3688 2500 ἐπ’

2101 2543 2252 2615 αὐτῷ
2297 2544 2375 2615 τῷ
2406 2544 2540 2615 ναῷ,
2571 2544 2665 2598 καὶ
2711 2546 2824 2608 τοῖς
2873 2542 3076 2612 τείχεσι
3122 2538 3686 2612 παρεσκευασμένων.
3781 2582 3794 2591 .

2113 2634 2333 2706 Ἐπειδὴ
2362 2634 2420 2688 δὲ
2453 2635 2637 2697 αὐτοῖς
2672 2633 2934 2705 ἀνόνητος
2960 2628 3027 2703 ἦν
3054 2635 3088 2704 ἡ
3116 2630 3346 2702 σπονδὴ,
3379 2629 3517 2684 Θεοῦ
3555 2640 3691 2683 κατ-

2101 2727 2416 2796 ευρύνοντος
2448 2727 2563 2790 τοῖς
2592 2725 2893 2796 ἐξἾςραὴλ
2935 2724 3035 2795 τὴν
3084 2723 3193 2777 τῶν
3242 2720 3691 2791 ἐπιτηδευμάτων

2101 2819 2241 2882 ὁδὸν,
2270 2819 2571 2883 ὡπλίζοντο
2615 2818 2819 2881 λοιπὸν,
2849 2817 2943 2871 καὶ
2977 2814 3440 2886 καταστρατεύειν
3472 2812 3686 2886 ἤθελον.

2116 2909 2256 2964 Ἀλλ’
2290 2910 2532 2980 ἣλωσαν,
2557 2909 2654 2963 καὶ
2701 2907 3026 2962 πεπτώκασι
3080 2906 3452 2977 ἐπαμύνοντος
3503 2905 3688 2966 αὐτοῖς

2103 2998 2261 3053 Θεοῦ.
2289 2999 2486 3068 Γέγονε
2536 2998 2595 3053 δὲ
2637 2997 2747 3052 τῶν
2790 2999 2870 3061 είς
2912 2995 3073 3051 τοῦτο
3117 2995 3607 3068 συναγηγερμένων
3650 2994 3690 3065 ἠ

2102 3091 2347 3161 ἄθροισις
2395 3092 2454 3144 ὲν
2489 3091 2556 3161 τῇ
2587 3089 2793 3144 κοιλάδι
2816 3089 3106 3158 Ἰωσαφὰτ,
3141 3088 3317 3159 χῶρος
3349 3088 3407 3141 δὲ
3433 3083 3586 3151 οὗτος
3624 3085 3689 3140 οὐ

2108 3180 2323 3244 πολλοῖς
2368 3181 2607 3243 σταδίοις
2647 3180 2868 3252 ἀπέχων
2914 3178 3013 3252 τῆς
3048 3176 3426 3252 Ἰερουσαλὴμ,
3475 3182 3533 3234 ὲν
3573 3182 3691 3245 τοῖς

423 3269 616 3336 salem,
659 3269 961 3335 Balsamus,
998 3278 1054 3325 et
1095 3268 1459 3333 Mithridates,
1511 3278 1567 3324 et
1612 3269 1903 3333 Sabellius,
1946 3280 2000 3326 et

2102 3268 2239 3345 πρὸς
2265 3271 2347 3342 ὴῶ
2378 3272 2588 3344 μέρεσι.
2607 3271 2778 3326 Ψιλὸν
2806 3271 2864 3326 δὲ
2885 3265 3027 3325 εἷναί
3063 3287 3217 3340 φασι,
3235 3272 3329 3325 καὶ
3362 3269 3690 3341 ἱππήλατον.

422 3358 729 3425 Reatimus,
769 3369 824 3416 et
858 3360 1220 3428 Bclthetmus,
1264 3370 1319 3415 et
1361 3360 1755 3419 Geentethmus
1798 3361 1998 3425 scriba,

422 3460 479 3506 et
509 3451 701 3522 reliqui
742 3451 859 3519 ejus
885 3451 1092 3507 ordinis
1123 3452 1177 3506 in
1215 3451 1463 3508 Samaria
1509 3453 1833 3521 caeterisque
1870 3452 2003 3509 locis

424 3542 735 3600 habitantes
759 3543 840 3608 ⁵⁸,
870 3561 891 3596 ι
948 3545 1001 3599 in
1058 3544 1198 3599 hanc
1264 3546 1593 3600 sententiam
1638 3562 1653 3599 :
1705 3534 2000 3601 Jerusalem

424 3633 543 3690 fore
567 3636 844 3691 civitatem
883 3635 1384 3707 inexpugnabilem,
1416 3634 1585 3707 235
1616 3650 1718 3692 nec
1759 3636 1868 3693 ulla
1909 3654 2001 3692 ra-

427 3729 577 3784 tione
615 3728 739 3783 aliis
765 3728 985 3799 regibus
1008 3729 1349 3795 subiectam;
1398 3729 1495 3785 sed
1524 3729 1872 3786 rebellantem
1905 3747 2002 3786 au-

421 3820 739 3886 dacissime,
771 3830 851 3885 et,
903 3820 950 3875 si
1007 3820 1295 3890 antiquum
1337 3829 1541 3879 statum
1571 3835 1639 3876 ac
1678 3822 1999 3891 dignitatem

404 3910 677 3981 recipiat,
694 3909 1132 3983 Babyloniorum
1176 3907 1539 3991 principibus,
1578 3912 1674 3982 qui
1715 3923 1831 3967 tum
1880 3912 2003 3967 tuu-

424 4004 557 4065 rint.
606 4018 865 4059 curarum
926 4002 1127 4059 ﬂuctus
1171 4005 1559 4061 excitaturam.
1606 4006 1680 4060 At
1724 4006 1869 4065 enim
1917 4004 2004 4059 his

423 4095 642 4165 scriptis
703 4094 834 4153 nihil
893 4095 1118 4153 onmino
1181 4098 1460 4155 consecuti
1520 4104 1670 4153 sunt.
1722 4094 2006 4162 Rogabant

422 4187 850 4256 porro._quidam
902 4200 935 4242 θ
978 4185 1251 4254 Samaria,
1300 4199 1363 4244 ut
1401 4187 1539 4256 ipsis
1582 4200 1711 4242 cum
1758 4185 1846 4240 his
1908 4186 2002 4254 qui

427 4276 701 4348 Babylone
742 4288 1090 4343 revenerant,
1131 4279 1384 4336 laborare
1411 4288 1468 4334 et
1486 4275 1756 4331 aediﬁcare
1786 4276 1998 4333 liceret.

423 4367 715 4437 Repulsam
751 4367 1009 4424 tulerunt.
1042 4368 1405 4435 Quamobrem
1442 4369 1570 4421 dum
1600 4368 1858 4427 adversus
1883 4368 2002 4425 illo—

424 4474 543 4513 rum
569 4468 760 4528 postea
789 4460 1223 4516 machinationes
1245 4474 1305 4515 se
1336 4466 1553 4513 tuentur
1585 4456 1864 4523 lsraelitae,
1889 4474 1998 4515 non

409 4563 615 4618 parum
651 4558 778 4604 sunt
807 4550 1112 4621 defatigati.

2106 3361 2229 3416 Ὅτι
2270 3362 2326 3417 δὲ
2372 3362 2758 3435 διεφθονήκασι
2813 3359 2913 3431 μέν
2964 3378 3109 3424 τινες
3151 3359 3260 3414 τῶν
3304 3360 3693 3431 δυνατωτέρων

2102 3454 2217 3517 τοῖς
2252 3453 2316 3519 ἐξ
2345 3452 2561 3526 Ἰσραὴλ
2593 3454 2684 3508 τὸν
2727 3453 2871 3508 θεῖον
2901 3453 3176 3523 ἐγείρουσι
3206 3452 3357 3518 ναὸν,
3385 3451 3602 3524 ὤνησαν
3631 3453 3691 3507 δὲ

2100 3544 2274 3611 οὐδὲν,
2315 3543 2516 3609 διδάξει
2564 3544 2738 3613 λέγων
2786 3545 2815 3597 ὁ
2858 3544 3127 3615 μακάριος
3156 3542 3391 3615 Ἔσδρας
3416 3560 3431 3575 ο
3464 3562 3481 3595 ι
3505 3544 3594 3598 Ἐν
3631 3542 3692 3599 at

2099 3636 2212 3699 τοῖς
2240 3633 2333 3686 ἐπὶ
2355 3633 2716 3705 Ἀρταξέρξου
2763 3628 2856 3687 τοῦ
2895 3622 3123 3704 Περσῶν
3156 3632 3420 3703 βασιλέως
3452 3633 3687 3705 χρόνοις,

2084 3725 2456 3809 ,κατέγραψαν
2494 3726 2638 3779 κατά
2679 3725 2788 3778 τῶν
2819 3724 3216 3779 κατοικούντων
3244 3726 3305 3779 ὲν
3332 3728 3399 3797 τῇ
3429 3724 3687 3797 Ἰουδαίᾳ,

2100 3818 2196 3871 καὶ
2239 3819 2298 3872 ὲν
2332 3818 2685 3889 Ἰερουσαλὴμ
2734 3816 3000 3889 Βήλεμος,
3041 3818 3137 3873 καὶ
3186 3817 3544 3889 Μιθριδάτης,
3590 3820 3689 3874 καὶ

2082 3908 2407 3977 Σαϐἐλλιος,
2443 3910 2539 3965 καὶ
2570 3909 2847 3980 Ῥάθιμος,
2881 3911 2997 3963 καὶ-
3024 3910 3346 3982 Βέλτεθμος,
3392 3912 3485 3964 καὶ
3528 3911 3691 3965 Γεέν-

2098 3999 2298 4072 τεθμος
2324 4003 2354 4055 ό
2386 4002 2769 4071 γραμματεὺς,
2802 4002 2897 4054 καὶ
2925 4002 2975 4055 οἱ
3000 4000 3178 4055 λοιποὶ
3221 4004 3270 4056 oi
3320 4001 3529 4067 τούτοις
3563 4020 3691 4056 συν-

2088 4094 2446 4171 τασσόμενοι,
2482 4092 2760 4177 οίκοῦντες
2795 4091 2853 4146 δὲ
2896 4094 2955 4147 ὲν
2984 4094 3288 4167 Σαμαρείᾳ,
3325 4094 3558 4159 καὶτοῖς
3589 4095 3689 4149 ἇλο

2086 4183 2212 4255 ⁴λοις
2238 4185 2446 4246 τόποις.
2470 4203 2489 4235 ι
2514 4179 2623 4237 Ἦν
2655 4183 2711 4238 δὲ
2741 4185 2841 4255 τῆς
2875 4185 3096 4267 γραφῆς
3124 4185 3301 4241 τοιάδε
3338 4204 3423 4250 τις
3454 4188 3487 4258 ἡ
3524 4187 3687 4241 δύνα-

2103 4276 2324 4351 μκ,λὼς
2369 4275 2455 4347 εἴη
2500 4274 2605 4346 -μὲν
2653 4275 2807 4341 πόλις
2852 4276 3157 4348 ἄθραυστον
3206 4277 3407 4350 ἔχουσα
3456 4278 3690 4350 δύναμιν

2082 4365 2488 4438 ,Ἰερουσαλὴμ
2522 4367 2731 4437 ἥκουσα
2782 4367 2840 4422 δὲ
2882 4369 3131 4440 οὐδαμῶς
3175 4372 3286 4434 τοῖς
3333 4369 3442 4424 τῶν
3485 4372 3689 4442 ἑτέρων

2099 4458 2292 4532 χωρῶν
2328 4452 2669 4530 βασιλεῦσιν·
2705 4461 3133 4534 ἀντεγειρομένη
3169 4463 3226 4517 δὲ
3255 4460 3455 4534 μᾶλλον
3482 4465 3690 4537 σφόδρα

2099 4540 2383 4617 νεανικῶς,
2417 4552 2482 4607 ἶν’
2509 4555 2559 4606 εί
2606 4553 2818 4622 γένοιτο
2863 4554 3026 4609 πάλιν
3060 4556 3427 4627 ύπονοστῆσαι
3457 4552 3593 4627 πρὸς
3625 4557 3689 4611 τὸ

418 4640 668 4712 ἀρχαῖον,
702 4641 799 4695 καὶ
822 4640 1009 4705 αὐτοῖς
1037 4637 1288 4701 σαλεύει-ει
1319 4637 1604 4710 φροντίδας
1629 4640 1743 4703 τοῖς
1770 4638 1872 4709 τῆς
1921 4636 2241 4708 Βαθυλῶνος
2302 4643 2445 4698 κατὰ
2499 4646 2726 4715 καιροὺς
2763 4640 3260 4717 ἡγουμένοιςθᾼλλ*
3324 4647 3541 4720 ὤνησαν
3584 4648 3687 4720 μὲν

417 4732 489 4800 τὰ
525 4730 703 4789 τοιάδε
747 4733 1087 4803 γεγραφότες
1123 4730 1401 4793 παντελῶς
1447 4729 1618 4786 οὐδέν.
1651 4732 2002 4803 Παρεκάλουν
2039 4733 2101 4787 δέ
2128 4752 2272 4799 τινες
2317 4735 2429 4790 τῶν
2474 4738 2532 4790 ὲν
2580 4738 2888 4810 Σαμαρείᾳ,
2948 4735 3058 4790 τῶν
3089 4738 3154 4791 ὲκ
3188 4734 3509 4804 Βαῦυλῶνος
3554 4757 3687 4810 μετ-

415 4823 766 4893 οικισθέντων
794 4821 1224 4895 συνεργάζεσθαι
1249 4835 1332 4888 τι,
1360 4821 1454 4876 καὶ
1511 4824 1913 4894 συνοικοδομεῖν
1964 4825 2176 4890 αὐτοῖς»
2207 4826 2271 4881 Oi
2300 4826 2358 4880 δὲ
2396 4822 2498 4881 οὐκ
2527 4820 2740 4898 ἤθελον,
2774 4828 2869 4883 καὶ
2913 4828 3114 4901 ταύτης
3142 4828 3305 4884 ἕνεκα
3336 4830 3434 4902 τῆς
3503 4830 3687 4898 αἰτίας

418 4917 765 4989 nuntiatae“:
811 4916 872 4971 οὐ
904 4914 1197 4987 μετρίως,
1246 4917 1367 4978 ταῖς
1415 4916 1641 4971 ἐκείνων
1687 4916 2002 4981 ἐπιϐουλαῖς
2036 4917 2446 4986 ἁντεξάγοντες.

490 5008 590 5069 Est
631 5021 803 5079 porro
846 5008 989 5077 apud
1024 5004 1255 5067 Esdratn
1300 5005 1365 5063 in
1414 5007 1559 5067 hunc
1592 5008 1856 5065 modum:
1885 5025 1905 5059 ι
1936 5007 2000 5062 Et

2178 5010 2497 5083 Γέγραπται
2550 5008 2607 5063 δὲ
2672 5009 2847 5074 οὔτως
2921 5012 2981 5065 ὲν
3053 5007 3133 5080 τῷ
3196 5010 3405 5085 Ἐσδρᾳ
3483 5010 3682 5066 πάλιν

419 5099 711 5159 audierunt
772 5099 1096 5157 tribulantes
1136 5097 1331 5155 ludam
1388 5108 1445 5154 et
1492 5098 1800 5168 Beniamin,
1850 5100 1997 5167 quod

2103 5116 2124 5152 ι
2157 5100 2551 5173 Καὶιῆκουσαν
2599 5102 2648 5154 οί
2681 5099 2956 5167 θλίϐοντες
3000 5100 3224 5166 Ἰούδαν,
3253 5103 3350 5156 καὶ
3400 5102 3683 5175 Βενιαμὶν,

420 5190 520 5246 lilii
548 5188 1045 5263 transmigrationis
1073 5190 1344 5247 ediﬁcant
1368 5191 1596 5246 domum
1623 5192 1852 5247 Domino
1882 5191 1995 5247 Deo

2099 5192 2179 5246 ὅτι
2238 5193 2286 5243 oi
2332 5191 2440 5245 υἱοὶ
2490 5191 2590 5264 τῆς
2648 5191 2906 5257 ἀποικίας
2960 5192 3335 5264 οίκοδομοῡσιν
3397 5187 3543 5246 οἷκον
3603 5188 3683 5264 τῷ

418 5281 610 5339 lsrael.
651 5282 720 5337 Et
734 5288 1091 5340 accesserunt
1120 5280 1186 5339 ad
1216 5280 1604 5339 Zorebsbelem
1638 5290 1695 5337 et
1723 5282 1994 5353 principes

2099 5281 2287 5353 Κυρίῳ
2329 5278 2448 5354 Θεῷ
2468 5282 2715 5357 Ἰσραήλ·
2751 5284 2847 5339 καὶ
2892 5285 3126 5357 ἤγγισαν
3174 5284 3313 5355 πρὸς
3356 5282 3680 5359 Ζοροϐάϐελ,

410 5372 777 5439 familiarum,
805 5381 863 5431 et
883 5371 1141 5430 dixerunt
1161 5374 1242 5430 eis
1267 5392 1283 5428 :
1309 5371 1669 5437 Edlﬂoemus
1690 5373 1991 5441 vobiscum,

2100 5373 2198 5427 καὶ
2227 5375 2363 5446 πρὸς
2391 5378 2517 5439 τοὺς
2540 5376 2808 5448 ἄρχοντας
2835 5375 2942 5430 τῶν
2968 5368 3231 5447 πατριῶν,
3264 5376 3359 5429 καὶ
3397 5369 3551 5428 εἷπον
3578 5372 3683 5426 αύ-

414 5464 548 5536 quia
594 5466 741 5523 sicut
774 5476 875 5520 vos
914 5465 1210 5535 quaerimus
1253 5466 1423 5522 Deum
1472 5472 1732 5532 vestrum,
1782 5473 1841 5523 et
1887 5466 1989 5536 ipsi

2099 5468 2202 5530 τοῖς
2223 5484 2235 5498 ·
2266 5468 2722 5539 Οίκοδομήσωμεν
2749 5464 2869 5539 μεθ⁴
2903 5469 3076 5539 ὑμῶν,
3105 5469 3188 5543 ὅτι
3226 5469 3302 5531 ὡς
3334 5468 3492 5539 ὑμεῖς
3519 5466 3685 5535 ἐκζη-

419 5568 523 5612 nos
548 5553 925 5613 sacriﬁcamus
950 5568 987 5611 ιι
1028 5555 1219 5612 diebus
1256 5556 1577 5621 Asaradam,
1620 5555 1763 5625 regis
1792 5556 1984 5623 Assur,

2099 5561 2293 5633 τοῦμεν
2323 5561 2415 5616 τὸν
2445 5561 2576 5615 Θεὺν
2607 5560 2780 5630 ὑμῶν,
2814 5561 2909 5614 καὶ
2952 5560 3102 5632 αύτῷ
3144 5563 3303 5633 ἡμεῖς
3351 5558 3682 5626 θυσιάζομεν

418 5646 510 5716 qui
545 5645 697 5702 duxit
718 5659 820 5702 nos
853 5644 981 5702 huc.
1013 5644 1313 5703 Zorobabel
1342 5653 1524 5701 autem
1550 5662 1672 5702 cum
1700 5647 1990 5703 comitibus

2099 5649 2203 5705 ἀπὸ
2252 5650 2474 5722 ἡμερῶν
2500 5644 2805 5722 ’Ᾱσαραδάν
2852 5650 3119 5723 βασιλέως
3142 5650 3376 5722 Ἀσσοὺρ
3402 5648 3495 5702 τοῦ
3525 5647 3677 5715 ὲνέγ·

487 5824 534 5859 ⁵⁷
567 5821 611 5880 ll
642 5822 800 5882 Esdr.
839 5839 921 5897 ιιι,
955 5825 1201 5898 passim;
1241 5822 1287 5879 ll
1319 5822 1474 5879 Esilr.
1512 5838 1584 5892 tv,
1617 5823 1703 5880 l7.
1780 5823 1827 5857 ⁵⁸
1856 5808 1925 5879 lli
1947 5822 2000 5877 Es

2099 5840 2197 5887 .u,
2240 5823 2357 5879 l6.‘
