4054 6454
373 362 485 423 589

1279 363 1835 423 COMMENTARIUS
1874 362 1941 421 IN
1984 350 2251 420 JOELEM
2290 350 2736 417 PROPJIETAM.

3583 368 3689 425 390

371 498 576 547 καντος
629 484 779 554 ἡμᾶς
828 475 953 538 ὧδε.
986 486 1050 540 Οἱ
1096 486 1151 540 δέ
1188 490 1317 559 περὶ
1346 487 1437 542 τὸν
1470 486 1779 560 Ζοροϐάϐελ
1814 482 1988 544 εἶπον’

2101 485 2213 541 suis
2256 485 2577 555 respondit:
2614 484 2731 539 Non
2766 485 2918 540 vobis
2950 495 3002 539 et
3047 484 3225 551 nobis,
3262 492 3319 540 ut
3357 486 3693 543 aediﬁcemus

373 574 496 644 Οὐχ
538 568 672 645 ὑμῖν
702 577 799 630 καὶ
850 580 986 648 ἡμῖν
1036 578 1131 632 τοῦ
1168 580 1522 652 οἰκοδομῆσαι
1551 578 1701 636 οἷκον
1750 581 1829 653 τῷ
1873 581 1993 653 Θεῷ

371 669 561 739 ήμῶν,
597 670 680 723 ὅτι
727 672 893 741 ἡμεῖς
934 672 1092 726 αὐτοὶ
1134 674 1227 725 ἐπὶ
1275 674 1336 727 τὸ
1382 674 1517 728 αὐτὸ
1561 676 1993 747 οἰκοδομήσομεν

373 760 576 833 Κυρίῳ
625 762 708 834 τῷ
750 762 871 834 Θεῷ
920 766 1099 837 ἡμῶν,
1134 764 1209 829 ὡς
1244 768 1549 821 ἐνετείλατο
1578 768 1710 839 ἡμῖν
1750 767 1933 839 Κῦρος
1965 769 1993 820 ὁ

374 854 641 924 βασιλεὺς
673 856 923 928 Περσῶν.
954 859 1069 912 Καὶ
1098 855 1167 932 ἦν
1194 861 1222 913 ό
1251 859 1379 923 λαὸς
1400 860 1503 930 τῆς
1535 861 1639 931 γῆς
1660 860 1871 914 ἐκλύων
1894 860 1993 923 τὰς

373 949 572 1017 χεῖρας
602 948 718 1001 ’τοῦ
766 948 899 1002 λαοῦ
922 948 1117 1013 Ἰούδα,
1154 950 1250 1004 καὶ
1295 949 1607 1015 ἐνεπόδιζον
1652 952 1850 1014 αὐτοὺς
1897 949 1991 1004 τοῦ

370 1039 710 1109 οἰκοδομεῖν,
741 1042 839 1093 καὶ
872 1040 1229 1111 μισθούμενοι
1274 1043 1362 1094 ἐπ’
1389 1043 1610 1107 αὐτοὺς,
1640 1042 1927 1096 ἐϐουλεύον
1941 1059 1993 1095 ro

369 1132 476 1185 τοῦ
520 1131 877 1186 διασκεδάσαι
929 1132 1130 1204 βουλὴν
1172 1132 1375 1188 αὐτῶν.
1407 1152 1426 1186 ›
1461 1134 1604 1187 Ἀλλ’
1631 1134 1992 1187 ἐπεϐούλευον

374 1226 507 1297 μὲν,
552 1227 841 1297 ἄπρακτος
872 1225 931 1279 δέ
968 1224 1065 1279 καὶ
1098 1225 1309 1289 τούτοις
1336 1229 1368 1298 ἡ
1401 1226 1747 1299 ἐπιχείρησις
1772 1223 1991 1299 ἦν.”οτι

371 1319 432 1374 δὲ
463 1320 569 1391 τῆς
602 1319 865 1390 λαθραίου
895 1317 1082 1371 λοιπὸν
1115 1319 1416 1392 ἀτονούσης
1447 1320 1746 1391 ἐπιϐουλῆς
1773 1320 1865 1373 τὸν
1892 1337 1990 1373 πο-

371 1412 550 1482 λέμου
585 1412 750 1482 νόμον
778 1412 951 1482 ᾔεσαν
979 1412 1402 1483 στρατευόμενοι
1425 1414 1627 1477 πάντες
1649 1416 1697 1467 oi.
1723 1413 1992 1485 περίοικοι

372 1505 492 1557 τῶν
540 1503 735 1567 ἐθνῶν,
782 1503 1003 1573 ἦλωσάν
1046 1520 1129 1565 τε.
1167 1506 1263 1557 καὶ
1314 1504 1661 1569 πεπτώκασι,
1692 1505 1991 1559 κάντεῦθεν

374 1598 447 1651 ἂν
479 1596 694 1668 μάθοις.
720 1597 933 1669 Γράφει
963 1597 1071 1670 γὰρ
1097 1592 1200 1653 ὧδε
1232 1596 1394 1652 πάλιν
1427 1599 1486 1652 ἐν
1521 1598 1600 1670 τῷ
1632 1599 1872 1671 δευτέρῳ
1910 1598 1991 1669 βι-

372 1692 517 1763 ϐλίῳ
538 1710 553 1725 ο
595 1708 613 1744 ι
650 1692 763 1745 Καὶ
798 1690 1016 1761 ἐγένετο
1046 1692 1123 1756 ὡς
1149 1693 1351 1764 ἤκουσε
1380 1692 1723 1757 Σαναϐαλὰτ,
1755 1693 1848 1746 καὶ
1874 1694 1991 1746 Τω-

371 1783 527 1851 ϐίας,
554 1784 652 1839 καὶ
695 1785 747 1838 οἱ
774 1784 1036 1856 Ἄραϐες,
1069 1782 1162 1838 καὶ
1194 1786 1241 1838 οἱ
1268 1786 1600 1857 Ἀμμανῖται
1628 1786 1710 1840 ὅτι
1744 1786 1917 1856 ἀνέϐη
1952 1788 1985 1857 ἡ

369 1879 491 1950 ιρυὴ
540 1880 659 1943 τοῖς
690 1878 929 1949 τείχεσιν
969 1878 1348 1950 Ἰερουσαλὴμ,
1384 1878 1479 1932 καὶ
1523 1880 1605 1933 ὅτι
1652 1880 1892 1951 ἦρξαντο
1936 1881 1993 1932 αί

368 1970 686 2042 διασφάγα).
714 1970 1190 2042 άναφράσσεσθαι,
1216 1971 1311 2024 καὶ
1343 1988 1478 2043 πονη
1490 1970 1581 2041 ρὸν
1610 1972 1795 2035 αὐτοῖς
1818 1971 1994 2042 ἐφάνη

373 2063 616 2136 σφόδρα.
645 2062 759 2117 Καὶ
802 2064 1153 2135 συνήχθησαν
1194 2064 1403 2127 πάντες
1437 2061 1530 2116 ἐπὶ
1577 2063 1639 2117 τὸ
1685 2064 1818 2117 αὐτὸ
1848 2064 1996 2129 ἐξελ-

372 2157 516 2221 θεῖν,
562 2156 660 2211 καὶ
706 2156 1133 2229 παρατάξασθαι
1182 2159 1239 2212 ἐν
1273 2157 1652 2231 Ἰερουσαλήμ.
1703 2158 1813 2210 Καὶ
1858 2156 1996 2228 πρὸς

374 2250 591 2323 Κύριον
638 2250 733 2306 τὸν
780 2251 914 2304 Θεὸν
956 2250 1139 2322 ἡμῶν,
1190 2252 1346 2323 φησὶ,
1394 2249 1850 2322 προσηυξάμεθα,
1898 2251 1996 2304 καὶ

371 2345 699 2417 ἐστήσαμεν
745 2344 1109 2415 προφύλακας
1151 2346 1238 2397 ἐπ’
1271 2345 1490 2410 αὐτοὺς,
1532 2345 1751 2417 ἡμέρας
1780 2345 1873 2398 καὶ
1904 2361 1997 2399 νυ-

371 2434 511 2499 κτὸς
537 2434 647 2488 ἀπὺ
674 2433 972 2504 προσώπου
1008 2434 1210 2489 αὐτῶν.
1244 2436 1355 2489 Καὶ
1398 2432 1552 2489 εἶπεν
1586 2436 1823 2501 Ἰούδαςο
1855 2438 1996 2489 Συν-

367 2527 576 2600 ετρίϐη
608 2530 641 2599 ἡ
681 2527 837 2599 ἰσχὺς
866 2527 977 2581 τῶν
1006 2528 1240 2599 ἐχθρῶν,
1276 2529 1372 2582 καὶ
1398 2527 1556 2599 ὄχλος
1591 2528 1777 2593 πολύς.
1812 2544 1831 2582 ›
1886 2520 1996 2583 Καὶ

372 2619 672 2692 σεσίγηται
706 2620 806 2691 μὲν
836 2622 895 2673 ἐν
922 2620 1134 2684 τούτοις
1171 2621 1272 2691 τῆς
1296 2620 1546 2685 κοιλάδος
1572 2623 1607 2693 ἡ
1644 2623 1857 2693 μνήμη.
1890 2620 1993 2674 Φέ-

372 2730 464 2786 ρει
493 2712 553 2766 δὲ
584 2711 746 2766 τοῦτο
780 2710 946 2766 πάλιν
976 2716 1056 2777 είς
1091 2715 1240 2785 ἡμᾶς
1260 2717 1287 2768 ό
1306 2715 1407 2785 τῆς
1429 2715 1783 2786 παραδόσεως
1811 2713 1990 2783 λόγος.

383 2804 723 2876 Ἀξιόχρεως
766 2805 824 2858 δὲ
871 2808 951 2870 είς
1006 2806 1193 2861 πίστιν
1245 2808 1278 2879 ὴ
1327 2809 1637 2878 προφητεία
1690 2808 1782 2861 καὶ
1831 2809 1996 2863 αὐτὸν

371 2897 513 2968 ἡμῖν
539 2894 633 2950 τὸν
658 2895 751 2949 τοῦ
775 2898 1016 2969 πολέμου
1046 2900 1225 2972 χῶρον
1260 2899 1728 2971 κατονομάξουσα.
1749 2898 1997 2972 Ταυτησὶ

370 2992 480 3061 τῆς
512 2990 777 3062 νίστορίας
839 2993 1157 3064 μεμνῆσθαί
1204 3012 1423 3065 φαμεν,
1477 2992 1727 3060 συνάξειν
1767 2996 1997 3066 λέγοντα

372 3086 565 3139 πάντα
591 3084 661 3137 τὰ
696 3084 830 3155 ἔθνη
857 3086 937 3148 είς
974 3087 1074 3157 τὴν
1107 3087 1333 3141 κοιλάδα
1364 3088 1457 3141 τοῦ
1482 3089 1777 3160 Ἰωσαφάτ.
1826 3090 1996 3161 Δῆλον

2097 581 2319 633 domum
2351 577 2461 633 Deo
2495 588 2704 642 nostro,
2739 578 2994 646 quoniam
3024 592 3124 632 nos
3161 578 3260 649 ipsi
3304 578 3535 648 idipsum
3565 580 3697 635 aedi-

2096 658 2383 727 licabimus
2426 671 2656 727 Domino
2704 660 2814 727 Deo
2857 682 3065 738 nostro,
3110 674 3250 728 sicut
3295 674 3555 744 praecepit
3600 690 3698 728 no-

2093 766 2181 821 bis
2226 764 2402 835 Cyrus
2444 780 2534 820 rex
2601 765 2913 820 Persarum.
2973 766 3037 820 Et
3084 766 3183 821 fuit
3225 768 3457 836 populus
3538 779 3697 823 terre

2095 857 2400 912 dissolvens
2444 873 2639 912 manus
2666 856 2825 923 Juda,
2861 866 2915 912 et
2942 859 3312 928 impediebant
3358 860 3486 928 ipsis
3520 859 3695 914 aedifi-

2094 949 2391 1016 cationem,
2424 957 2476 1003 et
2520 949 2904 1004 conducebant
2932 950 3201 1004 adversus
3243 963 3338 1004 eos
3383 951 3697 1006 consiliato-

2095 1056 2204 1109 res,
2260 1050 2319 1096 ut
2367 1044 2716 1096 destruerent
2755 1041 3043 1095 consilium
3093 1056 3285 1096 eorum
3309 1042 3379 1095 ".
3410 1060 3428 1094 ι
3466 1043 3571 1097 Sed
3611 1058 3698 1099 eo-

2093 1152 2215 1191 rum
2252 1136 2463 1191 insidia:
2500 1132 2555 1190 et
2603 1134 2915 1190 molitiones
2959 1135 3027 1189 ad
3070 1136 3302 1190 nihilum
3352 1137 3692 1193 reciderunt.

2099 1228 2194 1284 Ubi
2231 1229 2573 1298 postmodum
2606 1228 2826 1284 omissis
2863 1227 3148 1284 fraudibus
3180 1229 3535 1285 clandestinis
3558 1269 3575 1296 ,
3608 1230 3697 1283 vi-

2095 1320 2233 1375 cina:
2291 1330 2481 1390 gentes
2530 1336 2724 1377 omnes
2793 1321 2845 1375 in
2906 1331 3151 1391 apertam
3206 1322 3313 1376 vim
3365 1338 3431 1377 ac
3493 1324 3695 1379 bellum

2092 1422 2409 1481 eruperunt,
2444 1428 2597 1469 caesae
2630 1413 2934 1484 fugataeque
2961 1423 3110 1469 sunt.
3138 1412 3291 1480 Quod
3332 1414 3454 1470 inde
3493 1430 3698 1485 cogno-

2094 1521 2237 1561 scas.
2304 1505 2513 1563 Rursus
2567 1507 2713 1562 enim
2776 1506 2915 1563 libro
2962 1507 3203 1562 secundo
3259 1508 3338 1563 sic
3389 1517 3475 1563 est
3518 1524 3532 1562 :
3574 1526 3592 1560 ι
3629 1505 3698 1563 Ει

2094 1598 2298 1653 factum
2344 1608 2448 1665 est,
2488 1613 2611 1655 cum
2658 1599 2901 1655 audisset
2944 1599 3269 1665 Sanahalat,
3307 1596 3601 1667 etTobias,
3639 1612 3697 1656 et

2093 1689 2327 1753 Arabes,
2372 1698 2428 1745 et
2461 1689 2751 1756 Amanitze,
2793 1692 2937 1761 quod
2972 1691 3218 1746 ascendit
3258 1707 3479 1762 germen
3522 1692 3697 1748 muris

2097 1780 2428 1849 Jerusalem,
2462 1782 2724 1854 quoniam
2769 1782 3117 1851 incmperunt
3149 1785 3437 1840 cicatrices
3471 1786 3694 1851 obduci,

2098 1884 2153 1929 et
2193 1875 2482 1930 molestum
2534 1876 2616 1931 eis
2662 1873 2839 1930 visum
2891 1875 2995 1930 fuit
3041 1875 3216 1931 valde.
3271 1877 3339 1932 Et
3375 1882 3695 1950 congregati

2098 1974 2222 2021 sunt
2251 1981 2442 2022 omnes
2473 1967 2525 2021 in
2556 1983 2746 2033 unum,
2779 1976 2837 2022 ut
2863 1968 3139 2032 venirent,
3167 1978 3222 2024 et
3257 1979 3609 2039 percuterent
3642 1972 3697 2027 in

2096 2057 2426 2127 Jerusalem,
2489 2068 2545 2115 et
2599 2057 2847 2116 facerent
2889 2061 3271 2133 direptionem.
3313 2060 3380 2119 Et
3419 2066 3701 2122 oravimus

2098 2154 2164 2207 ad
2212 2153 2379 2207 Deum
2432 2161 2706 2217 nostrum,
2751 2153 2951 2223 inquit,
3008 2161 3063 2208 et
3107 2155 3402 2211 statuimus
3444 2158 3699 2215 custodes

2098 2259 2264 2314 super
2316 2259 2411 2299 eos
2463 2244 2550 2300 die
2586 2259 2651 2299 ac
2701 2254 2861 2299 nocte
2915 2244 3111 2299 afaeie
3167 2261 3380 2301 eorum.
3439 2246 3507 2302 Et
3557 2249 3701 2304 dixit

2096 2334 2263 2393 Judas
2290 2355 2303 2392 :
2333 2337 2579 2392 Contrita
2617 2347 2702 2393 est
2733 2336 2998 2392 fortitudo
3032 2337 3381 2394 inimicorum
3418 2350 3472 2395 et
3508 2343 3702 2399 multi-

2098 2424 2230 2489 tudo
2260 2448 2452 2504 magna
2476 2424 2543 2488 ⁸ο.
2578 2452 2597 2485 ›
2626 2432 2683 2487 In
2708 2430 2796 2488 his
2824 2430 2969 2486 nulla
2994 2433 3201 2488 mentio
3231 2433 3387 2491 vallis
3412 2430 3695 2507 Josaphat.

2097 2523 2213 2580 Hoc
2265 2535 2447 2579 autem
2498 2524 2567 2580 ad
2616 2539 2717 2579 nos
2779 2524 3074 2579 traditione
3131 2527 3398 2596 pervenit.
3456 2525 3697 2583 Meretur

2098 2634 2315 2689 quoque
2367 2618 2527 2673 tidem
2579 2618 2890 2688 prophetia,
2951 2618 3126 2690 ipsum
3191 2620 3350 2675 nobis
3413 2618 3701 2678 conflictus

2098 2713 2276 2767 locum
2318 2712 2631 2767 nominans.
2668 2709 2735 2764 Et
2759 2709 2922 2779 hujus
2948 2712 3195 2766 historia:
3222 2712 3538 2769 meminisse
3574 2724 3703 2785 pro-

2098 2808 2319 2876 phetam
2353 2806 2610 2869 dicimus,
2649 2805 2779 2859 dum
2818 2805 3148 2861 vaticinatur
3194 2806 3363 2862 Deum
3395 2814 3700 2881 congrega-

2102 2910 2286 2953 turnm
2317 2899 2368 2953 in
2404 2897 2601 2951 vallem
2643 2895 2905 2966 Josaphat
2936 2912 3127 2951 omnes
3161 2906 3389 2968 gentes:
3418 2915 3525 2955 non
3562 2900 3703 2956 invi-

2098 2999 2184 3046 tas
2223 2990 2343 3045 sine
2378 2987 2547 3043 dubio
2589 2987 2969 3059 congregabit,
3004 2987 3098 3042 sed
3127 3002 3193 3042 eo
3229 2988 3474 3045 volentes
3503 3005 3705 3047 conve-

2100 3085 2219 3138 nire
2252 3099 2361 3139 non
2390 3080 2732 3150 prohibebit,
2771 3090 2834 3133 ut
2868 3095 2990 3135 cum
3024 3080 3131 3135 illis
3161 3070 3613 3153 disceptet
3636 3083 3707 3139 de

370 3175 432 3229 δὲ
470 3175 555 3228 ὅτι
584 3178 686 3229 οὐκ
709 3176 918 3229 ἄκοντα
948 3175 1088 3242 ἄξει,
1119 3178 1234 3231 ἀλλ’
1263 3179 1345 3232 ὃτι
1379 3178 1681 3251 βουλόμενα
1724 3180 1899 3235 ἐλθεῖν
1933 3180 1994 3233 ού

2103 3175 2269 3231 Israel
2317 3182 2372 3229 et
2416 3172 2740 3228 haereditate
2775 3188 2894 3240 sua,
2928 3187 3094 3242 quam
3126 3173 3436 3241 diviserint,
3471 3175 3704 3245 Babylo-

371 3267 645 3321 κωλύσει.
692 3268 1155 3341 Διακριθήσεσθαι
1205 3272 1261 3323 δὲ
1311 3273 1448 3343 πρὸς
1498 3273 1674 3327 ταῦτα
1725 3275 1855 3346 περὶ
1899 3270 1995 3327 τοῦ

385 3360 638 3432 Ἰσραὴλ,
675 3360 772 3414 καὶ
803 3361 905 3431 τῆς
938 3363 1135 3416 ἐαυτοῦ
1178 3362 1570 3435 κληρονομίας,
1608 3365 1678 3436 ἢν
1725 3366 1996 3420 καταδιεί-

373 3454 547 3508 λαντο
596 3455 996 3528 διαρπάζοντές
1049 3475 1153 3510 που
1205 3457 1347 3527 τάχα
1381 3458 1451 3513 τὰ
1497 3460 1606 3513 τῶν
1636 3458 1998 3515 Βαϐυλωνίων

373 3544 637 3616 λείψανα,
675 3549 771 3601 καὶ
818 3550 877 3601 ἐν
907 3548 1086 3619 καιρῷ
1117 3548 1217 3618 τῆς
1243 3548 1624 3620 ταλαιπωρίας
1658 3548 1997 3605 συνεπιτιθέ-

378 3658 578 3713 pavor,
614 3642 710 3696 καὶ
757 3645 989 3714 πόρναις
1042 3643 1143 3714 μὲν
1186 3642 1257 3697 τά
1305 3642 1570 3713 παιδάρια
1622 3644 1997 3716 χαριζόμενοι,

374 3736 683 3809 προθέντες
722 3736 780 3789 δὲ
825 3735 897 3788 τά
941 3735 1104 3806 κόρια
1142 3736 1279 3807 πρὸς
1313 3734 1561 3807 ἀσυνήθη
1597 3737 1873 3807 πορνείαν,
1905 3737 2001 3790 καὶ

372 3827 497 3883 οἷον
574 3828 1053 3902 ἐκκαπηλεύοντες
1130 3831 1251 3893 ταῖς
1313 3828 1520 3900 ἐτέρων
1588 3829 1913 3900 ἁσελγίαις,

375 3922 762 3992 συλλέγοντες.

451 4012 640 4087 Φαμὲν
688 4014 745 4068 δέ
789 4032 843 4069 τι
878 4013 973 4069 καὶ
1012 4013 1097 4085 ἐφ’
1129 4013 1288 4087 ἡμῶν
1320 4014 1563 4068 τοιοῦτον
1594 4015 1869 4085 γενέσθαι,
1902 4015 2002 4088 τὴν

375 4106 472 4163 διὰ
493 4096 736 4180 Χριστοῦ
757 4106 1029 4179 λύτρωσιν
1054 4108 1454 4179 ἐννενοηκότες.
1474 4106 1741 4172 Ἐξείλετο
1770 4108 1868 4178 μὲν
1891 4107 2001 4177 γὰρ

377 4203 536 4273 ἡμᾶς
564 4199 953 4272 αἰχμαλώτους
981 4201 1165 4265 ὄντας,
1198 4202 1292 4255 καὶ
1324 4201 1430 4254 ὑπὸ
1452 4199 1705 4272 τυράννῳ
1731 4200 2002 4272 πράττον-

374 4312 505 4359 τας,
522 4294 730 4365 πικρῷ,
754 4295 919 4364 φημὶ,
953 4293 1017 4364 δὴ
1043 4293 1121 4364 τῷ
1147 4295 1384 4365 Σατανᾷ,
1415 4294 1715 4365 ἀνεκόμισε
1734 4292 1791 4346 δέ
1808 4293 1999 4365 ὥσπερ

377 4391 463 4451 εἰς
512 4387 620 4457 γῆν
662 4384 849 4453 ἁγίαν,
880 4386 962 4449 εἰς
1008 4384 1288 4437 πολιτείαν
1335 4384 1724 4456 εύαγγελικὴν,
1752 4385 1832 4449 είς
1881 4384 1994 4449 seu;

2107 3269 2320 3323 niorum
2357 3266 2620 3337 reliquias
2663 3265 3011 3334 diripientes,
3046 3267 3235 3329 credo,
3270 3276 3325 3321 et
3366 3270 3707 3336 temporibus

2105 3359 2322 3416 miseris
2381 3372 2476 3414 eos
2538 3356 2889 3420 adorientes,
2949 3365 3003 3410 et
3060 3372 3259 3426 pueros
3323 3360 3706 3416 meretricibus

2099 3452 2393 3515 donantes,
2432 3457 2729 3518 partesque
2764 3446 3015 3516 corporis
3058 3448 3402 3503 verecundas
3428 3449 3707 3507 inusitatis

2098 3543 2304 3614 stupris
2352 3541 2710 3611 objicientes,
2754 3548 2809 3593 et
2854 3548 3111 3609 tanquam
3164 3542 3425 3597 nundinis
3466 3542 3705 3599 aliorum

2100 3635 2311 3691 libidini
2347 3633 2672 3698 vendentes,
2716 3631 2949 3700 indeque
2990 3632 3042 3686 in
3074 3633 3264 3703 epulas
3301 3643 3356 3691 et
3399 3625 3707 3695 ebrietates

2100 3738 2381 3799 sumptum
2409 3725 2751 3792 colligentes.

1993 3826 2115 3885 εἶτα
2171 3824 2298 3887 τοὺς
2359 3818 2613 3874 ἐντεῦθεν
2680 3818 2910 3890 μισθοὺς
2958 3819 3039 3882 είς
3084 3818 3293 3892 τροφάς
3360 3820 3455 3875 καὶ
3526 3820 3705 3892 μέθας

2171 4000 2290 4057 Νοη
2333 3995 2601 4053 dissimile
2630 3995 2888 4066 quiddam
2927 4006 2981 4052 et
3014 3997 3067 4051 in
3102 3997 3263 4054 nobis
3302 4000 3507 4059 factum
3544 4005 3697 4063 aﬁir-

2098 4109 2253 4154 mare
2282 4104 2602 4164 possumus,
2638 4104 2763 4144 eum
2810 4090 3247 4169 redemptionem
3295 4090 3500 4151 Christi
3554 4101 3704 4171 cogi-

2099 4200 2297 4245 tamus.
2324 4184 2581 4254 Captivos
2611 4182 2756 4236 enim
2792 4197 2914 4248 nos,
2977 4190 3319 4259 et-tyranno,
3357 4187 3699 4259 importuno,

2094 4283 2351 4352 inquam,
2382 4276 2602 4332 Satanze
2624 4274 2871 4331 subditos
2898 4276 3122 4346 eripuit,
3143 4286 3196 4332 et
3220 4279 3381 4347 quasi
3411 4281 3463 4336 in
3498 4292 3699 4339 terram

2102 4382 2349 4430 sanctam
2379 4368 2619 4435 reduxit,
2655 4368 2725 4423 ad
2756 4369 2924 4422 vitam
2976 4370 3373 4441 evangelicam,
3416 4375 3485 4430 ad
3538 4376 3703 4433 habi-

376 4479 834 4551 εὐμαθεστάτην,
863 4479 944 4541 εἷς
977 4477 1135 4531 πόλιν
1177 4477 1594 4550 τετειχισμένην
1643 4476 1747 4548 τὴν
1790 4476 1993 4548 νοητὴν

2103 4474 2216 4518 tum
2247 4471 2302 4518 et
2334 4476 2535 4525 mores,
2577 4474 2811 4529 quorum
2854 4458 3115 4517 facillima
3170 4473 3255 4519 est
3304 4467 3585 4536 cognitio,
3630 4469 3702 4525 ad

391 4571 801 4642 Ἰερουσαλὴμ,
844 4570 967 4640 ἥτις
1030 4560 1182 4623 ἐστὶν
1232 4568 1539 4641 Ἐκκλησία
1587 4567 1724 4622 Θεοῦ
1774 4567 1999 4635 ζῶντος,

384 4685 406 4717 ι
433 4661 858 4735 Οίκοδομεῖσθαι
886 4663 1340 4735 παρασκευάσας,
1363 4662 1439 4725 ὡς
1467 4660 1651 4725 λίθους
1679 4661 1894 4733 τιμίους
1920 4662 2002 4724 εἰς

377 4756 515 4810 ναὸν
565 4752 746 4822 ἅγιον,
780 4756 862 4818 εἰς
910 4755 1336 4826 κατοικητήριον
1385 4752 1522 4807 Θεοῦ
1553 4755 1611 4807 ἐν
1644 4752 1940 4824 πνεύματι.
1970 4770 1995 4806 ι

391 4849 567 4904 Ἀλλά
612 4852 728 4913 τοῖς
778 4850 843 4903 ἐκ
893 4847 1199 4919 βασκανίας
1248 4838 1431 4913 πόνοις
1475 4849 1508 4919 ἠ
1553 4847 1663 4901 τῶν
1704 4846 1999 4917 δαιμονίων

374 4938 700 5013 ἀνεφλέχθη
745 4940 939 4994 ἀνοσία
982 4940 1215 5013 πληθὺς,
1251 4941 1346 4996 καὶ
1381 4941 1565 5011 μέντοι
1618 4938 1754 5010 πρὸς
1784 4938 1997 5004 τούτοις

373 5039 432 5092 οἱ
470 5037 587 5099 τοῖς
612 5028 849 5105 ¹δόγμασι
882 5034 981 5105 τῆς
1018 5033 1280 5105 ἀληθείας
1319 5034 1641 5104 μαχόμενοι,
1674 5032 1859 5086 πολλοὶ
1896 5031 1996 5103 μὲν

373 5124 489 5189 τὰς
522 5123 667 5178 κατὰ
705 5123 817 5177 τῶν
867 5123 1039 5192 ἁγίων
1086 5123 1312 5192 ἐφόδους
1344 5122 1691 5193 πεποίηνται,
1729 5122 1998 5192 ἠδίκησαν

374 5218 441 5272 δὲ
496 5216 657 5269 οὐδὲν
707 5215 1145 5286 προασπίζοντος
1182 5213 1341 5279 Θεοῦ,
1385 5213 1899 5285 παραθαρσύνοντος
1940 5212 1999 5266 δὲ

375 5298 658 5382 Χριστοῦ,
692 5309 789 5362 καὶ
835 5298 1109 5377 λέγοντος,
1146 5306 1328 5378 θλίψιν
1376 5294 1527 5375 ἕξετε
1570 5294 1629 5359 ἐν
1668 5305 1745 5377 τῷ
1785 5306 1997 5377 κόσμῳ,

376 5402 531 5459 ἀλλὰ
571 5419 590 5452 ε
618 5402 908 5474 Θαρσεῖτε,
936 5400 1051 5471 ἐγὼ
1081 5401 1346 5473 νενίκηκα
1377 5402 1468 5455 τὸν
1498 5399 1726 5471 κόσμον.
1757 5419 1775 5453 ι
1801 5398 2001 5462 ’Ύθλος

382 5496 497 5570 μὲν
542 5496 699 5568 παρὰ
742 5498 857 5559 τοῖς
887 5495 1169 5559 Ἰουδαίοις
1216 5494 1439 5567 σαθρὸς,
1470 5494 1565 5549 καὶ
1612 5491 1889 5565 γραώδης,
1925 5492 2002 5556 ὡς

378 5590 546 5644 ἔσται
596 5588 742 5643 κατὰ
788 5589 1019 5660 καιροὺς
1069 5589 1128 5641 ἐν
1179 5590 1246 5660 τῇ
1300 5587 1507 5643 κοιλάδι
1540 5585 1634 5640 τοῦ
1657 5585 1928 5655 Ἰωσαφάτ
1966 5584 2001 5655 ή

381 5679 553 5754 παρὰ
578 5680 716 5734 Θεοῦ
760 5682 904 5736 κατὰ
944 5681 1167 5736 πάντων
1200 5680 1408 5753 κρίσις,
1439 5679 1578 5752 μετὰ
1605 5678 1670 5733 τὸ
1702 5675 2001 5733 ἀναϐιῶναι

2105 4558 2295 4610 urbem
2332 4568 2495 4609 muro
2520 4553 2793 4617 cinctam,
2836 4569 3031 4608 novam
3064 4553 3368 4613 Jerusalem
3392 4597 3407 4625 ,
3460 4574 3581 4629 qua:
3615 4572 3702 4619 est

2099 4636 2348 4705 Ecclesia
2382 4648 2478 4705 Dei
2515 4648 2753 4705 viventis
2781 4689 2798 4716 ,
2848 4659 3005 4720 aptos
3064 4651 3297 4718 reddens
3345 4663 3405 4709 ut
3440 4663 3700 4726 tanquam

2098 4740 2307 4810 lapides
2344 4738 2570 4810 pretiosi
2621 4739 2689 4810 “,
2722 4761 2741 4795 σ
2771 4740 3290 4811 δυρετεεώῐίεθηιυτ
3338 4744 3392 4799 in
3438 4747 3702 4817 templum

2099 4843 2374 4898 sanctum,
2406 4833 2460 4887 in
2496 4832 2876 4888 habitaculum
2910 4833 3025 4897 Dei,
3066 4835 3120 4889 in
3165 4836 3366 4906 spiritu
3393 4837 3460 4893 θ’.
3512 4858 3533 4905 ι
3590 4840 3705 4897 Sed

2098 4916 2321 4982 invidiae
2352 4924 2629 4981 doloribus
2656 4924 2891 4981 nefanda
2919 4926 3229 4983 daemonum
3265 4930 3424 4986 turba
3452 4932 3701 4999 incensa.

2102 5027 2269 5088 atque
2294 5018 2518 5088 insuper
2566 5019 2882 5089 dogmatum
2925 5020 3173 5076 veritatis
3218 5022 3526 5089 adversarii
3571 5039 3697 5081 ere»

2105 5114 2232 5168 bras
2264 5112 2319 5166 in
2351 5121 2571 5168 sanctos
2609 5112 2954 5169 incursiones
2989 5113 3279 5183 fecerunt;
3334 5116 3473 5173 nihil
3507 5127 3695 5174 tamen

2106 5206 2175 5261 iis
2216 5213 2546 5271 nocuerunt,
2571 5204 2684 5260 Deo
2728 5215 3056 5277 protegente
3094 5216 3151 5263 et
3184 5208 3406 5265 Christo
3430 5209 3696 5266 fiduciam

2099 5294 2387 5363 afferente,
2428 5297 2537 5353 illis
2582 5299 2809 5355 verbis:
2847 5317 2865 5351 ι
2925 5300 3216 5367 Confidite,
3244 5302 3381 5373 quia
3438 5316 3543 5373 ego
3583 5304 3695 5359 vici

2100 5394 2363 5448 mundum
2412 5392 2478 5448 ⁸³.
2522 5410 2541 5444 ι
2604 5390 2825 5447 Frivola
2867 5402 2922 5448 et
2968 5393 3133 5449 anilia
3188 5404 3318 5448 sunt
3356 5408 3484 5464 qua:
3547 5397 3696 5466 apud

2101 5484 2326 5541 Judaaos
2356 5484 2824 5541 circumferuntur
2853 5524 2868 5550 ,
2921 5486 3052 5541 olim
3098 5487 3152 5541 in
3209 5485 3347 5541 valle
3382 5485 3647 5559 Josaphat
3674 5527 3697 5556 ,

2100 5580 2191 5633 ubi
2233 5579 2428 5633 mortui
2464 5579 2516 5633 in
2554 5579 2725 5633 vitam
2778 5578 3066 5643 redierint,
3118 5579 3285 5635 Deum
3335 5581 3402 5637 de
3433 5584 3693 5643 omnibus

2096 5670 2365 5741 judicium
2398 5670 2750 5739 habiturum,
2809 5681 2864 5725 et
2887 5678 3161 5743 quotquot
3206 5673 3309 5729 sub
3351 5674 3495 5731 coelo
3535 5683 3688 5746 sunt,

474 5858 521 5893 "
556 5860 575 5914 ι
604 5857 763 5915 Esdr.
804 5874 882 5929 tv,
914 5859 1029 5917 1-5.
1104 5859 1149 5893 ⁸ο
1175 5858 1219 5915 ll
1250 5856 1409 5915 Esdr.
1439 5872 1513 5922 tv,
1542 5855 1696 5911 7-10.
1774 5856 1816 5890 “
1853 5852 1988 5911 lPet

2099 5870 2136 5925 ι,
2170 5854 2225 5911 5.
2302 5854 2349 5887 “
2381 5854 2581 5927 Ephes.
2616 5870 2675 5922 li,
2706 5854 2797 5922 Ἦ,
2827 5854 2917 5912 22.
2996 5856 3041 5889 ⁸³
3076 5855 3232 5914 Joan.
3271 5872 3387 5924 xvi,
3442 5857 3534 5914 53.
