4054 6462
465 357 564 416 391
659 349 668 354 ’

1448 354 1510 410 S.
1552 346 1828 408 CYRILLI
1867 341 2337 401 ALEXANDRINI
2377 340 2699 399 ARCHIEP.

3623 346 3732 403 592

471 480 539 536 de
584 474 670 532 his
705 487 828 544 quae
860 471 1148 528 adversum
1190 473 1337 544 ipsos
1366 471 1828 544 perpetraverint,
1868 468 2033 524 ratio-

2143 461 2261 526 τοὺς
2308 460 2556 532 νεκρούς.
2586 461 2802 516 Οἴονται
2847 462 2903 515 δὲ
2953 464 3034 517 ὅτι
3082 462 3198 518 τῶν
3226 462 3308 528 είς
3336 462 3534 530 αὐτοὺς
3568 465 3733 521 ἕνεκα

461 582 585 625 nem
624 564 929 620 reddituros
959 563 1026 618 “.
1059 563 1188 629 Quae
1232 564 1484 634 cogitatio
1532 562 1646 618 fieri
1691 561 1878 630 nequit
1909 560 2038 629 quin

463 657 693 713 ridicula
725 656 814 719 sit,
845 655 1277 725 quandoquidem
1313 654 1572 709 divinitus
1595 652 1856 722 inspirata
1891 649 2042 705 Scri-

463 761 622 822 ptura
683 748 1026 818 prophetiam
1083 746 1402 816 completam
1428 762 1550 802 esse
1576 747 1727 811 dicit,
1761 755 1816 800 et
1860 757 2041 813 pugna

463 839 750 894 commissa
775 839 828 891 in
857 836 992 892 valle
1020 834 1304 906 Josaphat,
1343 850 1373 890 a
1408 836 1605 891 vicinis
1636 835 1886 905 gentibus
1918 845 2038 902 p03-

465 945 564 985 nas
599 939 837 984 exactas.
872 925 1151 981 lrruerunt
1181 927 1350 991 enim,
1405 935 1462 980 ut
1488 925 1624 990 dixi,
1671 926 1724 980 in
1782 924 2039 994 reliquias

464 1022 702 1086 lsraclis,
751 1020 998 1090 quamvis
1021 1017 1214 1086 jactati
1249 1018 1508 1073 arumnis
1549 1018 1705 1088 longe
1745 1015 2034 1086 plurimis;

464 1112 774 1182 Babyloniis
818 1109 1081 1165 siouidetn
1115 1119 1167 1163 tn
1204 1109 1526 1164 servitutem
1576 1107 1807 1163 traditus
1833 1107 2037 1164 fuerat.

533 1372 700 1428 Vens.
741 1370 861 1426 4-6.
902 1369 966 1423 Ει
991 1369 1204 1439 quidem
1236 1369 1361 1440 quid
1391 1369 1522 1423 mihi
1541 1379 1591 1424 et
1629 1371 1792 1435 vobis,
1842 1370 2036 1441 Tyrus,

462 1477 512 1520 et
536 1463 720 1527 Sidon,
741 1475 790 1518 et
812 1463 978 1516 omnis
1005 1460 1236 1516 Galtlwa
1276 1461 1698 1532 alienigenarum
1722 1463 1748 1516 Ρ
1780 1460 2037 1533 Nunquid

462 1555 854 1611 retributionem
882 1571 967 1607 vos
991 1554 1280 1607 retribuitis
1305 1553 1458 1618 mihi,
1487 1563 1578 1605 aut
1619 1553 1758 1605 iram
1785 1554 1840 1607 in
1880 1555 2040 1608 corde

461 1647 694 1702 retinetis
719 1646 889 1699 mihi?
933 1643 1193 1698 Velociter
1211 1653 1258 1696 et
1280 1646 1384 1697 cito
1407 1643 1623 1698 reddam
1645 1644 2037 1698 retributione»:

461 1749 686 1794 vestram
726 1737 782 1790 in
851 1737 1025 1804 capita
1075 1745 1269 1790 vestra.
1321 1733 1430 1789 Pro
1476 1752 1536 1789 eo
1581 1735 1722 1805 quod
1762 1746 2036 1804 argentum

460 1847 636 1884 meum
666 1837 715 1884 et
747 1845 935 1882 aurum
966 1844 1137 1882 meum
1167 1827 1387 1890 tulistis,
1412 1837 1460 1880 et
1485 1826 1647 1880 electa
1671 1843 1806 1890 mea,
1830 1835 1879 1880 et
1903 1827 2038 1880 bona
2070 1812 2113 1866 B

460 1922 715 1976 intulistis
743 1920 1013 1987 intempla
1051 1928 1243 1973 vestra.
1273 1917 1444 1971 Filios
1471 1915 1641 1981 Iuda,
1681 1925 1730 1970 et
1770 1917 1912 1984 ﬁlios
1953 1917 2040 1971 Je-

463 2013 693 2068 rusalem
717 2010 1025 2088 vendidistis
1063 2010 1188 2076 ﬁliis
1219 2008 1383 2080 236
1423 2005 1750 2073 Graecorum,
1775 2015 1834 2060 ut
1879 2006 2040 2071 εἰὶσε-

467 2104 594 2160 retis
632 2119 720 2157 eos
749 2118 813 2156 ea:
839 2101 1035 2170 ﬁnibus
1069 2101 1202 2154 suis.

532 2277 777 2333 XXXIX.
829 2276 1033 2333 Omnes
1068 2276 1251 2347 itaque
1295 2284 1489 2348 gentes
1539 2283 1726 2331 contra
1781 2271 2039 2328 lsraelem

463 2371 776 2442 congregati
808 2379 952 2434 sunt,
984 2368 1252 2434 Moabitae,
1288 2367 1507 2424 ldummi
1538 2378 1591 2423 et
1615 2366 1874 2432 Jebuszei,
1910 2365 2040 2420 Am-

463 2463 683 2520 manitae
712 2469 768 2516 et
796 2460 1034 2530 reliquae.
1061 2459 1232 2531 Hujus
1268 2460 1484 2516 consilii
1521 2469 1576 2515 et
1598 2457 1860 2513 facinoris
1882 2465 2036 2512 ante-

463 2553 723 2624 signanos
783 2552 948 2607 fuisse
999 2566 1122 2607 reor
1166 2553 1556 2619 Damas'cenos,
1593 2550 1810 2621 Tyrios,
1857 2557 1912 2602 et
1946 2547 2040 2618 qui

464 2643 880 2714 appellabantur
917 2641 1234 2707 Philistiim,
1263 2651 1318 2697 et
1342 2655 1516 2710 usque
1566 2640 1634 2695 ad
1669 2641 1840 2710 ipsam
1874 2637 2039 2703 Geth,

465 2750 585 2806 qute
613 2734 1040 2804 alienigenarum
1100 2734 1321 2789 dicitur.
1360 2731 1629 2800 Quocirca
1685 2732 1764 2786 sic
1793 2745 1888 2786 eos
1913 2730 2040 2784 uni-

464 2839 746 2881 versorum
782 2823 925 2878 Deus
943 2823 1140 2878 affatur
1174 2839 1189 2878 :
1227 2841 1245 2875 ι
1304 2823 1444 2890 Quid
1487 2822 1621 2877 mihi
1652 2831 1708 2877 et
1728 2821 1904 2888 vobis,
1933 2819 2041 2891 Ty-

465 2931 583 2984 rus,
617 2925 671 2972 et
695 2915 887 2978 Sidon,
913 2925 970 2970 et
1013 2913 1192 2971 omnis
1219 2913 1444 2971 Galilaea
1491 2913 1920 2982 alienigenarum
1948 2911 1972 2965 ?
2015 2929 2036 2964 ι

468 3007 616 3076 Quas
654 3009 799 3064 enim
851 3007 1169 3062 occasiones
1216 3006 1470 3072 feritatis,
1514 3004 1707 3073 inquit,
1755 3003 2040 3071 habentes,

466 3116 707 3157 aerumna
758 3113 1005 3170 pressum
1061 3097 1342 3164 lsraelem,
1400 3107 1457 3153 et
1493 3112 1523 3152 a
1575 3093 1883 3165 Babyloniis
1931 3110 2036 3149 non

466 3192 782 3263 vulgaribus
815 3190 1170 3246 incommodis
1203 3187 1485 3245 oneratum
1539 3188 1805 3244 scelerate
1852 3188 2037 3256 oppri-
2067 3154 2112 3214 θ

465 3284 636 3348 mitts,
666 3293 722 3340 et
745 3283 943 3338 acerbe
983 3282 1060 3338 illi
1098 3280 1445 3347 insultantes,
1497 3288 1554 3334 et
1600 3293 1688 3333 me
1742 3277 1881 3333 forte
1919 3277 2045 3332 irri-

469 3375 660 3431 dentes
699 3375 1133 3445 quodammodo,
1160 3373 1250 3443 qui
1278 3386 1402 3427 eum
1451 3371 1672 3426 servavi
1719 3380 1775 3425 et
1803 3369 2039 3437 defendi,

469 3481 535 3522 ac
563 3465 773 3535 probris
806 3479 908 3519 non
932 3463 1244 3518 dubitantes
1272 3463 1536 3522 lacerare,
1563 3459 1673 3513 imo
1697 3474 1827 3515 vero
1861 3459 2040 3529 reipsa

470 3555 717 3612 allicere?
754 3553 930 3620 Quare
958 3553 1110 3609 brevi
1143 3552 1404 3608 ultionem
1451 3549 1751 3620 recipietis,
1779 3557 1833 3606 et
1861 3549 2042 3605 veniet

469 3648 621 3704 vobis
658 3648 711 3702 in
737 3655 900 3715 caput
939 3655 1179 3700 vestrum
1215 3661 1230 3711 ;
1280 3655 1469 3714 pmnas
1499 3642 1644 3696 enim
1677 3641 1809 3695 mihi
1849 3641 2036 3697 vobis-

468 3755 593 3796 cum
633 3740 689 3794 in
722 3737 864 3793 valle
893 3735 1160 3807 Josaphat
1194 3735 1562 3804 disceptaturo
1605 3733 1873 3803 pendetis.
1927 3731 2043 3789 Ac-

468 3835 625 3884 cusat
656 3835 834 3881 autem
874 3840 985 3889 eos,
1020 3833 1079 3878 ut
1113 3824 1203 3892 qui
1259 3821 1431 3878 electa
1481 3822 1662 3892 templi
1695 3823 2038 3893 diripuerint,

469 3923 528 3970 et
557 3927 718 3967 aurea
737 3926 868 3967 vasa
895 3911 1258 3981 compilarint,
1290 3920 1452 3982 atque
1473 3913 1540 3967 ad
1561 3926 1782 3967 suorum
1814 3913 2042 3968 deorum

467 4005 731 4061 honorem
767 4001 1586 4059 dedicaverint.lntolerandum
1639 4017 1825 4074 porro,
1874 4011 1930 4058 et
1957 4003 2044 4057 di-

468 4109 592 4152 rum
639 4094 910 4164 negotium
935 4132 951 4159 ,
1006 4103 1063 4151 et
1102 4094 1244 4164 quod
1278 4096 1411 4151 satis
1456 4095 1527 4152 sit
1553 4095 1620 4151 ad
1662 4094 2040 4151 oﬂ‘endendum

468 4187 660 4255 Deum,
695 4185 852 4256 cuius
879 4185 969 4243 illa
1003 4201 1148 4243 vox:
1184 4205 1204 4240 ι
1241 4187 1484 4244 Gloriam
1512 4201 1689 4242 meam
1733 4186 1890 4242 alteri
1927 4201 2038 4241 non

467 4279 628 4344 dabo,
676 4292 853 4348 neque
901 4277 1116 4335 laudem
1173 4293 1350 4334 meam
1394 4277 1551 4333 idolis
1571 4277 1639 4331 “.
1672 4294 1692 4328 ι
1723 4276 1862 4343 Quid
1891 4276 2038 4332 enim

465 4369 611 4425 aliud
640 4369 802 4426 fuerit
831 4371 1196 4426 sacrosanctis
1217 4370 1586 4424 anathematls
1604 4367 1870 4422 idolorum
1909 4367 2037 4425 fana

2141 554 2444 622 γεγονότων
2490 555 2774 608 άποτιοῦσι
2803 555 3016 624 λόγους,
3043 557 3093 610 οἱ
3123 556 3262 611 κατά
3294 558 3474 610 ⁴ιτέἱσαν
3503 558 3604 630 τὴν
3639 559 3731 613 ὑπ’

2141 643 2390 715 οὐρανόν.
2410 645 2726 716 Ἀμοιρήσει
2749 645 2794 698 δ’
2823 645 2890 699 ἂν
2917 646 3169 716 οὐδαμῶς
3189 647 3282 700 τοῦ
3309 646 3574 717 γελᾶσθαι
3601 649 3734 720 πρέ-

2139 751 2266 787 πειν
2291 734 2352 787 τὸ
2377 733 2670 806 ἐνθύμημα
2705 736 2910 801 αὐτοῖς,
2947 739 3047 805 τῆς
3094 737 3453 792 θεοπνεύστου
3501 740 3732 810 Γραφῆς

2139 826 2208 880 τά
2249 826 2347 896 τῆς
2391 827 2729 898 προφητείας
2758 829 3166 900 ὲκπεπεράνθαι
3197 829 3486 903 λεγούσης,
3517 834 3612 885 καὶ
3645 834 3732 887 ὅτι

2139 916 2294 980 δίκας
2327 917 2616 987 ὲξῄτηνται
2663 920 2814 990 παρὰ
2856 920 2992 974 Θεοῦ
3025 921 3092 975 τὰ
3121 921 3373 992 περίοικα
3397 923 3508 976 τῶν
3532 924 3731 989 ἐθνῶν,

2139 1008 2233 1060 τοῦ
2284 1008 2523 1080 πολέμου
2569 1011 2853 1078 γεγονότος
2881 1013 2938 1065 ἐν
2976 1016 3042 1084 τῇ
3081 1013 3285 1067 κοιλάδι
3315 1014 3409 1067 τοῦ
3434 1017 3731 1081 Ἰωσαφάτ.

2153 1099 2314 1154 Ἐπέθ
2323 1118 2532 1172 ρωσκεν
2551 1103 2678 1173 γὰρ,
2698 1102 2772 1167 ὼς
2785 1102 2941 1174 ἔφην,
2961 1107 3074 1167 τοῖς
3086 1105 3359 1176 λειψάνοις
3374 1106 3468 1160 τοῦ
3489 1108 3728 1180 Ἰσραὴλ,

2139 1193 2315 1245 καίτοι
2359 1193 2618 1263 πλείστην
2663 1194 2794 1263 ὅσην
2843 1195 3170 1260 ἀνατλάντος
3216 1196 3612 1266 ταλαιπωρίαν,
3639 1199 3726 1253 δέ·

2139 1284 2322 1338 δονται
2351 1285 2460 1356 γὰρ
2488 1286 2600 1348 τοῖς
2627 1285 3017 1350 Βαϐυλωνίοις.

2207 1376 2322 1430 Καί
2346 1393 2414 1443 γε
2446 1375 2504 1429 τί
2530 1376 2660 1446 ἐμοὶ
2701 1377 2802 1430 καὶ
2828 1377 2991 1446 ὑμῖν,
3020 1379 3220 1448 Τύρος,
3253 1381 3353 1435 καὶ
3384 1382 3596 1448 Σιδὼν,
3627 1385 3729 1439 καὶ

2139 1468 2308 1524 πᾶσα
2373 1469 2675 1522 Γαλιλαία
2737 1469 3149 1539 ἀλλοφύλων;
3201 1473 3290 1541 μὴ
3343 1476 3731 1545 ἀνταπόδομα

2137 1561 2306 1630 ὑμεῖς
2335 1559 2766 1616 ἀνταποδιδοτέ
2800 1580 2924 1631 μοι,
2956 1561 2995 1631 ἢ
3027 1566 3502 1632 μνησικακεῖτεζρ
3523 1567 3732 1634 Ὀξέως

2139 1653 2238 1708 καὶ
2269 1651 2492 1721 ταχέως
2517 1652 2924 1708 ἀνταποδώσω
2949 1654 3014 1707 τὸ
3039 1655 3426 1728 ἀνταπόδομα
3450 1658 3621 1728 ὑμῶν
3639 1662 3731 1726 εἰς

2140 1743 2408 1812 κεφαλὰς
2453 1743 2638 1813 ὑμῶν.
2657 1745 2802 1798 Ἄνθ’
2831 1741 2920 1800 ὧν
2946 1744 3014 1799 τὸ
3044 1747 3329 1817 ἀργύριόν
3354 1767 3497 1819 μου,
3526 1751 3625 1805 καὶ
3659 1753 3730 1806 τὸ

2139 1835 2400 1904 χρυσίον
2430 1853 2551 1904 μου
2597 1835 2859 1903 ἐλάϐετε,
2899 1838 2998 1892 καὶ
3030 1839 3104 1893 τὰ
3131 1839 3417 1894 ἑπίλεκτά
3450 1859 3590 1911 μου,
3626 1842 3730 1896 καί

2139 1928 2212 1980 τὰ
2239 1925 2395 1980 καλὰ
2423 1926 2798 1998 είσενέγκατε
2836 1931 2924 1994 εὶς
2955 1931 3096 1997 τοὺς
3124 1931 3311 1998 ναοὺς
3341 1933 3526 2002 ὑμῶν.
3575 1934 3726 2000 Τοὺς

2138 2016 2308 2084 υἱοὺς
2341 2017 2546 2083 Ἰούδα,
2576 2018 2674 2071 καὶ
2705 2019 2848 2086 τοὺς
2876 2021 3047 2088 υἱοὺς
3077 2021 3466 2092 Ἰερουσαλὴμ
3507 2023 3728 2078 ἀπέδο-

2139 2112 2252 2162 σθε
2278 2107 2401 2174 τοῖς
2427 2109 2578 2175 υἱοῖς
2611 2108 2730 2162 τῶν
2775 2110 3104 2180 Ἑλλήνων,
3134 2112 3294 2181 ὅπως
3325 2113 3595 2185 ἐξώσητε
3622 2118 3731 2172 αὺ-

2140 2198 2282 2265 τοὺς
2305 2199 2373 2253 ἐκ
2408 2200 2526 2253 τῶν
2552 2202 2734 2269 ὁρίων
2763 2203 2982 2257 αὐτῶν.

2208 2291 2332 2347 ΛΘ’.
2374 2291 2564 2355 Ἔθνος
2607 2293 2707 2362 μὲν
2750 2289 2844 2348 οὖν
2882 2294 3027 2350 ἆπαν
3057 2295 3202 2350 κατά
3232 2296 3328 2351 τοῦ
3349 2297 3566 2370 Ἰσραὴλ
3598 2315 3734 2352 συν-

2139 2385 2444 2457 αγήγερται
2464 2423 2479 2449 ,
2505 2385 2811 2451 Μωαϐῖται,
2831 2387 3137 2458 Ἰδουμαῖοι,
3158 2389 3490 2454 Ἰεϐουσαῖοι,
3509 2392 3734 2462 Ἄμμα-

2140 2481 2302 2543 visat,
2331 2476 2430 2531 καὶ
2456 2478 2505 2530 οἱ
2533 2476 2731 2533 λοιποί.
2768 2478 3052 2550 Κατάρξαι
3083 2481 3161 2544 δὲ,
3182 2475 3358 2551 οἶμαι,
3386 2481 3604 2552 βουλῆς,
3631 2483 3736 2536 καὶ

2139 2569 2554 2641 ἐγχειρημάτων
2600 2571 3018 2641 Δαμασκηνοὺς,
3043 2571 3140 2625 καὶ
3169 2571 3425 2644 Τυρίους,
3457 2571 3556 2625 καὶ
3601 2572 3736 2636 τοὺς

2139 2661 2510 2731 καλουμένους
2539 2659 2866 2731 Φιλιστιεὶμ,
2893 2661 2986 2714 καὶ
3016 2662 3209 2734 μέχρις
3235 2661 3404 2732 αὐτῆς
3451 2663 3555 2734 τῆς
3598 2664 3731 2730 Γὲτ,

2138 2751 2259 2823 ἥτις
2305 2752 2549 2806 καλεῖται
2599 2753 2695 2805 καὶ
2748 2751 3082 2822 ἀλλοφύλων.
3119 2754 3406 2826 Τοιγάρτοι
3449 2755 3545 2808 καὶ
3592 2755 3736 2828 πρὸς

2139 2841 2336 2905 αὐτοὺς
2383 2844 2412 2896 ὁ
2459 2842 2566 2896 τῶν
2625 2843 2762 2897 ὅλων
2802 2842 2962 2908 Θεός·
3001 2861 3020 2896 t
3051 2845 3163 2898 Καὶ
3206 2845 3259 2898 τί
3295 2844 3421 2915 ἐμοὶ
3462 2846 3557 2898 καὶ
3599 2846 3760 2917 ὑμῖν,

2140 2930 2335 3005 Τύρος,
2361 2933 2455 2987 καὶ
2483 2933 2672 2999 Σιδὼν,
2705 2935 2798 2988 καὶ
2836 2937 2986 2989 πᾶσα
3011 2934 3274 2989 Γαλιλαία
3310 2935 3656 3004 ἀλλοφύλων;
3705 2955 3728 2990 ι

2143 3022 2313 3088 Ποίας
2343 3024 2472 3095 γὰρ,
2506 3025 2660 3096 φησὶ,
2687 3024 2785 3090 τὰς
2819 3026 3070 3096 ἀφορμὰς
3098 3027 3196 3097 τῆς
3227 3027 3554 3098 ἀγριότητος
3576 3028 3736 3100 ἔχον-

2143 3130 2258 3178 τες,
2288 3113 2716 3187 ταλαιποροῦντα
2754 3115 2845 3170 τὸν
2875 3116 3112 3186 Ἰσραὴλ,
3147 3117 3242 3170 καὶ
3271 3121 3393 3182 ταῖς
3441 3118 3506 3171 ὲκ
3550 3117 3734 3172 Βαϐυ-

2143 3204 2350 3259 λωνίων
2373 3209 2678 3278 συμφοραῖς
2706 3207 2765 3260 οὑ
2791 3207 3029 3278 μετρίως
3052 3208 3469 3279 κατηχθημένον
3498 3208 3735 3274 ἀνοσίως

2144 3295 2540 3368 ὲπιφορτίζετε,
2577 3297 2791 3368 πικρῶς
2817 3297 3212 3362 ἐπιϐαίνοντες,
3245 3299 3340 3350 καὶ
3363 3293 3475 3352 οἷον
3503 3298 3605 3369 ἐμὲ
3634 3316 3735 3368 γε-

2143 3386 2344 3450 λῶντες
2384 3388 2476 3442 τὸν
2515 3387 2756 3452 σώζοντα
2789 3389 2932 3459 τάχα
2965 3406 3088 3454 που,
3117 3389 3212 3445 καὶ
3241 3390 3604 3461 ἀμυνόμενον,
3635 3390 3737 3446 καὶ

2143 3477 2212 3537 τὰ
2243 3479 2452 3550 ἐχθρῶν
2482 3479 2563 3544 είς
2592 3479 2693 3549 ἐμὲ
2733 3479 3043 3550 τολμῶντες
3085 3480 3284 3550 λέγειν,
3325 3482 3524 3552 μᾶλλον
3551 3481 3597 3536 δ’
3627 3483 3733 3557 ἤδη

2143 3569 2240 3622 καλ⁵
2266 3568 2496 3640 δρᾶσαις
2529 3568 2642 3621 Οὐκ
2670 3564 2762 3622 οὖν
2793 3570 2872 3632 είς
2900 3569 3116 3640 μακρὰν
3145 3569 3492 3641 ἀπολήψεσθε
3513 3571 3574 3625 τὸ
3600 3572 3735 3626 ἀντ-

2141 3658 2409 3730 απόδομα.
2467 3658 2625 3727 Ἥξει
2674 3659 2733 3713 δὲ
2777 3660 2907 3730 ύμῖν
2955 3661 3035 3723 εἰς
3079 3660 3356 3732 κεφαλήν·
3407 3661 3564 3724 δίκας
3620 3661 3734 3735 γὰρ

2142 3751 2414 3805 ἀποτιεῖτε
2444 3749 2567 3821 ἐμοὶ
2597 3749 2673 3821 τῷ
2702 3750 3175 3822 διακριθησομένῳ
3205 3751 3342 3823 πρὸς
3369 3751 3512 3822 ὑμᾶς
3557 3751 3616 3804 ἐν
3659 3755 3732 3825 τῇ

2142 3840 2349 3895 κοιλάδι
2379 3839 2473 3894 τοῦ
2498 3842 2788 3912 Ἰωσαφάτ.
2851 3843 3104 3910 Ἐγκαλετ
3120 3843 3178 3897 δὲ
3200 3843 3386 3908 αὐτοῖς
3413 3843 3488 3907 ὡς
3503 3844 3738 3915 διηρπαρ

2141 3930 2264 3984 κόσι
2300 3929 2400 4002 μὲν
2428 3930 2498 3984 τὰ
2519 3931 2780 3986 ὲπίλεκτα
2814 3931 2909 3986 τοῦ
2955 3933 3107 4002 ναοῦ,
3135 3934 3232 3987 καὶ
3255 3932 3325 3987 τά
3347 3937 3524 4006 χρυσᾶ
3557 3935 3734 4007 σκεύη

2144 4021 2486 4093 σεσυληκόσι,
2517 4022 2611 4076 καὶ
2657 4025 2778 4086 ταῖς
2825 4023 2934 4077 τῶν
2979 4024 3124 4078 ἰδίων
3157 4024 3308 4079 Θεῶν
3347 4024 3732 4080 ἀνατεθεικόσι

2139 4113 2660 4183 τιμαῖς.’Δφόρητον
2697 4112 2754 4166 δὲ
2795 4113 2855 4166 τὸ
2889 4114 3098 4186 χρῆμα,
3135 4114 3230 4168 καὶ
3255 4116 3470 4188 πικρὸν,
3506 4117 3601 4170 καὶ
3626 4118 3733 4172 οὐκ

2141 4199 2414 4264 ἀνικάνως
2445 4199 2569 4270 ἔχον
2597 4199 2679 4264 είς
2703 4217 2765 4269 γε
2787 4200 2850 4255 τὸ
2877 4202 3137 4256 δύνασθαι
3161 4203 3547 4274 καταλυπῆσαι
3568 4205 3726 4260 Θεόν.

2143 4294 2288 4365 Ἔφη
2318 4293 2448 4364 γὰρ,
2473 4295 2555 4346 ὅτι
2594 4311 2614 4345 ι
2641 4294 2750 4363 Τὴν
2782 4293 2941 4359 δόξαν
2983 4311 3084 4365 μου
3113 4294 3285 4366 ἑτέρῳ
3310 4296 3370 4348 ού
3404 4294 3580 4364 δώσω,
3603 4296 3729 4351 οὐδὲ

2138 4383 2238 4449 τὰς
2261 4385 2460 4456 ἀρετάς
2486 4402 2585 4456 μου
2615 4389 2726 4450 τοῖς
2751 4385 3031 4456 γλυπτοῖς.
3067 4405 3085 4438 ι
3114 4387 3180 4440 Τί
3206 4386 3315 4456 γὰρ
3341 4387 3530 4458 ἓτερον
3551 4387 3618 4441 ἂν
3639 4387 3731 4460 εἴη

466 4459 872 4528 condecorare,
926 4473 1088 4529 quam
1151 4458 1538 4530 propemodum
1589 4457 1929 4528 proclamare
1971 4473 2036 4515 ac

2143 4475 2201 4529 τὸ
2225 4478 2339 4540 τοῖς
2375 4475 2538 4541 θείοις
2568 4477 2885 4550 ἀναθήμασι
2911 4477 3039 4542 τοὺς
3061 4477 3169 4536 τῶν
3191 4476 3426 4532 εἰδώλων
3440 4457 3728 4532 ίκατακαλξ

467 4551 672 4616 dicere,
708 4549 1080 4606 universitatis
1111 4548 1271 4618 huius
1307 4547 1478 4603 Deum
1509 4548 1775 4604 secundas
1810 4559 2028 4616 tenere,

467 4641 558 4696 illa
586 4651 765 4698 autem
803 4642 1026 4712 primas,
1060 4649 1117 4695 et
1153 4638 1383 4694 salutem
1410 4637 1540 4693 dare
1570 4653 1754 4709 posse,
1781 4653 1811 4695 a
1833 4642 2037 4712 quibus

467 4731 803 4788 adorentur?
834 4727 946 4788 Nec
977 4727 1176 4787 suﬁlcit
1217 4727 1395 4793 vobis,
1445 4727 1640 4800 inquit,
1682 4731 1748 4787 ad
1784 4731 2036 4803 impieta-

468 4833 619 4890 tem,
655 4823 855 4880 divinis
910 4821 1152 4876 donariis
1201 4819 1463 4889 spoliasse
1511 4821 1772 4890 templum
1825 4839 2033 4891 meum,

465 4915 688 4987 insuper
717 4915 858 4970 filios
889 4913 1026 4968 Juda
1059 4921 1116 4967 et
1178 4911 1317 4967 ﬁlios
1366 4910 1665 4970 Jerusalem
1710 4916 2034 4974 vendidistis

464 5005 774 5063 Graecorum
817 5005 964 5059 filiis.
993 5001 1221 5059 Factum
1262 5003 1408 5060 istud
1430 5005 1726 5062 verisimile
1785 5015 1869 5062 est
1900 5046 1918 5074 ,
1972 5015 2034 5062 ut

465 5097 633 5168 aliqui
662 5108 855 5165 nempe
881 5109 948 5149 ex
975 5092 1142 5149 Israel
1176 5095 1229 5148 in
1281 5103 1452 5151 terras
1491 5098 1730 5167 gentium
1777 5099 2034 5168 deporta-

463 5186 1006 5254 rentur,'ementibus
1029 5196 1085 5241 et
1114 5186 1507 5244 abducentibus
1555 5198 1650 5243 aut
1683 5186 1870 5259 Tyriis
1915 5189 2032 5246 for-

465 5289 633 5348 tasse,
659 5286 753 5332 aut
782 5276 905 5331 aliis
931 5285 1292 5334 mercaturam
1327 5279 1674 5348 facientibus,
1713 5289 1768 5336 et
1801 5282 2031 5351 quaestui

463 5366 829 5440 comparando
853 5367 1065 5424 deditis.

536 5733 584 5768 “
611 5733 796 5792 lPetr.
847 5749 922 5802 tv,
960 5734 1013 5791 ὅ.
1089 5735 1133 5768 ⁸⁸
1159 5732 1264 5791 lsa.
1306 5732 1506 5799 XLII,8.

2144 4567 2323 4624 λύνειν
2350 4568 2532 4634 ναοὺς,
2558 4568 2592 4640 ἢ
2625 4570 2910 4640 μονονουχὶ
2940 4569 3385 4641 διακεκραγέναι,
3407 4571 3503 4626 καὶ
3521 4569 3725 4639 λέγειν,

2144 4657 2220 4722 ῶς
2247 4659 2332 4730 εἴη
2363 4658 2463 4730 μὲν
2499 4660 2528 4714 ὁ
2572 4659 2681 4714 τῶν
2722 4661 2859 4715 ὅλων
2886 4659 3016 4724 Θεὸς
3050 4661 3110 4712 ὲν
3133 4661 3429 4732 δευτέροις,
3462 4661 3531 4716 τὰ
3577 4662 3635 4715 δὲ
3666 4665 3729 4718 ὲν

2141 4748 2321 4820 λόγοις
2345 4751 2439 4805 τοῦ
2470 4750 2819 4824 προύχοντος,
2843 4753 2936 4806 καὶ
2962 4752 3155 4818 σώζειν
3180 4753 3392 4817 εἰδότας
3411 4755 3536 4817 τοὺς
3563 4754 3728 4819 ἰδίους

2143 4844 2549 4916 προσκυνητάς;
2571 4843 2682 4898 Kal
2705 4844 2806 4898 οὐκ
2826 4843 3067 4917 ἀπόχρη,
3092 4845 3256 4916 φημὶ,
3278 4846 3361 4910 είς
3383 4846 3724 4912 δυσσέϐειαν,

2143 4935 2272 5007 ὑμῖν
2313 4935 2375 4988 τὸ
2407 4934 2514 4988 τῶν
2540 4935 2698 4990 θείων
2729 4937 3095 5008 ἀναθημάτων
3139 4937 3234 4992 τὸν
3279 4939 3411 5010 ἐμὸν
3439 4939 3724 5010 γυμνῶσαι

2141 5024 2298 5089 νεὼν,
2333 5023 2466 5078 ἀλλά
2492 5024 2601 5096 γὰρ
2627 5028 2722 5080 καὶ
2747 5029 2874 5091 τοὺς
2902 5028 3051 5091 υἱοὺς
3077 5027 3268 5094 Ἰούδα,
3301 5028 3397 5082 καὶ
3421 5029 3548 5092 τοὺς
3575 5011 3725 5094 υἱοὺς

2150 5112 2506 5185 Ἰερουσαλὴμ
2534 5114 2800 5169 ἀπέδοσθε
2828 5118 2943 5180 τοῖς
2983 5118 3118 5180 υίοῖς
3151 5117 3261 5171 τῶν
3299 5116 3586 5188 Ἑλλήνων.
3625 5118 3724 5171 Γεο

2139 5204 2324 5258 νέσθαι
2355 5203 2413 5257 δέ
2445 5223 2498 5259 τι
2532 5206 2773 5261 τοιοῦτον
2813 5207 2982 5272 εἰκὸς,
3011 5207 3084 5272 ὡς
3134 5209 3192 5263 ἐν
3230 5211 3351 5273 ταῖς
3381 5209 3590 5281 χώραις
3612 5210 3720 5265 τῶν

2140 5293 2307 5348 ἐθνῶν
2330 5311 2482 5360 τινας
2513 5297 2950 5369 ἀποκομισθῆναι
2984 5299 3094 5352 τῶν
3122 5299 3180 5366 ἐξ
3201 5300 3440 5372 Ἰσραὴλ,
3467 5303 3722 5372 ἀπεμπο-

2140 5383 2374 5439 λούντων
2421 5387 2618 5452 αὐτοὺς
2650 5387 2683 5460 ἢ
2714 5389 2928 5460 Τυρίων
2961 5389 3142 5462 τυχὸν,
3169 5392 3203 5462 ἦ
3252 5392 3344 5445 καὶ
3382 5392 3604 5465 ἑτέρων,
3639 5388 3720 5456 οἷς

2142 5475 2379 5547 ἐμπορία
2418 5477 2481 5532 τὸ
2527 5479 2977 5552 σπουδαζόμενον,
3006 5483 3101 5537 καὶ
3146 5482 3482 5555 φιλοκερδεῖν
3513 5483 3571 5538 τὸ
3601 5485 3719 5554 ἑπι-

2140 5566 2402 5641 τήδευμα.
