4054 6466
367 290 481 356 Ξῦὸ

1268 285 1820 354 COMMENTARIUS
1859 295 1926 352 ΙΝ
1966 273 2232 350 ,ΙΟΕίιΈΜ
2273 291 2717 347 ΡΗΟΡΗΕΤΑΜ.

3561 296 3667 350 594

445 415 659 486 Πρέπει
689 414 734 469 δ’
761 412 826 468 ἂν
858 416 886 468 ό
913 415 1091 484 λόγος,
1118 413 1192 478 ὦς
1221 414 1285 484 γέ
1322 434 1413 487 μοι
1438 417 1712 486 φαίνεται,
1735 417 1831 470 καὶ
1859 417 1970 478 τοῖς

2151 411 2249 465 llic
2273 426 2474 469 sermo.
2517 409 2560 462 si
2590 418 2738 463 recte
2795 407 3112 473 ratiocinor,
3148 410 3315 462 etiam
3385 410 3436 464 in
3479 415 3670 468 nefan‘

369 507 483 560 τῶν
529 507 766 559 ἀνοσίων
801 508 1202 579 προεστηκόσιν
1250 508 1536 579 αἱρέσεων,
1570 507 1620 561 οἳ
1659 509 1790 571 τοὺς
1824 508 1976 570 υἱοὺς

367 600 474 669 τῆς
504 598 839 670 Ἐκκλησίας
879 599 1164 668 μονονουχὶ
1189 597 1583 668 διαρπάζοντες
1613 601 1678 670 τῇ
1718 598 1829 651 τῶν
1862 597 1981 650 Ἐλ-

369 691 555 762 λήνων
601 680 998 745 κατάπωλοῦσι
1030 691 1213 761 σοφίᾳ,
1239 679 1326 744 ἵνα
1357 690 1714 745 πολυπλόκων
1759 689 1980 745 ὲννοιῶν

370 784 889 854 ἀναπιμπλάμενοι,
936 783 1127 852 πικροὶ
1173 782 1438 851 γένωνται
1483 771 1735 853 ζητηταὶ,
1781 770 1981 853 μᾶλλον

369 877 432 930 δὲ
467 876 718 938 ἀπειθεῖς
759 893 820 929 τε
873 877 967 928 καὶ
998 865 1291 948 ἀλιτήριοι,
1320 877 1412 929 καὶ
1450 877 1521 930 τὰ
1565 875 1702 948 ὀρθὰ
1735 875 1984 948 διαστρὲ-

371 987 594 1038 φοντες,
627 969 810 1022 ’καίτοι
855 967 972 1021 δέον
1011 969 1156 1039 ἁπλῇ
1199 956 1488 1023 διαϐιῶναι
1519 970 1743 1040 φράσει,
1772 969 1864 1022 καὶ
1894 968 1984 1022 τὸν

372 1059 769 1130 ἁκαπήλευτον
805 1058 963 1126 λόγον
1011 1059 1112 1128 τῆς
1156 1047 1412 1128 ἀληθείας
1467 1058 1876 1130 μελετᾷν.’Έξω
1919 1060 1983 1130 δὴ

371 1147 472 1204 οῦν
502 1151 613 1203 τῶν
643 1144 790 1203 ἰδίων
819 1150 984 1221 ὁρίων
1013 1149 1269 1219 γενέσθαι
1308 1151 1435 1215 τοὺς
1464 1152 1854 1224 ἠπατημένους
1882 1170 1986 1207 πα.-

375 1245 1011 1320 ρασκευάζουσιν.⁹⁹οροι
1041 1246 1097 1300 δὲ
1128 1247 1317 1320 ὥσπερ
1345 1248 1440 1302 καὶ
1470 1247 1624 1320 χώρα
1647 1249 1757 1303 τῶν
1779 1250 1986 1305 τέκνων

370 1343 480 1409 τῆς
504 1329 844 1410 Ἑκκλησίας
886 1339 990 1409 τῆς
1024 1327 1284 1410 ἀληθείας
1325 1343 1360 1410 ἡ
1405 1341 1632 1410 γνῶσις,
1665 1343 1758 1396 καὶ
1804 1343 1864 1396 τὸ
1907 1346 1988 1408 είς

373 1433 494 1486 πᾶν
541 1423 723 1485 ὁτιοῦν
769 1432 878 1486 τῶν
919 1433 1164 1503 ἀκριϐῶς
1199 1433 1586 1504 ἐξητασμένων
1611 1437 1692 1499 είς
1719 1434 1988 1508 ὀρθότητα

372 1523 658 1587 νενευκός.
693 1517 924 1593 Λέγοιτο
976 1523 1021 1576 δ’
1047 1523 1114 1578 ἂν
1161 1525 1389 1590 εἰκότως
1434 1528 1612 1598 χρυσᾶ
1661 1527 1855 1599 σκεύη,
1895 1527 1990 1581 καὶ

373 1607 626 1686 ἀργυρᾶ,
667 1615 763 1669 καὶ
798 1608 1061 1668 ὲπίλεκτα
1095 1615 1255 1678 Θεοῦ,
1290 1618 1386 1670 καὶ
1433 1617 1578 1672 κατὰ
1609 1619 1671 1671 τὸ
1706 1619 1906 1691 ἀληθὲς
1939 1621 1989 1672 οἱ

377 1698 572 1760 πίστει
631 1707 1118 1779 κατηγλαῖσμένοι,
1151 1710 1248 1762 καὶ
1286 1713 1400 1774 τοῖς
1445 1711 1503 1778 ἐξ
1553 1711 1731 1784 ἔργων
1763 1713 1991 1782 ἀγαθοῖς

373 1790 672 1870 αὐχήμασι
710 1801 1149 1871 κεχρυσωμένοι,
1182 1802 1279 1854 καὶ
1313 1802 1392 1872 τῷ
1425 1803 1528 1874 τῆς
1556 1804 1840 1868 εὐσεϐείας
1868 1805 1986 1860 δια-

376 1891 697 1955 στίλϐοντες
727 1892 934 1947 κάλλει.
953 1892 1095 1945 Ἀλλ’
1120 1894 1168 1946 εί
1199 1894 1410 1963 γένοιτό
1436 1913 1560 1950 τινα
1584 1897 1694 1952 τῶν
1719 1891 1822 1952 ὧδε
1847 1897 1990 1970 λαμ-

375 1984 547 2055 πρῶν
571 1988 686 2048 τοῖς
720 1985 820 2056 τῆς
867 1985 1085 2057 ἀπάτης
1133 1985 1339 2042 ἁλῶναι
1387 1988 1628 2060 βρόχοις,
1661 1990 1988 2046 ἀκούσονται

375 2077 610 2141 πάντως
634 2079 683 2130 οἱ
715 2077 818 2146 τῆς
860 2078 1081 2150 ἀπάτης
1119 2079 1362 2149 εὑρεταὶ,
1403 2099 1422 2134 ι
1454 2081 1528 2135 Τὸ
1561 2083 1827 2154 ἀργύριόν
1860 2102 1986 2155 μον,

378 2170 484 2223 καὶ
526 2169 588 2222 τὸ
623 2169 849 2240 χρυσίον
901 2187 1004 2241 μου
1047 2171 1292 2239 ἐλάϐετε,
1327 2173 1424 2228 καὶ
1471 2172 1542 2228 τά
1579 2175 1845 2230 ὲπίλεκτά
1885 2195 1989 2250 μου

380 2261 752 2332 εἰσηνέγκατε
804 2263 885 2326 εἰς
937 2263 1067 2326 τοὺς
1111 2261 1278 2328 ναοὺς
1331 2265 1505 2336 ὑμῶν.
1544 2267 1884 2340 »Ἔγκλημα
1933 2269 1990 2323 δὲ

379 2353 550 2408 τοῦτο
569 2353 742 2408 δεινόν
769 2371 829 2408 τε
871 2356 966 2408 καὶ
987 2355 1406 2425 δυσδιάφυκτον.
1425 2358 1862 2430 Ἀμαρτάνοντες
1883 2362 1993 2433 γὰρ

382 2439 472 2509 εἰς
498 2447 630 2510 τοὺς
660 2437 928 2515 ἀδελφοὺς
957 2447 1138 2518 ἡμῶν,
1173 2449 1313 2520 ὑπὲρ
1331 2442 1406 2503 ὧν
1434 2451 1670 2523 Χριστὸς
1699 2454 1992 2522 ἀπέθανεν,

373 2536 558 2592 ’ἀύτὸν
591 2537 840 2593 ἀδικοῦσι
869 2539 1128 2611 Χριστὸν,
1162 2534 1206 2610 ᾧ
1237 2543 1409 2614 πάντη
1437 2561 1496 2597 τε
1523 2544 1619 2599 καὶ
1655 2546 1871 2610 πάντως
1896 2546 1994 2612 τὰς

382 2629 502 2685 τῶν
529 2631 611 2694 είς
637 2631 802 2684 αὐτὸν
837 2631 1206 2705 πεπλημμελη
1215 2638 1392 2706 μένων
1415 2637 1571 2701 δίκας
1598 2637 1936 2692 ἁποτιοῦσιν.

467 2723 580 2776 Καὶ
613 2723 745 2778 ἰδοὺ
769 2723 886 2794 ἐγὼ
917 2725 1193 2796 ἐξετείρω
1221 2728 1446 2796 αὐτοὺς
1465 2729 1535 2784 ἐκ
1554 2729 1662 2784 τοῦ
1690 2732 1900 2795 τόπου,
1921 2726 1995 2788 οὗ

2080 505 2271 557 darum
2304 503 2571 556 lum-esum
2603 499 2861 568 praesides
2887 500 3177 570 quadrabit
3211 541 3225 565 ,
3270 503 3362 571 qui
3411 503 3670 560 Ecclesia:

2084 596 2227 650 ﬁlios
2261 605 2468 648 tantum
2505 609 2608 647 nou
2643 593 2980 661 abripicntes
3006 631 3021 656 ,
3061 592 3264 647 Grazrm
3311 594 3671 664 philosophiae

2082 688 2342 751 vendunt,
2393 695 2448 739 ιιι
2486 686 2760 755 impeditis
2797 686 3172 752 intelligentiis
3202 687 3415 756 repleti,
3451 690 3671 746 molesti

2084 773 2472 851 disputatores,
2501 767 2586 834 vel
2606 780 2790 850 potius
2819 779 3081 835 increduli
3109 789 3162 832 et
3190 783 3514 848 pestilentes
3544 798 3676 838 eva-
3725 839 3727 842 .

2086 875 2235 938 dant,
2274 876 2418 928 recta
2452 879 2850 944 pervertenles,
2882 889 3008 928 cum
3039 876 3338 930 secundum
3370 877 3674 947 simplicem

2088 966 2418 1021 locutionem
2479 969 2689 1039 vivere,
2747 979 2802 1024 et
2857 983 3170 1025 sermonem
3228 971 3477 1026 veritatis
3528 973 3677 1026 nulla

2088 1057 2278 1115 fraude
2337 1069 2653 1130 corruptum
2709 1048 2962 1115 meditari
3023 1070 3296 1130 oporteatt
3363 1063 3405 1117 E
3481 1062 3680 1118 ﬁnibus

2091 1151 2258 1220 igitur
2289 1161 2346 1205 ut
2372 1153 2662 1220 ejiciantur
2689 1153 2756 1206 ab
2784 1153 2917 1222 ipsis
2957 1155 3168 1224 decepti
3189 1181 3209 1218 λ,
3250 1156 3302 1210 in
3337 1170 3502 1212 causa
3528 1168 3678 1213 sunt.

2089 1232 2252 1313 237
2292 1243 2444 1298 Finis
2476 1259 2626 1309 vero,
2667 1245 2809 1300 sicut
2837 1257 2892 1301 et
2923 1248 3074 1317 regio
3109 1249 3344 1303 liliorum
3376 1247 3637 1306 Ecclesia!
3664 1281 3679 1314 ,

2091 1336 2328 1405 cognitio
2361 1338 2610 1392 veritatis
2659 1346 2764 1405 est,
2813 1347 2869 1392 et
2898 1339 3046 1408 quod
3091 1341 3159 1394 ad
3211 1355 3373 1394 oume
3414 1341 3680 1412 quidquid

2091 1433 2344 1484 acc'urate
2400 1431 2466 1485 ad
2524 1432 2908 1487 rectitudiuem
2947 1420 3288 1503 exploratum
3329 1445 3447 1498 est,
3482 1436 3684 1505 vergit.

2090 1508 2171 1574 Ac
2201 1521 2394 1575 merito
2445 1523 2598 1589 Sane,
2645 1533 2700 1578 et
2725 1539 2856 1580 vere
2895 1538 3026 1579 vasa
3059 1540 3244 1591 aurea,
3292 1535 3347 1581 et
3396 1537 3682 1597 argentea,

2093 1620 2146 1665 et
2181 1612 2353 1668 electa
2385 1612 2477 1667 Dei
2505 1614 2688 1668 vocari
2713 1624 2944 1685 possunt
2972 1615 3077 1669 lide
3107 1616 3382 1682 exornati,
3429 1625 3485 1670 et
3554 1631 3688 1686 ope-

2095 1721 2216 1759 rum
2250 1706 2422 1773 gloria
2459 1706 2696 1762 inaurati
2743 1723 2809 1763 ac
2838 1708 3060 1778 pietatis
3110 1707 3399 1777 splendore
3443 1711 3684 1766 corusci.

2097 1797 2259 1864 Quod
2286 1799 2332 1854 si
2375 1799 2669 1870 contigerit
2697 1800 3006 1871 quempiam
3047 1801 3242 1854 horum
3274 1801 3349 1854 ita
3379 1799 3586 1855 clarum
3623 1816 3688 1856 ac

2097 1890 2329 1946 nitidum
2360 1889 2587 1946 fallaciae
2624 1889 2836 1961 laqueis
2859 1891 3088 1958 irretiri,
3132 1893 3362 1948 audient
3391 1893 3554 1962 plane
3585 1893 3688 1948 fal-

2098 1983 2364 2039 laciarum
2389 1983 2702 2040 inventores
2733 2000 2747 2037 :
2788 2002 2808 2036 ι
2841 1983 3143 2052 Argentum
3170 1999 3352 2040 meum
3387 1992 3444 2040 et
3493 1997 3687 2040 aurum

2099 2090 2280 2130 meum
2308 2075 2528 2141 tulistis,
2577 2086 2633 2131 et
2665 2075 2843 2133 electa
2883 2091 3004 2132 mea
3057 2076 3324 2132 intulistis
3362 2077 3416 2132 in
3462 2076 3690 2132 delubra
3801 2116 3810 2124 .

2100 2176 2303 2219 vestra.
2348 2183 2366 2216 ι
2408 2164 2627 2222 Crimen
2664 2167 2806 2221 istud
2835 2167 3099 2224 horribile
3123 2177 3228 2233 est,
3253 2177 3320 2224 ‘et
3353 2168 3682 2238 supplicium

2101 2254 2401 2310 difﬁculter
2449 2255 2690 2326 elIugiet.
2736 2255 3041 2315 Peccanles
3100 2273 3336 2328 namque
3384 2259 3443 2314 in
3491 2257 3693 2314 fratres

2102 2356 2318 2403 nostros
2351 2389 2367 2416 ,
2399 2364 2498 2419 pro
2540 2349 2738 2420 quibus
2792 2352 3049 2407 Christus
3096 2362 3346 2407 mortuus
3389 2364 3476 2408 est
3509 2352 3580 2421 σα,
3628 2353 3684 2407 in

2102 2427 2380 2494 Christum
2427 2440 2603 2510 ipsum
2662 2452 2790 2496 sunt
2834 2442 3088 2513 iniuriosi
3119 2483 3136 2508 ,
3191 2444 3282 2500 cui
3327 2446 3590 2510 omnino;
3634 2453 3690 2501 et

2102 2532 2346 2588 omnium
2389 2549 2510 2604 quae
2554 2535 2609 2590 in
2649 2549 2775 2591 eum
2815 2537 3198 2605 peccaverint,
3237 2549 3436 2608 posuas
3479 2536 3692 2607 persol-

2102 2635 2255 2680 vent.

2179 2717 2345 2772 Vens.
2378 2717 2430 2783 7,
2472 2717 2526 2772 8.
2560 2717 2697 2773 Ecce
2722 2734 2816 2789 ego
2837 2721 3036 2774 suscita
3059 2736 3146 2774 eos
3171 2719 3400 2786 deloco,
3439 2720 3530 2774 ubi
3565 2736 3702 2775 ven-

385 2807 702 2871 ἀπέδοσθε
735 2815 960 2883 αὐτοὺς
981 2817 1136 2871 ἐκεῖ·
1165 2819 1262 2872 καὶ
1296 2819 1704 2875 ἀνταποδώσω
1733 2821 1998 2876 ἀνταπό-

2107 2811 2319 2867 didislis
2340 2827 2427 2866 eos
2453 2811 2606 2878 illic;
2638 2823 2686 2868 et
2712 2813 2932 2868 reddam
2952 2814 3350 2870 retributionem
3375 2826 3601 2872 vestram
3635 2814 3693 2867 in

386 2907 553 2977 δομα
579 2906 752 2978 ὑμῶν
788 2911 877 2976 εὶς
920 2911 1193 2979 κεφαλὰς
1227 2912 1419 2982 ὑμῶν.
1461 2913 1574 2967 Καὶ
1612 2912 2000 2986 ἀποδώσομαι

2107 2905 2286 2973 capita
2312 2915 2506 2959 vestra.
2552 2903 2624 2958 Et
2664 2907 2893 2961 vendam
2941 2906 3083 2976 ﬁlios
3106 2918 3310 2964 uestros
3342 2918 3401 2963 et
3443 2909 3586 2979 ﬁlias
3619 2915 3702 2965 uc-

387 3000 545 3068 τοὺς
596 3000 766 3068 υἱοὺς
810 2996 1002 3072 ὑμῶν,
1030 3003 1135 3057 καὶ
1179 3004 1287 3070 τὰς
1326 3005 1657 3075 θυγατέρας
1697 3005 1866 3076 ὑμῶν
1913 3009 2000 3073 εὶς

2107 3007 2248 3052 atrus
2274 2999 2332 3052 in
2364 3015 2554 3053 manus
2578 2998 2818 3068 ﬁliorum
2842 2999 3012 3067 Iuda,
3031 3011 3080 3055 et
3109 3001 3500 3076 venundatum.
3520 3020 3608 3058 eos
3642 3005 3703 3059 in

387 3095 606 3164 χεῖρας
647 3085 795 3149 υἰῶν
835 3089 1043 3160 Ἰούδα,
1074 3096 1174 3150 καὶ
1218 3097 1638 3153 ἁποδώσονται
1663 3099 1888 3167 αὐτοὺς
1915 3102 2000 3165 εἰς

2109 3091 2488 3160 captivitatem,
2516 3092 2577 3146 in
2606 3101 2809 3162 gentem
2830 3108 2946 3163 quae
2981 3093 3189 3164 procul,
3221 3096 3472 3166 quoniam
3509 3095 3702 3151 Domi-

389 3187 826 3257 αὶχμιιλωσίαν
860 3190 949 3254 εὶς
979 3189 1157 3257 ἔθνος
1192 3191 1434 3261 μακρὰν
1471 3191 1723 3264 ἀπέχον,
1768 3191 1858 3248 ὅτι
1890 3195 2007 3250 Κύ-

385 3296 530 3349 ριος
557 3270 892 3347 ἐλάλησεν.

473 3374 570 3428 Μ’.
596 3363 894 3445 Ἀπρακτα
927 3375 1027 3444 μὲν
1052 3374 1121 3428 τὰ
1144 3375 1360 3448 Τυρίων
1374 3375 1594 3432 ἔσεσθαι
1613 3382 1829 3453 μηχανή
1839 3398 2005 3449 ματα,

395 3459 501 3519 καὶ
543 3464 613 3518 τὰ
651 3467 716 3519 ὲκ
766 3465 866 3537 τῆς
911 3467 1246 3540 δυστροπίας
1301 3470 1584 3542 εύρέματα
1628 3473 1770 3526 κατὰ
1811 3474 1921 3526 τῶν
1948 3474 2008 3540 ἐξ

411 3551 680 3628 Ἰσραὴλ,
742 3557 1119 3629 ὲναργέστατά
1157 3577 1346 3630 φησιν,
1406 3561 1467 3626 ἐξ
1527 3563 1888 3635 ἀντιστρόφου
1951 3565 2010 3618 δὲ

399 3637 604 3719 ὥσπερ
649 3647 905 3716 γενέσθαι
938 3652 1052 3713 τοῖς
1079 3651 1370 3724 ἠδικηκόσι
1404 3652 1504 3724 τὴν
1554 3655 1864 3726 συμφορὰν,
1915 3656 2010 3709 καὶ

397 3738 523 3800 τοῖς
551 3727 687 3800 ἴσοις
713 3737 979 3791 έναλῶναι
1006 3742 1218 3805 κακοῖς,
1263 3743 1546 3814 μονονουχὶ
1573 3744 1881 3817 πιπτούσης
1928 3747 2011 3810 εἰς

401 3819 656 3898 κεφαλὰς
688 3829 798 3882 τῶν
825 3830 1016 3884 ἀνόσια
1044 3831 1595 3904 πεπλημμεληκότων
1624 3839 1722 3906 τῆς
1759 3836 2011 3891 ίσοστάθ-

406 3937 518 3994 μου
563 3913 740 3992 δίκης.
788 3921 1004 3994 Ὠσπερ
1052 3922 1162 3995 γὰρ
1208 3924 1363 3983 αὐτοὶ
1412 3925 1474 3979 τὸ
1530 3927 1589 3993 ἐξ
1635 3929 1804 3982 Ἰούδα
1853 3929 2012 3998 γένος

405 4009 582 4082 εἷλον,
615 4003 735 4067 εἶτα
769 4017 886 4079 τοῖς
919 4013 1376 4086 ἀνδραποδισταῖς
1394 4017 1711 4084 δεδώκασιν,
1738 4020 2011 4091 ἀποκομί-

405 4103 528 4173 ζειν
573 4107 822 4172 εἰπόντες
876 4099 957 4172 είς
1009 4108 1164 4172 ἔθνος
1215 4111 1454 4182 μακρὰν,
1512 4111 1656 4167 οὕτω
1698 4112 1769 4166 τὰ
1832 4111 2013 4167 αὐτῶν

405 4191 1019 4270 ἀπεμπολησθήσεσθαι
1067 4199 1236 4256 τέκνα
1275 4204 1430 4271 φησὶ,
1473 4203 1562 4259 διὰ
1605 4205 1788 4276 χειρὸς
1822 4205 2010 4259 Ἰούδα.

408 4292 526 4345 Καὶ
566 4293 650 4345 ὅτι
705 4291 927 4356 πάντως
978 4291 1157 4346 τοιάδε
1211 4295 1572 4368 συμϐήσεται,
1638 4297 2016 4369 προσεμπεδοῖ

407 4375 614 4452 λέγων,
694 4401 712 4434 ι
747 4383 870 4437 Ὅτι
936 4382 1144 4457 Κύριος
1197 4385 1480 4457 ἐλάλησεν.
1513 4407 1532 4440 ι
1606 4387 1896 4460 Ἀνήνυτον
1957 4389 2015 4442 δὲ

411 4478 642 4540 πάντως
669 4475 823 4530 οὐδὲν
853 4474 882 4528 ὃ
917 4474 1215 4544 φθέγγεται
1248 4477 1399 4540 Θεός.
1431 4478 1542 4533 Καὶ
1569 4479 1700 4548 γοῦν
1744 4478 1848 4550 ἔφη
1883 4479 2018 4550 Χρι-

413 4561 566 4633 στός⁶
605 4586 623 4619 ι
654 4568 718 4620 Οί
758 4565 908 4637 λόγοι
947 4583 1050 4638 μου
1082 4568 1144 4621 οὐ
1174 4567 1250 4640 μὴ
1283 4569 1616 4642 παρέλθωσι.
1648 4589 1668 4624 ι
1714 4571 1826 4625 Καὶ
1863 4569 2021 4625 ταυτὶ

415 4661 522 4734 μὲν
550 4659 860 4731 ίστορικῶς.

489 4754 559 4808 Εἰ
585 4752 645 4807 δὲ
667 4753 732 4823 δή
753 4761 839 4816 τις
857 4745 1032 4806 ἕλοιτο
1069 4750 1385 4823 περιαθρεῖν
1429 4751 1498 4807 τὰ
1528 4752 1895 4823 πνευματικὰ,
1923 4753 2018 4808 καὶ

413 4841 530 4900 τῶν
561 4843 972 4916 κεκρυμμένων
1010 4842 1466 4914 ἀναπίμπλασθαι
1498 4843 1810 4914 νοημάτων,
1841 4845 2018 4917 ὲννοή-

417 4954 506 4991 σει
541 4927 728 5001 πάλιν,
752 4930 834 4989 ὅτι
869 4935 966 4990 καὶ
991 4936 1261 5007 Ἐλλήνων
1287 4937 1474 5001 παῖδες
1499 4937 1550 4990 οἱ
1581 4939 1702 5002 ταῖς
1732 4937 2017 5009 δοκησισο-

418 5029 581 5098 φίαις
625 5029 1076 5103 ὲξωφρυωμένοι,
1127 5033 1224 5086 καὶ
1263 5030 1370 5102 μὴν
1403 5031 1497 5087 καὶ
1537 5034 1804 5106 «ipsum!
1849 5035 2017 5090 πολυ-

419 5119 653 5184 πλόκοις
688 5121 909 5193 ἀίπάτης
938 5123 1217 5196 εὑρήμασι
1239 5123 1302 5176 τὸ
1328 5123 1505 5179 δοκεῖν
1540 5125 1595 5179 τί
1620 5143 1804 5196 σφισιν
1833 5127 2019 5193 αὐτοῖς

419 5207 820 5284 ἀπονέμοντες,
841 5214 1180 5286 ἀποφέρουσι
1204 5216 1314 5271 τῶν
1342 5217 1728 5290 ἁπλουστέρων
1752 5221 1906 5287 τινὰς
1921 5222 2024 5294 τῆς

421 5305 598 5376 ὀρθῆς
629 5323 690 5359 τε
721 5307 818 5360 καὶ
851 5307 1157 5379 ἀμωμήτου
1189 5309 1447 5376 πίστεως,
1477 5306 1546 5384 ἦς
1577 5311 1643 5366 ἂν
1670 5311 1841 5384 ἔχοιεν
1869 5315 2024 5387 παρά

425 5395 588 5464 Θεοῦ,
622 5397 720 5450 καὶ
750 5400 866 5461 τοῖς
908 5397 1124 5470 βρόχοις
1147 5399 1246 5471 τῆς
1277 5400 1496 5472 ἀπάτης
1531 5401 1802 5468 ἐνδέοντες
1837 5421 2027 5475 μονον-

421 5489 583 5561 ουχὶ,
613 5488 711 5543 καὶ
755 5491 813 5544 ὲν
842 5490 1189 5562 δορυκτήτων
1236 5491 1403 5564 μοίρᾳ
1435 5491 1708 5559 λαϐόντες,
1753 5495 2027 5566 ἀποκομίά

425 5578 585 5648 ζουσι
616 5581 726 5637 τῶν
756 5573 856 5654 τῆς
885 5581 1144 5655 ἀληθείας
1167 5583 1308 5654 ὅρων
1341 5585 1417 5650 ὣς
1447 5586 1725 5644 ἀποτάτω.
1770 5588 1908 5643 Ἀλλ’
1931 5590 2026 5660 ὅγε

472 5751 754 5817 ι’ἾΟοιο.
785 5775 902 5825 vtu,
937 5759 1026 5815 il.-
1101 5761 1144 5796 ⁸⁷
1175 5760 1366 5815 Matth.
1412 5777 1563 5828 xxxv,
1597 5765 1690 5822 25.-

755 5857 1009 5917 PA'rnon
1075 5858 1192 5918 Gn.
1245 5859 1446 5918 LXXI.

2110 3202 2209 3241 nus
2231 3185 2436 3241 locutus
2457 3197 2557 3241 est.

2183 3368 2296 3423 XL.
2329 3368 2594 3441 Tyrorum
2623 3368 3058 3426 machinationes
3079 3376 3134 3424 et
3178 3381 3438 3440 perversa
3477 3370 3702 3429 inventa

2110 3474 2302 3517 contra
2338 3460 2507 3517 Israel
2536 3461 2717 3515 inania
2765 3459 2903 3529 fere,
2953 3471 3215 3531 perquam
3255 3462 3495 3520 dilucide
3539 3462 3698 3520 διητ-

2111 3562 2244 3619 mat,
2279 3553 2430 3608 etiis
2467 3553 2562 3623 qui
2609 3552 2887 3617 laeserunt,
2921 3553 3078 3621 quasi
3105 3563 3173 3608 ex
3205 3553 3439 3610 adverso
3476 3554 3704 3612 calami-

2113 3655 2280 3701 tatem
2307 3644 2697 3702 remetiendam
2725 3685 2741 3711 ,
2779 3645 3114 3715 paribusque
3151 3647 3310 3703 malis
3340 3647 3510 3718 probe
3543 3647 3704 3704 invo-

2113 3738 2285 3793 lutum
2342 3739 2446 3803 iri,
2499 3748 2708 3793 tantum
2751 3754 2856 3794 non
2907 3739 3073 3794 simili
3101 3752 3266 3809 paena
3325 3743 3604 3798 recidente
3648 3744 3704 3799 in

2113 3830 2294 3901 capita
2326 3844 2555 3896 eorum,
2609 3830 2701 3900 qui
2776 3832 2942 3902 impie
2989 3832 3357 3903 deliquerunt;
3423 3835 3706 3903 Quomodo

2115 3936 2354 3991 namque
2383 3922 2487 3993 ipsi
2519 3937 2692 3993 genus
2722 3923 2863 3980 Juda
2893 3925 3179 3995 captivum
3205 3925 3480 3996 fecerunt,
3507 3930 3708 3986 deinde

2113 4029 2214 4084 pro
2249 4013 2541 4084 mancipiis
2580 4016 2880 4082 venditum,
2917 4017 2984 4071 ad
3027 4023 3268 4075 remotas
3304 4027 3498 4090 gentes
3535 4021 3708 4078 abdu-

2115 4107 2344 4162 cendum
2376 4107 2687 4162 dederunt:
2727 4109 2808 4164 sic
2867 4124 3057 4164 eorum
3109 4111 3313 4167 liberas
3360 4127 3460 4181 per
3514 4129 3708 4170 manus

2115 4198 2258 4255 Juda
2289 4199 2513 4254 venales
2556 4199 2770 4256 futuros
2808 4209 3063 4269 testatur,
3107 4211 3162 4256 et
3191 4203 3257 4257 ad
3295 4218 3531 4275 unguem
3562 4206 3706 4262 idem

2116 4307 2377 4363 passuros
2401 4292 2727 4359 testiﬁcaus,
2775 4293 2876 4359 ait,
2930 4309 2950 4346 ι
2989 4293 3127 4361 Quia
3184 4285 3446 4352 Dominus
3493 4298 3708 4354 locutus

2118 4394 2223 4442 est.
2265 4405 2286 4441 ι
2319 4383 2465 4440 Nihil
2495 4395 2681 4442 autem
2709 4387 2954 4442 omnium
3001 4399 3124 4458 qua:
3168 4387 3314 4444 Deus
3345 4388 3606 4461 loquitur,
3641 4391 3710 4447 ad

2051 4481 2095 4538 D
2120 4493 2238 4534 rem
2265 4492 2373 4534 non
2404 4477 2707 4535 confertur.
2733 4477 2922 4548 Itaque
2947 4478 3200 4537 Christus
3231 4481 3444 4553 inquit:
3470 4502 3490 4536 ι
3529 4481 3708 4539 Verba

2123 4586 2248 4628 mea
2289 4587 2398 4630 non
2454 4571 2760 4629 interibunt
2802 4568 2870 4629 ⁸⁷.
2928 4590 2949 4626 ι
3014 4574 3080 4630 Et
3106 4576 3222 4631 haec
3271 4575 3492 4646 quidem
3532 4577 3708 4634 histod

2121 4663 2260 4722 rice.

2194 4755 2351 4824 Quod
2365 4757 2410 4812 si
2425 4757 2511 4813 cui
2530 4756 2706 4829 placet
2722 4757 3073 4840 considerare
3089 4759 3416 4831 spiritualia,
3435 4769 3491 4818 et
3510 4757 3714 4821 abditis

2122 4846 2499 4918 intelligentils
2544 4857 2605 4905 se
2662 4849 2904 4921 explere,
2953 4851 3218 4923 cogitabit
3260 4855 3426 4910 etiam
3463 4853 3711 4922 Graecos.

2123 4940 2261 4997 falsa
2299 4941 2557 5012 opinione
2587 4943 2871 5013 sapientiae
2912 4945 3262 5013 supercilium
3299 4946 3554 5013 tollentes
3577 4986 3594 5012 ,
3643 4962 3711 5003 ac

2123 5043 2392 5105 praeterea
2445 5035 2770 5102 haereticos,
2827 5036 2898 5092 οι)
2941 5036 3186 5094 involuta
3243 5037 3581 5095 fallaciarum
3623 5039 3715 5093 in-

2125 5137 2289 5184 venta
2342 5128 2719 5184 existimantes
2772 5142 2831 5186 se
2873 5145 2997 5186 esse
3047 5127 3276 5202 aliquid,
3318 5127 3711 5201 simpliciorum

2127 5220 2392 5290 quosdam
2454 5237 2484 5275 a
2525 5223 2674 5278 recta
2705 5229 2760 5278 et
2811 5222 3085 5294 inculpata
3135 5221 3261 5289 ﬁde,
3314 5237 3477 5293 quam
3533 5237 3561 5275 a
3602 5221 3714 5276 Deo

2129 5313 2338 5370 habere
2395 5315 2626 5385 possint,
2684 5325 2974 5382 avertere,
3031 5323 3086 5372 et
3129 5317 3450 5385 imposturae
3505 5313 3715 5384 laqueis

2129 5404 2395 5474 irretitos,
2432 5409 2820 5479 propemodum
2855 5408 3139 5464 se‘rvorum
3183 5407 3350 5480 338
3397 5406 3540 5472 loco,
3575 5414 3715 5478 quos

2131 5499 2300 5554 armis
2343 5502 2610 5570 ceperint,
2654 5517 2684 5556 a
2723 5502 2921 5559 finibus
2965 5501 3216 5556 veritatis
3262 5501 3514 5572 abripere
3551 5511 3716 5572 quam

2131 5590 2468 5663 longissime.-
2499 5591 2769 5651 Caeterum
2801 5593 3181 5669 universorum
3203 5592 3350 5648 Deus
3384 5608 3573 5648 eorum
3615 5593 3718 5646 inn
3817 5639 3820 5642 .

3297 5862 3368 5927 13
