4054 6454
382 314 496 375 397

1287 307 1843 391 COMMENTARIUS
1885 305 1949 360 IN
1992 302 2255 359 JOELEM
2298 296 2740 357 PRUPllETMI.

3560 304 3667 359 598

382 425 664 499 μαχητὴς,
711 425 981 489 τουτέστι,
1034 426 1127 476 καὶ
1181 424 1343 489 εἴτις
1384 426 1490 477 τῶν
1542 424 1830 493 ἀοργήτων
1872 421 1978 486 εἴη,

2087 430 2204 484 gnte
2232 431 2290 469 se
2321 416 2541 478 credat,
2579 417 2681 469 hoc
2705 421 2826 478 est,
2897 413 2999 467 etsi
3052 414 3316 483 quispiam
3362 416 3522 473 irasci
3568 436 3667 474 ne-

380 518 528 568 ἑστω
562 516 660 568 καὶ
693 510 849 578 οὗτος
881 517 1152 586 μαχητής.
1189 517 1413 586 ’Ὅμοιον
1447 516 1522 576 ὼς
1549 516 1596 567 εί
1627 515 1795 581 λέγει,
1824 513 1976 565 ούδε-

378 606 471 669 νὸς
498 606 561 659 τὸ
590 607 813 676 σύμπαν
856 607 1342 677 ὑπολελειμμένου·
1380 608 1503 661 Κᾶν
1532 608 1580 659 εἰ
1613 606 1849 675 γηπόνος
1896 621 1979 665 τις

377 702 491 769 εἴη,
546 701 650 755 κᾶν
697 704 746 754 εί
788 700 959 763 δειλός
1018 717 1076 752 τε
1120 700 1214 752 καὶ
1256 701 1517 771 ἄνανδρος
1570 692 1760 770 (οὗτος
1799 695 1908 764 γὰρ
1951 697 1979 747 ό

375 793 726 863 ἀδύνατος),
747 792 847 845 κᾶν
876 794 924 845 εἰ
947 793 1139 861 πρᾶος,
1167 791 1263 845 καὶ
1294 786 1980 860 ἁφιλοπόλεμος,παραθη-

375 886 565 954 γὲσθω
595 886 735 955 πρὸς
768 884 970 956 μάχην.
1001 886 1424 955 Παραιτήσομαι
1456 883 1565 952 γὰρ
1592 881 1800 935 οὐδένα.
1854 882 1981 932 Δια·

374 977 559 1045 κρινῶ
592 977 651 1030 δὲ
699 977 949 1042 ἅπαντας
980 979 1037 1030 ἐν
1070 980 1136 1049 τῇ
1176 975 1384 1031 κοιλάδι
1422 975 1517 1030 τοῦ
1564 974 1855 1044 Ἰωσαφάτ.
1906 972 1981 1026 Τὸ

371 1068 721 1141 δὲΔιακρινῶ
748 1071 1025 1141 σημαίνει,
1052 1072 1132 1125 ὅτι
1158 1071 1366 1142 Κριτὴς
1393 1070 1587 1138 ἔσομαι
1609 1068 1981 1135 δυνατὸς,ποι-

371 1162 499 1224 ναῖς
562 1179 623 1214 τε
667 1163 763 1215 καὶ
806 1163 988 1227 δίκαις
1034 1163 1201 1225 ἐνιεὶς
1250 1163 1378 1225 τοὺς
1423 1161 1836 1232 διαρπάσαντας
1882 1159 1979 1230 μὲν

372 1256 484 1323 γῆν
532 1253 631 1323 τὴν
662 1254 824 1325 ἐμὴν,
880 1255 1072 1326 κλήρῳ
1105 1254 1163 1308 δὲ
1195 1252 1554 1325 διαλαχόντας
1592 1254 1684 1306 τὸν
1739 1250 1976 1323 Ἰσραὴλ,

371 1346 475 1397 καὶ
534 1345 763 1416 πόρναις
817 1345 917 1416 μὲν
978 1347 1276 1411 δεδωκότας
1334 1346 1403 1399 τά
1457 1346 1741 1416 παιδάρια,
1810 1361 1981 1398 κατα-

370 1438 741 1509 πεπρακότας
802 1439 859 1493 δὲ
891 1439 959 1491 τὰ
1006 1440 1257 1509 κοράσια,
1303 1438 1397 1492 καὶ
1432 1438 1508 1502 ὡς
1549 1433 1691 1492 οἶνον
1722 1440 1981 1491 ἐκπεπω-

372 1532 570 1596 κότας.

464 1624 836 1695 Ἐπιφωνήσει
865 1624 909 1677 δ’
948 1624 1014 1679 ἂν
1053 1625 1121 1678 τά
1158 1623 1338 1677 τοιάδε
1369 1624 1532 1677 πάλιν
1560 1625 1675 1686 τοῖς
1707 1623 1804 1692 τῆς
1853 1624 1976 1676 Ἐκο

372 1716 615 1786 κλησέας
664 1717 877 1787 ἐχθροῖς
920 1718 948 1770 ό
983 1715 1208 1787 Κύριος,
1263 1714 1311 1767 οἳ
1346 1714 1452 1769 κᾶν
1499 1714 1845 1784 παμπληθεῖ,
1882 1714 1978 1768 καὶ

2085 508 2242 571 sciat,
2286 507 2636 561 nihilominus
2679 507 2817 560 idem
2851 520 2999 558 arma
3033 508 3311 573 corripiat.
3344 508 3574 565 Perinde
3607 529 3672 567 ac

2084 599 2128 651 si
2153 599 2316 664 dicat,
2344 598 2493 651 nullo
2519 613 2742 665 prorsus
2781 598 2971 652 relicm
3008 614 3021 650 :
3056 598 3182 652 Sive
3216 614 3354 668 Opus
3403 604 3669 657 rusticum

2084 687 2249 742 faciat
2279 691 2422 756 quis,
2485 690 2598 743 sive
2641 689 2862 742 timidus
2898 699 2951 743 et
3003 690 3235 744 imbellis
3273 693 3341 761 (is
3388 694 3532 746 enim
3590 704 3675 749 est

2086 780 2393 850 ἀδύνατος),
2418 782 2533 835 sive
2560 783 2827 835 mansueti
2857 783 3057 851 ingenii
3083 792 3137 836 et
3165 799 3193 836 a
3222 784 3414 837 bellico
3440 788 3670 853 strepitu

2086 873 2315 940 alienus,
2360 876 2424 927 ad
2460 890 2697 944 pugnam
2724 884 2898 929 semet
2938 887 3167 931 cxacuat
3202 914 3216 938 ,
3264 878 3469 931 nullum
3507 894 3669 932 recu-

2084 962 2235 1016 sabo.
2268 961 2532 1017 Judicabo
2560 980 2749 1019 omnes
2781 967 2834 1019 in
2856 967 2995 1020 valle
3021 965 3282 1036 Josaphat
3313 985 3325 1021 :
3357 972 3498 1038 quod
3540 987 3667 1025 ver-

2085 1053 2213 1107 bum
2245 1054 2533 1123 significat,
2564 1055 2735 1110 Judex
2767 1072 2861 1115 ero
2888 1070 3113 1128 potens,
3172 1062 3353 1129 plenis
3384 1072 3439 1115 et
3467 1063 3673 1132 suppli-

2084 1144 2185 1200 ciis
2218 1160 2550 1215 prosequens
2572 1188 2587 1215 ,
2623 1148 2713 1218 Qui
2755 1149 3057 1205 diviserunt
3092 1160 3295 1207 terram
3346 1168 3563 1217 meam,
3621 1164 3674 1209 et

2084 1246 2230 1293 sorte
2273 1238 2670 1295 distribuerunt
2704 1241 2906 1307 Israel,
2968 1244 3419 1315 tradideruntque
3465 1263 3666 1316 pueros

2086 1330 2482 1396 meretricibus,
2525 1342 2579 1387 et
2609 1333 2814 1403 puellas
2844 1336 3224 1403 vendiderunt,
3274 1348 3437 1406 atque
3490 1350 3548 1393 ut
3592 1340 3672 1393 vi-

2086 1436 2212 1475 num
2243 1422 2518 1478 biberunt.

2156 1600 2308 1658 Talia
2345 1620 2557 1659 rursum
2590 1606 2846 1662 Ecclesia:
2884 1610 3131 1666 hostibus
3182 1612 3442 1666 Dominus
3490 1613 3670 1668 accla-

2085 1696 2319 1748 maverit
2357 1710 2369 1747 :
2412 1698 2502 1765 qui
2555 1713 2865 1768 quanquam
2905 1702 3037 1755 totis
3069 1704 3243 1772 copiis
3285 1713 3341 1758 et
3384 1707 3533 1759 omni
3581 1722 3672 1761 ro-

366 1800 475 1879 3).“
504 1808 736 1879 δυνάμει
772 1808 1045 1879 χρώμενοι
1071 1808 1180 1861 τῶν
1212 1806 1381 1877 ἁγίων
1406 1805 1968 1877 καταστρατεύονται,

2083 1787 2207 1841 bore
2237 1797 2457 1841 sanctos
2497 1792 2884 1859 Oppugnarint,
2918 1795 3112 1848 cadent
3156 1795 3398 1863 profecto
3444 1813 3659 1863 clunes,

369 1899 677 1953 πεσοῦνται
701 1899 767 1970 δὴ
795 1900 995 1962 πάντες
1020 1898 1185 1955 αὑτοῦ
1216 1898 1670 1968 προασπίζοντος,
1690 1896 1978 1959 κάκείνους

371 1993 483 2064 μὲν
521 1992 1018 2065 καταστρέφοντος,
1067 1989 1501 2061 ἀνατειχίζοντος
1543 1990 1598 2043 δὲ
1636 1990 1765 2052 τοὺς
1814 1988 1980 2051 ίδίους

369 2081 771 2153 προσκυνητὰς
796 2082 1004 2146 πίστει,
1033 2082 1130 2134 καὶ
1160 2081 1361 2148 ἐλπίδιι
1383 2083 1478 2135 καὶ
1515 2080 1727 2154 ἀγάπῃ,
1764 2081 1859 2135 καὶ
1880 2080 1979 2151 τῆς

372 2175 519 2239 ιδίας
546 2175 889 2246 ἡμερότητος
916 2173 1163 2242 ἀγαθοῖς.

460 2266 968 2330 Ἐξαποστείλατε
996 2265 1284 2335 δρέπανα,
1311 2265 1399 2320 ὅτι
1426 2269 1810 2335 παρέστηκεν
1840 2284 1979 2334 τρυ-

369 2356 584 2428 γητός,
636 2359 1088 2429 εἰσπορεύεσθε,
1143 2359 1416 2423 πατεῐτε,
1464 2350 1615 2414 διότι
1657 2360 1897 2429 πλήρης
1942 2358 1979 2426 ἠ

369 2452 602 2518 ληνός·
645 2451 992 2519 ὑπερχεῖται
1026 2452 1099 2505 τὰ
1134 2450 1461 2520 ὑπολήνια,
1502 2452 1591 2505 ὅτι
1626 2453 1979 2519 ἐπληθύνθη

366 2541 451 2594 τὰ
490 2542 649 2595 κακὰ
679 2543 899 2597 αὐτῶν.
926 2538 1011 2597 Ἦ
1010 2560 1106 2613 χοι
1127 2544 1528 2611 ἠκούσθησαν
1547 2544 1617 2597 ἐν
1645 2543 1721 2611 τῇ
1746 2543 1980 2597 κοιλάδι

369 2633 491 2703 τῆς
520 2636 718 2704 δίκης,
753 2635 843 2689 ὅτι
868 2636 1050 2705 ἐγγὺς
1091 2638 1129 2705 ἠ
1156 2636 1348 2706 ἡμέρα
1386 2638 1608 2704 Κυρίου
1644 2636 1714 2690 ἐν
1746 2632 1822 2704 τῇ
1855 2654 1979 2690 κοι-

367 2727 520 2784 λάδι
554 2725 664 2796 τῆς
686 2728 881 2796 δίκης.
925 2728 978 2779 '0
1014 2726 1190 2795 ἥλιος
1216 2727 1316 2780 καί
1344 2729 1383 2796 ἡ
1413 2727 1647 2797 σελήνη
1673 2728 1980 2783 συσκοτά-

368 2836 629 2885 σουσιν,
676 2820 775 2873 καὶ
815 2821 889 2873 τὰ
930 2818 1125 2887 ἄστρα
1168 2818 1471 2873 δ’ὐσουσιιν
1514 2820 1581 2873 τὸ
1619 2820 1840 2890 φέγγος
1872 2824 1981 2875 αὺ-

368 2912 517 2967 nar.
556 2912 609 2965 '0
641 2912 711 2966 δὲ
751 2913 967 2983 Κύριος
984 2913 1053 2967 ἐκ
1083 2911 1236 2968 Σιὼν
1256 2913 1744 2982 ἁνακεκράξεται,
1791 2915 1889 2969 καὶ
1912 2916 1982 2981 ἐξ

382 3005 785 3076 Ἰερουσαλὴμ
817 3006 998 3060 δώσει
1034 3006 1246 3076 φωνὴν
1290 3006 1497 3071 αὐτοῦ,
1534 3008 1631 3062 καὶ
1660 3008 1983 3075 σεισθήσε-

371 3116 474 3153 ται
504 3102 541 3153 ὁ
562 3098 842 3167 οὐρανὸς,
876 3098 973 3153 καὶ
1003 3100 1042 3167 ἡ
1064 3098 1163 3169 τῆ.

451 3192 590 3245 MB'.
629 3191 711 3244 Τὰ
742 3190 843 3260 μὲν
887 3191 1162 3263 πρόσοικα
1191 3191 1300 3245 τῶν
1350 3190 1520 3246 ἐθνῶν
1562 3194 1662 3263 τῆς
1714 3191 1978 3256 Ἰουδαίας

371 3282 763 3355 γῆς.”Αρα6ἀς
804 3300 865 3335 τε
913 3284 1056 3354 φημί
1100 3284 1194 3338 καὶ
1247 3283 1503 3355 Τυρίους,
1534 3283 1845 3350 Γετθαίους,
1885 3285 1979 3339 καὶ

368 3374 710 3445 Φιλιστιεὶμ,
744 3374 1063 3441 Μωαϐίτας,
1101 3375 1195 3428 καὶ
1235 3375 1592 3446 Ἰδουμαίους,
1613 3374 1974 3446 Ἀμμανίτας,

372 3468 477 3523 καὶ
514 3466 912 3539 Γεργεσαίους,
943 3466 1109 3521 οἱονεὶ
1140 3468 1403 3536 σάλπιγγι
1441 3468 1815 3538 κεχρημένους
1856 3486 1973 3522 συν-

370 3560 629 3631 αγείρειν
673 3560 960 3613 ἐκέλευσεν
999 3560 1080 3623 είς
1122 3560 1220 3629 τὴν
1270 3559 1494 3613 κοιλάδα
1533 3559 1627 3613 τοῦ
1686 3560 1974 3631 Ἰωσαφὰτ,

370 3651 453 3714 ὡς
478 3650 682 3703 αὐτίκα
706 3650 769 3720 δὴ
805 3650 951 3719 μάλα
976 3650 1419 3721 τεθνηξομένους,
1456 3651 1550 3703 καὶ
1584 3650 1789 3722 πικρὰς
1818 3653 1979 3721 ὑφέξ-

370 3758 541 3804 οντας
572 3740 651 3810 τῷ
682 3740 921 3810 κρίνοντι
956 3740 1133 3803 δίκας.
1170 3740 1490 3811 Παραθήγει
1521 3741 1577 3794 δὲ
1614 3745 1729 3794 νυνὶ
1759 3744 1885 3806 τοὺς
1917 3744 1979 3807 ἐξ

385 3830 613 3905 Ἰσραὴλ
643 3833 725 3894 εἰς
746 3833 956 3902 ἄμαχόν
986 3848 1109 3886 τινα
1133 3831 1463 3902 προθυμίαν,
1511 3832 1607 3883 καὶ
1648 3833 1977 3901 δυσάντητον

370 3922 576 3993 ἀλκὴν,
607 3922 699 3975 καὶ
728 3922 792 3993 δὴ
838 3923 1336 3993 συναγηγερμένοις
1376 3922 1740 3993 ἐπιθρώσκειν
1787 3923 1976 3996 ὥσπερ

372 4014 781 4081 διακελεύεται,
819 4016 931 4069 δεῖν
964 4016 1019 4068 δὲ
1062 4014 1303 4084 πολέμου
1327 4015 1547 4085 δείμασι
1590 4016 1976 4085 κατεπτοημέ-

373 4125 529 4171 νους,
561 4106 684 4161 οὔτε
718 4108 826 4178 μὴν
860 4110 940 4171 εἰς
974 4108 1155 4179 μάχην
1207 4108 1386 4171 ἰόντας
1429 4108 1587 4173 ὅλως,
1638 4108 1974 4179 ἡγουμένους

371 4201 434 4253 δὲ
472 4201 675 4271 μᾶλλον
704 4202 766 4253 τὸ
800 4202 988 4272 χρῆμα
1030 4200 1265 4273 τρυφὴν,
1318 4200 1412 4253 καὶ
1456 4201 1515 4252 ἐν
1563 4200 1803 4271 θυμηδία
1842 4200 1977 4254 αὐτὸ

373 4294 863 4364 καταγράφοντας,
913 4294 1005 4347 καὶ
1047 4293 1357 4366 γεγηθότας
1407 4296 1466 4347 ἐν
1502 4296 1602 4365 ἴσῳ
1634 4298 1747 4358 τοῖς
1781 4295 1879 4359 τὰς
1916 4295 1976 4361 ἐξ

373 4386 643 4457 ἀμπέλων
694 4388 1003 4458 εὐκαρπίας
1052 4387 1389 4456 συλλέγουσι.
1440 4386 1713 4459 Ταύτῃτοί
1769 4402 1971 4459 φησιν·

379 4498 398 4530 ι
424 4478 880 4543 Ἐξαποττείλατε
911 4479 1172 4551 δρέπανα,
1200 4480 1280 4531 ὅτι
1309 4479 1623 4550 παρέστηκε
1646 4481 1917 4551 τρυγητὸς
1953 4499 1970 4531 ι
2009 4506 2058 4565 D

375 4570 461 4639 (τὸ
481 4571 958 4635 ἑξαποστείλατε
978 4571 1169 4639 τιθεὶς,
1201 4572 1323 4625 ἀντὶ
1348 4570 1467 4633 τοῦ,
1498 4572 1863 4642 ἐκπέμψατε),
1885 4574 1979 4626 καὶ

371 4663 684 4729 ἐκτείνατε,
719 4664 973 4736 καθάπερ
999 4664 1193 4735 ἀμέλει
1228 4665 1325 4717 καὶ
1353 4666 1401 4717 οἱ
1448 4666 1657 4735 τρυγᾷν
1701 4664 1976 4728 εἰωθότες.

372 4756 674 4810 Κείσονται
703 4758 812 4830 γάρ
846 4758 1055 4829 ἕτοιμοι
1085 4757 1223 4828 πρὸς
1250 4757 1556 4829 ἀναίρεσιν,
1585 4758 1873 4828 εὐτρεπεῖς
1900 4761 1979 4821 είς

370 4850 723 4920 κατατομήν.
784 4848 1212 4922 Ἀποκειρέσθω,
1260 4850 1449 4921 φησιν,
1493 4851 1521 4904 ὁ
1566 4849 1847 4921 πολέμιος,
1901 4850 1978 4914 ὡς

370 4940 436 5006 ἐξ
460 4940 711 5011 ἀμπέλου
746 4939 961 5013 βότρυςο
1009 4941 1287 4994 πατείσθω
1340 4942 1396 4995 δὲ
1436 4941 1627 5016 ὥσπερ
1671 4945 1729 4996 ἐν
1774 4943 1975 5014 ληνοῖς,

371 5030 624 5101 σωρηδὸν
670 5031 775 5083 ὑπὸ
818 5031 987 5094 πόδας
1022 5029 1296 5101 κείμενος.
1337 5048 1356 5082 ι
1407 5033 1808 5105 Εἰσπορεύεσθε
1841 5036 1971 5104 γὰρ,

371 5124 536 5191 φησι,
593 5126 838 5187 πατείτε,
879 5123 1016 5177 διότι
1064 5123 1283 5195 πλήρης
1330 5125 1363 5194 ή
1413 5124 1594 5197 ληνὸς,
1622 5146 1640 5176 ι
1704 5127 1971 5193 τουτέστι,

373 5216 819 5288 συγκεκόμισται
851 5217 987 5289 πρὸς
1029 5216 1252 5288 ὕλεθρον
1300 5216 1408 5272 τῶν
1448 5217 1619 5271 ἐθνῶν
1658 5220 1690 5289 ἠ
1744 5219 1973 5290 πληθὺς,

370 5306 529 5361 οὐδὲν
554 5307 615 5360 τὸ
645 5308 852 5361 κωλύον
869 5308 975 5362 ὑπὸ
1007 5308 1173 5371 πόδας
1204 5303 1344 5362 εἶναι
1384 5309 1507 5371 τοὺς
1536 5308 1684 5372 σούς.
1720 5327 1739 5360 ι
1769 5310 1972 5382 Ὑπερ-

370 5399 557 5471 χεῖται
598 5398 666 5452 τά
697 5398 987 5471 ὑπολήνια.
1016 5420 1035 5452 ι
1090 5402 1325 5471 Σημεῖον
1377 5400 1435 5454 δέ
1486 5400 1575 5455 διὰ
1614 5400 1821 5455 τούτων
1860 5399 1973 5457 οἷον

370 5490 695 5561 ἁμφιλαφές
738 5493 848 5545 τῶν
880 5493 959 5557 είς
994 5493 1382 5564 καταπάτησιν
1421 5496 1968 5565 συγκεκομισμένων.

384 5579 480 5635 Ἔν
511 5582 618 5652 γάρ
653 5600 730 5635 τοι
762 5586 885 5646 ταῖς
911 5582 1022 5637 τῶν
1056 5583 1297 5655 βοτρύων
1326 5584 1634 5653 ἀφθονίαις,
1670 5586 1765 5639 καὶ
1800 5586 1972 5651 αὐτὰς

372 5676 405 5725 ὁ
431 5668 576 5736 οἶνος
616 5674 878 5738 πολλάκις
919 5675 1210 5745 ὑπεραίρει
1253 5675 1351 5738 τὰς
1383 5675 1597 5747 ληνούς.
1647 5677 1720 5730 Τὸ
1766 5678 1972 5749 πλῆθος

372 5765 441 5836 δὴ
464 5760 556 5818 οὖν
578 5766 681 5819 τῶν
704 5766 808 5819 ὑπὸ
833 5766 997 5829 πόδας
1027 5766 1289 5835 κειμένων
1312 5765 1479 5836 δηλοῖ,
1506 5768 1702 5837 λέγων,
1726 5788 1745 5819 ι
1769 5769 1969 5841 ’Υπερ-

2084 1876 2204 1944 ipso
2227 1886 2544 1949 protegente
2586 1890 2642 1935 et
2666 1880 2788 1937 illos
2821 1884 3037 1952 quidem
3066 1897 3369 1953 evertente,
3405 1905 3530 1944 suos
3568 1907 3667 1945 au-

2085 1978 2191 2023 tem
2220 1970 2454 2028 cultores
2486 1972 2609 2038 litle,
2636 1990 2752 2043 spe,
2786 1977 3053 2032 cltaritate
3084 1989 3133 2033 et
3167 1978 3522 2050 benignitatis
3550 1999 3665 2038 sua:

2084 2063 2425 2127 muneribus,
2469 2082 2745 2120 murorum
2776 2069 2967 2135 instar,
2998 2072 3416 2129 corroborante.
3443 2067 3445 2070 ⁴

2158 2237 2319 2292 Vsus.
2356 2240 2544 2294 1⁸546.
2574 2240 2817 2296 Emittile
2844 2244 3028 2311 falces,
3072 2247 3321 2315 quoniam
3364 2248 3513 2301 adest
3555 2250 3667 2301 viu-

2084 2332 2542 2396 demia;introile
2575 2376 2590 2403 ,
2644 2337 2872 2400 calcate,
2926 2340 3051 2407 quia
3112 2341 3319 2406 plenum
3383 2340 3661 2404 torcular;

2086 2427 2382 2477 redundant
2426 2427 2741 2488 toreularia,
2790 2429 2915 2497 quia
2957 2430 3313 2496 multiplicata
3359 2442 3480 2485 sunt
3527 2434 3673 2485 mala

2083 2530 2284 2568 eorum.
2339 2514 2556 2569 Sonitus
2600 2519 2773 2571 auditi
2817 2530 2937 2573 sunt
2984 2522 3037 2573 in
3076 2522 3209 2575 valle
3256 2522 3452 2592 judicii
3483 2564 3498 2589 ,
3548 2525 3673 2588 quia

2078 2605 2237 2672 juxta
2279 2617 2351 2659 est
2396 2609 2506 2661 dies
2563 2607 2779 2662 Domini
2817 2614 2869 2663 in
2908 2613 3039 2665 valle
3061 2613 3277 2681 jndicii.
3335 2613 3428 2669 Sol
3465 2625 3510 2668 et
3547 2615 3673 2669 luna

2086 2697 2590 2763 obtenebrabuntur,
2614 2711 2660 2754 et
2689 2704 2855 2757 stellio
2874 2705 3107 2757 occidere
3132 2705 3324 2773 facient
3344 2707 3671 2773 splendorem

2084 2805 2259 2844 suum.
2291 2789 2362 2844 Et
2392 2792 2647 2848 Dominus
2686 2795 2749 2849 tle
2776 2794 2905 2849 Sion
2945 2796 3195 2850 clamabit
3225 2838 3239 2863 ,
3298 2808 3345 2852 et
3378 2798 3675 2854 Jerusalem

2085 2878 2230 2932 dabit
2254 2896 2425 2935 vocem
2450 2898 2624 2949 suam,
2662 2895 2707 2937 et
2735 2885 3028 2940 movebitur
3068 2891 3255 2941 cmlum
3293 2899 3343 2942 et
3372 2899 3532 2944 terra.

2162 3181 2321 3238 XLII.
2352 3184 2639 3241 Fiuitimos
2668 3184 2866 3241 Iudaeae
2887 3188 3135 3257 pupulos,
3167 3188 3399 3256 Arabas,
3427 3192 3671 3262 inquam,

2086 3285 2140 3330 et
2170 3275 2385 3346 Tyrios,
2420 3275 2676 3333 Gethwos
2715 3289 2770 3334 et
2820 3280 3137 3345 Philistiim,
3185 3281 3446 3337 Moabitas
3482 3295 3538 3340 et
3560 3281 3681 3338 ldu-

2085 3372 2639 3433 mazos,Amtnonitas
2666 3381 2720 3426 et
2766 3372 3086 3441 Gergesreos
3129 3376 3280 3431 velut
3331 3378 3472 3431 tubae
3515 3378 3669 3433 ciae-

2087 3461 2311 3529 goribns
2360 3463 2414 3517 in
2444 3465 2637 3518 vallem
2689 3462 2953 3534 Josapliat
3004 3484 3340 3537 congregare
3368 3471 3531 3539 jussit
3559 3512 3575 3537 ,
3616 3482 3676 3528 ut

2086 3555 2484 3623 quamprimum
2542 3557 2835 3612 morituros
2899 3558 3064 3629 240
3119 3569 3173 3614 ct
3235 3563 3463 3617 acerbas
3505 3565 3674 3633 judiei

2085 3660 2275 3714 pinnas
2305 3650 2700 3716 persoluturos.
2736 3650 2889 3705 Nunc
2918 3654 3194 3708 lsraelitas
3220 3655 3286 3708 ad
3326 3657 3670 3713 alacritatem

2086 3736 2378 3804 quamdam
2437 3738 2914 3811 inexpugnabilem
2979 3744 3347 3814 invictamque
3395 3747 3673 3804 fortitudi-

2088 3842 2208 3881 nem
2238 3831 2561 3896 exsuscitat,
2608 3832 2853 3903 adeoque
2890 3835 2942 3889 in
3010 3848 3370 3907 congregatos
3414 3841 3627 3899 insilire
3654 3886 3672 3911 ,

2085 3922 2241 3988 quasi
2266 3922 2443 3990 jubet,
2475 3934 2527 3977 et
2554 3924 2653 3988 ait,
2684 3940 2776 3981 eos
2804 3942 2966 3996 quam
2994 3932 3226 3985 maxime
3273 3934 3544 3991 audentes
3599 3939 3674 3991 vi-

2085 4012 2197 4066 deri
2223 4018 2505 4081 oportere,
2534 4014 2824 4084 virilesque
2864 4032 2928 4071 ac
2973 4028 3263 4085 strenuos,
3327 4024 3492 4077 etiam
3548 4027 3672 4081 belli

2089 4106 2391 4161 terroribus
2452 4118 2854 4174 consternatos,
2882 4121 2936 4164 et
2966 4128 3202 4182 pugnam
3232 4130 3527 4172 conserere
3561 4119 3673 4173 for-

2084 4199 2399 4265 midantes;
2456 4200 2585 4269 quin
2618 4201 2799 4270 potius
2839 4202 2889 4255 id
2942 4203 3144 4259 habere
3203 4222 3301 4274 pro
3352 4210 3562 4266 deliciis
3619 4224 3675 4268 et

2085 4293 2285 4347 ducere
2314 4292 2577 4361 voluptati
2613 4333 2628 4358 ,
2676 4310 2775 4350 nec
2830 4297 2991 4351 aliter
3035 4298 3314 4366 gaudere,
3357 4317 3524 4370 quam
3578 4308 3669 4373 qui

2086 4385 2308 4439 uberem
2360 4386 2693 4440 vindemiam
2736 4387 2964 4444 faciunt.
3011 4389 3284 4459 Proinde,
3344 4413 3362 4445 ε
3399 4396 3666 4465 Emittite,

2086 4476 2280 4545 inquit,
2308 4476 2491 4543 falces,
2517 4480 2771 4548 quoniam
2803 4483 2955 4537 adest
2984 4484 3307 4539 vindemia.»
3332 4488 3673 4553 Ἐξαποστεί-

2084 4567 2215 4622 λατε
2245 4570 2426 4639 posuit
2455 4584 2554 4638 pro
2596 4571 2943 4641 ἐκπέμψατε,
2991 4575 3224 4630 emittite
3265 4588 3322 4631 et
3366 4584 3666 4647 cxtendite,

2084 4660 2343 4714 nimirum
2401 4672 2458 4715 ut
2498 4663 2899 4720 vindetniantes
2932 4680 3354 4724 consueverunt.
3402 4671 3671 4729 Jacebunt

2081 4758 2225 4811 enim
2250 4758 2426 4827 parati
2460 4768 2517 4811 ut
2551 4759 2975 4830 interﬁciuntur,
3001 4764 3175 4832 parati
3201 4773 3260 4819 ιιι
3289 4776 3664 4833 amputentur.

2081 4849 2714 4919 Abscindatur,iuquit,
2766 4854 2959 4920 hostis,
3016 4866 3143 4910 uta
3195 4857 3303 4913 vite
3359 4857 3572 4922 botrus,
3616 4870 3671 4911 et

2082 4940 2311 5009 pedibus
2358 4939 2636 5008 subiectus
2667 4981 2683 5006 ,
2745 4943 2885 4996 sicut
2928 4943 2981 4995 in
3058 4944 3318 4997 torculari
3373 4944 3667 4998 acervatim

2080 5029 2451 5085 conculcetur.
2488 5030 2576 5085 Ait
2598 5032 2743 5085 enim
2771 5072 2786 5095 ,
2835 5030 2864 5083 ἰ
2912 5032 3161 5097 Introite,
3193 5042 3248 5089 et
3279 5034 3508 5098 calcate,
3540 5033 3666 5103 quia

2080 5123 2298 5193 plenum
2321 5133 2403 5180 est
2439 5122 2699 5190 torcular,
2748 5142 2766 5174 ι
2800 5124 2902 5179 hoc
2941 5136 3064 5190 est,
3117 5135 3459 5194 comportata
3491 5126 3665 5178 estad

2079 5216 2509 5272 internecionem
2556 5217 2845 5271 multitudo
2898 5220 3141 5287 gentium
3177 5260 3190 5285 ,
3249 5219 3387 5272 nihil
3434 5217 3662 5280 obstat,

2078 5308 2375 5376 quominus
2424 5308 2791 5377 subjiciantur
2812 5307 3042 5377 pedibus
3096 5310 3221 5363 tuis.
3282 5326 3301 5358 ι
3334 5306 3665 5360 Reduudant

2080 5400 2395 5454 toreularia.
2432 5419 2451 5452 ι
2514 5399 2744 5471 Signum
2803 5399 3105 5466 perlectum
3176 5397 3471 5452 calcandos
3540 5411 3664 5450 esse

2079 5502 2472 5563 comportatos.
2503 5493 2717 5549 Etenim
2767 5493 2823 5546 in
2856 5507 3086 5546 uvarum
3120 5490 3455 5545 abundantia
3497 5491 3663 5545 etiam

2078 5584 2193 5652 ipsa
2246 5583 2536 5638 toreularia
2589 5584 2772 5636 vinum
2806 5596 2949 5650 saepe
2992 5580 3225 5636 excedit.
3274 5580 3665 5657 Frequentiatn

2078 5678 2246 5747 igitur
2297 5675 2398 5731 sub
2448 5677 2676 5746 pedibus
2725 5673 3027 5742 jacentium
3073 5674 3178 5728 hoc
3211 5676 3379 5728 verbo
3440 5673 3666 5727 demon‘

2078 5781 2234 5837 strat,
2272 5790 2289 5823 ι
2336 5771 2662 5827 Reduudaut
2732 5767 3043 5824 toreularia.
3089 5790 3106 5822 ι
3142 5769 3401 5841 Sequitur
3436 5786 3448 5821 :
3495 5787 3515 5820 ι
3551 5768 3650 5820 So.
