4054 6484
406 339 507 392 599

1400 329 1459 384 S.
1507 326 1782 384 CYRILLI
1821 326 2290 384 ALEXANDlllNl
2332 325 2647 387 AliCHlEP.

3575 328 3672 394 ιιιο

408 457 553 508 uitus
592 449 763 505 auditi
792 456 917 505 sunt
950 445 1005 502 in
1031 443 1169 500 valle
1196 444 1406 516 jndieii.
1455 464 1473 497 ›
1510 444 1574 498 Et
1613 445 1873 514 quidnam
1910 445 1985 501 is-

2100 450 2263 518 χεῖται
2298 449 2365 502 τά
2398 449 2680 520 ύπολήνια.
2710 468 2727 501 ι
2788 468 2805 500 ι
2829 445 2993 519 ἾῘχει
3034 448 3308 520 ὲξήχησαν
3357 450 3413 503 ὲν
3455 454 3521 522 τῇ
3561 468 3677 505 uota

409 545 503 599 tttd
531 541 658 599 est?
686 539 881 597 Solent
922 537 1094 594 sancti
1128 537 1401 607 propheta:
1433 544 1692 591 eventura
1736 550 1989 605 prmnunv

411 638 589 700 tiare,
641 641 696 687 et
747 646 1137 701 nonnunquam
1198 644 1378 684 rerum
1441 629 1677 697 ipsarum
1731 628 1991 697 imagines

408 727 592 781 animo
626 724 940 795 concipere,
974 723 1169 790 utjam
1207 731 1317 776 tum
1354 728 1408 774 et
1434 720 1622 773 videre
1654 719 1755 773 sibi
1783 717 1987 785 futura,

407 827 463 873 ct
500 831 660 873 voces
691 816 841 886 ipsas
865 815 1055 869 audire
1082 814 1386 867 videantur.
1426 808 1491 863 Et
1528 810 1652 879 quia
1681 822 1873 863 omnes
1919 809 1988 863 ad

406 923 572 963 unum
604 905 918 978 perditurus
957 914 1075 959 erat
1106 915 1428 972 progressus
1473 901 1539 953 ad
1583 899 1988 953 dimicationem

408 999 928 1060 Nabuchodonosor,
952 996 1018 1049 ad
1042 994 1216 1063 ipsum
1236 991 1438 1047 foedum
1462 990 1585 1046 belli
1617 989 1986 1059 spectaculum

410 1094 590 1147 animo
636 1099 690 1147 et
741 1089 1062 1159 cogitatione
1112 1085 1373 1155 abreptus
1452 1094 1536 1139 est
1585 1079 1850 1137 Jeremias
1882 1098 1897 1147 ;
1931 1090 1989 1135 et

411 1192 621 1238 tantum
652 1196 757 1235 non
800 1179 931 1251 ipsis
984 1176 1155 1231 oculis
1200 1175 1628 1230 innumerabiles
1680 1172 1986 1227 occisorum

409 1281 657 1327 catervas
691 1265 1106 1337 contemplatus,
1134 1264 1313 1319 aiebat
1346 1281 1360 1318 :
1404 1280 1423 1314 ι
1474 1262 1585 1316 Heu
1631 1262 1761 1316 mihi
1797 1302 1811 1326 ,
1855 1262 1983 1330 quia

410 1363 592 1418 detlcit
620 1362 798 1416 anima
830 1374 949 1414 mea
976 1368 1198 1429 propter
1239 1356 1556 1412 interfectos
1615 1356 1663 1388 ⁸⁸
1695 1357 1708 1409 !
1747 1374 1767 1408 δ
1801 1354 1991 1410 Simile

408 1455 687 1525 quiddam,
719 1463 777 1507 ut
799 1461 950 1523 puto,
998 1465 1121 1506 cum
1150 1461 1205 1506 et
1238 1448 1373 1504 Joeli
1425 1448 1714 1504 accidisset
1746 1457 1797 1503 et
1848 1446 1989 1500 forte

410 1545 698 1599 tumultum
734 1543 985 1598 bellicum
1029 1542 1254 1597 auribus
1280 1539 1605 1609 accepisset,
1641 1537 1761 1591 ideo
1792 1538 1934 1591 dixit
1970 1550 1986 1587 :

414 1636 698 1691 (Sonitus
728 1635 894 1689 auditi
926 1642 1055 1690 sunt
1092 1634 1148 1688 in
1191 1631 1329 1687 valle
1368 1630 1578 1702 jutlicii.
1624 1648 1642 1681 ι
1692 1628 1757 1683 Et
1793 1628 1989 1684 vallem

410 1729 625 1801 quidem
665 1728 857 1800 judicii
910 1728 1145 1798 appellat
1198 1725 1515 1781 certaminis
1578 1723 1775 1787 locum,
1836 1722 1988 1793 quasi

412 1838 521 1877 non
577 1823 741 1876 aliam
790 1821 859 1877 ob
916 1804 1139 1875 causam
1184 1819 1433 1890 gentibus
1481 1830 1546 1871 eo
1599 1816 1940 1887 congregatis
1970 1858 1985 1885 ,

412 1929 579 1983 qnam
615 1922 670 1969 ut
699 1915 937 1984 graviter
971 1912 1313 1982 punirentur.
1351 1927 1370 1961 ‹
1415 1909 1637 1964 Sonitus
1672 1919 1852 1962 autem
1888 1922 1987 1960 au-

413 2009 576 2072 ditos,
612 2025 633 2059 ι
668 2017 760 2061 aut
797 2006 1165 2077 oppetentium
1196 2004 1429 2075 gemitus
1452 2042 1467 2067 ,
1522 2010 1618 2057 aut.
1655 2001 1987 2056 vincentium

411 2100 688 2155 lastisonas
717 2113 878 2155 voces
907 2100 1009 2155 ltoc
1038 2098 1158 2153 loco
1190 2096 1452 2150 nominat.
1491 2093 1603 2149 Mos
1638 2093 1782 2149 enim
1824 2101 1908 2147 est
1936 2092 1991 2146 in

413 2192 532 2247 acie
559 2192 880 2248 cadentibus
920 2190 1152 2263 gemitus
1173 2188 1405 2245 fundere
1432 2231 1447 2252 ,
1500 2199 1555 2243 et
1585 2187 1786 2257 potitos
1816 2184 1991 2239 victo-

413 2281 519 2348 ria,
547 2281 857 2353 iacentibus
898 2280 1341 2353 (nccimmerito)
1380 2278 1659 2348 gloriando
1707 2275 1990 2330 insultare.

414 2373 598 2428 Solem
632 2387 796 2443 porro
823 2382 877 2427 et
915 2372 1097 2426 lunam
1132 2369 1544 2426 obtuncbratum
1573 2367 1637 2420 iri
1675 2367 1771 2431 ait,
1821 2366 1995 2434 ipsas-

414 2480 519 2534 que
557 2463 744 2519 stellas
769 2464 972 2518 lumine
1006 2462 1317 2526 carituras;
1352 2474 1456 2514 non
1487 2458 1633 2529 quod
1687 2459 1787 2511 hoc
1818 2456 1992 2526 ipsum

419 2568 549 2610 tunc
589 2570 811 2625 passura
840 2555 949 2610 sint
986 2553 1250 2608 elementa
1285 2551 1394 2606 ullo
1445 2550 1625 2613 modo,
1682 2547 1774 2603 sed
1812 2547 1996 2617 praelio

424 2646 583 2720 24]
627 2648 778 2716 quasi
815 2646 1067 2702 tenebras
1104 2643 1433 2708 offnndente,
1469 2653 1523 2696 et
1574 2653 1833 2710 tanquam
1864 2637 1996 2692 cali-

415 2742 594 2811 ginem
657 2755 846 2796 eorum
904 2739 997 2808 qui
1037 2738 1325 2792 vincuntur
1387 2735 1562 2790 oculis
1617 2740 1994 2805 prwtexente;

362 2870 369 2875 ς
418 2846 635 2901 semper
696 2830 842 2885 enim
884 2838 1061 2882 terror
1107 2826 1304 2880 mortis
1346 2826 1603 2880 tenebras
1661 2823 1894 2891 ingerit,
1943 2829 1998 2872 et

415 2925 727 2996 improvisa:
761 2920 1091 2978 ealantitatis
1122 2918 1433 2989 magnitudo
1468 2926 1703 2971 mentem
1754 2915 1995 2976 hebetat,

415 3014 750 3087 perindeque
784 3022 841 3067 ut
890 3009 1058 3067 solem
1107 3007 1476 3063 immensitate
1528 3004 1995 3077 perturbationum

2092 540 2211 593 λάδι
2240 542 2339 611 τῆς
2366 541 2541 612 δίκης,
2574 561 2592 594 ι
2645 541 2756 595 Καὶ
2787 541 2838 594 τί
2860 541 2925 613 δὴ
2957 541 3117 594 τοῦτό
3144 543 3325 606 ἐστιν;
3361 543 3524 607 Ἔθος
3568 548 3674 606 τοῖς

2091 631 2268 701 ἁγίοις
2288 634 2598 704 προφήταις
2622 634 2690 688 τὰ
2713 634 2944 705 ἐσόμενα
2975 630 3470 703 προαπαγγέλλειν,
3502 635 3596 687 καὶ
3620 637 3674 689 ἐν

2091 725 2284 788 αὐταῖς
2317 725 2428 777 ἔσθ’
2457 726 2547 778 ὅτε
2580 725 2825 794 γίνεσθαι
2868 728 2988 790 ταῖς
3032 725 3143 778 τῶν
3180 726 3431 796 πράξεων
3472 741 3676 794 φαντα-

2093 814 2259 881 σίαις,
2289 814 2431 868 ὥστε
2477 816 2572 869 καὶ
2624 817 2756 887 ὁρᾷν
2808 815 2910 886 ἤδη
2950 815 3127 869 δοκεῖν
3172 816 3240 870 τὰ
3291 815 3544 887 δρώμενα
3583 818 3676 871 καὶ

2091 907 2395 980 ἀκροᾶσθαι
2427 908 2642 977 φωνῶν.
2690 908 2801 961 Καὶ
2846 908 2930 960 ὅτι
2960 907 3169 970 πάντας
3209 906 3378 978 ἄρδην
3423 907 3677 961 ἀπολέσει

2091 1000 2451 1072 κεκινημένος
2479 1001 2560 1063 εἰς
2598 998 2781 1079 μάχην
2829 1000 2858 1052 ὁ
2908 999 3404 1071 Ναϐουχοδονόσορ,
3456 999 3553 1053 καὶ
3597 1000 3679 1063 εἱς

2091 1093 2260 1165 αὐτὴν
2309 1091 2404 1146 τοῦ
2462 1092 2702 1163 πολέμου
2764 1091 2863 1161 τὴν
2917 1091 3140 1161 ἀπρεπῆ
3193 1090 3325 1145 θέαν
3384 1088 3681 1162 εἱρπάζετο

2095 1184 2377 1257 μονονουχὶ
2408 1184 2501 1237 καὶ
2520 1183 2730 1254 πληθὺν
2755 1183 3062 1254 ἀμέτρητον
3089 1182 3416 1252 τεθεαμένος
3447 1183 3678 1253 νεκρῶν,

2092 1278 2351 1347 ἔφασκεν,
2388 1298 2407 1327 ι
2432 1275 2589 1346 Οἴμοι
2614 1274 2745 1343 ἐγὼ,
2787 1277 2870 1327 ὃτι
2911 1274 3149 1328 ἐκλείπει
3191 1277 3225 1346 ή
3268 1274 3413 1346 ψυχή
3453 1292 3554 1344 μου
3589 1274 3686 1327 ἐπὶ

2090 1370 2203 1431 τοῖς
2238 1367 2624 1441 ἀνῃρημένοις.
2660 1386 2677 1418 ι
2731 1364 2985 1419 Τοιοῦτόν
3029 1383 3101 1432 τι,
3150 1365 3403 1437 καθάπερ
3444 1358 3682 1435 ἐγῷμαι,

2092 1460 2189 1515 acati.
2232 1458 2386 1530 Ἰωὴλ
2424 1458 2732 1523 πεπονθὼς,
2763 1459 2903 1528 τάχα
2958 1472 3061 1510 που
3095 1456 3188 1512 τὸν
3234 1460 3292 1512 ὲν
3349 1456 3424 1529 τῷ
3460 1457 3689 1529 πολέμῳ

2097 1551 2328 1624 θόρυϐον
2374 1552 2454 1614 εἰς
2478 1548 2573 1613 οῦς
2606 1550 2842 1619 ἐδέχετο,
2864 1550 3118 1621 ταύτῃτοὶ
3144 1567 3333 1620 φησιν,
3366 1569 3385 1602 ι
3407 1545 3575 1621 Ἦχοι
3598 1549 3690 1614 €5—

2093 1643 2309 1713 ήχησαν
2338 1642 2396 1695 ὲν
2424 1644 2491 1712 τῇ
2521 1641 2727 1695 κοιλάδι
2758 1642 2857 1712 τῆς
2895 1642 3069 1712 δίκης.
3112 1661 3129 1694 ι
3162 1642 3272 1696 Καὶ
3323 1641 3541 1697 κοιλάδα
3586 1644 3689 1713 μὲν

2090 1733 2247 1805 δίκης
2284 1732 2537 1803 ὀνομάζει
2578 1731 2672 1785 τοῦ
2713 1732 2951 1803 πολέμου
2987 1733 3079 1786 τὸν
3105 1732 3306 1804 χῶρον,
3349 1732 3426 1797 ὡς
3466 1733 3569 1786 οὐκ
3596 1730 3687 1802 ἐφ’

2090 1826 2263 1898 ἑτέρῳ
2290 1823 2398 1878 τινὶ
2424 1823 2532 1877 τῶν
2559 1822 2729 1876 ἐθνῶν
2760 1822 2847 1876 ἐπ’
2891 1822 3043 1894 αὐτῷ
3090 1824 3469 1894 συνηγμένων,
3503 1824 3537 1894 ἢ
3584 1825 3680 1877 ἵνα

2092 1918 2297 1990 πικρὰς
2324 1917 2579 1971 ἐκτίσωσι
2603 1916 2779 1979 δίκας.
2832 1932 2851 1965 t
2895 1914 3256 1987 Ἐξηχοῦντας
3284 1916 3341 1968 δὲ
3363 1916 3549 1987 ἤχους,
3579 1934 3598 1967 ι
3650 1916 3688 1987 ἦ

2093 2008 2192 2073 τὰς
2216 2009 2327 2063 τῶν
2364 2008 2672 2064 πιπτόντων
2703 2006 2967 2076 ὀλολυγάς
3001 2005 3187 2061 ἐνθάδε
3222 2007 3416 2079 φησὶν,
3467 2007 3501 2078 ἢ
3555 2007 3690 2070 τοὺς

2093 2101 2203 2158 τῶν
2236 2099 2510 2155 νικώντων
2550 2099 2921 2169 άλαλαγμούς.
2959 2099 3253 2170 Συμϐαίνει
3285 2100 3393 2170 γὰρ
3426 2102 3484 2153 ἐν
3524 2099 3691 2152 πολέ-

2098 2210 2222 2263 μοις
2260 2191 2615 2246 καταστένειν
2658 2190 2756 2262 μὲν
2783 2191 2909 2253 τοὺς
2931 2196 3257 2254 πίπτοντας,
3279 2189 3689 2258 ὲπαγάλλεσθαι

2094 2284 2154 2339 δὲ
2197 2286 2308 2347 τοῖς
2345 2283 2621 2354 κειμένοις
2661 2283 2790 2345 τοὺς
2840 2280 3277 2352 κεκρατηκότας,
3320 2281 3413 2334 καὶ
3442 2277 3501 2334 εὖ
3538 2281 3691 2351 μάλα

2095 2376 2520 2446 ἑπικαυχᾶσθαι.
2546 2374 2734 2427 ’Ἥλιον
2751 2374 2829 2438 δὲ,
2851 2374 2945 2426 καὶ
2974 2373 3204 2444 σελήνην
3229 2373 3689 2444 σκοτισθήσεσθαί

2097 2486 2252 2540 φησι,
2284 2469 2378 2522 καὶ
2417 2467 2616 2530 αὐτοὺς
2647 2466 2703 2519 δὲ
2731 2466 2994 2536 ἀφεγγεῖς
3024 2464 3242 2518 ἔσεσθαι
3264 2467 3391 2527 τοὺς
3423 2463 3688 2534 ἀστέρας,

2096 2561 2192 2616 καὶ
2224 2560 2346 2631 οὐχὶ
2378 2558 2443 2630 δὴ
2474 2558 2692 2621 πάντως
2730 2559 2807 2622 ὼς
2845 2556 3004 2610 τοῦτο
3040 2557 3175 2610 αὐτὸ
3201 2556 3543 2627 πεισομένων
3575 2556 3692 2608 τῶν

2098 2651 2379 2723 στοιχείων
2417 2649 2759 2721 τοτηνικάδε,
2810 2647 2925 2702 ἀλλ’
2971 2648 3047 2711 ὡς
3096 2647 3287 2711 σκότος
3331 2645 3692 2718 ἐμποιοῦντος

2094 2744 2191 2800 τοῦ
2225 2743 2487 2812 πολέμου,
2538 2741 2634 2794 καὶ
2679 2737 2788 2794 οἷον
2820 2739 2989 2811 ἀχλὺν
3020 2742 3138 2802 ταῖς
3190 2739 3298 2793 τῶν
3353 2738 3692 2809 ἡττωμένων

2096 2837 2332 2898 ὲνιέντος
2368 2834 2545 2905 ὄψεσι.
2577 2833 2777 2895 Σκότος
2805 2832 2916 2904 γάρ
2938 2832 3024 2886 ἀεὶ
3038 2831 3132 2885 τοῦ
3156 2831 3387 2886 θανάτου
3416 2830 3476 2884 τὸ
3501 2831 3690 2900 δεῖμα,

2099 2929 2193 2984 καὶ
2220 2926 2564 2995 ἀπαμϐλύνει
2610 2925 2701 2979 τὸν
2741 2923 2866 2977 νοῦν
2915 2926 3199 2996 συμφορᾶς
3232 2924 3497 2995 ἀδοκήτου
3527 2923 3695 2994 μέγε-

2099 3020 2213 3086 θος,
2242 3018 2338 3071 καὶ
2371 3017 2561 3087 ὥσπερ
2589 3016 2740 3087 ἥλιον
2773 3015 3164 3086 καταμελαίνει
3194 3016 3292 3088 τὴν
3320 3015 3550 3086 καρδίαν
3574 3018 3692 3078 τοῖς

417 3105 759 3163 obscuritate
787 3102 981 3158 inlicit.
1031 3099 1310 3156 Clamasse
1356 3109 1535 3152 autem
1573 3097 1863 3151 Dominum
1909 3095 1993 3149 di-

2101 3112 2241 3181 ὑπὲρ
2266 3109 2460 3181 μέτρον
2489 3108 2596 3161 τῶν
2632 3107 2842 3163 παθῶν.
2891 3106 3273 3178 Κεκράξεσθαι
3320 3107 3377 3160 δέ
3412 3124 3546 3178 φησι
3596 3106 3692 3162 τὸν

418 3202 512 3263 cit,
547 3207 604 3251 nt
640 3204 961 3267 prmsentem
996 3232 1012 3259 ,
1049 3200 1104 3246 et
1152 3208 1256 3245 una
1296 3190 1618 3245 militantem
1661 3228 1676 3254 ,
1727 3198 1890 3257 atque
1939 3187 1992 3241 in

422 3304 630 3345 rnorem
671 3287 824 3342 ducis
876 3284 1152 3340 lsraelitas
1204 3283 1255 3336 iu
1321 3282 1667 3337 adversarios
1716 3280 1991 3334 incitasse.

428 3380 486 3435 ln
540 3379 732 3449 primis
783 3390 911 3431 vero
958 3374 1012 3429 in
1060 3374 1460 3431 resurrectione
1502 3371 1724 3428 humani
1780 3370 1997 3441 generis

418 3470 698 3525 Christum
758 3466 903 3521 velut
951 3480 1019 3520 ex
1054 3464 1182 3520 Sion
1234 3464 1590 3518 clamaturum
1644 3462 1825 3515 dicere
1866 3475 1998 3514 con-

419 3559 589 3616 venit.
637 3557 817 3624 Nam,
854 3566 911 3612 ut
958 3556 1161 3612 Paulus
1209 3557 1287 3610 ait
1339 3573 1353 3610 :
1397 3573 1417 3605 ι
1473 3553 1592 3624 lpse
1630 3552 1895 3607 Dominus
1944 3552 1996 3605 in

418 3654 600 3726 jussu,
628 3651 772 3708 etin
824 3663 956 3705 voce
1006 3648 1345 3717 archangeli,
1397 3656 1452 3701 et
1500 3647 1552 3700 in
1594 3647 1719 3700 tuba
1774 3645 1863 3700 Dei
1902 3644 1996 3699 de-

425 3746 651 3804 scendet
682 3745 749 3801 de
771 3743 931 3809 caelo,
961 3752 1015 3797 et
1046 3741 1247 3796 mortui
1304 3739 1398 3808 qui
1454 3739 1506 3793 in
1558 3737 1777 3794 Christo
1830 3750 1995 3802 sunt,

424 3846 710 3904 resurgent
764 3833 1185 3905 incorruptis".
1253 3851 1271 3885 ι
1321 3832 1432 3887 lloc
1504 3840 1561 3887 et
1634 3832 1718 3887 lex
1801 3830 2001 3902 Muysis

425 3927 788 3984 adumbravit.
823 3926 1168 3983 Jussitenim
1196 3925 1248 3978 in
1288 3924 1570 3979 neomenia
1624 3926 1749 3979 tuba
1796 3936 2000 3978 canere

420 4021 785 4078 israclitas“.
864 4019 930 4073 Et
1001 4018 1287 4073 neomenia
1338 4018 1555 4087 quidem
1614 4016 1781 4086 ﬁgura
1832 4013 2000 4068 futuri

423 4133 490 4172 ac
538 4115 660 4171 novi
707 4112 889 4169 swculi
949 4096 1232 4167 evidenter
1301 4119 1482 4180 potest
1536 4107 1782 4176 intelligi.
1849 4104 2001 4159 Tuba

422 4218 607 4262 autem
675 4207 830 4262 vocis
880 4204 1225 4274 penetrautis
1257 4202 1439 4257 omnia
1473 4238 1490 4264 ,
1538 4196 1875 4267 archangeli,
1921 4194 2003 4249 in-

426 4316 607 4369 quam,
632 4314 792 4369 quem
829 4298 970 4352 Deus
1018 4297 1194 4350 mittet
1249 4309 1372 4348 cum
1414 4292 1578 4354 'tuba,
1631 4304 1752 4358 quia
1797 4287 2002 4358 ingenti

421 4387 912 4445 sonitus'claritate
975 4386 1384 4439 universitatem
1441 4388 1777 4434 mortuorum
1826 4377 1879 4431 in
1925 4377 2004 4432 vi-

426 4492 535 4535 tam
568 4479 864 4534 revocabit.
902 4476 1168 4531 Prteterea
1203 4478 1318 4543 ipse
1371 4470 1632 4525 Dominus
1678 4468 1994 4522 miraculum

2110 4468 2418 4539 κειμένους,
2476 4468 2710 4534 ἐξαίσιόν
2762 4487 2813 4523 τι

425 4574 481 4627 in
542 4569 808 4624 Lazarum
861 4567 1030 4622 edens
1058 4608 1072 4632 ,
1117 4565 1183 4619 ad
1236 4569 1647 4616 monumentum
1680 4560 1865 4623 venit,
1910 4569 2001 4625 et,

423 4669 486 4717 ut
517 4659 1081 4729 narrat-evangelista,
1108 4669 1239 4708 voce
1276 4666 1469 4722 magna
1501 4649 1755 4705 clamavit
1785 4669 1800 4706 :
1837 4670 1856 4703 ι
1904 4651 2004 4706 La-

428 4769 586 4820 zare,
622 4753 743 4809 veni
776 4753 922 4807 foras
956 4753 1019 4804 τ’.
1071 4768 1090 4801 ι
1128 4748 1448 4815 Quanquam
1477 4744 1588 4815 ipse
1635 4760 1730 4815 per
1769 4747 2004 4816 prophe-

429 4858 537 4900 tam
583 4845 769 4902 dicat:
826 4861 845 4894 ι
884 4840 999 4895 Νοιι
1041 4838 1353 4901 contendet,
1401 4851 1502 4892 uec
1555 4836 1846 4905 clamabit,
1906 4853 2005 4894 nec

428 4936 683 4994 audietur
724 4934 861 4989 foris
906 4947 1009 4985 vox
1058 4930 1176 4999 ejus
1205 4928 1275 4983 ⁷⁸.
1319 4948 1339 4981 ι
1377 4929 1604 4999 Signum
1650 4930 1814 4999 igitur
1840 4945 2004 4999 pene-

427 5029 827 5093 trabilistubaa,
877 5036 931 5081 et
971 5024 1192 5079 sonitus
1225 5023 1342 5092 ejus
1385 5038 1556 5093 usque
1613 5024 1678 5076 ad
1729 5032 2004 5077 extremos

431 5134 701 5176 terrarum
738 5116 876 5171 lines
902 5155 918 5183 ,
979 5114 1195 5182 inquam
1218 5152 1234 5179 ,
1283 5125 1338 5168 et
1391 5114 1458 5167 de
1488 5113 1656 5175 emit),
1720 5121 1824 5176 est,
1861 5115 2004 5181 quod

427 5213 682 5267 Salvator
723 5210 832 5262 alta
852 5220 989 5262 voce
1009 5204 1285 5259 Lazarum
1326 5204 1395 5259 ab
1434 5205 1627 5259 inferis
1650 5204 1928 5257 excitavit.

502 5472 667 5526 Vens.
715 5472 802 5525 Π.
835 5475 900 5525 At
939 5470 1193 5525 Dominus
1219 5480 1397 5540 parcet
1427 5469 1619 5539 populo
1649 5487 1766 5534 suo,
1798 5482 1842 5524 et
1879 5489 2006 5525 con-

431 5564 646 5634 fortabit
698 5565 835 5633 ﬁlios
868 5563 1061 5632 Israel,
1115 5574 1164 5619 οι
1198 5564 1395 5628 scietis,
1435 5564 1559 5633 quia
1602 5580 1695 5632 ego
1747 5563 2001 5619 Dominus

501 5744 545 5777 "
573 5741 771 5800 Jerem.
807 5761 882 5815 tv,
920 5744 1008 5800 51.

1086 5744 1132 5778 το
1155 5744 1188 5816 ἰ
1214 5744 1406 5800 Thess.
1449 5758 1522 5809 tv,
1554 5743 1638 5798 15.
1719 5746 1761 5777 τι
1799 5745 1937 5800 Psal.
1975 5761 2136 5813 Lxxx,
2186 5747 2240 5802 4.
2312 5744 2355 5780 7’
2382 5747 2538 5804 Joan.
2580 5765 2654 5818 XI,
2692 5750 2777 5803 55-

2103 3202 2331 3273 Κύριον,
2363 3200 2440 3264 ὡς
2468 3199 2697 3253 συνόντα
2720 3216 2780 3252 τε
2832 3198 2927 3253 καὶ¹
2958 3198 3378 3263 συνασπίζοντα,
3410 3199 3501 3252 καὶ
3527 3215 3692 3268 στραυ

2104 3291 2273 3361 τηγοῦ
2340 3290 2497 3360 δίκην
2546 3292 2659 3353 τοῖς
2699 3290 2962 3371 ἐναντίοις
3019 3289 3383 3360 ἐποτρύνοντα
3442 3290 3570 3352 τοὺς
3630 3289 3694 3355 ἐξ
3739 3347 3748 3355 _

2117 3382 2354 3454 Ἰσραήλ.
2402 3381 2610 3450 Πρέποι
2651 3380 2697 3432 δ’
2725 3380 2792 3434 ἂν
2828 3380 3060 3451 μάλιστα
3092 3380 3171 3451 τῷ
3211 3382 3307 3451 τῆς
3337 3380 3693 3443 ἀναστάσεως

2107 3473 2282 3544 καιρῷ
2307 3473 2367 3527 τὸ
2395 3473 2561 3543 φάναι
2580 3471 2671 3524 τὸν
2702 3470 2924 3542 Κύριον,
2953 3471 3028 3535 ὡς
3057 3472 3122 3524 ὲκ
3151 3470 3290 3525 Σιὼν
3314 3472 3691 3542 ἀνακεκράξε⁴

2104 3580 2216 3620 ται.
2251 3562 2373 3616 Ὅτι
2403 3559 2583 3625 καθώς
2614 3577 2747 3631 φησι
2792 3559 3026 3623 Παῦλος,
3077 3577 3096 3610 ι
3119 3559 3293 3623 Αὐτὸς
3325 3562 3353 3613 ὁ
3397 3560 3601 3631 Κύριος
3634 3562 3695 3615 ἐν

2106 3651 2459 3723 κελεύσματι,
2485 3652 2577 3705 καὶ
2599 3653 2655 3704 ἐν
2678 3652 2826 3721 φωνῇ
2854 3650 3215 3721 ἀρχαγγέλου,
3241 3651 3332 3702 καὶ
3351 3651 3407 3703 ὲν
3431 3650 3694 3719 σάλπιγγι

2106 3743 2242 3797 Θεοῦ
2290 3742 2660 3812 καταϐήσεται
2708 3745 2803 3797 ἀπ’
2847 3742 3104 3815 ούρανοῦ,
3163 3742 3257 3795 καὶ
3302 3743 3351 3795 οἱ
3399 3743 3582 3813 νεκροὶ
3634 3744 3693 3797 ἐν

2108 3831 2328 3903 Χριστῷ
2355 3833 2741 3903 ἐγερθήσονται
2772 3833 3061 3904 ἄφθαρτοι.
3089 3849 3108 3883 ι
3150 3832 3322 3885 Τοῦτο
3367 3832 3462 3886 καὶ
3493 3835 3523 3886 ὁ
3552 3832 3694 3886 Μω-

2110 3921 2247 3986 σέως
2280 3923 2442 3992 νόμος
2474 3922 2869 3992 προανετύπου.
2913 3923 3160 3976 Ἐκέλευε
3188 3922 3296 3994 γὰρ
3336 3924 3395 3976 ἐν
3430 3925 3695 3995 νεομηνία

2111 4012 2394 4076 σαλπίζειν
2426 4013 2553 4076 τοὺς
2584 4013 2643 4077 ἐξ
2680 4014 2918 4085 Ἰσραήλ.
2966 4014 3076 4067 Καὶ
3110 4015 3371 4085 νεομηνία
3399 4015 3498 4085 μὲν
3523 4016 3694 4079 τύπος

2111 4103 2178 4157 ἂν
2205 4107 2397 4169 νοοῖτο,
2449 4106 2543 4159 καὶ
2575 4105 2722 4175 μάλα
2765 4107 2963 4177 σαφὴς,
3014 4105 3209 4167 αἰῶνος
3240 4105 3335 4160 τοῦ
3379 4107 3690 4176 μέλλοντος,

2110 4197 2206 4250 καὶ
2243 4196 2363 4250 νέου
2395 4198 2539 4251 κατά
2572 4197 2662 4250 τὸν
2694 4197 2929 4268 πρῶτον.
2975 4197 3041 4251 Ἦ
3086 4199 3142 4252 δέ
3185 4213 3248 4266 γε
3296 4197 3552 4266 σάλπιγξ,
3594 4198 3696 4269 τῆς
3776 4257 3788 4272 ι

2109 4287 2436 4357 διαπρυσίας
2480 4287 2664 4357 φωνῆς
2704 4288 2804 4358 τῆς
2849 4287 2944 4342 τοῦ
2991 4290 3356 4361 ἀρχαγγέλου,
3404 4289 3501 4359 τῆς
3543 4291 3696 4359 παρά

2110 4377 2247 4432 Θεοῦ
2299 4378 2619 4446 σάλπιγγος,
2662 4378 2696 4450 ἢ
2744 4380 2950 4442 πάντας
2996 4382 3178 4452 ἐγερεῖ
3226 4380 3351 4443 τοὺς
3392 4381 3451 4433 ἐν
3500 4382 3567 4451 τῇ
3620 4382 3692 4451 γῇ

2923 4470 3018 4524 καὶ
3092 4469 3396 4543 φωνητικὸν
3462 4471 3691 4541 ὴχοῦσα.

2121 4561 2316 4615 ’ἰστέον
2364 4561 2416 4614 δὲ
2455 4562 2537 4614 ὅτι
2579 4562 2672 4615 καὶ
2706 4561 2870 4626 αὐτὸς
2912 4564 2939 4615 ὁ
2982 4562 3184 4631 Κύριος
3219 4561 3280 4615 τὸ
3327 4563 3419 4616 ἐπὶ
3459 4562 3697 4634 Λαζάρῳ

2109 4653 2295 4726 θαῦμα
2330 4654 2576 4726 πληρῶν,
2622 4654 2854 4722 ἀφίκετο
2919 4654 3019 4725 μὲν
3072 4657 3152 4719 εἰς
3189 4657 3248 4707 τὸ
3290 4658 3571 4726 μνημεῖον,
3619 4654 3696 4716 ὡς

2106 4744 2168 4800 δέ
2203 4764 2367 4818 φησιν
2424 4748 2453 4799 ὁ
2504 4746 2918 4817 εύαγγελιστὴς,
2969 4750 3119 4818 φωνῇ
3168 4747 3381 4820 μεγάλῃ
3427 4747 3694 4816 ἐφώνησε,

2113 4854 2134 4891 ι
2159 4838 2402 4909 Λάζαρε,
2431 4837 2593 4907 δεῦρο
2639 4836 2761 4903 ἔξω,
2798 4856 2816 4887 ι
2885 4838 3060 4891 καίτοι
3104 4838 3355 4906 λέγοντος
3394 4839 3557 4891 αὑτοῦ
3607 4838 3699 4890 διὰ

2107 4927 2202 4983 τοῦ
2246 4930 2549 5000 προφήτου,
2601 4948 2619 4979 t
2645 4930 2759 4982 Οὐκ
2794 4930 2989 5003 ἐρίσει,
3042 4931 3163 4983 οὐδὲ
3201 4932 3523 5001 κραυγάσει,
3573 4931 3697 4983 οὐδὲ

2105 5021 2504 5091 ἀκουσθήσεται
2533 5018 2637 5084 ἔξω
2665 5021 2696 5091 ἡ
2730 5020 2880 5091 φωνὴ
2916 5019 3102 5074 αὐτοῦ.
3134 5040 3151 5072 ι
3193 5021 3426 5091 Σημεῖον
3465 5016 3558 5074 οὖν
3588 5020 3698 5091 ἄρα

2104 5111 2204 5181 τῆς
2230 5110 2558 5181 διαπρυσίας
2588 5111 2908 5181 σάλπιγγος,
2955 5111 3051 5165 καὶ⁵
3078 5115 3178 5182 τῆς
3210 5112 3304 5165 ἀπ’
3344 5111 3516 5181 αὐτῆς
3554 5111 3699 5182 ἠχῆς

2105 5203 2208 5273 τῆς
2262 5205 2349 5257 ἐπ’
2391 5203 2663 5273 ἐσχάτοις,
2709 5205 2871 5276 φημὶ,
2922 5204 3019 5258 καὶ
3056 5203 3116 5269 ἐξ
3153 5201 3387 5276 οὐρανοῦ
3430 5203 3492 5256 τὸ
3528 5200 3699 5275 μεγά-

2108 5293 2175 5365 λῃ
2203 5292 2295 5347 τὸν
2327 5295 2557 5367 Σωτῆρα
2606 5296 2915 5366 χρήσασθαι
2973 5298 3147 5368 φωνῇ,
3202 5294 3549 5350 διανιστάντα
3602 5293 3703 5368 τὸν,

2105 5386 2258 5449 Λάζα
2266 5403 2375 5456 ρον.

2190 5478 2251 5531 Ὀ
2297 5478 2377 5533 δὲ·
2407 5481 2625 5547 Κύριος
2668 5479 2939 5548 φείσεται
2981 5479 3088 5534 τοῦ
3134 5479 3289 5534 λαοῦ
3336 5477 3557 5543 αὑτοῦ,
3589 5473 3690 5527 ποι

2111 5569 2422 5641 ἐνισχύσει
2448 5571 2577 5637 τοῖς
2607 5570 2760 5638 υἱοῖς
2794 5571 3061 5640 Ἰσραήλ.
3104 5573 3213 5627 Καὶ
3240 5573 3568 5643 γνώσεσθε,
3605 5570 3692 5626 ὅτι

2859 5750 2903 5782 ⁷³
2935 5750 3035 5803 lsa.
3073 5764 3215 5816 aut,
3240 5747 3292 5803 Ξ.
