4054 6472
1682 249 1728 259 ,—

403 359 508 416 401

1309 359 1866 419 COMMENTARIUS
1906 359 1969 413 IN
2011 354 2280 414 JOELEM
2322 347 2766 411 PROPIIETAM.

3590 343 3694 398 LII?

403 475 525 543 ἐγὼ
555 477 774 543 Κύριος
815 478 848 530 ὁ
896 478 1040 544 Θεὸς
1071 478 1268 548 ὑμῶν,
1305 473 1706 548 autumans-(3r
1745 481 1815 532 ἐν
1852 477 2000 532 Σιὼν

2116 475 2253 529 Deus
2283 483 2471 536 vester,
2503 471 2752 525 habitans
2793 469 2847 523 in
2880 467 3010 524 Sion
3043 474 3217 521 monte
3253 476 3435 519 sancto
3469 480 3604 528 meo,
3647 476 3694 517 et

406 566 532 632 ὄρει
564 567 714 636 ἁγίῳ
747 586 886 637 μου.
923 571 1030 623 Kal
1073 570 1250 624 ἔσται
1290 571 1686 639 Ἰερουσαλὴμ
1720 570 1879 641 ἁγία,
1907 571 2005 624 καί

405 659 770 727 ἀ.ἰ..ἰογενεῖς
794 662 866 714 οὐ
896 661 1310 718 διελεύσονται
1350 663 1424 716 δι’
1450 663 1641 731 αὐτῆς
1664 661 1772 715 ἔτι.

481 747 616 800 Ml".
647 748 778 802 Ὅτε
815 751 885 802 τά
913 752 1236 824 ἐγκλήματα
1281 752 1381 822 τῆς
1421 751 1760 816 ἀποστασίας
1801 754 1913 816 τοῖς
1945 752 2007 817 ἐξ

421 836 646 909 Ἰσραὴλ
679 840 1081 910 ἐπεγράφοντο,
1127 844 1224 897 καὶ
1267 844 1535 914 δαμάλεσι
1589 844 1688 914 μὲν
1733 844 2006 915 προσεκύ-

407 946 537 982 νουν
560 933 684 992 ταῖς
718 935 970 1002 χρυσαῖς,
998 933 1238 1002 ἔφασκον
1265 934 1324 988 δὲ
1355 934 1609 998 ἀνοσίως,
1630 926 1790 989 Οὗτοι
1817 935 1867 987 οἰ
1893 933 2006 987 θεοί

411 1023 796 1094 σου,’1σραὴλ,
816 1025 871 1078 oi.’
893 1043 1040 1090 τινες
1071 1026 1350 1097 ἀνήγαγόν
1383 1044 1444 1080 σε
1471 1028 1536 1081 ὲκ
1567 1028 1670 1098 γῆς
1697 1029 2003 1096 Αἰγύπτου,

407 1113 538 1165 τότε
564 1116 659 1167 καὶ
689 1115 970 1182 ἀσθενεῖς,
1005 1117 1099 1170 καὶ
1129 1116 1416 1183 εὐάλωτοι,
1449 1119 1544 1172 καὶ
1574 1121 1690 1182 τοῖς
1724 1119 2006 1190 πολεμίοις

407 1205 743 1277 ἐτοιμοτάτη
811 1207 1136 1277 προύκειντο
1206 1208 1372 1281 Θήρα.
1438 1209 1707 1283 Ταύτῃτοι
1771 1211 1866 1264 καὶ
1926 1211 2007 1274 εἰς

407 1297 802 1368 αἰχμαλωσίαν
835 1300 1165 1371 ἐπέμποντο.
1205 1301 1426 1373 Ἐπειδὴ
1472 1302 1528 1356 δὲ
1579 1303 1872 1373 ἠλέηνται,
1913 1304 2006 1357 καὶ

406 1389 514 1459 τὴν
557 1389 772 1443 ἑαυτῶν
811 1394 1196 1462 κατῳκήκασι,
1226 1392 1502 1464 χαλῶντος
1527 1393 1664 1448 Θεοῦ
1689 1395 1789 1458 τάς
1811 1395 2003 1466 ὀργὰς,

406 1484 622 1552 ἄμαχοι
670 1483 879 1548 λοιπὸν,
927 1486 1022 1538 καὶ
1073 1484 1536 1555 ἀνανταγώνιστοι
1584 1487 1842 1555 γεγόνασι
1892 1491 2008 1551 τοῖς

406 1575 654 1645 ἐχθροῖς,
699 1576 942 1646 ἀμογητὶ
985 1578 1387 1649 κεκρατήκασι,
1428 1578 1607 1630 καίτοι
1640 1578 1860 1632 πάντων
1897 1580 2007 1632 τῶν

407 1665 587 1718 ἐθνῶν
621 1667 1058 1740 συνειλεγμένων
1096 1670 1178 1732 εἰς
1223 1669 1426 1740 μάχην.
1474 1650 1782 1724 Γνάῖσεσθαι
1811 1671 1876 1743 δὴ
1913 1667 2008 1727 οὖν

406 1757 582 1825 φησὶν
611 1757 812 1822 αὐτοὺς
834 1759 944 1812 ἀπό
959 1776 1024 1827 γε
1043 1758 1138 1812 τοῦ
1165 1758 1490 1830 κατισχύσαι
1512 1759 1622 1812 τῶν
1637 1759 1704 1812 δι’
1731 1762 2004 1826 ἐναντίας,

2106 565 2206 620 erit
2247 563 2551 619 Jerusalem
2574 573 2784 628 sancta,
2821 570 2868 615 et
2903 559 3218 628 alienigena:
3249 573 3350 610 non
3393 554 3695 610 transibunt

2103 673 2197 727 per
2217 673 2334 712 eam
2359 655 2609 725 amplius.

2183 747 2364 802 XLIII.
2399 746 2632 814 Quando
2669 744 2902 802 crimina
2941 744 3172 801 desertae
3209 753 3422 812 patrum
3473 742 3698 813 religio-

2123 842 2210 897 nis
2270 841 2696 896 intendebantur
2741 838 3020 902 lsraelitis,
3062 847 3116 893 et
3150 837 3347 891 vitulos
3395 837 3700 890 adorabant

2109 946 2330 998 aureos,
2381 931 2593 986 nefarie
2640 929 3056 986 acclamantes:
3115 946 3134 979 ι
3181 927 3243 980 II-i
3283 936 3410 981 sunt
3461 926 3534 980 dii
3597 927 3696 986 tui,

2108 1023 2297 1090 Israel,
2326 1025 2417 1094 qui
2444 1023 2751 1079 eduxerunt
2790 1035 2844 1079 te
2876 1023 2942 1078 de
2978 1030 3120 1075 terra
3158 1019 3375 1090 [Egypti
3408 1018 3478 1084 τι,
3516 1037 3534 1069 ι
3569 1027 3699 1070 tunc

2109 1117 2308 1172 inlirmi
2345 1125 2520 1183 erant,
2554 1125 2611 1172 ct
2643 1117 2744 1172 levi
2780 1115 2998 1186 negotio
3017 1113 3473 1183 subjugabantur,
3509 1123 3699 1164 erant-

2110 1225 2216 1278 que
2245 1208 2502 1264 hostibus
2528 1207 2725 1278 przedaz
2755 1206 3199 1277 expeditissima}.
3237 1204 3362 1260 Ideo
3407 1213 3463 1259 et
3511 1205 3561 1257 in
3604 1220 3698 1258 ca-

2109 1300 2409 1371 ptivitatem
2459 1301 2888 1355 abducehantur.
2937 1299 3006 1353 At
3055 1307 3346 1368 postquam
3390 1296 3701 1350 misericor-

2109 1393 2254 1448 diam
2308 1391 2514 1462 adepti,
2568 1392 2844 1462 regionem
2892 1405 3044 1444 suam
3101 1389 3440 1457 postliminio
3489 1388 3702 1442 habita-

2111 1495 2259 1550 runt,
2302 1485 2413 1540 Deo
2438 1485 2547 1540 iras
2577 1485 2904 1552 deponente,
2934 1484 3002 1538 de
3044 1492 3244 1538 czetero
3277 1483 3462 1536 invicti
3507 1492 3562 1535 et
3607 1481 3693 1534 in-

2110 1579 2450 1648 superabilcs
2494 1577 2747 1634 hostibus
2776 1576 3017 1642 fuerunt,
3050 1577 3296 1646 citraque
3343 1576 3585 1630 laborem
3619 1575 3699 1626 vi-

2111 1679 2327 1735 cerunt,
2374 1670 2477 1725 etsi
2509 1683 2701 1725 omnes
2747 1680 2935 1741 gentes
2962 1669 3251 1723 adversum
3295 1684 3389 1723 eos
3431 1665 3594 1738 242
3645 1665 3697 1718 in

2110 1762 2356 1831 prazlium
2403 1761 2639 1818 coirent.
2700 1761 2774 1816 Ex
2843 1775 2908 1815 eo
2949 1759 3112 1829 igitur
3182 1759 3326 1829 quod
3374 1758 3702 1814 adversariis

405 1849 493 1901 δτι
522 1849 618 1902 καὶ
649 1850 708 1902 ἐν
737 1851 922 1915 αὐτοῖς
954 1853 1094 1917 ἐστι,
1130 1851 1226 1904 καὶ
1263 1851 1679 1907 ὲπαναπαύεται
1713 1853 1898 1906 λοιπὸν
1935 1857 2002 1925 τῇ

2116 1856 2504 1926 praevalebunt,
2554 1856 2873 1928 cognituros
2915 1853 3069 1918 dicit,
3099 1869 3221 1908 cum
3266 1862 3322 1908 et
3366 1853 3508 1906 inter
3559 1853 3702 1920 ipsos

409 1940 553 1994 Σιὼν
585 1941 662 2007 ὡς
706 1943 841 2014 ἁγία
876 1944 1051 2000 πόλει.
1093 1947 1367 2020 Ταύτῃτοί
1429 1965 1594 2021 φησιν
1634 1949 1718 2003 ὅτι
1757 1949 2006 2018 φείσεται

411 2032 517 2102 μὲν
559 2034 670 2086 τῶν
721 2035 867 2089 ἰδίων
909 2036 1078 2100 λαῶν,
1126 2039 1223 2093 καί⁸
1256 2040 1672 2107 ἀλκιμωτάτους
1714 2042 2006 2110 ἀποφανεῖ,

411 2125 766 2194 μαθήσεσθαι
807 2128 865 2181 δὲ
909 2130 1130 2195 αὐτοὺς,
1163 2131 1244 2184 ὅτι
1275 2132 1393 2201 μετ’
1435 2132 1618 2186 αὐτῶν
1642 2135 1812 2187 ἐστιν.
1843 2134 2007 2186 Ἐσε-

409 2215 541 2268 σθαι
588 2217 646 2270 δέ
688 2235 824 2289 φησι
851 2218 952 2291 τὴν
994 2221 1351 2294 Ἰερουσαλὴμ
1393 2223 1578 2293 ἁγίαν,
1627 2223 1726 2296 τὴν
1771 2224 2008 2295 ἀρχαίαν

409 2310 638 2374 πάντως
665 2310 856 2366 ἀθεΐαν
887 2312 1290 2380 ἀποϐαλοῦσαν,
1321 2315 1422 2369 οὐκ
1454 2316 1534 2369 ἔτι
1556 2315 2006 2388 ψευδομαντείας,

409 2403 508 2455 καὶ
562 2405 820 2475 γοητείας
881 2409 1012 2476 παρ’
1059 2407 1196 2478 αὐτῇ
1251 2408 1604 2480 τιμωμένης,
1653 2409 1712 2461 ἐν
1757 2408 1907 2479 νόμῳ
1950 2407 2008 2460 δὲ

411 2493 620 2564 μᾶλλον
654 2495 965 2566 κρατούσης
1011 2496 1193 2568 ζωῆς,
1235 2499 1330 2551 καὶ
1361 2499 1602 2570 ἀρίστων
1645 2499 2010 2570 ἐπιτηδευμά-

406 2603 522 2638 των
547 2585 754 2657 σπουδῇ
787 2575 1090 2657 γεγονότων
1124 2591 1328 2654 αὑτοῖς.
1348 2591 1607 2660 Ἐχούσης
1631 2590 1690 2644 δὲ
1723 2589 1886 2654 οὕτω,
1913 2589 2010 2642 καὶ

406 2677 608 2748 διαζῇν
630 2679 942 2753 ᾑρημένης,
971 2680 1166 2735 οὐδένα
1197 2683 1333 2754 φησὶ
1368 2681 1477 2736 τῶν
1507 2681 1718 2753 ἐχθρῶν
1743 2681 1810 2734 δι’
1836 2682 2008 2751 αὐτῆς

407 2770 873 2842 παρελεύσεσθαι,
901 2768 1014 2826 οἷον
1045 2774 1147 2826 οὐκ
1185 2772 1656 2842 εὐκαταγώνιστος
1679 2772 1834 2825 ἔσται
1864 2772 2008 2825 τισὶν

406 2865 536 2918 οὐδὲ
587 2867 648 2919 ἐν
699 2867 924 2937 παρόδῳ
972 2871 1087 2931 τοῖς
1145 2868 1424 2921 ἐθέλουσιν
1480 2865 1873 2937 ἁρπαζομένη,
1933 2865 2011 2929 ὼς

407 2958 706 3032 πρότερον,
759 2959 959 3030 μᾶλλον
1003 2960 1059 3014 δὲ
1104 2961 1372 3031 ἀσφαλὴς,
1420 2961 1516 3014 καὶ
1556 2963 1678 3023 ταῖς
1712 2960 1842 3031 παρ’
1874 2957 2010 3030 ἐμοῦ

406 3051 702 3121 δυνάμεσι,
737 3054 832 3106 καὶ
857 3053 1202 3124 ἐπικουρίαις
1235 3049 1294 3106 εὖ
1330 3051 1474 3122 μάλα
1501 3051 1900 3122 τετειχισμένη.

498 3144 726 3216 Ἀληθὲς
752 3145 810 3198 δὲ
842 3145 902 3198 τὸ
933 3146 1123 3216 χρῆμα
1155 3145 1261 3198 κᾶν
1290 3146 1339 3198 εἰ
1370 3147 1457 3198 ἐπ’
1494 3144 1668 3214 αὐτῆς
1696 3146 1870 3197 νοοῖτο
1909 3143 2010 3214 τῆς

2116 1963 2264 2014 esse,
2314 1956 2369 2004 et
2420 1950 2471 2003 in
2520 1959 2797 2016 posterum
2849 1963 3012 2018 super
3056 1956 3242 2003 sancta
3293 1946 3514 2000 civitate
3561 1945 3690 1997 Sion

2110 2041 2445 2110 quieturum.
2484 2040 2619 2095 lliue
2657 2041 2892 2095 aIIirmat
2949 2055 3240 2111 parsurqu
3271 2037 3470 2108 populo
3498 2052 3619 2099 suo,
3649 2047 3705 2088 et

2112 2133 2530 2188 strenuissimos
2579 2133 2956 2198 redditurum,
3006 2144 3055 2188 ct
3109 2141 3527 2202 perspecturos,
3578 2145 3701 2185 cum

2112 2241 2236 2279 cum
2304 2225 2439 2292 ipsis
2488 2239 2647 2292 esse;
2697 2224 2814 2280 fore
2859 2235 3040 2280 autem
3089 2223 3390 2279 Jerusalem
3435 2230 3703 2284 sanctam,

2113 2317 2398 2386 repudiato
2429 2333 2657 2388 prorsus
2681 2318 2952 2374 atheismo
2979 2318 3169 2380 veteri,
3208 2315 3359 2370 falsis
3389 2315 3700 2385 prazdictio—

2115 2413 2276 2467 nibus
2301 2421 2356 2467 et
2407 2411 2869 2466 incantationibus
2914 2410 3208 2480 despectis,
3259 2409 3312 2463 in
3359 2409 3476 2478 lege
3525 2417 3704 2460 autem

2113 2505 2241 2559 vita:
2276 2513 2553 2572 potentem
2601 2513 2656 2559 et
2707 2504 3079 2557 institutorum
3118 2501 3450 2572 Optimorum
3489 2500 3703 2554 studio-
3774 2532 3788 2545 ρ

2112 2611 2249 2651 sam.
2301 2595 2437 2650 Cum
2489 2595 2572 2651 sic
2625 2611 2684 2650 se
2732 2595 3006 2661 habuerit,
3040 2603 3096 2648 et
3146 2595 3220 2647 ita
3269 2594 3432 2648 vitam
3483 2593 3704 2662 exigere

2113 2690 2482 2756 constituerit,
2535 2688 2743 2743 nullum
2789 2690 2999 2744 hosmm
3033 2705 3130 2760 per
3169 2703 3290 2743 eam
3321 2687 3700 2749 transiturum,

2114 2779 2166 2834 id
2198 2789 2302 2845 est,
2331 2795 2359 2833 a
2391 2779 2612 2835 nemine
2642 2780 2802 2835 facile
2830 2781 3251 2852 expugnabitur.
3281 2794 3381 2834 nec
3413 2778 3466 2832 in
3519 2787 3700 2831 trans-

2116 2873 2193 2927 itu
2231 2888 2261 2926 a
2293 2873 2604 2928 volentibus
2637 2881 2698 2926 ut
2738 2882 2900 2927 antea
2947 2871 3191 2942 rapietur
3217 2912 3234 2937 ,
3277 2870 3409 2941 quin
3447 2879 3559 2924 tuta
3599 2869 3705 2924 erit

2114 2966 2286 3036 copiis
2339 2965 2665 3036 auxiliisque
2711 2965 2846 3021 meis
2891 2974 2952 3020 ut
3015 2979 3170 3020 muro
3214 2963 3420 3034 optime
3467 2963 3704 3017 circum-

2117 3066 2289 3128 scpta.
3617 3043 3620 3045 ’

2187 3148 2334 3203 Istud
2370 3163 2534 3217 porro
2558 3149 2725 3203 etiam
2755 3148 2821 3204 de
2846 3147 3048 3203 Christi
3086 3145 3332 3202 Ecclesia
3365 3160 3554 3200 rerum
3593 3153 3697 3199 est.

422 3237 760 3309 Ἑκκλησίας
782 3237 1045 3308 Χριστοῦ.
1096 3237 1338 3308 Κήδεται
1367 3237 1477 3308 γάρ
1520 3237 1628 3291 τῶν
1662 3237 1806 3290 ἰδίων
1834 3253 2005 3308 προσ-

2116 3237 2353 3293 Suorum
2389 3239 2533 3294 enim
2575 3240 2846 3294 cultorum
2893 3253 3082 3294 curam
3123 3238 3297 3307 gerit,
3350 3244 3404 3291 et
3458 3235 3706 3288 hostibus

409 3328 690 3399 κυνητῶν,
720 3329 949 3384 καὶτῶν
974 3329 1252 3399 πολεμίων
1294 3329 1556 3400 ἀμείνους
1602 3329 1878 3392 ἀποτελεῖ,
1920 3329 2013 3382 εὐ-

412 3421 654 3484 σθενεῖς,
675 3420 771 3472 καὶ
801 3420 1241 3490 ἀλκιμωτάτους,
1277 3420 1586 3488 εὑρωστίας
1613 3419 1885 3489 γέμοντας
1914 3420 2015 3491 τῆς

412 3514 824 3582 πνευματικῆς,
885 3512 1094 3575 εἰδότας
1124 3529 1185 3564 τε
1230 3514 1326 3565 καὶ
1377 3511 1814 3576 πεπιστευκότας
1860 3514 1942 3566 ὅτι
1986 3514 2015 3565 ὁ

409 3604 551 3666 θεὸς
581 3605 640 3656 ἐν
669 3603 855 3666 αὐτοῖς
881 3603 969 3656 διά
997 3603 1092 3656 τοῦ
1125 3603 1463 3674 [Ινεύματος.
1497 3623 1515 3655 ι
1541 3605 1805 3658 Κατοικεῖ
1825 3604 1934 3675 γάρ
1957 3607 2014 3659 ὲν

408 3699 538 3760 ταῖς
568 3697 820 3765 καρδίαις
851 3696 1008 3768 ἡμῶν
1037 3697 1126 3751 διά
1172 3699 1270 3768 τῆς
1298 3698 1556 3761 πίστεως.
1599 3717 1618 3750 ι
1646 3698 1757 3750 Καὶ
1792 3697 1822 3749 ὁ
1853 3697 2018 3767 εὐαγ-

409 3790 677 3860 γελιστὴς
703 3791 960 3860 Ἰωάννης
983 3792 1168 3861 φησιν,
1195 3811 1212 3843 ι
1239 3793 1331 3844 Ἐκ
1359 3790 1550 3845 τούτου
1571 3789 1918 3861 γινώσκομεν
1934 3791 2016 3843 ὅτι

411 3885 472 3932 ἐν
506 3882 644 3950 ἡμῖν
667 3883 836 3960 εστιν,
869 3882 934 3934 ὲκ
953 3881 1046 3934 τοῦ
1085 3881 1426 3953 Πνεύματος,
1469 3878 1531 3938 οὗ
1558 3883 1760 3936 ἔδωκεν
1795 3883 1952 3952 ἡμῖν.
1991 3899 2010 3933 ι

426 3972 592 4039 ’Ᾱγία
645 3973 701 4026 δὲ
729 3972 875 4025 κατὰ
911 3971 974 4024 τὸ
1017 3973 1217 4044 ἀληθὲς
1251 3976 1283 4044 ὴ
1329 3979 1492 4046 νοητή
1533 3992 1636 4028 που
1666 3975 1889 4040 πάντως
1928 3973 2019 4026 Ἰε-

412 4064 748 4135 ρουσαλὴμ,
783 4066 1094 4130 τουτέστιν,
1135 4068 1168 4137 ἡ
1209 4068 1544 4138 Ἐκκλησία,
1583 4069 1653 4122 τά
1695 4067 1805 4122 τῶν
1844 4067 2017 4136 ἀγίων

411 4157 696 4226 τάγματα.
737 4157 814 4209 Οὐ
841 4157 949 4227 γάρ
975 4160 1093 4211 ἐστι
1126 4159 1361 4230 πάροδος
1391 4160 1714 4230 ἀλλογενῶν.
1763 4180 1781 4212 ι
1815 4162 1879 4215 Ol
1907 4160 2017 4233 γὰρ

410 4247 512 4300 τοῦ
543 4247 783 4318 Χριστοῦ
813 4249 914 4318 τὴν
952 4250 1132 4320 σάρκα
1160 4251 1538 4324 ἐσταύρωσαν.
1575 4271 1592 4303 ι
1627 4250 1931 4322 Μέμνημαι
1959 4251 2017 4304 δὲ

411 4342 674 4409 λέγοντος
704 4341 799 4394 καί
844 4359 990 4404 τινος
1023 4343 1132 4395 τῶν
1178 4343 1391 4413 σοφῶν,
1427 4364 1445 4394 ι
1491 4343 1618 4396 Ἐὰν
1653 4344 1877 4415 Πνεῦμα
1919 4342 2014 4396 τοῦ

411 4435 830 4500 ἐξουσιάζοντος
857 4437 1031 4506 ἀναϐῇ
1067 4436 1160 4489 ἐπὶ
1187 4437 1268 4498 σὲ,
1301 4437 1464 4490 τόπον
1501 4455 1595 4490 σου
1633 4438 1706 4510 μὴ
1735 4439 1901 4508 ἀφῇς,
1933 4437 2016 4490 ὅτι

2117 3333 2430 3400 superiores
2464 3332 2613 3396 facit,
2651 3333 2927 3398 robustos,
2967 3329 3402 3392 strenuissiimos,
3437 3326 3703 3396 spirituali

2117 3423 2439 3480 fortitudine
2487 3424 2694 3494 plenos,
2741 3439 2864 3477 cum
2914 3423 3091 3477 sciant
3133 3429 3190 3476 et
3227 3423 3489 3482 credant,
3541 3418 3705 3472 Deum

2118 3532 2216 3586 per
2246 3517 2509 3587 Spiritum
2540 3517 2590 3571 in
2621 3517 2752 3586 ipsis
2772 3529 2928 3582 esse;
2970 3533 2988 3566 ι
3029 3514 3238 3570 habitat
3263 3513 3408 3567 enim
3439 3512 3491 3565 in
3525 3509 3706 3565 cordi-

2122 3609 2224 3662 bus
2259 3611 2466 3664 nostris
2501 3625 2597 3679 per
2632 3610 2790 3664 fidem
2820 3609 2890 3660 ⁷⁸.
2927 3626 2946 3659 ι
2982 3607 3050 3662 Ει
3097 3613 3156 3660 υι
3189 3604 3428 3660 Joannes
3473 3615 3707 3669 evange-

2119 3701 2245 3756 lista
2281 3701 2475 3756 scribit
2508 3720 2520 3754 :
2563 3720 2580 3752 ι
2623 3702 2678 3756 In
2711 3701 2814 3755 hoc
2841 3699 3250 3770 cognoscimus,
3288 3696 3414 3765 quia
3457 3695 3510 3748 in
3553 3694 3708 3747 nobis

2118 3802 2222 3856 est,
2249 3795 2373 3862 quia
2415 3793 2482 3848 de
2529 3791 2738 3862 Spiritu
2795 3807 2894 3847 suo
2945 3789 3096 3846 dedit
3143 3789 3300 3843 nobis
3332 3787 3401 3840 ⁷⁸.
3445 3805 3464 3836 ι
3512 3785 3708 3838 Sancta

2119 3897 2300 3938 autem
2335 3893 2417 3940 est
2465 3901 2654 3939 revera
2699 3882 3085 3939 intellectualis
3133 3879 3462 3943 Jerusalem,
3519 3879 3570 3933 id
3607 3887 3710 3941 est,

2121 3975 2384 4039 Ecclesia,
2412 3985 2727 4029 sanctorum
2754 3974 2996 4028 ordines.
3025 3971 3142 4027 Non
3169 3972 3316 4027 enim
3337 3979 3421 4026 est
3453 3970 3715 4023 transitus

2118 4082 2216 4138 per
2261 4081 2382 4122 eam
2439 4065 2781 4135 alienigenis.
2823 4083 2842 4116 ι
2895 4063 3000 4129 Qui
3045 4076 3281 4132 namque
3321 4071 3449 4117 sunt
3485 4061 3712 4122 Christi,

2119 4173 2339 4216 carnem
2375 4172 2529 4212 suam
2573 4154 3070 4211 crucifixernnt'".
3124 4173 3142 4204 ι
3185 4152 3345 4208 Venit
3383 4153 3436 4206 in
3474 4161 3713 4206 mentem

2119 4251 2383 4321 sapientis
2426 4249 2708 4321 cujusdam
2738 4247 2986 4314 ell‘atum,
3014 4244 3376 4317 przecipientis
3401 4261 3416 4297 :
3446 4264 3463 4302 ς
3505 4243 3562 4299 Si
3592 4245 3714 4312 Spi-

2121 4346 2256 4400 ritus
2286 4352 2611 4414 poteslatem
2636 4340 2892 4396 habentis
2909 4338 3220 4394 ascenderit
3245 4352 3407 4407 super
3428 4346 3500 4402 te,
3536 4337 3713 4391 locum

2121 4446 2272 4490 tuum
2302 4449 2371 4489 ne
2383 4433 2676 4496 dimiseris,
2699 4430 2824 4500 quia
2844 4428 3056 4484 curatio
3074 4428 3472 4483 facietcessare
3493 4435 3714 4496 peccata

416 4529 560 4600 ἴαμα
588 4530 935 4585 καταπαύσει
962 4530 1241 4601 ἁμαρτίας
1281 4531 1542 4600 μεγάλας.
1581 4551 1599 4581 ι
1635 4531 1877 4604 ’Λσφαλῆ
1908 4531 2011 4600 γὰρ

2126 4544 2320 4598 magna
2349 4528 2418 4580 ⁸⁷⁸.
2452 4545 2470 4579 ι
2520 4525 2716 4579 Tutum
2747 4524 2944 4593 quippe
2984 4521 3225 4577 retinent
3256 4536 3374 4586 cor,
3419 4537 3524 4576 non
3568 4520 3712 4590 pedi-

412 4625 606 4693 ἔχουσι
657 4624 757 4694 τὴν
815 4625 1080 4695 καρδίαν,
1137 4625 1194 4676 ού
1242 4623 1506 4693 βάσιμον,
1550 4623 1660 4676 οὐδ’
1713 4624 2019 4694 ἱππήλατον

411 4721 531 4778 τοῖς
565 4716 904 4788 ἀκαθάρτοις
935 4716 1210 4786 πνεύμασι
1241 4713 1664 4784 σεσαλευμένην*
1698 4715 1922 4786 ἑδραίαν
1960 4715 2018 4768 δὲ

416 4809 650 4877 μᾶλλον,
701 4807 796 4860 καὶ
843 4809 956 4868 τοῖς
1005 4807 1105 4876 τῆς
1155 4804 1415 4875 ἀληθείας
1457 4803 1725 4874 δόγμασιν
1767 4798 1827 4856 εὖ
1872 4802 2019 4872 μάλα

417 4898 886 4969 πεπυργωμένην.

492 4991 605 5044 Καὶ
651 4990 823 5044 ἔσται
855 4990 926 5043 ἐν
974 4989 1047 5057 τῇ
1080 4988 1273 5058 ἡμέρᾳ
1319 4988 1520 5057 ἐκείνῃ
1547 5005 1560 5020 ⁸
1601 4985 2017 5051 ἀποσταλὰξει

413 5088 491 5138 τὰ
541 5083 650 5152 ὅρη
714 5083 1098 5152 τλυκασμὸν,
1152 5082 1250 5135 καὶ
1303 5083 1359 5135 οἰ
1412 5080 1631 5146 ,ϐουνοί
1674 5080 2015 5149 ρυήσονται

365 5185 368 5188 ’
417 5179 604 5241 mila,
657 5178 758 5230 καὶ
807 5175 998 5231 πᾶσαι
1040 5177 1100 5230 al
1147 5173 1396 5243 ἀφέσεις
1433 5171 1630 5226 Ἰούδα
1676 5171 2016 5240 ρυήσοντιιι

413 5269 636 5332 ὕδατα,
672 5268 774 5341 καὶ
816 5266 980 5336 πηγὴ
1010 5265 1080 5330 ἐξ
1109 5267 1282 5320 οἴκου
1330 5263 1555 5332 Κυρίου
1605 5261 2020 5327 ἐξελεύσεται,

416 5360 522 5413 καὶ
550 5358 749 5414 ποτιεῖ
772 5360 880 5413 τὸν
907 5357 1275 5429 χειμιίῤῥουν
1311 5355 1431 5409 τῶν
1463 5355 1773 5423 σχοινίων.

494 5455 626 5507 ΜΔ’.
665 5451 1134 5523 ’Λναδειμαμένης
1170 5451 1332 5520 ἁγίας
1361 5449 1463 5518 τῆς
1501 5447 1880 5519 Ἰερουσαλὴμ,
1923 5449 2018 5502 καὶ

416 5549 524 5598 οὐκ
575 5545 744 5616 οὔσης
793 5546 874 5598 ἔτι
925 5545 1098 5615 βατῆς
1143 5547 1255 5607 τοῖς
1309 5541 1655 5611 ἀλλογενέσι,
1713 5540 1804 5594 διά
1851 5558 1912 5593 τε
1963 5542 2022 5595 τὸ

421 5638 853 5693 κατασκηνῶσαι
884 5639 943 5690 ἐν
974 5637 1112 5707 αὐτῇ
1149 5637 1238 5688 τὸν
1263 5636 1374 5689 τῶν
1403 5635 1542 5689 ὅλων
1571 5635 1797 5704 Κύριον,
1822 5635 2014 5702 φείσα-

495 5814 541 5846 '7‘
580 5814 744 5869 l'lxml.
783 5830 954 5879 sunt,
991 5814 1042 5868 ll.
1123 5813 1167 5842 ⁷⁸
1205 5812 1378 5880 Epltcs
1426 5830 1481 5880 ιι,
1518 5813 1596 5863 l7.

1680 5813 1723 5840 7"
1765 5812 1777 5863 I
1813 5810 1968 5864 -IIH'I.
2015 5827 2084 5876 tv,

2126 4623 2292 4686 tibus,
2326 4636 2433 4675 non
2469 4620 2747 4689 equitibus
2774 4617 3042 4688 pervium,
3083 4625 3140 4669 ut
3174 4617 3241 4670 ab
3275 4615 3572 4670 immundis
3607 4615 3689 4682 spi

2127 4711 2325 4766 ritibus
2355 4713 2656 4781 agitatum;
2695 4709 2791 4764 sed
2837 4705 3032 4763 stabile
3074 4706 3255 4777 potius
3285 4714 3340 4761 et
3371 4707 3716 4776 dogmatibus

2124 4806 2372 4862 veritatis
2406 4803 2567 4875 quasi
2602 4804 2844 4858 turribus
2885 4803 3122 4874 perbene
3152 4803 3569 4857 communitum.

2200 4983 2362 5038 Vens.
2399 4983 2485 5037 18.
2534 4979 2598 5033 Et
2646 4981 2745 5034 erit
2793 4981 2849 5034 in
2894 4980 2978 5032 die
3018 4979 3146 5033 illa.
3196 4988 3398 5032 montes
3444 4978 3716 5031 stillabant

2125 5076 2490 5140 dulcedinem,
2525 5082 2576 5126 et
2609 5071 2768 5127 colles
2809 5073 2975 5141 [luent
2999 5071 3159 5134 lacte,
3195 5081 3241 5124 et
3264 5087 3442 5124 omnes
3471 5070 3715 5121 emissio-

2128 5185 2217 5222 nes
2237 5166 2389 5220 Juda
2418 5167 2582 5236 ﬂuent
2611 5165 2788 5236 aquis,
2817 5176 2862 5218 et
2894 5164 3016 5233 fons
3042 5165 3107 5218 de
3133 5165 3290 5216 domo
3324 5162 3539 5216 Domini
3571 5175 3715 5228 egre-

2126 5259 2322 5326 dietur,
2361 5268 2411 5313 et
2443 5257 2691 5328 irrigabil
2732 5265 3014 5311 torrentem
3049 5254 3428 5324 fuaiculorum.

2206 5437 2387 5496 XLIV.
2425 5439 2732 5497 Instaurata
2767 5447 2954 5496 sancta
2983 5434 3308 5501 Jerusalem,
3343 5446 3442 5486 nec
3484 5429 3716 5500 amplius

2127 5532 2451 5602 alienigenis
2482 5533 2691 5602 pervia,
2737 5532 2880 5600 quod
2928 5545 3046 5583 eam
3085 5525 3285 5582 incolat
3334 5525 3713 5591 universorum

2130 5625 2411 5691 Dominus,
2454 5625 2576 5679 data
2618 5623 2772 5678 venia
2810 5621 3008 5692 p0pulo
3035 5618 3197 5682 Juda,
3235 5631 3412 5687 coque
3453 5615 3714 5671 corrobo—

2163 5809 2241 5862 15.
2323 5808 2362 5837 ⁷⁷
2397 5806 2572 5861 Galat.
2601 5805 2760 5872 κει.
2840 5806 2884 5837 ⁷⁵³
2918 5802 3098 5859 Ecclc.
3140 5820 3191 5866 χ,
3227 5802 3278 5856 4.
