4054 6460
486 344 589 397 405

1475 344 1531 397 S.
1573 344 1848 401 CYRILLI
1886 347 2349 408 ALEXANDIHNI
2393 356 2708 414 ARCHIEP.

3626 373 3732 428 4M

489 469 630 524 rato,
661 465 715 513 et
742 457 1025 528 superiore
1047 457 1372 514 adversariis
1405 460 1618 529 eﬂ'ecto,
1651 475 1779 521 tunc
1805 468 2050 522 nimirum

2165 475 2288 528 σθαι
2323 497 2381 531 τε
2425 481 2518 534 τοῦ
2555 483 2685 536 ίδίου
2718 484 2870 551 λαοῦ,
2903 486 2995 540 καὶ
3038 490 3390 560 κατισχύσαιί
3413 491 3510 563 μὲν
3546 495 3730 556 αὐτὸν.

491 559 702 607 montes
751 569 771 603 ι
810 551 1092 604 stillahunt
1145 550 1305 622 253
1345 553 1682 611 dulcedinem
1714 600 1729 623 ,
1789 571 1843 614 et.
1893 561 2058 617 colles

487 645 654 698 ﬂuent
697 643 856 708 lacte,
903 651 958 696 et
1000 642 1322 697 emissiones
1372 643 1507 700 Juda
1541 665 1562 699 ›
1606 648 1859 705 ﬂuentum
1893 669 2055 708 suum

492 738 713 789 dabunt.
754 733 1086 788 Emissioncs
1116 735 1220 787 dici
1251 737 1444 803 opinor
1483 738 1712 796 l'obtium
1753 746 2054 800 emanatio-

489 843 609 893 nes,
666 835 758 880 aut
801 827 890 892 qui
921 824 1120 890 alioqui
1163 828 1343 881 vocari
1393 831 1602 896 possint
1647 847 1909 902 aqttarum
1954 835 2056 890 du-

491 928 630 972 ctus.
667 916 923 970 Montium
969 916 1180 982 quidem
1224 919 1442 974 nomine
1490 922 1736 991 accipere
1781 924 1927 992 licet,
1965 927 2056 994 qui

487 1009 707 1062 virtutis
730 1008 939 1062 culmen
971 1009 1420 1076 conscenderunt,
1455 1022 1512 1065 et
1537 1011 1788 1068 laudibus
1817 1014 1939 1070 vita:
1967 1031 2056 1070 se—

488 1099 724 1153 cundum
755 1098 1008 1151 virtutem
1044 1105 1178 1150 actae
1210 1099 1332 1153 aliis
1359 1109 1718 1169 antestantes,
1737 1107 2057 1175 conspicuos

487 1198 540 1242 et
573 1189 811 1244 illustres
846 1208 859 1244 :
889 1190 1078 1259 quales
1103 1199 1260 1245 erant
1299 1192 1546 1260 discipuli
1581 1195 1807 1263 Christi,
1856 1208 1910 1252 et
1945 1215 2056 1268 prae

487 1279 697 1333 cmteris
725 1279 986 1347 Baptista,
1019 1282 1086 1335 de
1115 1297 1224 1350 quo
1251 1290 1335 1335 est
1368 1282 1496 1336 illud
1516 1283 1816 1340 Salvatoris
1841 1305 1854 1340 :
1891 1308 1909 1339 ι
1940 1288 2054 1344 Non

489 1370 725 1424 surrexit
767 1371 938 1437 major
970 1371 1173 1426 Joanne
1205 1373 1272 1425 '9.
1321 1392 1341 1425 ι
1375 1373 1716 1432 Excellentes
1748 1377 1915 1446 igitur
1943 1382 2054 1448 isti,

486 1470 541 1513 ct
584 1462 838 1516 omnibus
875 1463 1163 1525 notissimi,
1197 1464 1402 1534 stillant
1437 1465 1794 1535 dulcedinem,
1839 1481 1893 1525 et
1931 1483 2055 1527 tan-

484 1565 645 1619 quam
678 1551 837 1606 melle
861 1552 994 1607 illita
1026 1554 1092 1608 de
1117 1553 1336 1609 Christo
1369 1557 1533 1611 verba
1566 1558 1786 1625 facient,
1814 1571 1872 1615 ut
1906 1565 2055 1632 quis-

484 1640 606 1710 quis
665 1643 900 1697 audierit
949 1645 1150 1698 eximia
1212 1645 1459 1713 perfusus
1500 1647 1686 1704 laetitia
1741 1651 2052 1709 exclamet:

488 1751 506 1784 ι
526 1732 696 1798 Quam
721 1734 894 1790 dulcia
921 1735 1165 1790 faucibus
1193 1737 1327 1792 meis
1351 1737 1563 1808 eloquia
1585 1743 1762 1798 tua“!
1793 1763 1811 1796 ι
1841 1745 1906 1800 Ει
1936 1762 2055 1819 qure

2158 565 2437 636 ἀποφῆναι
2461 571 2517 623 δὲ
2542 573 2635 625 καὶ
2666 574 2777 627 τῶν
2806 576 3213 648 ἀνθεστηκότων
3247 582 3472 651 ἀμείνω,
3506 584 3629 637 τότε
3664 589 3732 658 δτι

2157 655 2225 708 τὰ
2259 658 2359 727 μὲν
2385 660 2484 731 ὅρη
2521 679 2540 712 ι
2571 663 2928 729 Σταλάξονται
2965 667 3307 740 γλυκασμὸν,
3346 672 3635 740 ρυήσονται
3672 655 3732 733 δέ

2158 748 2253 799 καὶ
2279 751 2325 800 οί
2363 749 2544 818 βουνοί
2572 754 2632 806 τὸ
2661 754 2824 822 γάλα,
2845 757 2939 810 καὶ
2963 758 3020 810 αἱ
3049 757 3142 811 τοῦ
3181 761 3348 813 Ἰούδα
3375 762 3598 830 ἀφέσεις
3623 784 3640 815 ι
3671 766 3740 818 τὸ

2158 838 2355 894 οἰκεῖον
2385 840 2679 897 ἐκδώσουσι
2712 845 2879 916 νάμα.
2927 847 3176 916 Ἀφέσεις
3205 850 3261 901 δὲ
3299 846 3448 920 οἶμαι
3477 852 3734 920 λέγεσθαι

2157 927 2257 993 τὰς
2302 931 2411 983 τῶν
2449 934 2644 1003 πηγῶν
2681 937 2972 1009 ἐκδρομὰς,
3024 940 3059 1010 ἢ
3107 940 3230 994 καθ’
3281 943 3464 1013 ἕτερον
3505 946 3731 1015 τρόπον,

2157 1019 2317 1088 οἵπερ
2344 1020 2408 1072 ἂν
2435 1018 2572 1076 εἶναι
2602 1024 2846 1091 λέγοιντο
2873 1027 2982 1080 τῶν
3013 1028 3219 1082 ὑδάτων
3245 1031 3444 1100 ὀχετοί.
3485 1033 3591 1085 Καὶ
3629 1035 3729 1105 ὅρη

2163 1108 2262 1178 μὲν
2289 1110 2530 1180 νοηθετεν
2565 1111 2630 1166 ἂν
2657 1115 2706 1166 oi
2749 1116 2887 1184 πρὸς
2916 1116 3049 1186 ὕψος
3089 1119 3289 1190 ἀρετῆς
3334 1121 3598 1191 ἠρμένοι,
3637 1127 3734 1177 καὶ

2158 1204 2272 1262 τοῖς
2310 1202 2589 1274 αὐχήμασι
2634 1207 2734 1275 τῆς
2781 1207 2840 1273 ἐξ
2887 1209 3090 1279 ἀρετῆς
3127 1209 3272 1280 ζωῆς
3309 1213 3368 1264 τὸ
3402 1213 3510 1266 τῶν
3554 1200 3753 1269 ἄλλωνί

2159 1291 2560 1362 ὑπερφέροντες
2589 1296 2806 1365 μέτρον,
2838 1298 2886 1350 οἱ
2922 1300 3225 1368 περίοπτοι,
3259 1303 3354 1355 καὶ
3391 1307 3731 1374 περιφανεῖς,

2159 1379 2333 1433 ὁποῖοι
2359 1377 2503 1452 ἦσαν
2532 1383 2582 1437 οἱ
2619 1385 2880 1453 μαθηταὶ,
2913 1387 3007 1440 καὶ
3031 1389 3201 1457 πρόγε
3225 1390 3335 1443 τῶν
3366 1391 3540 1445 ἄλλων
3566 1395 3595 1445 ὁ
3625 1393 3744 1445 Βα-.

2159 1471 2391 1541 πτιστὴς
2413 1511 2427 1534 ,
2467 1475 2594 1544 περὶ
2627 1469 2688 1528 οὗ
2723 1478 2752 1529 ὀ
2785 1478 2974 1548 Σωτήρ
3010 1496 3194 1549 φησιν,
3251 1499 3272 1532 ι
3306 1483 3419 1534 Οὐκ
3458 1485 3740 1555 ἐγείρεται-

2163 1560 2364 1628 μείζων
2403 1560 2671 1617 Ἰωάννου.
2713 1582 2731 1614 ι
2775 1559 2934 1618 Οὗτοι
2980 1565 3044 1636 δὴ
3089 1562 3181 1619 οὖν
3223 1568 3271 1620 οἱ
3325 1569 3582 1638 μεγάλοι,
3635 1573 3737 1622 καὶ

2157 1652 2571 1723 γνωριμώτατοι
2615 1655 2938 1718 σταλάζουσι
2967 1657 3318 1727 γλυκασμδν,
3361 1660 3454 1712 καὶ
3489 1655 3602 1712 οἷον
3637 1661 3738 1731 μέ-

2157 1741 2264 1794 λιτι
2290 1743 2678 1814 καταχρίοντες
2701 1747 2793 1799 τὸν
2821 1748 2947 1816 περὶ
2995 1749 3087 1802 τοῦ
3123 1751 3378 1822 Σωτῆρος
3416 1752 3738 1822 ποιήσονται

485 1834 812 1892 sequuntur.
838 1825 1121 1895 Nunquam
1149 1827 1290 1882 enim
1315 1843 1419 1882 non
1443 1830 1614 1887 dulcis
1638 1845 1716 1890 est
1745 1851 2050 1894 sanctorum

2156 1831 2333 1898 λόγον,
2360 1832 2436 1896 ὡς
2461 1834 2571 1887 τῶν
2606 1837 3018 1907 μετεσχηκότων
3052 1839 3281 1894 ἕκαστον
3312 1843 3374 1893 ὲκ
3403 1842 3740 1912 περιχαρίας

484 1928 662 1969 sermo
684 1916 748 1970 iis
777 1917 866 1985 qui
904 1917 1254 1987 Deolplacere
1281 1923 1521 1990 cupiunt.
1573 1924 1733 1982 Tales
1763 1929 1964 1999 itaque,
2003 1941 2057 1985 et

484 2005 758 2072 aptissime
786 2007 1022 2075 quidem,
1054 2023 1147 2076 per
1172 2019 1381 2068 montes
1419 2015 1810 2085 tntelliguntur.
1877 2020 2056 2076 Colles

481 2109 600 2148 esse
618 2106 972 2155 autumamus.
991 2097 1200 2156 illorum
1220 2107 1540 2173 praestantiae
1553 2108 1767 2174 paulum
1783 2111 2052 2179 cedentes,

478 2199 536 2244 et
565 2199 686 2242 mai
735 2190 1036 2245 rationibus
1081 2192 1366 2249 inferiores
1399 2213 1412 2250 :
1448 2198 1540 2266 qui
1575 2207 1750 2254 tamen
1787 2210 1841 2254 et
1871 2202 2054 2270 ipsise

479 2280 810 2346 extulerunt,
843 2291 898 2335 et
937 2296 1094 2351 supra
1127 2284 1262 2338 alios
1297 2287 1524 2342 multum
1559 2291 1823 2345 eminent.
1859 2292 1920 2346 lli
1959 2309 2049 2348 re-

479 2383 610 2424 cens
651 2369 759 2424 ﬁde
789 2372 1123 2428 initiatorum
1163 2377 1362 2432 animis
1402 2397 1420 2430 ι
1461 2381 1803 2447 rationabile,
1836 2394 1890 2440 et
1935 2387 2054 2441 sine

479 2462 602 2516 dolo
651 2463 731 2514 lac
770 2462 813 2494 ἰ
862 2481 880 2513 ι
917 2464 1230 2529 infundunt,
1279 2470 1705 2541 alimentumque
1750 2475 2052 2533 infantibus

477 2555 806 2610 conveniens
851 2558 1131 2623 prtebent;
1175 2559 1538 2627 perfecturum
1588 2565 1730 2618 enim
1769 2579 1855 2620 est
1897 2569 2050 2624 cibus

475 2646 702 2712 solidus,
730 2647 815 2700 lac
830 2657 1015 2702 autem
1044 2651 1343 2708 infantibus
1375 2657 1916 2724 opportunissimum.
1943 2661 2052 2716 Nec

476 2753 607 2793 vero
641 2739 895 2808 quoniam
934 2741 1233 2799 infantibus
1269 2746 1353 2800 lac
1387 2747 1671 2804 infundere
1699 2761 1914 2821 norunt,
1949 2753 2050 2808 hoc

473 2831 594 2885 solo
621 2846 812 2886 eorum
858 2833 1113 2888 virtutem
1153 2837 1677 2896 circumscribimus.
1717 2842 1856 2898 Cum
1904 2847 2048 2900 enim

474 2920 586 2976 sint
618 2921 820 2982 idonei.
854 2935 1017 2994 atque
1067 2928 1201 2982 adeo
1233 2929 1471 2996 quidem.
1505 2944 1585 2995 ut,
1630 2935 1677 2989 si
1712 2937 1901 3003 velint,
1948 2939 2051 2992 im-

478 3014 665 3082 pertiri
703 3017 914 3083 possint
969 3017 1154 3073 habitu
1200 3022 1694 3079 corIfIrmatioribus
1731 3027 1879 3082 cibos
1920 3029 2050 3082 soli-

474 3103 686 3172 diores,
718 3121 814 3174 per
844 3108 1112 3163 dicentem
1157 3122 1343 3181 aperte
1373 3131 1387 3166 :
1425 3133 1444 3165 ι
1480 3113 1788 3187 Cognosces
1839 3119 2048 3175 animus

476 3195 656 3262 gregis
704 3196 780 3250 tui
809 3197 878 3252 θ’.
913 3217 936 3250 ι
965 3197 1154 3270 Itaque
1186 3204 1348 3256 divini
1384 3205 1654 3276 discipuli,
1698 3213 2047 3279 quantumvis

475 3286 752 3342 sexcentis
791 3291 1082 3355 mandatis,
1129 3307 1158 3346 a
1200 3292 1420 3352 Christo
1448 3300 1611 3365 datis,
1643 3301 1799 3355 nobis
1838 3304 1929 3372 qui
1978 3318 2044 3358 ex

473 3377 730 3442 gentibus
763 3378 1092 3436 credidimus
1111 3398 1210 3451 pro
1238 3401 1333 3441 sua
1357 3392 1684 3446 auctoritate
1707 3395 2044 3461 praecipiunt,

476 3468 776 3522 cavendum
807 3485 835 3523 a
865 3471 1242 3540 fornicatione,
1275 3487 1328 3530 et
1365 3477 1651 3546 sull'ocato,
1677 3491 1732 3536 et
1762 3484 2045 3553 sanguine.

479 3581 500 3613 ι
533 3562 720 3618 Visum
753 3577 837 3620 est
865 3569 1029 3636 enim,
1066 3569 1334 3638 inquiunt,
1362 3571 1589 3641 Spiritui
1622 3585 1810 3630 sancto
1855 3586 1908 3632 et
1947 3595 2046 3633 no-

476 3651 577 3715 bis,
613 3655 746 3708 nihil
784 3660 1018 3725 amplius
1055 3659 1332 3729 imponere
1366 3664 1519 3718 vobis
1559 3668 1740 3721 oneris
1772 3668 1840 3723 ⁸³.
1883 3687 1902 3720 ι
1936 3670 2044 3724 Au-

475 3743 558 3798 dis
609 3761 769 3814 quam
819 3751 891 3802 sit
937 3751 1233 3808 infantibus
1271 3769 1577 3824 congruens
1613 3769 1957 3828 praeceptum,
1994 3769 2049 3815 et

471 3837 627 3904 quasi
661 3838 1049 3898 infirmioribus
1099 3843 1238 3900 lacte
1273 3849 1436 3902 robur
1471 3849 1866 3918 suppeditans?
1893 3854 2045 3919 Aqua

471 3926 636 3980 etiam
680 3929 1028 3986 intellectuali
1073 3937 1452 3995 circumfluere
1496 3940 1764 4009 plantatos
1803 3944 1854 3996 in
1888 3944 2047 3997 dumo

475 4017 714 4084 Domini,
746 4023 888 4076 utin
936 4025 1089 4079 atriis
1113 4025 1208 4084 Dei
1253 4031 1596 4089 eﬂlorescant
1627 4034 1694 4097 "‘,
1743 4035 1941 4089 divinis
1975 4035 2050 4087 ir-

471 4107 631 4178 τίϐτιίί
663 4109 916 4181 lymphis,
967 4123 1021 4168 Cl
1045 4121 1302 4187 Supernis
1325 4122 1748 4192 cmlestibusque
1780 4124 2049 4176 sermoni-

472 4197 572 4253 bus
633 4202 978 4271 pinguefacti,
1041 4210 1380 4265 subostendit
1444 4227 1539 4281 per
1591 4213 1741 4280 illud,
1789 4234 1809 4266 ι
1861 4229 2048 4270 omnes

473 4290 791 4346 emissiones
828 4291 962 4349 Juda
995 4295 1162 4352 ﬂuent
1197 4302 1374 4370 aquis.
1415 4319 1438 4353 ι
1468 4302 1881 4358 Confltebanttn'
1899 4306 2043 4360 enim

471 4395 503 4435 a
540 4381 648 4436 Deo
697 4399 756 4438 se
810 4389 990 4441 vocari
1021 4391 1182 4443 etiam
1225 4392 1369 4446 beati
1413 4393 1662 4461 apostoli.
1711 4393 1816 4449 Sed
1851 4396 2040 4465 prima:

470 4471 687 4540 quidem
719 4475 1138 4548 intelligibilium
1169 4497 1435 4549 aquarum
1455 4483 2042 4544 emissiones.omnino
2077 4504 2118 4557 ι)

472 4565 676 4619 sanctis
714 4582 742 4619 a
787 4567 896 4622 Deo
943 4585 1039 4637 per
1079 4571 1243 4642 244.
1271 4572 1536 4640 Spiritum
1577 4590 1801 4634 munera
1844 4581 2043 4636 donata

475 4652 694 4709 fuerint.
727 4656 992 4714 Secunda:
1021 4671 1200 4713 autem
1234 4662 1379 4716 velut
1404 4665 1727 4724 emissiones
1760 4685 2042 4740 aquarum,

476 4741 543 4794 ab
571 4742 700 4810 ipsis
731 4744 796 4797 ad
839 4761 936 4800 nos
975 4745 1249 4813 profectus
1277 4763 1478 4819 sermo,
1520 4753 1888 4822 spiritualibus
1915 4761 2044 4814 cha-

477 4832 791 4888 rismatibus
821 4850 919 4888 nos
952 4836 1182 4906 replens.
1205 4839 1429 4896 Fontem
1449 4853 1626 4899 autem
1664 4847 1729 4902 de
1749 4849 1910 4905 domo
1943 4852 2044 4907 Do-

474 4921 604 4975 mini
651 4923 1038 4992 egredientem,
1093 4939 1251 4993 quem
1309 4944 1468 4998 porro
1516 4942 1715 5002 praeter
1763 4935 2042 4992 Christum

472 5010 940 5066 existimabimus?
965 5013 1055 5069 Sic
1087 5017 1231 5070 enim
1266 5017 1471 5076 Psaltes
1497 5036 1621 5076 eum
1645 5025 1898 5094 appellat,
1937 5027 2041 5080 Pu-

475 5113 607 5157 trem
625 5112 685 5172 et
711 5103 875 5157 Deum
906 5104 958 5158 in
986 5106 1137 5162 cmlis
1193 5109 1471 5179 alloquens
1497 5130 1509 5165 :
1545 5131 1564 5164 ι
1589 5113 1852 5170 Torrente
1894 5115 2043 5170 volu-

474 5194 635 5259 ptatis
686 5204 790 5250 tua:
835 5199 1045 5265 potabis
1093 5214 1222 5266 eos;
1264 5203 1389 5270 quia
1427 5204 1566 5271 apud
1593 5214 1646 5258 te
1692 5215 1776 5260 est
1809 5205 1927 5260 fons
1958 5209 2040 5260 vi-

477 5294 541 5338 tae
569 5285 635 5338 ⁸⁸.
677 5305 696 5337 I
731 5285 916 5355 Itaque
971 5299 1184 5346 torrens
1215 5301 1267 5346 et
1302 5294 1420 5348 fons
1454 5294 1579 5348 vitae
1609 5295 1876 5351 Christus.
1909 5297 2042 5351 Tor-

477 5375 643 5430 rentis
672 5385 849 5430 autem
879 5379 1167 5448 juncorum
1193 5385 1444 5438 meminit
1469 5385 1752 5454 propheta,
1785 5390 2042 5442 torrentis

472 5464 698 5532 alicujus
736 5467 979 5538 scilicet,
1025 5476 1110 5526 cui
1164 5473 1492 5530 adnascatur
1537 5477 1688 5545 copia
1731 5478 2038 5547 juncorum.

2157 1922 2512 1993 ἀνακραγεῖν,
2547 1945 2567 1977 ι
2589 1927 2676 1990 Ὠς
2708 1927 2913 1996 γλυκέα
2943 1929 3021 2000 τῷ
3054 1930 3289 2001 λάρυγγί
3335 1948 3435 2001 μου
3464 1933 3533 1984 τά
3572 1932 3738 2000 λόγιά

2157 2030 2284 2080 σου;
2329 2033 2347 2064 ι
2380 2017 2476 2070 καὶ
2515 2017 2587 2070 τὰ
2634 2018 2779 2088 ἑξῆς.
2813 2021 3022 2086 Γλυκύς
3067 2022 3176 2093 γὰρ
3213 2023 3304 2076 ἀεὶ
3342 2023 3448 2076 τῶν
3489 2022 3664 2091 ἁγίων
3705 2025 3736 2075 ὁ

2155 2100 2332 2170 λόγος,
2367 2106 2520 2174 παρά
2541 2123 2606 2175 γε
2631 2111 2742 2171 τοῖς
2771 2109 3026 2177 ἀγαπῶσι
3049 2112 3112 2164 τὸ
3145 2112 3459 2182 εὐαρεστεῖν
3484 2112 3560 2182 τῷ
3587 2113 3741 2182 Θεῷ..

2161 2197 2298 2268 Ὄρη
2337 2197 2436 2267 μὲν
2464 2193 2556 2251 οὖν
2589 2200 2640 2252 οἱ
2667 2200 2900 2252 τοιοῦτοι
2934 2203 3174 2271 νοηθεῖεν
3202 2201 3289 2265 ἂν,
3333 2203 3428 2256 καὶ
3477 2205 3620 2274 μάλα
3653 2207 3739 2257 εί-

2154 2286 2347 2349 κότως.
2401 2287 2633 2352 Βουνούς
2680 2287 2739 2340 δὲ
2775 2284 2914 2342 εἶναί
2957 2307 3137 2361 φαμεν
3189 2293 3316 2354 τοὺς
3362 2293 3462 2362 τῆς
3504 2293 3737 2347 ἐκείνων

2152 2378 2431 2448 ὑπεροχῆς
2470 2377 2644 2448 βραχὺ
2702 2381 2799 2449 μὲν
2843 2382 3239 2452 ἡττωμένους,
3291 2385 3385 2437 καὶ
3434 2385 3566 2439 πολύ
3621 2387 3738 2439 τῶν

2153 2468 2327 2521 ἄλλων
2349 2469 2794 2539 ὑπερτέλλοντας.
2820 2467 2980 2525 Οὗτοι
3001 2477 3122 2538 ταῖς
3144 2475 3254 2527 τῶν
3275 2477 3399 2545 ἄρτι
3435 2495 3739 2530 πεπιστευς

2153 2559 2326 2611 κότων
2345 2559 2546 2628 ψυχαῖς
2578 2580 2598 2612 ι
2632 2561 2692 2615 τὸ
2724 2563 2973 2629 λογικὸν,
3002 2567 3096 2618 κα)⁵
3141 2566 3329 2620 ἄδολον
3361 2570 3738 2639 παρεγχέουσι

2151 2651 2313 2718 γάλα,
2343 2671 2364 2702 ι
2405 2659 2757 2726 νηπιοπρεπῆ
2805 2658 3171 2728 χορηγοῦντες
3211 2645 3442 2733 τροφὴν,
3506 2663 3738 2716 τελείων

2151 2743 2260 2814 γάρ
2295 2747 2444 2798 ἐστιν
2477 2748 2509 2816 ἡ
2543 2747 2758 2817 στερεὰ,
2792 2750 2934 2818 γάλα
2971 2751 3295 2824 δὴ.νηπίοις
3341 2754 3402 2806 τδ
3452 2755 3742 2825 πρεπωδέε

2153 2854 2365 2891 στατον.
2395 2839 2504 2891 Kal.
2535 2840 2595 2890 οὐ
2625 2840 2797 2911 δήπου
2833 2843 3016 2912 φαμὲν
3037 2844 3113 2907 ὡς
3155 2843 3212 2896 ἔν
3262 2861 3325 2913 γε
3365 2845 3442 2915 τῷ
3466 2846 3734 2902 δύνασθαι

2155 2928 2314 2999 μόνον
2356 2930 2538 2999 ἐγχεῖν
2587 2933 2701 2995 τοῖς
2746 2933 2962 3002 νηπίοις
3009 2935 3071 2988 τὸ
3117 2935 3292 3003 γάλα,
3355 2937 3456 3007 τῆς
3503 2939 3739 2991 ἐκείνων.

2150 3021 2432 3090 δυνάμεως
2454 3021 2516 3074 τὸ
2547 3022 2744 3092 μέτρον
2789 3025 2936 3079 ἐστίν
2963 3043 2978 3058 ο
3012 3027 3231 3096 ἔχοντες
3271 3028 3403 3100 γὰρ,
3457 3031 3550 3083 καὶ
3579 3030 3733 3100 μάλα

2149 3109 2488 3180 ἐπιτηδείως.
2519 3113 2601 3174 είς
2628 3113 2708 3179 τὸ,
2736 3114 2892 3185 εἴπερ
2919 3107 3142 3181 ἕλοιντο,
3165 3118 3441 3190 διανέμειν
3465 3121 3730 3175 δύνασθαι

2149 3203 2264 3263 τοῖς
2284 3201 2383 3271 τὴν
2411 3201 2524 3267 ἓξιν
2552 3202 2938 3272 στερεωτέροις
2966 3207 3032 3258 τὰ
3056 3206 3164 3259 τῶν
3189 3209 3412 3280 τροφῶν
3431 3209 3725 3280 ἀδρότερα,

2144 3291 2238 3344 -διά
2272 3309 2332 3343 τε
2378 3291 2660 3360 λέγοντος,
2698 3311 2716 3344 ι
2751 3293 2790 3345 Γ
2793 3295 3015 3359 νωστῶς
3067 3297 3350 3372 ὲπιγνώσῃ
3382 3300 3560 3369 ψυχὰς
3601 3317 3732 3354 ποι-

2153 3379 2306 3448 μνίου
2338 3395 2454 3434 σου.
2499 3399 2519 3433 ι
2556 3382 2668 3436 Καὶ
2711 3383 2841 3450 γοῦν
2872 3385 2922 3438 οἱ
2953 3385 3230 3439 θεσπέσιοι
3265 3389 3509 3457 μαθηταὶ
3547 3390 3733 3446 καίτοι

2152 3471 2353 3543 μυρίας
2390 3473 2521 3535 ὅσας
2576 3472 2795 3537 ἐντολὰς
2837 3475 3132 3540 δεδωκότος
3190 3479 3320 3548 ἡμῖν
3374 3479 3613 3549 Χριστοῦ
3666 3481 3733 3547 ἐξ

2148 3561 2317 3616 ἐθνῶν
2343 3562 2716 3630 πιστεύσασιν,
2747 3567 3105 3637 οἰκονομικῶς
3129 3569 3523 3636 ἐπιστέλλουσι,
3561 3571 3736 3640 φυλά-

2149 3652 2342 3718 ξασθαι
2365 3655 2474 3708 δεῖν
2497 3655 2606 3709 ἀπό
2633 3673 2694 3709 τε
2725 3657 3007 3727 πορνείας,
3041 3659 3137 3712 καὶ
3165 3661 3524 3728 πνικτοῦ,καὶ
3554 3664 3730 3734 αἷμα.

2147 3761 2258 3807 τος.
2293 3761 2312 3794 ι
2342 3744 2529 3810 Ἔδοξε
2578 3745 2706 3817 γὰρ,
2753 3749 2948 3818 φησὶν,
2974 3749 3053 3820 τῷ
3075 3751 3216 3822 ἁγίῳ
3273 3753 3582 3825 Πνεύματι,
3630 3757 3734 3809 καὶ

2147 3837 2301 3904 ἡμῖν,
2327 3835 2493 3906 μηδὲν
2523 3837 2686 3891 πλέον
2713 3839 3052 3897 ἐπιτίθεσθαι
3072 3842 3201 3912 ὑμῖν
3231 3842 3417 3914 βάρος.
3442 3864 3460 3896 ι
3481 3846 3736 3912 Ἀκούεις

2149 3925 2298 3989 ὅπως
2323 3927 2698 3997 νηπιοπρεπές
2729 3930 2846 3984 ὲστι
2877 3931 2942 3984 τὸ
2977 3933 3366 4004 παράγγελμα,
3397 3935 3488 3989 καὶ
3525 3931 3638 3990 οἷον
3667 3939 3737 3992 ἐν

2151 4015 2253 4086 ῐσῳ
2296 4018 2532 4084 γάλακτι
2565 4022 2678 4083 τοῖς
2717 4019 3127 4092 ἀσθενεστέροις
3155 4025 3256 4096 τὴν
3299 4025 3411 4092 ἕξιν
3457 4026 3732 4098 χορηγοῦ-

2153 4124 2344 4174 μενον;
2368 4109 2487 4162 Ὅτι
2516 4109 2573 4162 δὲ
2602 4110 2697 4162 καὶ
2725 4110 2868 4183 ὕδωρ
2896 4113 2958 4166 τὸ
2982 4115 3168 4186 νοητὸν
3198 4117 3508 4187 ἀμφιλαφές
3533 4135 3595 4172 τε
3612 4121 3730 4184 τοῖς

2148 4202 2206 4254 ὲν
2248 4203 2380 4272 οἷ’κῳ
2415 4204 2621 4271 Κυρίου
2668 4209 3104 4278 πεφυτευμένοις
3126 4249 3142 4275 ,
3177 4211 3241 4264 ἵν’
3275 4215 3333 4265 ἐν
3365 4215 3487 4278 ταῖς
3533 4213 3732 4278 αὐλαῖς

2146 4291 2236 4346 τοῦ
2258 4291 2391 4344 Θεοῦ
2418 4292 2765 4364 ὲξανθήσειεν
2792 4297 2958 4362 θείοις
2983 4317 3085 4352 που
3117 4301 3470 4372 ἀρδευόμενοι
3494 4304 3726 4374 νάμασι,

2148 4384 2242 4436 καὶ
2269 4383 2325 4435 ἐν
2353 4385 2464 4446 τοῖς
2500 4385 2728 4452 ἄνωθεν,
2771 4391 2867 4442 καὶ
2900 4389 2962 4453 ἐξ
2984 4392 3214 4462 οὐρανοῦ
3243 4396 3728 4466 καταπιαινόμενοι

2147 4475 2328 4543 λόγοις
2351 4517 2364 4540 ,
2403 4479 2737 4548 ὑπεμφαίνει
2783 4481 2990 4550 λέγων,
3025 4484 3105 4537 ὅτι
3139 4504 3158 4537 ι
3194 4487 3373 4539 Πᾶσαι
3417 4488 3474 4540 αἱ
3504 4489 3727 4556 ἀφέσεις

2164 4567 2336 4622 Ἰουδα
2385 4569 2679 4639 ρυήσονται
2707 4569 2892 4625 ὕδατα.
2926 4589 2945 4622 ›
2988 4573 3309 4642 Ὡμολόγουν
3337 4575 3445 4646 γὰρ
3474 4593 3728 4644 παρακαο

2152 4658 2358 4714 λεῖσθαι
2388 4659 2542 4730 παρὰ
2564 4659 2698 4712 Θεοῦ
2729 4662 2821 4713 καὶ
2853 4663 2900 4714 oi
2929 4663 3188 4734 μακάριοι
3225 4665 3482 4736 μαθηταί.
3504 4667 3640 4719 Ἀλλ’
3668 4668 3728 4720 αι

2152 4751 2364 4820 πρῶται
2417 4752 2516 4820 μὲν
2557 4749 2668 4804 τῶν
2705 4751 2910 4820 νοητῶν
2955 4754 3164 4812 ὑδάτων
3203 4756 3428 4824 ἀφέσεις
3451 4799 3467 4822 ,
3501 4759 3727 4827 ἀφέσεις

2150 4836 2309 4896 αῦται
2341 4844 2558 4905 πάντως
2594 4842 2662 4896 ἂν
2689 4836 2798 4895 εἷεν
2830 4845 2888 4896 αί
2927 4847 3040 4909 τοῖς
3081 4846 3257 4915 ἀγίοις
3287 4849 3438 4920 παρά
3463 4849 3604 4902 Θεοῦ
3637 4849 3730 4905 διὰ

2149 4934 2244 4989 τοῦ
2291 4934 2608 5005 Πνεύματος
2646 4933 2755 4989 τῶν
2784 4935 3006 5006 ἀγαθῶν
3049 4941 3326 5009 χορηγίαι.
3373 4941 3634 5013 Δεύτεραι
3670 4940 3731 4999 δὲ,

2149 5023 2341 5090 ὥσπερ
2371 5022 2596 5092 ἀφέσεις
2628 5025 2836 5085 ὑδάτων
2875 5028 2928 5080 oi
2970 5027 3100 5099 παρ’
3129 5028 3310 5088 αὐτῶν
3339 5032 3420 5095 είς
3452 5031 3600 5102 ἡμᾶς
3637 5032 3727 5084 εὐ-

2154 5114 2427 5185 ρίσκοιντο
2475 5113 2647 5183 λόγοι,
2702 5117 3036 5188 χαρίσμασιν
3086 5122 3233 5190 ἡμᾶς
3283 5123 3725 5193 ἀναπιμπλάντες

2151 5211 2560 5277 πνευματικοῖς.
2602 5210 2666 5262 Ἠ
2707 5210 2764 5270 δὲ
2795 5212 2854 5275 ἐξ
2895 5211 3044 5268 οἴκου
3075 5214 3281 5284 Κυρίου
3315 5217 3728 5287 ἐκπορευομένη

2155 5297 2305 5370 πηγὴ
2337 5299 2422 5364 τίς
2453 5298 2518 5356 ἂν
2544 5302 2628 5371 εἴη
2657 5302 2841 5367 πάλιν,
2877 5302 3016 5373 πλὴν
3037 5305 3119 5357 ὅτι
3151 5307 3420 5375 Χριστός;
3448 5307 3590 5362 οὕτω
3617 5308 3730 5379 γὰρ

2152 5391 2314 5444 αὐτὸν
2339 5393 2430 5446 καὶ
2449 5395 2477 5446 ὀ
2497 5393 2746 5460 Μελῳδὸς
2773 5395 3023 5464 ὠνόμαζε
3053 5396 3224 5465 λέγων
3254 5397 3390 5468 πρὸς
3422 5401 3513 5454 τὸν
3534 5401 3592 5454 ὲν
3613 5403 3723 5462 τοῖς

2153 5484 2400 5552 οὐρανοῖς
2453 5484 2673 5556 Πατέρα
2734 5485 2828 5537 καὶ
2865 5485 3016 5552 Θεὸν,
3053 5507 3070 5538 ι
3101 5487 3204 5544 Τὸν
3244 5490 3578 5562 χειμάρρουν
3627 5491 3722 5560 τῆς

543 5665 588 5763 ζ’
617 5665 1057 5763 Μέιῑιξξὶῇξιηίίτυ
1085 5675 1134 5763 3:
1160 5677 1300 5733 Psal.
1330 5694 1516 5745 CXVIII,
1552 5681 1672 5737 £03.
1750 5684 1791 5713 εί
1818 5683 1834 5736 l
1860 5684 2003 5739 Pctt‘.
2026 5703 2086 5753 II,
2112 5690 2162 5743 ‘3.
2244 5692 2286 5722 ⁸²
2321 5689 2477 5745 Prov.
2511 5707 2680 5759 xxvu,
2706 5690 2796 5748 ‘25.
2876 5689 2921 5723 ³³
2943 5692 3063 5748 Act.
3092 5709 3180 5762 xv,
3211 5694 3301 5750 28.
3379 5695 3424 5728 ³⁸
3444 5695 3587 5753 Psal.
3610 5711 3718 5763 ιω,

503 5735 584 5794 li.
663 5738 708 5768 "
743 5739 880 5795 Psal.
915 5758 1075 5809 xxxv,
1103 5747 1156 5799 9.
