4054 6526
1709 248 1771 266 ..ινδ

390 367 507 426 405

1303 347 1861 429 COMMENTARIUS
1902 372 1970 427 lN
2009 373 2286 435 JosLm-t
2319 382 2770 443 ΡιιοριιετΑιι.

3592 387 3701 443 Mli

394 492 618 564 τρυφῆς
646 508 743 546 σου
767 490 975 556 ποτιεῖς
991 489 1310 558 αὑτοὺς,ὃτι
1337 494 1488 567 παρὰ
1513 494 1596 548 σοὶ
1617 494 1769 566 πηγὴ
1794 496 1995 568 ζωῆς.»

2115 501 2315 560 Volunt
2344 507 2595 562 eumdem
2650 507 2912 578 esse,‘qni
2949 516 3165 562 torrens
3188 505 3520 571 Cedrorurn,
3558 507 3699 574 apud

397 583 619 637 Οὐκοῦν
653 583 807 657 πηγὴ
844 583 1013 654 ζωῆς,
1042 586 1138 639 καὶ
1164 587 1502 659 χειμάρρους
1537 590 1565 641 6
1590 588 1846 658 Χριστός.
1873 590 2005 644 Χει-

400 676 621 765 μάρρρυ
649 677 707 730 δὲ
738 678 969 765 σχοίνων
1016 678 1291 751 μέμνηται
1326 679 1427 750 μὲν
1468 681 1497 732 6
1526 682 1847 752 προφήτης,
1887 700 2003 753 χει-

401 763 620 837 μάρρου
648 769 793 834 τινὸς
821 763 865 838 ᾧ
894 770 1335 841 παραπεφύκασι
1368 774 1568 842 σχοῖνοι
1617 773 1834 827 πολλαί.
1863 776 2004 830 Φασί

2111 608 2273 663 quem
2305 596 2684 668 indignissime
2717 606 3011 652 traeiatutn
3046 595 3333 653 Dominum
3365 594 3698 661 evangelista

2112 698 2323 751 narrat,
2357 690 2577 759 qutando
2606 705 2733 745 eum
2761 704 2888 747 cum
2919 690 3149 745 cohorte
3192 686 3413 743 militari
3450 685 3702 757 proditor

2109 777 2407 849 discipulus
2436 783 2692 853 quaesivit
2720 783 2787 837 ⁸⁸.
3372 792 3379 799 ’

394 858 459 911 δὲ
496 855 642 914 εἶναι
669 862 761 917 τὸν
798 861 962 916 αὑτὸν
998 861 1078 933 τῷ
1114 865 1402 936 χειμάρρῳ
1435 866 1543 919 τῶν
1572 866 1819 936 Κέδρων,
1852 869 1989 940 πρὸς
2026 869 2086 924 ὃν
2146 872 2403 944 ὑϐρίσθαι
2441 877 2609 947 φησὶν
2647 880 2675 931 6
2702 872 3099 945 εὑαγγελιστὴς
3155 870 3248 927 τὸν
3302 869 3530 944 Κύριον,
3562 865 3701 940 ὁμοῦ

397 957 469 1025 τῇ
496 955 702 1026 σπείρᾳ
723 953 1017 1026 ζητοῦντος
1040 956 1205 1010 αὑτὸν
1234 956 1329 1009 τοῦ
1359 958 1621 1029 προδότου
1659 960 1926 1031 μαθητοῦ.

474 1047 637 1099 Ἐστι
680 1047 739 1100 δὲ
780 1048 881 1101 οὐκ
925 1049 1170 1120 ἀκαλλὴς
1207 1052 1235 1102 6
1273 1049 1453 1119 λόγος,
1499 1052 1547 1103 εί
1594 1050 1672 1121 τῷ
1721 1052 2007 1125 χειμάρρῳ

396 1139 515 1191 τῶν
554 1138 787 1208 σχοίνων
832 1140 1248 1212 παρεικάζομεν
1280 1142 1381 1211 τὴν
1426 1142 1779 1213 Ἐκκλησίαν,
1820 1145 1902 1207 εἰς
1939 1146 2007 1216 ἣν

395 1232 730 1286 ὲκκέκλικεν
781 1233 858 1298 ὡς
894 1235 1144 1306 ποταμὸς
1180 1237 1408 1307 εἰρήνης
1438 1238 1467 1290 6
1493 1235 1699 1307 Κύριος
1726 1235 1906 1307 ἡμῶν,
1936 1237 2004 1307 ἣν

396 1325 576 1378 οἱονεί
606 1344 724 1389 πως
758 1327 847 1379 ἀεὶ
871 1329 1152 1399 παραρρεῖ
1173 1326 1274 1392 τὰς
1299 1328 1571 1393 ἁειθαλείς
1594 1329 1831 1392 ποτίζων
1854 1327 2005 1400 σχοί-

396 1430 554 1481 νους,
583 1416 857 1489 τουτέστι,
899 1418 1000 1481 τὰς
1033 1418 1143 1473 τῶν
1174 1420 1348 1489 ἁγίων
1373 1420 1573 1492 ψυχάς.
1607 1420 1869 1492 Φίλυδρος
1894 1420 2007 1491 γὰρ

395 1506 491 1558 ἀεί
528 1525 649 1571 πως
675 1508 813 1573 ἐστὶ,
839 1508 934 1562 καὶ
962 1509 1225 1583 ὰειθαλὴς
1272 1513 1305 1582 ἡ
1354 1515 1583 1583 σχοῖνος.
1616 1514 1680 1567 Εί
1720 1513 1777 1566 δὲ
1809 1512 1874 1585 δὴ
1912 1514 2009 1567 καὶ

396 1599 584 1669 ὁρῷτο
618 1602 1027 1673 κεντρουμένη,
1061 1604 1247 1669 καλῶς
1289 1604 1357 1660 ἂν
1406 1604 1520 1676 ἔχοι
1560 1607 1657 1659 καί
1697 1605 1891 1670 οὑτως.
1933 1607 2008 1660 Οὐ

2183 1053 2292 1110 Nec
2328 1055 2646 1110 indecorum
2675 1054 2799 1115 erit,
2834 1053 2879 1109 si
2923 1050 3150 1117 torrenti
3174 1049 3467 1121 juncorum
3517 1046 3702 1103 Eccle-

2110 1148 2251 1202 siam
2277 1162 2684 1217 comparemus,
2716 1147 2769 1201 in
2804 1160 2964 1215 qnam
2999 1145 3260 1200 Dominus
3292 1151 3480 1197 noster
3510 1148 3571 1194 ut
3601 1137 3703 1192 llu-

2108 1240 2231 1296 vius
2255 1241 2405 1309 pacis
2431 1254 2652 1295 cursum
2687 1237 2910 1294 deﬂexit
2933 1238 2978 1269 ⁸⁷
3010 1255 3025 1292 :
3062 1251 3227 1307 quam
3255 1233 3412 1305 quasi
3438 1241 3729 1302 perpetuo.

2108 1330 2464 1398 circumﬂuit,
2497 1333 2692 1402 juncos
2726 1345 2941 1401 semper
2963 1330 3203 1384 virentes
3246 1327 3523 1398 irrigans;
3557 1338 3700 1379 sem-

2111 1439 2211 1496 per
2238 1424 2382 1480 enim
2411 1439 2608 1495 aquam
2647 1432 2818 1489 amat,
2858 1437 2959 1479 nec
3004 1421 3189 1477 vivere
3240 1418 3446 1476 desinit
3476 1414 3699 1485 juncus.

2118 1516 2187 1571 Et
2215 1515 2469 1586 quamvis
2505 1515 2559 1569 in
2584 1513 2865 1585 cuspidem
2893 1522 3070 1579 exeat,
3105 1510 3273 1568 etiam
3305 1509 3385 1564 sic
3423 1507 3566 1562 bene
3598 1505 3700 1559 ha-

2117 1606 2233 1663 bet.
2282 1606 2400 1663 Non
2441 1606 2585 1663 enim
2636 1621 2863 1677 prorsus
2900 1605 3127 1677 cuspide
3171 1610 3335 1659 vacat
3382 1608 3709 1656 sanctorum

397 1693 515 1765 γὰρ
559 1693 825 1765 ἄκεντρος
869 1697 1154 1760 παντελῶς
1200 1697 1310 1751 τῶν
1351 1697 1524 1766 ἁγίων
1562 1699 1595 1770 ἠ
1650 1698 1860 1769 ἀρετή·
1901 1697 2007 1750 εἰσί

2117 1699 2308 1754 virtus.
2354 1698 2496 1754 Sunt
2537 1699 2759 1769 quidem
2815 1690 3268 1763 mansuetissimi,
3314 1700 3701 1766 ,verumtamen

407 1785 514 1855 μὲν
559 1784 671 1855 γὰρ
717 1786 1020 1856 πραότατοι
1052 1789 1302 1860 ἐρασταὶ,
1340 1788 1479 1860 πλὴν
1513 1788 1651 1860 μετὰ
1682 1787 1873 1842 τούτου
1914 1788 2010 1843 καὶ

402 1879 678 1949 μαχηταί.

474 1972 783 2039 Αἴγυπτος
829 1975 917 2037 εὶς
953 1970 1304 2042 ἀφανισμόν
1344 1971 1555 2036 ἔσται,
1597 1972 1696 2027 καί
1742 1974 1781 2041 ἡ
1827 1973 2011 2029 Ἰδου-

394 2060 550 2128 μαία
586 2063 677 2127 εἰς
715 2062 928 2117 πεδίον
964 2065 1055 2128 εἰς
1092 2063 1442 2133 ἀφανισμόν
1472 2064 1543 2129 ἐξ
1584 2064 1832 2119 ἀδικιῶν
1860 2065 2013 2120 υἱῶν

415 2148 638 2216 Ἰούδα,
668 2150 800 2207 ἀνθ’
842 2145 933 2205 ὧν
977 2151 1232 2221 ἐξέχεαν
1264 2149 1411 2224 αἷμα
1452 2154 1688 2210 δίκαιον
1719 2157 1790 2209 ἐν
1826 2156 1900 2225 τῇ
1932 2156 2011 2227 τῇ

394 2240 627 2295 αὐτῶν.
675 2242 737 2295 Ἡ
758 2241 827 2296 δὲ
866 2242 1134 2300 Ἰουδαία
1162 2244 1251 2309 εις
1275 2243 1383 2297 τὸν
1427 2244 1615 2299 αἰῶνα
1650 2245 2011 2313 κατοικηθή-

399 2349 613 2399 σεται,
660 2335 759 2389 καὶ
795 2336 1200 2406 Ἰερουσαλὴμ
1241 2337 1328 2402 εἰς
1366 2337 1577 2405 γενεὰς
1615 2336 1861 2406 γενεῶν.
1898 2337 2011 2393 Καὶ

401 2425 720 2495 ἐκζητήσω
750 2428 819 2482 τὸ
867 2423 1013 2498 αἷμα
1059 2428 1281 2493 αὐτῶν,
1332 2428 1435 2482 καί
1488 2431 1561 2483 οὐ
1602 2428 1690 2499 μὴ
1725 2428 2006 2495 ἀθωώσω,

398 2513 505 2567 και
536 2516 755 2584 Κύριος
792 2516 1256 2585 κατασκηνώσει
1283 2518 1353 2571 ἐν
1379 2518 1553 2572 Σιών.

472 2601 611 2656 ME'.
639 2604 807 2657 Ὅσον
836 2604 935 2676 μὲν
963 2606 1090 2677 ἥκει
1123 2607 1205 2670 εἰς
1235 2606 1297 2658 τὸ
1330 2607 1394 2661 ἐκ
1424 2607 1525 2677 τῆς
1555 2607 1800 2680 ἱστορίας
1827 2623 2007 2681 παρα-

396 2691 759 2764 δηλούμενον,
789 2696 1041 2751 ὲκτέτικε
1091 2698 1249 2762 δίκας
1287 2700 1327 2769 ἡ
1369 2700 1667 2768 Αἴγυπτος,
1713 2700 2009 2773 ἐπέρηται

399 2782 516 2855 γὰρ
567 2786 673 2855 τῆς
727 2786 1008 2856 βασιλείας
1038 2828 1053 2853 ,
1084 2787 1388 2858 Καμϐύσου
1424 2788 1631 2859 ταύτην
1681 2789 1775 2843 τοῦ
1820 2791 2007 2863 Κύρου

397 2875 596 2939 παιδὸς
626 2877 1054 2944 καταλύσαντος,
1098 2880 1197 2932 καὶ
1234 2878 1511 2949 Ἰδουμαία
1537 2879 1593 2933 δὲ
1629 2881 1729 2951 τὴν
1766 2882 2007 2953 ἐρημίαν

398 2966 724 3038 ὑπέμεινεν,
754 2968 831 3031 ὡς
867 2969 961 3022 καὶ
992 2969 1133 3024 αὐτὰ
1162 2972 1434 3045 μαρτυρεῖ
1462 2970 1533 3024 τὰ
1569 2972 1893 3045 πράγματα.

2112 1808 2237 1850 cum
2267 1794 2373 1850 hoc
2402 1794 2567 1850 etiam
2595 1807 2752 1850 acres
2781 1800 2839 1850 et
2866 1791 3182 1849 bellatores.

2183 1969 2347 2026 Vens.
2392 1967 2581 2029 19—21.
2599 1967 2866 2043 Egyptus
2895 1968 2951 2022 in
2979 1965 3328 2038 perditionem
3346 1963 3466 2027 erit,
3491 1970 3541 2014 et
3567 1960 3703 2015 ldu-

2109 2081 2246 2118 mma
2272 2065 2327 2118 in
2356 2081 2596 2135 campum
2618 2063 2967 2119 desolationis
2992 2078 3058 2117 ea:
3073 2058 3441 2128 iniquitatibus
3464 2057 3723 2126 ﬁliorum

2109 2154 2278 2223 Juda,
2308 2173 2404 2226 pro
2440 2173 2509 2217 ιο
2541 2157 2682 2226 quod
2709 2156 3015 2226 aliudsi-unt
3054 2153 3364 2223 sanguinem
3391 2150 3600 2219 justum
3645 2148 3702 2201 in

2111 2259 2253 2303 terra
2281 2266 2403 2303 sua.
2435 2248 2503 2302 At
2529 2246 2727 2303 Iudam
2767 2248 2823 2300 in
2859 2255 3115 2302 wternum
3146 2244 3494 2309 habitabitur,
3523 2249 3573 2295 et
3609 2237 3702 2293 Je-

2111 2340 2342 2396 rusalem
2384 2343 2442 2395 in
2490 2340 2852 2412 generationes
2891 2338 3313 2411 generationum.
3366 2333 3429 2387 Et
3472 2332 3715 2386 ulciscare

2109 2433 2420 2502 sanguinem
2458 2438 2664 2500 eorum,
2690 2442 2737 2485 et
2769 2446 2874 2485 non
2899 2428 3187 2495 mandabo,
3219 2434 3269 2481 et
3305 2423 3569 2480 Dominus
3601 2420 3720 2474 Ita--

2111 2523 2294 2577 bitabit
2329 2524 2386 2579 in
2426 2522 2578 2578 Sion.

2191 2614 2354 2670 XLV.
2383 2616 2536 2683 Quod
2558 2618 2627 2675 ad
2654 2629 2876 2677 tensum
2912 2612 3233 2670 historicum
3266 2609 3481 2673 attinet,
3509 2605 3721 2677 punita

2114 2714 2204 2762 est
2239 2706 2533 2778 Egyptus,
2563 2707 2781 2775 quando
2808 2700 3258 2775 CambysesCyri
3278 2699 3434 2753 'iiiins
3473 2710 3727 2766 regnum—

2109 2800 2344 2868 subegit.
2395 2799 2461 2852 Et
2513 2798 2743 2853 ldumaea
2785 2796 3007 2851 redacta
3068 2801 3154 2849 est
3205 2791 3264 2847 in
3325 2788 3720 2851 solitudinem,

2110 2892 2256 2961 quod
2297 2905 2386 2947 res
2420 2891 2537 2961 ipsa
2576 2889 2839 2961 loquitur.

473 3058 637 3129 Πλὴν
669 3061 727 3113 ἐν
767 3060 984 3126 τούτοις
1028 3062 1208 3117 ἔοικεν
1246 3062 1276 3116 6
1322 3064 1666 3135 προφητικὸς
1709 3065 1841 3136 ἡμῖν
1880 3066 2006 3120 ὑπο-

2185 3068 2456 3125 Cmterum
2487 3065 2751 3129 videntur
2774 3063 3091 3137 prophetica
3144 3062 3304 3118 verba
3336 3066 3556 3131 pactum
3609 3068 3704 3112 oc-

401 3154 626 3224 φαίνειν
655 3153 817 3223 λόγος
852 3155 1250 3226 κεκρυμμένην
1276 3155 1596 3225 όμολογίαν,
1627 3154 1697 3226 ἢν
1723 3157 1813 3210 ὅτε
1841 3157 2005 3226 γέγο-

398 3266 496 3303 νεν
529 3248 822 3321 ἄνθρωπος
880 3249 1246 3320 πεπλήρωκεν
1286 3248 1315 3301 6
1361 3248 1705 3319 Μονογενής.
1734 3247 1851 3301 Ἀεὶ
1897 3248 2007 3318 γάρ

399 3357 526 3404 πως
551 3342 588 3412 ἡ
619 3339 961 3413 θείαΓραφὴ
995 3340 1374 3411 μεμελέτηκεν
1406 3338 1693 3412 ἐξομοιοῦν
1717 3342 1833 3405 τοῖς
1859 3341 2003 3410 ἄγαν

400 3432 850 3504 εἰδωλολάτραις,
897 3433 992 3487 καί⁹
1030 3433 1110 3496 εἰς
1134 3430 1293 3486 τοῦτο
1325 3432 1446 3485 λίαν
1474 3433 1870 3487 ἀπονενευκόσι
1907 3433 2009 3495 τὰς

402 3523 617 3593 ἀγέλας
647 3523 758 3579 τῶν
788 3524 1105 3596 δαιμονίων,
1149 3526 1245 3580 καὶ
1276 3524 1476 3587 αὐτοὺς
1511 3524 1568 3578 δὲ
1608 3525 1736 3588 τοὺς
1767 3524 1856 3578 ἀεὶ
1894 3527 2009 3588 τοῖς

401 3617 588 3686 ἁγίοις
651 3616 1084 3688 ἀνθεστηκότας.
1134 3616 1323 3670 Πάντα
1368 3615 1434 3686 δὴ
1492 3610 1587 3669 οῦν
1630 3614 1826 3686 ἐχθρὸν
1879 3616 2013 3669 ἀπο-

407 3710 631 3764 λεῖσθαι
661 3712 848 3782 φησὶν,
879 3708 1200 3780 Αἰγυπτίοις
1243 3726 1305 3761 τε
1345 3708 1443 3762 καὶ
1506 3707 1832 3778 Ἰδουμαίοις
1865 3707 2009 3772 ἐξει-

403 3804 714 3875 κασμένον.
752 3803 1030 3874 Ἀσφαλὴς
1060 3801 1172 3874 γὰρ
1224 3804 1259 3873 ἡ
1296 3802 1591 3872 ὑπόσχεσις
1613 3799 1706 3854 τοῦ
1744 3798 2007 3872 Χριστοῦ,

401 3895 664 3963 λέγοντος
713 3893 977 3966 περὶτῆς
1013 3893 1367 3964 Ἐκκλησίας,
1402 3893 1483 3946 ὃτι
1520 3910 1539 3943 ι
1572 3890 1747 3945 Πύλαι
1778 3889 1906 3961 ᾅδου
1945 3889 2007 3944 οὑ

402 3987 837 4059 κατισχύσουσιν
889 3986 1087 4056 αὐτῆς.
1124 4004 1143 4038 ι
1175 3986 1299 4039 Ὅτι
1328 3984 1385 4037 δὲ
1418 3983 1641 4046 πάντως
1673 3982 1907 4053 ἔμελλον
1928 3981 2009 4035 δί-

401 4100 513 4145 κας
541 4081 878 4147 ἐξαιτεῖσθαι
912 4079 1021 4134 τῶν
1060 4080 1142 4142 εἰς
1183 4076 1507 4152 ἀνθρώπους
1534 4074 2012 4146 πεπλημμελημέ-

402 4192 518 4229 νων
563 4175 627 4228 αἴ
670 4191 732 4227 τε
793 4172 1033 4244 πονηραί⁸
1081 4170 1374 4241 δυνάμεις,
1425 4167 1521 4221 καὶ
1571 4167 1687 4220 ὅσοι
1732 4166 2010 4237 τολμῶσιν

402 4265 751 4331 ὲκείναις²τὰ
785 4264 1174 4336 παραπλήσια,
1206 4262 1241 4334 ἢ
1268 4261 1405 4332 πρὸς
1438 4258 1764 4331 Ἑλληνικὴν
1788 4258 2010 4330 ἀπάτην

402 4359 783 4430 ἀποφέροντες
824 4373 999 4423 τινας,
1053 4356 1222 4427 ἤγουν
1264 4356 1345 4418 εἰς
1392 4352 1654 4423 ἀδόκιμον
1701 4350 2008 4423 καταστρέ-

402 4421 610 4521 φοντες-
646 4451 793 4517 νοῦν,
836 4449 928 4504 διά
969 4421 1033 4518 γε
1077 4421 1176 4502 τοῦ
1224 4446 1499 4501 διδάσκειν
1554 4421 1878 4515 ἐπείγεσθαι
1921 4421 2008 4497 *τὰ
2040 4421 2084 4477 D

400 4544 858 4617 διεστραμμένα,
907 4541 1233 4609 καθίστησιν
1282 4539 1535 4610 ἐναργὲς,
1584 4538 1791 4608 ταύτης
1838 4536 2011 4590 ἕνεκα

400 4638 505 4709 τῆς
530 4637 713 4700 αἰτίας
742 4632 1216 4705 ἀφανισθήσεσθαι
1262 4630 1440 4698 λέγων
1480 4630 1609 4692 τοὺς
1632 4632 1701 4700 τῇ
1732 4628 1872 4681 Σιὼν
1911 4645 2010 4680 πε-

403 4729 832 4801 πολεμηκότας,
869 4728 986 4781 ἀνθ’
1026 4719 1101 4779 ὧν
1134 4724 1359 4795 ἐξέχεαν
1404 4718 1544 4792 αἷμα
1578 4720 1777 4784 ἀθῶον,
1815 4719 2010 4790 ηδική-

400 4821 537 4877 κασί
565 4838 625 4875 τε
654 4822 715 4874 οὑ
746 4818 1001 4892 φορητῶς
1026 4819 1154 4881 τοὺς
1178 4815 1533 4880 υἰοὺςἸούδα,
1560 4812 1835 4875 τουτέστι,
1878 4812 2008 4874 τοὺς

401 4911 598 4981 ἁγίους
650 4910 1101 4981 ὲξομολογήσεως
1143 4909 1303 4971 ὂντας
1340 4907 1527 4960 τέκνα.
1570 4902 2001 4975 Διερμηνεύεται

399 5004 515 5074 γὰρ
542 5002 748 5065 Ἰούδας
785 5020 803 5052 ι
823 5000 1235 5072 ἐξομολόγησις.
1260 5017 1280 5051 ι
1323 4999 1469 5069 Ἔφη
1499 4997 1558 5051 δέ
1582 5014 1685 5050 που
1712 4994 1808 5049 καὶ
1829 4995 1857 5047 6
1885 4994 2005 5048 θεό-

399 5094 615 5164 ληπτος
649 5094 814 5147 Δαϐὶδ
841 5094 972 5165 περὶ
999 5092 1110 5146 τῶν
1144 5090 1375 5153 ἀνοσίως
1407 5091 1790 5162 ἀνῃρημένωνο
1827 5104 1845 5137 ι
1879 5086 2004 5139 ’Ότι

401 5185 660 5257 ἐκζητῶν
690 5187 758 5240 τὰ
794 5188 1003 5257 αἵματα
1046 5183 1229 5238 αὑτῶν
1280 5181 1549 5254 ἐμνήσθη.
1583 5201 1603 5234 ι
1660 5180 1805 5253 Πρὸς
1842 5177 1901 5234 δέ
1938 5194 2005 5248 γε

402 5278 499 5329 τὸν
528 5278 777 5331 Σατανᾶν
816 5278 892 5342 ὼς
923 5279 981 5332 ὲν
1010 5278 1179 5332 εἰκόνι
1215 5278 1564 5348 γραφόμενον
1605 5277 1700 5331 τοῦ
1740 5276 2000 5347 Ἀσσοὺρ,

408 5388 431 5421 ι
450 5371 549 5422 ’⁵ον
576 5368 783 5439 τρόπον
804 5370 1023 5441 ἱμάτιον
1049 5371 1107 5422 ὲν
1132 5368 1327 5439 αἵματι
1350 5366 1700 5439 πεφυρμένον
1729 5367 1829 5419 οὑκ
1847 5365 2003 5420 ἔσται

327 5474 345 5533 ’ὅ
406 5459 677 5531 καθαρὸν,
710 5460 883 5524 οὑτως
908 5461 1031 5514 οὑδὲ
1064 5462 1127 5516 σὺ
1157 5460 1255 5530 ἔσῃ
1290 5458 1552 5532 καθαρὸς,
1593 5458 1728 5513 διότι
1760 5459 1862 5530 τὴν
1894 5458 2002 5529 γῆν

408 5569 515 5622 μου
564 5552 821 5621 ὲμίανας,
870 5554 967 5606 καὶ
1009 5554 1101 5606 τὸν
1143 5552 1272 5606 λαόν
1310 5569 1411 5623 μου
1457 5550 1767 5614 ἀπώλεσας.
1804 5550 1879 5604 Οὑ
1923 5548 2002 5621 μὴ

411 5643 605 5717 μείνῃς
636 5647 717 5709 εἰς
750 5644 844 5699 τὸν
878 5644 1054 5701 αἰῶνα
1095 5645 1305 5717 χρόνον.
1348 5665 1366 5696 ι
1407 5642 1620 5699 Οὐκοῦν
1676 5644 2001 5713 κατοιχήσε-

481 5823 529 5855 ⁸⁸
550 5820 703 5877 Joan.
730 5838 883 5884 xvm.
919 5823 1003 5878 12.
1082 5821 1126 5856 ⁸⁷
1156 5823 1257 5878 lsa.
1286 5839 1429 5888 ωιτι,
1467 5822 1554 5877 12.

2112 3161 2320 3217 cultum
2354 3169 2555 3230 tegere,
2598 3156 2743 3228 quod
2779 3153 3103 3225 Unigenitus
3166 3152 3329 3207 homo
3376 3149 3552 3206 factus
3601 3148 3711 3201 im-

2113 3253 2303 3325 plevit.
2334 3252 2562 3322 Semper
2584 3248 2733 3305 enim
2765 3248 2948 3304 divina
2977 3244 3264 3315 Scriptura
3296 3240 3508 3312 magnis
3532 3238 3706 3293 idolo-

2111 3347 2289 3413 latris,
2326 3356 2387 3400 et
2422 3358 2489 3400 eo
2529 3342 2887 3398 vehementer
2931 3336 3236 3409 propensis,
3299 3342 3546 3389 catervas
3591 3332 3703 3385 da:-

2113 3454 2332 3494 monum
2403 3445 2460 3493 et
2531 3443 2847 3492 sanctorum
2916 3440 3321 3503 oppugnatores
3399 3425 3731 3483 assimilare‘

2114 3531 2420 3591 consuevit.
2466 3528 2671 3587 Omnes
2717 3526 2884 3599 igitur
2914 3525 3169 3580 inimicos
3199 3521 3474 3595 perituros
3513 3516 3707 3572 vatici-

2113 3633 2279 3678 natur
2300 3619 2575 3691 Egyptiis
2613 3615 2776 3689 255
2815 3623 2871 3672 et
2899 3613 3542 3682 ldumaeiscomparatos.
3580 3607 3719 3665 Fir-.

2113 3730 2199 3769 ma
2227 3723 2313 3770 est
2342 3713 2487 3769 enim
2516 3710 2717 3766 Christi
2747 3707 3038 3779 promissio
3064 3706 3133 3760 de
3156 3703 3398 3759 Ecclesia
3431 3718 3443 3754 :
3479 3718 3498 3753 ι
3528 3699 3717 3755 Portae

2112 3807 2273 3864 inferi
2302 3822 2410 3861 non
2441 3802 2815 3874 prtevaiebunt
2843 3800 3108 3856 adversus
3134 3811 3255 3853 eam
3288 3795 3360 3850 ⁸⁸.
3406 3812 3425 3847 ι
3462 3792 3727 3849 Omnino.

2113 3909 2294 3955 autem
2325 3912 2519 3969 pinnas
2561 3902 2838 3966 sumptum
2870 3892 2936 3949 iri
2973 3892 3340 3948 admissurum
3373 3888 3427 3943 in
3459 3885 3719 3942 homines.

2113 4002 2167 4048 et
2198 3992 2463 4063 malignas
2490 3997 2811 4060 potestates,
2848 3993 2905 4043 et
2950 3992 3222 4056 quotquot
3264 3982 3371 4038 illis
3407 3982 3558 4050 paria
3590 3979 3717 4034 ausi-

2112 4093 2260 4149 sunt,
2290 4095 2382 4137 aut
2407 4081 2477 4136 ad
2511 4080 2826 4136 Graecorum
2876 4090 3097 4133 errores
3127 4074 3393 4145 quosdam
3434 4070 3711 4128 abducen-

2115 4181 2218 4234 tes,
2267 4178 2366 4224 aut
2413 4172 2468 4224 in
2512 4156 3071 4239 neproburn'sensum
3106 4162 3534 4236 praecipitantes,
3577 4159 3713 4216 dum

2113 4274 2372 4334 perversa
2409 4260 2718 4323 consectari
2762 4259 2982 4324 docent,
3026 4254 3317 4311 manifeste
3347 4252 3533 4319 tradit,
3579 4266 3711 4327 pro-

2115 4362 2303 4424 pterea
2337 4353 2706 4425 disperditum.
2728 4350 2797 4406 iri
2833 4349 3047 4417 dicens,
3094 4347 3187 4419 qui
3237 4345 3371 4403 Sion
3421 4356 3704 4416 oppugna-

2114 4456 2263 4516 runt,
2293 4447 2421 4515 quia
2449 4445 2771 4517 sanguinem
2809 4443 3158 4497 innocentem
3186 4438 3501 4502 effuderint,
3530 4446 3587 4492 et
3623 4437 3709 4491 in-

2116 4538 2476 4597 tolerabiliter
2525 4537 2668 4593 ﬁlios
2707 4535 2847 4591 Juda
2894 4534 3237 4598 vexaverint,
3284 4532 3389 4587 hoc
3444 4538 3549 4595 est,
3580 4543 3711 4583 san-

2113 4641 2253 4697 ctos,
2294 4630 2432 4685 ﬁlios
2464 4627 2842 4693 confessionis,
2873 4626 3119 4682 redditur
3154 4625 3301 4681 enim
3319 4619 3515 4685 ludas,
3536 4639 3555 4672 ι
3584 4634 3719 4675 ωτι-ι

2113 4722 2307 4778 fessio.
2351 4740 2373 4775 ι
2407 4721 2682 4778 Caeterum
2716 4718 2914 4775 alicubi
2947 4718 3110 4774 etiam
3138 4730 3169 4771 a
3197 4715 3310 4772 Deo
3346 4712 3560 4769 aﬂiatus
3607 4711 3709 4766 Das

2115 4815 2204 4869 vid
2231 4814 2297 4870 de
2328 4814 2512 4884 impiis
2539 4822 2716 4870 morte
2741 4812 2934 4868 deletis
2960 4829 2975 4867 :
3011 4830 3030 4864 ι
3060 4810 3353 4878 Quoniam,
3387 4807 3589 4877 inquit,
3621 4820 3710 4860 rc~

2110 4908 2335 4978 quirens
2385 4906 2705 4973 sanguinem
2745 4920 2935 4961 eorum
2975 4905 3295 4961 recordatus
3344 4911 3432 4958 est
3462 4901 3530 4953 ⁸³.
3569 4918 3588 4951 ι
3622 4897 3707 4952 Ad

2112 4999 2371 5055 Satanam
2415 5006 2620 5064 autem,
2654 5006 2713 5053 ut
2761 4998 2813 5051 in
2860 5011 3092 5066 persona
3125 4998 3299 5052 Assur
3344 5001 3701 5049 accusatum:

2115 5109 2134 5144 ι
2183 5091 2651 5160 Quemadmodum
2703 5089 3093 5145 vestimentum
3150 5086 3418 5159 sanguine
3478 5084 3703 5139 mistum

2112 5200 2223 5242 non
2254 5185 2362 5242 erit
2393 5185 2675 5251 mundum,
2706 5182 2786 5239 sic
2814 5197 2916 5239 nec
2946 5191 3002 5237 tu
3039 5178 3433 5237 munduseris.
3477 5175 3543 5231 Et
3575 5172 3705 5244 quia

2116 5286 2319 5333 terram
2367 5292 2545 5331 meam
2585 5275 2844 5349 polluisti,
2885 5281 2942 5330 et
2981 5272 3237 5345 populum
3280 5283 3460 5324 meum
3517 5265 3703 5337 pcrdi-

2113 5367 2266 5433 disti,
2311 5383 2419 5424 non
2472 5366 2722 5424 manebis
2776 5364 2834 5422 in
2883 5365 3274 5433 sempiternum
3324 5359 3394 5414 θ’.
3452 5375 3472 5409 ι
3516 5354 3703 5426 Itaque

2114 5458 2361 5513 abituros
2391 5458 2445 5513 in
2485 5459 2717 5513 exitium
2750 5455 2931 5514 Sionis
2958 5450 3303 5508 adversarios
3331 5448 3486 5515 dicit,
3520 5457 3577 5504 et
3600 5447 3696 5503 ,ἰη-

2113 5547 2284 5604 dzeam
2311 5549 2619 5603 habitatum
2648 5548 2716 5604 iri
2758 5548 2810 5601 in
2839 5543 3256 5613 sempiternum,
3286 5550 3341 5596 ct
3390 5539 3702 5597 Jerusalem

2112 5641 2165 5697 in
2200 5643 2587 5713 generationes
2618 5638 3032 5709 generationum
3062 5652 3076 5703 ;
3108 5649 3213 5690 non
3249 5636 3397 5691 illam
3429 5643 3709 5691 vastatam.

1654 5822 1699 5853 ’³⁸
1733 5822 1920 5878 Matth.
1951 5835 2062 5889 xw,
2106 5818 2188 5873 18.
2269 5817 2311 5848 ⁸³
2343 5813 2483 5870 Psal.
2522 5829 2597 5872 lx.
2633 5814 2716 5868 l5.
2792 5813 2840 5846 ⁰⁰
2876 5812 2982 5869 lsa.
3022 5827 3131 5875 XIV.
3167 5812 3252 5873 i9.
3286 5812 3379 5869 ΞΟ.
