4054 6458
326 363 440 421 609

1292 372 1847 431 COMMENTARIUS
1885 373 1949 429 IN
1989 373 2180 430 ΑΜοὸ
2216 374 2662 431 ΡΒΟΡΗΕΤΑΜ.

3509 383 3615 440 ΗΟ

326 459 544 515 τούτων
571 460 830 530 γεγόνασι
860 462 1028 533 λόγοι,
1058 465 1425 540 καταθρήσεις
1464 472 1695 535 ἀκονιτὶ,
1716 472 1812 526 καὶ
1833 472 1902 526 διΞ

2028 471 2151 526 tabo
2172 486 2336 541 super
2365 472 2583 526 domum
2629 469 2919 526 Jeroboam
2964 469 3203 541 gladium
3232 476 3300 529 ".
3330 472 3369 524 ἰ
3417 472 3616 531 Sacer-

327 553 442 606 τῶν
476 553 645 608 αὑτοῦ
682 556 1151 633 πληροφορηθήσῃ
1188 560 1383 629 λόγων.
1431 564 1781 635 Προεφήτευε
1824 564 1924 635 μὲν

328 644 444 718 γὰρ
467 647 528 699 ὲν
551 646 782 716 Βαιθὴλ,
809 647 885 711 ὡς
911 651 1069 719 ἔφην,
1096 653 1569 724 ἀφανισθήσεσθαι
1592 655 1766 724 λέγων
1797 657 1925 721 τοὺς

328 734 561 806 βωμοὺς
589 735 685 789 τοῦ
714 737 975 805 γέλωτος,
1005 741 1467 813 ὲρημωθήσεσθαι
1495 742 1552 797 δὲ
1587 746 1682 799 καὶ
1702 746 1801 811 τὰς
1834 764 1924 800 τε-

325 825 497 889 λετὰς
520 827 617 881 τοῦ
658 828 909 900 Ἰσραήλ·
935 830 1030 884 καὶ
1060 831 1124 903 δὴ
1160 833 1370 898 τούτοις
1408 835 1741 905 προστιθεὶς,
1782 837 1925 892 «Καὶ

324 920 713 991 ἀναστήσομαι
742 921 839 974 ἐπὶ
866 921 957 975 τὸν
984 918 1134 976 οἷκον
1176 924 1462 997 Ἰεροϐοάμ
1496 928 1555 980 ὲν
1585 928 1853 1000 ῥομφαίᾳ.
1897 949 1917 982 ›

337 1011 400 1063 '0
455 1010 517 1064 δέ
549 1028 615 1080 γε
659 1012 762 1081 τῆς
812 1012 1012 1085 Βαιθὴλ
1060 1015 1241 1086 ἱερεὺς
1283 1016 1569 1087 Ἀμασίας.
1619 1014 1789 1083 Οὗτος
1826 1018 1923 1073 οὖν

322 1101 588 1171 ὲπέτριζε
634 1101 713 1172 τῷ
761 1103 1021 1177 προφήτῃ
1066 1107 1192 1168 τοὺς
1234 1106 1473 1170 ὀδόντας.
1528 1103 1664 1163 Εἶτα
1712 1109 1923 1182 πέμπει

322 1191 468 1263 πρὸς
504 1192 793 1264 Ἱεροὸοὰμ
834 1193 1063 1264 βασιλέα
1112 1196 1350 1269 Ἰσραὴλ,
1388 1197 1594 1267 λέγωνα
1634 1219 1652 1253 ι
1682 1202 1918 1275 Συστρο-

321 1284 436 1354 φὰς
461 1288 701 1339 ποιεῖται
730 1288 873 1341 κατὰ
900 1286 997 1341 σοῦ
1043 1287 1224 1364 Ἀμὺς
1252 1291 1311 1344 ὲν
1344 1291 1492 1365 μέσῳ
1519 1293 1655 1365 οἴκῳ
1681 1294 1916 1367 Ἰσραὴλ,

318 1378 389 1431 οὐ
412 1378 493 1449 μὴ
523 1377 753 1450 δύνηται
781 1380 815 1451 ἡ
842 1378 916 1450 γῆ
949 1379 1272 1450 ὑπενεγκεῖν
1303 1383 1555 1450 ἅπαντας
1576 1389 1702 1452 τοὺς
1725 1388 1919 1457 λόγους

320 1470 529 1524 αὐτοῦ·
562 1471 699 1526 διότι
734 1472 863 1527 τάδε
894 1471 1044 1543 λέγει
1083 1474 1297 1546 Ἀμώς
1327 1477 1415 1531 Ἐν
1450 1478 1698 1550 ῥομφαίᾳ
1732 1479 1919 1537 τελευ-

318 1561 483 1633 τήσει
522 1562 831 1635 Ίεροόοὰμ,
854 1567 882 1620 ὁ
918 1567 976 1621 δε
991 1569 1208 1639 Ἰσραὴλ
1240 1570 1585 1641 αἰχμάλωτος
1616 1571 1920 1645 ἀχθήσεται

317 1656 433 1710 ἀπὸ
464 1659 568 1726 τῆς
596 1657 700 1727 γῆς
725 1657 913 1712 αὐτοῦ.
939 1660 1050 1713 Καὶ
1079 1656 1232 1715 εἶπεν
1257 1662 1523 1732 Ἀμασίας
1547 1663 1684 1735 πρὸς
1711 1666 1913 1737 Ἀμὼςο

328 1746 392 1799 'O
419 1748 564 1817 ὀρῶν
606 1747 793 1818 βάδιζε
824 1750 889 1803 ὲκ
929 1750 1115 1822 χώρας
1149 1752 1231 1815 εἰς
1274 1752 1379 1822 γῆν
1423 1752 1616 1820 Ἰούδα,
1657 1759 1753 1809 καὶ
1799 1757 1919 1810 ἐκεῖ

2028 568 2126 621 dos
2151 574 2337 620 autem
2362 564 2549 629 Bethel
2580 565 2826 620 Amasias
2889 565 3167 634 propheta:
3194 565 3386 621 dentes
3411 572 3614 621 contri-

2029 659 2129 723 vit,
2158 672 2318 726 quem
2354 668 2538 726 postea
2570 658 2636 711 ad
2666 655 2953 711 Jeroboam
3004 672 3186 728 regem
3228 658 3394 714 Israel
3446 661 3611 726 misit,

2025 765 2149 805 cum
2196 751 2301 805 hoc
2344 751 2578 805 nuntio:
2622 769 2640 801 ‹
2681 749 3100 819 Conjurationes
3156 749 3289 807 facit
3324 762 3513 808 contra
3563 764 3615 808 te

2025 842 2195 898 Amos
2242 843 2294 897 in
2344 843 2524 898 medio
2576 843 2770 898 domus
2824 840 3018 907 Israel,
3069 858 3178 897 non
3229 846 3427 914 poterit
3468 855 3613 899 terra

2024 933 2252 990 suﬂ‘erre
2305 949 2497 990 omnes
2550 949 2831 991 sermones
2887 934 3024 1004 ejus.
3103 937 3239 1005 Quia
3302 939 3416 991 haec
3480 937 3614 991 dicit

2024 1029 2191 1083 Amos
2223 1045 2237 1083 :
2274 1027 2331 1082 In
2359 1028 2539 1098 gladio
2574 1028 2840 1082 morietur
2871 1027 3184 1093 Jeroboam,
3219 1039 3274 1083 et
3317 1028 3483 1084 Israel
3528 1043 3613 1083 ca-

2024 1118 2202 1187 ptivus
2250 1118 2479 1175 ducetur
2520 1124 2587 1175 de
2634 1130 2780 1176 terra
2814 1137 2932 1178 sua.
2969 1123 3036 1177 Et
3086 1123 3223 1178 dixit
3260 1124 3513 1178 Amasias
3543 1125 3612 1178 ad

2022 1210 2189 1264 Amos
2223 1228 2236 1265 :
2276 1208 2505 1276 Videns,
2549 1210 2707 1276 vade,
2758 1213 2982 1269 discede
3025 1226 3080 1268 tu
3132 1216 3187 1269 in
3217 1224 3416 1269 terram
3446 1213 3606 1282 Juda,

2022 1308 2077 1355 et
2108 1300 2217 1356 illic
2250 1300 2392 1368 vive,
2428 1311 2485 1356 et
2523 1301 2632 1357 illic
2678 1303 3056 1373 prophetabis;
3090 1305 3146 1359 in
3202 1304 3390 1359 Bethel
3426 1314 3611 1358 autem

2024 1408 2129 1449 non
2188 1394 2328 1449 ultra
2379 1394 2604 1462 adjicies
2661 1396 3011 1465 prophetare,
3063 1395 3190 1464 quia
3249 1395 3610 1453 sanctiﬁcatio

2022 1486 2165 1556 regis
2203 1494 2306 1550 est,
2337 1493 2392 1540 et
2421 1486 2615 1541 domus
2654 1486 2805 1556 regni
2831 1496 2934 1540 est.
2969 1486 3037 1540 Et
3080 1486 3413 1555 respondens
3441 1487 3609 1538 Amos

2022 1579 2157 1633 dixit
2187 1577 2255 1632 ad
2283 1578 2562 1633 Amasiam
2593 1596 2609 1633 :
2640 1578 2757 1633 Non
2797 1593 2948 1633 eram
2978 1579 3248 1648 pr0pheta
3275 1593 3399 1647 ego,
3431 1592 3607 1645 neque

2023 1667 2165 1722 filius
2195 1668 2473 1738 prophetae
2498 1684 2513 1733 ;
2544 1669 2638 1722 sed
2667 1668 2833 1736 opilio
2859 1684 3032 1735 eram,
3066 1670 3325 1724 vellicans
3350 1683 3605 1738 sycomo-

2021 1773 2142 1827 ros;
2172 1766 2226 1813 et
2267 1759 2561 1828 assumpsit
2601 1773 2689 1813 me
2718 1758 2977 1814 Dominus
3019 1762 3085 1815 ab
3117 1760 3329 1814 ovibus.
3371 1760 3437 1814 Et
3467 1760 3605 1814 dixit

317 1839 619 1905 καταϐίου,
672 1841 767 1893 καὶ
817 1842 934 1894 ἐκεῖ
986 1843 1411 1914 προφητεύσεις.
1459 1846 1555 1908 Εἰς
1608 1846 1663 1900 δὲ
1714 1846 1902 1919 Βαιθὴ]

2022 1847 2286 1905 Dominus
2310 1851 2375 1903 ad
2415 1863 2541 1903 me:
2576 1847 2729 1904 Vade
2763 1858 2817 1903 et
2847 1851 3108 1919 propheta
3156 1865 3317 1918 super
3351 1851 3605 1919 populum

317 1930 516 1991 οὐκέτι
553 1931 629 2004 μὴ
676 1931 926 2003 προσθῇς
956 1933 1054 1985 τοῦ
1094 1933 1509 2005 προφητεῦσαι,
1547 1937 1629 1990 ὃτι
1670 1937 1916 2010 ἀγίασμα

324 2022 601 2093 βασιλέως
631 2026 771 2090 ἐστὶ,
803 2026 895 2078 καὶ
924 2020 1073 2089 οἶκος
1101 2025 1366 2095 βασιλέως
1389 2027 1505 2080 ὲστί
1561 2029 1659 2082 καὶ
1685 2028 1918 2102 ἀπεκρί-

322 2113 395 2183 θη
435 2114 641 2185 Ἀμὼς,
675 2116 772 2168 καὶ
811 2112 931 2173 εἶπε
974 2116 1111 2188 πρὸς
1149 2116 1437 2189 Ἀμασίαν,
1467 2112 1582 2170 Οὐκ
1608 2118 1753 2191 ἤμην
1786 2137 1917 2192 προ-

318 2208 505 2279 φήτης
526 2206 662 2275 ἐγὼ,
691 2207 815 2261 οὐδὲ
846 2209 963 2272 υἱὸς
995 2210 1304 2281 προφήτου,
1329 2211 1444 2264 ἀλλ’
1478 2211 1703 2265 αἰπόλος
1741 2212 1912 2284 ήμην,

311 2295 519 2360 κνίζων
551 2297 854 2369 συκάμινα,
894 2298 987 2352 καὶ
1028 2298 1256 2351 ἀνέλαϐε
1300 2302 1506 2372 Κύριος
1535 2305 1601 2356 έκ
1638 2302 1747 2356 τῶν
1786 2321 1911 2375 προ-

311 2386 518 2443 ϐάτων.
570 2390 680 2443 Καὶ
712 2385 838 2444 εἷπε
894 2391 1100 2463 Κύριος
1137 2393 1276 2464 πρός
1308 2409 1400 2463 με,
1425 2394 1640 2460 Βάδιξε,
1696 2397 1911 2466 προφή-

310 2496 508 2533 τευσον
538 2480 634 2533 ἐπὶ
663 2479 755 2533 τὸν
777 2481 906 2536 λαόν
944 2499 1048 2552 μου
1084 2483 1176 2543 τὸν
1214 2483 1450 2554 Ἰσραήλ.
1495 2502 1514 2534 ι
1558 2483 1804 2555 Εῖληπτο
1839 2485 1906 2556 δὴ

2021 1955 2200 1995 meum
2237 1941 2402 1996 Israel
2426 1941 2493 1995 θ’.
2535 1959 2554 1992 ι
2587 1942 2913 2011 Assumptus
2947 1952 3030 1997 est
3059 1942 3221 2011 igitur
3248 1943 3313 1996 de
3344 1943 3605 2011 gregibus

2018 2031 2223 2095 ovium,
2261 2042 2315 2086 et
2357 2034 2702 2102 prophetavit
2745 2033 2798 2087 iu
2841 2032 3048 2099 Bethel,
3103 2032 3193 2087 ubi
3243 2034 3494 2102 deposuit
3534 2034 3608 2087 vi-

2019 2122 2190 2176 tulum
2246 2137 2474 2177 aureum
2515 2124 2722 2193 primus
2763 2122 3076 2189 Jcroboam,
3134 2125 3277 2178 ﬁlius
3316 2124 3490 2178 Nabat
3534 2126 3603 2178 ⁸³.

2018 2214 2157 2269 Puto
2190 2215 2290 2270 hoc
2325 2216 2492 2269 etiam
2526 2231 2705 2285 operte
2743 2217 2972 2285 pretium
3017 2217 3181 2278 scire,
3210 2216 3375 2270 alium
3436 2214 3606 2268 fuisse

2017 2305 2209 2369 Amos,
2237 2316 2446 2376 patrem
2488 2307 2661 2363 Isaiae.
2699 2308 2840 2376 Quid
2883 2316 3062 2362 autem
3114 2316 3169 2362 et
3211 2320 3375 2376 super
3404 2307 3605 2374 Quibus

2020 2405 2135 2452 toto
2165 2398 2307 2453 libro
2332 2401 2692 2470 prophetarit,
2720 2401 2786 2455 ad
2825 2400 3165 2471 propositum
3203 2400 3471 2470 aggressi,
3504 2412 3604 2467 pro

2018 2488 2274 2546 facultate
2295 2493 2819 2549 demonstrabimus.

307 2566 403 2629 οὖν
435 2572 501 2623 ἐκ
534 2571 827 2643 ποιμνίων.
868 2573 963 2632 καὶ
1000 2575 1376 2645 προεφήτευεν
1414 2575 1474 2626 ὲν
1514 2573 1744 2645 Βαιθὴλ,
1773 2576 1833 2629 ὲν
1872 2571 1907 2651 ᾖ
1942 2578 2038 2631 καὶ
2102 2579 2340 2651 δάμαλιν
2394 2582 2629 2635 ἀπέθετο
2669 2587 2879 2655 χρυσῆν
2925 2587 2953 2638 ὁ
2989 2584 3210 2657 πρῶτος
3249 2580 3535 2653 Ἱεροϐοὰμ
3572 2583 3602 2633 ό

307 2664 503 2723 Ναϐὰτ
538 2665 677 2727 υἱός.
724 2667 1205 2739 Ἐπισημήνασθαι
1268 2668 1324 2723 δὲ
1371 2669 1593 2727 κάκεῖνο
1640 2665 1795 2740 οἶμαί
1832 2687 1938 2726 που
2013 2677 2303 2746 χρήσιμον,
2352 2677 2427 2741 ὡς
2472 2677 2663 2749 ἕτερος
2708 2678 2776 2748 ἦν
2829 2680 3013 2749 Ἀμὼς
3049 2682 3078 2733 ὁ
3124 2679 3348 2733 Ἡσαΐου
3389 2678 3598 2747 πατήρ.

306 2757 469 2820 Τίνες
506 2773 571 2825 γε
610 2758 719 2828 μὴν
749 2758 845 2811 καὶ
879 2760 971 2811 ἐπὶ
1001 2758 1145 2813 τίσιν
1209 2758 1347 2822 ὅλως
1378 2761 1428 2815 οἱ
1494 2760 1627 2832 παρ’
1664 2761 1831 2820 αὐτοῦ
1908 2765 2164 2834 γεγόνασι
2203 2767 2372 2837 λόγοι,
2399 2768 2507 2822 τῶν
2582 2772 2963 2841 προκειμένων
3009 2772 3279 2843 ἁψάμενοι
3316 2769 3601 2842 σαφηνιού-

306 2869 409 2925 μεν
449 2851 529 2914 ὡς
564 2850 667 2904 ἕνι.

631 2975 1020 3067 ΤΟΜΟΣ
1094 2977 1571 3064 ΠΡΩΤΟΣ.

927 3133 1181 3186 ΚΕΦΑΛ.
1211 3135 1290 3189 Α’.

371 3232 559 3317 Λόγοι
618 3246 838 3316 Ἆμὼς,
893 3246 952 3300 οἳ
1000 3246 1285 3316 ἐγένοντο
1330 3248 1402 3303 ἐν
1461 3249 1770 3319 Ἀκκαρείμ
1828 3248 1899 3303 ἐκ

297 3338 550 3403 Θεκουὲ,
576 3336 685 3404 οὓς
716 3337 845 3391 ιδεν
874 3338 1028 3407 ὑπὲρ
1090 3338 1501 3410 Ἰερουσαλὴμ,
1542 3341 1612 3395 ἐν
1652 3340 1901 3411 ἡμέραις

308 3428 508 3490 ὀζῗου
526 3428 842 3496 βασιλέως
864 3429 1075 3495 Ἰούδα,
1096 3432 1194 3485 καὶ
1214 3432 1284 3485 ἐν
1302 3431 1553 3502 ἡμέραις
1585 3420 1896 3502 Ἱεροϐοάμ,

291 3520 437 3576 υιοῦ
477 3520 638 3588 Ἰωὰς
652 3521 963 3589 ,βασιλέως
983 3521 1091 3577 τοῦ
1127 3520 1395 3590 Ἰσραὴλ,
1442 3523 1559 3592 πρὸ
1599 3523 1709 3578 δύο
1746 3522 1900 3577 ἐτῶν

290 3612 407 3667 τοῦ
438 3612 724 3683 σεισμοῦ.

368 3706 449 3759 B'.
488 3723 507 3757 ι
533 3705 702 3774 Λόγοι
768 3706 970 3775 Ἀμὼς,
1003 3706 1053 3760 οἳ
1087 3707 1337 3775 ἐγένοντο
1368 3707 1426 3760 ὲν
1476 3705 1787 3781 Ἀκκαρεὶμ
1830 3708 1898 3762 ὲκ

289 3799 528 3864 Θεκουὲ,
563 3799 658 3864 οὒς
692 3794 835 3853 εἶδεν
884 3799 1030 3868 ὑπὲρ
1069 3797 1449 3871 Ἰερουσαλήμ.
1478 3800 1687 3868 imitat,
1717 3803 1903 3873 φησὶν,

303 3891 497 3961 Ἀμὼς
522 3890 617 3944 τοῦ
649 3890 715 3945 ὲκ
761 3890 965 3945 Θεκουὲ
1015 3891 1117 3961 τῆς
1152 3891 1493 3964 προφητείας
1538 3892 1589 3943 οἱ
1621 3890 1769 3960 λόγοι
1794 3929 1808 3953 ,
1843 3890 1893 3944 οἳ

288 3979 558 4051 γεγόνασι
588 3983 648 4036 ὲν
691 3983 1020 4054 Ἀκκαρείμ.
1073 3981 1268 4036 ’ἰστέον
1308 3984 1385 4043 δὲ.
1416 3984 1498 4035 ὅτι
1556 3982 1654 4054 τὴν
1683 3984 1893 4036 τοιάνδε

287 4070 464 4137 λέξιν,
511 4074 635 4143 ἢτοι
666 4073 728 4126 τὸ
760 4091 778 4124 ι
808 4073 866 4127 ὲν
898 4074 1225 4145 Ἀκκαρεὶμ,
1248 4092 1265 4125 ι
1306 4074 1406 4127 οὐκ
1440 4068 1581 4127 οἶδεν
1613 4074 1750 4137 ὅλως
1787 4074 1894 4128 τῶν

297 4161 580 4235 Ἐϐραίων
604 4164 637 4234 ἡ
666 4163 899 4226 ἔκδοσις.
926 4164 1103 4218 Μόνον
1126 4165 1236 4236 γὰρ
1277 4165 1535 4236 εἰρήκασι
1568 4166 1651 4228 τὸ,
1700 4185 1718 4218 ι
1742 4166 1892 4235 λόγοι

299 4254 493 4326 Ἀμὼς
518 4257 584 4308 ὲκ
609 4254 835 4309 Θεκουὲ.
863 4275 881 4307 ι
906 4256 972 4309 Οἴ
985 4272 1048 4324 γε
1079 4255 1185 4327 μὴν
1215 4256 1392 4327 ἕτεροι
1433 4257 1541 4309 τῶν
1564 4258 1894 4328 ἑρμηνευόν-

283 4365 404 4403 των
450 4348 577 4401 ἀντὶ
622 4347 733 4402 τῶν
767 4367 784 4399 ι
805 4349 863 4401 ὲν
905 4348 1213 4419 Ἀκκαρεὶμ
1237 4368 1255 4401 ι
1288 4349 1597 4403 τεθείκασιν
1620 4391 1635 4415 ,
1666 4352 1737 4404 ἐν
1766 4350 1891 4417 τοῖς

283 4436 968 4509 κτηνοτροφείοις.οὗτοι
984 4439 1162 4492 τοίνυν
1174 4443 1220 4493 οἱ
1233 4440 1379 4508 λόγοι
1396 4442 1453 4496 Ἀ
1463 4439 1579 4512 μὼς
1594 4442 1657 4495 ὲκ
1667 4440 1889 4508 Θεκουὲ,

2310 2985 2719 3078 TOMUS
2805 2988 3300 3078 PRIMUS.

2687 3136 2840 3192 CAP.
2884 3137 2921 3194 Ι.

2080 3248 2242 3305 Vsus.
2278 3249 2332 3305 1.
2366 3248 2640 3305 Sermones
2671 3252 2855 3318 Amos,
2885 3253 2974 3323 qui
3006 3254 3135 3319 facti
3172 3260 3293 3306 sunt
3345 3269 3395 3306 tu
3426 3253 3592 3308 Acca-

2006 3341 2106 3394 rim
2133 3358 2199 3395 ea:
2227 3341 2268 3394 Τ
2270 3342 2449 3406 Itecue,
2479 3358 2608 3413 quos
2632 3344 2762 3397 vidit
2792 3360 2948 3413 super
2963 3342 3260 3398 Jerusalem
3310 3345 3363 3398 in
3414 3346 3595 3400 diebus

2010 3431 2156 3487 Ozia:
2187 3434 2320 3502 regis
2338 3432 2507 3498 Juda,
2532 3445 2579 3487 et
2606 3436 2661 3487 in
2695 3433 2879 3488 diebus
2909 3434 3192 3489 :feroboam
3213 3437 3313 3506 ﬁlii
3339 3436 3471 3492 Joas
3515 3454 3596 3492 re-

2004 3526 2082 3594 gis
2122 3523 2312 3591 Israel,
2349 3535 2471 3580 ante
2496 3528 2627 3580 duos
2656 3542 2821 3580 annos
2844 3537 3005 3591 terrm.
3032 3536 3224 3584 motus.

2074 3702 2136 3758 II.
2173 3723 2191 3754 ι
2216 3702 2509 3760 Sermones
2538 3706 2725 3771 Amos,
2744 3705 2835 3774 qui
2863 3704 2990 3760 facti
3022 3714 3145 3760 sunt
3169 3706 3221 3759 in
3248 3705 3497 3759 Accarim
3525 3720 3589 3760 ex

2004 3793 2242 3859 Thecue,
2279 3808 2413 3862 quos
2464 3793 2597 3848 vidit
2627 3808 2789 3864 super
2812 3792 3137 3849 Jerusalem.
3176 3812 3194 3846 ι
3225 3793 3291 3848 Hi
3318 3803 3463 3860 sunt,
3508 3794 3591 3847 in-

2002 3884 2141 3954 quit,
2173 3899 2456 3942 sermones
2510 3888 2811 3956 prophetici
2859 3889 3025 3944 Amos
3090 3885 3446 3952 Thecuensis,
3497 3888 3591 3955 qui

2002 3978 2129 4031 facti
2178 3986 2303 4032 sunt
2355 3978 2405 4031 in
2462 3979 2733 4033 Accarim.
2796 3978 3089 4035 Sciendum
3135 3988 3219 4034 est
3279 3975 3590 4046 hujusmodi

2003 4084 2208 4132 vocem,
2248 4086 2267 4120 ι
2311 4071 2365 4124 in
2418 4071 2690 4147 Agcarim,
2762 4088 2780 4122 ι
2821 4071 2889 4124 ab
2951 4070 3299 4125 Hebraeorum
3354 4069 3593 4123 editione

2002 4176 2226 4232 prorsus
2251 4162 2463 4230 abesse,
2506 4164 2557 4217 in
2580 4178 2685 4232 qua
2703 4172 2911 4219 tantum
2943 4170 3025 4216 est
3065 4161 3150 4216 his
3187 4159 3388 4226 verbis,
3416 4178 3435 4211 ι
3469 4174 3590 4214 ser-

2002 4269 2191 4309 mones
2220 4256 2385 4310 Amos
2429 4270 2495 4309 ex
2536 4254 2777 4310 Thecue.
2806 4274 2825 4308 ι
2861 4254 2966 4309 Alii
2988 4256 3316 4323 interpretes
3339 4267 3491 4321 pro,¢
3535 4252 3587 4304 in

2000 4348 2274 4414 Accarim,
2312 4367 2333 4401 ι
2394 4358 2711 4419 posuerunt,
2771 4349 2831 4402 ὲν
2881 4344 3344 4417 κτηνοτροφείοις,
3395 4344 3445 4398 id
3481 4354 3586 4406 est,

2002 4437 2136 4495 locis
2196 4441 2287 4495 ubi
2338 4448 2581 4494 armenta
2634 4454 2729 4494 seu
2776 4438 3026 4506 jumeuta
3080 4444 3399 4506 pascuntur.
3450 4433 3588 4488 Sunt

283 4531 519 4595 οἵτινες
544 4530 837 4600 γεγόνασιν
872 4533 930 4584 ὲν
963 4530 1143 4603 καιρῷ
1174 4530 1270 4584 τοῦ
1301 4532 1638 4602 ποιμαίνειν,
1677 4533 1772 4586 ἐπὶ
1796 4534 1892 4587 καὶ

2009 4532 2166 4601 igitur
2186 4533 2238 4587 hi
2269 4546 2551 4587 sermones
2589 4531 2758 4587 Amos
2791 4545 2859 4585 ex
2888 4531 3123 4596 Thecue,
3159 4543 3252 4584 seu
3299 4526 3586 4581 Thecuen-

281 4624 487 4686 αὑταῖς
510 4624 620 4677 τῶν
670 4622 965 4694 προϐάτων
1006 4622 1218 4685 αὐλαῖς.
1263 4622 1436 4694 Ὑπὲρ
1482 4623 1539 4676 δὲ
1581 4623 1752 4695 αὐτῆς
1793 4626 1893 4697 τῆς

292 4717 473 4790 Ἰερου
483 4717 668 4787 σαλὴμ
687 4718 789 4770 οὐκ
821 4716 1054 4770 ἀκούσαι
1088 4716 1272 4787 μόνον,
1296 4716 1411 4770 ἀλλ’
1430 4716 1736 4788 ἑωρακέναι
1757 4719 1892 4789 φησὶ

280 4810 417 4874 τοὺς
436 4808 653 4878 λόγους.
681 4809 929 4881 Ἐμφανῆ
951 4808 1061 4880 γὰρ
1082 4810 1194 4873 τοῖς
1220 4809 1530 4880 προφήταις
1552 4810 1889 4879 κατέστησεν

280 4905 311 4958 ὁ
344 4903 485 4966 Θεὸς
517 4901 655 4973 όμοῦ
692 4904 813 4965 ταῖς
859 4901 1241 4972 ἀποκαλύψεσι
1298 4902 1583 4971 μονονουχὶ
1625 4902 1721 4954 καὶ
1748 4901 1888 4956 αὐτὰ

279 4996 538 5068 παρόντα
561 4994 631 5048 τὰ
659 4994 984 5066 πράγματα,
1016 4993 1158 5046 ὥστε
1190 4993 1366 5045 δοκεῖν
1400 4994 1493 5046 καὶ
1522 4995 1654 5064 όρᾷν
1671 4993 1737 5045 αὑ
1760 4993 1885 5056 τοὺς

279 5087 385 5157 ήδη
418 5085 551 5155 πρὶν
573 5084 830 5153 γενέσθαι
860 5084 987 5147 τοὺς
1005 5083 1217 5151 λόγους,
1245 5081 1577 5153 συνθεούσης
1612 5082 1755 5153 τάχα
1779 5099 1883 5135 που

278 5180 387 5247 τῆς
418 5177 532 5231 τῶν
570 5176 965 5247 ἐκϐησομένων
989 5175 1140 5239 θέας,
1176 5174 1257 5238 οἷς
1289 5174 1355 5228 ἂν
1388 5174 1521 5245 λέγῃ
1553 5174 1707 5239 Θεός.
1736 5175 1884 5247 Πλὴν

278 5271 469 5323 ἐκεῖνο
497 5269 783 5340 ζητήσεως
814 5268 985 5333 ἄξιον,
1019 5268 1135 5332 πῶς
1158 5267 1269 5337 γὰρ
1290 5265 1354 5319 ἄν
1380 5282 1463 5328 τις
1493 5265 1698 5338 οἰηθείη
1725 5267 1881 5336 γενέ-

280 5366 413 5416 σθαι
446 5363 575 5425 τοὺς
606 5361 801 5429 λόγους
831 5362 972 5431 ὑπέρ
1008 5379 1072 5430 γε
1123 5360 1226 5430 τῆς
1274 5359 1627 5431 Ἰερουσαλὴμ
1679 5360 1841 5431 μόνον
1864 5400 1880 5425 ,

277 5454 468 5509 καίτοι
506 5453 595 5508 διὰ
624 5454 723 5525 τῆς
756 5452 923 5507 αὑτοῦ
955 5452 1046 5506 τοῦ
1084 5452 1364 5523 προφήτου
1384 5451 1571 5522 φωνῆς
1594 5454 1881 5507 καταιτιᾶ-

274 5566 374 5602 ra:
405 5548 541 5610 Θεὸς
575 5548 666 5600 τόν
691 5563 753 5599 τε
797 5546 1000 5599 Ἰούδαν
1026 5547 1120 5598 καὶ
1148 5544 1240 5598 τὸν
1297 5544 1545 5615 Ἰσραήλ;
1604 5543 1748 5615 Ἔφη
1771 5545 1879 5616 γὰρ

276 5641 482 5703 *πάλινἰ
537 5640 619 5693 ὅτι
670 5658 687 5691 ι
731 5638 873 5692 Τάδε
904 5636 1055 5706 λέγει
1112 5636 1339 5708 Κύριος·
1380 5636 1504 5690 Ἐπὶ
1532 5639 1653 5700 ταῖς
1700 5638 1880 5707 τρισὶν

349 5807 395 5845 ⁹¹
428 5819 597 5881 Amos
622 5835 721 5886 vlt,
763 5819 821 5883 9.,

1991 4624 2092 4689 sis,
2115 4625 2207 4694 qui
2237 4625 2365 4680 facti
2399 4632 2546 4690 sunt,
2567 4639 2674 4694 quo
2701 4633 2942 4693 tempore
2963 4623 3137 4677 adhuc
3161 4631 3433 4690 pastorem
3465 4632 3587 4687 age~

1989 4717 2102 4783 bat,
2136 4717 2276 4772 etin
2314 4717 2449 4785 ipsis
2492 4717 2676 4771 ovium
2714 4715 2940 4771 stabulis
2987 4715 3100 4769 sive
3156 4713 3348 4781 septis.
3410 4710 3586 4779 Super

1990 4810 2109 4880 ipsa
2146 4818 2328 4863 autem
2357 4806 2662 4863 Jerusalem
2692 4824 2797 4864 non
2857 4807 3075 4861 audisse
3107 4815 3314 4860 tantum
3370 4818 3583 4857 sermo-

1988 4915 2108 4967 nes,
2132 4901 2227 4955 sed
2249 4897 2415 4971 248
2435 4899 2708 4954 etvidisse
2736 4914 2795 4954 se
2826 4898 2977 4953 dicit.
3034 4898 3176 4953 Deus
3226 4896 3424 4965 quippe
3456 4907 3582 4963 pro-

1999 4993 2176 5063 phetis
2204 5008 2310 5048 una
2354 5008 2477 5048 cum
2525 4992 2948 5049 revelationibus
2998 5006 3087 5047 res
3137 4990 3477 5053 manifeSIas,
3527 4995 3585 5041 et

1994 5094 2203 5139 tantum
2229 5100 2335 5140 non
2370 5093 2666 5155 praesentes
2690 5083 2840 5151 facit,
2872 5092 2931 5139 ut
2952 5084 3140 5139 videre
3165 5082 3268 5139 sibi
3296 5080 3581 5135 videantur

1991 5191 2293 5242 sermones,
2353 5188 2643 5247 antequam
2700 5176 2851 5241 ﬁant,
2907 5183 3268 5231 concurrente
3332 5168 3578 5226 fortassis

1992 5278 2283 5324 eventuum
2323 5268 2630 5324 futurorum
2658 5268 2774 5321 visu
2816 5283 2939 5322 cum
2980 5268 3067 5323 his
3101 5279 3220 5334 quae
3253 5262 3393 5316 Deus
3419 5258 3575 5313 dixe-

1990 5362 2086 5416 rit.
2114 5361 2381 5417 Caeterum
2406 5362 2536 5416 illud
2560 5362 2860 5432 quaestione
2874 5361 3114 5431 dignum,
3141 5352 3410 5426 quomodo
3459 5349 3577 5406 exi-

1990 5454 2319 5509 stimandum
2357 5453 2528 5509 factos
2586 5468 2712 5509 esse
2739 5466 3017 5509 sermones
3049 5462 3210 5518 super
3276 5441 3573 5500 Jerusalem

1991 5547 2190 5612 solum,
2221 5560 2344 5601 cum
2379 5557 2560 5603 tamen
2580 5561 2716 5603 voce
2749 5544 2918 5615 ipsius
2965 5541 3241 5612 propheta:
3283 5535 3474 5592 Judam
3519 5542 3577 5591 et

1992 5636 2155 5696 Israel
2227 5639 2369 5697 Deus
2421 5641 2675 5699 accuset?
2734 5640 2823 5695 Ait
2856 5638 2999 5696 enim
3040 5632 3371 5700 infra:Quia
3407 5648 3425 5682 ι
3460 5629 3579 5690 luce

924 5821 971 5853 "
1004 5819 1141 5876 Ibid.
1174 5817 1357 5875 10-15.
1436 5819 1483 5852 ⁸³
1535 5818 1597 5874 Ill
1630 5818 1762 5890 Reg.
1795 5835 1893 5888 xu,
1933 5819 2024 5880 29.
