4054 6450
305 358 420 426 413

1275 356 1824 418 COMMENTARIUS
1864 357 1931 412 ΙΝ
1972 355 2156 413 AMOS
2196 355 2645 413 PROPHETAM.

3508 366 3617 420 ιιι

308 477 584 551 βασιλέως
605 474 849 546 Ἰσραήλ,
871 469 972 546 πρὸ
1000 473 1091 528 δύο
1119 474 1256 527 ὲτῶν
1288 474 1381 527 τοῦ
1410 470 1657 542 σεισμοῦ.
1698 490 1716 523 ι
1741 469 1895 530 Ἀλλ’,

2004 474 2121 544 jam
2148 470 2581 525 nominatorum'
2616 480 2863 541 tempora
2916 470 3319 543 indagaverint,
3347 473 3495 533 Ozias
3530 480 3613 533 vi-

300 566 487 640 οἴμαι,
513 566 601 631 τὶς
650 567 789 637 ἐρεῖ,
821 566 934 619 Καὶ
963 564 1016 617 τί
1055 564 1116 618 τὸ
1146 563 1332 616 τελοῦν
1362 564 1442 626 εἰς
1475 562 1663 632 ὄνησιν
1690 562 1802 623 τοῖς
1818 561 1907 613 ὲν-

299 659 658 731 τευξομένοις
678 658 739 711 τὸ
775 658 975 730 χρῆναι
1012 654 1495 728 περιεργάζεσθαι,
1550 653 1645 707 καὶ
1699 652 1908 723 σφόδρα

299 754 523 817 λεπτῶς
544 754 646 823 τῆς
677 751 953 823 βασιλείας
983 752 1109 815 τοὺς
1131 750 1356 820 χρόνους
1391 747 1503 801 τῶν
1535 746 1738 818 ἀρτίως
1771 746 1907 799 ὠνο-

302 846 633 919 μασμένων,
678 845 859 910 Ὀζίου
916 861 999 911 τε,
1052 843 1216 913 φημὶ,
1269 841 1365 894 καὶ
1396 840 1576 910 μέντοι
1608 838 1704 892 καὶ
1744 838 1907 907 Ἰερο-

300 939 490 1009 ϐοάμ;
522 939 633 990 Καὶ
656 937 796 1007 πρός
834 952 899 1004 γε
947 935 1011 1006 δὴ
1055 932 1213 987 τοῦτό
1261 948 1461 1001 φαμεν,
1497 928 1666 984 ὅτιτὸ
1715 928 1908 1000 χρῆμά

300 1032 458 1084 ἐστιν
502 1030 828 1098 ἀναγκαῖον,
862 1028 989 1098 ὅλην
1029 1026 1219 1096 ὥσπερ
1249 1024 1439 1079 ὼδῖνον
1477 1021 1780 1093 ἐφ”ἑαυτῷ
1806 1023 1905 1092 τῆς

296 1122 652 1195 προφητείας
684 1120 850 1174 οἱονεὶ
871 1119 968 1191 τὴν
1008 1118 1350 1190 περίστασιν.
1374 1115 1545 1186 Συρία
1566 1132 1623 1168 τε
1646 1115 1777 1187 γὰρ,
1812 1113 1905 1167 καὶ

295 1212 608 1284 Δαμασκῷ,
638 1212 733 1266 καὶ
780 1214 895 1275 τοῖς
939 1209 1296 1283 προσοικοῦσι
1340 1208 1437 1280 τὴν
1475 1206 1735 1263 Ἰουδαίαν
1760 1207 1905 1275 Βαρι-

294 1303 497 1374 ϐάροις
526 1301 751 1373 ὄλεθρον
806 1301 1041 1364 ἀπειλεῖ,
1074 1300 1168 1354 καὶ
1196 1299 1619 1362 ἐπαναστάσεις,
1660 1298 1756 1351 καὶ
1800 1298 1903 1367 ὲμ-

296 1394 620 1465 πρησμοὺς,
643 1393 739 1445 καὶ
767 1391 879 1445 τῶν
909 1391 1073 1444 ὁσίων
1119 1389 1615 1463 χρησμῳδημόιτων
1655 1386 1906 1441 ἐντεῦθεν

296 1485 455 1556 αὑτῷ
503 1484 731 1553 γέγονεν
782 1485 817 1555 ἡ
880 1484 1043 1556 ἀρχή.
1082 1485 1175 1536 Δεῖ
1206 1482 1269 1554 δὴ
1319 1478 1411 1535 οὖν
1442 1482 1552 1553 ἄρα
1594 1480 1694 1544 τὰς
1722 1479 1903 1542 αἰτίας

293 1577 607 1649 ἀναμαθεῖν
668 1576 764 1631 τοῦ
820 1575 1239 1646 προστεθεῖσθαι
1298 1576 1397 1645 τῆς
1456 1572 1736 1644 βασιλείας
1778 1571 1905 1635 τοὺς

292 1671 549 1743 χρόνους,
580 1668 705 1724 τίνα
727 1686 811 1735 τε,
842 1668 937 1723 καὶ
966 1671 1065 1723 ὅσα
1084 1668 1153 1722 τὰ
1173 1668 1422 1739 ἑκατέρῳ
1450 1664 1862 1737 κατωρθωμένα
1887 1704 1903 1730 ,

289 1764 486 1819 διεϐίω
504 1782 565 1818 τε
592 1765 763 1830 ὅπως,
787 1763 882 1818 καὶ
902 1764 957 1818 τί
982 1764 1044 1817 τὸ
1075 1765 1132 1818 ὲν
1163 1764 1368 1835 ἀμφοῖν
1393 1760 1894 1835 άξιάκουστον.⁹Εκ-

2010 563 2206 618 delicet
2235 572 2293 617 et-
2309 560 2601 620 Jeroboam
2622 562 3083 635 Hlespondemus
3112 584 3126 621 :
3160 567 3310 623 lslud
3360 584 3611 627 necessa-

2010 654 2152 708 rium
2178 668 2319 721 esse,
2354 664 2411 710 et
2445 656 2597 725 quasi
2625 658 2807 712 omnia
2838 658 3223 727 adjuncta,seu
3248 662 3613 719 circumstan-

2013 745 2117 801 tias
2140 746 2439 816 prophetia:
2460 749 2762 803 continere.
2791 748 2963 820 Syriae
2984 750 3155 817 enim,
3209 761 3266 807 et
3308 753 3602 821 Damasco,

2009 851 2065 898 et
2091 842 2458 913 circumjectis
2479 840 2677 899 ludam
2720 843 2970 900 barbaris
3012 847 3335 913 perniciem,
3369 858 3423 903 et
3464 850 3613 904 inva-

2009 933 2209 1000 siones,
2240 945 2293 990 et
2324 935 2641 993 exustiones
2688 936 2952 1001 minatur,
2998 948 3424 1010 sanctorumque
3475 944 3613 997 vati-

2009 1026 2277 1083 ciniorum
2298 1026 2421 1081 inde
2453 1027 2782 1098 principium
2818 1030 3005 1083 sumit.
3034 1028 3444 1100 Cognoscendaa
3476 1044 3609 1088 sunt

2009 1118 2182 1189 igitur
2211 1133 2411 1187 causae,
2436 1134 2541 1175 cur
2567 1120 2719 1190 regni
2749 1129 2990 1189 tempora
3018 1124 3353 1191 apposuerit,
3388 1135 3443 1180 et
3465 1142 3611 1195 qua:-

2008 1224 2134 1262 nam
2189 1217 2244 1263 et
2268 1218 2399 1278 quot
2434 1210 2651 1281 utrique
2691 1221 2839 1267 recte
2872 1212 3034 1275 facta,
3065 1224 3117 1268 et
3140 1218 3413 1285 quomodo
3445 1220 3609 1273 vitam

2008 1300 2308 1367 exegerint.
2328 1302 2441 1356 etsi
2461 1302 2588 1371 quid
2603 1302 2667 1357 de
2692 1305 2957 1359 ambobus
2978 1306 3313 1361 auditionem
3343 1321 3605 1365 meretur.

2008 1390 2300 1463 Postquam
2338 1392 2504 1463 igitur
2525 1394 2592 1448 ad
2614 1396 2945 1462 apostasiam
2982 1396 3327 1455 deﬂuxerunt
3352 1401 3517 1458 Israel
3548 1412 3606 1458 et

2007 1479 2191 1548 Judas,
2225 1483 2409 1538 multis
2439 1484 2613 1541 modis
2648 1486 2702 1539 in
2738 1501 2833 1542 eos
2884 1488 3323 1546 animadversum
3360 1502 3463 1548 est.
3492 1494 3608 1549 Ali~

2008 1572 2224 1643 quando
2249 1577 2394 1629 enim
2426 1575 2679 1632 Damasci
2699 1587 2753 1633 et
2796 1577 2969 1651 Syriae
3014 1581 3290 1652 principes
3339 1584 3457 1641 illos
3528 1588 3607 1641 in-

2008 1675 2644 1739 cursarunt,eorumque
2692 1672 2858 1725 urbes
2906 1672 3237 1728 obsederunt
3293 1686 3347 1731 et
3394 1678 3609 1748 przedas

2008 1766 2252 1825 egerunt.
2309 1758 2615 1828 Aliquando
2664 1759 2935 1826 Moabitaa,
3006 1772 3061 1817 et
3126 1763 3372 1829 Idumaei,
3455 1767 3606 1823 Ger-

290 1854 621 1917 κεκλικότες
661 1854 726 1925 δὴ
772 1849 865 1908 οὖν
914 1855 994 1917 εἰς
1045 1854 1347 1908 ἀπόστασιν
1386 1854 1414 1907 ὃ
1448 1871 1506 1906 τε
1554 1852 1771 1925 Ἰσραὴλ
1801 1851 1895 1905 καὶ

2000 1849 2259 1918 geseniet
2312 1849 2576 1915 Elamitaz,
2655 1853 2835 1908 Azotii
2888 1863 2942 1908 et
3006 1856 3356 1911 Accaronitte
3408 1857 3606 1913 Sama-

303 1945 514 2009 Ἱούδας
546 1944 692 1999 κατὰ
713 1944 944 2008 πολλοὺς
965 1944 1315 1998 ἐπαιδεύοντο
1345 1943 1599 2016 τρόπους.
1625 1943 1763 1996 Ποτὲ
1799 1942 1899 2012 μὲν

287 2036 402 2107 γὰρ
424 2038 478 2089 oi
507 2035 829 2105 Δαμασκοῦ,
853 2036 950 2089 καὶ
981 2035 1169 2107 Σύρων
1194 2035 1329 2107 ήγού
1340 2054 1513 2106 μενοι,
1540 2035 1894 2105 κατέτρεχον,

276 2130 387 2183 ικαὶ
416 2128 777 2199 ἐπολιόρκουν
816 2128 916 2192 τὰς
965 2129 1097 2200 παρ’
1127 2128 1309 2192 αὐτοῖς
1330 2170 1345 2195 ,
1378 2128 1474 2180 καὶ
1513 2123 1898 2197 κατεληῖζοντο

286 2220 518 2291 χώρας·
584 2219 719 2273 ποτὲ
778 2220 837 2274 δὲ
894 2215 961 2275 αὖ
1018 2220 1341 2285 Μωαϐῖται,
1404 2219 1499 2273 καὶ
1562 2218 1892 2289 Ἰδουμαῖοι,

287 2312 631 2383 Γεργέσηνοί
668 2330 729 2364 τε
784 2312 880 2365 καὶ
948 2312 1254 2383 Ἑλαμῖται,
1306 2310 1557 2376 Ἀζώτιοί
1596 2328 1657 2363 τε
1694 2310 1789 2363 καὶ
1844 2309 1894 2362 οἱ

286 2406 389 2475 τῆς
434 2404 688 2477 Ἀκαρὼν
711 2407 998 2478 οἰκήτορες
1027 2406 1385 2479 κατῃκίζοντο
1410 2405 1509 2476 τὴν
1536 2404 1852 2476 Σαμάρειαν
1875 2440 1893 2470 ,

286 2501 385 2554 καὶ
420 2499 523 2570 μέν
576 2516 660 2553 τοι
716 2500 812 2553 καὶ
863 2499 962 2571 τήν
1008 2500 1180 2553 Ἰούδα
1239 2499 1553 2570 βασιλείαν,
1615 2497 1893 2568 ἀχαλίνοις

287 2594 516 2663 ὁρμαῖς,
580 2593 673 2646 καὶ
730 2592 997 2664 ἀπλήστῳ
1044 2592 1237 2665 γνώμῃ
1292 2592 1603 2665 χρώμενοι,
1668 2591 1762 2645 καὶ
1810 2591 1892 2655 εὶς

282 2684 531 2754 ἐσχάτας
579 2684 750 2754 ὀργὰς
779 2685 993 2738 ἁποταυ
1005 2685 1273 2756 ρούμενοι.
1301 2685 1413 2739 Καὶ
1441 2683 1572 2753 γοῦν
1596 2682 1739 2737 κατὰ
1769 2682 1890 2736 δια-

286 2778 495 2847 φόρους
548 2777 755 2839 τόπους
790 2777 950 2830 τοῦτο
1002 2776 1333 2849 δεδρακότας
1385 2777 1729 2848 εὑρήσομεν*
1778 2768 1891 2829 οἷον

280 2868 677 2940 βασιλεύοντος
718 2869 923 2940 Ἀχαὰϐ
971 2870 1071 2941 τῆς
1106 2870 1444 2941 Σαμαρείας,
1506 2869 1601 2923 καὶ
1652 2868 1747 2922 ἐπὶ
1800 2867 1890 2921 τὸν

298 2963 547 3035 Ἰσραήλ.
612 2963 930 3035 Γέγραπται
976 2962 1152 3028 οὕτως
1199 2967 1257 3019 ὲν
1282 2967 1348 3036 τῇ
1385 2964 1544 3037 τρίτῃ
1571 2962 1680 3018 τῶν
1724 2963 1893 3018 Βασι-

282 3056 472 3110 λειῶνο
520 3076 539 3109 ι
573 3056 687 3110 Καὶ
749 3055 1102 3129 συνήθροισεν
1160 3056 1276 3120 υίὸς
1345 3055 1500 3126 Ἀδὲρ
1558 3056 1739 3109 πᾶσαν
1788 3053 1891 3126 τὴν

280 3150 524 3221 δύναμιν
541 3148 733 3215 αὑτοῦ,
748 3148 1044 3219 καὶάνέϐη,
1062 3149 1159 3202 καὶ
1176 3146 1531 3219 περιεκάθισε
1549 3147 1887 3219 Σαμάρειαν,

281 3244 388 3296 καὶ
419 3241 725 3313 τριάκοντα
751 3241 848 3294 καὶ
876 3240 973 3295 δύο
1001 3239 1240 3311 βασιλεῖς
1276 3241 1395 3311 μετ’
1427 3239 1617 3293 αὑτοῦ.
1647 3258 1667 3292 ι
1700 3238 1893 3310 ΙἈθρει

281 3334 350 3406 δή
393 3331 513 3401 οὖν,
542 3336 627 3389 ὅτι
657 3333 1035 3397 συνασπιστὰς
1064 3334 1303 3386 ἐποιεῖτο
1327 3332 1472 3385 κατὰ
1498 3330 1595 3385 τοῦ
1630 3330 1894 3403 Ἰσραὴλό

279 3427 390 3497 τῆς
421 3425 724 3497 Δαμασκοῦ
756 3425 1029 3496 βασιλεὺς,
1061 3427 1364 3490 τουτέστιν,
1390 3427 1419 3479 ὁ
1458 3424 1635 3495 Ἀδὲρ,
1672 3424 1895 3494 ἑτέρους

277 3517 597 3588 τριάκοντα
628 3515 722 3569 δύο
779 3515 889 3570 τῶν
946 3516 1257 3587 προσοίκων
1297 3515 1470 3569 ὲθνῶν
1514 3515 1890 3586 ἡγουμένους,

278 3607 752 3679 πεπολεμηκότας
790 3606 935 3662 οὕτω
976 3608 1079 3679 τὴν
1110 3608 1237 3678 γῆν.
1277 3607 1442 3663 Ἀλλὰ
1483 3608 1580 3661 καὶ
1609 3608 1668 3660 ὲν
1712 3606 1893 3677 χρόνῳ

300 3700 465 3762 Ἰωὰς
497 3699 765 3769 βασιλέως
797 3698 973 3753 Ἰούδα
1010 3698 1363 3770 πεπολέμηκε
1392 3698 1493 3771 τὴν
1535 3698 1893 3771 Ἰερουσαλὴμ

292 3791 510 3863 ’Δζαὴλ
557 3792 586 3843 ό
624 3790 817 3861 Σύρος,
860 3791 937 3855 ὡς
985 3792 1044 3846 ὲν
1082 3793 1148 3862 τῇ
1177 3790 1415 3862 τετάρτῃ
1446 3790 1556 3845 τῶν
1590 3790 1891 3844 Βασιλειῶν

277 3885 631 3955 γέγραπται,
667 3902 687 3935 ι
718 3885 807 3937 ὅτε
831 3883 928 3937 καὶ
956 3882 1147 3936 ἔλαϐεν
1181 3884 1211 3936 ὁ
1252 3883 1406 3947 Ἰωὰς
1445 3884 1624 3938 πάντα
1639 3882 1707 3935 τὰ
1736 3883 1888 3951 ἅγια,

277 3980 387 4032 καὶ
410 3978 525 4030 πᾶν
550 3975 613 4029 τὸ
635 3976 694 4030 ἐν
721 3977 835 4039 τοῖς
874 3974 1171 4048 θησαυροῖς
1199 3976 1443 4046 χρυσίον,
1473 3977 1567 4031 καὶ
1601 3975 1890 4030 ἀπέστειλε

278 4070 367 4142 τῷ
408 4068 635 4140 Ἀζαὴλ,
678 4067 776 4123 καὶ
823 4067 1005 4138 ἀπέϐη
1055 4069 1165 4122 ἀπὸ
1219 4069 1594 4141 Ἰερουσαλήμ.
1627 4087 1645 4120 ι
1679 4069 1890 4140 Ἐδρων

284 4164 392 4235 μὲν
416 4162 531 4231 γὰρ
548 4161 620 4215 τὰ
649 4161 831 4215 τοιάδε
863 4161 1006 4214 κατὰ
1039 4160 1191 4215 θείαν
1217 4161 1408 4233 ὀργὴν,
1450 4162 1892 4234 προσκεκρουκό-

278 4274 379 4319 τος
418 4255 519 4308 τοῦ
587 4253 827 4326 Ἰσραὴλ,
877 4254 967 4309 διά
1014 4271 1095 4307 τοι
1152 4254 1213 4307 τὸ
1258 4254 1558 4308 ἀπονεῦσαι
1612 4254 1756 4317 λίαν,
1794 4253 1890 4308 καὶ

278 4348 661 4419 ἀνεποῆσθαι
714 4347 906 4411 δεινῶς
944 4349 1023 4411 είς
1057 4348 1156 4412 τὰς
1194 4348 1303 4402 τῶν
1331 4348 1566 4403 εἰδώλων
1606 4349 1887 4422 λατρείας.

278 4440 441 4511 Πλὴν
474 4439 736 4504 νικῶντες
771 4440 821 4494 οἱ
845 4439 1134 4509 ἀλλόφυλοι
1162 4443 1228 4512 τῇ
1268 4440 1363 4494 τοῦ
1384 4441 1523 4495 Θεοῦ
1555 4442 1684 4516 δόξῃ
1713 4442 1889 4496 διελυ-

2008 1939 2168 2004 riam,
2234 1941 2535 2010 quinetiam
2608 1959 2838 2014 regnum
2923 1944 3089 2013 Juda,
3188 1948 3450 2004 eﬂ'renato
3506 1949 3611 2005 im-

2007 2040 2131 2101 petu
2158 2032 2519 2088 etinsatiabili
2550 2035 2871 2104 cupiditate,
2899 2046 3144 2092 extrema
3199 2039 3481 2095 iracundia
3551 2042 3607 2097 in

2005 2139 2213 2180 morem
2250 2133 2530 2181 taurorum
2578 2127 2807 2195 eﬂ'erati,
2842 2128 2985 2185 fmde
3032 2130 3368 2188 lacerarunt.
3432 2133 3607 2191 Variis

2004 2216 2171 2287 igitur
2222 2216 2355 2273 locis
2402 2232 2497 2273 eos
2557 2221 2779 2276 saevisse
2830 2231 3043 2278 certum
3077 2234 3207 2278 est:
3256 2234 3316 2279 ut
3344 2237 3617 2293 regnantes

2001 2310 2193 2366 Achab
2221 2326 2382 2382 super
2424 2312 2675 2369 Samaria
2708 2325 2763 2370 et
2792 2315 2982 2371 lsrael.
3012 2317 3287 2373 Scribitur
3341 2320 3486 2376 enim
3538 2321 3604 2375 li-

2001 2402 2103 2457 bro
2136 2400 2345 2472 Regum
2379 2404 2540 2460 tertio
2575 2422 2589 2458 :
2630 2424 2648 2457 ι
2692 2406 2757 2461 Ει
2786 2410 3135 2479 congregavit
3166 2409 3309 2467 ﬁlius
3331 2412 3475 2467 Ader
3508 2428 3615 2468 rex.

2001 2490 2175 2562 Syriae
2202 2507 2418 2549 omnem
2450 2495 2776 2559 exercitum,
2812 2496 2978 2568 250
3006 2508 3063 2554 et
3108 2500 3376 2563 ascendit,
3420 2511 3471 2557 et
3508 2503 3602 2556 ob-

2000 2584 2142 2639 sedit
2167 2583 2492 2642 Samariam.
2519 2586 2589 2641 Et
2610 2589 2827 2658 triginta
2853 2591 2959 2645 duo
2993 2605 3145 2663 reges
3169 2608 3291 2649 cum
3326 2594 3443 2663 ipso
3467 2595 3535 2650 ’⁸.
3574 2614 3605 2649 ι

1999 2675 2295 2733 Considera
2326 2694 2458 2749 ergo
2488 2688 2547 2734 ut
2573 2681 2820 2737 Damasci
2852 2698 2948 2737 rex
3000 2684 3179 2740 socios
3237 2686 3600 2754 expeditionis

1998 2776 2193 2824 contra
2219 2769 2384 2825 Israel
2406 2771 2509 2827 sibi
2534 2772 2815 2839 asciverit,
2844 2774 2946 2830 hoc
2979 2784 3084 2842 est,
3130 2777 3272 2833 ﬁlius
3296 2777 3440 2834 Ader
3468 2779 3614 2834 alios

1999 2858 2221 2930 triginta
2251 2860 2385 2916 duos
2426 2863 2780 2917 llnitimarum
2835 2867 3072 2934 gentium
3105 2867 3294 2935 duces,
3360 2869 3454 2939 qui
3523 2871 3601 2926 sic

1997 2951 2275 3021 regionem
2302 2963 2592 3010 vexarunt.
2614 2955 2756 3022 Quin
2785 2964 2839 3012 et
2867 2956 2998 3013 Joas
3052 2972 3187 3029 rege
3239 2957 3398 3027 Juda,
3439 2963 3600 3016 Azacl

1999 3042 2170 3115 Syrus
2194 3043 2497 3102 Jerusalem
2534 3048 2811 3106 hostiliter
2837 3050 3065 3107 adortus
3090 3062 3194 3117 est,
3235 3063 3295 3109 ιιι
3326 3054 3379 3108 in
3407 3062 3604 3125 quarto

1998 3137 2207 3209 Regum
2230 3146 2317 3193 est
2347 3138 2549 3195 litteris
2577 3141 2851 3210 proditum
2884 3158 2898 3196 :
2931 3160 2949 3195 ι
2995 3142 3224 3210 Quando
3275 3143 3399 3199 tulit
3474 3143 3605 3199 Joas

1921 3206 1963 3265 ο
1994 3232 2182 3287 omnia
2218 3232 2657 3295 sanctiﬁcata,et
2683 3249 2846 3290 omne
2873 3248 3065 3289 aurum
3092 3235 3147 3290 in
3204 3236 3474 3292 thesauris
3517 3236 3599 3291 in-

1957 3324 1963 3331 '
1995 3332 2245 3387 ventum,
2277 3331 2334 3378 et
2354 3323 2503 3379 misit
2528 3324 2748 3389 Azaeli,
2776 3332 2832 3380 et
2862 3325 3136 3381 reccssita
3161 3324 3466 3382 Jerusalem
3493 3325 3603 3381 ".1

1998 3414 2300 3470 Faciebant
2323 3416 2468 3470 enim
2498 3415 2616 3471 lucc
2660 3418 2959 3471 secundum
2994 3417 3236 3473 divinam
3269 3418 3427 3487 iram,
3455 3418 3592 3488 quod

1994 3505 2162 3561 Israel
2184 3504 2352 3562 Deum
2384 3505 2745 3573 offendisset;
2806 3522 3139 3579 magnOpere
3162 3510 3308 3566 enim
3368 3524 3398 3564 a
3447 3520 3601 3565 recto

1996 3598 2388 3665 declinaverat,
2414 3609 2468 3655 et
2508 3599 2655 3655 cultu
2693 3600 2965 3655 idolorum
2999 3602 3139 3656 mira
3173 3602 3440 3672 religione
3463 3617 3593 3673 per—

1995 3690 2180 3745 culsus
2211 3706 2271 3746 se
2298 3691 2625 3747 involverat.
2651 3690 3052 3748 Verumtamen
3103 3693 3342 3749 victores
3402 3694 3599 3749 alieni-

1994 3797 2147 3852 gena:
2188 3784 2255 3838 de
2309 3784 2493 3839 divina
2572 3785 2746 3856 gloria
2807 3784 3193 3841 detrahebant.
3263 3785 3599 3843 Statuebant

1994 3874 2138 3929 enim
2164 3874 2346 3930 miseri
2376 3891 2588 3943 secum,
2622 3876 2978 3933 auxiliantem
3012 3877 3145 3947 ipsis
3172 3894 3390 3933 manum
3443 3879 3597 3935 inva—

1992 3966 2155 4021 lidam
2175 3967 2397 4034 factam,
2410 3977 2463 4022 et
2476 3968 2592 4039 ejus
2605 3970 2797 4026 honori
2813 3970 3135 4027 insolentius
3155 3971 3419 4027 insultare
3435 3970 3601 4025 audc-

1992 4059 2143 4115 bant.
2178 4060 2359 4116 Fracti
2381 4062 2546 4129 igitur
2571 4061 2716 4135 Syri,
2764 4066 3073 4134 postquam
3101 4064 3405 4120 Samariam
3444 4064 3594 4119 obsi-

1993 4153 2157 4209 dione
2181 4169 2308 4210 mox
2330 4154 2503 4211 soluta
2535 4155 2677 4210 ﬁlius
2693 4155 2839 4210 Ader
2853 4156 3122 4221 cinxerat,
3150 4155 3419 4225 ignaviam
3436 4170 3591 4211 suam

1992 4243 2134 4298 male
2171 4253 2527 4311 excusarunt,
2579 4245 2823 4302 dicentes
2855 4261 2868 4297 :
2911 4266 2931 4298 ι
2973 4246 3114 4301 Deus
3148 4249 3415 4302 montium
3452 4247 3595 4303 Deus

1992 4333 2181 4402 Israel,
2206 4344 2261 4391 et
2291 4351 2397 4393 non
2427 4337 2567 4393 Deus
2602 4338 2823 4394 vallium
2854 4338 2896 4393 ¹.
2926 4356 2946 4391 ι
2987 4338 3296 4395 Credebant
3326 4339 3595 4410 siquidem

1993 4426 2266 4485 lsraelitas
2294 4430 2512 4496 vicisse,
2540 4430 2667 4500 quia
2695 4430 2837 4487 Deus
2852 4444 3040 4487 eorum
3074 4431 3127 4485 in
3156 4431 3430 4488 montibus
3459 4431 3597 4487 dun-

283 4531 570 4603 μαίνοντο.
622 4530 820 4602 ’ῼοντο
871 4531 982 4602 γὰρ
1031 4531 1174 4585 κατὰ
1209 4533 1353 4602 σφᾶς
1395 4535 1444 4586 οἰ
1494 4533 1741 4599 δείλαιοι,
1784 4535 1884 4607 τήν

1997 4528 2146 4577 taxat
2183 4534 2275 4578 aut
2303 4523 2535 4580 collibus
2564 4524 2781 4581 salvare
2806 4523 3164 4596 posset.Victi
3196 4525 3363 4597 igitur
3384 4540 3597 4591 sumus,

278 4621 685 4693 ἐπαμύνουσαν
725 4622 909 4686 αὐτοῖς
960 4624 1223 4694 ἀτονῆσαι
1283 4627 1462 4695 χεῖρα,
1512 4627 1607 4680 καί
1660 4628 1763 4698 τῆς
1793 4629 1889 4683 τοῦ

274 4712 429 4767 Θεοῦ
456 4711 617 4782 δόξης
648 4712 1168 4768 κατανεανιεύεσθαι
1197 4714 1591 4788 τεθαρσήκασι.
1622 4718 1733 4771 Καὶ
1762 4719 1893 4787 γοῦν

278 4804 656 4876 ὴσθενηκότες
674 4805 723 4858 οἰ
738 4804 923 4877 Σύροι,
939 4806 1111 4877 βραχὺ
1144 4806 1561 4880 πολιορκοῦντος
1576 4811 1893 4883 Σαμάρειαν

276 4895 384 4950 τοῦ
433 4895 611 4967 Ἀδὲρ,
627 4895 923 4968 -πρόφασιν
968 4896 1251 4951 ἐποιοῦντο
1288 4899 1391 4970 τῆς
1419 4901 1757 4972 κακανδρίας
1788 4901 1890 4955 οὐκ

276 4987 490 5058 ἀληθῆ,
520 4986 796 5055 λέγοντες,
824 5005 844 5040 ι
866 4988 1002 5052 Θεὸς
1025 4988 1198 5059 ὀρέων
1219 4988 1353 5057 Θεὸς
1381 4990 1618 5063 Ἰσραὴλ,
1652 4992 1745 5045 καὶ
1771 4993 1893 5063 ούχὶ

276 5080 427 5143 Θεὸς
471 5078 760 5136 κοιλάδων.
802 5097 821 5132 ι
864 5081 1056 5152 ᾯοντο
1114 5081 1222 5152 γὰρ
1273 5082 1355 5135 ὅτι
1414 5084 1677 5156 ἐνίκησαν
1731 5085 1781 5138 οἰ
1830 5086 1892 5152 ἐξ

297 5171 547 5244 Ἰσραὴλ,
590 5173 649 5225 ὲν
692 5170 881 5241 μόνοις
940 5175 1054 5237 τοῖς
1093 5173 1295 5244 ὄρεσιν,
1337 5173 1369 5244 ἢ
1425 5174 1484 5227 ὲν
1510 5178 1623 5240 τοῖς
1684 5176 1894 5247 βουνοῖς

282 5261 595 5332 δυναμένου
645 5261 839 5325 σώζειν
874 5263 1031 5317 Θεοῦ.
1088 5262 1403 5334 Ἠττήμεθα
1430 5264 1493 5335 δὴ
1524 5261 1642 5330 οῦν,
1687 5268 1853 5336 φασὶν
1876 5307 1892 5329 ,

288 5372 313 5406 ι
344 5354 432 5407 ότι
466 5353 532 5425 δὴ
561 5353 697 5417 Θεὸς
734 5354 910 5425 ὁρέων
947 5355 976 5407 ό
1007 5355 1139 5419 Θεὸς
1184 5357 1418 5427 Ἰσραήλ.
1459 5376 1476 5409 ι
1516 5358 1578 5410 Εἰ
1607 5358 1664 5411 δὲ
1715 5359 1779 5430 δὴ
1804 5360 1897 5429 γέ-

284 5460 441 5497 νοιτο
487 5443 767 5498 συνελθεῖν
816 5446 898 5508 εἰς
943 5446 1123 5516 μάχην
1155 5448 1214 5499 ὲν
1246 5446 1451 5510 πεδίοις
1499 5446 1892 5518 ἐψιλωμένοις,

285 5534 688 5606 περιεσόμεθα,
724 5535 944 5599 πάντως
980 5538 1297 5601 ἀτονοῦντος
1321 5539 1379 5592 ἐν
1406 5537 1617 5592 κοιλάσι
1647 5538 1740 5591 τοῦ
1758 5540 1894 5593 Θεοῦ

301 5628 549 5701 Ἰσραήλ.
604 5628 927 5700 Ἑλληνικῆς
962 5628 1213 5683 δὲταῦτα
1245 5629 1673 5702 φρενοϐλαϐείας
1696 5632 1895 5702 ἐγκλή-

1993 4616 2168 4680 aiunt,
2209 4634 2229 4668 ι
2266 4617 2393 4686 quia
2424 4615 2566 4672 Deus
2597 4616 2865 4672 montium
2891 4617 3035 4674 Deus
3057 4616 3244 4674 lsrael.
3278 4636 3298 4670 ι
3337 4616 3392 4673 Si
3414 4624 3601 4673 autem

1992 4720 2293 4778 pugnemus
2317 4723 2440 4764 cum
2475 4708 2617 4764 iisin
2648 4710 3069 4780 campestribus,
3089 4717 3142 4765 et
3211 4708 3455 4779 profecto
3499 4723 3595 4765 su-

1993 4797 2329 4869 perabimus,
2364 4813 2487 4853 cum
2520 4799 2573 4854 in
2613 4801 2847 4857 vallibus
2874 4802 3164 4859 imbecillis
3221 4803 3294 4858 sit
3349 4802 3492 4858 Deus
3519 4802 3597 4858 ls-

1993 4891 2127 4946 rael.
2163 4891 2270 4946 Sed
2297 4892 2378 4946 ha:
2396 4890 2600 4947 Graecae
2624 4892 2911 4949 dementiae
2978 4894 3394 4952 criminationes
3442 4903 3590 4961 sunt,

1992 4993 2047 5038 et
2078 4999 2264 5039 verum
2295 4999 2361 5040 ac
2389 4994 2583 5039 natura
2616 4986 2784 5041 Deum
2818 4988 3182 5044 nescientium
3209 4989 3412 5060 linguae
3462 5002 3593 5057 pro-

1999 5077 2245 5133 tervitas.
2284 5077 2554 5145 Quocirca
2586 5077 2977 5152 indignabatur
3004 5085 3297 5141 adversum
3325 5081 3590 5152 alienige-

2000 5184 2102 5224 nas
2123 5169 2467 5241 omnipotens
2500 5170 2664 5239 Deus,
2692 5182 2748 5228 et
2767 5175 3141 5246 meritissimo,
3175 5175 3455 5250 quoniam,
3491 5174 3589 5229 de-

2000 5263 2146 5318 victo
2168 5264 2235 5320 ab
2267 5278 2327 5319 se
2349 5264 2566 5331 lsraele,
2596 5265 2807 5333 utdixi,
2836 5268 2940 5324 diis
2968 5269 3084 5329 suis
3114 5269 3322 5339 gratias
3380 5263 3593 5322 refere-

1993 5354 2146 5420 bant,
2190 5356 2591 5427 delirantesque
2629 5359 2795 5414 etiam
2849 5361 3019 5415 Deum
3074 5358 3253 5429 ipsum
3300 5371 3363 5413 se
3392 5355 3600 5411 vicisse

1994 5447 2419 5504 arbitrabantur.
2438 5449 2567 5506 Post
2598 5450 2910 5506 defunctum
2940 5449 3225 5514 Achab,et
3258 5464 3418 5520 reges
3441 5449 3593 5506 δοίη-

1993 5555 2121 5609 ceps
2148 5540 2304 5608 alios,
2330 5542 2451 5611 ejus
2475 5558 2844 5608 successores,
2880 5557 2975 5596 rex
3006 5540 3171 5598 Israel
3220 5542 3272 5598 in
3337 5541 3595 5598 Samaria

1992 5638 2213 5686 creatur
2244 5630 2531 5689 Jeroboam
2559 5632 2700 5688 [ilius
2721 5631 2873 5703 Joas,
2915 5632 3054 5689 alius
3080 5648 3108 5687 a
3137 5632 3314 5702 primo
3340 5631 3433 5705 qui
3484 5631 3595 5705 fuit

357 5806 407 5839 ”
441 5805 507 5861 ιιι
543 5805 679 5879 Reg.
726 5822 815 5874 xx,
852 5806 879 5863 1
980 5808 1023 5840 ’³
1062 5805 1126 5861 IV
1171 5806 1299 5877 Reg.
1350 5823 1443 5869 xu,
1500 5806 1581 5863 18.
1669 5800 1782 5860 ¹ΙῐΙ
1818 5799 1895 5855 Rc

1997 5819 2081 5867 xx,
2106 5805 2196 5861 28.
