4054 6466
1551 387 1610 442 s.
1652 386 1927 444 CYRlLLl
1966 387 2437 446 ALExaauniNt
2476 376 2792 449 assumi).
3683 393 3784 447 ue

525 496 667 554 illius
697 495 897 569 Nabat,
932 513 1239 571 quanquam
1266 502 1503 571 nomine,
1536 492 1714 559 animo
1738 515 1793 561 et
1830 506 2093 577 impietate

2210 523 2377 578 ματα,
2404 508 2624 563 καὶτῶν
2651 511 2750 564 οὐκ
2782 508 3000 564 εἰδότων
3023 509 3114 563 τὸν
3144 507 3451 579 ἀληθῆ,καί
3481 506 3642 579 φύσει
3654 506 3786 561 Θεδν

463 618 478 634 .
527 585 600 641 illi
629 588 841 644 similis.

2203 598 2577 672 ἀθυροστομία
2606 602 2775 673 δεινή.
2808 600 3017 656 Οὐκοῦν
3050 601 3349 671 ἠγανάκτει
3373 598 3515 653 κατὰ
3546 600 3657 651 των
3688 599 3784 652 ἀλ·

528 681 793 752 Αοφύλων,
818 684 914 739 καὶ
948 686 1149 759 σφόδρα
1178 686 1419 752 εἰκότως,
1450 689 1478 741 6
1500 688 1675 742 πάντα
1712 689 1910 759 ἰσχύων
1943 689 2097 755 Θεὸς,
2138 690 2220 746 ὅτι
2279 696 2374 748 καὶ
2404 696 2684 763 νικῶντες,
2750 698 2826 761 ὡς
2855 696 3014 767 ἔφην,
3058 694 3150 748 τὸν
3199 691 3435 763 Ἰσραὴλ,
3483 692 3597 754 τοῖς
3637 689 3788 753 ἰδίοις

526 771 667 836 θεοῖς
691 775 930 845 ἀνῆπτον
978 778 1046 831 τά
1090 780 1442 851 χαριστήρια,
1478 781 1571 834 καὶ.
1601 780 1894 852 ληροῦντες
1932 783 2099 854 ᾤοντο
2135 788 2231 841 καὶ
2292 787 2457 843 αὐτοῦ
2492 791 2764 861 κρατῆσαι
2805 789 2962 852 Θεοῦ,
2993 787 3277 860 προϊόντος
3315 786 3373 839 δὲ
3445 784 3540 839 τοῦ
3592 782 3788 855 καιροῦ

527 865 665 935 μετά
698 870 798 939 τὴν
826 867 919 920 τοῦ
971 868 1176 939 Ἀχαάϐ
1229 869 1537 940 βασιλείαν,
1599 875 1693 928 καὶ
1740 876 1942 949 ἐτέρων
1978 878 2141 945 τινῷν
2207 880 2295 935 διά
2335 881 2525 952 μέσου,
2574 884 2669 937 καί
2709 881 2965 952 καθεξῆς,
2997 880 3376 935 ἀναδείκνυται
3412 877 3668 949 βασιλεὺς
3695 878 3789 931 ἐπὶ

525 958 867 1053 τδν,’¹σραὴλ
897 962 1043 1053 ἐνίτῇ
1078 963 1360 1036 Σαμαρείᾳ
1398 966 1728 1038 Ἱεροϐοάμὸ
1764 971 1858 1024 τοῦ
1911 972 2098 1042 ’Ῑωᾶς,
2137 974 2325 1048 ἕτερος
2386 978 2539 1053 παρὰ
2611 977 2704 1032 τὸν
2753 976 2991 1051 πρῶτον,
3037 976 3095 1039 ὃς
3139 970 3209 1047 ἦν
3239 972 3334 1028 τοῦ
3392 969 3604 1038 Ναϐἀτ,
3645 972 3788 1043 πλὴν

524 384 631 440 ΗΒ

524 1049 810 1122 ὁμώνυμος
855 1052 1067 1123 ἐκείνῳ,
1107 1054 1204 1107 καὶ
1249 1056 1606 1129 ὁμογνώμων,
1635 1062 1729 1114 καὶ
1785 1062 2069 1137 δυσσεϐής.

596 1141 704 1197 Sed
731 1141 848 1212 ejus
887 1144 1217 1211 temporibus
1249 1144 1414 1215 Deus,
1448 1151 1535 1203 cui
1560 1151 1754 1223 volupe
1804 1162 1888 1209 est
1944 1157 2101 1211 mise-

526 1235 655 1301 reri,
690 1234 939 1291 lsraelem
990 1236 1326 1293 intoleranda
1408 1240 1696 1299 aﬂlictione
1760 1245 2099 1303 laborantem

526 1325 838 1388 miseratus.
868 1342 990 1382 eum
1019 1342 1257 1382 aerumna
1278 1329 1473 1386 levavit
1529 1349 1625 1403 per
1673 1335 1984 1406 Jeroboam,
2015 1349 2097 1396 ta-

525 1417 683 1471 metsi
729 1417 1035 1488 improbum
1088 1429 1145 1474 et
1195 1427 1657 1491 transgressorem
1703 1429 1885 1483 nimis.
1948 1432 2099 1487 Adeo

524 1508 667 1563 enim
698 1510 905 1569 viribus
954 1514 1273 1587 alienigenis
1330 1517 1777 1586 antecelluerunt,
1829 1529 1890 1575 ut
1934 1522 2100 1579 urbes

524 1616 739 1672 quoque
761 1612 1163 1662 antecessorum
1193 1622 1381 1679 regum
1409 1610 1743 1682 temporibus
1769 1621 1982 1683 ereptas
2014 1628 2099 1669 re-

524 1706 850 1764 cuperarent
876 1700 1234 1769 potestatique
1262 1715 1371 1754 suae
1396 1701 1752 1768 subiicerent,
1792 1711 1847 1758 et
1884 1704 2101 1759 vincere

2218 1154 2356 1208 Ἀλλ’
2414 1156 2473 1209 ὲν
2512 1157 2626 1220 τοῖς
2671 1154 2884 1227 χρόνοις
2932 1154 3035 1225 τῆς
3089 1151 3254 1208 αὐτοῦ
3309 1150 3586 1223 βασιλείας
3640 1151 3793 1221 ἠλέει

2205 1243 2393 1303 λοιπὸν
2440 1247 2468 1298 6
2532 1245 2925 1315 φιλοικτίρμων
2966 1242 3100 1307 Θεὸς
3137 1241 3392 1313 ἀφορήτῳ
3439 1239 3789 1313 ταλαιπωρίᾳ

2207 1337 2622 1409 κατηχθημένον
2663 1336 2755 1391 τὸν
2784 1333 3022 1406 Ἰσραὴλ,
3059 1333 3357 1405 ἠλευθέρου
3383 1348 3443 1385 τε
3467 1332 3577 1385 τῶν
3610 1331 3791 1385 πόνων

2206 1428 2297 1484 διὰ
2324 1428 2507 1501 χειρὸς
2543 1428 2851 1500 Ἱεροϐοάμ,
2877 1428 3053 1481 καίτοι
3081 1423 3318 1497 πονηροῦ
3347 1424 3443 1478 καί⁵
3477 1423 3790 1477 ἀποστάτου

2203 1519 2325 1576 λίαν
2354 1521 2710 1594 ὑπάρχοντος.
2741 1518 3183 1590 Κατηνδρίσαντο
3226 1516 3338 1585 γὰρ
3372 1515 3516 1568 οὕτω
3556 1514 3666 1568 τῶν
3696 1514 3795 1568 ἀλ-

2204 1610 2470 1681 λοφύλων,
2502 1611 2579 1675 ὡς
2607 1611 2701 1665 καί¹
2738 1610 2924 1674 πόλεις
2944 1610 3075 1681 παρ’
3099 1607 3324 1662 ἐκείνων
3355 1605 3793 1676 ἀπεσπασμένας

2207 1706 2265 1758 ἐν
2292 1705 2503 1776 καιροῖς
2552 1703 2816 1774 βασιλέων
2853 1702 2963 1756 τῶν
3003 1699 3413 1773 παρῳχηκότων
3448 1697 3793 1767 ἀνακομίσα-

526 1785 651 1840 olim
693 1787 903 1852 solitos,
934 1790 1291 1845 incommodis
1328 1791 1485 1861 longe
1516 1792 1767 1863 plurimis
1809 1793 2093 1854 allicerent.

2208 1796 2332 1849 σθαι
2362 1795 2543 1862 πάλιν,
2580 1795 2676 1849 καὶ
2722 1796 2836 1858 τοῖς
2883 1794 3034 1857 ἰδίοις
3086 1791 3412 1860 ὑππεθῆναι
3462 1789 3792 1859 σκήπτροις,

527 1878 582 1931 lu
614 1893 809 1948 quarto
833 1880 994 1947 igitur
1026 1882 1229 1952 Regum
1253 1883 1410 1954 251
1440 1885 1519 1939 sic
1553 1887 1727 1949 est,in
1777 1896 1923 1942 tanta
1955 1889 2099 1943 cala-

527 1972 716 2026 mitate
748 1971 913 2027 fuisse
948 1974 1085 2028 ﬁlios
1111 1974 1295 2043 Israel,
1325 1986 1586 2032 utessent
1646 1980 1980 2047 paucissimi,
2034 1990 2089 2037 et

527 2058 782 2129 dispersi,
821 2076 922 2116 nec
963 2063 1297 2118 inveniretur
1355 2065 1644 2121 auxiliator
1676 2086 1690 2122 :
1724 2068 1960 2124 salvatos
2014 2079 2095 2124 ta-

532 2165 655 2204 men
696 2164 818 2204 esse
857 2165 887 2205 e
919 2166 1079 2206 manu
1108 2152 1459 2208 Jeroboam'.
1498 2173 1518 2207 ι
1571 2156 1612 2210 E
1650 2173 1831 2225 manu,
1885 2178 1904 2210 ι
1943 2161 2099 2223 dixit,

528 2255 646 2307 pro,
681 2259 701 2293 ‹
752 2256 849 2311 per
883 2258 1120 2297 manum.
1153 2263 1171 2295 ι
1203 2244 1314 2301 Nec
1344 2247 1487 2303 enim
1534 2248 1650 2317 ipse
1714 2251 1983 2305 atterebat
2018 2250 2100 2303 ls-

526 2330 661 2398 rael,
703 2332 797 2386 sed
829 2332 1099 2401 pugnabat
1121 2335 1298 2402 potius
1329 2351 1561 2405 eumque
1584 2335 2103 2397 defendebatJtesti-

531 2424 636 2477 tuit
677 2436 805 2478 vero
848 2422 1192 2492 Damascum,
1229 2435 1280 2479 et
1318 2427 1521 2497 recepit
1575 2428 1863 2482 terminum
1914 2429 2097 2496 Israel,

526 2521 824 2582 auctusque
845 2520 929 2569 est
949 2513 1244 2568 ditionibus
1274 2516 1477 2571 multis.
1508 2515 1788 2586 liegnante
1812 2515 2099 2572 Jeroboam

526 2618 619 2658 rex
650 2617 813 2674 super
835 2602 969 2659 Juda
996 2603 1385 2675 Hierosolymis
1435 2607 1658 2676 ungitur
1708 2607 1952 2672 Azarias,
2010 2608 2100 2677 qui

521 2702 577 2748 et
604 2691 787 2760 Ozias,
814 2708 967 2762 teque
994 2694 1246 2764 gentibus
1307 2694 1709 2757 infestissimus,
1753 2704 1809 2749 et
1865 2699 1932 2751 ad
2010 2712 2103 2752 eos

522 2785 877 2854 exagitandos
914 2786 1143 2840 viriliter
1170 2785 1505 2851 incumbens,
1533 2786 1624 2855 qui
1680 2785 1875 2843 παύσειε
1935 2788 2104 2843 vasti-

523 2886 690 2932 tatem
708 2875 1042 2931 intulissent.
1070 2875 1194 2932 Fuit
1222 2878 1366 2932 enim
1403 2879 1485 2932 vir
1517 2880 1639 2947 pius
1668 2887 1722 2935 et
1749 2881 1963 2936 virtutis
1990 2893 2104 2937 stu-

523 2968 730 3024 diosus.
763 2966 864 3023 Ubi
884 2968 994 3037 jam
1033 2970 1234 3032 hostes,
1268 2969 1378 3024 Deo
1436 2979 1729 3031 annuente.
1761 2972 1990 3038 domuit,
2047 2973 2101 3027 in

522 3060 788 3131 superbia:
813 3061 1057 3116 morbum
1093 3061 1299 3124 incidit,
1325 3077 1387 3117 ac
1418 3072 1608 3133 suopte
1664 3073 1796 3117 nutu
1848 3063 2103 3133 imposte—

523 3162 644 3205 rum
668 3149 770 3205 sibi
807 3149 1114 3204 sacerdotio
1137 3144 1460 3218 iungendum
1514 3151 1776 3216 decrevit,
1829 3161 1883 3206 et
1936 3167 2102 3208 ausus

520 3249 605 3301 est
635 3242 701 3297 ad
724 3241 898 3311 ipsum
924 3242 1093 3296 altare
1124 3243 1437 3306 ascendere,
1481 3241 1668 3311 illique
1703 3242 1994 3311 thymiama
2016 3242 2101 3297 ol-

520 3334 685 3389 ferre.
712 3331 910 3390 Verum
933 3333 1242 3389 Deusillieo
1286 3333 1556 3388 hominem
1604 3334 1863 3388 coercuit.
1929 3332 2100 3404 Lepra

520 3426 663 3481 enim
691 3440 945 3495 aspersus
972 3436 1075 3490 est,
1103 3426 1293 3481 morbo
1324 3424 1545 3479 infando
1573 3433 1628 3478 et
1672 3424 1984 3490 insanabili,
2041 3436 2100 3480 ut

524 3518 687 3573 etiam
710 3515 1186 3571 velutimmuudus
1222 3515 1516 3570 secundum
1578 3516 1747 3584 legem
1789 3514 2099 3588 Hierosoly-

523 3607 628 3660 mis
675 3604 1080 3671 amandaretur,
1134 3606 1227 3674 qui
1281 3604 1505 3674 posthac
1563 3604 1850 3659 sacerdotii
1909 3622 2101 3662 munus

518 3698 695 3764 obire,
724 3708 778 3752 et
804 3711 917 3753 rem
948 3697 1188 3751 divinam
1210 3696 1538 3751 omnimodis
1561 3696 1697 3752 velle
1733 3712 2017 3768 peragere,
2044 3709 2100 3754 et

523 3790 784 3861 templum
807 3798 1220 3844 sacrosanctum
1247 3788 1621 3844 contaminare
1672 3789 1962 3847 desineret.
2020 3793 2098 3847 lta

518 3883 700 3951 legere
730 3888 814 3935 est
844 3879 982 3936 libro
1001 3888 1192 3949 quarto
1245 3878 1513 3951 Regum’.
1583 3880 1638 3934 In
1688 3883 1859 3938 altero
1918 3892 2095 3939 tamen

519 3969 965 4040 Paralipomenon
991 3971 1231 4025 narratio
1262 3970 1424 4039 hujus
1445 3971 1683 4028 historia:
1739 3983 1822 4029 est
1850 3974 2095 4030 luculen-

516 4062 622 4118 tior
646 4060 690 4116 ⁸.
730 4062 803 4117 De
824 4060 955 4116 Ozia
982 4060 1130 4131 lepra
1158 4060 1355 4116 infecto
1385 4062 1522 4117 satis
1551 4061 1754 4118 dictum
1777 4072 1881 4119 est.
1906 4065 2096 4120 Fuisse

513 4163 696 4209 autem
727 4161 1026 4224 potentem,
1065 4160 1122 4207 et
1176 4153 1228 4208 in
1296 4152 1725 4223 alienigenarum
1783 4154 2097 4223 provincias

516 4246 801 4316 irrupisse,
834 4245 1077 4315 adeoque
1115 4243 1308 4300 fortem
1334 4258 1399 4299 ac
1431 4255 1736 4310 strenuum,
1772 4255 1834 4299 ut
1892 4247 2092 4316 oppida

517 4351 733 4408 quoque
760 4337 900 4406 apud
932 4351 1027 4391 eos
1056 4334 1369 4398 aediﬁcaret,
1405 4343 1462 4390 et
1518 4335 1723 4389 tributa
1769 4337 2088 4407 imponeret,

2205 1885 2436 1939 πλεῖστά
2470 1902 2530 1938 τε
2589 1886 2689 1938 ὅσα
2738 1884 2866 1944 τοὺς
2916 1882 3085 1936 πάλαι
3131 1878 3400 1940 νικῶντας
3446 1874 3793 1947 ἐργάσασθαι

2204 1976 2371 2029 κακά.
2400 1975 2490 2029 Ἐν
2507 1975 2639 2044 γοῦν
2654 1977 2721 2045 τῇ
2751 1973 2986 2045 τετάρτῃ
3006 1972 3111 2026 τῶν
3124 1969 3422 2024 Βασιλειῶν
3450 1969 3791 2038 γέγραπται,

2204 2066 2630 2136 κατατεθ).ῖφθαι
2684 2067 2782 2137 μὲν
2826 2066 2953 2128 τοὺς
2987 2063 3047 2130 ἐξ
3090 2062 3331 2134 Ἰσραὴλ,
3387 2060 3486 2113 οὐκ
3514 2059 3667 2121 ὄντος
3692 2057 3791 2110 τοῦ

2205 2157 2488 2225 σώζοντος,
2517 2158 2593 2222 ὡς
2632 2158 2939 2226 όλιγοστοὺς
2972 2152 3134 2219 εἶναι,
3185 2153 3281 2207 καὶ
3317 2150 3752 2220 διεσπασμένους
3773 2165 3791 2180 ο

2207 2249 2480 2304 σεσῶσθαι
2506 2266 2573 2318 γε
2610 2249 2718 2320 μὴν
2767 2250 2831 2301 ὲκ
2881 2247 3064 2318 χειρὸς
3107 2243 3411 2315 Ἱεροϐοαμ.
3458 2240 3532 2294 Τὸ
3583 2238 3639 2292 δὲ
3679 2240 3793 2291 «ὲκ

2203 2342 2384 2414 χειρὸς
2408 2362 2427 2393 ι
2472 2340 2734 2409 τέθεικεν,
2786 2342 2907 2395 ἀντὶ
2953 2338 3091 2393 τοῦι
3146 2337 3235 2391 διὰ
3278 2334 3478 2407 χειρός.
3505 2352 3527 2385 ι
3566 2333 3641 2386 Οὐ
3676 2332 3794 2400 γὰρ

2202 2428 2271 2503 ἦν
2298 2432 2459 2497 αὐτὸς
2482 2434 2509 2485 6
2531 2431 2828 2504 συντρίϐων
2849 2431 2939 2485 τὸν
2979 2429 3216 2499 Ἰσραὴλ,
3244 2428 3549 2499 μαχόμενος
3569 2423 3627 2477 δὲ
3659 2423 3795 2492 μᾶλ-

2204 2523 2326 2586 λον,
2385 2523 2477 2575 καὶ
2532 2506 2886 2593 προασπίζων
2950 2520 3135 2573 αὐτοῦ.
3186 2516 3522 2587 Ἐπέστρεψε
3575 2514 3635 2567 δὲ
3686 2512 3794 2583 τὴν

2204 2610 2516 2681 Δαμασκὸν,
2556 2610 2650 2663 καὶ
2694 2609 2981 2663 ἀπέσπασε
3006 2607 3067 2660 τὸ
3110 2607 3256 2678 ὃριον
3307 2604 3548 2674 Ἰσραὴλ,
3577 2601 3795 2656 καὶδυο

2203 2697 2457 2760 ναστείας
2495 2698 2782 2770 εἴργασται
2822 2696 3041 2760 πολλάς.
3092 2694 3480 2757 Βασιλεύοντος
3518 2692 3576 2745 δὲ
3617 2692 3792 2763 Ἰερο-

2204 2787 2350 2859 ϐοάμ
2373 2790 2586 2859 χρίεται
2615 2790 2899 2860 Ἀζαρίας,
2945 2790 2974 2841 ὁ
3030 2786 3124 2841 καὶ⁸
3169 2785 3375 2850 Ὀζίας,
3411 2784 3666 2856 βασιλεὺς
3691 2784 3794 2837 ἐπὶ

2206 2879 2294 2932 τὸν
2327 2880 2535 2933 Ἰούδαν
2567 2880 2625 2933 ὲν
2682 2883 2796 2943 τοῖς
2835 2878 3248 2951 Ἰεροσολύμοις.
3294 2880 3391 2940 ’ος
3441 2875 3594 2928 οὐδὲν
3621 2869 3791 2945 ἦττον

2202 2967 2269 3045 ἦν
2297 2974 2410 3035 τοῖς
2446 2971 2623 3026 ἔθνεσι
2659 2970 3083 3042 φορτικώτατος,
3111 2970 3204 3024 καὶ
3231 2967 3498 3031 νεανικῶς
3531 2967 3794 3035 ἐγκείμε-

2204 3052 2293 3129 νος
2316 3066 2426 3128 τοῖς
2466 3064 2839 3134 πεπορθηκόσι
2872 3063 2971 3135 τὴν
2994 3062 3276 3116 Ἰουδαίαν.
3315 3060 3514 3128 Γέγονε
3551 3059 3650 3130 μὲν
3675 3058 3790 3129 γὰρ

2206 3154 2455 3226 εὐσεϐὴς,
2493 3156 2587 3208 καί
2640 3154 2937 3224 φιλάγαθος
2977 3155 3136 3225 ἀνήρ.
3173 3151 3330 3205 Ἐπεὶ
3367 3152 3425 3205 δὲ
3473 3151 3790 3222 κεκράτηκε

2205 3246 2313 3301 τῶν
2341 3246 2550 3319 ἐχθρῶν
2565 3246 2658 3300 τοῦ
2682 3246 2818 3300 Θεοῦ
2836 3246 2895 3299 τὸ
2922 3247 3078 3316 νικᾷν
3098 3244 3502 3316 ἐπιτρέποντος,
3523 3242 3790 3312 νενόσηκε

2204 3336 2301 3407 τὴν
2336 3337 2655 3408 ὑπεροψίαν,
2688 3337 2782 3390 καὶ
2812 3335 3258 3399 αὐτοκελεύστοις
3310 3334 3397 3406 ᾔει
3443 3334 3659 3404 βουλαῖς
3694 3333 3791 3387 ἐπὶ

2202 3424 2264 3478 τὸ
2315 3425 2514 3498 χρῆναι
2559 3426 2745 3479 λοιπὸν
2791 3427 2886 3480 καὶ
2925 3425 3226 3497 ἱερατεύειν
3270 3423 3409 3493 Θεῷ,
3461 3425 3556 3476 καὶ
3584 3423 3650 3494 δὴ
3691 3431 3791 3477 καὶ

2202 3517 2538 3588 τετόλμηκεν
2564 3519 2650 3569 ἐπ’
2671 3516 2806 3570 αὐτὸ
2831 3516 2895 3569 τὸ
2923 3516 3065 3569 θεῖον
3089 3513 3353 3585 ἀναϐῆναι
3376 3513 3786 3583 θυσιαστήριον,

2202 3609 2297 3662 καὶ
2320 3610 2689 3679 προσαγαγεῖν
2714 3606 2862 3677 αὐτῷ
2907 3606 2967 3659 τὸ
3007 3604 3278 3675 θυμίαμα.
3314 3603 3455 3656 Ἀλλ’
3481 3602 3645 3666 εὐθὺς
3690 3605 3789 3657 aiio

2201 3698 2293 3751 τὸν
2323 3696 2518 3768 ήλεγξε
2550 3698 2702 3761 Θεὸς.
2755 3698 2947 3769 Λέπρᾳ
2994 3696 3104 3766 γὰρ
3138 3693 3684 3764 κατεστίξετο,δεινῷ
3726 3711 3787 3747 τε

2202 3788 2298 3841 καὶ
2325 3788 2531 3858 ἀνιάτῳ
2564 3788 2744 3853 πάθει,
2774 3787 2860 3840 ἵνα
2889 3788 2985 3841 xui.
3012 3786 3087 3850 ὡς
3112 3785 3421 3856 ἀκάθαρτος
3443 3784 3586 3838 κατά
3615 3786 3786 3856 νόμον

2201 3880 2555 3951 ὲκπέμπηται
2584 3879 3069 3952 τῆςΊερουσαλὴμ,
3100 3878 3480 3934 ἀποπαύσαιτό
3501 3895 3562 3932 τε
3594 3879 3787 3933 λοιπὸν

2200 3974 2294 4027 καὶ
2324 3974 2625 4045 ἱερατεύειν
2646 3975 2787 4045 Θεῷ,
2811 3975 2903 4028 καί¹
2934 3975 3035 4045 τῆς
3068 3974 3399 4044 παρανόμως
3429 3972 3787 4042 ἐπιτετηδευ-

2201 4063 2373 4135 μένης
2406 4064 2716 4136 ἱερουργίας
2742 4063 2909 4134 αὐτῷ,
2950 4065 3045 4117 καὶ
3062 4062 3155 4117 τοῦ
3192 4062 3284 4115 τὸν
3309 4061 3452 4115 θεῖον
3483 4062 3785 4131 καταμιαί-

2197 4171 2310 4208 νειν
2339 4155 2486 4209 ναόν.
2520 4155 2704 4209 Ταῦτα
2734 4155 2791 4209 δέ
2837 4172 2968 4226 φησι
3000 4156 3061 4209 τὸ
3098 4155 3339 4225 Γράμμα
3368 4153 3429 4207 τὸ
3450 4153 3597 4225 ἱερὸν
3627 4155 3686 4205 ὲν
3715 4157 3782 4225 τῇ

2195 4248 2430 4319 τετάρτῃ
2461 4247 2569 4303 τῶν
2596 4248 2911 4302 Βασιλειῶν.
2962 4250 3052 4302 Ἐν
3092 4248 3150 4302 δὲ
3175 4251 3242 4319 τῇ
3268 4247 3498 4318 δευτέρᾳ
3528 4246 3639 4301 τῶν
3668 4248 3784 4302 Πα-

2200 4339 2605 4409 ραλειπομένων
2671 4341 2956 4412 ἰσχνοτέρα
3014 4342 3191 4395 κεῖται
3255 4343 3288 4412 ἡ
3372 4340 3500 4411 περὶ
3572 4338 3781 4393 τούτων

516 4444 580 4485 ac
598 4438 813 4499 sceptro
837 4427 959 4484 illos
982 4425 1259 4490 subderet,
1285 4427 1630 4494 quantumvis
1656 4425 1782 4482 olim
1811 4427 1912 4483 sibi
1940 4431 2092 4486 valde

2199 4430 2494 4502 ἀφήγησις.
2534 4432 2672 4504 Περί¹
2702 4433 2801 4503 μὲν
2833 4428 2925 4486 οὖν
2947 4431 3043 4486 τοῦ
3071 4429 3447 4501 λελεπρῶσθαι
3475 4428 3566 4483 τὸν
3595 4429 3780 4495 Ὀζίαν

512 4522 803 4592 placentes,
836 4520 994 4591 plene
1045 4508 1242 4574 docent
1298 4531 1470 4571 sacrae
1515 4515 1753 4574 Litterae.
1813 4518 2083 4585 Quoniam

510 4629 640 4685 ergo
666 4611 1012 4684 propheticus
1033 4619 1212 4663 sermo
1231 4605 1284 4660 in
1313 4606 1538 4662 exordio
1584 4608 1777 4666 lutum
1829 4613 2088 4684 alienige-

510 4719 701 4760 narum
731 4698 1048 4758 vastationis
1070 4697 1331 4765 meminit,
1361 4711 1446 4753 res
1470 4700 1780 4768 postulavit,
1818 4713 1876 4758 ut
1900 4718 2082 4775 regum

508 4793 654 4852 Ozire
682 4805 738 4852 et
772 4795 1057 4851 Jeroboam
1091 4792 1423 4849 mentionem
1454 4791 1776 4861 faceremus,
1800 4810 1895 4861 per
1946 4813 2083 4867 quos

508 4888 582 4942 illi
614 4886 741 4941 victi
761 4893 903 4948 sunt,
941 4894 1003 4939 ut
1030 4884 1141 4953 jam
1174 4883 1422 4939 diximus.
1470 4882 1727 4943 Novimus
1769 4889 1930 4943 etiam
1987 4905 2084 4959 per

510 4978 765 5049 Assyrios
788 4975 1110 5031 Damascum
1142 4975 1411 5032 incensam
1433 5016 1448 5041 ,
1503 4978 1591 5047 qui
1642 4979 1864 5049 insuper
1893 4981 2080 5036 alieni-

508 5084 763 5141 genarum
791 5066 1015 5138 p0pulos
1038 5065 1184 5122 l‘erro
1212 5065 1427 5139 ignique
1449 5075 1726 5123 vastarunt
1752 5069 1794 5135 ';
1830 5070 1926 5126 sed
1958 5084 2080 5125 eum

509 5161 561 5216 id
595 5166 780 5229 postea
806 5155 1005 5213 factum
1028 5157 1436 5224 sit,necessario
1459 5158 1733 5229 attigimus
1757 5174 1876 5229 qua:
1900 5162 1966 5216 ab
1993 5159 2084 5216 Je-

510 5257 753 5319 rnboam,
782 5259 836 5306 et
855 5250 971 5321 ejus
992 5250 1342 5321 temporibus,
1368 5249 1682 5321 alienigenis
1699 5261 1754 5306 et
1787 5252 1915 5322 ipsis
1944 5268 2081 5324 quo-

509 5359 613 5414 que
642 5343 983 5413 Assyriorum
1000 5341 1224 5397 ducibus
1247 5341 1608 5412 contigerunt.
1660 5340 1795 5408 Quia
1825 5358 1955 5398 vero
1983 5359 2077 5412 ap—

508 5436 686 5504 posuit
708 5437 987 5505 propheta,
1019 5453 1038 5487 ι
1059 5435 1268 5491 duobus
1292 5432 1449 5487 annis
1473 5441 1600 5488 ante
1633 5441 1793 5488 terra:
1818 5444 2076 5500 motum,»

509 5541 728 5584 necesse
754 5527 853 5582 l‘uit
884 5528 1045 5583 etiam
1097 5528 1163 5582 de
1207 5526 1353 5593 lepra
1409 5523 1555 5581 Ozia:
1604 5540 1927 5592 memorare,
1978 5540 2083 5595 qua

511 5628 791 5675 contactus
817 5632 916 5679 est.
951 5619 1205 5690 puniente
1226 5617 1358 5681 Deo,
1395 5626 1677 5687 postquam
1716 5617 1885 5673 sacris
1931 5616 2083 5687 fungi

577 5798 685 5857 ’IV
716 5798 862 5871 .Reg.
894 5816 1001 5865 xw,
1054 5798 1145 5866 9.6,
1174 5799 1261 5851 ‘27.
1347 5799 1365 5829 ³
1398 5798 1461 5853 lV
1494 5797 1626 5867 Reg.
1658 5815 1746 5863 xv,
1778 5799 1829 5853 5.
1907 5799 1927 5832 ‘
1968 5800 2005 5856 ll
2037 5800 2212 5856 Parui.
2248 5818 2389 5870 xxvi,
2430 5804 2510 5855 l9.

2192 4522 2407 4594 ἀπόχρη
2436 4522 2613 4577 ταυτί.
2651 4523 2773 4579 Ὅτι
2828 4523 2887 4578 δὲ
2938 4523 3161 4593 γέγονεν
3198 4524 3337 4593 ἀνὴρ
3391 4521 3652 4588 δυνατὸς,
3682 4523 3778 4575 καί

2192 4613 2313 4675 ταῖς
2369 4612 2477 4666 τῶν
2540 4612 2853 4681 ἀλλοφύλων
2917 4612 3322 4685 ἐπεστράτευσε
3376 4612 3620 4683 χώραις,
3679 4613 3777 4666 καὶ

2191 4700 2442 4767 τοσοῦτος
2482 4702 2707 4773 γέγονεν
2760 4704 2841 4766 εἰς
2867 4703 3061 4775 ἀλκὴν,
3100 4703 3177 4768 ὡς
3223 4704 3318 4757 καὶ
3380 4701 3774 4773 ἀναδείμασθαι

2191 4794 2529 4869 πόλειςιπαρ’
2562 4796 2766 4859 αὐτοῖς,
2797 4797 2893 4849 καί⁵
2933 4796 3298 4867 δασμολογίαν
3342 4795 3635 4860 ἐπιθεῖναι,
3680 4795 3775 4849 καὶ

2191 4884 2492 4955 σκήπτροις
2538 4883 2687 4948 ἰδίοις
2730 4885 3069 4954 ὑπενεγκεῖν,
3106 4885 3283 4939 καίτοι
3312 4884 3523 4955 μεγάλα
3560 4884 3773 4953 φυσῶν-

2187 4977 2287 5039 τάς
2319 4992 2471 5042 ποτε,
2511 4974 2782 5047 δεδίδαχεν
2816 4977 3130 5050 ἀρκούντως
3158 4978 3221 5030 τὸ
3246 4978 3487 5047 Γράμμα
3522 4976 3583 5030 τὺ
3603 4977 3766 5047 ἱερόν.

2191 5066 2422 5133 Οὐκοῦν,
2453 5067 2753 5138 ἐπειδήπερ
2775 5068 2803 5121 6
2836 5067 3174 5139 προφητικὸς
3192 5068 3324 5137 ἡμῖν
3341 5067 3497 5136 λόγος
3522 5066 3769 5121 εἰσκεκό-

2197 5174 2357 5228 μικεν
2390 5160 2447 5212 ὲν
2474 5159 2671 5230 ἀρχαῖς
2706 5159 2804 5229 τὴν
2841 5159 3109 5230 ἐσομένην
3143 5160 3287 5213 κατὰ
3316 5162 3426 5212 τῶν
3456 5158 3768 5227 ἀλλοφύλων

2187 5248 2485 5318 ἐρήμωσιν,
2511 5250 2781 5321 ἀναγκαία
2807 5249 3031 5318 γέγονεν
3060 5252 3093 5321 ἡ
3125 5251 3315 5321 μνήμη
3360 5252 3459 5321 τῆς
3489 5250 3765 5320 βασιλείας

2189 5339 2364 5404 Ὀζίου
2393 5359 2454 5395 τε
2507 5345 2601 5397 καὶ
2647 5342 2948 5414 Ἱεροϐοάμ,
3007 5343 3315 5413 νενίκηνται
3344 5344 3454 5415 γὰρ
3492 5343 3559 5396 δι’
3583 5341 3763 5396 αὐτῶν

2178 5431 2253 5495 ὼς
2285 5433 2648 5504 προλαϐόντες
2669 5436 2993 5505 εἰρήκαμεν.
3040 5429 3173 5489 Οῖδα
3199 5436 3295 5505 μὲν
3315 5430 3407 5489 οὖν
3429 5435 3511 5488 ὅτι
3546 5434 3637 5487 καὶ
3675 5432 3763 5485 διά

2179 5526 2364 5595 χειρὸς
2379 5526 2683 5597 Ἀσσυρίων
2712 5527 3101 5597 ὲμπέπρησται
3133 5528 3448 5599 Δαμασκδς,
3469 5526 3757 5595 δεδῄωνται

2182 5615 2241 5668 δὲ
2269 5618 2422 5672 οὐδὲν
2450 5612 2614 5688 ἧττον
2645 5620 2739 5672 καὶ
2760 5619 2828 5673 τὰ
2862 5620 2971 5673 τῶν
3004 5619 3317 5689 ἀλλοφύλων
3350 5620 3505 5691 γένη.
3539 5614 3758 5689 Ἐπειδή

2592 5800 2700 5855 διν
2755 5799 2884 5869 Reg.
2939 5817 3044 5864 τίνι,
3081 5801 3131 5855 9.
