4054 6454
289 349 401 408 4η
1266 345 1818 404 COMMENTARIUS
1857 346 1922 401 IN
1969 346 2153 403 AMOS
2191 347 2637 402 PROPHETAM.
3484 360 3591 412 M3

292 469 352 520 δὲ
399 468 582 538 τούτῳ
613 467 763 520 ἐστὶν
799 462 985 518 ἐκεῖνα
1036 468 1494 540 μεταγενέστεροι,
1540 468 1879 540 προσάψομει

2002 477 2189 521 contra
2212 467 2381 537 legem
2413 482 2516 520 non
2542 467 2824 520 dubitavit.
2858 466 3196 522 Contremuit
3229 471 3374 527 enim
3403 470 3588 530 lliero-

294 559 622 626 ἀναγκαίως
645 557 723 627 τῷ
752 575 811 609 τε
853 557 1156 629 Ἰεροϐοάμ,
1188 559 1282 610 καὶ
1305 561 1419 621 τοῖς
1446 560 1656 612 ἐκείνου
1681 561 1879 628 καιροῖς

2004 560 2230 631 so'yma,
2258 561 2456 615 incolis
2489 562 2622 614 iram
2649 575 2800 614 suam
2829 558 2939 615 Deo
2969 562 3303 617 ostendente.

295 651 365 704 τὰ
392 653 510 714 τοῖς
543 649 866 720 ἀλλοφύλοις
902 649 1310 720 συμϐεϐηκότα,
1343 651 1436 703 καὶ
1465 652 1647 714 αὐτοῖς
1709 651 1767 704 δὲ
1819 650 1971 705 οὐδὲν
2010 647 2172 722 ἧττον
2199 653 2310 714 τοῖς
2361 650 2468 704 τῶν
2524 652 2826 721 Ἀσσυρίων
2885 652 3240 722 καθηγηταῖς.
3275 655 3495 728 Ἐπειδὴ
3539 659 3595 710 δὲ

297 747 1048 817 προστέθεικενόπροφήτης
1077 764 1093 795 ι
1120 745 1223 816 πρὸ
1239 746 1332 799 δύο
1353 746 1488 800 ἐτῶν
1505 747 1600 800 τοῦ
1621 747 1867 817 σεισμοῦ,
1913 766 1932 800 ›
1978 749 2199 818 μνήμην
2243 747 2560 816 ἀναγκαίως
2588 748 2684 802 καὶ
2731 747 2825 800 τοῦ
2884 747 3257 819 λελεπρῶσθαι
3292 751 3382 804 τὸν
3406 753 3596 817 Ὀζίαν

297 840 680 910 πεποιήμεθα.
747 839 969 908 Ἐπειδὴ
1035 838 1144 908 γὰρ
1221 839 1531 910 ίερατεῦσαι
1596 841 1902 912 τετόλμηκε
1963 841 2319 914 παρανόμως,
2361 840 2706 912 λελὲπρωται
2762 843 2860 912 μὲν
2904 842 3222 913 ἐλέγχοντος
3259 846 3418 912 Θεοῦ,
3453 867 3592 902 κατ-

294 934 531 1005 εδονὴθη
557 934 615 987 δὲ
655 932 866 1004 σεισμῷ
897 933 966 986 τὰ
1010 933 1360 1006 Ἰεροσόλυμα
1399 937 1511 998 τοῖς
1561 936 1621 989 τὸ
1665 937 1919 1007 τηνικάδε
1958 937 2094 990 Θεοῦ
2152 938 2251 1008 τὴν
2296 937 2430 991 ίδίαν
2451 938 2619 1009 ὀργὴν
2657 939 3114 1008 ὑπεμφαίνοντος.

365 1029 482 1083 Kal
515 1024 676 1092 εἷπε,
706 1029 919 1097 Κύριος
955 1028 1023 1081 ἐκ
1067 1028 1222 1084 Σιὼν
1269 1029 1620 1099 ἐφθέγξατο,
1671 1033 1768 1086 καὶ
1828 1032 1896 1094 ἐξ

303 1122 708 1191 Ἰερουσιι.ιῖῖυι
728 1121 915 1174 ἔδωκε
943 1121 1157 1190 φωνὴν
1184 1123 1394 1188 αὐτοῦ,
1420 1123 1518 1176 καί
1545 1123 1894 1194 ἐπένθησαν

290 1219 350 1269 αἱ
393 1216 573 1284 νομαὶ
612 1213 733 1269 τῶν
778 1215 1110 1284 ποιμένων,
1151 1217 1253 1272 καὶ
1305 1215 1610 1286 ἐξηράνοη
1650 1217 1887 1287 κορυφὴ

293 1305 403 1359 τοῦ
451 1304 802 1372 Καρμήλου.

364 1401 443 1452 Γν.
475 1401 638 1463 Ὀλος
677 1402 810 1472 ἡμῖν
841 1403 899 1454 ἐν
929 1402 1139 1467 τούτοις
1183 1405 1210 1457 ὁ
1242 1405 1342 1474 τῆς
1375 1406 1714 1476 προφητείας
1770 1405 1888 1460 δια-

289 1493 552 1559 φαίνεται
608 1492 830 1557 σκοπὸς,
885 1495 978 1547 καὶ
1037 1495 1133 1548 τοῦ
1180 1496 1382 1559 παντὸς
1415 1499 1890 1568 χρησμῳδήματος

1412 1589 1653 1660 ἀσαφείᾳ
1717 1590 1885 1662 πολλῇ

288 1680 746 1751 κατεσκιασμένη
780 1681 935 1732 νοοῖτ’
967 1679 1032 1734 ἂν
1057 1681 1280 1744 εἰκότως
1306 1683 1338 1752 ἠ
1370 1681 1463 1734 τοῦ
1520 1683 1885 1753 προκειμένου

285 1772 544 1842 δύναμις·
580 1773 875 1842 πεποίηται
901 1774 999 1842 μὲν
1030 1772 1138 1842 γὰρ
1168 1773 1240 1836 ὡς
1267 1772 1325 1838 ἐξ
1348 1773 1662 1844 ὁμοιότητός
1691 1791 1749 1826 τε
1800 1775 1892 1827 καὶ

290 1864 616 1933 μεταφορᾶς
654 1866 682 1916 ό
713 1863 892 1931 λόγος,
933 1864 1030 1916 καὶ
1062 1862 1138 1926 ὡς
1180 1865 1244 1916 ἐκ
1271 1865 1364 1916 τοῦ
1397 1865 1703 1934 πεφυκότος
1754 1883 1892 1935 συμ-

285 1954 504 2006 ϐαίνειν
540 1956 662 2015 ταῖς
701 1953 1031 2024 εὖπρέμνοις
1065 1953 1174 2007 τῶν
1209 1955 1351 2024 ὀρῶν
1394 1959 1678 2026 κορυφαῖς,
1711 1956 1742 2027 ἢ
1779 1960 1891 2022 τοῖς

285 2045 654 2116 ἐψιλωμένοις
679 2045 790 2098 τῶν
825 2044 1022 2098 πεδίων
1047 2045 1159 2097 ἐσθ’
1195 2047 1306 2100 ὅτε.
1333 2048 1470 2117 Ὀρη
1500 2046 1599 2117 μὲν
1633 2047 1741 2118 γὰρ
1770 2048 1891 2100 καί·-

285 2156 368 2192 τοι
399 2139 632 2208 δρυμοῖς
659 2137 937 2206 κομῶντα,
966 2137 1060 2191 καὶ
1090 2137 1289 2203 ξύλοις,
1336 2137 1526 2200 πεδιὰς
1565 2138 1622 2191 δὲ
1655 2134 1723 2192 αῦ
1759 2139 1886 2192 πολ-

285 2231 350 2300 λῇ
382 2230 480 2282 καὶ
510 2229 821 2299 ἀμφιλαφεῖ
844 2231 909 2299 τῇ
944 2228 1050 2301 πόᾳ
1095 2231 1537 2301 κατεστεμμένη,
1592 2231 1889 2300 καταφθεί-

290 2319 481 2390 ροντός
509 2335 656 2380 τινος
682 2317 714 2388 ἣ
745 2316 935 2387 λοιμοῦ
987 2317 1150 2387 τυχὸν
1169 2361 1183 2385 ,
1220 2318 1390 2388 ἤγουν
1435 2320 1622 2390 ἑτέρου
1655 2337 1748 2372 του
1777 2321 1886 2374 τῶν

286 2412 345 2476 ἐξ
370 2411 536 2483 ἀέρος
570 2411 1047 2481 ἀρρωστημάτων,
1096 2411 1376 2481 ἀδοκήτως
1416 2413 1718 2468 αὑαίνεται.
1757 2415 1885 2468 Δια-

285 2505 483 2558 πίπτει
511 2503 568 2556 δὲ
594 2501 738 2555 οὕτω
762 2505 856 2556 καὶ
879 2503 949 2557 τὰ
976 2503 1317 2576 ἀνθρώπινα,
1352 2505 1446 2558 καὶ
1471 2509 1887 2578 κατασκήπτου-

287 2615 370 2650 σιν
395 2596 511 2649 ἐσθ’
535 2597 626 2649 ὅτε
656 2596 866 2650 ’πόλεων
895 2598 988 2651 καὶ
1017 2597 1210 2669 χωρῶν
1237 2599 1455 2668 πικραὶ,
1493 2601 1585 2653 καὶ
1613 2600 1885 2655 δύσοιστοι.

287 2688 594 2759 συμφοραὶ,
623 2687 986 2753 διολλύουσαι,
1024 2690 1122 2742 κα)⁴
1163 2689 1628 2760 καταφθείρουσαι
1691 2690 1884 2762 μικρόν

282 2798 338 2832 τε
372 2779 472 2832 καὶ
499 2779 696 2849 μέγαν.
737 2779 890 2842 Τίνος
910 2780 1018 2848 γὰρ
1049 2779 1114 2833 ἂν
1139 2781 1387 2849 φείσαιτο
1413 2782 1689 2852 πολεμίων
1708 2783 1878 2852 ξίφος,

281 2871 338 2940 ἢ,
370 2871 508 2940 φέρε
533 2872 732 2933 εἰπεῖν,
758 2869 984 2940 λοιμός;
1017 2872 1223 2942 ’Λρδην
1261 2874 1544 2945 ἀποκείρει
1577 2876 1669 2927 καὶ
1696 2877 1788 2928 τὸν
1825 2879 1882 2928 ἐν

288 1586 416 1653 ὅρος
452 1584 647 1654 ὥσπερ
682 1603 783 1648 τις,
816 1589 910 1639 καὶ
942 1588 1350 1658 προαφὴγησις,

280 2963 526 3035 πλούτῳ,
577 2966 673 3018 καὶ
732 2965 933 3031 δόξαις,
985 2966 1079 3019 καὶ
1110 2968 1449 3031 δυναστείαις
1487 2968 1746 3040 διαφανῆ,
1787 2970 1882 3023 καὶ

2077 1030 2241 1100 252
2285 1033 2449 1088 Vens.
2479 1033 2532 1087 2.
2566 1032 2633 1085 Et
2661 1035 2791 1086 dixit
2826 1048 2844 1086 :
2876 1033 3135 1088 Dominus
3165 1035 3228 1088 de
3269 1034 3395 1089 Sion
3442 1037 3588 1088 (ocu-

2001 1133 2083 1175 tus
2109 1135 2206 1187 est,
2232 1135 2279 1176 et
2319 1124 2383 1176 de
2405 1123 2701 1178 Jerusalem
2727 1126 2867 1179 dedit
2899 1143 3073 1180 vocem
3127 1143 3302 1192 suam,
3350 1138 3398 1181 et
3437 1128 3590 1182 luxe-

2000 1226 2118 1267 runt
2152 1232 2349 1282 pascua
2370 1226 2662 1286 pastorum,
2698 1232 2744 1272 et
2787 1221 3080 1274 exsiccatus
3122 1230 3197 1273 es:
3251 1232 3424 1276 vertex
3469 1223 3591 1276 Car-

1996 1308 2137 1360 meli.

2067 1397 2152 1452 lll.
2178 1400 2232 1454 lu
2257 1401 2342 1455 his
2365 1402 2545 1456 verbis
2570 1411 2710 1457 totus
2735 1404 3029 1472 prOphetize
3053 1419 3248 1474 scepus
3279 1405 3436 1460 nobis
3467 1407 3585 1460 elu-

1997 1493 2181 1557 cescit,
2213 1503 2266 1547 et
2295 1493 2535 1548 vaticinii
2564 1494 2800 1549 universi
2836 1496 2991 1563 quasi
3056 1496 3344 1564 terminus,
3388 1513 3585 1567 propo-

1993 1584 3168 1654 sitorumqueverborumsententia,merito
3229 1599 3286 1642 ιιι
3335 1592 3584 1659 quaedam

1997 1677 2356 1744 praegrediens
2379 1679 2641 1744 narratio,
2683 1678 3016 1733 obscuritate
3040 1679 3206 1732 multa
3263 1680 3586 1735 obumbrata

1996 1767 2314 1836 accipiatur.
2390 1771 2614 1823 Constat
2657 1770 2798 1824 enim
2855 1771 3207 1825 similitudine
3249 1773 3478 1841 quatiam
3532 1782 3588 1826 et

1993 1861 2312 1927 metaphora
2331 1861 2531 1927 oratio,
2561 1877 2658 1917 ceu
2689 1878 2754 1915 ex
2776 1876 2840 1916 eo
2861 1863 3001 1930 quod
3032 1877 3416 1930 nonnunquam
3443 1863 3588 1931 jugis

1993 1953 2517 2008 montiuinarbustis
2582 1954 2922 2020 ﬂorentibus,
2974 1963 3070 2008 aut
3115 1956 3322 2024 campis
3373 1957 3587 2010 nudatis

1994 2043 2130 2096 solet
2151 2043 2388 2098 evenire.
2417 2044 2625 2100 Montes
2655 2047 2820 2109 enim,
2852 2045 3102 2114 quamvis
3150 2046 3302 2101 silvis
3350 2059 3405 2103 et
3435 2048 3589 2103 arbo-

1991 2130 2140 2186 ribus
2168 2135 2388 2198 comati,
2421 2143 2475 2189 et
2503 2134 2757 2204 planities
2795 2136 2962 2190 multo
3014 2145 3070 2190 et
3119 2137 3286 2191 denso
3339 2139 3587 2206 gramine

1989 2228 2313 2294 convestita,
2345 2239 2729 2297 corrumpente
2757 2240 2849 2282 aut
2899 2241 3046 2299 peste
3094 2230 3344 2295 fortasse,
3367 2242 3458 2284 aut
3479 2232 3584 2287 alia

1989 2312 2111 2366 eteli
2135 2313 2239 2381 lue,
2261 2327 2482 2384 repente
2513 2326 2858 2371 exarescant.
2889 2319 2980 2372 Sic
3011 2318 3172 2372 etiam
3216 2334 3306 2373 res
3333 2319 3585 2374 humana:

1988 2405 2321 2475 dilabuntur,
2347 2418 2402 2464 et
2455 2411 2723 2465 interdum
2779 2412 2943 2467 urbes
3000 2427 3062 2466 ac
3096 2414 3343 2482 regiones
3375 2415 3586 2469 acerba:

1987 2498 2327 2555 calamitates
2356 2511 2409 2556 et
2447 2504 2533 2556 vix
2560 2504 2867 2558 tolerabiles
2893 2505 3222 2572 opprimunt,
3248 2522 3366 2574 qua:
3391 2521 3583 2576 magna

1982 2589 2132 2661 juxta
2165 2607 2228 2645 ac
2251 2608 2415 2662 parva
2448 2599 2693 2662 perdunt,
2726 2607 2886 2663 atque
2917 2611 2946 2649 e
2993 2598 3168 2651 medio
3221 2598 3436 2652 tollunt.
3483 2599 3584 2654 Cui

1990 2683 2134 2737 enim
2165 2692 2256 2737 aut
2281 2684 2495 2738 hostilis
2519 2686 2746 2755 gladius,
2773 2702 2977 2755 qumso,
3002 2699 3095 2741 aut
3123 2690 3300 2758 potius
3333 2692 3584 2758 pestilen-

1987 2775 2058 2828 tia
2086 2776 2320 2843 parcat?
2343 2775 2602 2832 Funditus
2626 2777 2850 2832 demetit
2897 2788 3004 2833 tam
3056 2781 3279 2846 divitiis,
3313 2783 3478 2849 gloria
3529 2793 3584 2837 et

1987 2869 2228 2934 potentia
2263 2869 2681 2937 praecellentem,
2706 2884 2867 2937 quam
2914 2873 3203 2925 obscurum
3254 2886 3418 2943 atque
3477 2877 3577 2931 ab-

1981 2959 2207 3029 jectum.
2242 2959 2511 3029 Propheta
2539 2961 2703 3029 igitur
2728 2977 2870 3016 nunc
2918 2979 3079 3032 quam
3124 2969 3578 3023 accommodatis-

278 3056 371 3108 τὸν
408 3057 629 3127 ἄσημόν
687 3075 745 3110 τε
801 3059 894 3111 καὶ
933 3059 1392 3131 κατερριμμένον.
1450 3061 1645 3129 Γέγονε
1703 3064 1879 3117 τοίνυν

1986 3053 2123 3107 sime
2152 3063 2408 3108 consueta
2445 3052 2546 3108 sibi
2585 3052 2794 3107 locutus
2823 3063 2926 3108 est.
2961 3056 3382 3113 Pascebatenim
3411 3075 3566 3124 oves,

276 3148 356 3218 τῷ
383 3150 649 3220 προφήτῃ
674 3151 792 3202 νυνὶ
819 3149 1046 3220 πρέπων
1068 3151 1150 3204 ὅτι
1180 3150 1414 3221 μάλιστα
1441 3155 1553 3216 τοῖς
1581 3153 1729 3224 αὖτῷ
1750 3173 1881 3208 κατ-

274 3240 618 3314 ειθισμένοις
660 3241 893 3309 όλόγος.
937 3237 1046 3296 1Ἠν
1095 3243 1224 3314 γὰρ,
1278 3244 1354 3308 ὡς
1409 3244 1566 3316 ἔφην,
1622 3248 1875 3314 αἰπόλος,

273 3333 374 3385 καὶ
406 3333 711 3403 πεποίηται
737 3333 838 3405 τὴν
859 3333 1065 3405 τροπὴν
1091 3335 1166 3397 ὡς
1201 3336 1264 3387 ὲκ
1289 3335 1383 3388 τοῦ
1415 3336 1878 3408 καταφθείρεσθαι

274 3426 547 3490 πολλάκις
575 3425 674 3490 τὰς
693 3427 800 3480 τῶν
831 3426 1166 3498 θρεμμάτων
1197 3429 1388 3499 νομάς.
1432 3429 1530 3492 Τίς
1559 3427 1652 3484 οῦν
1693 3430 1721 3482 6
1772 3431 1879 3485 τῶν

272 3509 598 3589 εἰρημένων
651 3517 1021 3590 ἀληθέστερος
1079 3519 1236 3586 νοῦς;
1279 3520 1633 3590 Ἐφθέγξατο,
1677 3525 1874 3593 φησὶν,

269 3611 338 3661 ἐκ
374 3607 523 3661 Σιὼν
557 3611 586 3662 6
615 3608 839 3681 Κύριος,
869 3611 945 3674 ὡς
976 3610 1036 3677 ἐξ
1071 3611 1204 3664 ἰδίου
1232 3613 1421 3676 τόπου,
1455 3613 1555 3666 καὶ
1587 3614 1645 3681 ἐξ
1681 3616 1878 3686 Ἰερου-

269 3702 489 3773 σαλὴμ,
525 3702 603 3764 ὡς
641 3703 708 3756 ἐκ
737 3703 1073 3774 νεμηθείσης
1123 3703 1296 3775 αὐτῷ,
1327 3704 1443 3758 ἔστι
1478 3707 1578 3777 μὲν
1627 3707 1736 3780 γάρ
1777 3710 1878 3763 οὐκ

265 3797 327 3846 ἐν
359 3795 522 3865 τόπῳ
544 3795 605 3848 τὸ
629 3794 940 3866 ἀσώματον.
970 3795 1194 3867 Ἐπειδὴ
1218 3796 1274 3849 δὲ
1300 3792 1368 3868 ἦν
1395 3799 1453 3850 ὲν
1486 3800 1600 3862 τοῖς
1643 3801 1874 3870 Ἱεροσο-

266 3885 474 3956 λύμοις
501 3887 529 3938 6
569 3884 856 3956 διαϐόητος
889 3886 1097 3949 ἐκεῖνος
1151 3887 1305 3951 ναὸς,
1365 3885 1540 3938 ἐδόκει
1590 3904 1707 3956 πως
1748 3887 1876 3952 ἴδιος

267 3975 552 4048 ὑπάρχειν
581 3977 610 4028 6
640 3975 818 4047 χῶρος
848 3975 1037 4039 αὑτοῦ,
1077 3975 1218 4030 κατά
1247 3992 1311 4044 γε
1326 3975 1424 4046 τὴν
1453 3975 1562 4028 τῶν
1591 3977 1877 4048 ἀρχαιοτέ-

270 4084 387 4138 ρων
429 4065 726 4136 ὑπόληψιν,
765 4066 941 4136 μικρά
996 4066 1342 4138 φρονούντων
1402 4066 1483 4119 ἔτι
1538 4069 1666 4138 περὶ
1714 4068 1873 4122 Θεοῦ.

264 4157 424 4210 Ἀντὶ
451 4156 510 4209 δὲ
537 4156 633 4209 τοῦ
693 4174 713 4206 ι
754 4156 1077 4226 ἐφθέγξατο,
1121 4177 1138 4208 ι
1199 4158 1413 4212 τέθεικε
1460 4159 1569 4213 τῶν
1609 4159 1876 4231 Ἐϐραίων

264 4254 298 4321 ή
335 4248 561 4311 ἕκδοσις
596 4267 613 4300 ι
649 4247 927 4320 ὠρόσατο,
955 4267 972 4298 ι
999 4249 1117 4319 ἦτοι
1141 4249 1614 4320 ἐϐρυχήσατο,τὸν
1643 4251 1875 4305 λεόντων

263 4343 460 4412 νόμον.
487 4336 560 4394 Οῦ
579 4341 644 4410 δὴ
664 4341 970 4410 γεγονότος,
995 4359 1013 4391 ι
1041 4342 1398 4412 Ἐπὲνθησαν,
1419 4344 1604 4414 φησὶν,
1637 4346 1690 4396 αί
1712 4345 1876 4414 νομαὶ

1985 3154 2041 3198 ιιι
2071 3146 2329 3208 dixinms,
2361 3155 2416 3200 et
2443 3146 2696 3214 quoniam
2721 3160 2920 3214 pascua
2947 3162 3200 3216 pecorum
3257 3167 3400 3222 saepe
3447 3169 3576 3208 cor-

1982 3249 2322 3306 rumpuntur,
2361 3239 2484 3292 inde
2511 3238 2918 3293 similitudinem
2955 3251 3037 3295 est
3063 3253 3383 3310 aucupatus.
3439 3246 3572 3312 Quis

1981 3345 2110 3398 ergo
2138 3330 2242 3384 erit
2274 3330 2559 3384 verborum
2584 3331 2762 3385 verior
2785 3334 3015 3388 sensus?
3055 3333 3292 3391 Locutus
3339 3346 3442 3403 est,
3500 3341 3580 3393 iu~

1979 3425 2118 3492 quit,
2157 3440 2222 3478 ex
2257 3423 2385 3478 Sion
2418 3424 2696 3489 Dominus,
2731 3437 2787 3479 ut
2823 3442 2888 3480 ex
2927 3427 3043 3481 loco
3077 3431 3292 3500 proprio
3316 3441 3370 3486 et
3399 3450 3463 3486 ex
3489 3432 3581 3488 Jc~

1981 3517 2238 3580 rusalem,
2273 3527 2328 3570 ut
2359 3517 2458 3570 sibi
2489 3517 2787 3586 attribulo;
2828 3537 2930 3573 non
2965 3522 3106 3573 enim
3157 3525 3299 3591 quod
3353 3540 3578 3594 corpore

1979 3617 2156 3674 vacat,
2194 3607 2310 3661 loco
2341 3607 2672 3662 continetur.
2707 3611 2841 3675 Quia
2871 3626 3000 3665 vero
3046 3612 3433 3683 Hierosolymis
3459 3630 3580 3670 erat

1981 3697 2240 3765 templum
2272 3697 2398 3751 illud
2435 3697 2670 3764 celebre,
2705 3700 2990 3754 videbatur
3009 3703 3408 3770 quodammodo
3427 3705 3576 3761 locus

1981 3790 2128 3845 illius
2163 3791 2435 3860 proprius,
2465 3792 2606 3859 quod
2645 3802 2857 3848 veteres
2888 3794 3273 3863 opinabantur,
3322 3799 3448 3866 quia
3475 3800 3576 3852 hu-

1981 3879 2125 3933 milia
2161 3879 2337 3933 adhuc
2362 3880 2427 3932 de
2456 3879 2567 3935 Deo
2596 3883 2926 3936 sentiebant.
2953 3883 3078 3950 Pro,
3117 3903 3136 3936 ι
3170 3885 3380 3942 locutus
3425 3899 3529 3954 est,
3553 3908 3569 3939 ι

1979 3971 2201 4027 llebraza
2232 3972 2397 4027 editio
2423 3973 2586 4026 habet
2618 3991 2637 4024 ι
2664 3974 2908 4042 ululavit,
2941 3994 2961 4025 ι
2989 3977 3122 4041 sive,
3159 3995 3178 4027 ι
3209 3979 3388 4046 rugiit,
3420 3998 3438 4032 ι
3466 3981 3577 4034 leo-

1979 4080 2106 4120 num
2143 4079 2292 4119 more
2313 4063 2584 4119 videlicet.
2618 4064 2734 4130 Quo
2761 4065 2926 4133 facto,
2969 4085 2987 4117 ι
3051 4065 3354 4136 Luxerunt,
3377 4070 3571 4140 inquit,

1977 4173 2176 4227 pascua
2211 4166 2512 4227 pastorum.
2554 4175 2572 4207 ι
2611 4156 2964 4223 Quonomine
2987 4157 3410 4229 alienigenarum
3438 4179 3572 4231 gen-

1985 4259 2065 4304 tes
2094 4250 2372 4319 intelligit,
2415 4249 2755 4317 principibus
2803 4250 2916 4304 suis
2967 4261 3224 4318 tanquam
3260 4254 3573 4321 pastoribus

1979 4342 2305 4411 quibusdam
2331 4340 2624 4410 subjectas,
2645 4342 2734 4410 qui
2765 4341 2828 4394 ad
2852 4343 3030 4396 omnia
3067 4343 3196 4412 ipsis
3221 4344 3455 4399 collibita
3480 4362 3573 4415 po—

263 4410 382 4487 166v
409 4432 710 4504 ποιμένων.
747 4452 766 4485 ι
800 4433 994 4502 Νομάς
1045 4432 1103 4486 δὲ
1136 4410 1527 4503 ποιμένων-τὰ
1572 4435 1679 4489 τῶν
1712 4410 1871 4490 ἀλλο-

1984 4410 2136 4502 pulos
2161 4432 2668 4502 subjectosgrapiunt
2691 4442 2984 4501 aguntque.
3014 4410 3354 4489 «Lu'xeruut:
3387 4410 3569 4507 igitur,

264 4522 461 4592 φύλων
496 4521 624 4592 ἔθνη
656 4521 813 4591 φησὶ,
843 4521 1097 4592 καθάπερ
1133 4521 1246 4574 σιτισλ⁸
1295 4522 1519 4592 ποιμέσι
1551 4525 1664 4586 τοῖς
1693 4524 1873 4578 αὐτῶν

263 4615 576 4687 κρατοῦσιν
617 4615 1042 4685 ὑπεστρωμένα,
1087 4614 1139 4667 οἳ
1197 4613 1334 4686 πρὸς
1387 4616 1496 4669 πᾶν
1544 4615 1724 4669 ὁτιοῦν
1764 4616 1872 4670 τῶν

262 4707 418 4761 κατά
439 4706 668 4777 γνώμην
701 4707 886 4769 αὐτοῖς
911 4706 1104 4774 ἄγουσί
1126 4723 1186 4760 τε
1221 4707 1316 4760 καὶ
1352 4706 1578 4779 φέρουσι
1611 4709 1738 4771 τοὺς
1768 4709 1874 4762 ὑπὸ

262 4801 468 4870 χεῖρας
514 4796 701 4860 λαούς.
744 4815 764 4848 ι
800 4798 1139 4870 Ἐπένθησαν
1170 4818 1190 4850 ι
1220 4798 1400 4853 τοίνυν
1419 4843 1433 4867 ,
1464 4799 1744 4854 τουτέστιν
1764 4839 1780 4864 ,
1815 4803 1873 4855 ὲν

267 4889 632 4960 κατηφείαις,
659 4889 754 4942 καὶ
780 4891 838 4943 ἐν
857 4891 1023 4944 παντὶ
1048 4890 1305 4960 γεγόνασι
1321 4891 1498 4964 κακῷ.
1517 4892 1736 4947 Γίνεται
1760 4895 1870 4967 γάρ

262 4979 474 5044 πένθος
514 4981 609 5033 ἐπὶ
633 4983 870 5050 νεκροῖς.
927 4981 1111 5035 Αἴτιον
1143 4981 1201 5035 δὲ
1222 4983 1322 5053 τῆς
1355 4985 1645 5057 συμφορᾶς
1683 4985 1870 5050 αὐτοῖς

259 5073 328 5128 τὸ
356 5072 890 5144 καταὸρυχήσασθαι
951 5073 1044 5127 τὸν
1089 5073 1244 5142 Θεὸν,
1289 5075 1384 5128 καὶ
1423 5073 1536 5131 οἷον
1574 5077 1871 5148 ἀπειλῆσαι

258 5165 360 5217 τὸν
397 5162 647 5235 ὄλεθρον.
686 5182 702 5214 ι
729 5164 882 5216 Λέων
905 5163 1014 5235 γὰρ
1047 5163 1352 5236 ὲρεύξεται,
1375 5167 1468 5219 καὶ
1494 5165 1580 5230 τίς
1606 5166 1666 5221 οὐ
1701 5167 1873 5238 φοϐη-

259 5255 536 5327 θήσεται;
563 5274 580 5306 ι
617 5252 846 5325 Πλὴνού
881 5255 1043 5325 μόνον
1077 5255 1382 5328 ἐπένθησαν
1432 5258 1486 5309 αἱ
1547 5260 1710 5329 νομαὶ
1760 5258 1870 5312 τῶν

257 5346 560 5416 ποιμνίων,
594 5346 872 5416 ἐξηράνθη
905 5346 961 5400 δὲ
1021 5347 1159 5418 πρὸς
1208 5346 1513 5418 τούτῳκαὶ
1568 5350 1601 5419 ὴ
1653 5353 1866 5423 κορυφὴ

256 5436 360 5491 τοῦ
385 5437 715 5508 Καρμήλου,
756 5438 1024 5501 τουτέστι,
1058 5438 1125 5491 τὰ
1160 5439 1529 5510 Ἰεροσόλυμα.
1559 5440 1864 5511 Κάρμηλος

259 5528 370 5599 μὲν
409 5529 520 5598 γὰρ
553 5527 678 5600 ὅρος
727 5529 878 5581 ἐστὶν
932 5531 989 5582 ὲν
1021 5532 1087 5600 τῇ
1134 5530 1243 5584 τῶν
1272 5532 1545 5585 Ἰουδαίων
1606 5533 1859 5602 κείμενον

265 5621 453 5694 χώρᾳ,
489 5623 546 5672 ἐν
572 5612 617 5686 ᾧ
647 5619 744 5673 καὶ
788 5620 1109 5691 κατῴκησεν
1133 5623 1161 5673 ὁ
1198 5622 1463 5696 Θεσόίτης
1506 5624 1713 5688 Ἠλίας.
1751 5625 1868 5679 Κα-

344 5804 366 5836 ⁶
400 5803 572 5858 Amos
604 5816 690 5861 ιιι,
718 5800 770 5856 8.

1983 4525 2086 4579 huc
2113 4534 2218 4590 est,
2247 4524 2298 4578 in
2319 4523 2645 4579 maeroribus
2669 4523 2891 4578 etmalis
2910 4525 3163 4581 omnibus
3192 4528 3392 4582 versati
3423 4540 3570 4583 sunt.

1982 4614 2184 4670 Luctus
2208 4615 2350 4668 enim
2386 4628 2551 4684 super
2576 4614 2806 4669 mortuis
2824 4615 3140 4684 suscipitur.
3194 4616 3368 4672 Causa
3390 4627 3570 4673 autem

1984 4707 2324 4761 miseriarum
2363 4707 2516 4776 ipsis,
2543 4708 2686 4777 quod
2715 4704 2857 4763 Deus
2882 4709 3156 4780 rugiisset,
3187 4721 3241 4766 et
3275 4713 3572 4782 perniciem

1966 4798 2073 4854 illis
2102 4797 2258 4868 quasi
2283 4797 2521 4852 minatus
2543 4808 2716 4854 esset.
2743 4818 2761 4851 ι
2806 4799 2915 4855 Leo
2943 4802 3140 4870 rugiet,
3177 4804 3300 4874 quis
3347 4821 3456 4860 non
3504 4807 3572 4860 ti-

1977 4891 2144 4945 mebit
2177 4890 2243 4943 εἳ
2271 4909 2290 4942 ι
2328 4888 2813 4948 Verumenimvero
2845 4909 2952 4947 non
2987 4895 3146 4950 modo
3200 4895 3570 4967 luxeruntpa-

1975 4997 2125 5047 seua,
2151 4981 2314 5051 253
2343 4981 2564 5050 insuper
2586 4990 2640 5035 et
2661 4991 2851 5038 vertex
2882 4982 3116 5040 Carmeli
3144 4986 3450 5042 exsiccatus
3464 4999 3568 5054 est,

1978 5083 2125 5144 puta,
2151 5072 2548 5142 Hierosolyma.
2581 5072 2866 5130 Carmelus
2890 5076 3033 5130 enim
3061 5092 3218 5134 mons
3247 5089 3329 5134 est
3348 5077 3569 5144 Judceae,

1977 5169 2029 5218 in
2060 5179 2169 5235 quo
2200 5172 2254 5220 et
2284 5163 2430 5219 Elias
2456 5163 2743 5222 Thesbites
2776 5167 3062 5223 habitavit.
3109 5169 3448 5240 Frequenter
3469 5185 3567 5223 au-

1982 5267 2094 5313 tem
2132 5258 2289 5313 tellus
2317 5256 2626 5314 Judaeorum
2659 5259 2895 5317 Carmeli
2945 5263 3208 5318 vocabulo
3263 5264 3561 5317 indicatur:

1977 5351 2137 5420 quale
2167 5362 2269 5416 est,
2306 5352 2447 5420 quod
2471 5367 2602 5408 voce
2628 5354 2850 5408 alterius
2868 5355 3144 5423 prophetae
3181 5355 3246 5408 ad
3310 5355 3450 5409 ﬁlios
3483 5355 3565 5409 ls-

1979 5444 2086 5496 rael
2109 5461 2136 5497 a
2165 5444 2272 5496 Deo
2299 5445 2496 5498 dicitur
2531 5461 2543 5496 :
2584 5465 2602 5497 ι
2637 5446 2703 5499 Ει
2738 5446 2924 5499 induxi
2956 5461 3048 5499 vos
3072 5447 3123 5499 in
3147 5444 3478 5513 Carmelum,
3507 5459 3564 5502 ut

1977 5535 2336 5589 comederetis
2367 5535 2504 5589 bona
2542 5536 2660 5604 ejus
2680 5547 2730 5590 et
2763 5535 2973 5590 fructus
3031 5536 3168 5603 ejus.
3218 5537 3282 5591 Et
3326 5537 3562 5608 ingressi

1975 5629 2130 5694 estis,
2165 5639 2218 5684 et
2257 5627 2669 5683 contaminastis
2705 5638 2901 5684 terram
2929 5643 3124 5697 meam,
3159 5641 3213 5687 et
3276 5631 3564 5688 haeredita-
