4054 6450
522 349 633 408 419

1510 340 1576 401 S.
1618 338 1896 399 CYRlLLl
1932 332 2404 391 ALEXANDRINI
2441 328 2761 391 ARCHIEP.

3684 334 3787 392 £20

524 474 632 520 tem
659 475 833 517 meam
861 458 1120 530 posuistis
1152 458 1206 512 in
1234 454 1694 512 abominationem
1730 457 1775 510 ⁷.
1807 474 1827 508 ι
1861 454 2112 521 Quando-

2216 454 2611 525 τασημαενεται
2636 451 2693 505 δὲ
2723 449 2984 513 πολλάκις
3038 450 3072 520 ή
3123 448 3230 502 τῶν
3259 445 3530 500 Ἰουδαίων
3576 447 3648 516 γῆ
3704 447 3790 505 διὰ

523 555 741 624 quidem
776 551 944 621 igitur
975 550 1117 605 inter
1138 547 1336 603 ludatur
1355 549 1606 603 civitates
1630 547 1861 602 nobilior
1880 555 1937 600 et
1990 544 2114 599 illu-

521 646 687 702 strior
709 641 1083 712 Hierosolyma
1116 641 1256 695 dicta
1281 648 1387 704 est,
1439 639 1613 709 ipsam
1661 638 1896 694 Carmeli
1945 636 2111 691 verti-

521 749 642 790 cem
692 732 943 804 appellat,
993 741 1052 787 ut
1096 731 1266 800 gloria
1315 730 1634 793 exaltatam,
1674 740 1734 783 ut
1782 727 2109 785 excellentia

526 832 894 892 pratetantem,
925 832 986 877 ut
1017 830 1217 891 praeter
1247 819 1382 873 alias
1409 819 1765 888 conspicuam
1825 826 1936 872 tum
1982 832 2110 886 pro-

523 918 644 981 pter
701 911 942 966 divinum
1001 908 1286 978 templum,
1336 916 1449 962 tum
1480 917 1706 977 propter
1772 922 1868 963 eos
1918 907 2108 977 quiex

537 1002 682 1057 tribu
712 1000 848 1057 Juda
870 1000 999 1057 olim
1017 999 1089 1055 ibi
1114 1008 1497 1070 regnaverunt.
1522 998 1712 1055 Solent
1767 1008 1945 1054 autem
1976 1012 2106 1053 san-

524 1093 598 1148 cti
613 1093 889 1162 prophetat
910 1092 1072 1147 verba
1105 1107 1202 1148 sua
1223 1090 1647 1147 obscuritatibus
1675 1090 1968 1155 involvere,
1991 1103 2112 1159 pro-

524 1194 647 1255 pter
676 1184 1085 1240 immoderatam
1126 1183 1464 1237 audientium
1488 1181 1660 1249 iram;
1693 1197 1800 1237 non
1822 1180 1964 1237 enim
1992 1163 2129 1235 sine

524 1275 912 1345 integumentis
937 1289 1032 1330 eos
1068 1273 1217 1344 loqui
1267 1283 1606 1345 paterentur,
1670 1272 1895 1326 nimium
1937 1285 2112 1341 quan-

525 1376 636 1420 tum
670 1366 897 1420 audacia
927 1364 1195 1429 furentes,
1226 1376 1282 1419 et
1304 1365 1425 1420 illos
1473 1365 1817 1432 increparent
1864 1375 1930 1417 ac
1961 1361 2109 1417 dice-

523 1468 690 1513 rent:
740 1457 859 1511 Alia
903 1457 1058 1512 nobis
1117 1456 1426 1528 loquimini,
1473 1463 1531 1513 et
1591 1453 1910 1511 annuntiate
1950 1451 2106 1507 nobis

520 1547 678 1601 aliam
704 1547 968 1602 fabulam.

521 1637 792 1702 λεύοντας.
850 1638 1013 1702 Ἐθος
1105 1636 1165 1691 δὲ
1222 1639 1338 1702 τοίς
1420 1638 1603 1707 ἁγίοις
1647 1636 1961 1709 προφήταις
2022 1628 2434 1700 κατακρύπτειν
2502 1628 2627 1687 ταῖς

520 1731 775 1802 ἀχάλινον
842 1733 925 1796 εἰς
992 1729 1164 1803 ὀργὴν
1221 1731 1332 1806 τῶν
1425 1731 1815 1802 ἀκροωμένων.
1876 1730 1950 1783 Ού
2017 1726 2126 1798 γὰρ
2200 1723 2265 1778 ἂν

2090 1815 2400 1888 προφήταις
2454 1811 2859 1884 ἐπιτιμῶντες,
2939 1814 3032 1869 καὶ
3100 1813 3389 1884 λέγοντεςο
3447 1817 3617 1872 ’Δλλα
3671 1819 3815 1888 ἡμῖν

521 1820 922 1893 ἀνεπτοημένοι
970 1821 1141 1893 πρὸς,
1174 1820 1416 1893 θράσος,
1482 1824 1579 1876 καὶ
1670 1823 1786 1884 τοῖς
1835 1819 2012 1888 ἁγίοις

521 1913 767 1977 λαλεῖτε,
784 1960 797 1972 ,
819 1911 916 1965 καὶ
945 1909 1309 1979 ἀναγγέλλετε
1338 1912 1532 1983 ἑτέραν
1560 1910 1847 1981 πλάνησιν.

2213 545 2314 614 τῆς
2351 543 2446 597 τοῦ
2474 530 2770 614 Καρμήλου
2800 539 3192 613 προσηγορίας.
3245 538 3460 592 Ὀποίὀν
3483 539 3601 592 ἐστι
3621 539 3683 592 τὸ
3704 539 3791 593 διὰ.

2213 634 2399 704 φωνῆς
2447 632 2634 702 ἐτέρου
2689 631 2970 702 προφήτου
3025 627 3162 699 πρὸς
3214 628 3341 690 τοὺς
3388 627 3539 692 υἱοὺς
3578 626 3793 701 Ἰσραὴλ

2212 723 2504 797 εἰρημένον
2537 723 2693 795 παρά
2717 721 2877 775 Θεοῦ·
2912 742 2930 774 ι
2961 721 3072 775 Καὶ
3101 721 3395 791 εἰσήγαγον
3420 720 3565 789 ἡμᾶς
3588 721 3669 784 εἰς
3698 719 3793 775 τὸν

2208 813 2508 885 Κάρμηλον
2558 811 2651 867 τοῦ
2699 813 2895 881 φαγεῖν
2945 810 3015 863 τὰ
3066 807 3249 878 ἀγαθά
3294 807 3485 875 αὑτοῦ,
3526 809 3619 862 καί⁵
3668 809 3797 872 τοὺς

2208 904 2458 976 καρποὺς
2484 902 2672 965 αὐτοῦ,
2708 904 2803 957 καὶ
2824 900 3127 971 εἰσήλθετε,
3166 901 3261 954 καὶ
3286 900 3541 972 ὲμιάνετε
3562 902 3660 972 τὴν
3692 902 3798 973 γῆν

2218 1011 2344 1065 μου,
2374 992 2470 1061 καί
2494 991 2593 1062 τήν
2615 989 2982 1062 κληρονομίαν
3014 1007 3116 1061 μου
3138 990 3328 1045 ἔθεσθε
3353 992 3433 1055 εἰς
3464 990 3757 1061 βδέλυγμα.
3773 1009 3793 1043 ο

2214 1083 2440 1155 Ἐπειδὴ
2471 1083 2653 1136 τοίνυν
2711 1080 2820 1139 τῶν
2867 1081 3045 1136 ἄλλων
3096 1082 3308 1137 πόλεων
3356 1083 3466 1139 τῶν
3525 1083 3669 1137 κατά
3698 1083 3802 1154 τὴν

2216 1174 2482 1229 Ἰουδαίαν
2518 1171 2914 1244 ὲπισημοτέρα,
2947 1173 3044 1225 κα)⁸
3071 1171 3336 1244 διαφανὴς
3369 1173 3685 1243 ὠνόμασται
3728 1171 3805 1226 τὰ

2228 1262 2599 1336 Ἰεροσόλυμα,
2628 1262 2878 1333 κορυφὴν
2923 1262 3065 1316 αύτά
3116 1261 3212 1316 τοῦ
3268 1263 3570 1335 Καρμήλου
3611 1264 3804 1335 φησὶν,

2217 1357 2294 1420 ὡς
2324 1354 2643 1428 ἐπηρμένην
2669 1355 2726 1409 ἐν
2753 1353 2900 1426 δόξῃ,
2935 1354 3012 1419 ὡς
3038 1354 3382 1428 προύχουσαν
3433 1358 3491 1410 ὲν
3520 1357 3766 1428 ὑπεροχῇ
3787 1395 3806 1419 ,
3924 1366 3941 1427 ;

2214 1446 2291 1509 ὡς
2347 1444 2644 1517 περίοπτον
2692 1444 2844 1515 παρὰ
2904 1443 3002 1507 τὰς
3050 1444 3238 1508 ἄλλας,
3291 1445 3383 1499 διά
3437 1462 3499 1499 τε
3529 1444 3621 1498 τὸν
3657 1444 3810 1498 θεῖον

2212 1536 2363 1601 ναὸν,
2392 1535 2488 1589 καὶ
2510 1535 2637 1597 τοὺς
2694 1535 2760 1589 ὲκ
2801 1534 2977 1605 φυλῆς
3002 1534 3173 1589 Ἰούδα
3218 1536 3360 1590 κατὰ
3399 1535 3592 1609 καιρὸν
3645 1534 3813 1606 βασι-

2720 1626 3012 1696 ἀσαφείαις
3080 1626 3208 1691 τοὺς
3290 1629 3524 1699 λόγους,
3586 1629 3680 1684 διὰ
3744 1628 3815 1681 τὸ

2350 1722 2647 1794 ηνέσχοντο
2718 1719 3022 1776 λαλούντων
3101 1723 3401 1794 ἀναφανδὸν
3475 1724 3611 1779 πολὺ
3682 1724 3815 1776 λίαν

592 2006 758 2061 Vnus.
806 2004 927 2058 5-5.
971 2001 1037 2059 Et
1066 2004 1208 2058 dixit
1260 2002 1520 2059 Dominus
1545 2019 1565 2058 ε
1591 2002 1758 2074 Super
1792 2002 1962 2056 tribus
2004 2001 2108 2053 im-

2276 1994 2388 2049 Καὶ
2410 1989 2541 2048 εἷπε
2570 1989 2944 2063 Κύριος-’Ἐπὶ
2956 1994 3088 2063 ταῖς
3118 1994 3317 2064 τρισὶν
3356 1996 3663 2067 ἀσεϐείαις
3693 2003 3810 2054 Δα-

522 2085 808 2167 pieiatibus
842 2094 1120 2163 Damasci,
1146 2105 1194 2150 et
1223 2111 1382 2165 super
1411 2108 1638 2164 quatuor
1666 2112 1770 2151 non
1812 2102 2110 2148 convertam

2214 2085 2474 2159 μασκοῦ,
2507 2088 2608 2142 καὶ
2649 2086 2750 2141 ἐπὶ
2789 2086 2923 2167 ταῖς
2958 2086 3299 2159 τέσσαρσιν
3342 2091 3455 2145 οὐκ
3494 2093 3814 2162 ἀποστρα-

519 2203 662 2250 eum,
692 2200 753 2239 eo
782 2185 922 2256 quod
952 2185 1214 2239 tacuerint
1253 2187 1416 2241 cerris
1439 2187 1623 2257 ferreis
1656 2187 1712 2241 in
1741 2196 1889 2240 utero
1913 2185 2111 2239 habet»

2208 2178 2482 2249 φήσομαι
2524 2177 2733 2243 αὑτὸν,
2763 2163 2895 2233 ἀτί-θς
2919 2171 3009 2236 ὧν
3054 2178 3291 2248 exputar-
3328 2181 3574 2250 πρίοσιν
3632 2185 3819 2256 man-

521 2287 597 2331 tes
647 2278 701 2329 in
752 2273 980 2330 Galaad.
1038 2274 1106 2333 Et
1142 2277 1272 2329 oriri
1320 2276 1515 2345 faciam
1570 2278 1744 2347 ignem
1791 2278 1848 2332 in
1894 2278 2108 2331 domum

2214 2269 2335 2344 ροῖς
2365 2269 2472 2334 τὰς
2496 2269 2567 2324 ἐν
2596 2268 2811 2339 γαστρί
2845 2269 3113 2342 ἐχούσας
3141 2271 3259 2327 τῶν
3288 2270 3360 2325 ἐν
3384 2273 3636 2327 Γαλαάὸ
3654 2290 3668 2305 ο
3702 2277 3816 2332 καὶ

518 2366 704 2435 Azael,
735 2375 785 2420 et
811 2366 1081 2420 devorabit
1112 2366 1464 2436 fundamenta
1511 2368 1612 2435 ﬁlii
1639 2368 1803 2423 Ader.
1836 2367 1909 2422 Et
1933 2379 2111 2425 conte.-

521 2473 638 2512 ram
687 2466 855 2512 vectes
912 2455 1181 2521 Damasci,
1243 2468 1292 2511 et
1340 2458 1644 2526 disperdam
1695 2458 1994 2515 habitantes
2045 2476 2112 2517 ex

519 2565 704 2618 campo
732 2543 860 2613 Ὧν,
897 2558 944 2601 et
971 2549 1250 2603 concidam
1284 2551 1477 2603 tribum
1511 2566 1578 2604 ea:
1612 2552 1736 2606 uiris
1766 2549 2037 2616 Charrau,
2060 2562 2108 2608 et

520 2638 873 2706 captivabitur
920 2626 1145 2710 papulas
1197 2638 1375 2710 Syrica
1428 2640 1697 2711 inclytus,
1744 2643 1874 2700 dicit
1920 2639 2107 2699 Dom’io

521 2744 638 2783 νινε.

596 2920 690 2978 1V.
718 2920 939 2978 Divinus
978 2922 1192 2995 Moyses
1227 2925 1391 2980 Deum
1411 2934 1469 2980 ut
1500 2926 1700 2982 bonum
1734 2934 1789 2985 et
1811 2927 2109 2997 patientem

522 3011 847 3080 admiratur,
886 3014 1051 3084 idque
1084 3017 1404 3072 rectissime.
1438 3018 1732 3088 Postquam
1774 3020 1920 3074 enim
1944 3018 2111 3074 Israel

523 3102 750 3157 vitulum
779 3102 1035 3159 conﬂavit
1060 3104 1114 3159 in
1147 3105 1458 3173 solitudine,
1483 3120 1545 3163 ac
1581 3108 1746 3164 stulte
1774 3108 1913 3164 dixit
1941 3125 1957 3162 :
1989 3126 2009 3162 ι
2043 3107 2108 3164 lli

520 3206 648 3251 sunt
681 3194 754 3249 dii
780 3197 879 3263 tui,
907 3194 1101 3264 Israel,
1132 3197 1226 3267 qui
1261 3207 1312 3252 te
1339 3197 1645 3254 eduxerunt
1669 3200 1734 3256 de
1763 3208 1908 3255 terra
1939 3199 2108 3272 Egy.

521 3285 599 3353 pti
620 3283 664 3351 ⁸,
695 3302 716 3336 ι
749 3299 854 3339 non
889 3284 1063 3355 potuit
1092 3285 1161 3341 in
1178 3287 1271 3342 Dei
1295 3284 1647 3345 offensionem
1671 3304 1779 3346 non
1806 3290 2107 3346 incurrere.

2210 2359 2555 2426 ἐξανατελῶ
2591 2360 2717 2430 πῦρ
2752 2362 2840 2428 είς
2878 2361 2986 2416 τὸν
3014 2362 3186 2420 οἷκον
3225 2361 3455 2432 Ἁζαὴλ,
3491 2365 3593 2418 καὶ
3626 2382 3817 2420 κατα-

2207 2450 2457 2521 φάγεται
2497 2451 2742 2520 θεμέλια
2782 2449 2917 2506 υἱοῦ
2952 2450 3135 2521 Ἀδέρ.
3174 2452 3286 2506 Καὶ
3328 2454 3643 2523 συντρίψω
3680 2473 3816 2526 μο-

2209 2542 2402 2622 χλοὺς
2435 2541 2778 2612 Δαμασκοῦ,
2807 2542 2907 2605 καί
2935 2541 3348 2615 ἐξολοθρεύσω
3373 2545 3817 2614 κατοικοῦντας

2208 2635 2279 2691 ἐκ
2314 2634 2525 2691 πεδίου
2550 2628 2688 2700 1Ὡν,
2727 2634 2827 2693 καί
2855 2635 3175 2707 κατακόψω
3214 2634 3424 2705 φυλὴν
3458 2636 3528 2702 ἐξ
3567 2636 3818 2707 ἀνδρῶν

2209 2726 2476 2796 Χαρῤὰν,
2524 2726 2624 2782 καί
2690 2726 3315 2799 αίχμαὶωτισθήσεταει
3377 2726 3530 2795 λαὸς
3582 2729 3817 2799 Συρίας

2207 2817 2557 2887 ἐπίκλητος,
2579 2816 2742 2889 λέγει
2766 2817 3005 2885 Κύριος.

2280 2911 2356 2964 A'.
2405 2908 2464 2963 Ὀ
2505 2908 2787 2972 θεσπέσιος
2817 2908 3037 2978 Μωσῆς
3060 2907 3139 2973 ὡς
3161 2910 3366 2979 ἀγαθόν
3394 2928 3456 2966 τε
3501 2911 3596 2965 καὶ
3623 2912 3815 2977 ἀνεξί-

2210 3017 2379 3055 κακον
2401 2999 2816 3071 καταθαυμάζει
2835 2998 2989 3064 Θεὸν,
3017 3000 3111 3055 καί
3133 3001 3282 3072 μάλα
3301 3002 3548 3066 εἰκότως.
3584 2999 3814 3075 Ἐπειδη

2210 3091 2321 3163 γάρ
2353 3090 2792 3164 μεμοσχοποίηκε
2826 3090 2970 3146 κατὰ
2993 3090 3094 3161 τὴν
3130 3090 3338 3165 ἔρημον
3362 3095 3392 3146 ὁ
3426 3093 3666 3164 Ἰσραὴλ,
3700 3093 3811 3166 ἔφη

2208 3203 2269 3240 τε
2313 3185 2630 3256 φληνάφως,
2664 3201 2685 3235 ι
2713 3174 2875 3238 Οὗτοι
2905 3185 2956 3236 οἰ
2999 3182 3115 3238 θεοί
3156 3201 3275 3250 σου,
3311 3185 3550 3257 Ἰσραὴλ,
3578 3185 3814 3263 οἵτινες

2211 3273 2488 3347 ἀνήγαγον
2522 3290 2583 3327 σε
2628 3274 2695 3328 ὲκ
2724 3273 2831 3342 γῆς
2859 3272 3163 3342 Αἰγύπτου,
3187 3293 3213 3327 ι
3256 3278 3672 3351 προσκέκρουκε
3701 3281 3814 3351 μὲν

525 3375 632 3429 Sed
694 3375 785 3431 ubi
843 3376 1068 3431 exitium
1118 3378 1251 3448 ipsis
1303 3381 1541 3435 minatus
1590 3389 1677 3436 est
1734 3382 1943 3447 semel,
1999 3393 2110 3438 tum

2215 3365 2532 3435 ἀναγκαίως
2555 3380 2569 3393 '
2622 3363 2813 3437 ἐπειδὴ
2855 3365 2912 3418 δὲ
2955 3364 3303 3438 ὀλοθρεύσειν.
3343 3369 3541 3437 αύτούς
3572 3371 3814 3439 εἰσάπαξ

522 3462 749 3533 supplex
795 3464 1048 3522 accidens
1082 3465 1294 3538 Moyses
1329 3468 1565 3539 rogavit,
1594 3479 1760 3540 atque
1796 3470 1959 3526 etiam
1994 3485 2115 3540 per—

521 3557 697 3612 suasit
734 3556 952 3626 Opiﬁci,
985 3567 1046 3612 ut
1082 3558 1189 3615 reis
1227 3560 1553 3629 ignosceret,
1580 3569 1635 3616 et
1667 3576 1882 3619 carmen
1911 3563 2117 3633 gratia-

521 3661 642 3701 rum
709 3647 945 3705 actionis
997 3646 1220 3718 obtulit,
1273 3651 1327 3704 in
1381 3650 1499 3706 haec
1556 3651 1721 3707 verba
1769 3668 1783 3707 :
1834 3671 1853 3704 ι
1891 3653 2117 3710 Domine

525 3737 669 3792 Deus
721 3736 965 3795 cientens
1014 3747 1071 3795 et
1129 3742 1478 3809 misericors,
1543 3744 1756 3815 patiens
1818 3755 1873 3801 et
1929 3746 2125 3813 multa:

524 3825 911 3893 miserationis,
948 3839 1003 3883 et
1025 3829 1299 3900 justitiam
1332 3845 1574 3899 servans,
1605 3844 1662 3889 et
1682 3833 2114 3891 misericordiam

525 3917 731 3973 faciens
757 3918 811 3973 in
842 3919 1033 3986 millia,
1068 3918 1328 3981 auferens
1355 3923 1694 3993 iniquitates,
1716 3934 1772 3980 et
1801 3926 2113 3993 iniustitiae,

523 4017 580 4063 et
609 4019 855 4078 peccata.
890 4010 959 4067 Et
991 4026 1145 4071 reum
1173 4028 1277 4071 non
1314 4015 1645 4085 puriﬁcabit,
1664 4015 1830 4088 254
1857 4017 2116 4077 inducens

526 4109 750 4168 peccata
781 4110 993 4169 patrum
1022 4117 1186 4173 super
1217 4104 1380 4171 ﬁlios,
1413 4116 1470 4162 et
1515 4122 1678 4176 super
1711 4108 1849 4162 ﬁlios
1880 4107 2113 4169 ﬁliorum

525 4189 584 4244 in
614 4191 830 4247 tertiam
878 4202 933 4248 et
957 4203 1204 4264 quartam
1234 4196 1644 4267 generationem
1666 4199 1708 4249 ⁸.
1744 4215 1764 4248 ι
1807 4195 1921 4253 lloc
1947 4211 2116 4269 popu-

524 4282 609 4338 lus
638 4281 949 4341 iudaeorum
1002 4300 1111 4341 non
1144 4287 1283 4342 bene
1313 4286 1603 4342 intellexit.
1654 4284 1925 4341 Putabant
1965 4288 2113 4343 enim

524 4373 692 4428 Deum
733 4390 854 4431 esse
902 4377 1038 4433 adeo
1082 4378 1300 4443 durum,
1353 4385 1410 4432 et
1462 4376 1874 4444 inexorabilem,
1914 4389 1970 4436 et
2019 4380 2117 4437 irae

526 4466 876 4533 retinentem,
932 4477 991 4523 ut
1028 4466 1153 4523 ﬁliis
1187 4466 1423 4532 ﬁliorum
1457 4466 1654 4523 delicta
1688 4474 1902 4535 patrum
1942 4470 2118 4542 impos

526 4564 704 4611 neret.
746 4555 1111 4629 Quamobrem
1154 4556 1256 4626 ipsi
1291 4556 1344 4610 in
1386 4557 1730 4615 sermonibus
1760 4559 1864 4617 hoc
1901 4560 2114 4619 dictita-

522 4646 679 4710 bant,
709 4648 959 4704 aientes:
994 4665 1013 4698 ι
1046 4646 1237 4702 Patres
1264 4647 1621 4709 comederunt
1645 4662 1803 4703 uvam
1838 4652 2112 4716 acerbam,

2216 3458 2431 3529 ἠπείλει
2462 3457 2616 3523 Θεὸς,
2644 3453 2764 3511 εἶτα
2796 3456 3138 3529 προσέπιπτέ
3165 3475 3227 3512 τε
3276 3460 3373 3517 καὶ
3394 3461 3645 3532 arma?“
3676 3463 3816 3521 Μω.

2221 3550 2340 3621 σῆς,
2356 3551 2451 3604 καὶ
2468 3548 2574 3623 μὴν
2591 3552 2685 3603 καὶ
2697 3551 2907 3607 ἀνεῖναι
2922 3551 3426 3623 τοῖςήμαρτηκόσιν
3437 3551 3691 3607 ἀνέπειθε
3709 3554 3814 3625 τὴν
3922 3616 3929 3621 ,

2214 3640 2373 3712 δίκην
2393 3640 2482 3695 τὸν
2498 3640 2864 3712 Δημιουργὸν,
2886 3640 2982 3693 καὶ
2995 3642 3383 3713 χαριστηρίους
3398 3642 3813 3714 ᾠδάςάνετίθει,

2215 3731 2421 3801 λέγων·
2457 3750 2476 3783 ι
2511 3730 2718 3800 Κύριος
2761 3732 2790 3784 ὁ
2832 3729 2966 3795 Θεὸς
3013 3732 3336 3805 οἰκτίρμων,
3390 3733 3485 3787 καὶ
3532 3733 3812 3806 ἐλεήμων,

2219 3822 2607 3899 μακρόθυμος,
2654 3822 2748 3876 καὶ
2796 3821 3113 3888 πολυέλεος,
3154 3824 3252 3878 καὶ
3282 3822 3561 3896 ἀληθινὸς,
3587 3826 3684 3879 καὶ
3730 3827 3815 3881 δι-

2216 3914 2508 3983 καιοσύνην
2532 3912 2825 3983 διατηρῶν,
2859 3911 2953 3965 καὶ
2984 3911 3132 3977 ἔλεος
3155 3914 3237 3978 εἰς
3264 3913 3529 3984 χιλιάδας,
3556 3914 3815 3986 ἀφαιρῶν

2216 4006 2465 4078 ἀνομίας,
2493 4004 2590 4058 καὶ
2614 4002 2848 4070 ἀδικίας,
2877 4003 2972 4059 καὶ
3001 4003 3297 4075 ἁμαρτίας.
3321 4004 3431 4058 Καὶ
3458 4005 3518 4057 ού
3550 4005 3817 4078 καθαρωί

2216 4096 2306 4151 τὸν
2333 4096 2540 4168 ἔνοχον,
2571 4095 2794 4165 ἐπάγων
2826 4095 3055 4165 ἀνομίας
3085 4095 3339 4166 πατέρων
3368 4098 3462 4151 ἔ.πί
3494 4096 3679 4163 τέκνα..
3711 4100 3814 4154 καὶ

2216 4190 2309 4241 ἐπὶ
2335 4188 2504 4253 τέκνα
2533 4187 2758 4252 τέκνων,
2778 4187 2872 4240 ἐπὶ
2905 4186 3098 4259 τρίτην
3115 4188 3208 4241 καὶ⁹
3244 4190 3511 4261 τετάρτην
3537 4191 3758 4259 γενεάν.
3788 4212 3806 4244 ι

2215 4279 2387 4334 Τοῦτο
2415 4281 2732 4352 νενοήκασιν
2761 4279 2862 4333 ούκ
2888 4278 3065 4350 ὀρθῶς
3093 4279 3200 4333 τῶν
3233 4278 3500 4335 Ἰουδαίων
3538 4284 3588 4336 οἱ
3620 4282 3806 4353 δῆμοι.

2219 4372 2409 4443 ’ῼοντο
2428 4370 2537 4443 γὰρ
2567 4366 2711 4437 εἶναι
2738 4369 2871 4426 Θεὸν
2889 4371 3121 4443 σκληρὸν
3146 4369 3310 4438 οὕτω,
3340 4372 3435 4435 καὶ
3466 4373 3808 4445 ἀτεράμονα,

2215 4467 2307 4525 καὶ
2337 4466 2545 4538 μακρὸν
2571 4468 2650 4531 εἰς
2685 4466 2881 4540 ὀργὰς,
2919 4468 2995 4532 ὼς
3036 4469 3248 4532 τέκνοις
3288 4470 3494 4524 τέκνων
3525 4471 3809 4543 ἐπιφέρειν

2213 4557 2283 4621 τά
2312 4558 2421 4615 τῶν
2455 4558 2708 4632 πατέρων
2748 4559 3093 4630 ἐγκλήματα.
3137 4562 3251 4617 Καὶ
3292 4560 3424 4629 γοῦν
3469 4561 3604 4615 αύτὸ
3645 4562 3808 4616 τοῦτο

2213 4649 2620 4720 διαγγέλλοντες
2647 4650 2904 4720 ἔφασκον,
2933 4669 2953 4705 t
2976 4653 3041 4709 0.!
3066 4651 3303 4723 πατέρες
3330 4652 3534 4723 ἔφαγον
3554 4654 3804 4724 ὄμφακα,

522 4746 580 4790 et
625 4736 817 4793 dentes
853 4738 1089 4795 ﬁliorum
1133 4735 1623 4807 obstupuerunt”.
1656 4756 1677 4791 ι
1715 4738 1924 4797 Idcirco
1967 4742 2109 4801 Deus

2214 4744 2309 4803 καὶ
2350 4745 2400 4798 οἰ
2434 4743 2646 4807 ὀδόντες
2689 4743 2801 4797 τῶν
2843 4743 3050 4799 τέκνων
3085 4745 3449 4815 ὲγομφίασαν.
3472 4765 3494 4799 s
3532 4745 3805 4818 Ταύτῃτοι

523 4825 593 4881 ad
638 4827 980 4887 Ezechielem
1038 4827 1408 4898 prophetam:
1443 4846 1466 4881 ι
1496 4827 1603 4887 Fili
1656 4831 1929 4896 hominis.
1980 4833 2112 4903 quid

521 4917 680 4975 vobis
730 4917 989 4988 parabola
1020 4920 1140 4977 haec
1185 4919 1239 4975 in
1273 4928 1416 4979 terra
1449 4918 1660 4985 Israel?
1689 4923 1976 4981 dicentes:
2008 4924 2111 4979 Pa-

523 5018 640 5067 tres
675 5009 1030 5077 comederunt
1070 5025 1231 5071 uram
1265 5011 1541 5078 acerbam,
1578 5019 1634 5071 et
1663 5014 1852 5071 dentes
1881 5013 2113 5076 ﬁliorum

522 5099 972 5169 obstupuerunt?
1026 5101 1159 5157 Vivo
1191 5117 1314 5174 ego,
1363 5104 1497 5159 dicit
1541 5104 1823 5173 Dominus,
1855 5105 2114 5174 quoniam

522 5204 633 5249 non
660 5189 871 5245 dicetur
892 5190 1030 5247 ultra
1060 5193 1173 5248 haec
1196 5194 1449 5263 parabola
1474 5194 1525 5250 in
1551 5193 1740 5251 Israel.
1763 5195 1902 5262 Quia
1923 5211 2113 5251 otnnes

523 5283 718 5339 anima
750 5297 883 5339 metu
915 5293 1063 5351 sunt,
1096 5285 1555 5356 quemadmodum
1587 5289 1768 5343 anima
1800 5286 1997 5356 patris,
2031 5287 2111 5343 sic

523 5381 581 5429 et
611 5373 795 5428 anima
828 5373 949 5430 ﬁlii.
986 5376 1187 5434 Anima
1213 5392 1335 5448 quae
1373 5378 1702 5447 peccaverit,
1749 5379 1864 5449 ipsa
1907 5377 2110 5435 morie-

524 5472 632 5520 tur.
661 5464 829 5521 Filius
866 5482 973 5523 non
1008 5469 1248 5539 portabit
1282 5469 1621 5541 iniquitatem
1647 5471 1820 5540 patris
1864 5472 1971 5537 sui,
2004 5487 2109 5529 nec

2209 4834 2342 4898 Θεὸς
2375 4833 2454 4905 τῷ
2484 4834 2741 4907 προφήτῃ
2785 4834 2950 4906 φησὶν
2985 4834 3275 4907 Ἰεζεχιήλ·
3314 4855 3333 4888 t
3363 4835 3461 4890 Υίὲ
3487 4835 3802 4907 ἀνθρώπου,

2210 4927 2263 4981 τί
2296 4927 2424 4997 ὑμῖν
2451 4928 2486 4997 ἡ
2529 4926 2814 5001 παραᾶολὴ
2846 4927 2988 4997 αὕτη
3018 4929 3077 4982 ὲν
3104 4927 3184 5001 τῷ
3212 4928 3448 5002 Ἰσραὴλ,
3476 4948 3495 4981 ι
3525 4928 3801 4999 λέγοντες,

2218 5038 2237 5071 ι
2265 5020 2329 5072 Oi
2359 5019 2595 5090 πατέρες
2619 5017 2821 5090 ἔφαγον
2856 5020 3103 5091 ὄμφακα,
3133 5022 3229 5076 καὶ
3259 5024 3309 5076 οἱ
3336 5022 3547 5087 ὀδόντες
3575 5021 3687 5076 τῶν
3712 5021 3801 5075 τέα

2212 5127 2355 5164 κνων
2380 5110 2759 5181 ὲγομφίασαν;
2793 5110 2880 5167 Ζῶ
2911 5111 3041 5182 ἐγὼ,
3077 5111 3227 5182 λέγει
3256 5113 3479 5185 Κύριος,
3511 5113 3595 5167 ὅτι
3627 5113 3689 5166 οὐ
3722 5112 3799 5184 μὴ

2213 5200 2437 5271 γένηται
2471 5201 2551 5255 ἔτι
2580 5201 2847 5274 λεγομένη
2894 5206 2928 5274 ἡ
2969 5204 3256 5276 παραϐολὴ
3294 5204 3435 5276 αὕτη
3477 5207 3535 5260 ὲν
3579 5205 3658 5274 τῷ
3697 5206 3798 5259 Ἰσο

2215 5291 2373 5363 ραήλ.
2405 5292 2526 5346 Ὅτι
2555 5294 2730 5347 πᾶσαι
2758 5294 2813 5346 αἰ
2857 5292 3029 5364 ψυχαί
3072 5294 3204 5366 ὲμαί
3249 5296 3409 5360 εἰσιν,
3434 5294 3494 5349 ὃν
3525 5292 3727 5365 τρόπον
3758 5295 3796 5364 ή

2209 5381 2354 5453 ψυχὴ
2383 5380 2478 5437 τοῦ
2513 5380 2747 5453 Πατρὸς,
2790 5378 2935 5435 οὕτω
2976 5381 3072 5437 καὶ
3102 5380 3197 5437 τοῦ
3241 5380 3381 5441 υἰοῦ.
3409 5382 3571 5452 Ψυχὴ
3616 5382 3795 5451 ἁμαρ.

2207 5475 2473 5539 τάνουσα,
2508 5472 2648 5543 αύτὴ
2687 5470 3061 5529 ἀποθανεῖται.
3097 5474 3156 5526 Ὁ
3189 5474 3248 5527 δὲ
3285 5473 3399 5536 υίὸς
3428 5473 3490 5527 ού
3527 5473 3601 5543 μὴ
3640 5469 3798 5541 λήψε-

524 5565 679 5625 pater
731 5557 914 5615 ﬁlii“.
948 5576 970 5612 ι
1026 5559 1309 5628 Quomodo
1354 5562 1501 5617 enim
1559 5561 1738 5616 adhuc
1793 5562 2004 5632 patiens
2049 5571 2105 5616 et

2214 5585 2292 5622 rat
2323 5567 2424 5640 τήν
2469 5566 2743 5639 ἁμαρτίαν
2770 5565 2864 5620 τοῦ
2901 5567 3104 5639 πατρὸς
3156 5567 3348 5633 αὐτοῦ,
3394 5566 3517 5621 οὐδὲ
3556 5568 3586 5621 ὁ
3616 5563 3793 5634 πατὴρ

598 5723 756 5788 'Jer.
786 5748 845 5802 tt,
880 5732 930 5790 7.
1004 5734 1027 5769 ⁸
1064 5735 1233 5793 Exod.
1269 5752 1441 5804 nm,
1482 5737 1537 5791 4.
1611 5740 1630 5771 '
1656 5740 1827 5813 Exod,
1865 5759 2048 5812 κυεην,
2077 5750 2108 5799 ϋ

2214 5788 2224 5801 .
2273 5716 2347 5843 ’,ιο
2381 5746 2582 5801 Εειερίι.
2612 5760 2763 5817 “tu,
2792 5746 2845 5801 2.
2925 5748 2965 5777 ¹¹
2994 5746 3124 5801 lbid.
3161 5748 3215 5813 5,
3246 5747 3298 5808 -ι,
3329 5746 3421 5800 20.
