4054 6452
251 306 349 365 ﬁl

1222 309 1788 367 COMMENTARIUS
1828 312 1893 367 IN
1936 314 2122 372 ΛΜΟὸ
2161 316 2604 378 ΡΒΟΡΠΕΤΑΜ.

3453 340 3558 394 42-2

244 421 342 475 τοῦ
372 420 516 476 υίοῦ.
545 440 564 474 ι
602 422 726 489 Πῶς
756 422 866 495 γάρ
904 424 984 478 ἔτι
1014 429 1391 501 μακρόθυμος,
1427 432 1521 484 xui
1562 432 1841 497 πολυέλεος

1959 436 2182 490 multum
2216 438 2528 495 misericors
2558 442 2934 499 universorum
2964 445 3241 514 Dominus,
3269 453 3313 505 si
3336 466 3557 522 peccata

244 513 275 565 ὁ
300 510 414 563 τῶν
445 510 589 566 ὅλων
634 514 937 585 Δεσπότης,
980 518 1029 569 εί
1073 516 1147 588 μὴ
1182 519 1395 589 ἀνίησιν
1429 521 1728 591 ἁμαρτίας,
1764 525 1859 576 xui

245 600 541 671 καθαρίζει
564 602 658 656 τὸν
692 602 896 675 ἔνοχον,
926 608 1244 677 παρατείνει
1267 608 1323 661 δὲ
1364 610 1565 679 μᾶλλον
1589 612 1687 682 τὴν
1729 614 1858 681 άγα-

244 692 514 762 νάκτησιν
555 694 649 746 ἐπὶ
676 695 890 765 τρίτην,
923 697 1018 751 xui
1048 699 1317 771 τετάρτην
1351 702 1575 770 γενεάν;
1623 703 1719 767 Τίς
1760 700 1854 758 οῦν

239 785 269 836 ὁ
300 784 495 852 λόγος;
536 786 695 838 Ἔστι
742 787 842 857 μὲν
892 784 986 841 οῦν
1031 789 1356 855 ἁνεξίκακος
1382 832 1394 856 ,
1440 794 1515 858 ὡς
1562 793 1723 865 ἔφην,
1759 796 1854 849 xui

238 872 600 944 ἁσυγκρίτως
622 874 848 942 ἀγαθὸς,
877 878 971 930 καὶ
1010 879 1110 931 οὐκ
1136 879 1296 944 εὐθὺς
1329 885 1442 946 τοῖς
1472 885 1854 956 ἡμαρτηκόσιν

238 964 443 1033 ἐπάγει
465 966 569 1037 τὴν
604 966 849 1022 κόλασιν.
879 970 1228 1025 ’Υποτίθεται
1256 974 1335 1039 δὲ,
1360 975 1457 1028 xui
1489 978 1569 1039 είς
1594 976 1853 1047 δευτέραν

238 1056 459 1125 γενεάν,
487 1059 536 1110 εί
570 1057 715 1129 τάχα
760 1077 843 1123 τις
876 1062 1320 1132 παρεισϐαλοῦσα
1356 1068 1696 1138 μετάγνωσις
1733 1072 1857 1125 ἀνα-

240 1148 432 1216 κόψειε
476 1147 579 1219 τὴν
613 1149 803 1220 ὀργήν.
847 1151 991 1205 Ἀλλ’
1024 1154 1073 1206 εί
1107 1154 1182 1226 μὴ
1222 1154 1381 1209 τοῦτο
1415 1157 1630 1226 γένοιτο
1668 1161 1854 1230 τυχὸν,

229 1239 285 1293 σοί
302 1239 360 1291 δὲ
387 1241 455 1293 ἐκ
478 1239 576 1292 τοῦ
604 1239 821 1312 πρώτου
843 1243 1016 1312 τρίτοι
1045 1264 1103 1299 τε
1162 1247 1255 1300 xui
1281 1248 1532 1321 τέταρτοι
1560 1254 1673 1315 τοῖς
1697 1252 1852 1320 ίσοις,

224 1331 268 1400 ἢ
304 1332 406 1383 καὶ
444 1334 561 1394 τοῖς
588 1331 670 1386 ἔτι
702 1334 945 1405 χείροσιν
986 1338 1227 1392 ὲναλοῖεν
1266 1347 1480 1406 κακοῖς,
1516 1344 1611 1397 xui
1646 1363 1852 1417 προγο-

232 1424 399 1493 νικῆς
442 1421 767 1488 δυσσεϐείας
799 1426 1138 1497 εὑρίσκοιντο
1170 1434 1428 1503 μιμηταὶ,
1472 1434 1595 1487 τότε
1635 1435 1698 1507 δὴ
1732 1437 1853 1491 τότε

230 1511 426 1565 λοιπὸν
448 1512 649 1581 ἐπάγει
672 1514 771 1578 τὰς
791 1516 968 1584 δίκας,
996 1520 1331 1592 ἀποχρῶσαν
1360 1523 1437 1594 τῷ
1465 1525 1611 1593 γένει
1634 1527 1733 1598 τὴν
1760 1528 1853 1583 ἐπὶ

228 1606 348 1667 τοῖς
396 1604 501 1676 ἠδη
549 1608 943 1678 παρῳχηκόσιν
991 1612 1347 1681 ἀνεξικακίαν
1377 1618 1666 1685 ἐπιδιδοὺς,
1694 1638 1852 1674 τουτ-

222 1697 372 1765 έστι,
407 1700 470 1752 τὸ
493 1700 778 1772 ἐπιφέρειν
798 1704 1079 1775 ἁμαρτίας
1112 1710 1366 1781 πατέρων
1394 1713 1488 1765 ἐπὶ
1511 1714 1722 1785 τρίτην,
1755 1716 1849 1769 καὶ

227 1791 514 1863 τετάρτην
549 1794 767 1861 γενεάν.
795 1792 1059 1868 Ἆρὀῦν,
1098 1805 1265 1874 φησὶ,
1314 1806 1749 1879 μακροθυμήσας
1786 1812 1849 1882 τῇ
1884 1786 1927 1841 Β

1967 543 2073 581 non
2108 529 2351 594 dimittit,
2389 547 2489 587 nec
2530 548 2685 589 reum
2726 548 2951 606 purgat;
3001 542 3094 593 sed
3130 541 3557 612 indignationem

1966 619 2145 688 potius
2183 620 2234 673 in
2270 623 2486 676 tertiam
2527 634 2579 678 et
2638 636 2888 693 quartam
2927 632 3334 697 generationem
3370 640 3561 692 cxten-

1963 710 2084 766 dit?
2112 711 2245 779 Quae
2296 716 2434 770 ratio
2478 727 2563 771 est
2609 717 2813 787 igitur?
2840 718 3061 776 Patiens
3087 732 3194 790 cst,
3226 734 3288 780 ut
3336 727 3470 793 dixi,
3505 739 3558 785 et

1965 803 2139 859 bonus
2166 806 2408 861 bonitate
2438 808 2871 879 incomparabili,
2906 828 3007 869 nec
3033 826 3323 882 peccantes
3370 823 3555 876 statim

1965 897 2156 965 punit;
2204 899 2383 955 differt
2432 911 2611 956 autem
2663 906 2826 959 etiam
2883 907 2937 961 in
2988 906 3213 963 alteram
3249 915 3556 980 generatio—

1963 1000 2106 1051 nem,
2141 989 2187 1043 si
2222 1006 2328 1060 qua
2380 991 2523 1048 forte
2570 996 2951 1065 resipiscentia
2984 1001 3365 1071 ‘subingressa,
3411 1006 3550 1060 iram

1961 1079 2199 1137 divinam
2223 1082 2535 1141 iuhibuerit.
2570 1085 2627 1140 Id
2650 1089 2692 1142 si
2723 1104 2829 1144 non
2853 1091 3167 1161 contigerit,
3193 1098 3286 1148 sed
3311 1112 3340 1149 a
3367 1098 3556 1165 primis

1960 1172 2106 1227 tertii
2152 1184 2205 1229 et
2256 1177 2436 1244 quarti
2491 1180 2712 1247 paribus
2765 1191 2858 1235 aut
2935 1183 3099 1237 etiam
3155 1183 3451 1253 majoribus
3499 1190 3551 1243 in

1957 1263 2253 1320 sceleribus
2287 1267 2633 1336 deprehensi,
2682 1281 2737 1324 et
2774 1273 2934 1328 avita:
2980 1274 3277 1344 impietatis
3314 1279 3553 1334 imitato-

1958 1370 2045 1410 res
2072 1356 2297 1421 fuerint,
2328 1369 2456 1415 tunc
2480 1361 2732 1417 nimirum
2754 1363 2867 1433 jam
2897 1380 3088 1433 pinnas
3116 1368 3300 1434 infert,
3333 1381 3551 1439 postea-

1956 1463 2114 1517 quam
2148 1450 2331 1518 generi
2376 1451 2731 1508 sullieientem
2777 1468 3001 1526 propter
3031 1461 3305 1528 praeterita
3336 1462 3548 1532 patien-

1956 1541 2082 1595 tiam
2124 1543 2365 1597 indulsit.
2403 1542 2517 1600 IIoc
2554 1553 2639 1600 est
2687 1548 2945 1604 inducere
2979 1563 3203 1620 peccata
3233 1563 3450 1623 patrum
3492 1556 3546 1612 in

1958 1634 2174 1688 tertiam
2217 1642 2269 1689 et
2302 1647 2553 1704 quartam
2604 1639 3032 1707 generationem.
3075 1643 3166 1696 Ait
3206 1644 3386 1713 igitur,
3421 1662 3544 1702 cum

1960 1719 2281 1775 Damascum
2310 1733 2625 1791 peccantem
2660 1741 3032 1796 saepenumero
3067 1730 3173 1786 leni
3207 1734 3389 1790 animo
3421 1752 3546 1806 pas-

1957 1825 2049 1865 sus
2095 1813 2219 1874 sim,
2275 1828 2457 1869 nonne
2496 1815 2801 1883 justissime
2846 1818 2900 1872 in
2957 1830 3237 1889 posterum
3296 1826 3547 1896 indigner

224 1885 521 1955 Δαμασκῷ
548 1887 896 1955 πλειστάκις,
920 1891 1019 1945 οὐκ
1047 1894 1493 1969 ἁγανακτήσαιμι
1524 1900 1728 1965 λοιπὸν,
1759 1901 1841 1954 xui

1955 1919 2118 1973 super
2148 1905 2329 1960 tribus
2358 1914 2413 1961 et
2463 1918 2696 1976 quatuor
2726 1885 3006 1979 peccatis?
3034 1912 3173 1980 Quid
3214 1931 3376 1985 porro
3404 1885 3547 1975 fece-

226 1978 448 2049 σφὸδρα
478 1980 729 2047 εἰκότως,
757 1984 853 2035 ἐπὶ
882 1986 1028 2054 τρισὶ
1054 1987 1147 2039 xui
1183 1989 1480 2061 τέσσαρσιν
1512 1992 1848 2064 ἁμαρτίαις;

222 2072 294 2125 Τί
340 2072 456 2143 γάρ
488 2072 820 2146 δεδράκασι;
864 2077 1043 2132 Πολλὰ
1081 2081 1179 2149 μὲν
1210 2082 1307 2135 xui
1349 2083 1531 2155 ἔτερα.
1568 2084 1715 2156 Πλὴν
1751 2087 1850 2157 τῆς

222 2164 372 2234 ἄγαν
412 2165 702 2237 ὠμότητος
732 2168 1019 2221 ἀποτιΟῦσι
1056 2171 1248 2235 δίκας·
1289 2191 1309 2225 ι
1340 2174 1454 2227 Οὐκ
1492 2175 1852 2246 ἀποστραφή-

223 2276 399 2329 σθμαι
427 2258 539 2330 γὰρ
583 2259 812 2325 αὐτοὺς,
850 2262 969 2316 ἀνθ’
1004 2255 1079 2317 ὧν
1108 2263 1333 2335 ἔπριζον
1382 2266 1566 2336 πρίοσι
1605 2266 1848 2339 σιδηροῖς

216 2352 328 2415 τὰς
354 2354 416 2405 ὲν
456 2352 661 2425 γαστρὶ
706 2353 941 2424 ἐχούσας
983 2356 1091 2409 τῶν
1135 2358 1193 2409 ὲν
1240 2357 1473 2412 Γαλαὰδ.
1499 2383 1517 2409 ι
1556 2360 1711 2413 Ἐστι
1749 2361 1847 2430 μὲν

214 2440 320 2499 οὖν
345 2446 380 2514 ἡ
408 2443 631 2498 Γαλαὰδ
665 2445 897 2517 πολίχνη
932 2448 1031 2517 τῆς
1071 2448 1355 2512 Ἰουδαίας,
1383 2451 1441 2501 ἐν
1482 2450 1716 2521 μεθορίῳ
1746 2452 1846 2522 τῆς

221 2538 615 2593 Παλαιπινῶν
652 2539 903 2611 κειμένη.
943 2540 1161 2611 Ταύτην
1201 2542 1251 2595 οἱ
1297 2542 1458 2613 Σύροι
1502 2543 1843 2613 προκατελά-

220 2626 407 2693 ϐοντο,
438 2628 536 2680 καὶ
570 2628 917 2699 πανωλεθρίᾳ
961 2630 1296 2700 διέφθειραν,
1331 2633 1515 2702 πρίοσι
1554 2632 1844 2703 τέμνοντες

220 2717 475 2789 σιδηροῖς
524 2719 625 2783 τὰς
668 2720 725 2772 ὲν
755 2722 958 2789 γαστρὶ
1001 2724 1263 2792 ἐχούσας,
1308 2725 1404 2777 καὶ
1437 2723 1572 2794 ὁμοῦ
1622 2726 1839 2795 νηπίοις

216 2810 351 2881 ὼμά
385 2811 669 2879 γυναικῶν
710 2812 1012 2878 κτείνοντες
1057 2814 1291 2885 ἔμϐρυα.
1342 2816 1579 2887 Πρίονας
1612 2817 1667 2870 δὲ
1700 2818 1844 2890 σιδη-

220 2902 354 2972 ροῦς
400 2904 532 2966 τοὺς
573 2902 680 2957 τῶν
712 2904 939 2975 ἁμαξῶν
970 2906 1229 2976 ὀνομάζει
1263 2908 1519 2977 τροχοὺς,
1553 2903 1635 2971 οἷς
1675 2927 1842 2963 κατα-

217 2993 520 3048 λεπτύνειν
544 2995 665 3061 ἔθος
685 2997 784 3068 τὴν
816 2998 928 3052 ἅλω
957 3002 1071 3063 τοῖς
1093 2998 1310 3070 Σύροις.
1341 3002 1452 3055 Καὶ
1474 3001 1607 3070 γοῦν
1634 3004 1727 3055 καὶ
1752 3003 1840 3058 διὰ

214 3089 411 3159 φωνῆς
442 3090 669 3143 Ἡσαΐου
699 3091 834 3161 φησί
862 3110 963 3145 που
987 3092 1119 3155 Θεὸς
1149 3093 1288 3164 πρὸς
1311 3094 1410 3165 τὴν
1434 3094 1541 3148 τῶν
1568 3095 1839 3151 Ἰουδαίων
1866 3126 1908 3184 C

214 3182 589 3253 Συναγωγήν⁸
623 3202 641 3235 ‹
683 3183 815 3237 Ἰδοὺ
846 3185 1080 3257 ἐποίησά
1117 3202 1176 3239 σε
1219 3187 1295 3250 ὡς
1328 3188 1557 3258 τροχοὺς
1599 3186 1835 3259 ἁμάξης,

204 3274 531 3341 ’ἀλοῶντας,
580 3277 803 3340 καινοὺς
824 3319 839 3341 ,
896 3280 1351 3351 πριστηροειδεῖς.
1374 3299 1393 3332 ι
1426 3282 1650 3351 Ὅμοιον
1678 3281 1753 3346 ὼς
1788 3283 1837 3334 εί

211 3365 371 3435 λέγοι
401 3368 570 3437 τυχὸν
597 3368 734 3439 πρὸς
766 3369 865 3440 τὴν
895 3370 1215 3441 Δαμασκόν·
1243 3372 1583 3443 Καταλοήσω
1614 3390 1707 3426 σου
1736 3373 1837 3444 τὴν

207 3457 401 3529 δίκην,
431 3460 572 3514 καθὸ
603 3461 973 3532 κατηλόησας,
1002 3464 1096 3516 xui
1131 3462 1457 3533 συνέτριψας
1489 3466 1615 3526 τοὺς
1645 3466 1702 3517 ἐν
1730 3466 1836 3518 Γα-

200 3550 390 3615 λαὰδ,
429 3553 509 3616 ὡς
552 3553 690 3623 μηδὲ
724 3554 904 3607 αὐτῶν
943 3554 1235 3623 φείσασθαι
1281 3555 1388 3608 τῶν
1428 3554 1507 3609 ἔτι
1542 3557 1687 3610 κατὰ
1733 3574 1836 3626 γα-

210 3645 411 3716 στρὸς,
438 3641 523 3707 οἷς
551 3648 580 3699 ὁ
618 3646 771 3718 παρὰ
801 3648 1019 3701 πάντων
1051 3647 1200 3711 ἕλεος
1226 3648 1531 3713 ἀκολουθεῖ,
1564 3651 1657 3703 καὶ
1684 3650 1836 3719 ὀφεί-

206 3733 398 3789 λεται.
426 3736 553 3789 Ὅτι
602 3736 659 3789 δὲ
704 3736 906 3807 ὠμῶς,
956 3737 1049 3790 καὶ
1087 3738 1296 3808 ἀγρίως
1325 3739 1436 3800 τοῖς
1479 3736 1538 3802 ἐξ
1585 3737 1833 3808 Ἰσραὴλ,

207 3828 641 3899 κατεχρήσαντο
668 3828 776 3881 τῶν
810 3830 875 3881 ὲκ
908 3827 1205 3898 Δαμασκοῦ
1239 3845 1401 3892 τινες,
1437 3829 1740 3899 ἀναμάθοις
1768 3829 1834 3882 ἂν

206 3920 438 3975 ἀκονιτὶ
498 3921 611 3982 τοῖς
645 3918 920 3972 Ἐλισσαιὲ
963 3919 1059 3974 τοῦ
1104 3923 1385 3991 προφήτου
1438 3920 1617 3988 λόγοις
1668 3937 1835 3991 προσ-

204 4012 499 4085 εσχηκώς.
529 4012 783 4082 Ἀφίκετο
812 4012 910 4082 μὲν
934 4010 1041 4083 γὰρ
1066 4012 1144 4075 είς
1166 4012 1258 4065 τὸν
1278 4012 1587 4081 Δαμασκόν.
1617 4010 1833 4083 Ἐπειδὴ

200 4106 272 4158 δὲ
298 4105 609 4176 συνήντησε
632 4104 711 4175 τῷ
742 4102 961 4174 Ἀζαὴλ,
992 4102 1405 4175 ἀρῤωστοῦντος
1432 4102 1511 4156 ἔτι
1534 4102 1630 4169 τοῦ
1656 4103 1831 4173 Ἀδὲρ,

206 4215 237 4250 ι
274 4196 580 4259 Ἐκλαυσε,
625 4196 813 4266 φησὶν,
852 4197 881 4248 ὁ
908 4194 1195 4267 ἄνθρωπος
1226 4194 1321 4248 τοῦ
1354 4194 1516 4248 Θεοῦ.
1537 4195 1649 4248 Καὶ
1682 4191 1833 4248 εἶπεν

217 4287 459 4358 Ἀζαὴλ,
491 4288 555 4341 Τί
581 4288 663 4341 ὅτι
691 4289 720 4340 ὁ
751 4286 941 4357 κύριός
975 4304 1074 4356 μου
1106 4286 1320 4352 κλαίει;
1353 4287 1464 4340 Καὶ
1492 4282 1667 4353 εἶπεν,
1703 4283 1834 4341 Οἶδα

205 4379 320 4432 ὅσα
348 4379 602 4448 ποιήσεις
634 4380 749 4440 τοῖς
779 4377 918 4440 υἱοῖς
955 4375 1173 4447 Ἰσραὴλ
1198 4376 1364 4429 κακά.
1391 4375 1470 4428 Τὰ
1500 4374 1834 4447 ὀχυρώματα

1953 1997 2119 2050 runt?
2162 1996 2328 2053 Multa
2366 2000 2582 2069 quidem
2632 2012 2689 2056 et
2733 2003 2871 2072 alia;
2922 2018 3295 2063 verumtamen
3338 2024 3547 2081 magnae

1951 2086 2232 2155 cujusdam
2272 2090 2499 2146 sarvitiai
2547 2105 2739 2162 pmuas
2771 2095 3140 2151 sustinebunt.
3178 2117 3197 2149 ι
3236 2097 3354 2153 Non
3399 2103 3544 2157 enim

1950 2190 2263 2235 convertam
2319 2196 2434 2248 eos,
2486 2184 2741 2251 quoniam
2792 2197 3089 2241 secuerunt
3138 2189 3305 2243 serris
3351 2189 3545 2247 ferreis

1950 2280 2290 2339 prmgnantes
2341 2272 2566 2328 Galaad.
2605 2291 2624 2325 ι
2686 2271 3011 2345 Oppidulum
3069 2288 3152 2333 est
3217 2279 3420 2334 Galaad
3485 2282 3541 2337 in

1947 2362 2253 2419 conﬁnibus
2302 2365 2602 2422 Palaestinae
2661 2369 2991 2426 situm.lloc
3048 2372 3169 2443 Syri
3226 2389 3541 2444 occupave-

1948 2465 2092 2518 rant,
2123 2456 2475 2527 fundilusque
2503 2459 2876 2529 perdiderant,
2916 2462 3061 2531 ipsas
3088 2465 3250 2518 etiam
3288 2466 3542 2535 gravidas

1946 2544 2199 2601 mulieres
2232 2549 2399 2603 serris
2424 2550 2782 2617 dissecantes,
2814 2560 3013 2605 etcum
3045 2553 3347 2609 infantibus
3375 2555 3538 2610 etiam

1945 2635 2090 2692 fetus
2127 2638 2303 2693 adhuc
2349 2640 2699 2710 imperfectos
2734 2643 3131 2700 interimentes.
3190 2646 3382 2700 Serras
3425 2646 3537 2700 fcr-

1946 2743 2064 2782 reas
2095 2744 2347 2783 curruum
2394 2741 2543 2786 rotas
2586 2731 2853 2798 nominat,
2899 2734 3099 2803 quibus
3134 2749 3318 2788 aream
3363 2745 3539 2791 terere

1946 2818 2096 2891 Syris
2143 2837 2260 2875 mus
2308 2832 2411 2878 est.
2463 2823 2650 2893 Itaque
2706 2834 2761 2879 et
2812 2840 2907 2879 ore
2950 2825 3100 2879 Isaia:
3148 2825 3346 2881 alicubi
3396 2827 3537 2884 Deus

1941 2908 2249 2965 Judmorum
2278 2911 2626 2983 Synagogam
2656 2915 2734 2969 sic
2764 2914 3059 2983 alloquitur
3086 2933 3098 2968 :
3132 2914 3294 2985 255
3332 2934 3350 2967 ι
3394 2917 3535 2972 Ecce

1944 3002 2047 3057 feci
2097 3014 2150 3058 te
2191 3006 2348 3075 quasi
2403 3015 2555 3059 rotas
2610 3006 2836 3075 plaustri
2885 3006 3206 3060 triturantes
3247 3022 3435 3074 novas,
3481 3011 3534 3063 in

1944 3110 2220 3152 serrarum
2254 3098 2469 3152 modqu
2496 3099 2565 3153 “.
2606 3117 2625 3151 ι
2675 3097 2839 3166 Quasi
2890 3099 3212 3152 Damascum
3262 3098 3334 3153 ita
3382 3115 3535 3155 com-

1942 3184 2454 3254 pelletzTriturabo
2483 3200 2702 3256 poenam
2741 3200 2885 3241 tuam
2918 3188 3060 3241 sicut
3086 3198 3142 3241 tu
3181 3188 3446 3243 triturasti
3480 3199 3536 3245 et

1940 3276 2246 3331 contrivisti
2296 3276 2501 3331 incolas
2552 3276 2776 3343 Galaad,
2831 3286 2887 3330 ut
2938 3292 3041 3331 nec
3076 3279 3127 3331 in
3168 3288 3323 3334 utero
3359 3280 3537 3334 adhuc

1939 3368 2233 3423 latentibus
2264 3384 2539 3438 parceres,
2587 3370 2787 3437 quibus
2829 3372 2896 3423 ab
2924 3369 3177 3426 omnibus
3214 3371 3528 3426 misericor-

1939 3462 2024 3515 dia
2076 3461 2331 3515 tribuitur
2377 3470 2431 3516 et
2473 3461 2717 3516 debetur.
2767 3462 3080 3516 Crudeliter
3127 3472 3306 3516 autem
3340 3471 3394 3517 et
3427 3464 3533 3518 im-

1939 3554 2176 3607 maniter
2224 3570 2252 3607 a
2315 3555 2669 3609 Damascenis
2717 3554 3041 3621 quibusdam
3096 3563 3359 3609 tractatos
3410 3569 3533 3631 esse

1939 3644 2213 3702 Israelitas
2263 3645 2423 3702 facile
2471 3647 2672 3712 discas,
2727 3647 2769 3700 si
2828 3646 2988 3701 Elisei
3026 3648 3307 3717 prophetae
3350 3647 3533 3703 verbis

1938 3735 2207 3788 attendas.
2248 3735 2406 3791 Venit
2429 3739 2571 3792 enim
2598 3735 2946 3790 Damascum.
2976 3737 3045 3791 Ut
3080 3746 3260 3791 autem
3287 3738 3527 3791 occurrit

1938 3824 2147 3888 Azaeli,
2181 3826 2357 3882 adhuc
2376 3837 2676 3894 aegrotante
2708 3828 2820 3882 lilio
2845 3828 2992 3883 Ader
3016 3827 3339 3898 (Benadab),
3371 3848 3390 3881 ι
3416 3827 3533 3883 Fle-

1938 3917 2013 3970 vit
2072 3917 2234 3971 homo
2292 3919 2400 3984 dei,
2437 3936 2455 3969 ›
2520 3928 2576 3972 ut
2633 3918 2917 3987 Scriptura
2979 3920 3176 3990 inquit.
3227 3919 3341 3974 «Et
3396 3921 3530 3975 dixit

1934 4008 2142 4072 Azael,
2198 4022 2366 4075 quare
2412 4009 2672 4062 Dominus
2712 4024 2866 4063 meus
2910 4008 3037 4064 ﬂet?
3086 4010 3152 4063 Et
3203 4014 3524 4081 respondit,

1938 4099 2075 4166 Quia
2122 4100 2238 4154 scio
2268 4115 2607 4170 quzccunque
2642 4100 2890 4156 facturus
2919 4117 2979 4156 es
3012 4102 3136 4157 Iiliis
3167 4103 3332 4158 Israel
3361 4104 3524 4158 maia-

1938 4194 2019 4248 Tu
2075 4194 2328 4249 civitates
2385 4208 2573 4248 eorum
2634 4194 2872 4247 munitas
2931 4196 3231 4251 succcndes
3278 4196 3419 4266 igne.
3471 4202 3529 4254 et

1937 4287 2141 4343 electos
2166 4301 2356 4341 eorum
2390 4285 2689 4340 interlicies
2719 4285 2920 4354 gladio,
2958 4295 3009 4339 ct
3039 4288 3294 4355 parvulos
3336 4303 3525 4343 eorum

1938 4379 2150 4441 allides,
2183 4391 2239 4433 et
2286 4388 2629 4448 prtegnanlcs
2658 4392 2845 4431 eorum
2877 4378 3167 4432 divides“.
3202 4398 3219 4429 ›
3258 4379 3525 4445 Quoniam

207 4467 406 4522 αὐτῶν
440 4465 819 4530 ὲξαποστελεῖς
848 4464 908 4518 ἐν
942 4463 1098 4535 πυρὶ,
1129 4464 1225 4516 xui
1252 4465 1380 4527 τοὺς
1410 4464 1702 4527 ἐκλεκτοὺς
1732 4467 1830 4517 αὺ-

1945 4472 2102 4542 igitur
2153 4471 2355 4528 Galaad
2409 4472 2552 4524 hunc
2605 4472 2656 4525 in
2720 4471 2940 4524 modum
2989 4469 3169 4525 aIfecit
3206 4470 3522 4538 Damascus,

206 4560 331 4615 τῶν
361 4561 422 4613 ἐν
458 4559 707 4630 ῥομφαίᾳ
732 4557 1076 4619 ἀποκτενεῖς,
1110 4554 1205 4607 xui
1236 4554 1306 4607 τά
1333 4556 1503 4625 νήπια
1535 4555 1715 4608 αὐτῶν
1742 4557 1831 4609 ὲν-

211 4654 453 4716 σείσεις,
494 4652 590 4704 καὶ
618 4652 716 4713 τὰς
761 4651 818 4702 ἐν
853 4648 1053 4718 γαστρὶ
1097 4644 1329 4719 ἐχούσας
1370 4647 1548 4700 αὐτῶν
1586 4647 1832 4719 ἀναρρή-

212 4743 354 4810 ξεις.
385 4763 403 4793 ι
441 4743 661 4814 Ἐπειδὴ
689 4741 747 4795 δὲ
774 4740 948 4794 ταῦτα
977 4740 1203 4811 δέδρακε
1227 4738 1369 4792 κατὰ
1408 4739 1509 4809 τῆς
1550 4738 1764 4792 Γαλαὰδ
1795 4741 1829 4811 η

212 4834 539 4906 Δαμασκὺς,
578 4832 779 4904 μᾶλλον
810 4832 868 4885 δὲ
895 4834 990 4884 καὶ
1016 4830 1163 4884 κατὰ
1194 4831 1377 4902 πάσης
1417 4830 1515 4901 τῆς
1552 4830 1662 4883 τῶν
1703 4830 1833 4883 Ἰου-

212 4927 395 4980 δαίων
428 4924 636 4996 χώρας,
660 4922 1021 4993 καταφλέξειν
1051 4922 1268 4977 ἀπειλεῖ
1295 4922 1386 4976 τὸν
1419 4917 1568 4974 οἷκον
1607 4921 1827 4993 Ἀςαὴλ,

215 5019 319 5073 καὶ
364 5017 542 5088 Ἀδὲρ,
577 5015 673 5069 xui
724 5015 1034 5087 συντρίψειν
1085 5013 1319 5085 μοχλοὺς
1375 5014 1690 5084 Δαμασκοῦ.
1722 5014 1828 5069 Πέ-

216 5126 478 5183 πρακται
533 5108 635 5179 μὲν
679 5107 852 5163 ταῦτα
895 5106 985 5161 διὰ
1029 5107 1128 5177 μὲν
1171 5104 1369 5171 Ὀζίου,
1415 5108 1512 5160 καὶ
1545 5107 1830 5178 Ἰεροϐοὰμ

216 5201 528 5274 ἀναμέρος,
558 5200 651 5255 xui
680 5199 824 5255 κατὰ
852 5199 1079 5271 καιρούς
1106 5218 1120 5232 ’
1152 5193 1296 5252 εἷλόν
1323 5216 1382 5250 τε
1412 5198 1519 5268 γὰρ
1551 5200 1645 5253 καὶ
1677 5202 1832 5254 αὐτοὶ

217 5296 323 5368 τὴν
372 5294 598 5365 Συρίαν,
643 5293 736 5346 xui
775 5293 1089 5362 νενικήκασι
1119 5291 1497 5362 κατακράτος’
1549 5292 1742 5363 χρόνου
1773 5294 1830 5346 δὲ

220 5387 536 5461 προϊόντος,
566 5385 660 5438 xui
687 5383 839 5455 παρὰ
863 5382 1129 5453 βασιλέως
1154 5381 1476 5453 Ἀσσυρίων.
1507 5376 1640 5435 Εἶτά
1673 5400 1826 5452 φησι,

226 5497 251 5534 ι
283 5476 399 5531 Καὶ
428 5475 795 5547 ἐξολοθρεύσω
824 5471 1211 5535 κατοικοῦντας
1245 5474 1311 5524 ἐκ
1342 5470 1522 5525 πεδίου
1556 5466 1675 5525 Ὧν.
1701 5465 1828 5525 »Ὧν

224 5572 276 5624 οἱ
323 5569 609 5641 προφῆται
648 5568 746 5637 τὴν
774 5564 979 5635 Βαιθὴλ
1019 5563 1396 5636 ὀνομάζουσιν,
1437 5564 1495 5617 ὲν
1605 5563 1702 5635 τὴν
1738 5563 1828 5619 δά-

306 5751 354 5781 ¹¹
383 5748 488 5804 lsa.
524 5747 750 5814 XL1,15.
831 5746 874 5779 ¹³
907 5744 967 5799 ιν
1013 5742 1144 5816 Reg.
1177 5757 1294 5808 vm,
1326 5740 1411 5795 12.

1936 4578 2032 4619 seu
2085 4572 2251 4617 totam
2285 4561 2593 4619 Iudaeorum
2636 4564 2913 4633 regionem
2963 4565 3165 4633 potius,
3201 4573 3519 4619 exusturum

1936 4655 2176 4709 minatur
2235 4654 2454 4708 domum
2497 4655 2663 4708 Azael
2709 4663 2763 4708 et
2806 4654 2990 4720 Ader,
3049 4665 3103 4709 et
3156 4655 3518 4709 contriturum

1935 4756 2117 4803 vectes
2159 4747 2405 4801 Damasci
2434 4764 2446 4800 :
2476 4762 2599 4816 qua:
2637 4744 2777 4800 facta
2825 4754 2953 4801 sunt
2996 4760 3092 4816 per
3124 4746 3313 4800 Oziam
3344 4755 3399 4800 et
3432 4745 3522 4801 Je-

1935 4836 2157 4890 roboam
2206 4850 2452 4890 seorsum
2503 4844 2557 4889 et
2602 4835 2835 4889 diversis
2891 4834 3247 4906 temporibus.
3293 4835 3429 4889 Nam
3468 4844 3524 4890 et

1934 4923 2036 4994 ipsi
2086 4922 2297 4994 Syriam
2337 4923 2673 4988 invaserunt,
2706 4936 2761 4979 et
2793 4926 2961 4979 armis
3007 4926 3344 4990 devicerunt,
3376 4927 3523 4995 quod

1933 5024 1989 5073 et
2019 5031 2308 5087 progressu
2341 5017 2603 5087 temporis
2627 5016 2979 5088 Assyriorum
3016 5032 3109 5072 rex
3145 5016 3290 5072 fecit.
3319 5017 3522 5073 Deinde

1936 5111 2051 5163 ait:
2093 5127 2112 5159 ι
2142 5108 2210 5163 Ει
2264 5109 2573 5179 disperdam
2624 5110 2943 5164 habitantes
3004 5122 3072 5164 ex
3137 5124 3328 5178 campo
3365 5106 3460 5162 ὢν.
3494 5128 3513 5161 ι

1932 5199 2217 5269 Propheta:
2253 5200 2357 5256 hoc
2401 5201 2620 5256 nomine
2649 5200 2840 5256 Bethel
2870 5200 3202 5271 significant,
3238 5200 3327 5255 ubi
3360 5213 3517 5255 exse-

1932 5296 2166 5349 crandus
2213 5292 2503 5349 Jeroboam
2556 5293 2781 5348 vitulum
2829 5309 3051 5348 aureum
3097 5290 3365 5361 deposuit.
3410 5287 3516 5344 Sed

1931 5385 2055 5452 quia
2088 5399 2152 5439 ex
2186 5400 2250 5439 eo
2286 5368 2393 5439 tota
2434 5385 2581 5456 regio
2609 5386 2864 5455 deinceps
2891 5384 3029 5439 idola
3056 5377 3245 5446 coTuit,
3277 5382 3357 5437 sic
3392 5396 3514 5434 eam

1931 5477 2213 5531 nominare
2256 5485 2679 5532 consueverunt.
2721 5474 3040 5529 Habitantes
3074 5473 3237 5543 igitur
3281 5471 3332 5525 in
3371 5480 3514 5526 terra

1929 5574 1982 5621 el
2007 5580 2197 5636 campo
2232 5565 2326 5633 ὥν,
2352 5566 2466 5624 sive
2495 5567 2764 5638 ματαίων,
2806 5578 3091 5631 vanorum,
3130 5563 3234 5619 hoc
3264 5570 3372 5627 est,
3405 5561 3513 5618 ido-
