4054 6458
560 334 659 393 ῑὲὂ

1586 338 1644 393 S.
1684 328 1963 394 CYRILLI
2002 328 2474 392 ALEXANDRINI
2512 322 2829 389 ARCHIEP.

3725 330 3838 389 ιει

560 462 739 517 lorum
780 455 879 527 (sic
924 455 1068 509 enim
1117 453 1459 523 interpretati
1501 462 1628 509 sunt
1678 456 1815 526 alii),
1859 456 2050 511 delebo
2080 466 2125 510 el

2241 453 2401 524 μαλιν
2451 452 2685 506 ἀπέθετο
2730 451 2826 523 τὴν
2876 450 3089 523 χρυσῆν
3130 452 3161 504 ὁ
3205 452 3478 523 ἐπάρατος
3515 444 3834 524 Ἰεροΰοάμδ

561 547 889 617 disperdam,
922 546 1118 615 inquit.
1150 542 1507 601 Nihilominus
1529 546 1809 601 concidam
1842 548 2039 602 tribum
2066 563 2134 603 ex

560 640 692 694 viris
719 637 986 702 Cbarran,
1036 652 1157 707 quae
1190 647 1278 691 est
1326 638 1456 693 urbs
1504 653 1667 707 parva
1712 648 1766 693 et
1796 639 2136 709 propinquis-

559 731 697 785 sima
726 729 1015 793 Damasco,
1069 729 1274 782 incolas
1325 729 1528 783 habens
1558 728 2028 788 bellicosissimos.
2077 730 2134 786 ln

558 821 930 890 captivitatem
964 827 1227 889 praeterea
1264 820 1482 872 ductum
1516 819 1582 873 iri
1624 820 1867 888 prazdicit
1900 820 2135 891 ἐπίκλη-

554 927 648 964 τον
678 911 850 982 Syrite
878 910 1152 980 populum,
1195 918 1287 962 aut
1315 909 1470 963 valde
1495 909 1845 975 celebratum,
1873 920 1970 965 aut
1998 924 2134 966 con-

556 1001 869 1063 ductitium,
900 1010 954 1053 et
980 1000 1047 1053 ab
1073 1000 1203 1070 ipsis
1234 1000 1298 1053 ad
1325 998 1527 1053 auxilia
1550 998 1855 1054 collectum.
1886 998 2136 1057 Mercede

560 1095 702 1147 enim
753 1094 1086 1163 alienigenas
1138 1092 1401 1147 ﬁnitimos
1446 1092 1846 1157 conducebant,
1895 1101 1954 1147 ut
1997 1093 2130 1159 dixi,

555 1184 754 1240 Judzeze
810 1185 1007 1240 bellum
1073 1183 1295 1238 illaturi.
1349 1182 1488 1252 Ergo
1537 1182 1859 1255 ἐπίκλητον,
1913 1184 1967 1239 id
2028 1195 2132 1252 est,

555 1279 776 1331 aliunde
820 1278 1139 1331 advocatum
1193 1286 1247 1329 et
1315 1274 1598 1329 advenam.
1652 1274 1942 1329 Sciendum
1988 1275 2133 1330 enim

553 1368 831 1423 llebrzeam
854 1367 1144 1422 editionem
1174 1381 1291 1435 pro,
1323 1384 1343 1418 ι
1373 1366 1599 1436 pepulus
1628 1366 1820 1437 Syriae,
1856 1383 1873 1417 ι
1912 1367 2130 1433 habere,

558 1477 577 1511 ι
605 1459 863 1529 Cyrenes.
898 1474 918 1511 ›
977 1457 1100 1527 Syri
1148 1459 1291 1511 enim
1339 1456 1559 1511 fuerunt
1601 1455 1989 1529 Cyrenensium
2035 1473 2134 1513 co-

551 1550 684 1605 loni.
718 1548 1063 1604 Meminimus
1092 1559 1297 1610 autem,
1336 1549 1477 1603 sicut
1500 1550 1765 1619 scriptum
1786 1544 1883 1603 est
1913 1564 2132 1605 rursum

550 1650 745 1708 quarto
800 1639 939 1694 libro
980 1639 1209 1709 Regum,
1237 1638 1403 1709 256
1435 1653 1692 1708 regnasse
1744 1637 2133 1709 Hierosolymis

549 1732 749 1795 Achaz,
775 1729 993 1784 Phacee
1021 1739 1204 1784 autem
1226 1739 1280 1784 et
1309 1730 1572 1796 ltaasson,
1600 1729 1772 1802 Syrias
1797 1740 1852 1785 et
1881 1729 2129 1785 Damasci

2250 546 2389 599 Ἀλλ’
2416 544 2492 608 ὡς
2517 543 2578 608 ἐξ
2622 544 2833 598 ἐκείνου
2878 544 3063 599 λοιπὸν
3094 546 3278 598 πᾶσαν
3322 543 3507 616 χώραν
3547 544 3839 598 εἰδωλολα-

2233 636 2490 709 τροῦσαν,
2520 635 2664 690 οὕτω
2704 635 2889 690 καλεῖν
2940 635 3061 700 ἔθος
3088 632 3158 706 ἧν
3204 635 3406 700 αὐτοῖς.
3452 636 3593 699 Τοὺς
3645 648 3839 690 κατοι-

2235 727 2469 792 κοῦντας
2490 728 2668 781 τοίνυν
2707 729 2767 781 ὲν
2804 729 2898 798 γῇ,
2929 727 3028 780 καὶ
3073 728 3243 798 πεδίῳ
3266 722 3388 792 Ὧν,
3424 726 3544 798 ἦτοι
3574 727 3686 780 τῶν
3730 738 3841 799 μα-

2234 818 2426 881 ταίων,
2458 817 2487 869 ὃ
2524 819 2674 870 ἐστιν
2717 815 2949 870 εἰδώλων
2996 816 3170 888 (οὕτω
3220 816 3329 888 γὰρ
3383 817 3741 886 ἡρμήνευσαν
3786 819 3838 873 σί

2238 907 2434 981 λοιποί)
2460 906 2773 981 καταφερῶ,
2802 909 2899 962 καὶ
2926 908 3315 980 ὲξολοθρεύσω,
3351 909 3505 980 φησὶ,
3532 908 3838 977 κατακόψω

2233 1000 2290 1055 δὲ
2315 1000 2467 1055 οὐδὲν
2496 995 2680 1073 ἦττον,
2708 1001 2803 1052 καὶ
2839 999 3010 1071 φυλὴν
3037 999 3096 1066 ἐξ
3124 998 3333 1070 ἀνδρῶν
3358 998 3610 1070 Χαρρὰν,
3640 998 3679 1068 ἦ
3717 1000 3838 1051 ἐστι

2235 1092 2461 1163 πολίχνη
2493 1100 2595 1145 που
2637 1091 2856 1155 πάντως
2885 1089 3251 1162 προσοικοῦσα
3283 1094 3349 1162 τῇ
3383 1090 3685 1161 Δαμασκῷ,
3729 1106 3837 1161 μα-

2233 1184 2577 1256 χιμωτάτους
2612 1183 2815 1255 ἔχουσα
2849 1185 2975 1246 τοὺς
3018 1183 3332 1253 οἰκήτορας.
3368 1180 3835 1253 Αἰχμαλωτιᾶθή-

2235 1273 2425 1327 σεσθαι
2469 1274 2525 1326 δέ
2561 1289 2695 1345 φησι
2729 1273 2822 1326 καὶ
2861 1272 2953 1327 τὸν
2987 1271 3279 1341 ἐπίκλητον
3308 1272 3408 1342 τῆς
3439 1272 3641 1343 Συρίας
3676 1270 3829 1324 λαόνλ

2232 1367 2522 1439 ἐπίκλητον
2576 1366 2773 1434 λέγων,
2831 1364 2866 1436 ἦ
2911 1364 3005 1419 τὸν
3050 1365 3258 1436 σφόδρα
3304 1362 3612 1434 διαϐόητον,
3657 1362 3691 1433 ἢ
3739 1362 3834 1416 τὸν

2235 1458 2587 1530 μισθοφόρον,
2629 1456 2727 1511 καὶ
2774 1455 3170 1527 συνηλεγμένον
3217 1455 3400 1518 αὐτοῖς
3432 1453 3568 1526 πρὸς
3608 1455 3836 1507 ἐπικου-

2234 1551 2380 1622 ρίαν.
2426 1548 2870 1621 Κατεμισθοῦντο
2895 1549 3025 1620 γὰρ,
3055 1547 3131 1608 ὡς
3172 1546 3332 1617 ἔφην,
3372 1547 3499 1611 τοὺς
3534 1544 3641 1598 τῶν
3670 1544 3837 1599 ἀλλο-

2231 1641 2415 1711 φύλων
2456 1641 2723 1713 ὁμόρους,
2777 1641 2879 1711 τῆς
2936 1639 3204 1694 Ἰουδαίων
3262 1635 3837 1707 καταστρατευόμενοι

2230 1732 2446 1805 χώραςο
2482 1734 2653 1805 ἤγουν
2681 1733 2975 1803 ἐπίκλητον
3005 1729 3098 1784 τὸν
3122 1729 3322 1797 ἔξωθεν
3344 1728 3702 1800 κεκλημένον,
3734 1726 3837 1780 καὶ

550 1835 707 1891 reges
771 1819 1202 1891 Hierosolymam
1233 1821 1533 1876 exercitum
1587 1822 1897 1886 adduxisse,
1947 1831 2002 1875 et
2040 1820 2125 1892 Ju:

2239 1822 2508 1894 μέτοικον.
2553 1822 2749 1877 ’ἰστέον
2780 1822 2889 1893 γὰρ
2933 1822 3014 1875 ὅτι
3053 1818 3160 1873 τῶν
3196 1818 3466 1890 Ἐϐραίων
3497 1819 3531 1888 ἡ
3580 1815 3835 1880 εκδοσις,

550 1911 682 1963 dum
734 1908 990 1964 civitates
1033 1910 1086 1963 ei
1132 1908 1409 1980 subjectas
1460 1911 1810 1981 depopulatos
1869 1926 2011 1967 esse.
2065 1910 2132 1967 Et

549 2000 808 2068 quoniam
838 2001 1022 2054 Aehaz
1053 2015 1232 2071 regem
1250 2000 1386 2056 Juda
1413 2011 1591 2056 terror
1616 2002 1807 2073 ingens
1835 2002 2126 2068 invaserat,

2229 1912 2350 1965 ἀντὶ
2378 1912 2473 1966 τοῦ
2508 1931 2526 1963 ι
2556 1912 2685 1976 λαὸς
2709 1913 2933 1983 Συρίας,
2955 1930 2973 1963 ι
3011 1928 3030 1962 ι
3060 1912 3320 1983 Κυρήνης
3346 1928 3364 1960 ι
3396 1909 3581 1979 φησὶν,
3609 1906 3836 1961 ἄποικοι

2226 2005 2336 2076 γὰρ
2370 2005 2699 2076 Κυρηναίων
2726 2006 2774 2057 oi
2806 2001 2987 2077 Σύροι.
3031 2002 3377 2075 Μεμνήμεοα
3404 2001 3463 2053 δὲ
3483 2041 3497 2063 ,
3524 2001 3605 2054 ὅτι
3644 1998 3835 2061 καθὼς

549 2090 779 2158 pecunia
815 2089 1304 2160 Theglatphalasar
1353 2092 1641 2163 Assyrium
1691 2093 1974 2149 conduxit.
2013 2112 2032 2145 ι
2061 2092 2125 2151 Et

2232 2095 2538 2166 γέγραπται
2569 2095 2731 2151 πάλιν
2758 2097 2816 2149 ὲν
2846 2098 2912 2166 τῇ
2939 2094 3178 2166 τετάρτῃ
3209 2093 3318 2148 τῶν
3349 2091 3675 2160 Βασιλειῶν,
3698 2093 3835 2146 ἐδαο

548 2181 757 2248 adjuvit
810 2196 934 2237 eum
989 2197 1083 2237 rex
1138 2184 1512 2253 Assyriorum,
1546 2191 1602 2240 et
1645 2185 1888 2241 ascendit
1920 2186 1975 2240 in
2021 2185 2129 2241 Da-

546 2288 810 2339 mascum,
861 2284 917 2330 et
974 2275 1119 2345 cepit
1168 2290 1312 2343 eam,
1361 2285 1416 2333 et
1470 2278 1748 2333 transtulit
1808 2279 2021 2346 urbem,
2067 2288 2124 2334 et

546 2364 795 2420 Raasson
821 2365 1091 2423 interfecit
1116 2368 1181 2423 ιδ.
1210 2386 1229 2419 ›

2229 2186 2405 2240 σίλευε
2442 2187 2541 2257 μὲν
2583 2186 2784 2257 Ἀχὰτζ
2817 2186 2928 2239 τῶν
2961 2184 3375 2258 Ἰεροσολύμων,
3401 2184 3575 2237 Φακεὲ
3604 2183 3686 2247 δὲ,
3732 2183 3834 2236 καὶ

2242 2279 2525 2335 Ῥαασσὼν
2546 2282 2594 2334 oi
2625 2280 2822 2353 Συρίας
2849 2297 2910 2334 τε
2960 2279 3053 2333 καὶ
3074 2277 3367 2350 Δαμασκοῦ
3396 2277 3656 2350 βασιλεῖς,
3686 2277 3835 2330 κατὰ

2229 2371 2338 2425 τῶν
2369 2371 2759 2444 Ἰεροσολύμων
2800 2371 2991 2443 ᾔεσαν,
3036 2368 3433 2444 καταδῃοῠντες
3464 2369 3563 2432 τὰς
3612 2368 3705 2421 ὑπ’
3731 2368 3833 2420 αὒ-

544 2459 672 2520 τοὺς
700 2454 800 2528 τῆς
834 2455 1092 2523 Ἰουδαίας
1119 2460 1323 2523 πόλεις.
1363 2460 1580 2533 Ἐπειδὴ
1609 2458 1665 2514 δὲ
1696 2456 1764 2533 ἦν
1798 2463 1858 2516 ὲν
1911 2462 2164 2533 δείμασιν
2194 2465 2256 2517 οὐ
2302 2467 2561 2534 φορητοῖς
2603 2464 2632 2515 ὁ
2667 2461 2866 2535 Ἀχὰτζ
2881 2501 2898 2528 ,
2978 2461 3278 2532 βασιλεύων
3322 2463 3415 2515 ἐπὶ
3469 2461 3563 2516 τὸν
3597 2459 3830 2524 Ἰούδαν,

544 2549 944 2621 κατεμισθοῦτο
988 2551 1234 2623 χρήμασι
1278 2551 1712 2624 Θεγλαεραλασὰρ
1771 2553 1863 2607 τὸν
1908 2550 2215 2627 Ἀσσύριον.
2267 2574 2287 2607 ι
2351 2555 2462 2609 Καὶ
2534 2555 2769 2625 ἤκουσεν
2838 2553 3028 2619 αὑτοῦ,
3103 2556 3268 2626 φησὶ,
3311 2553 3568 2626 βασιλεὺς
3624 2552 3830 2605 ’Δσσυ-

546 2642 698 2713 ρίων,
735 2640 832 2698 καὶ
884 2645 1052 2718 ἀνέϐη
1097 2648 1176 2711 εἰς
1213 2647 1525 2717 Δαμασκὸν,
1582 2650 1679 2701 καὶ
1755 2650 2048 2706 συνέλαϐεν
2108 2649 2300 2721 αὐτὴν,
2342 2651 2440 2705 καὶ
2491 2650 2773 2721 ἀπῴκισεν
2831 2650 3024 2722 αὐτὴν,
3074 2651 3170 2704 καὶ
3226 2651 3319 2705 τὸν
3384 2648 3666 2706 Ῥαασσὼν
3698 2646 3830 2703 ἐθα-

544 2733 775 2789 νάτωσε.
797 2753 817 2788 ι
846 2763 867 2787 ο

620 2823 783 2880 Vens.
838 2824 956 2882 6-8.
1011 2824 1142 2881 llaec
1199 2828 1327 2882 dicit
1383 2829 1639 2885 Dominus
1681 2846 1703 2886 .°
1744 2827 1918 2902 Super
1959 2834 2126 2889 tribus

544 2918 901 2985 impietatibus
941 2917 1119 2985 Gnate,
1160 2929 1210 2975 et
1242 2937 1398 2989 super
1427 2933 1658 2994 quatuor
1689 2939 1792 2979 non
1828 2935 2127 2981 convertam

2313 2828 2457 2885 Τάδε
2486 2828 2651 2900 λέγει
2680 2830 2897 2897 Κύριος
2915 2844 2929 2860 ’
2974 2828 3101 2883 Ἐπί
3137 2827 3267 2896 ταῖς
3291 2830 3493 2899 τρισίν
3523 2830 3829 2901 ἀσεϐείαις

2232 2921 2445 2990 Γάζης,
2480 2920 2580 2975 καὶ
2622 2920 2723 2974 ἐπὶ
2753 2919 2884 2986 ταῖς
2920 2920 3257 2988 τέσσαρσιν
3284 2923 3396 2976 οὐκ
3431 2923 3829 2993 ἀποστραφή-

544 3022 655 3073 eos,
683 3023 742 3062 eo
774 3009 911 3077 quod
940 3011 1327 3078 captivaverunt
1354 3013 1455 3082 ipsi
1482 3014 1831 3082 captivitatem
1854 3014 2125 3085 Salomon,

2232 3024 2414 3079 σομαι
2438 3009 2683 3076 αὐτοὺς,
2712 3009 2922 3063 ἕνεκεν
2949 3009 3055 3064 τοῦ
3088 3010 3568 3078 αίχμαλωτεῦσαι
3601 3014 3830 3081 αὐτοὺς

545 3111 603 3153 ut
644 3100 1011 3155 concluderent
1045 3105 1100 3156 in
1145 3101 1468 3161 Idumaeam.
1510 3103 1580 3160 Et
1627 3108 1830 3161 mittam
1869 3109 2042 3179 ignem
2071 3109 2130 3164 in

545 3207 727 3246 muros
763 3190 949 3259 Gazae,
978 3198 1029 3248 et
1062 3193 1330 3248 devorabit
1360 3197 1707 3265 fundamenta
1735 3202 1872 3267 ejus.
1904 3198 1971 3253 Et
2016 3200 2128 3253 dic-

544 3285 764 3353 perdam
796 3283 1095 3339 habitantes
1137 3287 1202 3341 de
1240 3290 1429 3342 Azoto.
1476 3287 1545 3343 Et
1581 3287 1822 3358 auferam
1862 3291 2029 3345 tribus
2063 3308 2128 3346 ea:

546 3373 826 3441 Ascalone,
855 3384 903 3429 et
950 3376 1197 3431 inducam
1230 3395 1444 3433 manum
1491 3395 1663 3434 meam
1711 3396 1868 3450 super
1904 3383 2129 3436 Accaro-

546 3483 696 3532 nem,
748 3477 796 3523 et
849 3467 1090 3537 peribunt
1132 3470 1319 3542 reliqui
1361 3470 1795 3544 alienigenarum,
1855 3474 1980 3529 dicit
2018 3469 2127 3530 Do-

546 3573 743 3614 mnus.

615 3730 683 3788 ιτ.
730 3733 873 3788 Ante
904 3733 1007 3790 alia
1036 3736 1139 3791 hoc
1171 3735 1537 3791 necessarium
1568 3737 1717 3795 dictu
1742 3741 1997 3809 arbitror,
2025 3758 2126 3802 nec

544 3820 942 3893 Hebraeorum,
1001 3841 1105 3882 nec
1160 3826 1389 3883 aliorum
1457 3831 1749 3887 editionem
1812 3834 2126 3893 meminisse

544 3911 874 3970 Salomonis.
911 3914 1018 3970 Sed
1048 3915 1100 3970 in
1147 3915 1373 3973 Hebraea
1400 3918 1620 3990 quidem
1652 3933 1738 3978 est
1766 3941 1782 3979 :
1814 3939 1837 3976 ι
1871 3923 1951 3981 Εο
1979 3928 2123 3995 quod

543 4004 957 4074 captivaverunt
1004 4021 1099 4064 eos
1158 4012 1493 4079 captivitate.
1527 4032 1548 4065 ι
1591 4014 1784 4071 Crateri
1842 4028 1941 4084 pro
1996 4031 2124 4071 voce

550 4110 568 4144 ι
602 4092 858 4150 Salomon
910 4113 929 4147 ›
986 4111 1353 4168 apposuerunt
1395 4102 1704 4171 perfectum,
1759 4120 1857 4159 seu
1906 4108 2121 4160 absolu-

542 4193 677 4239 tum.
717 4187 824 4242 Sed
857 4203 954 4244 nos
985 4189 1336 4262 Septuaginta
1374 4193 1870 4261 interpretationem
1900 4198 2122 4255 omnino

544 4286 860 4345 sequemur.
880 4279 1183 4338 Accusatur
1218 4284 1401 4352 itaque
1438 4283 1586 4337 Gaza
1625 4285 1755 4340 urbs
1806 4284 2116 4356 Philistiim,

542 4380 665 4437 qum
698 4367 860 4425 hodie
892 4369 1177 4429 Palaestina
1210 4382 1313 4438 est,
1352 4375 1495 4442 quod
1538 4376 1900 4443 captivaverit
1944 4382 2117 4450 capti-

544 4459 767 4516 vitatem
796 4459 1131 4528 Salomonis,
1163 4472 1223 4519 ut
1260 4463 1610 4520 concluderet
1641 4480 1762 4521 eam
1791 4469 1843 4524 in
1869 4470 2120 4529 Idumaea.

545 4548 701 4617 Quod
753 4553 798 4608 si
838 4553 1057 4622 quidem
1108 4555 1188 4610 sic
1233 4553 1621 4621 intelligamus,
1663 4561 2121 4629 quemadmodum

544 4644 727 4698 caeteri
776 4643 1103 4714 interpretes
1156 4643 1566 4713 intellexerunt,
1614 4664 1722 4704 non
1772 4654 2123 4713 mediocriter

542 4729 783 4791 Judaeum
845 4736 1230 4800 devastarunt,
1294 4738 1391 4792 sed
1446 4737 1718 4809 ingentem
1781 4746 2119 4815 captivorum

544 4840 828 4880 numerum
874 4825 1255 4891 abduxerunt,
1300 4841 1531 4897 eamque
1580 4831 1829 4891 ldumteis
1877 4838 2121 4907 subjeee-

543 4927 692 4971 runt.
726 4914 948 4972 Idumaei
1005 4919 1284 4987 propagati
1316 4920 1533 4988 quidem
1573 4936 1731 4978 erant
1777 4942 1808 4982 e
1858 4931 2121 5000 sanguine

543 5005 687 5062 Esau
711 5021 726 5072 ;
749 5020 934 5062 verum
960 5004 1326 5064 lsraelitarum
1354 5022 1613 5082 perpetuo
1640 5014 1868 5083 inimici,
1889 5036 2119 5088 quorum

543 5096 814 5170 adjutores
841 5106 896 5151 et
928 5096 1132 5152 militiae
1179 5100 1309 5155 socii
1343 5099 1520 5159 ϐειτωί
1548 5115 1603 5160 et
1646 5106 1846 5175 Azotii,
1892 5111 2113 5168 Ascaloo

543 5186 670 5239 nitae
710 5190 765 5240 et
813 5186 905 5255 qui
960 5187 1214 5243 dicuntur
1254 5192 1613 5262 Aecaronitze,
1659 5205 1713 5252 et
1757 5199 1847 5254 alii
1894 5203 2116 5272 quidam

544 5274 860 5345 alienigena:
894 5275 960 5333 ad
985 5282 1369 5348 expugnandas
1398 5281 1596 5342 Judaeae
1628 5289 1792 5345 urbes
1823 5289 2115 5360 plurimum

543 5364 650 5419 illis
705 5366 1073 5424 contulerunt.
1122 5370 1273 5437 Quod
1334 5372 1379 5429 si
1432 5378 1726 5433 secundum
1774 5382 2115 5453 septuaginta

546 5454 830 5512 Seniorum
864 5461 1266 5531 translationem
1297 5480 1392 5522 eos
1418 5469 1782 5537 captivitatem
1811 5470 2116 5529 Salomonis

541 5548 844 5618 captivasse
870 5548 1122 5622 dicimus,
1164 5555 1243 5614 sic
1277 5556 1641 5629 intelligamus
1684 5571 1918 5630 oportet.
1943 5564 2115 5633 ,ὅδιο-

609 5723 657 5759 ¹⁵
683 5724 751 5781 lV
783 5723 912 5797 Reg.
936 5742 1047 5796 xw,
1070 5728 1122 5783 9.

2230 3100 2646 3171 αἰχμαλωσίαν
2673 3099 2781 3153 τοῦ
2818 3097 3126 3169 Σολομὼν,
3169 3100 3277 3154 τοῦ
3324 3102 3689 3171 συγκλεῖσαι
3736 3107 3831 3172 είς

2229 3192 2345 3261 τὴν
2372 3191 2723 3262 Ἰδουμαίαν.
2745 3192 2854 3247 Καὶ
2878 3189 3270 3259 ἐξαποστελῶ
3292 3192 3413 3263 πῦρ
3434 3193 3535 3249 ἐπὶ
3560 3194 3634 3249 τὰ
3653 3197 3826 3267 τείχη

2230 3282 2443 3353 Γάζης,
2476 3284 2577 3338 καί
2619 3282 3022 3354 καταφάγεται
3071 3285 3146 3339 τὰ
3189 3282 3436 3354 θεμέλια
3466 3285 3677 3355 αὐτῆς.
3711 3290 3827 3343 Καὶ

2227 3376 2641 3445 ἐξολοθρεύσω
2674 3376 3104 3441 κατοικοῦντας
3126 3376 3195 3442 ἐξ
3232 3377 3491 3438 Ἀζώτου.
3514 3379 3628 3434 Καὶ
3655 3380 3830 3450 ἐξαρι

2228 3467 2477 3535 θήσεται
2527 3467 2695 3537 φυλὴ
2740 3468 2809 3532 ἐξ
2852 3466 3258 3535 Ἀσκαλῶνος,
3313 3462 3413 3523 καί
3460 3468 3665 3535 ἐπάξω
3706 3472 3828 3540 τὴν

2227 3559 2398 3629 χεῖρά
2416 3576 2538 3629 μου
2560 3560 2653 3613 ἐπ’
2690 3559 3006 3627 Ἀκκαρὼν,
3036 3560 3136 3614 καί
3168 3560 3541 3615 ἀπολοῦνται
3564 3564 3622 3617 οἱ
3649 3564 3827 3618 κατά-

2225 3655 2429 3706 λοιποι
2460 3651 2581 3706 τῶν
2622 3651 3015 3720 ἀλλοφύλων,
3044 3650 3211 3721 λέγει
3239 3653 3478 3719 Κύριος.

2299 3741 2376 3797 Ε’.
2424 3742 2746 3810 Ἀναγκαῖον
2804 3738 3045 3812 ἠγοῦμαι
3097 3743 3193 3796 καὶ
3239 3741 3348 3814 πρό
3376 3760 3441 3814 τε
3501 3746 3612 3801 τῶν
3642 3747 3823 3804 ἄλλων

2225 3833 2401 3887 ἐκεῖνο
2426 3834 2620 3899 εἰπεῖν,
2649 3834 2726 3896 ὡς
2756 3828 2881 3885 οὔτε
2910 3835 2944 3904 ἠ
2974 3833 3083 3887 τῶν
3114 3828 3386 3907 Ἐὗραίων
3425 3837 3661 3906 ἔκδοσις,
3698 3842 3823 3897 οὔτε

2223 3926 2257 3995 ὴ
2284 3925 2392 3978 τῶν
2425 3924 2627 3997 ἑτέρων
2651 3926 2925 3997 μέμνηται
2950 3925 3044 3979 τοῦ
3074 3920 3347 3998 Σολομὼν,
3379 3926 3496 3985 ἀλλ’
3522 3934 3786 4005 εἰρήκασι
3803 3974 3821 4003 ,

2237 4016 2478 4088 Ἑϐραῖοι
2525 4019 2623 4087 μὲν
2669 4036 2688 4069 ι
2723 4018 2953 4072 Ἕνεκεν
2984 4018 3080 4072 τοῦ
3123 4020 3567 4091 αίχμαλωτεῦσαι
3619 4027 3822 4092 αὐτοὺς

2224 4107 2602 4179 αἰχμαλωσίᾳ*
2630 4127 2649 4159 ι
2674 4109 2723 4161 oi
2751 4110 2808 4161 δὲ
2832 4110 3011 4163 λοιποὶ
3038 4112 3377 4182 προσέθεσαν
3401 4116 3523 4169 ἀντὶ
3551 4116 3647 4170 τοῦ
3680 4138 3701 4171 ι
3732 4122 3821 4173 Σο.

2222 4197 2405 4269 λομὼν
2434 4217 2452 4250 ι
2489 4200 2965 4270 ἀπηρτισμένην,
3014 4202 3132 4274 ἦτοι
3164 4205 3424 4260 τελείαν.
3462 4208 3741 4281 Ἑψόμεθα
3764 4211 3819 4265 δὲ

2221 4289 2539 4358 ἀναγκαίως
2584 4293 2746 4362 ἡμεῖς
2775 4293 2870 4345 καὶ
2905 4297 2969 4366 τῇ
3004 4294 3114 4348 τῶν
3154 4296 3561 4369 Ἐδδομήκοντα
3601 4305 3814 4374 γραφῇ.

2243 4380 2586 4454 Ἐγκαλεῖται
2613 4380 2677 4458 δὴ
2709 4382 2804 4441 οὖν
2826 4389 2859 4460 ἡ
2882 4388 3050 4457 Γάζα,
3084 4389 3237 4455 πόλις
3257 4391 3313 4445 δὲ
3341 4392 3624 4466 αὖτητῶν
3650 4389 3812 4451 Φυλι-

2233 4477 2434 4548 στιεὶμ,
2468 4476 2502 4549 ἢ
2528 4477 2622 4533 νῦν
2650 4482 2763 4533 ἐστι
2797 4474 3150 4554 Παλαιστίνη,
3176 4483 3251 4548 ὼς
3280 4479 3657 4556 αἰχμαλωσίαν
3687 4492 3799 4560 αἰχ·

2234 4563 2633 4635 μαλωτεύσασα
2684 4567 2780 4621 τοῦ
2816 4560 3086 4641 Σολομὼν,
3122 4572 3217 4626 τοῦ
3260 4574 3574 4643 συγκλεῖσαι
3607 4579 3685 4642 εἰς
3714 4578 3811 4651 τὴν

2240 4655 2560 4728 Ἰδουμαίαν.
2594 4658 2715 4714 Κᾶν
2753 4658 2851 4729 μὲν
2879 4659 3021 4717 οὕτω
3048 4663 3279 4735 νοῶμεν,
3306 4667 3384 4731 ὡς
3413 4666 3466 4738 γ’
3493 4664 3587 4724 οὖν
3612 4672 3665 4724 οί
3697 4672 3809 4726 ιτε-

2228 4762 2313 4817 ροι
2362 4749 2684 4818 νενοήκασιν
2727 4748 3094 4819 ἑρμηνευταὶ,
3138 4754 3200 4806 οὐ
3239 4754 3337 4828 τὴν
3390 4758 3661 4829 τυχοῦσαν
3706 4779 3805 4816 πε-

2229 4833 2477 4904 ποίηνται
2519 4836 2660 4889 κατὰ
2699 4836 2797 4907 τῆς
2838 4838 3096 4906 Ἰουδαίας
3134 4829 3420 4917 πόρθησιν,
3460 4849 3575 4903 ἀλλ’
3604 4853 3804 4925 αἰχμα-

2225 4925 2428 4980 λωσίαν
2474 4925 2683 4995 ἑλόντες
2740 4929 2947 5000 ἱκανὴν,
3003 4933 3108 4986 ὑπὸ
3158 4938 3318 5007 χεῖρα
3369 4939 3635 4996 δεδώκασι
3694 4945 3805 5000 τῶν

2239 5016 2557 5088 Ἰδουμαίων
2600 5019 2791 5092 αὐτήν.
2832 5022 3118 5095 Ἰδουμαῖοι
3161 5028 3419 5098 γεγόνασι
3466 5032 3564 5102 μὲν
3595 5034 3672 5101 ἐξ
3721 5034 3805 5093 αἴ-

2227 5126 2391 5179 ματος
2429 5110 2622 5195 Ἡσαῦ,
2643 5112 2814 5185 ἐχθρά
2834 5130 2897 5182 γε
2930 5115 3037 5188 μὴν
3063 5121 3469 5193 πεφρονήκασιν
3491 5125 3578 5180 ἀεὶ
3605 5124 3722 5192 τοῖς
3744 5128 3800 5195 ἐξ

2235 5198 2469 5270 Ἰσραὴλ,
2497 5194 2576 5264 οἷς
2603 5202 3088 5276 συνεργασάμενοι,
3117 5209 3212 5262 καὶ
3244 5205 3494 5267 σύνοπλοι
3518 5194 3797 5285 γεγονότες

2223 5288 2265 5341 Γ
2266 5288 2445 5352 αζαῖοί
2469 5308 2528 5345 τε
2552 5291 2647 5346 καὶ
2680 5290 2924 5357 ’Δξώτιοι
2948 5297 3042 5351 καὶ
3068 5296 3479 5370 Ἀσκαλωνῖται,
3506 5306 3601 5359 καὶ
3628 5310 3678 5361 οί
3702 5308 3796 5380 τῆς

2223 5381 2524 5454 λεγομένης
2554 5384 2865 5459 Ἀκκαρὼν,
2904 5389 3000 5444 καὶ
3031 5390 3208 5463 ἕτεροι
3248 5393 3306 5449 δὲ
3347 5396 3455 5452 τῶν
3488 5398 3797 5469 ἀλλοφύλων

2222 5474 2384 5542 τινὲς,
2425 5477 2770 5549 κατακράτος
2820 5480 2959 5535 ἑλεῖν
3010 5482 3110 5556 τῆς
3157 5484 3418 5552 Ἰουδαίας
3468 5490 3569 5554 τὰς
3615 5493 3795 5555 πόλεις

2221 5567 2660 5637 παρεσκεύασαν.
2684 5567 2747 5625 Ei
2782 5568 2838 5625 δὲ
2870 5572 2935 5627 δίη
2965 5576 3106 5631 κατὰ
3137 5575 3235 5649 τὴν
3261 5578 3368 5633 τῶν
3399 5576 3793 5655 Ἐϐδομήκοντα
