4054 6512
232 391 346 448 4'25

1215 383 1776 442 COMMENTARIUS
1811 380 1878 436 IN
1918 371 2105 434 AMOS
2145 371 2596 431 PROPHETAM.

3448 380 3552 439 426

235 507 468 581 Γραφῆν
501 504 950 579 αἰχμαλωτεῦσαι
988 503 1220 574 λέγομεν
1250 505 1452 568 αὐτοὺς
1501 500 1855 574 αἰχμαλωσίᾳ

1974 512 2084 552 non
2132 511 2225 550 rex
2276 495 2481 549 viribus
2510 503 2817 565 praepotens
2861 494 2984 562 fuit,
3035 507 3093 554 et
3130 500 3304 570 copiis
3335 501 3556 558 invictis

232 601 332 655 τοῦ
375 600 655 673 Σολομὼν,
687 600 866 655 ἐκεῖνό
901 615 1004 652 που
1042 596 1263 660 πάντως
1295 597 1497 650 ἐννοεῖν
1526 595 1847 664 ἀναγκαῖον.

235 696 439 763 Γέγονε
476 697 579 766 μὲν
630 695 742 767 γάρ
786 691 1206 754 εύσθενὲστατος
1245 691 1342 743 καὶ
1381 689 1667 760 παναλκὴς
1701 689 1852 760 βασι-

236 787 365 850 λεὺς
391 787 420 839 ὀ
445 785 725 857 Σολομὼν,
757 785 1139 856 κατεκράτησε
1167 780 1225 836 δὲ
1251 780 1394 834 οὕτω
1420 780 1529 833 τῶν
1557 781 1853 852 περιοίκων

237 879 436 942 ὲθνῶν,
493 879 572 942 ὡς
632 878 729 931 καὶ
783 875 986 938 πολλὰς
1031 873 1166 944 παρ’
1211 873 1403 935 αὐτοῖς
1453 870 1855 941 ἀναδείμασθαι

238 973 464 1036 πόλεις,
505 972 603 1026 καὶ
644 973 702 1026 ὲν
752 971 945 1033 αὑταῖς
988 967 1205 1039 ίδρύσαι
1241 965 1332 1019 τὸν
1385 964 1638 1038 Ἰσραὴλ,
1672 963 1854 1026 δόντος

238 1063 389 1134 αὐτῷ
421 1063 518 1117 τοῦ
550 1063 761 1135 Χιράμ.
796 1061 1115 1131 Γέγραπται
1139 1058 1196 1111 δὲ
1225 1056 1370 1112 οὕτω
1404 1059 1463 1111 ὲν
1491 1055 1720 1127 δευτέρᾳ
1746 1055 1857 1109 τῶν

237 1155 774 1228 Παραλειπομένων·
817 1171 836 1204 ι
871 1152 983 1206 Καὶ
1030 1150 1250 1220 ἐγένετο
1305 1149 1442 1220 μετὰ
1476 1149 1683 1202 εἴκοσιν
1725 1149 1852 1220 ἐτη,

239 1252 295 1304 ἐν
323 1246 409 1314 οἷς
439 1248 765 1320 ᾠκοδόμησε
796 1245 1052 1316 Σολομὼν
1086 1243 1179 1297 τὸν
1210 1239 1359 1297 οἷκον
1385 1243 1616 1312 Κυρίου,
1644 1243 1736 1295 καὶ
1763 1240 1857 1296 τὸν

239 1341 387 1398 οἷκον
416 1340 642 1403 ἑαυτοῦ,
672 1340 768 1395 καὶ
806 1337 903 1403 τὰς
938 1339 1125 1399 πόλεις
1165 1337 1334 1391 ἔδωκε
1367 1335 1557 1408 Χιράμ
1586 1334 1666 1406 τῷ
1695 1335 1852 1389 Σολο-

243 1435 382 1507 μὼν,
431 1432 794 1506 ᾠκοδόμησεν
839 1431 1010 1496 αὑτὰς
1077 1427 1354 1500 Σολομὼν,
1403 1427 1499 1481 καὶ
1547 1426 1856 1499 κατῴκισεν

240 1533 360 1584 ἐκεῖ
385 1531 520 1593 τοὺς
549 1529 701 1591 υἱοὺς
723 1527 966 1600 Ἰσραὴλ,
996 1525 1092 1580 καὶ
1119 1520 1253 1597 ἦλθε
1280 1522 1536 1594 Σολομὼν
1571 1523 1651 1586 είς
1675 1521 1855 1594 Λίμὰο

243 1622 427 1677 Σωϐά.
485 1621 601 1676 Καὶ
645 1619 954 1689 κατῴκισεν
1009 1618 1200 1691 αὐτὴν,
1249 1616 1346 1671 καὶ
1396 1615 1716 1687 ᾠκοδόμησε
1759 1615 1858 1688 τὴν

241 1715 461 1785 Θεδμὸρ
507 1715 567 1767 ὲν
604 1715 673 1785 τῇ
726 1714 958 1784 ἐρήμῳ,
1005 1711 1103 1765 καὶ
1153 1711 1342 1774 πάσας
1378 1711 1477 1774 τὰς
1529 1709 1716 1773 πόλεις
1760 1710 1860 1773 τὰς

240 1810 450 1882 ὀχυρὰς
481 1807 838 1880 ᾠκοδόμησεν
860 1808 918 1859 ἐν
937 1804 1174 1876 Αίμάθ.»
1193 1804 1306 1860 Καὶ
1329 1802 1448 1876 μεθ’
1473 1803 1639 1876 ἕτερα
1670 1803 1859 1857 πάλιν·

248 1923 267 1956 ι
290 1904 406 1956 Καὶ
430 1900 537 1955 ὅσα
560 1898 877 1970 ἐπεθύμησε
898 1897 1154 1970 Σολομὼν
1171 1897 1424 1970 κατὰτὴν
1446 1896 1741 1968 ἐπιθυμίαν
1764 1894 1858 1949 τοῦ

241 1988 605 2059 οἰκοδομῆσαι
636 1988 694 2040 ἐν
734 1986 1115 2059 Ἰερουσαλὴμ,
1149 1987 1244 2041 καὶ
1273 1987 1330 2040 ἐν
1361 1986 1440 2058 τῷ
1473 1986 1693 2058 Λιϐάνῳ
1712 2025 1727 2043 .
1764 1985 1862 2040 καὶ⁴

242 2083 397 2153 πάσῃ
429 2082 502 2151 τῇ
538 2079 788 2151 βασιλείᾳ
820 2078 1008 2132 αὐτοῦ.
1051 2080 1168 2143 Πᾶς
1194 2079 1222 2131 ὀ
1247 2078 1373 2143 λαὸς
1403 2080 1432 2132 ὁ
1475 2076 1862 2146 καταλειφθεὶς

243 2171 356 2225 ἀπὸ
380 2169 483 2224 τοῦ
523 2169 818 2232 Χετταίου,
857 2170 953 2222 καὶ
988 2168 1084 2223 τοῦ
1121 2169 1477 2242 Ἀμορραίου,
1506 2171 1600 2223 καὶ
1630 2167 1725 2221 τοῦ
1760 2169 1861 2221 Φε-

248 2262 498 2337 ρεζαίου,
529 2262 626 2315 καὶ
654 2259 751 2314 τοῦ
792 2259 1016 2325 Εὐαίου,
1052 2260 1147 2314 καὶ
1178 2260 1274 2315 τοῦ
1299 2261 1652 2325 Ἰεϐουσαίου,
1680 2259 1729 2314 οἳ
1762 2260 1864 2315 οὐκ

243 2355 387 2410 εἰσὶν
420 2355 490 2407 ἐκ
519 2352 614 2407 τοῦ
640 2352 883 2425 Ἰσραὴλ,
915 2347 1056 2424 ἦσαν
1087 2353 1151 2406 ὲκ
1179 2351 1290 2407 τῶν
1322 2353 1455 2406 υἱῶν
1482 2352 1666 2407 αὐτῶν
1701 2370 1866 2408 κατα·

243 2446 567 2518 λειφθέντες
605 2446 726 2518 μετ’
770 2444 968 2509 αὐτοὺς
1008 2444 1067 2500 ὲν
1110 2445 1177 2516 τῇ
1236 2447 1338 2517 γῇ,
1383 2443 1479 2509 οὒς
1528 2446 1630 2500 οὐκ
1676 2445 1863 2511 ὲξωλό·

246 2543 493 2614 θρευσαν
519 2540 631 2593 uloi.
666 2537 906 2608 Ἰσραήλ.
931 2537 1043 2590 Kai.
1071 2537 1350 2610 ἀνήγαγεν
1381 2538 1583 2602 αὐτοὺς
1611 2538 1864 2610 Σολομὼν

247 2637 327 2700 είς
357 2633 552 2706 φόρον,
580 2631 687 2695 ἕως
711 2631 813 2702 τῆς
838 2629 1054 2701 ἡμέρας
1084 2629 1308 2701 ταύτης.
1333 2649 1350 2682 ι
1391 2629 1862 2702 Συμφραξάμενοι

245 2729 429 2782 τοίνυν
473 2727 593 2789 τοῖς
623 2725 692 2778 ὲκ
728 2724 828 2796 τῆς
857 2723 1164 2796 Ἰδουμαίας
1203 2722 1427 2788 Γαζαῖοι
1460 2740 1522 2776 τε
1559 2724 1654 2778 καὶ
1693 2722 1868 2790 Ἀζώ-

246 2841 378 2889 τιοι,
408 2821 511 2875 καὶ
533 2820 586 2874 οἱ
609 2818 790 2873 λοιποὶ
814 2817 1022 2882 ταύτας
1053 2835 1158 2871 που
1183 2817 1284 2880 τὰς
1314 2817 1500 2881 πόλεις
1530 2817 1866 2889 ἀνῃρήκασι,

247 2915 349 2978 τὰς
375 2911 789 2985 ὠνομασμένας
809 2911 905 2964 τοῦ
934 2908 1210 2980 Σολομὼν,
1235 2910 1312 2974 ὡς
1340 2909 1541 2982 μηκέτι
1570 2910 1672 2980 μὲν
1693 2908 1868 2972 αὐτὰς

248 3009 358 3064 ὑπὸ
392 3007 497 3079 τὴν
525 3005 700 3060 Ἰούδα
739 3003 955 3059 κεῖσθαι
999 3003 1305 3074 βασιλείαν,
1336 3002 1785 3075 ἀπονενεμῆσθαι
1811 3001 1868 3056 δὲ

1955 589 2158 652 valuit,
2210 588 2528 657 vicinasque
2577 598 2768 659 gentes
2821 589 2894 644 ita
2935 591 3266 665 subiugavit,
3300 596 3464 668 257
3497 605 3559 652 ut

1953 680 2116 734 etiam
2147 679 2310 736 urbes
2340 683 2480 750 apud
2529 693 2623 735 eas
2653 682 2966 752 complures
2997 685 3370 753 aediﬁcaverit,
3415 700 3470 744 et
3501 689 3555 743 in

1956 773 2020 827 iis
2049 772 2322 828 lsraelitns
2362 772 2670 841 collocarit,
2719 775 2943 830 Cltiram
2993 778 3045 831 id
3081 778 3155 834 illi
3198 781 3554 835 concedente.

1957 865 2048 918 Sic
2091 863 2238 919 enim
2294 864 2458 921 habet
2515 869 2791 924 secundus
2861 867 2998 924 liber
3050 869 3552 942 Paralipomenon:

1961 977 1980 1009 ι
2016 957 2081 1012 Et
2109 957 2312 1012 factum
2343 969 2427 1014 est
2459 968 2582 1030 post
2606 959 2798 1030 viginti
2833 977 3032 1027 annos,
3075 964 3127 1018 iu
3158 964 3358 1034 quibus
3382 967 3556 1020 aedili-

1956 1051 2104 1105 cavit
2139 1052 2400 1108 Salomon
2435 1052 2657 1107 domum
2691 1052 2929 1121 Domini,
2955 1066 3011 1110 et
3044 1057 3263 1112 domum
3297 1074 3471 1120 snam,
3505 1071 3561 1112 et

1957 1142 2213 1198 civitates
2248 1159 2388 1213 quas
2429 1144 2582 1200 dedit
2630 1143 2853 1200 Cbiram
2910 1146 3213 1212 Salomoni,
3269 1150 3561 1203 mdilicavit

1958 1235 2105 1305 ipsas
2132 1236 2413 1302 Salomon,
2456 1246 2512 1291 et
2546 1238 2790 1294 habitare
2832 1238 2961 1294 fecit
2994 1241 3065 1294 ibi
3097 1241 3236 1296 lilios
3267 1239 3451 1296 Israel.
3494 1241 3562 1296 Et

1959 1328 2110 1382 venit
2141 1327 2399 1384 Salomon
2443 1331 2494 1384 in
2527 1330 2720 1384 Ematb
2770 1329 2937 1396 Suba,
2969 1342 3023 1388 et
3057 1333 3339 1402 praevaluit
3368 1343 3556 1388 contra

1959 1433 2106 1484 eam,
2155 1429 2211 1475 et
2249 1420 2541 1475 mdilicavit
2571 1420 2847 1476 Tbedmor
2893 1424 2948 1476 in
2981 1423 3219 1488 deserto,
3270 1432 3322 1478 et
3369 1439 3561 1479 omnes

1961 1514 2212 1570 civitates
2243 1514 2481 1569 munitas
2517 1529 2655 1584 quas
2697 1514 2990 1571 aediﬁcavit
3035 1515 3088 1570 in
3127 1516 3408 1571 Ematb”.
3442 1534 3459 1567 ι
3495 1514 3562 1568 Ει

1962 1606 2125 1676 paulo
2181 1617 2344 1677 post:
2381 1626 2400 1659 ι
2437 1607 2501 1661 Ει
2531 1622 2876 1678 quaecunque
2925 1609 3255 1664 desideravit
3300 1607 3559 1663 Salomon

1962 1699 2262 1754 secundum
2292 1699 2623 1755 desiderium
2672 1715 2853 1765 suum,
2889 1709 2948 1754 ut
2989 1699 3286 1756 aediﬁcaret
3319 1704 3370 1754 in
3401 1699 3563 1755 Jeru-

1965 1792 2155 1855 salem,
2187 1801 2241 1846 et
2273 1793 2326 1846 in
2373 1791 2604 1858 Libano,
2630 1804 2683 1850 et
2711 1793 2764 1847 in
2798 1793 2946 1847 omni
2977 1807 3146 1862 regno
3177 1807 3297 1848 suo.
3331 1791 3561 1848 Omnem

1966 1885 2220 1954 pupulum
2250 1885 2342 1954 qui
2363 1885 2659 1964 derelictus
2689 1885 2874 1942 fuerat
2899 1889 2964 1941 de
2992 1883 3258 1951 Hetbazis.
3285 1895 3342 1941 et
3369 1886 3564 1940 Amor—

1964 1981 2150 2046 rbzeis,
2199 1988 2255 2035 et
2291 1965 2619 2042 Pberezmis,
2661 1989 2718 2034 et
2766 1977 3000 2046 Hevaais,
3046 1988 3101 2033 et
3141 1978 3426 2046 .Iebuszeis,
3470 1980 3562 2046 qui

1965 2094 2071 2132 non
2105 2085 2261 2131 erant
2313 2078 2379 2130 de
2426 2076 2596 2145 stirpe
2645 2073 2834 2140 Israel,
2868 2075 2936 2132 de
2982 2073 3108 2130 ﬁliis
3143 2089 3359 2140 eorum,
3401 2086 3454 2129 et
3499 2077 3566 2128 de

1965 2169 2228 2242 pestet'is,
2263 2183 2403 2238 quos
2439 2184 2545 2224 non
2581 2167 2974 2224 interfecerant
3023 2167 3117 2222 ﬁlii
3149 2165 3335 2233 Israel,
3378 2168 3565 2236 subju-

1965 2264 2112 2334 gavit
2130 2262 2389 2318 Salomon
2417 2262 2470 2315 in
2493 2261 2836 2325 tributarios,
2860 2277 3031 2332 usque
3053 2264 3106 2318 in
3126 2265 3267 2319 diem
3295 2264 3434 2318 hanc
3451 2263 3515 2315 ¹⁶.
3539 2280 3558 2311 ι

1965 2353 2177 2428 Itaque,
2209 2352 2539 2411 consociatis
2573 2356 2765 2422 armis,
2798 2353 3000 2425 Gazaei,
3030 2355 3230 2424 Azotii,
3281 2364 3336 2411 et
3370 2355 3564 2424 reliqui

1963 2465 2088 2505 cum
2117 2446 2392 2516 Idumaeis,
2418 2449 2581 2505 hasce
2604 2451 2768 2504 nrbes
2789 2459 3106 2506 everterunt
3133 2468 3148 2504 :
3175 2465 3297 2520 quae
3325 2449 3568 2505 Salomo-

1966 2543 2053 2600 nis
2088 2543 2453 2615 appellantur,
2485 2542 2629 2612 quod
2661 2557 2767 2598 non
2822 2542 3056 2612 amplius
3092 2543 3194 2599 sub
3222 2557 3391 2613 regno
3423 2539 3564 2595 .luda

1967 2643 2170 2699 essent,
2215 2635 2312 2690 sed
2347 2634 2528 2705 impiis
2557 2630 2921 2689 Moabitarum
2959 2634 3189 2691 ducibus
3217 2636 3362 2689 velut
3405 2637 3567 2690 attri-

1968 2728 2132 2783 butte.
2157 2723 2508 2797 Quapropter
2539 2721 2742 2783 Gazam
2791 2742 2897 2781 una
2950 2740 3074 2781 cum
3121 2726 3245 2781 aliis
3280 2727 3389 2797 igni
3435 2742 3569 2780 con-

1969 2828 2245 2888 sumptum
2283 2819 2347 2874 iri
2379 2819 2532 2885 dicit,
2562 2828 2618 2876 et
2642 2819 2889 2876 funditus
2913 2820 3189 2891 perituros
3213 2821 3490 2885 Azoticos,
3515 2829 3572 2876 et

1968 2911 2334 2980 Ascalonitas,
2359 2920 2414 2968 et
2435 2910 2686 2969 Accaron
2718 2914 2819 2970 sub
2846 2928 3011 2968 mauu
3036 2913 3398 2983 percutientis
3430 2913 3571 2968 fore.

1969 3003 2205 3061 Prorsus
2234 3015 2419 3062 autem
2447 3022 2570 3064 cum
2619 3007 2753 3074 ipsis
2799 3008 2964 3063 etiam
2997 3007 3239 3078 reliquos
3280 3008 3350 3062 de
3381 3008 3574 3062 eadem

249 3100 446 3171 ὥσπερ
469 3102 587 3162 τοῖς
611 3097 921 3153 Μωαϐιτῶν
943 3096 1178 3160 ἀνοσίοις
1205 3096 1571 3168 καθηγηταῖς.
1595 3095 1868 3169 Ταύτῃτοι

1974 3106 2136 3168 gente
2169 3098 2529 3154 barbarorum
2554 3100 2888 3155 exstinctum
2932 3099 3022 3154 iri.
3059 3098 3220 3163 Nam,
3259 3109 3316 3153 ut
3339 3114 3575 3155 consen-

250 3195 390 3267 πυρὶ
443 3188 934 3262 δαπανηθήσεσθαι
984 3191 1106 3254 ταῖς
1157 3189 1347 3252 ἄλλαις
1375 3187 1512 3261 ὁμοῦ
1559 3187 1660 3261 τὴν
1687 3187 1871 3254 Γάζαν

247 3285 444 3359 φησίνο
470 3278 1030 3353 ὲξολοθρευθήσεσθαι
1049 3278 1106 3332 δὲ
1130 3280 1226 3332 καὶ
1251 3277 1564 3343 Ἀζωτίους,
1585 3280 1680 3334 καὶ
1701 3279 1875 3351 φυλὴν

265 3377 630 3440 Ασκάλωνος,
645 3374 741 3428 καὶ
755 3372 860 3427 ὑπὸ
872 3373 1034 3444 χεῖρα
1048 3371 1424 3445 γεν[ήσ]ἑσθαι
1441 3370 1533 3426 τοῦ
1548 3373 1876 3446 πλήττοντος
1897 3395 1901 3412 ε

246 3472 350 3542 τὴν
388 3465 708 3539 Ἀκκαρών.
753 3463 1155 3520 Συνδιολεῖσθαι
1187 3464 1246 3518 δὲ
1292 3466 1515 3530 πάντως
1555 3467 1750 3530 αὐταῖς
1781 3467 1878 3520 καὶ

247 3564 382 3627 τοὺς
420 3559 801 3622 καταλοίπους
843 3557 955 3612 τῶν
993 3557 1304 3628 ὁμοφύλων.
1339 3559 1877 3632 Μεμισθοφορήκασι

248 3656 393 3728 γὰρ,
425 3651 578 3708 κατὰ
622 3650 686 3706 τὸ
716 3652 886 3716 εἰκὸς,
920 3651 1015 3705 καὶ
1043 3649 1340 3722 κέκληνται
1384 3651 1523 3723 πρὸς
1555 3651 1878 3724 ἐπικουρίαν

248 3748 364 3802 τῶν
400 3744 650 3800 ἐποίκων
695 3742 990 3816 βαρϐάρων
1023 3742 1189 3808 τινές.
1220 3742 1473 3797 Χαλεπὸν
1501 3739 1598 3798 οὖν
1623 3743 1752 3816 ἄρα,
1783 3744 1879 3800 καὶ

251 3839 514 3895 κινδύνου
552 3837 756 3902 παντὸς
789 3835 1100 3909 ἀνάμεστον
1139 3836 1336 3907 ὁρᾶται
1380 3837 1591 3904 λοιπὸν,
1629 3837 1690 3892 τὸ
1735 3854 1879 3910 συμ-

252 3930 609 4007 φρὰττεσθαι
654 3930 936 4002 πονηροῖς,
970 3929 1066 3984 καὶ
1098 3927 1524 3994 καθοπλίζεσθαι
1562 3929 1740 4000 φιλεῖν
1768 3927 1878 3984 τῶν

251 4021 646 4098 ἡγαπημένων
682 4021 835 4092 παρὰ
862 4020 1018 4087 Θεὸν,
1047 4020 1141 4074 καὶ
1168 4018 1387 4074 διώκειν
1420 4019 1633 4088 ἁγίους.
1667 4021 1730 4074 Et
1768 4021 1880 4093 γάρ

256 4119 357 4172 καὶ
390 4117 708 4186 πάσχοιμεν
746 4112 859 4166 ἐσθ’
884 4113 974 4166 ὅτε
1005 4112 1369 4184 πταισμάτων
1404 4112 1589 4174 ἕνεκα,
1623 4111 1880 4166 παιδευό-

258 4210 412 4284 μεθα
449 4208 608 4280 παρὰ
636 4203 798 4271 Θεοῦ,
830 4205 947 4260 ἀλλ’
989 4205 1092 4259 οὐκ
1139 4205 1402 4278 ἀλογήσει
1438 4205 1720 4269 παντελῶς
1769 4205 1880 4261 τῶν

255 4300 668 4358 οἰκειωθέντων
696 4296 868 4368 αὐτῷ.
899 4296 1206 4360 Παιδεύσας
1228 4297 1286 4351 δὲ
1330 4297 1642 4369 χρησίμως,
1673 4297 1881 4370 ὀλέθρῳ

258 4395 563 4470 περιϐαλεῖ
590 4393 660 4447 τὰ
689 4393 789 4464 τῆς
816 4391 990 4463 ὀργῆς
1023 4389 1217 4462 σκεύη,
1246 4390 1393 4445 τοῦτ’
1420 4390 1559 4458 ἐστι,
1590 4392 1718 4456 τοὺς
1745 4393 1880 4463 ἀχα-

1981 3199 2203 3247 laneum
2249 3200 2354 3258 est,
2398 3192 2465 3248 ad
2513 3193 2778 3249 auxilium
2827 3193 3091 3264 quosdam
3129 3191 3351 3248 aliunde
3385 3206 3573 3247 accer-

1978 3283 2189 3340 sierant
2233 3292 2289 3341 et
2333 3286 2588 3342 mercede
2624 3287 3024 3343 conduxerant.
3071 3287 3274 3342 Durum
3319 3287 3486 3356 igitur
3521 3296 3582 3340 et

1977 3377 2207 3448 periculi
2245 3379 2462 3449 plenum
2505 3381 2740 3446 videtur,
2776 3396 2928 3435 arma
2966 3395 3167 3451 capere
3205 3395 3328 3435 cum
3377 3381 3581 3451 impro-

1980 3471 2086 3535 bis,
2127 3480 2182 3527 et
2210 3481 2582 3544 oppugnatum
2630 3473 2711 3528 ire
2742 3472 2878 3529 velle
2909 3473 3020 3529 Deo
3052 3474 3270 3540 charos,
3310 3482 3366 3528 ct
3395 3488 3582 3542 persc-

1979 3562 2073 3631 qui
2116 3573 2358 3620 sanctos.
2403 3563 2540 3620 Nam
2581 3567 2682 3621 etsi
2716 3569 2989 3636 patiamur
3024 3567 3298 3622 interdum
3347 3567 3578 3637 aliquid,

1981 3661 2207 3724 propter
2231 3654 2418 3725 lapsus
2456 3665 2680 3712 nostros
2711 3655 3007 3711 multamur
3037 3671 3067 3710 a
3109 3656 3241 3720 Deo,
3274 3656 3366 3725 qui
3399 3665 3578 3710 tamen

1981 3745 2086 3801 sibi
2127 3756 2484 3802 consecratos
2519 3763 2626 3803 non
2675 3756 2992 3804 contemnet
3032 3747 3291 3817 penitus;
3323 3747 3419 3801 sed
3453 3761 3578 3801 cum

1982 3838 2192 3894 utiliter
2235 3841 2417 3910 ptenis
2445 3840 2756 3912 caStigarit,
2791 3843 2886 3898 ira:
2929 3856 3055 3898 vasa
3085 3841 3254 3896 exitio
3295 3842 3582 3903 mactabit,

1983 3931 2086 3987 hoc
2110 3937 2218 3997 est,
2239 3932 2330 4002 qui
2360 3931 2544 3988 furore
2583 3933 2850 3990 indomito
2887 3933 2941 3988 in
2971 3947 3066 3990 eos
3095 3932 3396 3997 irruernnt,
3423 3933 3583 4004 plane

1982 4023 2282 4078 secundum
2328 4024 2458 4079 illud
2488 4026 2634 4094 quod
2681 4026 2748 4079 ad
2782 4024 3110 4094 Babylonem
3145 4025 3213 4078 de
3262 4024 3388 4079 [iliis
3417 4025 3585 4079 Israel

1983 4115 2244 4188 praeclare
2275 4117 2481 4172 dictum
2503 4125 2620 4173 est:
2652 4136 2672 4168 ι
2703 4116 2817 4188 Ego
2844 4117 2965 4173 dedi
2996 4131 3092 4172 eos
3134 4116 3185 4170 in
3212 4131 3409 4171 manus
3439 4124 3582 4182 tuas,

1984 4220 2039 4263 tu
2076 4219 2256 4265 autem
2287 4213 2367 4266 eis
2399 4210 2834 4268 misericordiam
2884 4225 2992 4266 non
3032 4209 3228 4265 dedisti
3253 4208 3317 4264 ¹⁷.
3352 4227 3370 4262 ι
3410 4207 3588 4263 Aver-

1985 4313 2138 4360 satur
2159 4305 2306 4360 enim
2338 4306 2721 4368 vehementer,
2769 4315 2823 4360 et
2869 4304 3188 4375 indignatur
3221 4302 3366 4358 Deus
3393 4317 3586 4357 eorum

1985 4395 2356 4462 insolentiam,
2412 4397 2579 4452 etiam
2631 4411 2806 4467 usque
2861 4396 2930 4450 ad
2971 4394 3224 4465 injuriam
3277 4393 3586 4465 plagarum,

257 4493 401 4561 λίνῳ
427 4486 593 4560 θυμῷ
624 4487 747 4540 κατ’
777 4483 959 4538 αὐτῶν
985 4483 1362 4555 ὁρμήσαντας,
1392 4485 1514 4538 κατ’
1544 4484 1721 4538 ἐκεῖνο
1753 4487 1869 4540 πάνι

1987 4489 2187 4559 quibus
2211 4502 2335 4544 esse
2365 4489 2781 4559 castigationem
2815 4488 3191 4544 mandaverat.

259 4599 376 4646 τως
416 4579 481 4634 τὺ
525 4578 664 4650 πρὸς
695 4575 994 4631 Βαϐυλῶνα
1063 4573 1245 4638 καλῶς
1299 4575 1592 4647 εἰρημένον
1640 4578 1771 4648 περὶ
1836 4579 1948 4635 τῶν
1985 4582 2118 4636 υἱῶν
2159 4581 2378 4655 Ἰσραήλ
2402 4597 2416 4612 ο
2441 4600 2461 4635 ι
2503 4580 2644 4652 Ἐγὼ
2683 4581 2859 4636 ἔδωκα
2901 4580 3100 4644 αὐτοὺς
3133 4580 3212 4645 εἰς
3255 4577 3356 4643 τὰς
3399 4576 3591 4649 χεῖράς

261 4699 390 4745 σου,
427 4678 498 4731 σὺ
544 4676 604 4730 δὲ
633 4676 736 4729 οὐκ
778 4674 989 4738 ἔδωκας
1027 4672 1216 4736 αὐτοῖς
1260 4671 1428 4736 ἕλεος.
1462 4691 1481 4724 ι
1524 4673 1750 4746 Ἀπᾴδει
1783 4675 1892 4748 γὰρ
1932 4676 2052 4734 λίαν
2081 4679 2174 4734 καὶ
2214 4675 2616 4750 ἀγανακτοῦντι
2645 4677 2725 4750 τῷ
2784 4676 2904 4750 Θεῷ
2929 4677 2990 4731 τὸ
3017 4675 3274 4750 φορτικὸν
3303 4675 3382 4738 εἰς
3407 4671 3594 4734 αἰκίας

260 4775 380 4830 τῶν
415 4771 580 4826 τοῦτο
607 4770 741 4842 δρᾷν
768 4767 1239 4840 ἐπιτεταγμένων.

342 4868 502 4924 Τάδε
529 4869 696 4936 λέγει
725 4865 963 4934 Κύριος·
1015 4862 1148 4918 Ἐπί
1187 4861 1318 4930 ταῖς
1345 4863 1550 4932 τρισὶν
1575 4863 1886 4932 ἀσεϐείαις

271 4964 496 5032 Τύρου,
522 4959 622 5013 καὶ
652 4957 752 5012 ἐπὶ
783 4957 916 5024 ταῖς
952 4955 1316 5025 τέσσαρσιν,
1351 4957 1465 5010 οὐκ
1494 4957 1890 5028 ἀποστραφή-

265 5074 463 5128 σομαι
503 5052 723 5124 αὐτὴν,
764 5053 896 5109 ἀνθ’
943 5045 1032 5106 ὧν
1080 5049 1499 5106 συνέκλεισαν
1553 5051 1671 5122 τὴν
1717 5056 1893 5121 αἰχμ-

2062 4863 2226 4919 Vens.
2277 4863 2333 4930 9,
2370 4863 2460 4919 10.
2517 4861 2649 4918 Hau:
2695 4863 2826 4916 dicit
2875 4863 3136 4917 Dominus
3163 4863 3377 4932 :Super
3421 4863 3594 4917 tribus

1989 4954 2348 5023 impietatibus
2391 4952 2541 5024 Tyri,
2585 4963 2633 5007 et
2679 4968 2839 5020 super
2882 4963 3114 5023 quatuor
3144 4969 3248 5006 non
3273 4952 3440 5024 258
3465 4969 3594 5007 con-

1990 5056 2190 5101 vertam
2234 5061 2373 5111 eam,
2417 5061 2512 5114 pro
2537 5060 2597 5099 eo
2643 5045 2782 5115 quod
2828 5044 3201 5098 concluserunt
3236 5047 3594 5115 captivitatem

265 5147 558 5204 αλωσίαν
613 5145 902 5214 Σολομὼν
938 5148 1026 5212 εἰς
1065 5143 1181 5212 τὴν
1235 5143 1591 5209 Ἰδουμαίαν,
1648 5144 1747 5198 καὶ
1781 5146 1869 5199 οὺς

1996 5137 2303 5195 Salomonis
2337 5138 2389 5192 in
2416 5137 2738 5201 ldumazam,
2779 5146 2827 5191 et
2859 5153 2965 5190 non
2994 5137 3256 5192 recordati
3285 5147 3404 5190 sunt
3437 5145 3597 5214 testa-

267 5241 687 5314 ἐμνήσθησαν
728 5237 1022 5308 διαθήκης
1063 5234 1364 5306 ἀδελφῶν.
1420 5236 1532 5289 Καὶ
1569 5233 1869 5291 ἀποστελὸ

1996 5233 2159 5285 menti
2203 5232 2450 5301 fratrum.
2489 5230 2560 5285 Et
2592 5232 2799 5285 mittant
2847 5231 3022 5301 ignem
3065 5233 3120 5284 in
3157 5245 3337 5283 muros
3369 5225 3517 5297 Tyri,
3547 5237 3593 5279 et

269 5339 404 5408 πῦρ
462 5335 565 5390 ἐπὶ
611 5335 685 5389 τὰ
727 5334 898 5403 τείχη
958 5333 1174 5402 Τύρου,
1220 5331 1320 5386 καὶ
1370 5330 1774 5403 καταφάγεται
1819 5331 1869 5384 τί

1999 5321 2267 5376 devorabit
2299 5322 2647 5392 fundamenta
2669 5321 2808 5391 ejus.

271 5431 531 5504 θεμέλια
550 5426 766 5496 αὐτῆς.

351 5527 450 5594 εἷ’.
499 5522 691 5594 Τύριοι
721 5521 778 5575 δὲ
805 5505 969 5577 πάλιν
1005 5520 1142 5593 πρὸς
1169 5521 1281 5583 τοῖς
1318 5515 1428 5572 ἀπὸ
1454 5517 1556 5588 τῆς
1578 5515 1898 5587 Δαμασκοῦ,

271 5621 378 5676 καὶ
425 5617 616 5690 μέντοι
659 5617 756 5669 καὶ
796 5614 1113 5680 Ἀζωτίοις,
1178 5611 1433 5677 Γαζαίοις
1476 5627 1534 5663 τε
1569 5611 1663 5664 καὶ
1703 5611 1902 5663 Ἀσκα-

2075 5507 2162 5561 Vl.
2211 5506 2358 5579 Tyrii
2397 5523 2638 5579 quoque,
2673 5509 2764 5579 qui
2798 5523 2920 5564 cum
2953 5503 3329 5567 Damascenis,
3363 5503 3596 5568 Azotiis,

2000 5602 2232 5664 Gazmis,
2267 5603 2599 5657 Ascalonitis
2627 5614 2681 5655 ct
2712 5600 3058 5657 Accaronitis
3096 5600 3338 5655 divinam
3387 5598 3601 5669 patien-

272 5712 567 5779 λωνίταις,
614 5708 711 5764 καὶ
757 5711 873 5773 τοῖς
928 5705 1219 5778 ’Λκκαρὼν
1263 5705 1362 5777 τὴν
1417 5703 1537 5775 Θεῷ
1580 5703 1864 5776 πρέπουσα

2004 5699 2133 5750 tiam
2169 5695 2378 5752 scelere
2425 5705 2806 5762 excesserunt,
2837 5705 2893 5751 et
2944 5693 3289 5764 impietatum
3323 5691 3602 5762 magnitu-

355 5891 404 5928 ”
437 5890 482 5947 ll
524 5888 706 5946 Paral.
750 5902 870 5950 vut,
909 5884 1021 5939 14.
1103 5884 1145 5915 ¹⁶
1189 5881 1326 5934 ibid.
1371 5880 1424 5946 6,
1467 5881 1520 5935 8.
1605 5881 1644 5913 ¹⁷
1684 5879 1786 5935 lsa.
1826 5895 1992 5946 xutt,
2031 5878 2086 5932 6.

617 5984 896 6045 Pan-.0!“
941 5980 1058 6039 lin.
1113 5978 1212 6037 LX
1227 5977 1336 6038 XI.

3245 5973 3315 6035 li.
