4054 6464
495 324 609 380 ἘΞἹ

1522 314 1588 370 S.
1629 312 1900 369 CYRlLLl
1941 310 2415 367 ALEXANDRINI
2453 309 2778 367 Αιιειιιει».

3658 312 3764 367 428

502 444 627 498 dine
657 449 864 496 tantum
910 451 1017 495 non
1067 442 1487 506 exsuperaruat,
1514 431 1673 498 juxta
1707 431 1913 487 oraculi
1951 445 2078 487 sen-

2183 428 2539 495 άνεξικακίαν
2559 428 3013 502 ὑπερϐαλόμενοι,
3046 430 3143 484 καὶ
3179 429 3381 501 τρόπον
3403 429 3527 485 τινὰ
3544 426 3782 506 ’νενικηοε

503 534 726 589 tentiam
758 546 948 601 poenas
987 530 1268 593 sull'erent,
1320 534 1377 582 et
1406 524 1727 595 supplicium
1770 523 2078 593 expendent

502 623 742 678 omnium
788 622 1100 677 maximum.
1135 620 1351 676 Crimen
1383 630 1591 682 eorum,
1617 615 1759 686 quod
1792 612 2076 684 captivita-

508 726 615 772 tem
656 715 962 770 Salomonis
992 714 1047 768 in
1078 713 1360 767 ldummam
1401 707 1788 770 concluserint,
1821 715 1876 760 et
1904 712 2076 760 testa-

505 805 671 861 menti
711 804 937 860 fratrum
987 806 1331 859 immemores
1361 799 1580 855 fuerint.
1613 797 1744 865 Quae
1775 797 1889 866 ipsa
1921 794 2079 850 Salo-

497 896 680 968 ‘monis
707 896 990 968 captivitas
1022 894 1202 959 fuerit,
1242 891 1491 963 superius
1525 888 1854 946 sufﬁcienter
1890 894 2073 942 osten-

506 1002 623 1041 sum
667 994 770 1042 est.
808 985 1089 1052 Quomodo
1117 992 1297 1037 autem
1326 992 1381 1036 et
1414 997 1444 1036 a
1470 981 1653 1054 Tyriis
1690 980 1743 1034 in
1788 978 2075 1034 Idumaeam

506 1076 760 1133 ronclusa
816 1077 887 1131 sit
941 1076 1124 1130 dicere
1154 1088 1382 1129 necesse
1430 1082 1533 1129 est.
1583 1071 1718 1126 Cum
1753 1085 1819 1125 ex
1860 1069 1994 1123 Juda
2024 1078 2082 1124 et

507 1166 672 1223 lsrael
718 1165 1162 1222 innumerabilem
1217 1164 1615 1218 multitudinem
1649 1160 1911 1217 servitute
1950 1158 2080 1213 affe-

508 1258 746 1323 cissent,
800 1256 1044 1311 ldumteis
1103 1255 1482 1310 vendiderunt.
1530 1252 1630 1319 Qui
1691 1253 1756 1307 de
1820 1250 2081 1320 sanguine

506 1349 732 1403 fratrum
778 1356 1089 1419 prognatos,
1135 1355 1190 1402 et
1240 1359 1410 1415 nuper
1461 1344 1684 1409 liberos,
1726 1343 1914 1398 eodem
1961 1342 2081 1396 loco

500 1456 614 1509 quo
665 1438 806 1496 bello
839 1448 1028 1509 captos
1076 1438 1358 1503 habentes,
1412 1436 1608 1490 acerbo
1651 1434 1929 1489 servitutis
1952 1430 2081 1503 jugo

500 1540 842 1602 presserunt,
885 1540 941 1584 et
965 1527 1275 1585 Gra‘corum
1306 1527 1517 1599 legibus
1550 1527 1733 1582 vivere
1762 1535 2080 1597 coegerunt,

506 1623 731 1694 gloriam
784 1622 876 1676 Dei
915 1636 1053 1692 pene
1095 1619 1358 1674 conviciis
1403 1619 1730 1683 lacerantes,
1778 1618 1869 1686 qui
1909 1631 2084 1687 neque

2178 520 2337 583 κότες
2375 521 2497 581 ταῖς
2528 518 2638 573 τῶν
2672 518 3039 591 ἀσεϐημάτων
3070 520 3422 592 ὑπερϐολαῖς,
3463 512 3779 594 ὑπενεχθήξ

2181 627 2367 665 σονται
2395 611 2635 677 ποιναῖς,
2654 588 2876 679 κατά
2893 610 2985 665 τὸν
3002 610 3097 664 τοῦ
3115 588 3416 683 χρησμῳδή
3425 628 3595 683 ματος
3617 588 3781 676 νὸῠνέ

2178 700 2275 756 καὶ
2301 701 2495 771 ποινὴν
2547 700 2881 773 ὑπομενοῦσι
2913 702 3013 772 τὴν
3048 703 3276 757 ἀπασῶν
3318 703 3575 775 ἐσχάτην.
3618 703 3772 758 Ἐπί-

2179 793 2364 864 κλημα
2383 792 2440 846 δὲ
2474 793 2679 858 αὑτοῖς,
2713 793 2794 847 ὅτι
2827 793 2925 863 τὴν
2964 794 3340 866 αἰχμαλωσίαν
3387 794 3482 849 τοῦ
3515 796 3771 867 Σολομὼν

2184 883 2534 939 συνέκλεισαν
2561 885 2641 947 εἰς
2670 885 2770 956 τὴν
2811 886 3136 957 Ἰδουμαίαν,
3155 888 3639 959 ἀμνημονήσαντες
3667 888 3770 959 τῆς

2180 975 2291 1028 τῶν
2328 973 2579 1044 ἀδελφῶν
2604 974 2890 1048 διαθήκης.
2942 977 3040 1042 Τίς
3072 979 3172 1050 μὲν
3204 973 3303 1033 οὖν
3351 981 3386 1050 ἡ
3419 980 3772 1051 αἰχμαλωσία

2181 1064 2275 1120 τοῦ
2304 1063 2577 1135 Σολομὼν,
2601 1064 2969 1137 ἀποχρώντως
2998 1068 3132 1138 ἡμῖν
3162 1066 3388 1133 διέδειξε
3417 1069 3597 1138 λόγος.
3634 1070 3771 1124 Συν-

2179 1154 2433 1226 εκλείσθη
2459 1157 2516 1210 δὲ
2537 1158 2685 1221 ὅπως
2713 1158 2794 1221 εἰς
2821 1157 2923 1231 τὴν
2960 1158 3264 1230 Ἰδουμαίαν
3290 1162 3386 1216 καὶ
3408 1163 3546 1231 πρός
3571 1180 3636 1233 γε
3669 1164 3773 1216 Tu-

2183 1246 2335 1317 ρίων,
2394 1249 2568 1302 εἰπεῖν
2608 1249 2926 1320 ἀναγκαῖον.
2984 1251 3599 1324 Ἐξανδραποδισάμενοι
3656 1254 3771 1326 γάρ

2180 1340 2283 1393 οὑκ
2309 1339 2675 1412 εὐαρίθμητον
2708 1341 2918 1415 πληθὺν
2948 1342 3058 1398 τῶν
3101 1344 3163 1410 εξ
3200 1343 3374 1399 Ἰούδα
3427 1346 3523 1400 καὶ
3566 1346 3771 1417 Ἰερου-

2185 1429 2386 1502 σαλὴμ,
2429 1433 2924 1502 καταπεπράκασιν
2960 1432 3293 1506 Ἰδουμαίοις.
3346 1437 3409 1491 Oi
3450 1435 3506 1491 δὲ
3539 1439 3667 1502 τοὺς
3704 1439 3769 1504 ἐξ

2184 1524 2415 1595 αἵματος
2432 1523 2702 1594 ἀδελφῶν,
2725 1527 2819 1579 καὶ
2842 1525 3048 1581 ἀνωθεν
3077 1527 3395 1606 ἐλευθέρους
3419 1532 3478 1584 ὲν
3500 1530 3771 1603 δορυκτή-

2181 1633 2291 1670 των
2324 1616 2491 1689 μοίρᾳ
2522 1616 2901 1689 πεποιημένοι,
2944 1618 3130 1692 πικρῷ
3157 1620 3404 1685 δουλείας
3446 1622 3770 1677 κατέθλιϐον

507 1716 737 1785 patriam
790 1713 921 1783 ipsis
974 1711 1281 1767 libertatem
1344 1718 1739 1776 conservasset,
1798 1725 1971 1779 neque
2024 1710 2077 1764 in

2185 1705 2357 1777 ζυγῷ,
2388 1707 2486 1761 καὶ
2522 1708 2638 1771 τοῖς
2681 1706 2953 1779 Ἐλλήνων
2993 1709 3180 1780 νόμοις
3214 1709 3599 1776 κατεϐιάζοντο
3640 1711 3767 1783 ζῇν,

506 1804 721 1860 ﬂorenti
754 1812 896 1859 statu
928 1817 1022 1857 eos
1064 1800 1200 1856 tueri
1231 1801 1514 1871 potuisset.
1545 1797 1778 1854 Proinde
1813 1776 2078 1854 universo-

2189 1776 2473 1870 μονονουχὶ
2502 1776 3043 1872 κατακερτομοῦντες
3060 1776 3112 1854 οἱ
3134 1801 3354 1857 δείλαιοι
3382 1802 3484 1874 τὴν
3509 1802 3604 1856 τοὺ
3629 1776 3767 1858 Θεοῦ

509 1911 629 1949 rum
660 1893 803 1948 Deus
843 1892 1067 1947 alterius
1093 1905 1225 1946 voce
1257 1889 1451 1959 inquit,
1479 1904 1572 1945 eos
1597 1889 1686 1959 qui
1715 1888 2082 1959 captivitatem

509 1986 816 2042 Salomonis
866 1986 920 2039 in
982 1984 1215 2039 ldumaea
1267 1982 1671 2045 concluserunt,
1723 1996 1830 2035 non
1893 1980 2084 2035 leviter

508 2089 771 2130 accusans
796 2092 809 2128 :
838 2092 855 2124 ι
883 2073 1021 2140 Quid
1051 2072 1179 2127 mihi
1214 2079 1269 2127 et
1290 2072 1464 2136 vobis,
1496 2069 1691 2142 Tyrus,
1724 2079 1779 2127 et
1810 2068 2003 2136 Sidon,
2028 2079 2085 2126 et

504 2165 685 2219 omnis
735 2163 955 2219 Galilaca
1010 2159 1479 2234 alienigenarum?
1528 2159 1781 2231 Nunquid
1824 2159 2080 2215 ultionem

506 2273 601 2313 vos
653 2256 891 2310 reddetis
945 2255 1112 2321 mibi,
1180 2262 1273 2309 aut
1332 2253 1469 2308 iram
1536 2253 1589 2308 in
1651 2253 1812 2307 corde
1876 2252 2082 2307 retine-

506 2349 576 2402 tis
624 2346 799 2401 ntihi?
840 2344 1111 2401 Velociter
1151 2354 1205 2399 et
1236 2345 1345 2400 cito
1397 2344 1619 2399 reddam
1669 2339 2079 2398 retributionem

505 2447 740 2494 vesuam
786 2436 839 2492 in
887 2437 1063 2507 capita
1107 2445 1310 2499 vestra,
1363 2449 1460 2505 pro
1502 2447 1568 2489 eo
1611 2435 1752 2504 quod
1802 2443 2082 2502 argentum

505 2546 685 2586 meum
735 2540 791 2585 et
824 2546 1015 2584 aurum
1058 2545 1236 2584 meum
1294 2525 1515 2595 tulistis,
1549 2535 1603 2582 et
1636 2526 1805 2582 electa
1844 2541 1984 2592 mea,
2029 2535 2084 2581 et

505 2625 645 2676 bona
694 2620 952 2677 intulistis
996 2621 1048 2674 in
1098 2619 1294 2689 templa
1328 2628 1529 2682 vestra,
1570 2625 1621 2673 et
1673 2616 1813 2672 filios
1843 2614 2003 2679 Juda,
2031 2623 2087 2671 et

506 2713 644 2769 tilios
675 2712 836 2767 lsrael
868 2710 1186 2765 vendidistis
1217 2709 1340 2763 filiis
1364 2706 1699 2777 Graacorum,
1734 2717 1791 2763 ut
1815 2707 2085 2778 ejiceretis

503 2818 599 2858 eos
647 2818 714 2857 ex
771 2803 970 2857 finibus
1026 2801 1138 2855 suis
1158 2800 1220 2854 "'.
1255 2818 1275 2852 ι
1315 2799 1593 2870 Tanquam
1646 2800 1790 2854 enim
1845 2796 1967 2852 linis
2018 2812 2083 2853 ac

506 2895 775 2949 terminus
797 2893 1173 2949 lsraelitarum
1203 2906 1494 2962 corporeus
1522 2891 1738 2961 quidem
1768 2899 1850 2945 est
1874 2888 2079 2955 Judaea,

506 2984 808 3053 spiritualis
829 2993 1005 3038 autem
1028 2982 1132 3045 lex,
1157 2982 1350 3052 quibus
1379 2982 1556 3036 exacti
1589 2986 1739 3044 sunt,
1768 2976 2078 3033 Graecorum

504 3072 635 3131 illiis
675 3075 892 3143 indigne
933 3074 1157 3128 venditi.
1208 3073 1477 3128 Fecerunt
1516 3082 1693 3127 autem
1746 3070 1886 3127 lswd
1928 3067 2076 3142 Tyrii

2184 1889 2364 1956 δόξαν,
2394 1890 2471 1954 ὡς
2500 1890 2639 1962 μήτε
2679 1889 2778 1964 τὴν
2821 1892 2887 1945 ἐκ
2930 1891 3185 1960 πατέρων
3231 1893 3416 1958 αὐτοῖς
3453 1894 3769 1967 ἐλευθερίαν

2183 1980 2547 2051 τηρήσαντος,
2591 1982 2729 2055 μήτε
2775 1981 2883 2054 μὴν
2921 1982 3241 2055 ἰσχύσαντος
3274 1988 3581 2057 παρασχεῖν
3622 1987 3685 2041 τὸ
3707 1988 3768 2040 ὲν

2185 2071 2337 2143 καλῷ
2364 2073 2579 2128 κεῖσθαι
2610 2074 2710 2143 τῆς
2742 2073 3062 2147 εὐημερίας.
3110 2075 3220 2130 Kal
3261 2076 3392 2147 γοῦν
3419 2078 3448 2132 ὁ
3485 2078 3595 2132 τῶν
3626 2078 3766 2133 ὅλων

2184 2163 2319 2228 Θεὸς
2341 2164 2432 2219 διὰ
2456 2163 2642 2238 φωνῆς
2672 2165 2859 2237 ἐτέρου
2889 2166 3043 2238 φησὶ,
3073 2167 3199 2231 τοὺς
3226 2168 3658 2238 συγκλείσαντας
3682 2172 3766 2235 εἰς

2183 2254 2282 2327 τὴν
2334 2256 2642 2327 Ἰδουμαίαν
2683 2256 2783 2327 τὴν
2833 2256 3211 2329 αἰχμαλωσίαν
3248 2259 3344 2313 τοῦ
3382 2259 3656 2331 Σολομὼν,
3699 2262 3764 2315 οὑ

2188 2347 2424 2419 μετρίως
2480 2347 2937 2416 καταιτιώμενος·
2989 2349 3141 2403 «Καὶ
3189 2348 3243 2403 τί
3291 2350 3415 2421 ἐμοὶ
3463 2352 3560 2406 καὶ
3611 2353 3765 2423 ὑμῖν,

2186 2438 2384 2509 Τύρος,
2419 2438 2515 2492 καί
2549 2439 2736 2504 Σιδὼν,
2779 2440 2873 2495 καὶ
2913 2442 3066 2497 πᾶσα
3110 2441 3370 2497 Γαλιλαία
3408 2443 3764 2514 ἀλλοφύλωνς

2184 2529 2277 2600 Μὴ
2304 2528 2649 2600 ἀνταπόδομα
2671 2530 2828 2601 ὑμεῖς
2870 2531 3252 2587 ἀνταποδίδοτέ
3287 2552 3400 2605 μοι,
3428 2535 3461 2607 ἢ
3495 2554 3765 2608 μνησικα-

2184 2622 2331 2674 κεῖτε
2364 2620 2523 2691 ὑμεῖς
2569 2622 2656 2675 ἐπ’
2689 2621 2845 2692 έμοίς
2897 2622 3096 2689 Ὀξέως
3129 2623 3225 2678 καὶ
3276 2626 3489 2697 ταχέως
3530 2629 3767 2682 ἀνταπο-

2183 2711 2340 2791 δώσω
2363 2712 2424 2767 τὸ
2446 2713 2796 2784 ἀνταπόδομα
2825 2714 2979 2786 ὑμῶν
3006 2717 3087 2779 εἰς
3125 2715 3372 2787 κεφαλὰς
3401 2719 3579 2791 ὑμῶν.
3622 2720 3763 2774 Ἀνθ⁹

2182 2790 2259 2851 ὧν
2290 2799 2351 2851 τὸ
2390 2796 2655 2870 ἀργύριόν
2698 2816 2802 2871 μου
2863 2802 2959 2855 καὶ
2999 2802 3062 2880 τὸ
3107 2805 3330 2875 χρυσίον
3379 2790 3482 2877 μου
3518 2809 3763 2876 ἐλάϐετε,

2183 2890 2279 2944 καὶ
2307 2889 2375 2945 τὰ
2407 2889 2668 2946 ἐπίλεκτά
2699 2908 2822 2962 μου,
2852 2893 2945 2947 καὶ
2973 2894 3042 2950 τά
3070 2896 3212 2951 καλά
3239 2897 3509 2967 ἠνέγκατε
3536 2902 3618 2966 εἰς
3637 2905 3763 2969 τοὺς

2183 2979 2346 3044 ναοὺς
2379 2979 2556 3051 ὑμῶν,
2606 2980 2701 3033 κα)⁸
2727 2981 2855 3045 τοὺς
2888 2982 3039 3047 υἱοὺς
3092 2982 3264 3039 Ἰούδα
3295 2986 3389 3040 καὶ
3421 2987 3641 3059 Ἰσραὴλ
3661 2990 3764 3041 ἀπ-

2184 3069 2367 3124 έδοσθε
2394 3070 2508 3132 τοῖς
2534 3070 2671 3135 υἱοῖς
2704 3070 2812 3123 τῶν
2826 3069 3115 3155 Ἑλλήνων,
3136 3071 3286 3137 ὅπως
3309 3073 3547 3148 ὲξώσητε
3568 3077 3763 3143 αὐτοὺς

505 3168 815 3223 testamenti
877 3164 1105 3220 fratrum
1159 3164 1524 3221 immemores.
1584 3162 1698 3220 Hoc
1739 3135 2003 3219 trifariam
2049 3176 2078 3215 a

2187 3164 2253 3216 ὲκ
2298 3160 2406 3218 τῶν
2455 3161 2620 3235 ὁρίων
2675 3146 2879 3217 αὑτῶν.
2907 3181 2928 3217 ι
2974 3135 3174 3234 ’Ὅριον
3215 3135 3277 3220 δέ
3318 3135 3510 3240 ῶσπερ
3552 3168 3661 3223 τῶν
3705 3135 3765 3235 ἐξ

503 3258 662 3314 nobis
690 3267 871 3327 potest
897 3259 1142 3328 intelligi.

2203 3252 2442 3326 Ἰσραὴλ,
2502 3253 2813 3324 σωματικὸν
2872 3252 2972 3324 μὲν
3034 3254 3288 3323 Ἰουδαία,
3331 3259 3561 3332 ψυχικὸν
3624 3259 3682 3314 δὲ
3736 3262 3765 3313 ὁ

500 3355 689 3425 νόμος,
719 3348 795 3409 ὧν
834 3352 940 3420 ἔξω
985 3354 1239 3424 γεγόνασι
1292 3358 1405 3419 τοῖς
1458 3354 1569 3409 τῶν
1632 3352 1902 3425 Ἐλλήνων
1948 3352 2083 3414 υἰοῖς
2119 3349 2368 3411 ἐκτόπως
2425 3347 2933 3420 καταπωλούμενοι.
2960 3348 3263 3420 Δεδράκασι
3318 3352 3375 3406 δὲ
3403 3351 3558 3407 τοῦτο
3575 3353 3763 3425 Τύριοι

503 3449 988 3521 ἀμνημονήσαντες
1016 3449 1114 3520 τῆς
1149 3448 1258 3503 τῶν
1285 3447 1528 3518 ἀδελφῶν
1558 3445 1843 3517 διαθήκης.
1889 3444 2080 3498 Νοοῖτο
2114 3442 2157 3496 δ’
2188 3441 2256 3497 ἂν
2322 3440 2458 3513 πρὸς
2483 3440 2641 3512 ἡμῶν
2666 3440 2762 3494 καὶ
2790 3440 2950 3494 τοῦτο
2976 3445 3157 3514 τριχῇ.

576 3544 679 3614 Qui
708 3545 851 3599 enim
894 3545 1004 3599 sint
1054 3544 1143 3599 isti
1185 3542 1403 3607 fratres,
1434 3541 1580 3613 quod
1634 3541 1737 3596 hoc
1791 3550 2082 3596 testamen-

506 3648 639 3704 tum,
664 3652 784 3707 age,
818 3636 1082 3703 dicamus,
1112 3635 1281 3691 sacris
1317 3634 1481 3689 etiam
1534 3631 1755 3688 Litteris
1780 3634 1846 3688 ad
1886 3632 2078 3687 horum

504 3745 722 3784 sensum
770 3737 824 3783 et
869 3727 1275 3799 intelligentiam
1306 3728 1461 3797 quasi
1513 3744 1674 3784 manu
1737 3726 2077 3782 ducentibus.

503 3822 725 3877 Chiram
767 3820 1035 3890 quondam
1064 3819 1350 3890 Tyriorum
1375 3833 1472 3875 rex
1526 3819 1623 3876 fuit
1653 3818 1837 3874 divino
1893 3814 2080 3873 Davidi

504 3914 674 3969 multo
705 3915 1056 3969 ebarissimus
1085 3913 1147 3967 ¹⁹.
1177 3911 1341 3984 259
1354 3912 1552 3970 Deinde
1569 3913 1636 3968 ab
1662 3911 1776 3980 ejus
1799 3911 1908 3967 filio
1929 3910 2083 3966 Salo-

504 4024 663 4064 mone
695 4007 925 4063 dilectus
977 4016 1061 4063 est
1122 4007 1224 4075 sic,
1280 4017 1338 4062 ut
1388 4009 1690 4065 concordiae
1727 4017 1783 4065 et
1830 4006 2083 4062 amicitias

504 4100 681 4156 foedus
733 4115 855 4153 cum
903 4113 967 4153 eo
1002 4099 1375 4169 pacisceretur
1413 4084 1497 4166 ⁸⁸,
1535 4107 1590 4155 et
1631 4100 1913 4171 adjuvaret
1957 4112 2078 4151 eum

502 4194 555 4246 in
611 4191 885 4258 omnibus,
936 4199 988 4246 et
1040 4191 1339 4263 symbolam
1410 4189 1462 4245 ei
1514 4190 1757 4244 divinum
1823 4186 2078 4256 templum

504 4283 794 4338 aedificanti
829 4297 926 4353 pro
960 4280 1135 4336 cilicio
1177 4280 1450 4337 conferret
1473 4279 1540 4346 ",
1564 4286 1619 4334 et
1648 4293 1873 4333 munera
1925 4278 2082 4346 longe

500 4377 731 4447 plurima
771 4375 843 4430 illi
896 4375 1151 4444 mitteret,
1209 4374 1407 4444 quibus
1445 4373 1557 4441 ipse
1598 4371 1801 4440 majora
1832 4378 1885 4424 et
1947 4384 2080 4436 opn-

504 4470 733 4523 lentiora
772 4468 972 4522 retulit.
1009 4468 1113 4521 Aut
1152 4465 1318 4535 igitur
1357 4466 1458 4518 hoc
1496 4461 1647 4525 dicit,
1691 4459 1880 4532 Tyrios
1936 4461 2077 4517 bello

499 4574 727 4615 vexasse
757 4556 1054 4623 lsraelitas,
1078 4556 1276 4612 oblitos
1309 4554 1615 4608 testamenti
1643 4567 1831 4608 eorum
1860 4555 1949 4623 qui
1985 4554 2075 4624 ip-

504 4666 598 4707 sos
627 4661 684 4705 ut
704 4650 899 4705 fratres
919 4646 1192 4710 amabant,
1211 4645 1411 4714 quique
1433 4641 1624 4698 affectu
1642 4654 1695 4699 et
1715 4645 1981 4699 cbaritate
2002 4643 2074 4698 ita

501 4742 927 4805 consentiebant,
985 4748 1046 4792 ut
1076 4738 1239 4792 etiam
1295 4734 1677 4805 consanguinei
1727 4734 2075 4801 viderentur;

500 4835 633 4893 sive,
676 4830 800 4899 quia
842 4828 909 4882 ab
949 4826 1089 4880 Esau
1128 4837 1298 4894 genus
1322 4824 1579 4880 ducentes
1609 4825 1846 4891 Idumaei,
1879 4826 2074 4879 fratres

499 4932 657 4975 erant
701 4919 1090 4980 lsraelitarum,
1142 4931 1279 4987 quos
1324 4925 1523 4983 tamen,
1550 4926 1855 4985 contempto
1906 4925 2074 4970 testa-

504 5024 706 5077 mento,
753 5011 920 5066 armis
960 5008 1350 5077 appetiverunt.
1382 5006 1504 5061 Fuit
1541 5009 1682 5061 enim
1734 5007 1914 5060 animo
1969 5021 2074 5060 non

504 5107 645 5159 bono
668 5116 723 5159 et
749 5100 929 5155 hostili
985 5098 1126 5153 Esau
1176 5099 1228 5151 in
1258 5095 1445 5161 Jacob,
1476 5095 1829 5166 primogenita
1892 5093 2077 5148 dolens

501 5195 786 5264 principio.
820 5191 1012 5246 Verum
1049 5188 1258 5245 edomo
1284 5186 1467 5243 Laban
1507 5186 1799 5243 discedenti
1834 5184 2079 5255 aliquan-

501 5289 603 5353 tlo,
639 5293 695 5340 et
732 5286 947 5339 domum
1008 5283 1204 5339 reverti
1243 5280 1478 5351 cupienti
1532 5295 1651 5335 cum
1686 5277 1975 5333 .uxoribus
2020 5285 2074 5332 et

502 5378 705 5441 liberis,
734 5377 781 5431 ei
813 5385 871 5430 ttt
899 5375 1066 5433 frater
1092 5376 1363 5439 occurrit;
1393 5370 1656 5440 complexi
1678 5372 1821 5425 enim
1841 5379 1895 5425 et
1915 5385 2074 5425 oscu-

503 5468 595 5520 lati
635 5476 757 5521 sunt
788 5466 927 5521 inter
951 5481 1032 5532 se,
1059 5477 1115 5522 et
1153 5467 1450 5521 amicorum
1495 5459 1667 5517 ofllcia
1711 5469 1898 5515 mutuo
1930 5475 2071 5529 prre~

501 5559 774 5631 stiterunt,
809 5559 1084 5632 veterique
1132 5558 1353 5616 dissidio
1393 5555 1720 5628 posthabito,
1770 5553 2074 5609 concordiae

2253 3534 2412 3599 Τίνες
2439 3534 2549 3606 γὰρ
2576 3536 2624 3589 οἰ
2656 3534 2895 3603 ἀδελφοὶ,
2926 3536 3008 3600 τίς
3035 3536 3090 3591 δὲ
3115 3538 3149 3609 η
3180 3537 3438 3611 διαθήκη,
3484 3541 3640 3611 φέρε,
3672 3540 3764 3595 λέ-

2182 3643 2394 3698 γωμεν,
2425 3626 2517 3681 καὶ
2548 3622 2699 3699 [ὑπὸ]
2729 3625 2837 3679 τῶν
2873 3626 3035 3696 ίερῶν
3067 3628 3416 3701 Γραμμάτων
3447 3631 3647 3695 εἰςτὰς
3671 3631 3766 3685 ἐπὶ

2180 3718 2341 3773 τοῦτο
2393 3717 2603 3782 ἐννοίας
2661 3717 3183 3790 χειραγωγούμενοι.
3235 3718 3425 3792 Χιράμ
3464 3723 3493 3776 ὁ
3547 3723 3764 3794 Τυρίων

2182 3809 2324 3865 κατά
2348 3811 2573 3880 καιροὺς
2601 3807 3024 3879 βεϐασιλευκὼς,
3055 3810 3164 3863 τῶν
3190 3812 3269 3865 ὅτι
3307 3812 3544 3884 μάλιστα
3577 3815 3765 3885 φῶτά.

2182 3920 2291 3958 των
2333 3897 2401 3973 ἦν
2427 3900 2505 3972 τῷ
2537 3901 2809 3971 θεσπεσίῳ
2848 3901 3034 3957 Δαϐίδ.
3081 3897 3217 3958 Εἶτα
3259 3905 3378 3975 μετ’
3429 3906 3638 3959 ἐκεῖνον
3685 3907 3766 3978 τῷ

2179 3993 2431 4067 Σολομὼν
2461 3994 2655 4065 γέγονε
2689 3994 3000 4067 ἀγαπητὸς,
3049 3995 3126 4060 ὡς
3158 3996 3430 4068 συνθήκας
3456 3998 3765 4071 ὀμοψυχίας

2181 4088 2509 4161 ποιήσασθαι
2541 4089 2679 4161 πρὸς
2707 4090 2890 4155 αὑτὸν,
2930 4091 3251 4164 συμπρᾶξαι
3281 4110 3341 4146 τε
3371 4093 3509 4165 πρὸς
3545 4094 3768 4149 ἅπαντα

2180 4178 2349 4251 αὑτῷ,
2403 4181 2500 4235 καὶ
2556 4181 2812 4254 φροντίδα
2864 4182 2966 4255 τὴν
3002 4184 3226 4238 δέουσαν
3272 4188 3618 4253 συνενεγκεῖν
3672 4188 3763 4241 τδν

2179 4270 2320 4325 θεῖον
2357 4270 2710 4327 ἀποτελοῦντι
2751 4274 2895 4328 ναόν.
2938 4276 3048 4329 Kal
3092 4275 3317 4330 πλεῖστα
3349 4276 3449 4347 μὲν
3473 4278 3573 4332 ὃσα
3595 4295 3763 4349 προσ-

2182 4363 2448 4434 κεκόμικε
2501 4362 2673 4435 δῶρα,
2730 4365 3029 4439 κεκέρδακε
3084 4366 3140 4421 δὲ
3189 4366 3285 4421 καὶ
3341 4367 3504 4432 αὑτὸς
3557 4371 3628 4423 τά
3680 4369 3761 4423 ἔτι

2185 4450 2356 4523 μείζω
2408 4453 2504 4507 καὶ
2558 4452 2955 4528 πλουσιώτεροι.
3015 4456 3086 4509 Ἢ
3137 4455 3317 4510 τοίνυν
3362 4458 3537 4512 ἐκεῖνό
3570 4476 3756 4530 φησιν,

2179 4545 2260 4598 ὅτι
2318 4546 2506 4623 Τύριοι
2558 4548 2973 4621 πεπολεμήκασι
3010 4549 3102 4603 τὸν
3154 4548 3391 4620 Ἰσραὴλ,
3442 4552 3759 4622 ἀμνημονή-

2181 4655 2373 4703 σαντες
2395 4639 2660 4711 διαθήκης
2686 4642 2794 4694 τῶν
2826 4641 2884 4707 ἐξ
2911 4642 3133 4711 ἀγάπης
3157 4641 3233 4705 ὡς
3263 4641 3530 4712 ἀδελφῶν,
3557 4646 3651 4699 καὶ
3677 4645 3757 4709 εἰς

2176 4730 2339 4783 τοῦτο
2377 4731 2563 4785 λοιπὸν
2619 4732 2913 4798 διαθέσεως
2958 4734 3055 4787 καὶ
3106 4735 3488 4807 φιλοστοργίας
3531 4753 3757 4809 συνενη-

2179 4824 2477 4894 νεγμένων,
2507 4823 2582 4887 ὡς
2607 4824 2783 4878 δοκεῖν
2811 4821 2955 4880 εἶναι
2986 4825 3081 4878 καὶ
3106 4826 3411 4897 ὁμαίμονας
3437 4844 3448 4855 ·
3487 4826 3654 4897 ἤγουν
3677 4828 3759 4881 ὃτι

2176 4915 2464 4983 γεγονότες
2510 4914 2569 4980 ἐξ
2610 4915 2782 4969 Ἠσαῦ
2832 4916 3144 4986 Ἰδουμαῖοι,
3201 4914 3423 4987 ἀδελφοὶ
3466 4918 3565 4988 μὲν
3616 4913 3758 4989 ἦσαν

2175 5009 2289 5070 τοῖς
2319 5007 2378 5072 ἐξ
2413 5006 2650 5077 Ἰσραὴλ,
2683 5007 3094 5074 πεπολεμήκασι
3131 5006 3208 5076 δὲ,
3255 5009 3354 5078 τῆς
3379 5008 3486 5062 τῶν
3514 5006 3759 5078 ἀδελφῶν

2177 5097 2447 5169 διαθήκης
2500 5098 2878 5171 ἠφειδηκότες.
2933 5100 3253 5170 ῙΙεφρόνηκε
3306 5100 3404 5171 μὲν
3442 5099 3553 5171 γὰρ
3586 5098 3757 5171 ἐχθρά

2178 5189 2274 5243 καὶ
2321 5189 2391 5242 τὰ
2440 5189 2715 5261 πολεμίων
2744 5192 2778 5245 ὀ
2824 5189 2997 5243 Ἦσαῦ
3044 5190 3183 5245 κατὰ
3233 5190 3330 5244 τοῦ
3390 5189 3606 5254 Ἰακὼϐ,
3652 5189 3760 5243 τῶν

2177 5279 2542 5352 πρωτοτόκων
2569 5281 2733 5334 ἕνεκα
2777 5280 3151 5353 λελυπημένος
3174 5284 3231 5336 ὲν
3263 5283 3479 5354 ἀρχαῖςι
3516 5281 3657 5335 Ἀλλ’
3693 5283 3758 5335 ὲκ

2172 5371 2271 5443 τῆς
2294 5371 2480 5427 Λάϐαν
2513 5373 2699 5435 ἑστίας
2732 5370 3018 5443 ἀπαίροντι
3050 5372 3191 5427 κατά
3226 5374 3472 5447 καιροὺς.
3498 5373 3595 5426 καί
3619 5373 3761 5427 οἴκοι

2176 5462 2338 5517 πάλιν
2396 5465 2715 5519 ὑπονοστεῖν
2775 5463 3013 5518 ἐθέλοντι
3080 5464 3298 5534 γυναιξί
3345 5482 3406 5519 τε
3472 5464 3610 5537 ὁμοῦ
3663 5463 3761 5518 καὶ

2176 5554 2405 5622 τέκνοις,
2443 5557 2776 5628 συνήντησεν
2801 5554 2878 5621 ὡς
2909 5556 3157 5626 ἀδελφός.
3192 5555 3629 5633 Κατησπάσαντο
3649 5553 3761 5624 γὰρ

572 5749 619 5787 ⁸⁸
654 5753 765 5811 Joel
802 5768 884 5822 ιιι,
924 5752 1045 5810 4-6.
1126 5753 1169 5786 ⁸⁸
1203 5750 1289 5806 lll.
1336 5748 1465 5819 Reg.
1510 5763 1560 5815 ν,
1598 5748 1647 5805 i.
1723 5745 1768 5780 ¹⁰
1800 5744 1932 5805 Ibid.
1978 5749 2065 5804 12.

2181 5752 2185 5781 ¹
2231 5748 2362 5805 Ibid.
2398 5749 2435 5804 5
