4054 6454
290 254 403 310 τῖ’ὶθ

1270 252 1834 314 COMMENTARIUS
1873 254 1943 311 IN
1984 255 2176 311 AMOS
2218 252 2663 311 PllOPllETAM.

3515 254 3618 310 ιπο

289 369 586 441 ἀλλήλους,
626 368 723 423 xui.
777 368 1140 441 περιέφυσαν,
1174 370 1268 423 καὶ
1301 371 1370 423 τὰ
1405 371 1584 441 φίλοις
1625 371 1911 443 πρέποντα

2012 380 2068 426 et
2102 370 2250 442 pacis
2283 370 2457 425 foedus
2489 371 2831 441 pepigerunt.
2868 368 2934 424 Et
2961 371 3075 425 haec
3101 369 3319 442 quidem
3345 370 3443 425 illi.
3466 368 3616 443 Tyrii

290 462 655 534 λελαλήκασι,
699 462 799 515 καὶ
828 462 928 533 τήν
971 461 1208 533 ἀρχαίαν
1254 463 1557 527 πατοῦντες
1611 464 1900 535 διαφορὰν,

289 556 553 627 ὁμονοίας
610 554 705 608 xui.
763 553 992 625 εἰρήνης
1032 553 1362 625 πεποίηνται
1409 554 1703 626 διαθήκας.
1762 556 1902 609 Ἀλλ’

288 649 471 701 ἐκεῖνο
500 646 598 717 μέν
641 646 700 698 ἐν
739 645 973 706 τούτοις.
1027 645 1218 717 Τύριοι
1270 646 1329 699 δὲ
1371 650 1470 719 τῆς
1508 647 1619 701 τῶν
1656 648 1903 717 ἀδελφῶν

286 738 563 809 διαθήκης
600 738 1121 808 ἀμνημονήσαντες,
1160 737 1232 790 τά
1271 740 1404 808 γένη
1456 740 1773 805 συνέϐαλον,
1806 743 1903 795 xui.

284 832 513 895 δούλους
558 830 624 884 ἂν
671 830 817 901 ἔχειν
866 830 1084 884 ἔπειθον
1133 830 1261 894 τοὺς
1307 830 1365 896 ἐξ
1422 832 1655 903 αἵματός
1702 850 1762 886 τε
1806 833 1905 889 xui.

285 921 581 990 ἀδελφοὺς,
630 925 752 985 ταῖς
793 921 946 993 παρά
996 921 1151 990 σφῶν
1205 925 1532 993 συμπονίαις
1592 925 1728 979 πολὺ
1781 926 1903 980 λίαν

285 1013 755 1084 εύσθενεστέρους
844 1015 953 1067 τῶν
1024 1016 1450 1087 κεκρατηκότων
1519 1016 1905 1089 ἀποφήναντες

294 1103 659 1173 Ἰδουμαίους.
695 1103 833 1175 Ἤδη
863 1104 920 1157 δέ
954 1122 1038 1168 τις
1066 1105 1162 1158 xui
1214 1106 1302 1159 ἐπ’
1346 1107 1530 1160 αὐτῶν
1563 1107 1725 1161 τοῦτο
1767 1109 1901 1182 λέγῃ

278 1194 395 1247 τῶν
431 1194 770 1261 Μωαϐιτῶν,
803 1196 854 1248 οἳ
881 1196 940 1260 ἐξ
971 1196 1205 1267 αἵματος
1233 1197 1329 1251 τοῦ
1360 1196 1506 1266 Λὼτ,
1551 1201 1634 1253 ὅτι
1668 1200 1904 1272 λελυπή-

280 1306 417 1341 κασι
470 1288 666 1360 Τύριοι
695 1289 966 1361 διαθήκην
1009 1289 1282 1361 ἀδελφῶν,
1328 1291 1487 1363 δῆλον
1514 1293 1570 1346 δὲ
1596 1294 1678 1348 ὅτι
1711 1294 1812 1366 τὴν
1843 1294 1904 1359 ἐξ

294 1381 559 1452 Ἀϐραάμ
594 1381 733 1452 πρὸς
760 1382 853 1436 τὸν
880 1384 1025 1437 Λώτ.
1061 1384 1286 1453 Ἐπειδὴ
1312 1385 1423 1457 γάρ
1448 1387 1497 1440 οἱ
1531 1386 1737 1456 ἀμφοῖν
1771 1390 1904 1459 ἐμα-

278 1474 522 1547 χέσαντο
582 1476 879 1547 ποιμένες,
933 1495 953 1528 ι
1020 1473 1179 1544 Εἷπε,
1218 1479 1385 1551 φησὶν
1434 1481 1467 1551 ή
1516 1479 1636 1534 θεία
1668 1481 1898 1554 Γραφὴ,

293 1568 519 1640 Ἀϐράμ
578 1569 659 1641 τῷ
685 1569 841 1622 Λὼτ·
867 1570 961 1642 Μὴ
994 1570 1136 1625 ἔστω
1165 1572 1313 1644 μάχη
1350 1572 1624 1643 ἀναμέσον
1653 1572 1787 1643 ἐμοῦ
1810 1574 1904 1629 xui.

283 1661 404 1727 σοῦ,
429 1663 527 1715 xui.
566 1662 843 1734 ἀναμέσον
872 1662 980 1717 τῶν
1018 1664 1297 1735 ποιμένων
1324 1683 1448 1736 μου,
1484 1666 1577 1720 καὶ
1623 1666 1901 1738 ἀναμέσον

2010 472 2216 528 autem,
2256 462 2480 518 fmderis
2522 463 2681 534 hujus
2707 461 2931 517 fraterni
2967 479 3075 517 non
3126 462 3419 530 recordati,
3463 477 3615 518 com-

2010 554 2277 609 miserunt
2350 554 2607 619 familias,
2648 565 3151 625 persuaseruntque
3227 554 3501 620 ldnmzeis,
3554 567 3617 608 ut

2008 649 2442 718 consanguineos
2465 656 2519 702 et
2549 648 2747 705 fratres
2778 648 2977 703 habere
3006 661 3195 702 servos
3230 647 3454 711 vellent,
3476 662 3617 717 quos
3690 680 3709 691 γι
3784 672 3785 675 η

2009 739 2229 794 auxiliis
2264 741 2382 795 suis
2418 741 2612 811 seipsis
2662 742 2751 810 qui
2796 740 3039 795 vicerant
3069 740 3228 809 longe
3268 740 3613 809 potentiores

2008 830 2319 888 effecerunt.
2336 832 2453 887 Jam
2472 849 2601 887 vero
2619 835 2757 889 idem
2786 832 2891 887 hoc
2914 831 3183 903 quispiam
3203 840 3258 886 et
3275 833 3340 887 de
3361 831 3614 887 Moabitis

2010 924 2266 993 accipiat,
2299 925 2438 993 quia
2486 924 2587 979 Lot
2626 924 3057 988 descendebant,
3107 922 3304 994 Tyrios
3362 924 3615 979 videlicet

2009 1014 2237 1069 fratrum
2276 1024 2661 1072 testamentum
2688 1018 3065 1082 conturbasse,
3087 1031 3284 1086 nempe
3311 1016 3610 1071 Abrahami

2007 1122 2127 1162 cum
2155 1107 2279 1164 Lot.
2308 1110 2443 1164 Cum
2472 1110 2615 1163 enim
2651 1109 2931 1162 amborum
2960 1118 3207 1177 pastores
3233 1109 3609 1179 jurgarentur,

2011 1221 2031 1253 ι
2066 1202 2228 1267 Dixit,
2282 1201 2455 1270 inquit
2513 1200 2819 1270 Scriptura,
2871 1202 3146 1256 Abraham
3221 1202 3364 1259 Lot:
3419 1202 3501 1259 Ne
3542 1205 3612 1259 sit

2000 1294 2238 1367 jurgium
2280 1296 2423 1350 inter
2469 1311 2555 1351 me
2593 1305 2646 1351 et
2676 1306 2747 1361 te,
2780 1305 2834 1350 et
2873 1296 3016 1353 inter
3039 1305 3285 1365 pastores
3330 1312 3484 1353 meos
3543 1312 3608 1351 ac

2006 1398 2257 1459 pastores
2284 1398 2427 1457 tuos,
2452 1390 2576 1458 quia
2606 1391 2806 1447 fratres
2830 1404 3019 1447 sumus
3047 1392 3148 1447 ⁸³.»
3186 1389 3423 1446 Proinde
3454 1391 3613 1445 meri-

2008 1488 2062 1536 to
2091 1490 2365 1547 exustum,
2404 1491 2461 1537 et
2492 1483 2561 1537 ab
2598 1483 2730 1552 ipsis
2786 1482 3156 1538 fundamentis
3223 1496 3479 1537 eversum
3538 1481 3607 1536 iri

2006 1572 2101 1628 ait.
2133 1571 2270 1627 Nam
2324 1573 2623 1641 illud,Non
2672 1576 2783 1632 eris
2827 1591 2950 1631 cum
2982 1575 3248 1646 pluribus,
3297 1576 3499 1645 ubique
3553 1575 3607 1629 in

2005 1667 2283 1739 improbos
2308 1668 2473 1725 valet.

282 1754 396 1807 τῶν
439 1756 720 1827 ποιμένων
758 1774 851 1809 σου
879 1796 894 1821 ,
934 1756 1018 1810 ὅτι
1064 1757 1348 1828 ἅνθρωποι
1382 1757 1603 1828 ἀδελφοὶ
1629 1760 1792 1831 ἡμεῖς
1820 1760 2044 1831 ἐσμεν.»
2099 1761 2627 1835 Ἐμπρησθήσεσθαι
2652 1760 2716 1833 δή
2742 1758 2836 1815 οῦν
2857 1760 3117 1836 ταύτῃτοι
3167 1762 3393 1827 δικαίως
3441 1762 3609 1833 φησιν

276 1852 480 1925 αὐτὴν,
506 1856 602 1908 καὶ
638 1854 697 1921 ἐξ
732 1855 913 1910 αὐτῶν
960 1855 1498 1930 κατασεισθήσεσθαι
1536 1857 1777 1931 βάθρων.
1821 1857 1896 1914 Τὸ
1933 1861 2060 1933 γὰρ,
2095 1862 2213 1916 Οὐκ
2267 1862 2371 1936 ἔσῃ
2409 1862 2551 1933 μετά
2580 1861 2865 1931 πλειόνων,
2895 1862 2991 1916 ἐπὶ
3013 1861 3217 1927 κακίας
3255 1861 3609 1933 χρησάμενον

278 1950 597 2021 πανταχοῦ.

353 2044 513 2099 Τάδε
549 2046 714 2115 λέγει
747 2047 967 2117 Κύριος
987 2063 1000 2075 °
1050 2048 1175 2103 Ἐπὶ
1201 2048 1330 2115 ταῖς
1356 2048 1554 2118 τρισίν
1584 2050 1888 2117 ἀσεϐείαις
1920 2059 1963 2114 Β
2065 2048 2229 2103 Vens.
2282 2047 2371 2102 11.

280 2138 389 2209 τῆς
458 2139 824 2210 Ἰδουμαίας,
879 2143 980 2196 καὶ
1038 2142 1139 2195 ἐπὶ
1192 2142 1325 2208 ταῖς
1382 2142 1743 2214 τέσσαρσιν,
1781 2146 1896 2198 οὐκ

280 2234 839 2305 ἀποστραφήσομαι
867 2235 1115 2303 αὐτοὺς,
1145 2236 1354 2290 ἕνεκεν
1388 2238 1498 2291 τοῦ
1530 2235 1895 2302 καταόιῶξαι

282 2326 513 2393 αὐτοὺς
543 2328 615 2380 ἐν
638 2328 909 2398 ῥομφαίᾳ
935 2331 1044 2383 τὸν
1070 2328 1339 2397 ἀδελφὸν
1382 2328 1602 2383 αὐτῶν.

352 2422 427 2473 Z'.
474 2421 737 2473 Μέτεισιν
759 2422 787 2474 ό
816 2420 973 2489 λόγος
1005 2422 1090 2474 ἐπ’
1126 2421 1288 2474 αὑτὸν
1316 2420 1417 2492 ήδη
1451 2422 1542 2475 τὸν
1572 2421 1895 2492 Ίδουμαῖον,

278 2510 441 2581 δῆλον
474 2512 533 2564 δὲ
566 2512 651 2564 δτι
683 2511 811 2574 τοὺς
846 2511 904 2577 ἐξ
939 2510 1135 2565 Ἡσαῦ.
1181 2512 1686 2583 Ὑπενεχθήσεσθαι
1721 2512 1777 2566 δέ
1801 2514 1896 2565 καὶ

281 2606 485 2669 αὐτοὺς
538 2608 651 2668 τοῖς
683 2604 742 2670 ἐξ
770 2604 942 2677 ὀργῆς
997 2605 1392 2677 συμϐαίνουσιν
1446 2602 1504 2660 εὖ
1552 2606 1699 2676 μάλα
1736 2606 1923 2675 φησί.“

282 2698 719 2769 Πεπολεμήκασι
777 2699 885 2770 γὰρ
926 2698 1159 2767 ἀδελφὸν
1204 2699 1334 2752 ὂντα
1378 2698 1471 2752 τὸν
1510 2698 1746 2770 Ἰσραὴλ,
1784 2700 1896 2753 xui.

282 2793 395 2855 τοῖς
434 2793 612 2859 ἐγγὺς
669 2792 763 2844 καὶ
806 2792 863 2855 ἐξ
893 2791 1129 2861 αἵματος
1178 2790 1239 2844 τὸ
1276 2791 1453 2862 θρασὺ
1490 2792 1583 2845 xui.
1620 2792 1897 2862 ἀνήμερον

281 2884 342 2937 οῦ
369 2884 700 2937 κατέδεισαν
738 2885 1092 2938 ἐπανατεῖναι
1125 2884 1301 2953 ξίφος,
1350 2885 1409 2936 οὑ
1462 2884 1631 2953 νόμου
1678 2885 1897 2953 φύσεως

282 2978 740 3049 πεφροντικότες,
796 2978 862 3029 οὐ
925 2977 1357 3051 πεφροντικότες
1409 2994 1462 3029 τι
1522 2977 1631 3033 τῶν
1682 2978 1897 3049 ἀνθρω-

282 3072 481 3133 πίνων,
529 3069 671 3124 ἀλλά
720 3071 849 3133 τοὺς
883 3069 988 3135 ἔξω
1050 3070 1146 3123 καὶ
1180 3069 1625 3139 πολεμιωτάτους
1665 3073 1784 3133 ταῖς
1817 3072 1898 3134 είς

280 3164 551 3233 ἀδελφοὺς
586 3164 932 3235 δυσμενείαις
963 3165 1120 3235 νικᾷν
1147 3162 1466 3234 εἰθισμένοι,
1510 3164 1606 3216 xui.
1633 3180 1901 3235 πεφρονη-

281 3258 443 3322 κότες
480 3274 585 3310 που
617 3258 760 3327 τάχα
792 3256 885 3310 xui.
907 3257 1001 3309 ἐπὶ
1038 3256 1216 3326 τούτῳ
1243 3256 1408 3326 μέγα.
1442 3256 1653 3309 Οὐκοῦν
1680 3256 1900 3309 ἀκουόν-

278 3367 391 3405 των
424 3350 524 3403 xui
551 3350 690 3421 πρὸς
722 3350 900 3421 ἡμῶν·
942 3367 960 3399 ι
987 3348 1052 3402 Τί
1097 3349 1348 3419 ἐγκαυχᾷ
1374 3349 1432 3400 ἐν
1459 3349 1689 3418 κακίᾳ,ό
1731 3349 1896 3402 δυνα-

2453 2045 2582 2101 "ire
2639 2047 2768 2101 dicit
2821 2046 3121 2101 Dommus:
3195 2046 3369 2115 Super
3439 2048 3609 2102 tribus

1999 2139 2353 2207 impietatibus
2389 2136 2670 2200 Idumam,
2708 2148 2757 2191 et
2793 2154 2949 2206 super
2982 2146 3213 2209 quatuor
3252 2156 3355 2193 non
3384 2156 3603 2194 conver-

2001 2242 2111 2286 lam
2139 2249 2249 2298 eos,
2309 2249 2369 2289 eo
2417 2233 2558 2304 quod
2605 2233 2863 2302 persecuti
2918 2232 3127 2287 suntin
3160 2230 3339 2301 gladio
3382 2232 3605 2302 fratrem

1998 2342 2172 2378 suum.
3418 2396 3423 2401 ἱ

2074 2417 2181 2472 Vll.
2221 2417 2374 2473 Nunc
2413 2432 2595 2471 sermo
2622 2420 2688 2473 ad
2718 2417 2889 2488 ipsam
2925 2416 3214 2473 ldumasam
3259 2418 3492 2486 transit,
3520 2419 3602 2471 ni-

1999 2512 2199 2565 mirum
2246 2513 2310 2565 ad
2339 2512 2479 2565 Esau
2510 2520 2777 2580 posteros.
2822 2511 2930 2566 Eos
2963 2526 3180 2581 quoque
3208 2511 3490 2581 suppliciis
3529 2527 3596 2565 ex

2000 2603 2078 2656 ira
2106 2601 2289 2657 divina
2338 2601 2647 2672 inlligendis
2699 2602 3003 2670 subjectum
3034 2603 3098 2656 iri
3127 2602 3407 2672 prmdicat.
3467 2602 3603 2656 Fra-

2008 2706 2118 2749 tres
2149 2696 2293 2750 enim
2324 2710 2455 2749 suos
2490 2694 2764 2750 lsraelitas
2791 2705 3198 2764 oppugnarunt,
3236 2695 3589 2764 propinquis»

1999 2801 2105 2855 que
2158 2795 2211 2841 et
2272 2788 2537 2857 sanguine
2596 2786 2905 2855 conjunctis
2960 2786 3200 2857 gladium
3236 2788 3497 2843 audacem
3548 2797 3605 2843 et

2001 2879 2275 2933 crudelem
2334 2879 2605 2933 intentare
2644 2894 2747 2933 non
2808 2877 3255 2943 reformidarunt,
3292 2881 3458 2952 260
3494 2896 3601 2936 non

2001 2979 2208 3025 natum
2262 2971 2456 3041 legem,
2488 2986 2595 3025 non
2633 2971 2759 3041 jura
2814 2971 3171 3028 humanitatis
3219 2975 3456 3038 reveriti,
3508 2976 3602 3028 sed

2001 3072 2287 3119 exteroset
2309 3064 2708 3119 infensissimos
2725 3064 2865 3120 odiis
2894 3066 3109 3120 vincere
3130 3065 3297 3131 soliti,
3323 3075 3379 3119 et
3409 3067 3479 3120 ob
3503 3069 3603 3120 hoc

2004 3155 2172 3209 etiam
2211 3156 2393 3209 forsan
2430 3157 2900 3227 spiritusmaguos
2929 3169 3202 3227 gerentes.
3236 3158 3475 3212 Audiant
3505 3160 3605 3228 igi-

2006 3257 2093 3301 tur
2125 3262 2153 3301 a
2177 3248 2409 3304 nobisn
2452 3247 2590 3315 Quid
2620 3250 2888 3318 gloriaris,
2925 3259 3116 3318 potens
3164 3252 3214 3305 in
3248 3252 3550 3306 malitia"?
3580 3273 3599 3305 ι

2001 3339 2079 3390 Ac
2117 3340 2184 3393 ile
2233 3339 2302 3394 iis
2350 3340 2633 3407 aptissime
2694 3339 2942 3393 dicatur:
2972 3358 2989 3390 ι
3028 3341 3270 3405 Quorum
3331 3339 3500 3410 gloria
3549 3342 3601 3393 in

278 3444 405 3509 τός;
435 3462 455 3495 ι
514 3443 627 3496 Καὶ
655 3443 785 3514 περὶ
818 3441 1000 3495 αύτῶν
1039 3442 1109 3495 ἂν
1138 3441 1373 3510 λέγοιτο,
1394 3441 1510 3494 xui.
1559 3440 1706 3512 μάλα
1752 3441 1891 3493 εἰκό-
1922 3442 1925 3467 ⁴

2010 3430 2316 3487 :onfusioue
2345 3431 2582 3499 ipsorum
2612 3430 2714 3484 “.i
2747 3430 2880 3497 Quae
2902 3431 3045 3486 enim
3089 3431 3440 3499 prestitisset
3466 3432 3611 3491 velle.

278 3547 415 3601 τως⁴
456 3556 474 3588 ι
505 3530 608 3589 ’Ὧν
633 3536 665 3607 ή
693 3534 824 3601 δόξα
850 3535 907 3586 ἐν
943 3536 1009 3606 τῇ
1034 3534 1270 3604 αἰσχύνῃ
1300 3529 1501 3586 αὐτῶν.
1530 3550 1548 3582 ι
1599 3534 1666 3585 "A
1689 3533 1796 3603 γὰρ
1826 3527 1895 3601 ἦν

278 3632 516 3704 ἄμεινον
567 3632 647 3694 ὠς
698 3630 961 3685 ἀποτάτω
1023 3627 1302 3682 ποιεῖσθαι
1368 3625 1568 3695 φιλεῖν,
1619 3626 1779 3679 ταυτὶ⁵
1830 3624 1895 3695 δή

284 3725 555 3796 παγκάλῃ
583 3724 859 3795 τιμῶντες
885 3722 1077 3793 ψήφῳ,
1109 3720 1274 3773 πάλιν
1306 3719 1658 3773 ἀκούσονταιο
1710 3737 1729 3768 ι
1762 3718 1899 3772 Οὐαὶ

276 3818 334 3871 οῖ
363 3817 623 3885 λέγοντες
640 3817 702 3885 το
734 3817 972 3887 πονηρὸν
1009 3815 1193 3880 καλὸν,
1226 3833 1244 3867 ι
1276 3814 1370 3868 xui.
1394 3813 1541 3883 ἑξῆς.

356 3909 475 3963 Καὶ
508 3908 856 3976 ἐλυμήνατο
880 3907 1123 3977 μήτραν
1147 3905 1246 3959 ἐπὶ
1270 3905 1383 3974 τῆς
1420 3902 1554 3974 γῆς.

362 4003 451 4055 Η’.
517 4000 946 4073 Ἀπαριθμεῖται
1006 3999 1301 4071 χρησίμως
1362 3996 1431 4049 τὰ
1468 3995 1578 4049 τῶν
1630 3993 1899 4048 Ἰουδαίων

282 4095 466 4165 ὲγκλή
476 4112 646 4164 ματα,
674 4094 770 4146 xui.
792 4092 878 4145 ἐπ’
908 4092 1072 4145 αὑτὸν
1095 4092 1280 4161 ἀνίησι
1303 4088 1394 4142 τὸν
1408 4086 1603 4153 Ἠσαῦ,
1621 4086 1900 4154 δυσγενεῖς

279 4192 460 4252 ὄντας
510 4190 605 4241 xui.
632 4185 692 4253 ἐξ
721 4185 938 4240 ἀνοσίου
974 4184 1180 4253 φύντας
1210 4182 1418 4253 πατρὸς
1457 4180 1800 4249 ἀποφαίνων,
1835 4179 1898 4231 ἵν’

280 4283 473 4337 ἐκεῖνό
500 4299 603 4335 που
636 4281 781 4351 τάχα
814 4279 1050 4349 νοῶμεν,
1081 4277 1143 4330 τὸ
1166 4276 1256 4330 διά
1287 4274 1474 4345 φωνῆς
1503 4274 1729 4328 Ἡσαΐου
1763 4273 1902 4325 πλα-

280 4377 429 4448 γίως
486 4374 947 4446 ύποδηλούμενονο
1006 4389 1024 4422 ‹
1065 4369 1163 4423 Ἐκ
1204 4368 1314 4439 γὰρ
1357 4367 1675 4437 σπέρματος
1723 4366 1901 4433 ὄφεων

281 4470 678 4538 ἐξελεύσονται
708 4468 927 4536 ἔγγονοι
968 4463 1240 4518 ἀσπίδων.
1273 4481 1292 4514 ι
1346 4461 1668 4532 Ἀφηγεῖται
1694 4460 1759 4530 δὴ
1785 4455 1899 4524 οὖν,

280 4566 373 4618 δτι
418 4563 518 4615 καὶ
556 4562 584 4613 ὁ
628 4559 935 4630 προπάτωρ
966 4557 1151 4618 αὐτοῖς
1174 4551 1416 4622 γεγονὼς
1468 4550 1639 4605 Ἠσαῦ
1690 4553 1803 4614 τοῖς
1836 4552 1902 4605 ἐκ

286 4658 518 4730 μήτρας
567 4653 663 4706 καὶ
696 4651 971 4719 γενέσεως
1015 4646 1241 4717 ἀγαθοῖς
1293 4642 1721 4714 προσγεγονόσιν
1750 4641 1902 4712 αὐτῷ

286 4748 587 4821 μονονουχὶ
615 4748 709 4799 καὶ
734 4744 1122 4814 διελυμήνατο,
1161 4739 1257 4792 xui.
1300 4736 1632 4809 κατέρριψεν
1674 4737 1755 4798 εἰς
1795 4734 1901 4804 γῆν

2006 3534 2209 3580 remota
2239 3540 2398 3594 quam
2432 3524 2766 3595 longissime,
2794 3524 2908 3579 haec
2924 3525 3318 3580 honestissimo
3344 3525 3604 3591 suffragio

2004 3615 2354 3684 honorantes,
2387 3617 2567 3672 denuo
2595 3619 2850 3672 audient:
2883 3635 2901 3669 ι
2934 3614 3027 3672 Vae
3057 3618 3149 3688 qui
3187 3619 3368 3673 dicitis
3402 3620 3601 3673 malum

2005 3708 2205 3763 bonum
2238 3709 2307 3772 ³⁸,
2338 3728 2355 3759 ι
2399 3717 2456 3763 et
2486 3709 2694 3779 reliqua
2720 3709 3003 3780 deinceps.

2079 3885 2147 3942 Et
2186 3887 2395 3942 violavit
2430 3890 2635 3943 vulvam
2662 3890 2715 3943 in
2752 3900 2916 3945 terra.

2084 3979 2212 4034 VIII.
2260 3979 2479 4035 Utiliter
2505 3979 2815 4035 Iudaeorum
2861 3985 3069 4037 scelera
3122 3995 3389 4050 recenset,
3432 4002 3606 4056 eaque

2011 4074 2079 4128 ad
2121 4074 2294 4143 ipsum
2335 4071 2475 4127 Esau
2514 4073 2700 4140 refert,
2730 4076 3092 4143 pronuntians
3136 4077 3421 4146 ignobiles,
3454 4090 3507 4134 et
3536 4096 3604 4134 ex

2010 4176 2165 4237 patre
2196 4166 2363 4235 impio
2394 4169 2733 4237 progenitos,
2769 4179 2827 4221 ut
2856 4167 2988 4221 illud
3018 4168 3160 4222 forte
3210 4169 3600 4241 intelligamus,

2009 4260 2153 4329 quod
2187 4274 2283 4328 per
2316 4260 2466 4314 Isaiae
2497 4274 2681 4314 vocem
2705 4259 3011 4314 insinuatur
3037 4278 3049 4313 :
3071 4278 3090 4311 ι
3124 4260 3200 4313 Ex
3227 4261 3434 4315 semine
3458 4263 3603 4315 enim

2010 4363 2326 4422 serpentum
2390 4352 2619 4407 exsistet
2677 4352 2965 4422 progenies
3051 4353 3355 4422 aspidum.»
3403 4353 3606 4408 Narrat

2012 4446 2199 4515 igitur,
2218 4444 2380 4500 etiam
2418 4445 2649 4515 primum
2678 4455 2956 4515 parentem
2981 4454 3332 4499 etauctorem
3364 4446 3605 4516 ipsorum

2010 4540 2152 4594 bona
2188 4539 2256 4593 ab
2290 4548 2444 4592 utero
2487 4547 2734 4592 materno
2765 4546 2819 4592 et
2844 4538 2958 4607 ipso
2990 4548 3111 4591 ortu
3141 4536 3243 4592 sibi
3269 4548 3461 4608 agnata
3491 4552 3609 4594 tan-

2015 4641 2125 4686 tum
2162 4648 2270 4686 non
2298 4632 2632 4701 corrupisse,
2662 4641 2717 4686 et
2750 4630 2805 4683 in
2844 4640 3045 4684 terram
3088 4632 3385 4700 projecisse
3431 4632 3607 4703 digni-

2016 4733 2180 4778 tatem
2223 4724 2683 4792 primogenitum,
2714 4723 2922 4775 niinimi
2952 4736 3063 4775 rem
3122 4723 3433 4788 facientem,
3484 4742 3612 4795 pro-

282 4842 353 4897 τὸ
380 4844 450 4893 ἐκ
481 4840 590 4892 τῶν
630 4837 997 4909 πρωτοτόκων
1048 4833 1271 4903 ἀξίωμα
1294 4869 1310 4895 ,
1360 4827 1562 4901 μικροῦ
1619 4826 1899 4891 παντελῶς

2010 4822 2131 4882 pter
2182 4828 2504 4882 corpoream
2557 4813 2911 4882 voluptatem.
2952 4812 3203 4867 Edulium
3258 4815 3403 4868 enim
3452 4815 3613 4871 lentis

285 4933 540 5000 ἀξιώσας
575 4930 634 4983 τὸ
673 4930 864 5001 χρῆμα
900 4926 1062 4994 λόγου
1088 4927 1300 4995 τρυφῆς
1327 4922 1492 4975 ἕνεκα
1535 4918 1861 4991 σωματικῆς
1883 4933 1895 4946 ·

287 5026 490 5094 ἕψημα
524 5022 636 5092 γάρ
667 5019 851 5091 ἐζήτει
882 5014 1084 5086 φακοῦ,
1132 5015 1230 5068 xui.
1258 5011 1443 5066 λαϐὼν
1492 5011 1665 5064 ἐδίδου
1706 5009 1767 5062 τὸ
1804 5008 1903 5079 τῆς

290 5118 518 5188 φύσεως
566 5115 760 5185 δῶρον.
820 5132 837 5164 ι
863 5113 1071 5167 Ἕνεκα
1097 5108 1312 5168 τούτου,
1350 5108 1538 5176 φησιν,
1567 5104 1775 5174 ἐκλήθη
1832 5102 1893 5155 τὸ

289 5215 473 5282 ὃνομα
520 5207 688 5264 αὑτοῦ
739 5198 994 5277 Ἐδώμί»
1052 5204 1197 5267 ὅθεν,
1250 5195 1427 5270 οἶμαι,
1464 5200 1558 5252 καὶ
1613 5199 1906 5269 Ἰδουμαῖοι

291 5307 601 5377 κέκληνται
648 5301 838 5356 λοιπὸν
896 5301 947 5353 οἱ
1002 5297 1059 5365 ἐξ
1108 5295 1273 5349 αὐτοῦ
1329 5292 1636 5362 γεγονότες.
1694 5289 1906 5346 Οὐκοῦν

290 5401 361 5455 τὸ
398 5401 465 5453 ἐκ
507 5397 603 5452 τοῦ
649 5397 813 5450 τόκου
887 5392 984 5446 καὶ
1044 5392 1258 5461 μήτρας
1308 5386 1530 5456 ἀξίωμα
1593 5384 1906 5454 κατελυμή-

294 5510 432 5549 νατο
483 5491 672 5561 φησὶν,
703 5489 785 5550 εἰς
840 5486 968 5555 γῆν,
1005 5484 1126 5536 ἀντὶ
1169 5480 1285 5545 τοῦ,
1335 5478 1527 5549 γηῖνου
1579 5476 1905 5547 πράγματος

292 5583 595 5658 ἠλλάξατο.

367 5768 418 5805 ﬂ
451 5763 591 5821 Gen.
619 5777 741 5829 xnl,
781 5759 834 5812 8.
914 5758 957 5790 ’³
990 5754 1133 5810 Psal.
1176 5768 1256 5825 LI,
1294 5751 1347 5805 '5.

2005 4907 2289 4975 quaesivit:
2339 4920 2448 4974 quo
2501 4913 2765 4973 accepto,
2814 4906 2963 4959 dedit
3022 4905 3323 4961 nativitatis
3385 4908 3609 4961 donum.

2015 5018 2035 5049 ι
2084 4997 2316 5067 Propter
2387 4997 2508 5063 hoc,
2564 4997 2758 5065 inquit,
2819 5008 3071 5051 vocalum
3130 5008 3217 5052 est
3263 5014 3459 5053 nomen
3496 4999 3613 5067 ejus

2012 5095 2179 5149 Edom
2201 5094 2266 5147 ³⁸.
2298 5113 2314 5145 ι
2351 5092 2504 5149 Unde
2536 5095 2772 5147 arbitror
2802 5103 2856 5147 et
2884 5092 3147 5147 Iduu'ucos
3179 5101 3365 5162 postea
3401 5106 3466 5145 ex
3498 5092 3613 5159 ipso

2013 5187 2342 5244 nominatos.
2378 5187 2632 5250 Violavit,
2664 5187 2860 5256 inquit,
2879 5186 3218 5258 dignitatem,
3244 5198 3402 5254 quam
3430 5196 3460 5233 e
3487 5196 3613 5249 par-

2014 5285 2069 5328 tu
2091 5285 2146 5329 et
2176 5286 2358 5330 ventre
2390 5285 2636 5329 materno
2662 5288 2987 5332 consecutus
3012 5274 3218 5339 erat,in
3247 5281 3414 5335 terra,
3434 5284 3531 5339 pro
3556 5286 3614 5326 re

2020 5380 2231 5425 terrena
2262 5368 2642 5425 commutavit.

1427 5748 1472 5781 ¹³
1505 5747 1741 5818 Philipp.
1781 5761 1863 5814 Ill,
1905 5744 1989 5800 l9.
2072 5742 2118 5776 ³⁸
2156 5740 2258 5797 lsa.
2298 5753 2348 5807 v,
2391 5738 2491 5793 20;
2562 5736 2607 5766 ’⁸
2643 5736 2785 5792 Gen.
2823 5751 2951 5807 xxv,
2995 5736 3087 5794 '50.
