4054 6466
446 279 546 360 is:

519 414 693 472 Simili
761 412 966 468 scelere
1023 409 1268 466 obstricti
1325 416 1614 473 tenentur,
1651 405 1740 475 qui
1788 403 2034 458 carnales
2062 407 2109 466 Α

1481 293 1540 349 S.
1582 287 1864 346 αγιιιιω
1904 281 2379 342 ALEXANDRINI
2417 279 2741 337 ARCIIIEP.

3619 265 3724 334 ἰδὲ).

2220 394 2556 467 Ἐνσχεθεῖεν
2605 393 2650 448 δ’
2691 394 2758 448 ἂν
2789 392 2902 455 τοῖς
2947 390 3082 456 ίσοις
3128 389 3472 462 ἐγκλήμασιν
3512 390 3564 443 οἱ
3614 389 3726 444 τῶν

447 505 837 562 oblectationes
876 501 1244 572 spiritualibus
1280 504 1639 567 anteponunt,
1684 503 2030 563 temporanea

2147 488 2415 561 ταρκικῶν
2447 486 2546 558 τὴν
2569 486 2871 541 ἀπόλαυσιν
2893 484 3289 558 προτάττοντες
3327 484 3438 538 τῶν
3482 501 3724 554 πνευμα-

449 615 559 671 pra:
590 597 808 652 aeternis
836 594 1060 664 eligunt,
1103 600 1156 647 et
1176 589 1316 644 fluxa
1347 605 1445 660 pro
1472 587 1779 644 stabilibus.
1812 585 1877 638 Et
1925 583 2035 653 glo-

2147 581 2321 643 rtxé‘w,
2341 581 2438 635 καὶ
2462 579 2721 650 ἀνθαιρού
2730 593 2884 649 μενοι
2901 577 3011 632 τῶν
3034 578 3269 633 αίωνίων
3295 578 3364 631 τά
3389 577 3726 650 πρόσκαιρα,

450 693 584 746 riam
652 702 772 760 qua:
800 701 831 741 a
869 684 978 740 Deo
1012 691 1097 739 est
1129 691 1559 745 contemnentes,
1592 693 1711 748 qum
1746 675 1885 746 apud
1939 675 2036 730 ho-

2133 675 2230 729 καὶ
2256 673 2366 727 τῶν
2400 673 2476 744 μὴ
2518 671 2898 743 σαλευομένων
2929 671 2997 725 τά
3027 670 3387 740 σαλευόμενα.
3416 671 3528 723 Kal.
3558 688 3728 723 κατα-

450 783 622 836 mines
655 778 832 849 magni
869 778 1024 843 fiunt,
1075 770 1520 841 insipientissime
1576 767 1887 838 praeferunt,
1917 779 2035 834 quae

2147 767 2458 840 ρρονοῠντες
2493 766 2589 836 μὲν
2617 763 2777 833 δόξης
2797 762 2898 833 τῆς
2928 761 3081 833 παρὰ
3106 760 3265 822 Θεοῦ,
3301 760 3638 814 ἀϐουλότατά
3667 777 3727 813 τε

449 886 508 930 ut
546 875 751 928 umbra:
778 869 1038 926 habentes
1079 871 1431 938 praetereunt.
1457 862 1604 918 Bene
1649 860 1942 916 admodum
1981 867 2035 913 et

2147 855 2604 932 προτετιμηκότες
2638 855 2706 908 τὰ
2742 855 2800 906 ἐν
2839 853 3150 924 ἀνθρώποις
3181 852 3432 923 λαμπρά,
3473 851 3510 905 ἃ
3543 852 3636 904 καὶ
3669 852 3729 903 ἐν

449 964 664 1019 divinus
692 960 928 1016 Paulus:
958 977 976 1009 ι
1014 955 1091 1012 Ne
1142 954 1264 1024 quis
1296 953 1590 1008 fornicator
1623 959 1712 1005 aut
1756 947 2032 1020 profanus,

451 1055 646 1124 inquit,
682 1061 738 1107 ut
765 1052 930 1117 Esau,
958 1049 1048 1121 qui
1078 1061 1175 1118 pro
1208 1061 1313 1102 una
1332 1061 1455 1103 esca
1483 1042 1728 1099 vendidit
1757 1041 2032 1112 primoge-

449 1148 561 1203 nita
595 1161 689 1203 sua
719 1146 820 1200 ³⁷.»

520 1329 591 1382 Et
642 1327 819 1395 rapuit
851 1325 905 1379 in
937 1319 1290 1377 testimonium
1330 1319 1601 1372 horrorem
1641 1331 1819 1369 suum.

521 1419 611 1473 IX.
643 1415 880 1472 Alterius
904 1415 1078 1470 adhuc
1107 1412 1232 1466 facti
1262 1407 1531 1470 meminit,
1552 1402 1872 1460 insimulans
1901 1415 2034 1471 qua-

449 1515 493 1569 si
534 1513 844 1573 ldumazum,
878 1516 938 1564 ut
979 1506 1067 1576 qui
1105 1517 1320 1574 semper
1364 1499 1525 1555 fuerit
1565 1495 1791 1552 stolidus
1827 1501 1882 1550 et
1930 1493 2034 1547 im-

447 1604 674 1676 probus,
714 1609 767 1655 et
801 1595 1220 1666 consanguineis
1246 1593 1407 1648 etiam
1461 1599 1622 1660 atque
1655 1587 1815 1641 etiam
1863 1583 2035 1639 male-

449 1699 600 1756 volus
640 1705 803 1767 atque
831 1691 1251 1748 infestissimus.
1289 1687 1478 1741 Exstat
1507 1685 1670 1755 igitur
1699 1683 1751 1735 in
1787 1679 2037 1735 Numeris

2137 950 2238 1020 ῐσῳ
2273 947 2454 1009 σκιαῖς
2481 942 2817 1016 παρελαύνει
2856 943 2985 1006 τοὺς
3022 940 3278 1012 ἔχοντας.
3324 939 3630 1012 Χρησίμως
3671 940 3728 992 δὲ

2134 1041 2256 1094 λίαν
2283 1039 2380 1092 καὶ
2407 1038 2436 1090 ό
2470 1033 2760 1097 Θεσπέσιος
2789 1033 3030 1096 Παῦλος,
3071 1051 3090 1084 ι
3114 1033 3206 1103 Μή
3241 1049 3326 1094 τις
3367 1031 3585 1102 πόρνος,
3621 1047 3728 1100 φη-

2139 1130 2300 1201 σὶν,ἢ
2335 1127 2562 1200 βέϐηλος
2590 1121 2872 1190 ὼςἮσαῦ,
2897 1123 2958 1188 ὃς
2999 1122 3122 1178 ἀντὶ
3169 1122 3425 1196 βρώσεως
3460 1123 3588 1192 μιᾶς
3623 1123 3729 1175 άπ-

2135 1223 2284 1276 έδοτο
2315 1223 2384 1276 τὰ
2407 1218 2728 1292 πρωτότοκα
2757 1215 2980 1274 αὐτοῦ.»

2213 1314 2323 1370 Καὶ
2360 1312 2642 1383 ἥρπασεν
2675 1309 3125 1381 εῑςιμαρτύριον
3161 1309 3384 1379 φρίκην
3411 1301 3618 1362 αὐτοῦ.

2207 1409 2286 1462 Θ’.
2332 1405 2560 1478 Ἑτέρας
2590 1403 2756 1459 πάλιν
2785 1401 3158 1474 διαμέμνηται
3189 1401 3464 1473 πράξεως,
3510 1397 3729 1454 (Statii).-

2141 1502 2251 1555 λων
2282 1493 2392 1554 οἷον
2435 1498 2527 1552 τὸν
2567 1497 2885 1566 Ἰδουμαῖον,
2909 1495 2985 1558 ῶς
3025 1495 3113 1548 ἀεὶ
3150 1493 3413 1562 γεγονότα
3450 1493 3638 1546 σκαιόν
3672 1505 3731 1545 τε

2137 1591 2234 1645 καὶ
2275 1587 2533 1660 πονηρὸν,
2557 1586 2652 1640 καὶ
2687 1587 2798 1648 τοῖς
2828 1584 2888 1649 ἐξ
2922 1584 3155 1654 αἵματος
3199 1583 3280 1636 ὅτι
3326 1581 3563 1652 μάλιστα
3601 1581 3736 1634 δυσ-

2143 1680 2276 1752 μενῆ
2336 1679 2433 1734 καὶ
2474 1675 2900 1749 πολεμιώτατον.
2945 1675 3261 1747 Γέγραπται
3299 1672 3480 1726 τοίνυν
3519 1674 3579 1726 ἐν
3619 1675 3737 1736 τοῖς

448 1789 602 1847 εἰει(
642 1765 730 1844 Εί
759 1785 908 1842 misit
938 1783 1152 1854 Moyses
1188 1779 1406 1835 nuntios
1427 1793 1491 1832 ex
1526 1776 1700 1832 Cades
1743 1774 1810 1827 ad
1857 1785 2035 1842 regem

2153 1771 2610 1845 ’ΛριθμοῖςοιΚαὶ
2634 1768 2921 1824 ἀπέστειλε
2947 1767 3154 1838 Μωσῆς
3188 1765 3452 1835 ἀγγέλους
3469 1765 3532 1817 ἐκ
3546 1765 3737 1834 Κάδης

446 1881 644 1944 Edom,
687 1877 901 1933 dicens:
924 1874 1050 1928 Ilaec
1078 1871 1237 1943 261
1275 1869 1407 1924 dicit
1441 1868 1610 1924 frater
1650 1875 1772 1921 tuus
1817 1864 2028 1919 Israel:

448 1974 529 2028 'I‘u
570 1971 678 2028 scis
705 1982 918 2023 omnem
958 1964 1197 2018 laborem
1225 1962 1317 2030 qui
1347 1960 1551 2014 invenit
1575 1973 1693 2016 nos.
1723 1957 1788 2012 Et
1811 1958 2036 2011 descen-

444 2067 645 2118 t‘lerunt
667 2068 850 2131 patres
883 2055 1054 2112 nostri
1085 2055 1136 2109 in
1163 2052 1481 2123 Aigyptum,
1508 2065 1563 2106 et.
1589 2049 1952 2104 habitavimus
1981 2047 2033 2100 in

448 2154 682 2225 Egypto
719 2151 835 2205 dies
880 2147 1084 2218 plures,
1113 2154 1168 2201 et
1197 2143 1502 2198 afﬂixerunt
1554 2155 1653 2196 nos
1702 2138 1940 2210 Egyptii
1981 2147 2038 2192 et

448 2257 630 2317 patres
654 2253 891 2307 nostros,
923 2247 980 2295 et
1001 2235 1358 2293 clamavimus
1387 2236 1452 2289 ad
1490 2234 1795 2298 Dominum,
1820 2239 1874 2286 et
1900 2230 2035 2284 edu-

449 2339 528 2392 xit
557 2350 676 2403 nos,
694 2342 749 2390 et
773 2346 915 2387 nunc
941 2329 1338 2400 praeteribimus
1363 2342 1459 2398 per
1492 2334 1688 2379 terram
1717 2334 1884 2379 tuam.
1917 2321 2035 2377 Non

451 2429 804 2486 transibimus
829 2438 924 2495 per
975 2436 1154 2494 agros,
1191 2433 1367 2490 neque
1388 2432 1484 2489 per
1507 2418 1718 2482 vineas,
1748 2427 1922 2483 neque
1953 2413 2037 2468 bi-

449 2524 640 2576 bemus
681 2531 875 2589 aquam
909 2529 940 2570 e
970 2514 1087 2569 lacu
1148 2522 1261 2566 tuo.
1302 2510 1368 2565 Et
1397 2509 1531 2563 dixit
1568 2508 1634 2562 ad
1667 2521 1789 2561 eum
1826 2506 1989 2560 Edom
2021 2522 2034 2558 :

449 2611 567 2667 Non
619 2607 872 2665 transibis
907 2619 1004 2676 per
1050 2616 1156 2668 me,
1209 2598 1412 2670 alioqui
1454 2605 1695 2652 armatus
1753 2606 2037 2650 occurram

450 2700 570 2756 tibi.
598 2697 666 2753 Et
687 2697 819 2754 exiit
853 2697 906 2749 in
938 2693 1096 2747 turba
1123 2691 1296 2760 gravi.
1336 2687 1404 2742 Et
1435 2686 1728 2742 declinavit
1759 2682 1927 2738 Israel
1965 2683 2033 2737 ab

446 2808 514 2850 eo
548 2792 649 2846 ³⁸.»
680 2789 917 2844 Rursum
952 2786 1039 2842 bis
1067 2783 1248 2840 verbis
1273 2794 1527 2851 expressa
1560 2779 1772 2832 intuere
1810 2775 2037 2838 atrocia,

446 2894 504 2943 et
529 2899 690 2954 Supra
707 2896 868 2952 quam
894 2879 996 2934 dici
1025 2885 1198 2948 potest
1229 2870 1638 2929 iubumanitatis
1669 2869 1824 2939 plena
1858 2867 2043 2923 crimi-

449 2994 539 3034 na.
585 2974 751 3031 Israel
786 2987 890 3028 non
947 2970 1162 3041 petebat
1197 2981 1391 3037 aquam
1412 2966 1478 3020 ab
1512 2964 1678 3020 Edoni
1725 2961 1915 3033 gratis.
1942 2960 2044 3014 Ast

446 3068 562 3135 ille,
595 3065 769 3121 armis
799 3063 1048 3131 sumptis,
1075 3061 1245 3114 aciem
1298 3068 1483 3113 contra
1519 3069 1614 3112 eos
1660 3052 1955 3124 dirigebat,
1988 3060 2042 3105 et

2144 1865 2282 1937 πρὸς
2314 1864 2407 1917 τὸν
2441 1861 2665 1933 βασιλέα
2709 1859 2904 1932 Ἐδὼμ,
2936 1859 3131 1929 λέγων·
3167 1858 3306 1912 Τάδε
3337 1858 3486 1927 λέγει
3512 1858 3540 1910 ό
3579 1857 3739 1911 ἀδελ-

2143 1957 2242 2026 φός
2285 1972 2380 2008 σου
2424 1954 2676 2026 Ἰσραήλ·
2712 1953 2785 2006 Σὺ
2824 1952 3022 2022 ἐπίστῃ
3067 1951 3160 2003 ἐπὶ
3200 1951 3378 2004 πάντα
3408 1949 3501 2003 τὸν
3531 1949 3737 2021 μόχοον

2142 2045 2234 2098 τὸν
2259 2044 2489 2115 εὑρόντα
2529 2043 2700 2114 ἡμᾶς.
2732 2042 2844 2097 Ka‘t
2869 2040 3180 2110 κατέϐησαν
3207 2041 3256 2092 οἱ
3292 2039 3530 2111 πατέρες
3577 2039 3738 2109 ἡμῶν

2144 2135 2225 2198 εἰς
2256 2134 2555 2203 Αἴγυπτον,
2585 2134 2680 2187 καὶ
2707 2131 3124 2204 παρῳκήσαμεν
3159 2131 3218 2183 ἐν
3238 2129 3499 2200 Αἰγύπτῳ
3520 2131 3738 2201 ἡμέρας

2145 2227 2381 2292 πλείους.
2416 2227 2526 2281 Καὶ
2553 2227 2844 2282 ἐκάκωσαν
2876 2228 3024 2297 ἡμᾶς
3053 2226 3102 2278 οἱ
3128 2223 3416 2294 Αἰγύπτιοι
3464 2225 3560 2278 καὶ
3607 2225 3739 2287 τοὺς

2144 2320 2390 2391 πατέρας
2423 2318 2599 2391 ἡμῶν.
2637 2317 2746 2372 Kal.
2776 2317 3154 2388 ἀνεϐοήσαμεν
3189 2315 3325 2388 πρὸς
3362 2313 3589 2384 Κύριον,
3640 2316 3739 2367 καὶ

2147 2410 2424 2482 ἐξήγαγεν
2451 2411 2618 2481 ἡμᾶς.
2655 2410 2768 2464 Kal.
2786 2407 2882 2464 νῦν
2909 2406 3362 2479 παρελευσόμεθα
3385 2407 3472 2460 διὰ
3503 2406 3604 2476 τῆς
3631 2406 3737 2476 γῆς

2149 2522 2262 2558 σου.
2301 2505 2376 2558 Οὐ
2407 2503 2793 2574 διελευσόμεθα
2813 2501 2881 2556 δι’
2905 2500 3110 2572 ἀγρῶν,
3136 2501 3259 2554 οὐδὲ
3279 2499 3346 2553 δι’
3371 2498 3732 2570 ἀμπελώνων,

2124 2595 2267 2650 ὀὐδὲ
2296 2595 2541 2666 πιόμεθα
2567 2593 2712 2666 ὕδωρ
2746 2595 2811 2647 ἐκ
2843 2593 3048 2646 λάκκου
3093 2608 3210 2645 σου.
3257 2590 3367 2643 Kal.
3402 2585 3555 2643 εἶπεν
3586 2589 3738 2658 αὐτῷ

2159 2688 2356 2760 Ἐδὼμ·
2390 2690 2464 2742 Οὐ
2509 2687 2756 2759 διελεύσῃ
2797 2688 2867 2741 δι’
2899 2683 3059 2758 ἐμοῦ,
3113 2686 3162 2738 εἰ
3197 2685 3255 2739 δὲ
3287 2684 3385 2755 μὴ,
3424 2683 3483 2737 ἐν
3513 2683 3737 2753 πολέμῳ

2147 2779 2504 2852 ἐξελεύσομαι
2560 2781 2642 2846 είς
2693 2777 3018 2850 συνάντησίν
3077 2793 3194 2830 σου.
3255 2775 3367 2829 Ka‘t
3411 2772 3636 2846 ἐξῆλθεν
3677 2776 3735 2826 ἐν

2147 2871 2292 2942 ὔχλῳ
2323 2871 2500 2943 βαρεῖ.
2566 2871 2627 2924 '0
2681 2871 2740 2924 δέ
2795 2868 3014 2940 Ἰσραὴλ
3041 2867 3314 2935 ἐξέκλινεν
3359 2867 3454 2920 ἀπ’
3493 2853 3734 2922 autat")...

2151 2963 2346 3035 'AOpet
2390 2962 2455 3034 δὴ
2503 2961 2668 3016 πάλιν
2724 2962 2784 3014 ἐν
2828 2961 3061 3028 τούτοις,
3109 2959 3187 3024 ὡς
3230 2959 3380 3012 δεινά
3451 2959 3548 3012 καὶ
3591 2958 3740 3028 πέρα

2147 3055 2309 3124 λόγου
2354 3055 2557 3119 παντὸς
2598 3055 2668 3108 τὰ
2705 3054 2806 3125 τῆς
2842 3053 3266 3125 ἀφιλοστοργίας
3291 3053 3635 3124 ἐγκλήματα.
3676 3053 3742 3108 '0

444 3161 624 3219 solum
661 3159 948 3214 transitum
997 3155 1244 3224 improbe
1274 3150 1567 3215 invidebat,
1607 3159 1781 3218 eoque
1833 3142 2043 3199 stolidi-

2151 3149 2250 3220 μὲν
2294 3149 2403 3221 γὰρ
2451 3147 2686 3221 Ἰσραὴλ,
2735 3149 2837 3202 οὐκ
2875 3147 3187 3220 ἀνάργυρον
3229 3146 3372 3218 ὕδωρ
3413 3145 3599 3218 ἐζήτει
3643 3145 3746 3200 τὸν

451 3254 577 3310 tatis
594 3265 935 3324 progressum
955 3245 1272 3318 apparebat,
1292 3254 1349 3297 ut
1376 3241 1479 3298 nisi
1505 3239 1829 3296 declinasset
1856 3234 2040 3300 Israel,

448 3363 553 3403 nec
592 3342 838 3413 sanguini
877 3355 1065 3395 eorum
1096 3351 1358 3410 parsurus
1387 3334 1570 3390 fuerit.
1600 3351 1618 3384 ι
1657 3329 1855 3401 Rapuit
1880 3328 2048 3398 igitur

447 3439 506 3492 in
542 3433 909 3491 testimonium
968 3430 1246 3485 horrorem
1289 3439 1466 3482 suum.
1490 3442 1509 3477 ι
1546 3423 1625 3478 Illi
1675 3423 1819 3475 enim
1859 3432 2046 3488 preca-

447 3531 651 3585 bantur
676 3535 732 3581 et
751 3521 1215 3580 contrahebantur
1240 3516 1439 3572 animis
1460 3512 1814 3570 formidantes
1857 3521 2048 3562 manus

451 3632 763 3682 conserere,
815 3630 882 3671 ne
933 3613 1255 3670 cbaritatem
1307 3609 1361 3663 in
1417 3608 1615 3661 fratres
1654 3603 2048 3673 floccipendere

452 3712 788 3767 viderentur.
811 3709 880 3762 At
916 3705 1020 3761 iste
1050 3703 1477 3758 contractionem
1520 3697 1685 3763 illam,
1727 3695 1842 3751 sive
1890 3693 2048 3762 hujus

455 3804 533 3860 rei
573 3795 1138 3869 formidinem(quam
1166 3792 1408 3850 horroris
1450 3788 1714 3847 vocabulo
1753 3787 2046 3856 significat)

447 3897 609 3950 durae
655 3890 812 3962 quasi
839 3886 1235 3946 testiﬁcationis
1277 3886 1329 3940 in
1360 3883 1481 3940 illos
1499 3884 1840 3938 occasionem
1871 3879 2045 3934 facie-

449 3987 568 4041 bat.
602 3982 838 4038 Minatus
867 3990 953 4040 est
997 3981 1142 4036 enim
1195 3978 1453 4048 graviter,
1494 3975 1595 4030 nisi
1627 3971 1794 4030 Israel
1834 3971 1902 4024 ab
1931 3970 2049 4039 ejus

461 4075 656 4132 finibus
681 4076 979 4142 recederet,
1020 4086 1078 4130 se
1109 4071 1277 4126 armis
1321 4071 1496 4141 ipsum
1541 4064 1916 4135 depulsurum.
1961 4060 2044 4115 Ab

457 4191 642 4233 amore
673 4175 836 4246 igitur
861 4183 1047 4229 mutuo
1079 4171 1288 4227 alienus
1318 4169 1514 4234 Edom,
1539 4175 1594 4222 et
1620 4165 1728 4220 odii
1760 4165 1814 4217 in
1849 4161 2048 4215 fratres

449 4287 716 4345 perquam
747 4286 871 4326 reus
888 4270 1013 4335 fuit,
1039 4267 1271 4335 ideoque
1311 4277 1418 4318 non
1450 4258 1645 4328 injuria
1676 4259 1786 4312 Deo
1817 4255 2046 4309 Invisus.

467 4364 654 4419 (Deus
697 4363 841 4419 enim
889 4361 1129 4417 Charitas
1165 4367 1269 4421 est,
1303 4355 1498 4424 rjuxta
1536 4349 1757 4405 verbum
1801 4347 2046 4414 Joannis,

462 4475 484 4509 ε
513 4467 568 4512 et
599 4455 691 4526 qui
733 4463 916 4510 manet
957 4454 1008 4507 in
1050 4450 1340 4513 cbaritatc,
1373 4446 1426 4499 in
1459 4445 1570 4497 Deo
1612 4449 1792 4495 manet
1816 4439 1916 4494 π.»
1945 4438 2046 4506 Qui

2161 3240 2364 3312 Ἐδώμ·
2403 3241 2431 3294 ὁ
2481 3241 2538 3294 δὲ
2570 3236 2640 3311 ἦν
2685 3241 2744 3295 ἐν
2790 3240 2998 3306 ὅπλοις,
3050 3239 3145 3293 καὶ
3202 3239 3591 3310 παρετάττετο,
3642 3238 3748 3294 καὶ

2151 3333 2321 3405 μόνης
2374 3331 2610 3405 παρόδου
2664 3331 2933 3402 διεφθόνει
2995 3331 3217 3397 κακῶς,
3294 3332 3393 3385 καὶ
3443 3333 3524 3395 είς
3579 3332 3747 3388 τοῦτο

2151 3425 2471 3496 σκαιότητος
2505 3423 2707 3488 ἐλάσας
2733 3423 3068 3494 διηλέγχετο,
3100 3423 3176 3487 ὡς
3206 3423 3254 3477 εί
3294 3423 3370 3494 μὴ
3415 3422 3746 3478 ἐκκέκλικεν

2147 3517 2178 3569 ὁ
2211 3513 2449 3586 Ἰσραὴλ,
2475 3513 2585 3568 οὐδ’
2621 3514 2688 3568 ἂν
2714 3513 2900 3568 αὐτῶν
2925 3513 3176 3584 αἱμάτων
3214 3515 3493 3584 ἐφείσατο.
3548 3533 3567 3566 ι
3598 3516 3748 3588 ’Ἠρ-

2149 3625 2290 3662 πασε
2319 3608 2500 3661 τοίνυν
2530 3608 2612 3671 είς
2644 3605 2954 3678 μαρτυρίαν
2983 3607 3188 3678 φρίκην
3228 3607 3416 3661 αὑτοῦ.
3449 3627 3468 3660 ι
3525 3609 3590 3660 Oi
3639 3609 3748 3678 μὲν

2148 3699 2258 3770 γὰρ
2333 3698 2682 3772 παρῃτοῦντο
2744 3697 2839 3752 καὶ
2893 3698 3322 3765 ὑπεστέλλοντο,
3367 3697 3428 3752 τδ
3481 3697 3750 3769 πολεμεῖν

2147 3789 2402 3854 δεδιότες,
2455 3789 2542 3842 ἵνα
2574 3788 2650 3860 μὴ
2696 3790 2796 3860 τῆς
2832 3791 2913 3855 είς
2955 3791 3222 3861 ἀδελφοὺς
3264 3790 3472 3844 δοκοῖεν
3521 3789 3749 3858 άλογεῖν

2148 3881 2390 3952 ἀγάπης.
2437 3881 2495 3934 '0
2535 3879 2594 3934 δὲ
2636 3881 2736 3951 τὴν
2775 3881 3098 3954 ὑποστολὴν,
3140 3882 3260 3953 ἦτοι
3305 3879 3402 3952 τὴν
3449 3882 3532 3945 εἰς
3578 3881 3750 3935 τοῦτο

2147 3974 2370 4040 δειλίαν,
2410 3974 2476 4047 ἢν
2523 3972 2725 4044 καὶτῷ
2767 3973 2869 4043 τῆς
2913 3974 3117 4045 φρίκης
3160 3975 3382 4044 ὀνόματι
3423 3971 3747 4045 καταδηλοῇ

2150 4065 2427 4138 πρόφασιν
2478 4065 2719 4118 ἐποιεῖτο
2786 4062 3030 4135 σκληρᾶς
3087 4064 3278 4136 ῶσπερ
3338 4063 3750 4134 διαμαρτυρίας

2149 4159 2354 4220 αὐτοῖς.
2402 4150 2696 4227 Ἠπείλησε
2729 4154 2836 4225 γὰρ
2857 4155 3126 4227 ἐναργῶς,
3159 4155 3234 4218 ὡς
3269 4155 3318 4208 εἰ
3357 4155 3432 4226 μὴ
3469 4155 3751 4225 βούλοιντο

2148 4249 2258 4304 τῶν
2293 4247 2440 4319 αὑτῷ
2477 4245 2864 4318 προσηκόντων
2900 4245 3066 4317 ὁρίων
3105 4246 3430 4317 ἀποφοιτᾷν,
3461 4244 3748 4311 ἐξελεύσε-

2149 4361 2238 4398 ται
2278 4342 2398 4396 κατ’
2447 4340 2638 4396 αὐτοῦ.
2676 4339 2886 4394 Οὐκοῦν
2925 4339 3286 4411 ἀφιλάλληλος
3315 4341 3343 4393 ὁ
3383 4338 3598 4409 Ἐδὼμ,
3647 4339 3748 4392 καὶ

2150 4439 2265 4500 τοῖς
2292 4435 2392 4505 τῆς
2420 4433 2782 4504 μισαδελφίας
2805 4433 3151 4504 ἐγκλήμασιν
3173 4432 3234 4487 οὐ
3269 4431 3507 4503 μετρίως
3532 4430 3745 4501 ἔνοχος.

450 4563 588 4622 ergo
616 4548 899 4605 cltaritatis
933 4559 1128 4614 expers
1171 4542 1338 4594 vitam
1392 4537 1588 4606 degere
1632 4532 1884 4597 instituit,
1938 4546 2042 4587 non

2152 4501 2433 4600 Ταύτῃτοι-
2453 4501 2679 4591 δικαίως
2705 4526 2800 4578 καὶ
2827 4501 2946 4596 Θεῷ
2964 4501 3468 4596 κατεστυγημένος.
3505 4542 3522 4574 ι
3546 4524 3606 4576 ’0
3634 4522 3747 4594 γὰρ

459 4641 514 4695 in
569 4642 676 4697 Deo
729 4637 988 4702 confidit,
1047 4633 1140 4689 sed
1188 4628 1368 4700 potius
1410 4634 1564 4681 extra
1604 4622 1698 4679 Dei
1747 4622 2044 4678 amicitiam

458 4737 595 4789 situs
626 4740 732 4790 cst.

2151 4620 2283 4684 Θεὸς
2314 4621 2504 4690 ἀγάπη
2533 4620 2672 4684 ἐστὶ,
2698 4637 2717 4671 ι
2763 4619 2904 4672 κατὰ
2929 4618 3028 4689 τὴν
3061 4617 3308 4672 Ἰωάννου
3339 4616 3546 4688 φωνὴν,
3584 4633 3604 4666 ι
3637 4615 3742 4668 καὶ⁵

2149 4715 2178 4767 ὁ
2214 4713 2391 4784 μένων
2426 4715 2484 4766 ἐν
2511 4715 2578 4783 τῇ
2617 4711 2827 4782 ἀγάπῃ,
2857 4713 2915 4764 ἐν
2939 4709 3017 4781 τῷ
3045 4710 3164 4781 Θεῷ
3202 4710 3372 4782 μένει.
3405 4727 3425 4762 ι
3463 4706 3674 4763 Οὐκοῦν
3710 4708 3743 4760 ὁ

456 4828 682 4898 ἀγάπης
712 4824 835 4896 δίχα
894 4820 1085 4892 διαζῆν
1135 4813 1431 4889 ᾑρημένος,
1475 4812 1576 4866 οὐκ
1625 4812 1683 4866 ἐν
1719 4809 1797 4881 τῷ
1863 4807 1986 4879 Θεῷ
2055 4807 2339 4873 πέποιθεν,
2395 4807 2512 4862 ἀλλ’
2562 4805 2670 4872 ἔξω
2716 4806 2955 4861 κείσεται
3009 4805 3208 4878 μᾶλλον
3262 4805 3364 4878 τῆς
3419 4805 3557 4877 πρὸς
3606 4803 3744 4858 Θεὸν

457 4920 815 4988 οἰκειότητος.

533 5013 600 5069 Et
629 5015 883 5082 impetum
920 5025 1073 5063 suum
1099 5006 1322 5062 servavit
1360 5005 1412 5059 in
1445 5004 1855 5058 contentionem.

535 5106 880 5164 X.'l'ertium
925 5103 1026 5158 hoc
1061 5110 1146 5156 est
1192 5101 1535 5154 Esauitarum
1573 5104 1880 5166 peccatum.
1941 5090 2050 5145 lm-

460 5210 642 5274 petum
698 5197 841 5253 enim
876 5193 1041 5265 ipsius
1081 5192 1243 5255 Esau,
1280 5189 1347 5244 ad
1382 5189 1566 5245 odium
1599 5183 1847 5240 videlicet
1871 5189 1927 5235 et
1953 5179 2054 5234 im-

459 5292 714 5359 pietatem
755 5290 1061 5349 servarunt,
1093 5294 1262 5350 usque
1301 5277 1426 5333 dum
1477 5277 1776 5339 vincerent,
1815 5282 2049 5339 semper.

460 5379 785 5446 Neutiquam
830 5373 976 5430 enim
1033 5373 1239 5428 scelera
1293 5379 1514 5438 patrare
1548 5364 1850 5428 desierunt,
1878 5375 2055 5431 quan-

462 5483 625 5538 quam
656 5467 801 5522 Esau
833 5473 1069 5519 veterem
1117 5461 1264 5517 illam
1318 5457 1651 5528 impietatem
1686 5467 1838 5510 suam
1889 5451 2058 5521 depo-

463 5561 656 5629 suerit,
689 5567 744 5615 et
788 5556 959 5614 Jacob
997 5557 1121 5615 odio
1168 5550 1423 5626 prosequi
1487 5548 1732 5616 desierit,
1765 5545 2056 5618 potiusque

539 5737 583 5771 "'
626 5733 788 5794 Hebr.
823 5749 920 5806 xu,
957 5732 1042 5790 I6.
1121 5731 1167 5766 ³⁸
1193 5730 1349 5785 Num.
1394 5742 1486 5797 xx,
1527 5725 1715 5782 “~21.

2227 4992 2337 5049 Καὶ
2361 4991 2428 5045 τὸ
2458 4991 2694 5061 ὅρμημα
2720 4991 2908 5044 αὐτοῦ
2939 4990 3248 5060 ἐφύλαξεν
3280 4993 3368 5058 εὶς
3387 4991 3610 5059 νεῖκος.

2228 5085 2284 5138 I'.
2328 5080 2524 5152 Τρίτον
2562 5081 2626 5149 δὴ
2665 5079 2824 5134 τοῦτο
2874 5080 2985 5134 τῶν
3035 5079 3096 5146 ἐξ
3137 5080 3309 5134 Ἡσαῦ
3341 5081 3742 5153 πλημμέλημα.

2150 5172 2227 5226 Τὸ
2255 5171 2365 5242 γὰρ
2398 5171 2630 5241 ὅρμημα
2662 5167 2853 5233 αὐτοῦ,
2881 5170 2941 5222 τὸ
2974 5169 3110 5240 πρὸς
3130 5169 3334 5242 ἔχθραν
3374 5170 3615 5242 δηλονότι
3649 5171 3743 5225 καὶ

2152 5263 2497 5334 ἀνοσιότητα,
2532 5259 2806 5331 ἐφύλαξαν
2839 5263 2920 5326 είς
2944 5261 3245 5332 ἐκνίκησιν,
3284 5261 3378 5316 καὶ
3423 5262 3584 5333 μέχρι
3609 5278 3742 5316 παν-

2152 5353 2266 5418 τός.
2296 5351 2617 5425 Κατέληξαν
2647 5351 2756 5424 γὰρ
2795 5351 3048 5423 οὐδαμῶς
3072 5352 3183 5406 τῶν
3215 5351 3447 5406 ἀνοσίων
3488 5352 3741 5421 ἐγχειρη-

2152 5445 2364 5517 μάτων,
2411 5444 2590 5499 καίτοι
2628 5443 3101 5514 ἀποφοιτήσαντος
3140 5442 3243 5515 ἤδη
3297 5442 3391 5497 τοῦ
3431 5440 3606 5511 Ἥσαῦ
3646 5441 3741 5510 τῆς

2153 5537 2388 5612 ἀρχαίας
2419 5537 2638 5610 ἐκείνης
2665 5535 3034 5610 ἀνοσιότητος,
3074 5535 3169 5592 καὶ
3203 5535 3475 5606 φονῶντος
3510 5535 3612 5606 μὲν
3645 5531 3740 5588 οὐκ

1829 5727 1872 5759 ²⁹
1910 5725 1924 5778 l
1956 5721 2113 5779 Joan.
2147 5734 2220 5788 tv,
2265 5717 2349 5773 I6.
