4054 6452
338 423 455 481 455

1323 420 1873 481 COMMENTARIUS
1914 425 1979 480 lN
2019 426 2205 483 AMOS
2244 429 2689 488 PROPHETAM.

3536 442 3644 503 εει

342 543 430 598 ἔτι
451 539 597 596 κατὰ
623 537 720 594 τοῦ
737 537 954 605 Ἰακὼϐ,
987 537 1445 612 μετατεθειμένου
1476 540 1532 595 δὲ
1560 540 1762 613 μᾶλλον
1783 543 1863 606 είς
1886 542 1945 612 ή-

2052 545 2121 602 ad
2154 546 2427 602 lenitatem
2457 556 3001 613 conversus,mutuo
3043 551 3195 609 illum
3229 551 3502 612 dilexerit.
3539 558 3646 614 lie-

344 635 653 707 μερότητα,
693 633 787 687 καὶ
808 628 1237 703 φιλαλλ[ηλ]ίαν.
1268 630 1698 703 Ἐπιστρέφοντα
1729 631 1839 703 γὰρ
1882 634 1949 684 ἐκ

340 729 448 798 τῆς
473 726 665 781 Λάϐαν
688 726 782 779 ἐστ
794 724 899 790 ίας,
915 724 1310 797 κατησπάσατο
1334 724 1473 795 μετὰ
1486 724 1786 796 κλαυθμοῦ.
1803 724 1951 778 Φιλεί

338 815 404 870 δέ
426 834 533 869 που
563 814 659 869 καὶ
680 816 802 878 ταῖς
827 815 966 883 ἄγαν
995 814 1285 886 εὐθυμίαις
1309 814 1667 886 ὲκχεῖσθαιτὸ
1691 815 1945 887 δάκρυον.

340 909 589 979 Σκληροὶ
630 907 688 961 δὲ
720 906 842 961 λίαν
866 908 914 960 oi
945 906 1005 971 ἐξ
1038 905 1227 971 αὐτοῦ,
1276 910 1345 981 τῇ
1380 908 1488 969 τῶν
1514 908 1733 979 τρόπων
1765 908 1951 971 σκαιό-

336 1015 473 1070 τητι
530 998 625 1051 καὶ
672 996 846 1067 αὐτὴν
887 995 1325 1067 ὑπερϐαλόμενοι
1369 998 1470 1068 τὴν
1523 998 1619 1052 τοῦ
1679 998 1947 1069 προγόνου

338 1091 689 1162 φαυλότητα·
747 1089 863 1143 ἀλλ’
915 1088 1063 1142 ἔστιν
1115 1089 1339 1159 ἀληθὲς,
1391 1090 1476 1145 ὅτι
1520 1090 1706 1163 Πάντη
1735 1108 1805 1155 τε
1851 1091 1948 1145 καὶ

336 1183 575 1248 πάντως
628 1182 739 1236 ὁδοὶ
792 1180 1148 1253 μνησικὰκων
1216 1183 1298 1248 είς
1364 1181 1614 1241 θάνατον.
1675 1183 1945 1255 Ταύτῃτοί

338 1295 520 1349 φησιν
541 1294 555 1309 ⁸

414 1372 533 1423 Καὶ
569 1368 964 1435 ἐξαποστελῶ
990 1371 1112 1440 πῦρ
1143 1372 1232 1437 είς
1265 1367 1515 1441 Θαιμᾶν,
1552 1368 1654 1425 καὶ
1683 1370 1947 1442 καταφά-

336 1479 516 1532 γεται
543 1462 788 1531 θεμέλια
818 1463 1069 1547 τειχέων
1090 1463 1304 1533 αὐτῆς.

415 1555 522 1609 lA'.
566 1555 919 1627 Μητρόπολις
954 1556 1010 1611 δὲ
1053 1556 1157 1629 τῆς
1215 1556 1525 1629 Ἰδουμαίας
1562 1555 1732 1628 αὕτηο
1773 1557 1947 1629 ἐμπέ-

340 1665 591 1720 πρησται
622 1647 731 1727 γὰρ
765 1647 1040 1719 πολεμίων
1071 1649 1514 1720 κεκρατηκότων,
1544 1647 1638 1702 καὶ
1662 1648 1798 1719 όμοῦ
1825 1652 1945 1716 ταῖς

337 1740 542 1804 ἄλλαις
600 1740 855 1798 διόλωλεν
904 1740 938 1810 ἡ
981 1739 1220 1811 Θαιμάν.
1289 1739 1702 1812 Ἐκτελευτήσει
1745 1741 1809 1807 δὴ
1850 1737 1945 1796 οῦν

336 1831 427 1894 εἰς
466 1829 581 1905 πῦρ
628 1847 693 1883 τε
740 1829 837 1883 καὶ
886 1830 1095 1899 φλόγας
1145 1830 1205 1884 τὸ
1252 1834 1432 1899 μισεῖν
1476 1832 1781 1901 ἀδελφοὺς,
1848 1834 1943 1887 καὶ

2055 645 2355 691 vertentem
2429 638 2626 708 quippe
2678 655 2709 697 e
2761 639 3207 709 Mesopotamiae
3254 645 3414 699 domo
3460 645 3643 707 Laban

2051 740 2173 788 cum
2211 725 2467 799 lacrymis
2490 731 2763 789 osculatus
2788 743 2872 789 est
2904 734 2995 803 ³⁰;ν
3023 736 3197 793 solent
3250 740 3395 795 enim
3435 743 3487 797 in
3531 761 3644 799 ma-

2052 834 2153 889 gna
2184 835 2399 892 quoque
2435 822 2619 879 laetitia
2648 825 2902 895 profundi
2936 827 3218 900 laerymte.
3266 832 3392 902 Ejus
3436 838 3637 905 posteri

2053 910 2297 969 difﬁciles
2323 922 2378 969 et
2401 916 2578 985 asperi
2612 916 2852 984 fuerunt,
2895 927 2951 975 et
2975 936 3187 976 morum
3241 925 3642 985 inhumanitate

2053 1003 2223 1073 ipsam
2256 1006 2416 1077 primi
2467 1009 2707 1077 parentis
2737 1014 2819 1066 sui
2847 1016 3254 1080 perversitatem
3282 1031 3636 1091 superarunt;

2050 1096 2213 1169 262
2240 1098 2335 1154 sed
2368 1114 2552 1154 verum
2571 1111 2655 1157 est
2678 1101 2829 1167 illud,
2854 1102 3118 1162 Omnibus
3149 1110 3322 1166 modis
3353 1111 3454 1166 viae
3487 1114 3641 1168 mali-

2049 1192 2331 1263 gnantium
2373 1192 2440 1248 ad
2468 1205 2718 1251 mortem.
2756 1196 2882 1253 ideo
2928 1199 3033 1254 ait:

2121 1365 2285 1422 Vens.
2326 1367 2416 1425 12.
2444 1367 2517 1425 Et
2547 1373 2751 1426 mittam
2790 1373 2959 1443 ignem
2991 1377 3044 1430 in
3072 1372 3323 1447 Theman,
3346 1391 3393 1435 et
3417 1381 3638 1438 devora-

2050 1459 2121 1513 bit
2159 1459 2504 1528 fundamenta
2533 1480 2803 1520 murorum
2832 1468 2967 1536 ejus.

2120 1544 2211 1600 XI.
2270 1547 2396 1603 llzcc
2453 1559 2534 1605 est
2574 1554 2891 1621 metropolis
2948 1555 3229 1628 ldumtcze;
3278 1561 3498 1617 incensa
3552 1573 3637 1619 est

2049 1639 2213 1703 enim,
2254 1641 2321 1694 ab
2354 1640 2595 1697 hostibus
2625 1644 2865 1713 devicta,
2900 1657 2958 1703 et
2995 1665 3105 1705 una
3132 1666 3254 1706 cum
3300 1652 3420 1708 aliis
3452 1656 3631 1723 periit.

2049 1730 2308 1786 Desineut
2357 1732 2523 1801 igitur
2575 1736 2789 1791 tandem
2843 1738 2894 1791 in
2934 1739 3109 1808 ignem
3143 1752 3197 1797 et
3227 1743 3497 1811 flammas,
3541 1748 3632 1817 qui

2050 1818 2247 1876 fratres
2297 1823 2551 1892 oderunt,
2589 1834 2645 1881 et
2700 1826 2753 1881 in
2797 1833 3231 1901 consanguineos
3302 1836 3632 1907 insurgunt,

335 1922 846 1997 κατεξανίστασθαι
893 1921 1002 1974 τῶν
1060 1922 1119 1988 ἐξ
1168 1923 1424 1994 αἵματος,
1484 1923 1518 1996 ἢ
1579 1924 1672 1977 καὶ
1725 1924 1836 1978 τῶν
1884 1925 1945 1990 ἐξ

2050 1922 2140 1967 aut
2186 1913 2241 1968 in
2280 1928 2377 1970 eos
2436 1917 2529 1986 qui
2569 1932 2636 1973 ex
2674 1918 3041 1979 familiaritate
3087 1924 3355 1991 spirituali
3404 1942 3635 1984 concor-

335 2016 682 2087 οξκειότητος
721 2014 1104 2085 πνευματικῆς
1147 2014 1582 2086 συνειλεγμένων
1634 2017 1715 2080 είς
1750 2016 1945 2070 ἕνωσιν

2050 2006 2244 2077 (itaque
2275 2007 2486 2063 collecti
2511 2019 2670 2079 sunt;
2703 2027 2802 2069 nec
2836 2015 2972 2074 tales
3003 2016 3176 2073 honor
3205 2026 3261 2075 et
3287 2019 3456 2076 decus
3498 2021 3624 2078 cha-

335 2106 439 2160 καὶ
468 2106 800 2177 όμοψυχίαν.
845 2105 1223 2177 Ἀπήλλακται
1245 2105 1303 2159 δὲ
1334 2105 1445 2162 τῶν
1468 2108 1729 2161 τοιούτων
1756 2107 1827 2164 τὰ
1847 2108 1945 2180 τῆς

2050 2098 2088 2153 ri
2099 2099 2225 2155 tatis
2256 2100 2566 2158 comitatur.

336 2199 571 2267 ἀγάπης
600 2198 920 2268 αὐχήματα.

424 2288 573 2343 Τάδε
594 2289 758 2360 λέγει
783 2291 1000 2359 Κύριος
1025 2307 1040 2323 ο
1089 2291 1215 2345 Ἐπὶ
1247 2291 1380 2359 ταῖς
1416 2289 1618 2361 τρισίν
1643 2291 1947 2359 ἀσεϐείαις

336 2383 493 2439 υἱῶν
534 2382 793 2453 Ἀμμὼν,
825 2383 925 2438 καί
966 2383 1068 2438 ἐπὶ
1110 2383 1242 2451 ταῖς
1276 2384 1615 2453 τέσσαρσιν
1652 2386 1765 2441 οὐκ
1796 2386 1947 2441 ἁπο-

336 2474 776 2545 στραφήσομαι
808 2476 1055 2542 αὐτοὺς,
1089 2476 1221 2532 ἀνθ’
1254 2472 1341 2531 ὧν
1378 2468 1701 2547 ἀνέσχιζον
1736 2481 1845 2545 τὰς
1875 2478 1947 2533 ἐν

334 2568 560 2640 γαστρί
596 2568 865 2639 ἐχούσας
907 2569 1029 2624 τῶν
1064 2571 1489 2637 Γιιλααδιτῶν,
1523 2571 1686 2639 ὅπως
1711 2571 1943 2642 ἐμπλα-

334 2656 614 2717 τύνωσιν
641 2662 714 2715 τὰ
747 2662 881 2731 ὅρια
907 2663 1127 2718 αὐτῶν.
1174 2663 1287 2719 Kal
1319 2663 1536 2732 ἀνάψω
1566 2664 1688 2733 πῦρ
1718 2664 1819 2717 ἐπὶ
1871 2664 1947 2719 τὰ

334 2754 514 2821 τείχη
550 2752 799 2808 Ῥαϐϐὰα
824 2792 840 2817 ,
881 2752 984 2807 καὶ
1034 2753 1438 2825 καταφάγεται
1471 2752 1717 2824 θεμέλια
1755 2752 1947 2823 αὐτῆς

329 2845 491 2917 μετὰ
530 2845 824 2915 κραυγῆς,
855 2846 924 2899 ἐν
948 2846 1140 2916 ἡμέρᾳ
1162 2845 1460 2916 πολέμου,
1490 2847 1593 2902 καί
1627 2848 1949 2917 σεισθήσε-

332 2954 437 2993 ται
486 2936 561 2991 ἐν
594 2937 787 3007 ἡμέρᾳ
824 2938 1247 3007 συντελέσεως
1289 2938 1504 3007 αὐτῆς.
1565 2936 1678 2993 Kal
1726 2940 1947 3008 πορεύ-

335 3044 518 3084 σεται
558 3030 593 3082 ό
618 3027 927 3094 ,βασιλεὺς
948 3026 1141 3098 αὐτῆς
1161 3028 1233 3082 ἐν
1252 3029 1651 3098 αἰχμαλωσίᾳ,
1687 3032 1743 3085 οἱ
1771 3028 1947 3100 ἱερεῖς

331 3119 545 3175 αὐτῶν
592 3120 691 3174 καί
719 3123 773 3176 οι
799 3120 1092 3191 ἄρχοντες
1124 3118 1326 3178 αὐτῶν
1352 3120 1547 3178 ἐπίντό
1574 3121 1744 3190 αὐτὸ,
1785 3124 1947 3195 λέγει

331 3212 584 3279 Κύριος.

411 3301 518 3357 ῐΒ’.
569 3302 1010 3375 Καταγράφεται
1042 3303 1139 3356 καὶ
1170 3301 1524 3373 Ἀμμανιτῶν
1552 3302 1629 3368 ὡς
1654 3305 1945 3376 Δαμασκη-

2118 3306 2231 3363 XII.
2272 3307 2605 3364 Describitur
2645 3309 2808 3365 etiam
2843 3309 3279 3365 Ammouitarum
3324 3319 3382 3365 ut
3430 3310 3629 3365 Dama-

329 3393 448 3449 νῶν
487 3395 774 3467 ἀγριότης.
822 3395 1184 3448 Ἀπεκτόνασι
1211 3395 1305 3449 καὶ
1334 3395 1493 3449 αὐτοὶ
1513 3395 1614 3459 τὰς
1648 3398 1707 3451 ὲν
1745 3397 1945 3467 γαστρὶ

2050 3416 2336 3457 scenorum
2370 3402 2701 3458 immanitas.
2739 3402 2871 3457 Nam
2897 3413 2953 3459 et
2982 3403 3085 3473 ipsi
3134 3413 3349 3459 uterum
3398 3403 3635 3460 ferentes

330 3485 577 3557 ἐχούσας
606 3485 717 3541 τῶν
755 3486 1124 3552 Γαλααδιτῶν,
1169 3488 1269 3559 οὐχ
1302 3487 1513 3559 ἑτέροις
1552 3489 1698 3543 τισὶν
1729 3489 1945 3560 ἐπαμύ-

2050 3490 2455 3548 Galaaditarum
2491 3493 2887 3561 dissecuerunt,
2926 3508 3031 3549 non
3061 3503 3119 3549 ut
3148 3495 3268 3550 aliis
3298 3494 3635 3564 opitulareu-

327 3596 545 3645 νοντες,
570 3577 695 3632 οὔτε
725 3578 834 3650 μὴν
874 3578 1104 3642 ὀθνείοις
1133 3577 1466 3643 δανείζοντες
1488 3577 1589 3641 τὰς
1615 3578 1804 3651 ὀργὰς,
1828 3580 1944 3633 ἀλλ’

2050 3590 2157 3649 tur,
2194 3598 2369 3653 neque
2406 3593 2465 3639 ut
2510 3583 2713 3640 exteris
2752 3584 2860 3639 iras
2899 3601 3027 3642 suas
3073 3587 3506 3651 commodarent,
3540 3588 3634 3641 sed

331 3670 489 3742 ὑπέρ
513 3687 579 3739 γε
607 3670 760 3740 σφῶν
791 3670 992 3735 αὐτῶν,
1018 3670 1086 3723 ἵν’
1105 3670 1408 3741 εὐρυτέραν
1435 3669 1603 3741 ἔχωσι
1629 3671 1730 3742 τὴν
1744 3671 1943 3743 ἀρχὴν,

2050 3689 2144 3730 sua
2180 3675 2419 3745 ipsorum
2452 3690 2641 3743 causa,
2672 3684 2731 3731 ut
2770 3676 3031 3732 ditionem
3061 3676 3323 3731 haberent
3364 3676 3630 3742 latiorem,

328 3762 436 3817 καὶ
496 3762 660 3833 μέχρι
728 3762 929 3816 πολλοῦ
987 3761 1277 3833 διήκοντας
1329 3765 1429 3834 τῆς
1486 3761 1765 3833 βασιλείας
1818 3762 1945 3826 τοὺς

2050 3775 2103 3822 et
2155 3767 2306 3838 regni
2346 3769 2429 3822 sui
2468 3767 2604 3825 ﬁnes
2654 3769 2865 3841 longius
2918 3769 3237 3839 proferrent.
3280 3778 3389 3824 tota
3449 3767 3635 3824 Judaaa

322 3857 522 3927 ὅρους,
554 3853 1005 3926 καταδῃωθείσης
1039 3853 1259 3925 ἁπάσης
1281 3857 1382 3926 τῆς
1421 3854 1682 3919 Ἰουδαίας
1708 3855 1832 3926 γῆς,
1852 3855 1945 3907 καὶ

2050 3866 2275 3921 vastata,
2307 3866 2362 3912 et
2396 3859 2605 3941 eversis
2628 3858 2885 3915 lsraelitis
2916 3860 3186 3926 omnibus,
3210 3867 3268 3913 ut
3298 3857 3408 3913 Deo
3456 3857 3634 3911 imbe-

322 3948 838 4018 ἀνατετραμμένων
865 3947 1102 4002 εἰσάπαν
1139 3949 1251 4002 τῶν
1275 3947 1332 4015 ἐξ
1362 3949 1604 4020 Ἰσραὴλ,
1634 3948 1713 4012 ὡς
1739 3966 1943 4002 πεπον-

2050 3948 2158 4003 cilli
2192 3956 2249 4004 et.
2282 3949 2579 4019 impotente
2612 3964 2697 4017 eo,
2744 3951 2837 4021 qui
2869 3952 3078 4020 seipsos
3108 3958 3451 4006 servaturum
3506 3961 3637 4016 pros

325 4040 494 4104 θότος
532 4038 669 4092 Θεοῦ
699 4040 761 4093 τὸ
795 4038 1014 4105 ἄναλκι,
1051 4040 1145 4094 καὶ
1186 4039 1555 4111 ὴσθενηκότος
1586 4037 1806 4109 ἀληθῶς
1847 4039 1942 4092 τοῦ

2050 4042 2293 4107 miserat,
2324 4056 2389 4098 ac
2410 4056 2471 4098 se
2498 4042 2745 4098 hostibus
2774 4043 2886 4098 suis
2910 4043 3180 4111 captivum
3219 4043 3490 4095 tradente.
3524 4039 3631 4094 Ca-

322 4130 629 4195 διασώζειν
646 4132 1084 4203 ἐπηγγελμένον,
1108 4132 1204 4186 καὶ
1237 4134 1351 4196 τοῖς
1379 4131 1639 4202 πολεμεῖν
1665 4130 1944 4185 ἐθέλουσιν

2050 4133 2153 4204 ptis
2181 4134 2343 4204 igitur
2374 4142 2429 4188 et
2461 4134 2547 4190 his
2577 4134 2910 4199 civitatibus,
2948 4131 3115 4187 Deum
3175 4138 3643 4201 propugnatorem

321 4226 615 4280 ἀνάλωτον
646 4225 1065 4294 ἀποφαίνοντος.
1110 4225 1358 4290 Ἐλόντες
1396 4225 1462 4297 δὴ
1516 4219 1611 4279 οὖν
1652 4225 1750 4278 καὶ
1794 4215 1943 4278 οὗτοι

2050 4225 2277 4282 irridere
2323 4226 2441 4281 ausi
2482 4236 2628 4294 sunt,
2658 4226 2760 4282 diis
2794 4224 2945 4281 falsis
2973 4224 3178 4294 gratias
3204 4230 3445 4293 agentes,
3482 4231 3537 4277 et
3562 4221 3638 4275 vi-

319 4318 433 4383 τὰς
492 4319 698 4383 πόλεις,
756 4320 1120 4391 καταμειδιᾷν
1166 4319 1494 4388 ἀπετόλμων
1530 4317 1625 4371 τοῦ
1668 4317 1942 4389 προασπί-

2050 4319 2271 4375 ctoralia
2336 4319 2581 4374 carmina
2621 4319 2951 4374 accinentes.
3012 4316 3371 4384 Quamobrem
3424 4314 3631 4371 confla-

322 4412 523 4477 ζοντος
556 4410 713 4475 Θεοῦ,
749 4410 843 4463 καὶ
869 4412 980 4475 τοῖς
1010 4409 1386 4481 ψευδωνύμοις
1425 4408 1566 4474 θεοῖς
1597 4409 1842 4480 ἀνῆπτον
1874 4409 1944 4463 τὰ

2050 4419 2320 4483 graturam
2360 4411 2493 4466 dicit
2534 4410 2779 4466 Rabbath
2830 4409 3169 4480 metropolim
3214 4406 3451 4475 regionis
3502 4408 3633 4459 Am-

322 4502 677 4575 χαριστήρια
728 4502 825 4555 καὶ
866 4502 1010 4573 ᾠδὰς
1076 4502 1403 4565 ἐπινικίους.
1463 4501 1735 4573 Ταύτῃτοί
1778 4518 1942 4572 φησιν

2050 4504 2338 4570 moniticae,
2372 4512 2428 4559 et
2452 4518 2574 4558 eum
2607 4503 2843 4557 clamore
2872 4501 3206 4571 perituram:
3243 4510 3437 4568 nempe
3461 4495 3635 4567 Baby-

322 4593 834 4666 ὲμπρησθήσεσθαι
862 4594 963 4666 τὴν
1008 4593 1272 4647 Ῥαϐϐἁθ.
1308 4594 1660 4665 Μητρόπολις
1702 4595 1760 4648 δὲ
1798 4594 1939 4665 αὕτη

2050 4596 2205 4653 Ioniis
2236 4611 2387 4650 more
2418 4594 2640 4648 militari
2670 4592 2850 4648 laetum
2886 4595 2938 4646 in
2986 4591 3212 4645 victoria
3287 4586 3634 4643 vociferanti—

318 4657 433 4759 τῆς
457 4657 591 4740 ’τῶν
624 4657 985 4758 ’Ἀμμανιτῶν
1020 4688 1141 4745 ἐστι
1186 4657 1399 4759 χώραςξ
1439 4657 1834 4759 ;Απολέ[ἴ]σθαι
1880 4657 1940 4740 δέ

2050 4692 2167 4744 bus.
2222 4686 2441 4742 Subacti
2499 4695 2629 4741 sunt
2680 4686 2868 4751 enim,
2918 4682 3443 4739 Nabucltodonosore
3506 4679 3635 4733 totis

320 4781 511 4851 αὐτὴν
571 4779 712 4850 μετὰ
764 4779 1035 4850 κραυγῆς,
1097 4779 1381 4845 τουτέστι,
1450 4778 1940 4843 καταλαλαζόντων

2050 4780 2219 4850 copiis
2256 4778 2597 4832 Ammonitas
2636 4778 2969 4835 incursante.
2997 4774 3152 4828 Ibunt
3201 4773 3366 4828 etiam
3410 4770 3632 4839 captivi,

323 4876 513 4944 αὐτῆς
562 4872 656 4927 τὸν
716 4871 812 4926 τοῦ
877 4871 1121 4942 πολέμου
1177 4874 1342 4943 νόμον
1393 4873 1504 4926 τῶν
1556 4871 1935 4927 Βαϐυλωνίων.

2051 4872 2245 4940 inquit,
2292 4885 2416 4923 cum
2453 4869 2791 4939 principibus
2828 4867 3052 4933 subditi,
3091 4875 3144 4920 et
3199 4881 3321 4919 cum
3358 4862 3462 4917 diis
3520 4861 3635 4915 suis

336 4968 627 5041 ’ῌρήκασι
657 4964 768 5036 γὰρ
816 4966 975 5019 αὐτοὶ
1013 4966 1383 5036 πανστρατιᾷ,
1424 4966 1787 5028 καταθέοντος
1830 4964 1939 5021 τῶν

2050 4960 2301 5025 sacriﬁci,
2322 4959 2467 5014 nullo
2485 4960 2553 5014 ab
2592 4959 2658 5013 iis
2686 4957 2887 5012 auxilio
2936 4956 3126 5027 adjuti.
3151 4955 3291 5022 Quid
3346 4955 3489 5008 enim
3554 4950 3636 5003 fa-

340 5057 706 5130 Ἀμμανιτῶν
751 5057 847 5111 τοῦ
882 5056 1375 5128 Ναϐουχοδονόσορ.
1418 5057 1735 5111 Βαδιοῦνται
1759 5057 1816 5111 δὲ
1846 5059 1942 5113 καὶ

2050 5057 2178 5121 ciat,
2213 5064 2306 5109 aut
2337 5053 2608 5124 quomodo
2673 5051 2905 5121 cuipiam
2938 5050 3112 5122 prosit
3140 5050 3364 5104 surdum
3413 5043 3634 5100 simula-

276 5160 285 5181 λ
325 5151 703 5223 αἰχμάλωτοι,
729 5150 914 5221 φησὶν,
945 5149 1083 5221 ὁμοῦ
1107 5152 1221 5215 τοῖς
1248 5150 1542 5222 κρατοῦσιν
1556 5152 1606 5203 οἱ
1625 5150 1730 5204 ὑπὸ
1755 5151 1935 5223 χεῖρα,
2046 5163 2200 5206 crum
2223 5148 2267 5202 ?‘

328 5248 434 5301 καὶ
473 5248 589 5310 τοῖς
619 5246 772 5308 ἰδίοις
800 5246 943 5309 θεοῖς
968 5247 1018 5299 οἱ
1048 5246 1297 5316 ἱερᾶσθαι
1321 5246 1598 5316 λαχόντες,
1670 5246 1823 5301 οὐδὲν
1887 5246 2017 5318 παρ’
2055 5246 2280 5300 ἐκείνων
2328 5243 2543 5314 ἔχοντες
2595 5241 2675 5305 εἰς
2730 5240 3071 5311 ἐπικουρίαν.
3138 5236 3204 5289 Τί
3259 5234 3368 5305 γὰρ
3430 5230 3496 5283 ἂν
3544 5228 3634 5280 ml

326 5339 612 5412 δράσειεν,
647 5339 681 5410 ἢ
713 5338 830 5401 πῶς
857 5337 923 5391 ἂν
955 5339 1204 5407 όνήσοιτό
1251 5357 1404 5403 τινας
1444 5341 1666 5412 ἄγαλμα
1699 5339 1941 5411 κοῦφον;

2114 2278 2283 2337 Vsus.
2325 2280 2508 2337 13-15.
2549 2280 2679 2338 Ηαξσ
2733 2284 2859 2339 dicit
2898 2284 3156 2342 Dominus
3193 2302 3212 2342 :
3258 2285 3431 2357 Super
3469 2289 3633 2346 tribus

2044 2374 2329 2430 sceleribus
2361 2374 2599 2444 ﬁliorum
2668 2376 2919 2443 Ammon,
2955 2388 3003 2433 et
3044 2394 3201 2449 super
3237 2388 3468 2450 quatuor
3528 2398 3633 2437 non

2044 2478 2343 2522 convertam
2397 2485 2509 2536 eos,
2538 2485 2599 2523 eo
2645 2470 2786 2541 quod
2841 2471 3264 2527 dissecabant'in
3313 2482 3489 2529 ventre
3532 2474 3634 2527 ha-

2045 2558 2219 2613 bentes
2255 2575 2323 2614 ea:
2354 2558 2672 2627 Galaaditis,
2707 2570 2766 2615 ut
2802 2563 3091 2619 dilatarent
3154 2566 3407 2619 terminos
3484 2581 3629 2619 suos.

2045 2649 2117 2704 Et
2143 2653 2457 2706 succendam
2480 2652 2653 2723 ignem
2683 2653 2741 2708 in
2791 2670 2971 2709 muros
3001 2654 3263 2721 Rabbath,
3289 2666 3337 2710 et
3363 2656 3634 2712 devorabit

2045 2741 2389 2815 fundamenta
2422 2745 2536 2813 ejus
2574 2762 2694 2800 cum
2729 2745 2959 2802 clamore
3008 2749 3064 2802 in
3114 2749 3199 2803 die
3246 2749 3387 2814 belli,
3417 2757 3464 2802 et
3488 2763 3632 2802 com-

2044 2836 2336 2891 movebitur
2384 2837 2439 2891 in
2469 2836 2558 2892 die
2592 2841 3065 2894 consummationis
3096 2841 3235 2911 ejus.
3269 2839 3338 2894 Et
3388 2841 3483 2895 ibit
3540 2855 3634 2894 rex

2043 2942 2227 2983 eorum
2267 2928 2324 2982 in
2357 2930 2732 2998 captivitatem,
2772 2931 3072 2985 sacerdotes
3111 2948 3293 2987 eorum
3339 2942 3388 2988 et
3430 2931 3635 3003 princi~

2045 3034 2134 3089 pes
2176 3035 2359 3077 eorum
2396 3021 2451 3077 in
2489 3022 2878 3091 idipsum,dicit
2919 3021 3199 3081 Dominus.

423 5432 670 5485 Ἑοίκασι
726 5431 784 5484 δὲ
823 5431 917 5484 καὶ
959 5432 1009 5483 oi
1054 5430 1164 5484 τῶν
1219 5434 1485 5505 αἱρέσεων
1535 5435 1940 5506 προεστηκότες

327 5526 454 5587 τοῖς
497 5523 864 5593 ἀνατέμνουσι
896 5524 996 5588 τὰς
1031 5526 1263 5596 ἐχούσας
1292 5528 1350 5578 ὲν
1384 5526 1606 5597 γαστρὶ,
1649 5527 1797 5589 ὅπως
1834 5528 1939 5596 ἐμ-

333 5613 748 5668 πλατύνωσιτὰ
776 5614 905 5686 ὅριοι
939 5615 1141 5670 αὐτῶν.
1181 5616 1299 5670 Ἵνα
1334 5616 1445 5687 γὰρ
1470 5616 1769 5686 φαίνωνται
1808 5616 1940 5669 πολ-

333 5705 452 5761 λῶν
508 5706 834 5777 ἡγούμενοι,
893 5707 1317 5773 καταϐιάζονται
1362 5708 1543 5780 ψυχὰς
1586 5709 1801 5777 ἀθλίας,
1844 5708 1940 5764 καὶ

413 5882 462 5917 ⁸⁸
500 5882 637 5939 Gen.
663 5898 857 5948 χχχιιι,
898 5882 949 5938 ί.

2106 5426 2268 5498 263
2284 5423 2500 5480 Similes
2520 5437 2681 5493 porro
2695 5430 2821 5476 sunt
2841 5421 3106 5474 hzeresum
3119 5413 3614 5484 patroni,prmguan
3626 5443 3649 5454 -

2043 5529 2125 5575 tes
2153 5518 2219 5571 ad
2253 5516 2385 5569 lines
2409 5511 2711 5567 dilatandos
2736 5504 3148 5564 dissecantibus.
3184 5499 3255 5556 Ut
3277 5501 3418 5555 enim
3452 5501 3634 5556 multis

2042 5622 2277 5681 prmessc
2330 5605 2640 5667 videantur,
2682 5600 2910 5655 miseras
2962 5596 3171 5651 animas
3203 5595 3251 5649 vi
3286 5596 3531 5665 adigunt,
3579 5602 3631 5649 et

2042 5705 2332 5760 verborum
2360 5695 2571 5752 fallacia
2601 5691 2755 5765 quasi
2783 5688 3002 5747 crudam
3036 5698 3090 5745 et
3116 5688 3462 5747 immaturam
3493 5686 3653 5756 ipsos.
