4054 6458
455 437 565 516 is?)

1494 460 1551 516 S.
1591 456 1864 515 CYBILLI
1903 452 2376 513 ALEXANDRINI
2415 458 2742 517 ARCIIIEP.

3642 456 3751 514 456

454 579 617 635 tidem
644 579 868 635 abortiii
905 579 1133 645 faciunt,
1170 577 1453 650 loquentes
1506 580 1636 649 ipsis
1685 591 1944 649 perversa
1969 575 2038 644 ",

2147 578 2266 641 ταῖς
2288 578 2355 631 ἐκ
2383 577 2560 648 λόγων
2599 580 2840 646 ἀπάταις
2870 581 3029 653 ὠμὴν
3066 574 3256 651 ὥσπερ
3292 576 3418 631 τινὰ
3485 573 3579 630 καὶ
3625 589 3752 628 ατε-

449 680 765 728 eructantes
804 673 870 727 de
919 672 1177 728 cordibus
1233 672 1368 735 suis,
1401 687 1507 729 non
1556 688 1623 727 ex
1663 685 1757 727 ore
1806 669 2039 725 Domini.

456 779 477 813 ι
517 759 690 817 Nemo
716 764 860 818 enim
916 763 1067 827 dicit,
1107 763 1363 818 Dominus
1402 761 1584 829 Jesus,
1612 762 1713 817 nisi
1751 762 1803 816 in
1834 759 2043 831 Spiritu

447 862 641 911 sancto
673 855 737 910 ”.
763 876 781 908 ι
819 854 928 911 Sed
974 870 1149 926 neque
1177 855 1463 911 anathema
1501 853 1630 911 Iesu
1662 854 1811 919 dicit,
1854 854 1955 908 nisi
1987 852 2043 907 in

452 946 756 1003 Beelzebub

1146 1235 1303 1292 CAP.
1340 1236 1405 1293 11.

522 1329 819 1389 VnsJ-S.
854 1329 982 1385 Htec
996 1331 1125 1386 dicit
1157 1330 1423 1387 Dominus
1445 1346 1464 1384 :
1488 1329 1662 1397 Super
1678 1328 1847 1383 tribus
1866 1328 2046 1399 impie-

452 1424 653 1479 tatibus
691 1421 867 1488 Moab,
899 1434 946 1476 et
968 1440 1125 1494 super
1153 1434 1382 1494 quatuor
1408 1439 1512 1477 non
1539 1433 1834 1476 convertam
1852 1436 1961 1485 eos,
1983 1435 2044 1474 eo

449 1514 591 1582 quod
634 1513 1031 1568 combusserunt
1074 1530 1194 1569 ossa
1235 1515 1373 1583 regis
1415 1511 1668 1567 Idumam:
1714 1512 1771 1565 in
1794 1511 2040 1567 cinerem.

451 1598 521 1658 Et
559 1605 761 1658 mittam
792 1605 966 1674 ignem
1007 1605 1064 1659 in
1103 1603 1287 1671 Moab,
1322 1613 1373 1660 et
1400 1604 1666 1660 deuorabit
1693 1603 2044 1673 fundamenta

450 1695 661 1749 urbium
708 1695 845 1767 ejus,
874 1706 927 1751 et
971 1698 1228 1751 morietur
1261 1697 1316 1751 in
1369 1697 1683 1767 impotentia
1724 1695 2044 1761 Moab,cum

449 1802 575 1841 uoce
628 1798 677 1842 et
729 1804 848 1842 cum
915 1790 1147 1843 clamore
1215 1787 1377 1844 tuba.
1447 1788 1520 1843 Et
1555 1789 1856 1858 dispertiunt
1892 1790 2046 1860 judi-

452 1891 565 1932 cem
597 1892 664 1932 ea:
700 1893 784 1946 ea,
824 1886 873 1933 et
898 1893 1074 1932 omnes
1103 1878 1362 1949 principes
1394 1879 1512 1949 ejus
1545 1877 1860 1946 interﬁciant
1922 1894 2044 1933 cum

450 1982 537 2037 ea,
568 1970 694 2024 dicit
722 1969 1006 2026 Dominus.

419 2299 425 2303 _
527 2232 666 2292 Xlll.
690 2233 939 2293 Moabitm
964 2232 1188 2306 insuper
1215 2251 1321 2292 non
1356 2235 1649 2306 vulgariter
1673 2236 1924 2291 scelerati
1944 2234 2043 2303 ipsi

451 2343 670 2400 quoque
704 2327 1172 2384 mansuetudinem
1197 2336 1252 2385 et
1279 2327 1600 2398 patientiam
1633 2326 1726 2382 Dei
1763 2328 2046 2383 universo-

453 2437 573 2476 rum
597 2420 712 2492 jam
749 2429 1167 2489 superaverant,
1196 2421 1396 2490 quibus
1430 2419 1680 2476 criminis
1735 2418 1854 2474 loco
1906 2418 2043 2486 obji-

451 2510 600 2565 citur
642 2519 925 2579 peccatum
960 2509 1013 2564 in
1064 2518 1368 2567 mortuum.
1402 2507 1783 2566 Combussisse
1821 2524 1915 2565 eos
1968 2509 2047 2566 ait

449 2616 576 2658 ossa
608 2600 753 2672 regis
803 2600 1071 2667 Idumam,
1094 2610 1149 2658 et
1184 2602 1265 2658 sic
1317 2601 1710 2667 eombussisse,
1745 2608 1805 2654 ut
1843 2601 1897 2656 in
1927 2608 2042 2656 ter—

453 2710 570 2750 ram
599 2710 664 2750 ac
693 2694 972 2765 pulverem
1017 2695 1419 2765 redigerentur.
1454 2692 1595 2761 Quid
1633 2694 1800 2769 igitur
1863 2693 2045 2750 scelus

448 2786 925 2852 boc?odium.et
978 2786 1372 2850 inhumanitas,
1426 2796 1481 2842 et
1536 2786 1799 2843 indomita
1856 2786 2045 2843 feritas

449 2892 641 2939 contra
690 2882 982 2940 lsraelitas.
1029 2879 1327 2936 Combusta
1388 2879 1531 2934 enim
1593 2893 1716 2934 esse
1760 2876 2043 2934 memorati

451 2976 599 3046 regis
628 2990 750 3032 ossa
788 2990 895 3029 non
926 2973 996 3030 ob
1024 2972 1169 3028 aliud
1200 2970 1468 3042 quispiam
1527 2969 1846 3037 aﬂirmarit,
1879 2986 2045 3040 quam

449 3069 521 3125 ob
558 3068 832 3125 lsraelitas
864 3075 1098 3122 tantum.
1138 3064 1330 3119 Notam
1358 3064 1643 3120 historiam
1671 3063 1859 3132 paucis
1912 3078 2043 3117 nar-

447 3159 602 3216 rabo.
644 3158 703 3214 ln
758 3169 954 3230 quarto
1027 3156 1233 3226 Regum
1293 3157 1607 3211 mandatum
1665 3164 1748 3209 est
1812 3155 2041 3220 litteris,

450 3260 664 3307 mortuo
703 3249 913 3316 Achab,
948 3266 1127 3319 regem
1156 3246 1311 3303 Moab
1349 3248 1758 3318 praevaricatum
1792 3261 1911 3303 esse
1945 3246 2046 3300 [ω-

447 3343 550 3398 dus
581 3342 723 3414 quod
751 3341 983 3397 habebat
1012 3355 1136 3395 cum
1186 3354 1312 3411 rege
1355 3337 1541 3395 lsrael.
1569 3335 1751 3393 Joram
1809 3348 1987 3392 autem
2014 3353 2046 3394 ε

450 3434 701 3490 Samaria
746 3433 959 3489 misisse
981 3433 1047 3488 ad
1083 3430 1344 3502 Josapliat
1375 3444 1556 3505 regem
1584 3427 1720 3484 Juda
1771 3429 2042 3495 nuntium,

449 3530 503 3580 in
541 3526 655 3583 hsce
688 3528 882 3582 verba:
909 3544 927 3577 ι
975 3524 1092 3580 Rex
1122 3523 1281 3579 Moab
1324 3521 1710 3593 praevaricatus
1736 3528 1821 3575 est
1850 3520 1901 3575 in
1937 3534 2043 3576 me.

450 3619 508 3676 Si
549 3620 652 3677 ibis
681 3635 894 3676 mecum
923 3629 1116 3675 contra
1145 3617 1299 3672 Moab
1327 3617 1393 3671 ad
1418 3614 1703 3686 prarlium‘!
1728 3614 1794 3669 Et
1820 3628 2043 3684 respon—

449 3713 569 3770 dit:
618 3712 948 3775 Ascendam.
989 3710 1055 3764 Et
1082 3708 1218 3764 abiit
1243 3722 1336 3761 rex
1368 3705 1555 3771 lsrael,
1585 3714 1639 3761 et
1681 3721 1772 3761 rex
1800 3703 1960 3770 Juda,
1987 3714 2044 3761 et

453 3819 549 3860 rex
601 3801 775 3858 Edam
803 3800 871 3855 ⁸³.
900 3818 919 3852 ι
951 3799 1250 3857 Considera
1276 3797 1441 3868 igitur
1466 3798 1739 3868 quomodo
1773 3813 1898 3852 cum
1955 3812 2042 3853 re-

448 3896 606 3964 gibus
659 3892 782 3949 istis
839 3891 1002 3948 etiam
1047 3905 1147 3946 rex
1187 3889 1378 3955 Edom,
1433 3889 1485 3945 id
1519 3898 1603 3945 est
1653 3889 1917 3958 idumaeas,
1950 3904 2043 3945 ar-

450 4001 537 4041 ma
603 3983 910 4040 sociaverit.
972 3981 1311 4040 Laborantes
1349 3991 1531 4038 autem
1592 3996 1749 4053 aquae
1791 3983 2041 4052 penuria,

447 4078 819 4135 :iccersicrunt
850 4075 1102 4131 Elisaeum
1122 4115 1139 4140 ,
1170 4080 1423 4144 rogantes
1472 4082 1532 4128 ut
1564 4072 1789 4130 daretur
1822 4072 1955 4143 ipsis
2009 4088 2039 4128 a

449 4169 678 4228 Domino
705 4168 849 4240 quod
880 4166 1155 4238 petebant.
1198 4165 1317 4232 Quo
1351 4163 1521 4229 facto,
1547 4161 1797 4219 Moabitae
1846 4162 1900 4217 in
1946 4176 2042 4232 po-

446 4269 699 4318 testatem
746 4267 1032 4323 venerunt,
1066 4252 1234 4327 265
1269 4264 1328 4310 ut
1355 4253 1496 4311 infra
1545 4255 1853 4325 exponitur.
1912 4254 2040 4313 lrati

446 4366 576 4424 ergo
598 4351 844 4410 Moabitae
880 4348 1165 4416 lsraelitis,
1191 4364 1221 4401 a
1245 4347 1443 4417 quibus
1480 4345 1612 4401 olim
1659 4347 1790 4404 victi
1833 4359 2037 4419 essent,

448 4441 620 4499 Edoni
658 4457 787 4511 rege
825 4440 955 4511 ipsis
981 4454 1138 4508 opem
1167 4434 1396 4501 ferente,
1424 4433 1685 4507 quoniam
1711 4434 2037 4509 laederejam

446 4546 690 4590 mortuos
739 4531 1058 4603 nequibant,
1095 4528 1203 4583 alia
1238 4526 1446 4582 ratione
1471 4536 1768 4596 peccaruut
1815 4529 1871 4585 in
1911 4530 2041 4587 reli-

2153 669 2490 743 λεσφόρητον
2532 674 2717 739 αὐτοῖς
2745 673 2844 746 τὴν
2879 673 3066 727 πίστιν
3094 669 3527 742 ἀπαμδλώσκειν
3564 680 3751 736 παρα-

2155 763 2507 830 σκευάζουσι,
2534 765 2823 831 λαλοῦντες
2850 766 3035 829 αὐτοῖς
3052 763 3123 818 τά
3144 759 3572 834 διεστραμμένα,
3600 758 3752 827 ἐρευ-

2152 858 2376 930 γόμενοι
2395 875 2455 913 τε
2481 858 2551 913 τά
2581 859 2690 913 ἀπὸ
2719 858 2950 930 καρδίας
2979 857 3182 923 αὐτῶν,
3206 855 3307 909 οὐκ
3335 853 3443 908 ἀπὸ
3474 849 3749 919 στόματος

2152 950 2383 1022 Κυρίου.
2421 971 2439 1003 ι
2467 950 2629 1020 Λέγει
2661 951 2772 1023 γάρ
2811 950 3009 1015 οὐδεὶς,
3051 950 3134 1003 ὅτι
3179 945 3383 1019 Κύριος
3426 939 3665 1011 Ἰησοῦς
3697 939 3749 992 εί

2154 1043 2235 1115 μὴ
2267 1045 2326 1096 ἐν
2351 1040 2632 1113 Πνεύματι
2677 1044 2842 1115 ἁγίῳ,
2878 1063 2897 1095 ι
2943 1040 3058 1099 ἀλλ’
3099 1039 3222 1095 ούδέ
3251 1036 3501 1108 ἀνάθεμα
3542 1030 3747 1105 Ἰησοῦ.

2070 1150 2077 1156 '
2153 1137 2204 1188 εί
2234 1135 2313 1208 μὴ
2339 1136 2397 1189 ὲν
2422 1134 2774 1200 Βεελζεϐούλ.

2757 1227 3017 1281 ΚΕΦᾹΛ.
3062 1223 3137 1278 Β’.

2229 1319 2377 1374 Τάδε
2404 1318 2567 1392 λέγει
2597 1320 2813 1390 Κύριος
2832 1335 2848 1350 ο
2891 1317 3023 1373 Ἐπὶ
3050 1317 3182 1384 ταῖς
3211 1315 3412 1385 τρισὶν
3439 1313 3747 1380 ἀσεϐείαις

2152 1413 2348 1477 Μωὰό²
2384 1410 2482 1466 καὶ
2516 1410 2615 1465 ἐπὶ
2661 1410 2792 1476 ταῖς
2822 1409 3163 1481 τέσσαρσιν
3203 1409 3315 1464 οὐκ
3353 1404 3749 1475 ἀποστραφή-

2153 1522 2335 1574 σομαι
2394 1504 2641 1571 αὐτοὺς,
2696 1504 2827 1558 ἀνθ’
2877 1496 2965 1557 ὧν
3018 1500 3409 1557 κατέπαυσαν
3464 1497 3539 1553 τὰ
3590 1495 3750 1552 ὀστᾶ

2147 1595 2458 1662 ,ϐασιλέως
2489 1592 2827 1662 Ἰδουμαίας
2846 1596 2934 1660 εἰς
2956 1592 3191 1647 κονίαν.
3214 1590 3325 1646 Καὶ
3351 1587 3749 1654 ἐξαποστελῶ

2153 1686 2274 1756 πῦρ
2325 1686 2414 1752 είς
2470 1685 2672 1752 Μωὰϐ,
2720 1684 2821 1738 καὶ
2879 1682 3280 1754 καταφάγεται
3333 1680 3577 1753 θεμέλια
3625 1676 3748 1732 τῶν

2153 1783 2391 1836 πόλεων
2445 1777 2657 1849 αὐτῆς,
2718 1779 2818 1832 καὶ
2877 1775 3265 1832 ἀποθανεῖται
3317 1773 3388 1828 ἐν
3441 1769 3749 1840 ἀδυναμίᾳ

2153 1870 2354 1936 Μωὰϐ,
2385 1870 2540 1940 μετὰ
2574 1866 2780 1940 φωνῆς
2840 1868 2940 1923 καὶ
2977 1866 3132 1939 μετά
3175 1861 3443 1935 κραυγῆς
3486 1862 3748 1932 σάλπιγ-

2078 1946 2273 2038 Βγος.
2329 1966 2439 2020 Καὶ
2502 1962 2920 2032 ἑξολοθρεύσω
2976 1959 3191 2030 κριτὴν
3241 1956 3309 2023 ἐξ
3367 1954 3588 2023 αὐτῆς,
3642 1953 3744 2008 καὶ

2147 2060 2381 2125 πάντας
2400 2057 2544 2124 τοὺς
2560 2055 2860 2127 ἄρχοντας
2876 2050 3188 2109 ἀποκτενῶ
3204 2049 3331 2120 μετ’
3346 2045 3560 2115 αὐτῆς,
3580 2045 3746 2117 λέγει

2146 2156 2383 2225 Κύριος.

2217 2246 2319 2301 ll".
2359 2243 2650 2299 Μωαϐῖται
2690 2240 2856 2296 πάλιν
2888 2236 3347 2308 δεδυτσεόήκασιν
3386 2231 3446 2286 οὐ
3481 2226 3742 2302 μετρίως,

2145 2337 2220 2405 ὡς
2253 2337 2512 2393 ἐπέκεινα
2543 2333 2729 2390 λοιπὸν
2759 2334 2853 2387 καὶ
2893 2331 3095 2393 αὐτοὺς
3129 2328 3324 2381 ὲλᾶσαι
3368 2325 3470 2395 τῆς
3516 2321 3748 2391 ἐνούσης

2145 2426 2486 2501 ήμερότητός
2522 2443 2582 2479 τε
2613 2426 2710 2480 καὶ
2751 2420 3106 2490 ἀνεξικακίας
3136 2417 3217 2489 τῷ
3258 2417 3369 2470 τῶν
3412 2414 3551 2468 ὅλων
3585 2409 3729 2482 Θεῷ.

2161 2518 2475 2589 Ἐπίκλημα
2508 2516 2565 2571 δὲ
2602 2516 2785 2578 αὐτοῖς
2826 2516 2861 2584 ἡ
2897 2513 2979 2576 είς
3021 2511 3219 2581 νεκρὸν
3248 2506 3518 2580 ἁμαρτία,
3552 2505 3614 2557 τὸ
3645 2505 3750 2573 ὲμ-

2148 2614 2377 2685 πρῆσαι,
2409 2611 2566 2682 φησὶ,
2581 2610 2652 2663 τά
2680 2608 2818 2662 ὀστᾶ
2838 2606 2933 2660 τοῦ
2963 2604 3228 2676 βασιλέως
3257 2602 3360 2672 τῆς
3403 2597 3743 2670 Ἰδουμαίων·

2148 2706 2433 2777 ἐμπρῆσαι
2489 2702 2548 2756 δὲ
2618 2698 2834 2767 οὕτως,
2889 2698 2967 2763 ὡς
3013 2694 3386 2767 κατιηνῶσαι
3437 2691 3624 2746 λοιπὸν
3665 2691 3748 2754 εἰς

2147 2798 2277 2870 χοῦν
2298 2797 2397 2853 καὶ
2427 2797 2636 2852 κονίαν.
2671 2795 2738 2850 Τί
2770 2793 2953 2847 τοίνυν
2985 2790 3044 2844 τὸ
3071 2788 3360 2857 ἔγκλημας
3404 2784 3604 2846 Μίσος,
3649 2779 3750 2836 καὶ

2148 2886 2538 2963 άπανθρωπία,
2586 2887 2684 2942 καὶ
2715 2884 2971 2956 ἀχάλινος
3013 2882 3279 2951 ἀγριότης
3327 2875 3473 2932 κατὰ
3518 2871 3626 2929 τῶν
3677 2874 3738 2940 ἐξ

2161 2984 2402 3057 Ἰσραήλ.
2449 2977 2873 3053 Ἐμπεπρῆσθαι
2911 2976 3018 3048 γὰρ
3067 2977 3166 3044 οὐχ
3210 2973 3402 3044 ἑτέρου
3449 2986 3542 3023 του
3580 2967 3751 3039 χάριν

2145 3078 2216 3133 τὰ
2244 3075 2342 3130 τοῦ
2379 3072 2845 3147 μνημονευθὲντος
2881 3068 3145 3141 βασιλέως
3185 3065 3323 3120 ὀστᾶ
3358 3062 3489 3133 φαίη
3524 3079 3612 3125 τις
3654 3059 3745 3125 ἂν,

2145 3170 2179 3241 ἢ
2223 3169 2381 3240 μόνον
2406 3167 2573 3221 ἓνεκα
2598 3164 2707 3218 τῶν
2733 3164 2793 3229 ἐξ
2841 3160 3079 3233 Ἰσραήλ.
3143 3159 3297 3228 Σαφῆ
3340 3156 3398 3210 δὲ
3448 3149 3612 3209 οὖσαν
3642 3154 3743 3224 τὴν

2152 3259 2395 3332 ἱστορίαν
2437 3258 2524 3313 διὰ
2575 3257 2823 3329 βραχέων
2849 3257 3227 3326 ἀφηγήσομαι.
3271 3249 3361 3303 Ἐν
3388 3250 3456 3321 τῇ
3506 3247 3746 3319 τετάρτῃ

2147 3354 2464 3423 γέγραπται
2509 3349 2619 3403 τῶν
2662 3346 2940 3402 Βασιλεῶν
2964 3386 2980 3411 ,
3026 3346 3111 3399 ὃτι
3157 3342 3296 3416 μετὰ
3343 3341 3405 3395 τὸ
3450 3338 3745 3394 ἀποθανεῖν

2164 3441 2388 3514 Ἀχαὰϐ,
2415 3441 2653 3513 ἡθέτησε
2696 3437 2875 3494 Μωὰὸ
2934 3439 2993 3491 ὲν
3037 3435 3248 3509 βασιλεῖ
3300 3431 3537 3506 Ἰσραήλ.
3590 3431 3652 3486 '0
3684 3429 3744 3484 δὲ

2159 3530 2349 3602 ’ῐωρὰν
2377 3532 2444 3584 ὲκ
2473 3529 2792 3600 Σαμαρείας
2818 3526 3108 3581 ἀπέστειλε
3152 3524 3290 3598 πρὸς
3337 3521 3608 3593 Ἰωσαφὰτ
3650 3521 3744 3594 βα-

2147 3622 2303 3678 σιλέα
2346 3621 2522 3677 Ἰούδα
2540 3640 2553 3653 σ
2592 3641 2611 3674 ι
2648 3620 2911 3686 Βασιλεὺς
2931 3618 3108 3675 Μωάό
3134 3618 3399 3691 ἠθέτησεν
3425 3619 3483 3671 ὲν
3506 3615 3649 3688 ὲμοί.
3678 3613 3743 3668 Ei

2144 3715 2391 3789 πορεύσῃ
2421 3717 2540 3787 μετ’
2575 3715 2713 3787 ἐμοῦ
2744 3714 2837 3769 ἐπὶ
2868 3713 3045 3769 Μωὰϐ
3081 3716 3165 3777 είς
3203 3712 3479 3783 πόλεμονς
3519 3709 3634 3764 Καὶ⁸
3670 3703 3744 3760 εἴ·

2143 3826 2267 3863 ἰιεν⁸
2314 3807 2708 3880 Ἀνασήσομαι.
2736 3808 2845 3862 Καὶ
2866 3806 3137 3879 ἐπορεύθη
3180 3806 3210 3860 ό
3252 3804 3506 3876 βασιλεὺς
3546 3801 3741 3867 Ἰούδα,

2142 3902 2240 3958 καί
2278 3903 2307 3956 ὁ
2353 3898 2607 3972 βασιλεὺς
2661 3897 2906 3971 Ἰσραὴλ,
2947 3898 3045 3952 καὶ
3082 3898 3112 3951 ό
3160 3895 3415 3967 βασιλεὺς
3474 3892 3675 3964 Ἐδὼμ.
3716 3913 3738 3947 ι

2147 3994 2341 4068 ’Δθρει
2374 3992 2442 4066 δὴ
2473 3989 2567 4048 οὖν
2592 3993 2743 4056 ὅπως
2769 3989 3141 4056 συνωπλίξετο
3178 3991 3292 4056 τοῖς
3336 3987 3617 4060 βασιλεῦσι
3646 3987 3744 4043 καὶ

2140 4090 2170 4142 ὀ
2209 4085 2468 4156 βασιλεὺς
2501 4083 2703 4155 Ἐδὼμ,
2727 4081 2998 4147 τουτέστι,
3022 4081 3125 4153 τῆς
3153 4079 3481 4153 Ἰδουμαίας.
3520 4076 3742 4149 Ἐπειδὴ

2140 4176 2200 4230 δὲ
2229 4171 2371 4248 ἦσαν
2400 4173 2610 4230 ὑδάτων
2635 4176 2695 4228 ὲν
2736 4172 2954 4240 σπάνει,
2988 4171 3405 4245 μετεπέμποντο
3427 4167 3518 4224 τὸν
3564 4167 3742 4224 Ἐλισ-

2142 4269 2318 4333 σαῖον,
2341 4268 2437 4323 καὶ
2465 4265 2815 4339 παρεκάλουν
2854 4266 3077 4338 δοθῆναι
3105 4264 3255 4338 παρὰ
3278 4263 3416 4318 Θεοῦ
3454 4261 3517 4317 τὸ
3550 4260 3743 4333 ζητού-

2143 4372 2326 4429 μενον.
2358 4349 2435 4411 05
2459 4355 2525 4426 δὴ
2553 4355 2863 4425 γεγονότος,
2888 4356 3113 4427 ἥλωσαν
3136 4355 3453 4419 Μωαϐῖται,
3479 4352 3629 4408 καθὰ
3652 4351 3741 4421 γέο

2139 4464 2385 4520 γραπται
2426 4445 2548 4519 μεθ’
2587 4446 2771 4519 ἕτερα.
2832 4446 3266 4520 Ἐπιμηνιῶντες
3308 4445 3488 4499 τοίνυν
3532 4445 3584 4498 oi
3627 4443 3739 4498 ἀπὸ

2140 4539 2317 4595 Μωᾰό
2354 4539 2439 4593 δτι
2483 4541 2805 4611 νενικήκασι
2839 4539 2984 4594 κατά
3030 4539 3259 4611 καιροὺς
3302 4540 3351 4592 οἱ
3386 4537 3450 4603 ἐξ
3496 4536 3736 4609 Ἰσραὴλ,

442 4629 622 4699 quias,
656 4628 780 4695 igne
809 4640 905 4681 eas
943 4625 1292 4679 absumeotes
1324 4628 1380 4675 et
1422 4631 1599 4689 neque
1651 4619 1869 4677 ossibus
1911 4638 2039 4693 par-

2147 4630 2521 4704 ἒπαμύνοντος
2562 4631 2751 4695 αὐτοῖς
2797 4631 2898 4686 καὶ
2936 4630 3325 4699 συνεξάγοντος
3346 4627 3446 4685 τοῦ
3468 4626 3737 4698 βασιλέως

443 4729 656 4784 centes,
673 4728 839 4787 atque
862 4717 933 4770 ita
957 4712 1214 4771 lsraelitis
1235 4710 1476 4767 funditus
1495 4728 1526 4768 a
1549 4725 1612 4767 se
1632 4712 1845 4784 deletis,
1868 4716 2032 4774 etiam

441 4812 687 4881 ipsorum
720 4807 1010 4877 aliquando
1065 4805 1272 4860 socium
1303 4803 1633 4874 adjecerunt.
1665 4804 1846 4874 Quare
1898 4823 2034 4866 exu-

440 4913 585 4959 stum
628 4899 692 4956 iri
727 4900 862 4955 dicit
894 4898 1056 4954 urbes
1087 4897 1350 4967 ipsorum,
1370 4906 1426 4953 et
1480 4898 1625 4968 ipsos
1650 4899 1923 4969 perituros
1973 4900 2028 4957 in

2154 4721 2355 4795 Ἐδὼμ,
2382 4721 2573 4793 ἐπειδὴ
2632 4720 2943 4776 τεθνεώτων
2971 4723 3164 4776 λυπεῖν
3204 4722 3305 4775 οὐκ
3337 4716 3506 4791 εἶχον,
3530 4719 3735 4790 ἑτέρως

2139 4813 2684 4885 πεπλημμελήκασιν
2719 4814 2800 4877 εἰς
2828 4812 2888 4866 τὸ
2921 4812 3199 4882 λείψανον,
3220 4811 3357 4883 πυρὶ
3383 4809 3734 4872 δαπανῶντες

2138 4905 2325 4970 αὑτὸν,
2352 4905 2447 4985 καὶ
2480 4903 2618 4975 μηδὲ
2653 4903 2826 4957 ὀστῶν
2850 4904 2934 4958 ἔτι
2976 4905 3305 4976 φειδόμενοι,
3347 4900 3734 4975 προστιθέντες

443 4992 783 5064 impotentia,
817 5006 927 5046 non
956 4989 1145 5046 morbo
1178 4990 1492 5055 exhaustos,
1524 5006 1625 5047 nec
1648 4994 2031 5051 communibus

2147 4996 2197 5052 δὲ
2228 4996 2418 5067 ὥσπερ
2444 4995 2876 5068 ὠλοθρευμένοις
2913 4998 3024 5061 τοῖς
3054 4996 3113 5064 ἐξ
3146 4996 3362 5069 Ἰσραὴλ
3393 4997 3485 5050 τὸν
3508 4995 3734 5050 ἐπίκου-

441 5082 905 5142 invaletudinibus
934 5082 1391 5150 contabefactos,¢
1427 5083 1523 5139 sed
1554 5097 1675 5138 cum
1717 5084 1957 5142 clamore
1975 5096 2031 5142 et

442 5193 577 5236 voce
643 5178 808 5243 tubae,
852 5194 870 5228 ι
909 5175 1016 5231 hoc
1060 5182 1165 5242 est,
1209 5175 1354 5232 sicut
1405 5175 1463 5229 in
1487 5174 1629 5231 bello
1657 5183 1713 5231 et
1753 5174 2030 5233 conﬂictu.

442 5271 660 5328 iudices
689 5283 904 5342 quoque
921 5276 978 5324 et
1004 5268 1278 5339 principes
1309 5282 1417 5322 una
1443 5282 1565 5322 cum
1602 5266 1834 5324 subditis
1872 5268 2038 5324 inter-

2140 5107 2234 5163 ρον
2270 5089 2455 5154 αὐτοῖς
2493 5089 2755 5158 γεγονότα
2789 5091 2931 5146 κατὰ
2972 5089 3222 5163 καιρούς.
3267 5088 3479 5145 Οὐκοῦν
3518 5092 3732 5161 ἐμπρη-

2140 5181 2438 5253 σθήσεσθαί
2462 5199 2595 5252 φησι
2613 5182 2713 5247 τὰς
2734 5180 2918 5247 πόλεις
2939 5182 3142 5247 αὐτῶν,
3167 5183 3265 5237 καὶ
3286 5182 3486 5246 αὐτοὺς
3512 5181 3572 5236 δὲ
3601 5182 3731 5235 ἀπο·

2134 5271 2346 5327 λείσθαι
2391 5273 2448 5325 ἐν
2487 5270 2781 5344 ἀδυναμίᾳ,
2816 5272 2876 5326 ού
2919 5271 3060 5344 νόσῳ
3106 5272 3565 5344 μαραινομένους,
3606 5270 3729 5324 οὐδὲ

443 5367 617 5421 ituros
651 5366 905 5419 minatur.
945 5362 1022 5416 liti
1044 5362 1241 5431 quippe
1280 5359 1439 5428 liuius
1472 5359 1685 5415 consilii
1725 5367 1782 5417 et
1835 5360 2038 5432 incepti

2147 5365 2255 5428 ταῖς
2278 5366 2486 5426 κοιναῖς
2542 5360 2855 5425 ἀσθενείαις
2895 5362 3358 5434 ὲκτετηγμένους,
3408 5360 3545 5418 ἀλλὰ
3586 5361 3727 5431 μετὰ

441 5465 717 5521 auctores,
741 5463 796 5509 et
845 5453 1011 5509 totius
1064 5449 1361 5522 impietatis
1387 5449 1508 5508 aliis
1559 5450 1719 5521 plane
1778 5465 2039 5509 suasores

2147 5458 2382 5529 ιιραυγῆς
2445 5457 2540 5510 καὶ
2588 5453 2731 5526 μετὰ
2797 5454 2984 5526 φωνῆς
3040 5455 3363 5526 σάλπιγγος,
3417 5453 3724 5520 τουτέστιν,

442 5547 679 5603 fuerunt.

2132 5546 2209 5613 ὡς
2237 5548 2296 5601 ὲν
2340 5547 2565 5618 πολέμῳ
2593 5547 2688 5601 καὶ
2716 5545 2885 5619 μάχῃ·
2924 5547 3142 5601 ἀπειλεῖ
3164 5547 3243 5614 δὲ,
3282 5549 3365 5602 ὅτι
3405 5544 3593 5617 κριταὶ
3625 5542 3724 5599 καὶ

438 5643 701 5715 ἄρχοντες
735 5642 1161 5699 συναπολοῦνται
1181 5640 1371 5716 [μετὰ]
1393 5640 1506 5697 τῶν
1534 5640 2004 5713 ὑπεστρωμένων.
2025 5642 2193 5698 Αὐτοὶ
2219 5644 2327 5719 γὰρ
2349 5640 2520 5718 ἦρχον
2553 5642 2751 5715 βουλῆς
2772 5643 2867 5698 καὶ
2898 5644 3341 5718 ἐγχειρημάτων,
3367 5645 3461 5700 καὶ
3477 5644 3576 5717 τῆς
3590 5643 3724 5717 ὅλης

435 5734 753 5800 δυσσεόείας
802 5736 1021 5800 πάντως
1065 5752 1169 5790 που
1212 5734 1471 5805 γεγόνασι
1521 5736 1637 5798 τοῖς
1683 5732 1864 5798 ἄλλοις
1910 5735 2220 5807 εἰσηγηταξ.

513 5916 555 5951 ⁸⁸
592 5918 714 5975 Act.
750 5933 840 5989 xx,
880 5919 974 5978 30.
1048 5916 1094 5953 ³³
1130 5916 1152 5975 1
1188 5915 1315 5976 Cor.
1349 5930 1450 5990 xii,
1491 5913 1547 5971 5.
1623 5912 1670 5948 ⁸³
1701 5911 1768 5971 ιγ
1809 5912 1943 5987 Reg.
1990 5931 2073 5987 ui,
2101 5915 2217 5974 7-9.

410 6232 503 6349 ’ἡ
