4054 6542
362 358 472 415 457

1337 365 1894 427 COMMENTARIUS
1933 370 2000 426 IN
2039 373 2232 429 AMOS
2266 373 2710 432 PROl‘lJETAM.

3569 383 3670 438 433

444 475 594 567 Τάδε
629 477 795 545 λέγει
822 480 1040 547 Κύριος
1059 499 1071 510 ·
1123 480 1252 536 Ἐπί
1287 483 1416 552 ταῖς
1447 487 1648 553 τρισὶν
1672 489 1974 557 ἀσεϐείαις

2152 493 2321 548 Vens.
2359 495 2413 558 Ii,
2451 495 2502 551 5.
2565 493 2692 548 llwc
2748 495 2876 548 dicit
2938 495 3233 551 Dominus:
3276 496 3451 567 Super-
3507 501 3672 553 tribus

362 565 516 622 υΙῶν
545 569 762 632 Ἰούδα,
783 570 882 624 καὶ
897 573 995 626 ἐπὶ
1012 573 1143 640 ταῖς
1159 575 1520 645 τέσσαρσιν,
1540 581 1652 634 οὐκ
1669 581 1974 650 ἀποστρα-

360 661 642 732 φήσομαι
672 664 922 732 αὐτοὺς,
963 665 1174 722 ἕνεκεν
1212 669 1318 724 τοῦ
1358 671 1719 730 ἀπώσασθαι
1749 676 1974 741 αὐτοὺς

360 753 473 808 τὸν
497 758 692 826 νόμον
717 759 962 827 Κυρίου,
985 761 1172 818 καὶτὰ
1203 765 1634 836 προστάγματα
1649 769 1838 822 αὐτοῦ
1859 771 1972 824 οὐκ

359 850 436 919 ἐρ
447 849 779 918 υλάξαντο,
798 854 898 906 καὶ
914 853 1278 922 amamur
1291 858 1517 925 αὐτοὺς
1540 859 1613 913 τὰ
1619 861 1843 929 μάταια
1862 864 1972 916 αὺ-

360 942 502 1005 τῶν,
542 943 581 998 d
614 943 938 1013 ἐποίησαν,
970 944 1060 1013 οἷς
1089 947 1592 1017 ἑξηκολούθησαν
1622 954 1677 1005 ol
1718 953 1975 1022 πατέρες

358 1037 570 1092 αὐτῶν
609 1039 809 1093 ὀπίσω
847 1040 1071 1095 αὐτῶν.
1115 1042 1226 1096 Καὶ
1275 1042 1669 1107 ἐξαποστελῶ
1721 1045 1838 1116 πῦρ
1872 1048 1972 1102 ἐπὶ

371 1129 592 1198 Ἰούδα,
638 1131 742 1186 καὶ
783 1132 1188 1204 καταφάγεται
1247 1137 1494 1207 θεμέλια
1549 1138 1970 1211 Ἰερουσαλήμ.

434 1270 538 1323 1Δ’.
579 1270 1100 1342 Προσεπενήνεκται
1137 1275 1252 1336 τοῖς
1302 1273 1528 1345 ἀνόμοις
1566 1275 1746 1330 ἔθνεσι
1798 1277 1895 1330 καὶ
1946 1279 1975 1331 6

358 1364 520 1435 νόμῳ
582 1363 1106 1436 παιδαγωγούμενος
1170 1365 1369 1430 Ἰούδας
1393 1385 1407 1400 ·
1461 1368 1974 1441 άπροσωπόληπτος

358 1454 474 1526 γὰρ
508 1457 540 1508 6
567 1456 782 1527 κριτής.
827 1455 952 1510 ’Ὀτι
984 1456 1041 1509 δὲ
1086 1456 1517 1528 πλημμελοῦντα
1547 1461 1830 1531 ἠνέσχετο,
1879 1461 1974 1516 καὶ

357 1547 763 1618 διεκαρτέρησε
799 1549 1008 1619 μακρὰ,
1040 1547 1120 1620 τῷ
1155 1549 1250 1602 ἐπὶ
1293 1550 1456 1622 τρίτῃ
1505 1551 1662 1622 μόλις
1725 1553 1974 1624 ἁμαρτίᾳ

360 1640 461 1693 καὶ
492 1638 604 1710 μὴν
627 1641 724 1692 καὶ
747 1640 987 1715 τετάρτῃ
1008 1643 1335 1714 κεκινῆσθαι
1369 1644 1537 1714 δηλοῖ.
1583 1645 1776 1699 Καίτοι
1801 1646 1974 1717 ὲχρῆν

358 1735 566 1806 δήπου,
595 1735 742 1788 κατά
768 1752 832 1804 γε
865 1735 925 1788 τὸ
952 1735 1121 1804 εἰκὸς,
1145 1739 1260 1802 τοῖς
1283 1737 1381 1808 μὲν
1399 1737 1582 1803 ἄλλοις
1611 1737 1843 1804 ἔθνεσιν,
1880 1739 1976 1795 ἅτε

357 1829 426 1900 δὴ
462 1829 558 1882 τὸν
589 1829 734 1882 θεῖον
763 1829 864 1882 οὐκ
891 1828 1077 1899 έχουσι
1104 1830 1292 1900 νόμον,
1321 1831 1811 1905 άμφιλαφεστέραν
1840 1832 1975 1887 ἀπο·

357 1922 555 1993 νέμειν
583 1921 683 1992 τὴν
711 1921 1051 1993 ἡμερότητα,
1076 1922 1173 1974 καὶ
1202 1921 1264 1974 τὸ
1290 1921 1389 1993 τῆς
1420 1923 1754 1996 συγγνώμης
1780 1924 1970 1978 ἐπιδα-

357 2013 689 2082 ψιλεύεσθαι
747 2013 948 2085 μῆκος,
1005 2013 1239 2079 ἐξαιτεῖν
1287 2015 1347 2068 δὲ
1394 2017 1495 2086 τῆς
1547 2016 1823 2089 ῥᾳθυμίας
1869 2017 1968 2083 τὰς

359 2109 522 2170 δίκας
575 2108 926 2180 παραχρῆμα
972 2107 1066 2162 τὸν
1107 2108 1348 2181 Ἰσραὴλ,
1397 2108 1495 2163 ἆτε
1545 2109 1608 2181 δὴ
1656 2109 1752 2164 καὶ
1815 2111 1967 2165 ἐντε-

361 2201 686 2272 θραμμένον
714 2205 828 2267 τοῖς
859 2202 1025 2266 θείοις
1061 2202 1385 2272 ὲντάλμασι,
1423 2203 1520 2257 καὶ
1553 2203 1652 2276 τὴν
1701 2203 1796 2258 τοῦ
1835 2222 1971 2274 συμ-

361 2296 628 2366 φέροντος
661 2297 762 2350 οὐκ
788 2297 1100 2367 ἠγνοηκότα
1139 2297 1350 2369 τρίϐον.
1399 2297 1539 2351 Ἀλλ’
1571 2299 1833 2370 ἠνέσχετο
1878 2298 1972 2352 καὶ

359 2389 471 2442 τῶν
501 2389 725 2442 εἰδότων
752 2389 847 2443 τὸν
880 2390 1064 2462 νόμον,
1098 2389 1176 2454 ὡς
1229 2389 1304 2463 μὴ
1350 2391 1693 2460 ἐγνωκότων.
1748 2388 1972 2460 Ἐπειδὴ

361 2484 418 2536 δὲ
463 2485 547 2547 είς
584 2482 744 2554 λῆξιν
792 2483 892 2556 ἢδη
936 2483 1275 2554 φαυλότητος
1327 2484 1423 2537 καὶ
1454 2481 1734 2554 λογισμῶν
1781 2483 1971 2536 σκαιό-

360 2593 530 2646 τητος
583 2576 1068 2646 ἀπενηνεγμένους
1120 2575 1418 2630 κατεθεᾶτο
1461 2575 1670 2639 λοιπὸν,
1706 2574 1827 2628 τότε
1877 2575 1972 2627 καὶ

363 2670 555 2732 αὐτοῖς
587 2669 700 2732 τοῖς
746 2669 1142 2741 Ἱεροσολύμοις
1182 2669 1346 2740 φησὶν
1388 2670 1700 2742 ἐπαφήσειν
1744 2667 1803 2722 τὸ
1836 2666 1970 2739 πῦρ,

363 2762 462 2815 καὶ
501 2761 704 2834 μέχρις
737 2762 918 2817 αὐτῶν
948 2762 1257 2834 δαπανῆσαι
1287 2761 1502 2833 βάθρων
1542 2762 1640 2834 τὴν
1669 2761 1813 2815 οὕτω
1835 2760 1976 2831 λαμ-

364 2855 517 2924 πράν
533 2871 593 2908 τε
612 2855 709 2908 καὶ
743 2854 1088 2927 περιώνυμον
1120 2855 1297 2909 πόλιν.
1335 2853 1446 2908 Καὶ
1479 2854 1708 2908 πλεῖστα
1745 2853 1844 2924 μὲν
1873 2853 1975 2907 ὅσα

364 2949 478 3002 τῶν
515 2946 576 3013 ὲξ
633 2946 852 3019 Ἰσραὴλ
893 2947 963 3000 τὰ
996 2947 1341 3019 ἐγκλήματα,
1381 2946 1616 3016 μάλιστα
1661 2944 1720 2999 δὲ
1754 2944 1976 2999 πάντων

365 3040 690 3094 ἐπαιτιᾶται
723 3037 858 3102 Θεὸς
897 3037 960 3093 τὺ
1001 3041 1122 3102 ταῖς
1157 3037 1269 3091 τῶν
1307 3039 1561 3110 πατέρων
1605 3037 1976 3108 ἐπακολουθῆ-

369 3151 462 3188 σαι
500 3132 755 3196 πλάναις.
785 3131 850 3186 Οἱ
885 3131 984 3202 μὲν
1018 3130 1128 3201 γὰρ
1155 3129 1232 3185 ἔτι
1267 3134 1390 3195 ταῖς
1422 3131 1739 3200 Αἰγυπτίων
1780 3131 1976 3184 πλεον-

364 3227 548 3293 εξίαις
581 3225 1006 3297 ὑπεζευγμένοι,
1039 3224 1136 3279 καὶ
1181 3226 1293 3288 τοῖς
1328 3225 1556 3280 ἐκείνων
1596 3223 1744 3278 ἔθεσί
1775 3241 1834 3277 τε
1878 3223 1972 3278 καὶ

363 3319 564 3390 νόμοις
595 3315 1050 3388 ὲντεθραμμένοι,
1086 3314 1274 3386 μόσχῳ
1310 3315 1372 3368 τὸ
1418 3314 1584 3377 σέϐας
1616 3315 1860 3385 ἀνῆπτον
1880 3329 1896 3345 ο
1921 3314 1972 3366 οἱ

363 3413 427 3466 δὲ
481 3413 582 3483 τὴν
627 3411 1032 3484 παμμόχθηρον
1061 3411 1280 3482 εκείνην
1311 3408 1672 3479 διαφυγόντες
1709 3406 1978 3471 δουλείαν,

365 3506 468 3559 καὶ
501 3507 616 3567 τοῖς
649 3503 814 3569 θείοις
849 3504 1151 3575 ὲντάλμασι
1195 3501 1555 3573 πολυτρόπως
1595 3497 1982 3568 παιδαγωγοῦ-

372 3614 534 3670 μενοι
567 3597 705 3669 πρὸς
734 3596 796 3650 τὸ
837 3597 1039 3651 εἰδέναι
1083 3595 1271 3666 σαφῶς
1300 3594 1361 3647 τὸ
1390 3593 1511 3663 Θεῴ
1545 3589 1761 3654 δοκοῦν,
1789 3591 1984 3645 ἀνόπιν

371 3689 558 3752 ἰόντες
588 3689 897 3761 ἡλίσκοντο,
932 3689 1028 3743 καὶ
1060 3691 1140 3753 εἰς
1169 3688 1269 3760 τὴν
1301 3687 1410 3740 τῶν
1459 3685 1711 3756 πατέρων
1743 3700 1985 3738 κατασυ-

372 3784 606 3856 ρόμενοι
641 3783 937 3854 πλάνησιν,
973 3783 1156 3836 καίτοι
1197 3781 1272 3854 μὴ
1325 3783 1384 3834 ὲν
1433 3781 1569 3845 ἴσοις
1601 3779 1833 3852 ὁρᾶσθαι
1878 3794 1980 3831 κα-

373 3879 504 3940 κοῖς
532 3876 676 3948 τάχα
717 3894 822 3930 που
856 3877 953 3930 καὶ
981 3875 1215 3940 δεδιότες
1257 3876 1334 3939 ώς
1362 3874 1623 3938 άκαλλές.
1659 3875 1984 3945 Προσκεκυ-

369 3969 582 4039 νήκασι
620 3968 730 4041 γὰρ
775 3971 870 4023 καὶ
903 3969 1058 4023 αὐτοὶ
1092 3971 1212 4033 ταῖς
1251 3968 1520 4039 δαμάλεσι
1562 3969 1684 4030 ταῖς
1731 3967 1984 4038 χρυσαῖς.

2081 587 2435 654 impietatibus
2484 587 2719 655 ﬁliorum
2759 585 2930 654 Juda,
2982 597 3031 642 et
3081 605 3238 658 super
3285 599 3517 661 quatuor
3573 608 3675 646 non

2077 689 2371 734 convertam
2406 697 2519 745 eos,
2547 699 2606 734 eo
2631 681 2771 752 quod
2806 683 3106 752 abjeceruut
3143 685 3244 754 ipsi
3287 685 3452 754 legem
3487 685 3662 740 Domi-

2078 773 2162 836 ni,
2192 783 2238 826 et
2297 786 2554 842 pracepta
2608 774 2722 843 ejus
2787 791 2890 829 non
2941 777 3324 843 custodierunt,
3370 789 3420 832 et
3466 779 3676 840 decepe-

2078 876 2198 918 ruut
2243 882 2329 918 eos
2366 883 2499 919 vana
2537 883 2718 921 eorum
2749 885 2868 938 qua:
2898 867 3160 936 fecerunt,
3192 887 3310 941 qua:
3360 872 3522 924 secuti
3551 882 3675 924 sunt

2076 967 2250 1028 patres
2297 975 2478 1012 eorum
2521 971 2720 1028 postea.
2768 960 2836 1014 Et
2868 964 3077 1016 mittam
3107 964 3278 1033 ignem
3327 965 3382 1018 in
3419 964 3590 1033 Juda,
3626 978 3672 1019 et

2076 1053 2345 1107 devorabit
2385 1053 2732 1124 fumiumenta
2753 1054 3072 1112 Jerusalem.

2147 1276 2289 1335 XlV.
2323 1277 2680 1351 Suhjuugitur
2715 1281 2968 1347 gentibus
2995 1280 3111 1336 sine
3141 1280 3277 1352 lege,
3312 1280 3521 1352 legibus
3549 1297 3678 1335 cru-

2079 1372 2222 1426 ditus
2281 1369 2438 1437 Juda,
2495 1388 2599 1427 non
2669 1373 2814 1427 enim
2873 1373 3093 1444 respicit
3151 1388 3437 1442 personam
3489 1371 3675 1440 jndex.

2079 1462 2414 1519 Sustinuisse
2442 1473 2621 1518 autem
2650 1473 2986 1533 peccantem,
3015 1476 3069 1520 et
3105 1465 3193 1519 diu
3224 1465 3484 1519 tolerasse
3511 1465 3680 1534 signi-

2079 1554 2227 1623 ﬁcat,
2256 1557 2397 1624 quod
2436 1556 2524 1612 vix
2551 1557 2766 1611 tandem
2796 1556 2980 1623 tertio,
3007 1567 3100 1612 aut
3133 1558 3296 1611 etiant
3326 1563 3522 1624 quarto
3561 1568 3679 1609 sce-

2079 1647 2192 1704 lere
2251 1658 2558 1704 commotus
2587 1658 2687 1704 est.
2731 1649 2902 1718 Atqui
2953 1648 3264 1718 postulabat
3320 1646 3573 1716 aequitas,
3625 1654 3702 1710 ut_

2080 1740 2351 1808 gentibus,
2377 1756 2496 1809 quae
2523 1741 2694 1810 legem
2727 1741 2967 1796 divinam
3015 1757 3122 1796 non
3170 1741 3465 1806 habebant,
3525 1740 3682 1794 beni-

2006 1830 2341 1922 Bgnitatetn
2406 1831 2724 1899 ampliorem
2803 1831 3085 1894 tribueret,
3143 1831 3422 1900 multoque
3481 1831 3683 1884 diutius

2079 1925 2422 1997 ignosceret;
2463 1925 2530 1981 ab
2571 1925 2735 1981 Israel
2778 1934 2960 1981 autem
2993 1924 3260 1980 socordiae
3311 1939 3500 1994 poenas
3559 1939 3680 1978 mox

2081 2026 2417 2088 reposceret,
2452 2027 2510 2073 ut
2569 2020 2660 2089 qui
2692 2019 2743 2073 in
2782 2018 2983 2074 divinis
3051 2018 3324 2072 mandatis
3379 2017 3679 2082 educatus,

2082 2109 2173 2165 ubi
2210 2111 2313 2167 sita
2340 2123 2486 2167 esset
2534 2112 2739 2167 utilitas
2784 2127 2888 2165 non
2948 2111 3244 2181 ignoraret.
3299 2109 3405 2165 Sed
3448 2111 3686 2164 scientes

2080 2203 2254 2274 legem
2312 2219 2465 2273 atque
2554 2212 2612 2259 ut
2669 2205 2978 2258 nescientes
3041 2203 3322 2259 sustinuit.
3391 2202 3684 2270 Postquam

2081 2311 2213 2352 vero
2280 2298 2333 2352 in
2392 2313 2662 2352 summam
2739 2299 3144 2367 improbitatem
3219 2295 3686 2366 cegitationesquc

2081 2391 2434 2447 stultissimus
2457 2389 2896 2462 praecipitesjam
2923 2391 3124 2446 abiisse
3156 2391 3310 2457 vidit,
3330 2400 3443 2444 tum
3475 2390 3528 2444 in
3553 2389 3685 2443 Hie-

2082 2486 2415 2557 rosolymam
2447 2485 2621 2556 ipsam
2664 2487 2841 2557 ignem
2885 2485 3178 2540 missurum
3226 2483 3379 2548 dicit,
3409 2492 3463 2538 et
3499 2481 3685 2536 urbem

2084 2577 2219 2633 adeo
2253 2579 2521 2646 insignem
2552 2586 2609 2631 et
2654 2577 2990 2631 nominatam
3018 2589 3190 2644 usque
3223 2575 3289 2628 ad
3323 2574 3684 2628 fundamenta

2081 2671 2316 2726 ﬂammis
2336 2681 2802 2740 consumpturum.
2827 2669 2890 2724 Et
2907 2669 3072 2724 multa
3093 2670 3308 2738 quidem
3335 2668 3490 2722 valde
3509 2665 3688 2721 Israe-

2082 2764 2301 2819 litarum
2337 2763 2539 2819 scelera
2585 2761 2969 2833 reprehendit;
3021 2760 3116 2817 sed
3168 2760 3404 2814 maxime
3445 2758 3689 2813 omnium

2085 2856 2238 2923 illud,
2257 2857 2398 2926 quod
2417 2865 2630 2924 patrum
2653 2869 2866 2910 errores
2888 2854 3056 2908 secuti
3091 2852 3217 2907 sint.
3238 2852 3315 2906 llli
3343 2853 3485 2906 enim
3514 2851 3692 2904 adhuc

2083 2948 2467 3020 A'ngptiorum
2502 2947 2666 3020 265
2719 2946 3016 3001 dominatui
3065 2944 3316 3012 subjecti,
3369 2943 3696 3010 illorumque

2086 3043 2334 3097 moribus
2353 3051 2410 3097 et
2427 3040 2636 3112 legibus
2656 3038 2975 3106 assuefacti,
3010 3037 3184 3092 vitulo
3213 3036 3430 3092 divinos
3458 3036 3700 3090 honores

2086 3132 2816 3196 adhibuerunt.Asthi,cum
2834 3131 3149 3186 servitutem
3200 3129 3344 3183 illam
3372 3125 3694 3181 nefandissi-

2091 3243 2232 3283 mam
2255 3226 2662 3296 effugissent,et
2684 3225 2988 3281 divinorum
3013 3223 3391 3277 mandatorum
3410 3219 3695 3290 disciplina

2082 3321 2417 3376 multimodis
2441 3319 2673 3375 instituti
2693 3327 2895 3382 essent,
2919 3328 2978 3373 ut
2997 3315 3287 3388 perspicue
3319 3314 3411 3368 Dei
3435 3312 3658 3382 benepla
3677 3341 3692 3352 -

2081 3411 2249 3467 citum
2291 3412 2516 3476 scirent,
2554 3419 2700 3464 retro
2739 3408 3010 3474 conversi,
3042 3418 3098 3463 et
3135 3409 3188 3464 in
3223 3416 3438 3478 patrum
3471 3419 3699 3459 suorum

2081 3517 2324 3559 errorem
2353 3502 2612 3572 pertracti
2646 3514 2772 3557 esse
2805 3500 3125 3568 deprehensi
3175 3507 3334 3566 sunt;
3371 3510 3688 3568 quanquam

2086 3595 2314 3652 fortasse
2347 3603 2568 3666 propter
2599 3592 2991 3663 turpitudinem
3021 3594 3074 3647 in
3098 3591 3240 3646 idem
3281 3589 3482 3645 malum
3510 3588 3688 3643 videri

2089 3687 2348 3743 incidisse
2380 3695 2704 3743 metuerent.
2726 3684 2861 3740 Nam
2893 3690 2947 3740 et
2971 3683 3073 3753 ipsi
3110 3683 3307 3738 vitulos
3359 3697 3552 3736 aureos
3603 3682 3698 3734 ad-

2091 3788 2340 3834 orarunt.
2371 3778 2550 3835 Causa
2582 3787 2763 3832 autem
2795 3776 3089 3848 impietatis
3119 3776 3279 3846 hujus
3310 3772 3588 3843 fuit,quod
3611 3774 3687 3825 le-

2093 3885 2214 3942 gem
2245 3871 2339 3926 Dei
2387 3873 2708 3941 repulerunt
2757 3879 2813 3926 et
2847 3869 3101 3924 mandata
3151 3869 3274 3940 ejus
3327 3881 3551 3923 servare
3597 3882 3696 3918 ιιυ-

2095 3967 2336 4020 luerunt.

371 4063 566 4120 Αἴτιον
595 4066 652 4120 δὲ
683 4066 784 4138 τῆς
815 4066 1073 4137 τοιαύτης
1105 4067 1290 4132 αὐτοῖς
1362 4067 1555 4136 γέγονε
1588 4065 1931 4132 δυσσεϐείας,
1960 4065 2022 4119 τὺ
2059 4063 2394 4118 ἀπώσασθαι
2453 4062 2546 4118 τὸν
2591 4061 2758 4134 νόμον
2799 4061 3034 4132 Κυρίου,
3063 4061 3159 4113 καὶ
3193 4059 3262 4113 τὰ
3293 4058 3699 4130 προστάγματα

373 4163 552 4220 αὑτοῦ
584 4162 660 4235 μὴ
695 4163 954 4234 ἐθελῆσαι
981 4167 1196 4236 τηρεῖν.

449 4281 669 4340 Οὐκοῦν
692 4281 800 4346 ἕως
827 4281 997 4354 ἐσμὲν
1035 4281 1436 4354 νομοφύλακες,
1470 4282 1564 4337 καὶ
1594 4281 1856 4352 φιλόθεοι,
1888 4281 1984 4335 καὶ

375 4378 573 4448 τηρεῖν
623 4374 1018 4441 σπουδάζοντες
1061 4374 1130 4427 τά
1165 4373 1644 4448 προστεταγμένα,
1684 4372 1843 4443 σοφοὶ
1891 4371 1988 4425 καὶ

376 4468 622 4540 ἀγχίνοι,
657 4468 750 4521 καὶ
781 4467 963 4537 πάσης
997 4465 1200 4538 ἀρετῆς
1227 4466 1618 4537 ἐπιστήμονες,
1652 4463 1749 4518 καὶ
1780 4463 1833 4517 τί
1877 4460 1987 4532 γάρ

377 4563 508 4634 οὐχὶ
554 4560 668 4614 τῶν
732 4559 994 4613 τοιούτων
1046 4555 1487 4626 πεπλουτηκότες
1549 4552 1986 4627 εὑρεθησόμεθα.

2165 4278 2512 4346 Quapropter
2541 4268 2784 4341 quandiu
2828 4268 2979 4339 leges
3035 4265 3392 4329 custodimus,
3433 4273 3488 4319 et
3531 4271 3696 4320 Deum

2094 4367 2394 4439 diligimus,
2425 4372 2478 4418 et
2510 4376 2629 4432 quae
2657 4366 2924 4431 praecepta
2952 4364 3078 4413 sunt
3106 4355 3285 4420 nobis,
3319 4369 3383 4410 ea
3425 4354 3700 4410 conﬁcere

2098 4464 2401 4526 studemus,
2426 4457 2726 4528 sapientes,
2760 4453 3012 4516 solertes,
3043 4451 3226 4507 omnis
3253 4450 3473 4505 virtutis
3516 4449 3696 4521 gnari,

2097 4565 2152 4611 et
2180 4552 2438 4610 omnibus
2465 4545 2772 4619 hujusmodi
2797 4544 2968 4614 copiis
3000 4542 3154 4596 ditati
3203 4541 3563 4611 reperiemur.
3601 4538 3699 4594 Sin

377 4619 723 4717 Νεῗθευκὸτες
760 4651 819 4705 δὲ
851 4650 991 4722 πρὸς
1021 4649 1084 4702 τὸ
1121 4619 1385 4720 ῥᾴθυμον,
1420 4619 1517 4699 καὶ
1542 4619 1651 4698 τῶν
1684 4619 1845 4699 θείων
1875 4644 1979 4698 ἀλο

2097 4648 2164 4703 ad
2195 4645 2466 4717 ignaviam
2496 4639 2898 4704 deﬂexeriznus,
2956 4645 3011 4692 et
3056 4636 3269 4690 divinas
3327 4633 3474 4705 leges
3517 4631 3702 4689 ﬂocci-

379 4746 660 4817 γήσαντες
711 4743 916 4814 νόμων,
971 4738 1514 4812 περιενεχθησόμεθα
1568 4737 1754 4792 λοιπὸν
1802 4737 1992 4808 ἀνέμῳ

379 4837 576 4901 παντὶ,
607 4835 725 4899 νοῦ,
755 4836 851 4890 καὶ
873 4834 1070 4907 φρενὸς
1102 4834 1201 4904 τῆς
1228 4832 1458 4904 ἀρίστης
1477 4829 1804 4902 τητώμενοι.
1849 4830 1995 4883 Ἐσό-

385 4930 535 5004 μεθα
579 4929 638 4983 δὲ
692 4931 789 4984 καὶ
826 4929 1046 5002 μερίδες
1094 4927 1420 4992 ἀλωπέκων,
1472 4924 1603 4997 τῇδέ
1657 4941 1717 4977 τε
1769 4923 1996 4978 κάκεῖσε

383 5041 457 5077 πε
471 5020 798 5094 ριελκόντων
819 5021 968 5091 ἡμᾶς
991 5019 1104 5072 τῶν
1129 5015 1456 5087 ἀκαθάρτων
1486 5018 1838 5086 πνευμάτων.
1880 5013 1997 5085 Ὀρ-

384 5113 500 5176 θῶς
535 5107 632 5166 οῦν
677 5111 786 5182 ἄρα
842 5111 938 5165 καὶ
969 5109 1151 5180 σοφῶς
1180 5108 1310 5179 περὶ
1341 5107 1553 5161 δικαίου
1581 5107 1783 5173 παντὸς
1812 5108 1842 5161 6
1869 5106 1995 5161 θεσ-

385 5209 583 5272 πέσιος
623 5207 819 5278 ψάλλει
849 5207 1046 5262 Δαϐίδ·
1080 5227 1098 5258 ι
1149 5205 1208 5260 '0
1252 5205 1418 5277 νόμος
1445 5204 1540 5259 τοῦ
1565 5205 1703 5259 Θεοῦ
1737 5205 1906 5260 αὐτοῦ
1935 5205 1994 5259 ὲν

387 5301 594 5373 καρδίᾳ
619 5299 812 5367 αὑτοῦ,
843 5301 936 5355 καὶ
979 5301 1078 5373 οὐχ
1122 5298 1757 5370 ὑποσκελισθήσεταιτά
1803 5299 1995 5370 διαϐήη

392 5410 546 5467 ματα
575 5392 766 5448 αὑτοῦ.
785 5411 806 5446 ι
905 5431 907 5434 -

473 5512 516 5562 Τ
511 5507 619 5564 ἅδε
653 5506 817 5579 λέγει
847 5507 1097 5576 Κύριοςο
1145 5506 1277 5562 Ἐπί
1308 5505 1439 5573 ταῖς
1467 5505 1666 5576 τρισὶν
1694 5506 1998 5575 ἀσεϐείαις

406 5597 664 5667 Ἰσραὴλ
710 5600 809 5654 καὶ
838 5597 940 5652 ἐπὶ
970 5597 1104 5664 ταῖς
1129 5597 1428 5666 τέσσαρσι
1465 5598 1578 5652 οὐκ
1603 5597 2001 5667 ἀποστραφή-

394 5706 582 5763 σομαι
602 5693 812 5760 αὑτὸν,
840 5691 970 5747 ἀνθ’
987 5685 1077 5747 ὧν
1100 5691 1398 5747 ἀπέδοντο
1420 5689 1710 5763 ἀργυρίου
1738 5689 1993 5756 δίκαιον,

2099 4739 2474 4812 penderimus,
2499 4733 2948 4790 circumleremur
2971 4731 3037 4784 de
3058 4737 3257 4784 caetero
3275 4728 3422 4783 omni
3453 4736 3616 4783 vento
3632 4725 3700 4795 “,

2102 4847 2265 4887 sensu
2295 4838 2346 4884 et
2381 4837 2559 4883 mente
2583 4825 2790 4896 optima
2827 4822 3027 4880 orbati.
3082 4820 3300 4877 Erimus
3335 4820 3464 4876 item
3519 4829 3704 4890 partes

2102 4924 2344 4995 vulpium
2371 4921 2440 4988 ³⁵,
2470 4921 2576 4974 huc
2606 4918 2733 4974 illuc
2764 4915 3198 4972 distrahentibus
3237 4928 3338 4970 nos
3403 4912 3702 4968 immundis

2105 5013 2407 5084 spiritibus.
2429 5011 2604 5066 Probe
2627 5009 2790 5076 igitur
2811 5023 2876 5064 ac
2898 5008 3175 5077 sapienter
3222 5004 3290 5061 de
3345 5003 3537 5074 quovis
3555 5003 3712 5074 justo

2103 5108 2319 5163 divinus
2361 5104 2531 5160 David
2577 5103 2776 5160 canit:
2843 5121 2862 5153 ι
2927 5101 3036 5156 Lex
3115 5099 3209 5153 Dei
3271 5095 3390 5167 ejus
3429 5097 3481 5150 in
3538 5095 3704 5149 corde

2104 5199 2298 5270 ipsius,
2324 5207 2380 5254 et
2407 5212 2514 5253 non
2550 5195 3049 5266 supplantabun.ur
3075 5205 3297 5264 gressus
3319 5188 3442 5257 ejus,
3461 5186 3526 5238 ³⁸.
3570 5204 3590 5236 ›

2182 5505 2351 5562 Vens.
2387 5505 2441 5562 6.
2473 5504 2604 5560 ΙΙαό
2627 5505 2754 5558 dicit
2787 5501 3044 5558 Dominus
3076 5513 3094 5552 :
3126 5496 3295 5566 Super
3316 5493 3487 5548 tribus
3515 5491 3710 5559 impie-

2113 5599 2308 5654 tatibus
2337 5597 2534 5665 Israel,
2563 5608 2610 5653 et
2634 5614 2791 5667 super
2820 5603 3051 5666 quatuor
3077 5607 3179 5646 non
3220 5597 3520 5644 convertam
3564 5603 3706 5651 cum,

2108 5708 2169 5746 eo
2219 5693 2359 5763 quod
2413 5690 2761 5747 vendiderunt
2803 5696 3022 5758 argento
3063 5686 3363 5757 ⁸ἱιι.ςιιιηῖ,ει
3422 5693 3708 5755 pauperem

481 5859 526 5915 λδ
563 5879 758 5951 Epltes.
799 5895 873 5950 tv,
917 5881 1002 5938 H.
1083 5881 1126 5913 ³³
1167 5878 1306 5934 Psal.
1343 5893 1473 5944 tht,
1516 5879 1599 5934 ll.
1681 5880 1724 5911 ³⁸
1760 5877 1899 5937 Psal.
1946 5892 2130 5944 xum,
2173 5876 2263 5933 5|.

441 5983 527 5999 οε..-

1050 5999 1232 6017 ςιΑΔν-Δνοκ,
1257 6017 1260 6019 ς
