4054 6520
389 388 495 444 453

1435 380 1492 435 S.
1533 377 1809 435 CYRILLI
1848 374 2319 436 ALEXANDBl-NI
2359 375 2683 434 ARCHIEP.

3586 377 3690 435 M0

391 525 488 579 pro
532 505 896 562 calceamentis
936 503 1331 560 conculcanlem
1372 520 1528 572 super
1565 503 1825 574 pulverem
1885 511 1989 556 ter-

2095 500 2190 554 καὶ
2212 499 2440 567 πένητα
2455 499 2665 553 ἕνεκεν
2679 496 3078 568 ὑποδημάτων
3101 495 3561 550 καταπατοῦντα
3587 497 3693 552 ἐπὶ

393 614 487 652 m'.

467 687 586 744 XV.
611 686 728 744 Non
767 686 1027 754 relinquit
1051 687 1403 758 impunitum,
1437 686 1532 742 sed
1558 684 1824 755 supplicio
1847 684 1984 738 sub-

391 783 511 850 jicit
531 780 718 846 Israel,
755 781 856 834 boc
880 789 984 846 est,
1020 779 1193 834 tribus
1226 779 1280 831 iu
1307 777 1577 831 Samaria.
1597 775 1716 830 Jam
1743 792 1835 831 eos
1859 789 1989 844 quo-

395 885 504 940 que
541 884 799 940 peccasse
828 867 1018 930 libere,
1040 882 1104 922 ac
1132 866 1444 936 prodegisse
1471 865 1856 935 propemodum
1902 867 1986 920 iu-

397 960 573 1018 lirmis
629 961 866 1016 debitam
917 975 946 1014 a
997 958 1108 1013 Deo
1156 974 1346 1029 pacem
1389 969 1444 1014 et
1512 958 1983 1028 tranquillitatem,

394 1052 683 1108 ostendere
736 1059 918 1122 potest
970 1066 1132 1121 super
1183 1052 1358 1106 tribus
1402 1061 1458 1106 et
1504 1050 1988 1121 quatuorpeccatis

397 1143 653 1198 aversio:
687 1157 848 1213 quam
884 1143 975 1212 qui
1015 1142 1223 1212 experti
1265 1152 1414 1208 sunt,
1463 1157 1557 1197 eos
1584 1141 1988 1198 calamitatibus

395 1235 610 1306 subjici,
662 1244 718 1290 et
757 1234 810 1289 in
856 1234 1004 1290 omni
1059 1235 1278 1290 miseria
1326 1234 1557 1290 volutari
1611 1249 1836 1290 necesse
1880 1243 1985 1290 est.

396 1325 630 1382 Proinde
675 1335 730 1382 et
777 1325 966 1391 David,
1002 1326 1106 1380 hoc
1146 1325 1470 1390 formidans,
1497 1340 1597 1382 nec
1646 1325 1902 1395 ignorans
1922 1341 1988 1380 eo

395 1418 693 1488 perniciem
727 1417 1234 1488 apportari,orabat
1275 1417 1360 1473 his
1379 1417 1560 1474 verbis
1593 1432 1608 1472 :
1647 1435 1667 1468 ε
1707 1417 1784 1474 Ne
1827 1434 1988 1474 aver-

395 1521 480 1565 tas
514 1509 707 1565 faciem
736 1519 883 1565 tuam
903 1524 934 1565 a
959 1523 1066 1574 me,
1101 1518 1242 1565 etne
1278 1509 1518 1565 declines
1567 1509 1620 1564 in
1677 1509 1755 1563 ira
1780 1523 1988 1564 aservo

398 1616 490 1657 tuo
511 1601 580 1657 ³⁷.
616 1621 637 1656 ι
674 1602 757 1656 ira
788 1603 937 1657 enim
979 1602 1298 1658 eversiones
1347 1601 1594 1672 sequitur
1640 1601 1883 1668 omnino,
1934 1609 1991 1656 et

396 1695 798 1765 quodammodo
813 1695 1124 1750 comitatur.
1155 1694 1290 1761 Quae
1329 1704 1510 1748 autem
1535 1694 1643 1749 sint
1679 1693 1886 1749 scelera
1910 1692 1990 1748 ls-

397 1787 534 1850 rael,
565 1785 714 1842 clare
752 1785 975 1840 indicat.
1011 1803 1030 1836 1
1065 1783 1438 1839 Vendiderunt
1478 1783 1624 1840 enim
1647 1794 1876 1856 argento
1893 1785 1986 1856 ju-

2091 590 2200 646 τὸν
2229 590 2382 659 χοῦν
2413 591 2523 660 τῆς
2554 588 2687 660 τῆς.

2164 685 2262 737 ΙΕ⁸.
2305 685 2419 736 Οὐκ
2462 682 2753 736 ἀνεύθυνον
2796 683 2882 754 ἐᾷ,
2918 682 3118 753 μᾶλλον
3160 681 3217 735 δὲ
3251 679 3521 752 ὑποφέρει
3568 683 3696 743 ταῖς

2089 776 2268 840 δίκαις
2299 775 2391 829 τὸν
2452 775 2688 847 Ἰσραὴλ,
2727 774 2992 839 τουτέστι,
3023 773 3121 836 τὰς
3160 775 3220 828 ἐν
3261 774 3549 846 Σαμαρείᾳ
3591 790 3697 843 φυ-

2089 867 2220 930 λάς·
2265 867 2349 920 ὅτι
2390 865 2448 919 δὲ
2495 866 2590 919 καὶ
2639 867 2793 920 αὐτοὶ
2840 865 3290 938 πλημμελοῦντες
3337 865 3692 935 ἀφυλάκτως,

2093 958 2379 1030 μονονουχὶ
2425 957 2526 1030 ’καὶ
2575 957 2984 1029 δεδαπανήκασι
3042 956 3142 1028 τὴν
3192 960 3309 1020 τοῖς
3369 955 3694 1011 ἀσθενοῦσιν

2088 1049 2447 1120 ὀφειλομένην
2495 1049 2645 1119 παρά
2697 1047 2834 1102 Θεοῦ
2888 1047 3256 1121 γαληνότητα,
3307 1048 3694 1121 παραδείξειεν

2089 1141 2155 1196 ἂν
2183 1143 2216 1213 ἡ
2243 1141 2337 1195 ἐπὶ
2371 1140 2520 1212 τρισὶ
2559 1141 2647 1194 καὶ
2692 1141 2987 1213 τέτταρσιν
3018 1141 3316 1212 ἁμαρτίαις
3341 1142 3691 1212 ἀποστροφὴ,

2090 1232 2156 1304 ἢν
2185 1231 2400 1302 ἀνάγκη
2432 1231 2760 1286 πεπονθόσιν
2788 1232 3163 1305 ὑποφέρεσθαι
3188 1235 3302 1297 τοῖς
3340 1233 3556 1297 δεινοῖς,
3591 1233 3694 1287 καὶ

2091 1326 2149 1378 ἐν
2180 1323 2344 1378 παντὶ
2375 1323 2631 1393 γενέσθαι
2659 1323 2834 1395 κακῷ.
2865 1324 3157 1396 Τοιγάρτοι
3185 1325 3281 1379 καὶ
3310 1324 3474 1379 Δαϐὶδ
3501 1323 3694 1388 δεδιὼς

2089 1417 2150 1470 τὸ
2175 1417 2388 1488 χρῆμα,
2415 1416 2524 1470 ,καὶ
2551 1415 2777 1488 ὀλέθρου
2811 1417 3075 1490 πρόξενον
3107 1416 3284 1484 εἰδὼς,
3315 1417 3570 1488 ἐλιπάρει
3600 1417 3693 1471 λέ-

2089 1525 2202 1576 γων
2223 1526 2236 1542 ο
2281 1526 2300 1560 ι
2339 1510 2432 1580 Μὴ
2458 1508 2812 1582 ἀποστρέψεις
2844 1509 2906 1564 τὸ
2935 1509 3230 1581 πρόσωπόν
3270 1526 3362 1563 σου
3407 1510 3503 1563 ἀπ’
3525 1508 3687 1579 ἐμοῦ,

2090 1600 2185 1654 καὶ
2240 1600 2316 1672 μὴ
2362 1600 2619 1672 ἐκκλίνῃς
2663 1601 2722 1654 ἐν
2768 1601 2906 1671 ὀργῇ
2955 1601 3067 1654 ἀπὸ
3111 1600 3206 1654 τοῦ
3249 1599 3438 1654 δούλου
3488 1617 3605 1654 σου.
3662 1619 3682 1652 ι

2093 1692 2324 1746 ’Έπεται
2355 1691 2467 1763 γὰρ
2493 1691 2738 1756 πάντως,
2769 1694 2865 1746 καὶ
2893 1691 3178 1756 οἱονείπως
3213 1693 3542 1762 συνομαρτεῖ
3565 1693 3692 1756 ταῖς

2091 1785 2467 1856 ἀποστροφαῖς
2483 1786 2518 1857 ἡ
2538 1785 2695 1857 ὀργὴ.
2715 1785 2852 1840 Τίνα
2871 1786 2928 1840 δὲ
2945 1784 3011 1856 δὴ
3035 1785 3144 1839 τῶν
3178 1783 3240 1848 ἐξ
3274 1784 3489 1856 Ἰσραὴλ
3503 1782 3574 1837 τὰ
3593 1785 3685 1852 ὲγο

398 1887 543 1933 stum
578 1888 941 1947 etpauperem
972 1890 1070 1946 pro
1094 1875 1496 1942 calceamentis,
1536 1897 1554 1930 ι
1587 1877 1640 1932 id
1688 1887 1791 1941 est,
1835 1888 1980 1932 recta

2095 1876 2366 1947 κλήματα,
2383 1877 2690 1952 διαγορεύει
2715 1875 2925 1947 σαφῶς.
2938 1895 2956 1930 ι
2968 1876 3296 1948 Πεπράκασι
3311 1876 3419 1948 γάρ
3437 1877 3693 1948 ἀργυρίῳ

396 1967 608 2035 etjusta
630 1968 779 2039 loqui
833 1967 1002 2039 266
1047 1982 1154 2026 non
1192 1967 1588 2035 sustinuerunt,
1617 1980 1672 2024 et
1726 1967 1826 2039 legi
1855 1982 1989 2025 con-

399 2067 659 2129 gruenter
683 2072 943 2114 exercere
963 2059 1015 2112 in
1037 2057 1266 2128 singulis
1291 2058 1581 2130 judicium.
1613 2059 1720 2116 Sed
1773 2059 1822 2115 si
1847 2061 1988 2116 forte

397 2151 717 2222 contigisset
744 2150 920 2204 virum
949 2149 1179 2218 justum,
1213 2150 1536 2218 modestum,
1561 2153 1768 2220 mitem,
1799 2156 1988 2210 mode.

397 2251 574 2297 ratum
618 2251 673 2297 et
729 2257 759 2296 a
803 2243 1065 2314 jactantia
1133 2243 1373 2300 alienum
1422 2245 1571 2312 (talis
1590 2246 1735 2301 enim
1763 2246 1898 2316 justi
1933 2257 1990 2302 et

397 2335 676 2405 pauperis.
703 2333 754 2390 id
783 2344 892 2403 est,
938 2337 1194 2407 pauperis
1235 2337 1452 2407 spiritu,
1494 2338 1716 2395 nomine
1762 2339 1986 2411 intelligi

398 2423 620 2490 potest),
661 2421 713 2477 in
769 2421 1036 2492 judicium
1083 2440 1114 2479 a
1159 2425 1559 2496 potentioribus
1608 2429 1814 2493 vocari,
1843 2428 1990 2490 hunc

398 2515 760 2571 vendiderunt
783 2515 1020 2572 inimicis
1046 2556 1063 2581 ,
1093 2532 1406 2589 quanquam
1436 2519 1489 2576 id
1517 2519 1635 2591 lege
1656 2529 1844 2591 aperte
1865 2536 1992 2592 prov

368 2606 643 2674 lubente,
672 2622 794 2663 cum
829 2609 948 2664 ait:
985 2627 1007 2662 ι
1036 2608 1153 2666 Non
1181 2611 1420 2683 accipies
1455 2628 1742 2683 personam
1802 2615 1856 2670 iu
1900 2615 1989 2686 ju-

398 2698 543 2754 dicio
569 2699 633 2754 ³⁸.
674 2717 697 2756 ι
721 2699 791 2756 Ει
820 2701 1057 2760 iterum:
1105 2720 1124 2755 ι
1167 2702 1518 2760 innocentem
1549 2715 1607 2762 et
1627 2705 1838 2776 justum
1880 2721 1987 2762 non

399 2785 786 2844 iuterﬁcies”.
828 2806 855 2842 ι
901 2786 1114 2846 Etenim
1159 2791 1249 2847 cui
1308 2790 1546 2849 oilicium
1591 2793 1789 2862 iudicis
1837 2809 1989 2849 man-

397 2877 582 2932 datum
605 2888 710 2946 est,
741 2879 919 2936 locum
951 2881 1044 2936 Dei
1078 2882 1240 2952 plane
1264 2884 1489 2949 obtinet,
1513 2886 1600 2940 cui
1630 2895 1686 2940 et
1723 2885 1823 2941 soli
1865 2902 1988 2956 pro-

395 2969 578 3038 priqu
611 2981 695 3026 est
721 2969 987 3044 judicare.
1008 2991 1028 3027 ι
1067 2973 1218 3031 Unus
1249 2985 1336 3032 est
1368 2976 1514 3032 enim
1534 2977 1879 3046 legislatoret
1901 2978 1992 3048 ju-

398 3060 503 3117 dex
536 3061 606 3131 ⁵⁸,
644 3081 664 3116 ι
699 3072 755 3118 ut
775 3049 1234 3138 sanctusquidam
1261 3068 1358 3124 ait.
1419 3069 1521 3136 Qui
1561 3069 1727 3140 igitur
1765 3070 1992 3140 justitize

398 3155 669 3210 rationem
700 3156 969 3213 adulterat
997 3167 1051 3215 et
1073 3174 1362 3230 personam
1398 3161 1715 3232 respicit,in
1749 3161 1988 3217 divinam

2093 1967 2323 2034 δίκαιον,
2355 1969 2453 2023 καὶ
2482 1969 2693 2041 πένητα
2719 1968 2908 2023 ἕνεκεν
2930 1969 3317 2040 ὑποδημάτων,
3335 1988 3354 2021 ι
3384 1967 3692 2033 τουτέστιν,

2093 2059 2234 2131 ὀρθὰ
2278 2061 2374 2116 καὶ
2401 2059 2588 2115 δίκαια
2622 2061 2806 2119 λαλεῖν
2839 2062 2943 2116 οὐκ
2970 2061 3286 2132 ἠνέσχοντο,
3329 2061 3422 2115 καὶ
3449 2060 3689 2132 συμϐαί-

2094 2167 2291 2208 νουσαν
2336 2151 2414 2223 τῷ
2460 2151 2612 2223 νόμῳ
2661 2152 2763 2223 τὴν
2807 2154 2894 2221 ἐφ’
2936 2152 3154 2224 ἑκάστῳ
3199 2152 3310 2205 τῶν
3347 2153 3692 2224 κρινομένων

2096 2244 2368 2299 ποιεῖσθαι
2416 2245 2594 2318 δίκην.
2639 2243 2782 2300 Ἀλλ’
2826 2247 2876 2299 εί
2929 2245 3128 2316 συνέϐη
3175 2244 3340 2316 τυχὸν
3385 2245 3558 2317 ἄνδρα
3605 2245 3690 2299 δί-

2094 2355 2285 2404 καιον,
2322 2338 2578 2411 σώφρονα
2621 2339 2717 2393 καὶ
2762 2338 3016 2410 ἐπιεικῆ,
3062 2338 3430 2410 μετριόφρονά
3469 2355 3529 2391 τε
3593 2337 3692 2392 καὶ

2094 2427 2472 2499 ἀφιλόκομπον
2526 2426 2770 2499 (νοηθείη
2804 2427 2929 2499 γὰρ
2994 2426 3062 2480 ἂν
3117 2425 3321 2480 τοιόσδε
3363 2423 3572 2488 δίκαιός
3629 2441 3692 2478 τε

2094 2519 2230 2591 ὁμοῦ
2283 2520 2376 2574 καὶ
2413 2520 2607 2590 πένης,
2636 2519 2758 2591 ἦτοι
2787 2518 3004 2590 πτωχὸς
3031 2517 3109 2590 τῷ
3138 2516 3430 2588 πνεύματι)
3466 2533 3691 2587 παρενε-

2095 2610 2291 2683 χθῆναι
2329 2612 2466 2682 πρὸς
2499 2610 2682 2684 κρίσιν
2710 2609 2817 2664 ὑπὸ
2844 2607 3053 2663 τούτων
3085 2607 3497 2678 δυνατωτέρων,
3536 2599 3692 2668 οὗτος

2095 2702 2520 2774 καταπέπραται
2549 2703 2664 2766 τοῖς
2694 2699 2932 2772 ἐχθροῖς,
2973 2699 3151 2754 καίτοι
3176 2697 3271 2752 τοῦ
3298 2697 3465 2766 νόμου
3497 2695 3692 2764 σαφῶς

2094 2791 2512 2864 διηγορευκότος
2541 2791 2625 2857 τὸ,
2665 2810 2684 2844 ‹
2726 2792 2802 2846 Οὐ
2829 2790 2976 2863 λήψῃ
3007 2789 3301 2860 πρόσωπον
3340 2789 3401 2843 ἐν
3426 2787 3626 2862 κρίσει.
3666 2804 3686 2839 ι

2095 2885 2208 2939 Καὶ
2231 2884 2412 2951 πάλιν,
2450 2903 2471 2936 ι
2522 2883 2725 2938 Ἀθῶον
2752 2883 2848 2938 καὶ
2888 2883 3098 2938 δίκαιον
3140 2883 3241 2936 οὐκ
3285 2881 3626 2944 ἀποκτενεῖς.
3663 2897 3684 2933 ι

2109 2976 2168 3030 '0
2220 2976 2331 3048 γάρ
2377 2992 2461 3029 τοι
2507 2975 2718 3048 κρίνειν
2771 2973 3240 3046 πεπιστευμένος,
3298 2973 3536 3045 κάθηταί
3584 2989 3688 3028 που

2097 3065 2318 3131 πάντως
2349 3067 2409 3120 ὲν
2437 3065 2589 3134 τάξει
2622 3065 2781 3132 Θεοῦ,
2816 3057 2862 3135 ᾧ
2900 3064 2965 3136 δὴ
3009 3064 3072 3119 τὸ
3123 3064 3332 3137 κρίνειν
3392 3064 3489 3117 καὶ
3539 3063 3691 3134 μόνῳ

2097 3159 2319 3214 οἰκεῖον.
2372 3176 2391 3210 ι
2443 3153 2541 3222 Εἷς
2583 3157 2693 3230 γάρ
2743 3159 2860 3212 ἐστι
2906 3156 3224 3228 νομοθέτης,
3271 3159 3369 3212 καὶ
3409 3159 3625 3229 κριτὴς,
3667 3176 3685 3209 ι

399 3247 774 3304 excellentiam
800 3251 1227 3308 contumeliosus
1253 3255 1380 3322 erit,
1438 3263 1494 3311 et
1543 3253 1709 3310 Deum
1758 3254 1991 3312 offendet

2097 3249 2240 3304 κατά
2281 3247 2382 3322 τὴν
2425 3248 2520 3303 τοῦ
2569 3249 2727 3318 ἁγίου
2760 3249 2967 3320 φωνήν.
3015 3247 3228 3302 Οὐκοῦν
3259 3249 3289 3303 6
3328 3248 3426 3302 τοῦ
3479 3248 3690 3303 δικαίου

399 3338 669 3395 dicentem
701 3354 714 3392 :
750 3359 768 3392 ι
809 3338 1290 3412 Iustumjudicium
1310 3343 1575 3415 iudicate,
1596 3353 1652 3400 et
1678 3345 1992 3403 misericor-

400 3428 545 3484 diam
576 3439 632 3486 et
666 3431 1042 3488 miserationes
1075 3433 1238 3489 facite
1257 3436 1631 3506 unusquisque
1658 3451 1784 3492 cum
1811 3436 1994 3506 proxi-

400 3534 492 3575 mo
518 3535 619 3577 suo
647 3519 718 3578 “.
749 3540 770 3575 ι
816 3522 1051 3580 Accusat
1097 3525 1263 3598 igitur
1301 3540 1418 3593 eos,
1457 3533 1515 3579 ut
1547 3525 1638 3595 qui
1685 3523 1892 3595 justum
1939 3534 1994 3580 et

400 3623 695 3681 pauperem
727 3611 964 3670 inimicis
1007 3629 1196 3669 eorum
1243 3615 1609 3680 vendiderint,
1656 3625 1712 3671 et
1751 3615 1896 3672 istud
1921 3615 1996 3670 fa-

399 3716 528 3759 cere
555 3704 701 3761 soliti
727 3706 832 3761 sint
865 3715 1085 3775 prapter
1116 3707 1492 3776 quaesticulqu
1529 3706 1872 3774 vilissimum,
1899 3709 1990 3778 qui

401 3794 536 3866 ipsis
588 3797 981 3866 accipientibus
1045 3797 1114 3852 ad
1185 3799 1546 3869 comparanda
1625 3799 1990 3857 calceameuta

400 3896 613 3941 tantum
635 3889 895 3957 prodesse
923 3897 1108 3958 queat.
1138 3890 1301 3960 Atqui
1334 3890 1490 3956 longe
1509 3890 1799 3960 praestabat
1830 3893 1992 3948 recti-

403 3975 673 4044 tudinem,
705 3986 758 4032 et
787 3977 882 4033 Dei
913 3978 1311 4049 beneplacitum
1368 3983 1714 4052 complexos,
1763 3985 1990 4040 honori-

401 4068 507 4124 bus
533 4068 601 4124 ab
631 4084 696 4124 eo
723 4069 939 4126 donatis
962 4070 1108 4126 velut
1140 4071 1420 4141 inebriari,
1440 4083 1496 4128 et
1534 4075 1690 4130 bonae
1721 4073 1880 4131 famae
1909 4076 1994 4132 di-

400 4159 564 4216 vitias
590 4160 858 4218 obtinere.
900 4181 919 4215 ι
973 4163 1279 4234 Eligibilius
1321 4165 1464 4220 enim
1500 4165 1702 4221 bonum
1769 4182 1989 4231 nomen,

403 4268 566 4324 quam
583 4255 787 4312 divitia:
816 4257 996 4312 multae
1017 4257 1086 4312 “.
1116 4277 1135 4308 ι
1173 4257 1465 4314 Sciendum
1491 4275 1676 4329 porro,
1708 4260 1872 4313 etiam
1900 4275 1996 4331 per

402 4347 599 4403 Isaiam
627 4348 733 4404 tale
761 4349 889 4418 quid
913 4349 979 4404 ad
1009 4348 1318 4407 Iudaeorum
1361 4361 1619 4415 matrem,
1686 4366 1882 4422 nempe
1925 4354 1995 4410 ad

401 4437 706 4496 Jerusalem
736 4443 941 4496 dictum
963 4456 1085 4497 esse
1117 4457 1131 4493 :
1168 4460 1187 4494 ι
1230 4439 1513 4511 Principes
1552 4443 1626 4497 tui
1645 4443 1865 4514 pupillis
1887 4461 1994 4502 non

403 4532 674 4602 iudicant,
701 4546 755 4588 et
771 4533 977 4602 judicio
999 4533 1282 4588 viduarum
1312 4549 1420 4588 non
1443 4537 1730 4590 attendunt
1758 4536 1825 4593 “.
1868 4556 1888 4590 ι
1929 4539 1996 4595 Ει

407 4638 598 4678 rursus
629 4640 726 4696 per
748 4623 1039 4681 Jeremiam
1062 4641 1077 4681 :
1104 4643 1123 4676 ι
1165 4622 1448 4694 Principes
1475 4626 1592 4696 ejus
1632 4643 1757 4684 cum
1809 4645 1997 4688 mune.

406 4717 560 4772 ribus
574 4718 894 4786 judicabant
918 4716 1402 4774 “‘nExsecranda
1417 4720 1581 4789 igitur
1609 4737 1696 4778 res
1716 4726 1858 4795 apud
1875 4741 1996 4781 om-

408 4822 532 4872 nes,
568 4823 672 4862 non
695 4818 860 4872 recte,
891 4817 948 4863 et
976 4815 1133 4861 extra
1180 4806 1508 4866 calumniam
1541 4811 1825 4883 judicaudi
1881 4831 2000 4870 mu-

411 4914 540 4956 nere
568 4899 748 4970 fungi;
784 4899 877 4954 sed
922 4914 1046 4954 cum
1101 4898 1302 4955 invidia
1359 4905 1757 4971 quodammodo
1807 4915 1862 4964 et
1915 4910 2001 4964 iu-

411 4993 741 5063 aequalitate,
772 5002 831 5049 ut
857 4994 1330 5054 criminationibus
1363 4998 1440 5055 sis
1465 4999 1769 5068 expositus.

486 5255 653 5312 Vens.
685 5257 738 5311 7.
769 5255 838 5310 Et
866 5259 1054 5328 pugnis
1091 5259 1446 5327 percutiebaut
1497 5263 1552 5316 in
1589 5264 1769 5332 capita
1798 5266 2005 5320 mendi-

413 5362 619 5402 corum.

486 5439 626 5495 XVI.
663 5437 969 5494 Secundum
1001 5440 1296 5509 potentiam
1327 5449 1383 5497 et
1431 5442 1552 5498 aliis
1615 5447 2002 5514 praeemiuendi

425 5531 668 5585 studiqu
686 5544 780 5584 eos
799 5528 1168 5599 reprehendit,
1203 5530 1490 5601 palamque
1512 5541 1570 5588 ut
1615 5535 1810 5606 impios
1832 5545 1887 5593 et
1903 5539 2004 5594 mi-

2094 3340 2537 3414 παρασημαίνων
2573 3340 2664 3395 τὸν
2697 3339 2858 3410 λόγον
2903 3341 2998 3396 καὶ
3024 3340 3105 3405 είς
3136 3340 3429 3412 πρόσωπον
3454 3340 3691 3412 βλέπων,

2095 3434 2307 3508 ὐϐρίσει
2335 3451 2438 3488 που
2465 3434 2526 3488 τὸ
2552 3434 2698 3488 θεῖον
2724 3434 2966 3506 ἀξίωμα,
3001 3433 3100 3488 καὶ
3126 3432 3209 3506 τῷ
3237 3433 3357 3506 Θεῷ
3385 3433 3692 3506 προσκρού-

2096 3544 2199 3595 σει,
2224 3526 2478 3596 ι,λέγοντι·
2517 3546 2536 3580 ι
2590 3529 2784 3599 Κρῖμα
2830 3526 3040 3581 δίκαιον
3113 3525 3364 3598 κρίνατε,
3410 3526 3505 3580 καὶ
3543 3526 3695 3590 ἐλεος

2095 3619 2190 3672 καλ⁴
2236 3618 2523 3690 οίκτιρμὸν
2564 3620 2772 3675 ποιεῖτε
2837 3618 3072 3682 ἕκαστος
3125 3617 3264 3689 πρὸς
3322 3617 3415 3672 τὸν
3461 3617 3692 3688 πλησίον

2093 3711 2284 3766 αὑτοῦ.
2326 3731 2344 3764 ι
2380 3712 2633 3767 Αίτιᾶται
2659 3711 2842 3765 τοίνυν
2883 3710 2961 3774 ὡς
2985 3709 3446 3773 καταπωλοῦντας
3474 3710 3692 3782 ἐχθροῖς

2093 3803 2185 3858 τὸν
2213 3803 2422 3859 δίκαιόν
2449 3821 2511 3859 τε
2549 3805 2646 3858 καὶ
2690 3804 2922 3876 πένητα,
2957 3803 3052 3858 καὶ
3081 3801 3243 3857 τοῦτο
3270 3803 3405 3874 δρᾷν
3432 3801 3696 3866 εἰωθότας
3719 3802 3724 3805 ’

2093 3895 2292 3967 ὀλίγων
2323 3897 2486 3950 ἕνεκα
2545 3897 2641 3950 καὶ
2671 3895 3042 3950 ἀτελεστάτων
3061 3894 3386 3967 λημμάτων,
3415 3893 3451 3949 ἃ.
3470 3893 3564 3947 καὶ
3602 3894 3697 3964 μό-

2094 4005 2210 4052 νοις
2247 3990 2358 4052 τοῖς
2398 3987 2656 4042 λαϐοῦσιν
2701 3987 2998 4058 ἀρκέσειεν
3041 3985 3109 4040 ἂν
3147 3985 3284 4056 πρὸς
3330 3985 3699 4057 ὑποδημάτων

2095 4081 2312 4152 κτῆσιν.
2368 4080 2508 4134 Ἀλλ’
2543 4075 2613 4152 ἦν
2648 4080 2871 4151 ἄμεινον
2907 4078 3062 4150 παρὰ
3104 4077 3241 4132 πολὺ
3284 4077 3384 4150 τὴν
3423 4076 3697 4152 ὀρθότητά

2095 4184 2156 4220 τε
2195 4151 2290 4221 καὶ
2319 4168 2380 4220 τὸ
2427 4167 2547 4238 Θεῷ
2572 4151 2770 4222 δοκοῦν
2812 4171 2982 4240 τιμᾷν
3032 4166 3359 4240 ᾑρημένους,
3388 4170 3507 4231 ταῖς
3560 4151 3694 4239 παρ’

2095 4260 2263 4314 αὐτοῦ
2316 4261 2516 4331 μᾶλλον
2550 4259 2921 4331 καταμεθύειν
2977 4263 3188 4331 τιμαῖς,
3227 4261 3324 4315 καὶ
3365 4259 3548 4330 μέντοι
3599 4260 3697 4314 καὶ

2099 4349 2330 4404 πλοῦτον
2355 4350 2501 4420 ἔχειν
2531 4349 2621 4404 τὸν
2645 4350 2704 4416 ἐξ
2735 4349 2948 4422 ἀγαθῆς
2977 4349 3538 4424 εὐφημίας.ιΑίρετὸν
3561 4351 3695 4421 γὰρ,

2100 4442 2286 4512 φησὶν,
2321 4441 2493 4514 ὄνομα
2523 4441 2709 4510 καλὸν,
2743 4441 2776 4513 ἢ
2821 4441 3053 4506 πλοῦτος
3086 4441 3274 4506 πολύς.
3313 4461 3338 4498 ι
3398 4443 3598 4497 Ἰστέον
3639 4443 3698 4496 δὲ

2026 4569 2071 4625 D
2099 4537 2181 4590 ὅτι
2224 4534 2318 4589 καὶ
2365 4533 2456 4589 διὰ
2503 4535 2690 4604 φωνῆς
2744 4535 2965 4589 Ἢσαῖου
3000 4534 3239 4589 τοιοῦτόν
3274 4534 3327 4588 τί
3369 4551 3503 4605 φησι
3553 4534 3696 4606 πρὸς

2115 4628 2386 4684 Ἰουδαίων
2426 4629 2662 4700 μητέρα,
2714 4628 2987 4691 τουτέστι,
3033 4627 3135 4699 τὴν
3183 4627 3561 4700 Ἰερουσαλὴμ,
3611 4628 3693 4681 ὅτι

2112 4741 2131 4775 ι
2171 4722 2233 4776 Οἱ
2266 4721 2526 4794 ἄρχοντές
2557 4737 2651 4774 σου
2685 4719 2954 4790 ὀρφανοὺς
2984 4719 3045 4773 οὐ
3073 4719 3347 4790 κρίνουσι,
3377 4721 3473 4774 καὶ
3511 4720 3694 4790 κρίσει

2104 4815 2277 4887 χήρας
2323 4815 2384 4868 οὐ
2423 4813 2772 4885 προσέχουσι·
2812 4831 2830 4864 ι
2863 4811 2949 4867 διὰ
2977 4811 3317 4884 δὲ’Ῑερεμίου
3353 4812 3547 4867 πάλινο
3580 4831 3598 4864 ι
3629 4813 3695 4866 Οί

2105 4906 2401 4979 ἡγούμενοι
2428 4906 2618 4976 αὐτῆς,
2655 4903 2793 4976 μετά
2836 4903 3026 4976 δώρων
3077 4903 3349 4976 ἔκρινον.)
3392 4905 3698 4976 Ἑπάρατον

2105 4994 2201 5054 οῦν
2225 4998 2474 5069 πανταχῆ
2497 4997 2559 5050 τὸ
2585 4997 2662 5068 μὴ
2691 4996 2860 5068 ὀρθήν
2873 5012 2934 5049 τε
2956 4994 3049 5049 καὶ
3069 4989 3395 5067 ἀδιάϐλητον
3423 4995 3697 5050 ποιεῖσθαι

2106 5092 2207 5162 τὴν
2249 5089 2453 5160 κρίσιν,
2480 5088 2597 5143 ἀλλ’
2625 5087 2843 5160 ἐπαχθῆ
2870 5087 3076 5160 τρόπον
3096 5087 3220 5142 τινὰ
3270 5088 3367 5142 καὶ
3399 5088 3488 5143 ἐπ’
3515 5087 3698 5143 ἀνισό-

2105 5201 2228 5255 τητι
2260 5180 2714 5252 διαϐεϐλημένην.

2175 5275 2284 5330 Καὶ
2312 5273 2700 5335 ἐκονδύλιζον
2735 5275 2824 5340 εὶς
2863 5271 3135 5342 κεφαλὰς
3171 5269 3425 5341 πτωχῶν

2176 5447 2294 5516 ΙΕΓ.
2336 5447 2495 5504 Κατά
2529 5446 2855 5503 δυναστείαν
2883 5447 3072 5510 αὐτοῖς
3118 5445 3215 5500 καὶ
3253 5444 3569 5510 πλεονεξίαν
3599 5445 3693 5514 ὲγ-

2105 5538 2262 5594 καλεῖ
2327 5540 2420 5594 καὶ
2471 5538 2813 5595 καταιτιᾶται
2861 5536 3070 5602 σαφῶς,
3104 5533 3182 5599 ὡς
3224 5533 3474 5598 ἀνοσίους
3506 5550 3566 5588 τε
3599 5533 3696 5587 καὶ

489 5740 704 5820 ³⁷,Ιζεξι1-
743 5739 1280 5820 ιμ’-[ιθοηξδηᾩθιιιιο
1317 5739 1465 5820 ῐΛξΙε
1540 5744 1584 5778 ³⁹
1647 5745 1816 5805 Exod.
1859 5763 2018 5820 xxm,
2053 5749 2104 5804 7.
2184 5749 2227 5783 ⁵ο
2259 5749 2374 5806 Jac.
2421 5763 2493 5814 tv,
2533 5746 2621 5803 12.
2698 5746 2742 5778 δι
2781 5743 2950 5800 Zacb.
2987 5755 3066 5796 vn
3091 5785 3107 5809 ,
3140 5739 3194 5796 9.
3270 5739 3316 5773 “
3356 5739 3515 5795 Prov.
3554 5751 3667 5792 xm

425 5796 482 5855 1ο
554 5811 597 5843 ³³
625 5811 730 5869 lsa.
773 5827 810 5880 ι,
842 5796 934 5867 '23.
998 5809 1251 5866 “‘Micb.
1288 5796 1372 5878 ιιι,
1409 5796 1495 5864 il.
