4054 6456
237 386 334 442 ιιι

1207 383 1766 472 COMMENTARIUS
1805 383 1874 440 IN
1912 384 2108 442 AMOS
2144 385 2592 445 PROPIIETAM.

3442 398 3552 458 ΜΞ

237 505 752 578 ἀφιλοικτίρμονας,
801 505 896 559 καὶ
938 502 1033 568 οὓς
1075 497 1142 574 ἦν
1170 503 1395 574 ἄμεινον
1423 506 1520 558 καὶ
1559 505 1840 576 φροντίδος

1976 506 2854 579 ericordimcxpertesinsimulat,
2909 521 2964 568 et
3019 523 3269 573 assuetos
3327 517 3552 576 hedera.

239 595 444 662 ἀξιοῦν,
482 598 579 650 καί⁸
616 598 785 669 τιμᾷν
820 596 1055 657 ἑλέσθαι,
1089 595 1320 658 καὶτοῖς
1363 595 1422 661 ἐξ
1463 595 1686 666 ἀγάπης
1719 597 1842 647 ὲπι-

239 688 590 757 κουρήμασιν
614 687 958 742 ἀνακτᾶσθαι
999 686 1172 755 φιλεῖν
1212 687 1278 739 ὲκ
1301 686 1411 740 τῶν
1443 685 1721 740 ἐναντίων·
1750 687 1844 739 καὶ

241 780 448 833 ἀδικεῖν
486 779 785 844 εἰωθότας,
821 781 1115 852 ἀφορήτοις
1154 796 1214 832 τε
1259 780 1354 832 καὶ
1398 782 1622 850 πικραῖς
1676 795 1846 832 κατα-

240 873 512 942 τήκοντας
545 871 750 936 λύπαις
789 873 912 936 τοὺς
949 874 1014 942 τῇ
1066 871 1312 943 πτωχείᾳ
1349 871 1844 941 πεφορτισμένους.

252 966 394 1018 Ἀλλ’
417 967 446 1018 ὃ
476 983 539 1033 γε
572 965 778 1036 Κύριος
801 965 955 1036 ἡμῶν
989 966 1070 1028 εἰς
1098 965 1297 1018 οἰκεῖον
1328 965 1636 1035 ἀναγράφει
1675 963 1845 1034 πρόσ-

243 1077 394 1116 ωπον
417 1061 490 1114 τά
521 1063 604 1124 είς
631 1063 832 1124 αὐτοὺς
861 1059 1234 1129 πραττόμενα.
1278 1053 1488 1111 Οὐκοῦν
1515 1057 1576 1110 οὐ
1611 1054 1848 1127 μετρίως

244 1153 362 1222 Θεῷ
391 1154 840 1223 προσκρούομεν,
887 1151 1336 1214 πλεονεκτοῦντες
1363 1149 1454 1203 τὸν
1483 1149 1707 1220 ἀσθενῆ,
1751 1149 1848 1204 καὶ

245 1242 546 1306 τύπτοντες
576 1244 677 1313 μὲν
703 1241 955 1295 ταπεινὸν
990 1243 1258 1311 πυγμαῖς,
1298 1239 1479 1304 καθὼς
1515 1240 1846 1311 γέγραπται,

245 1336 786 1406 καταπικραίνοντες
823 1335 879 1389 δὲ
917 1337 1037 1398 ταῖς
1069 1334 1394 1406 δυσθυμίαις
1423 1335 1549 1399 τοὺς
1589 1337 1656 1406 τῇ
1693 1351 1845 1387 πτω-

245 1429 365 1500 χεία
399 1429 881 1500 κατηχθημένους,
912 1429 1088 1482 καίτοι
1117 1431 1274 1500 χεῖρα
1311 1428 1512 1499 μᾶλλον
1540 1427 1851 1497 ὀφείλοντες

246 1521 468 1592 ὀρέγειν
499 1522 687 1584 αὐτοῖς
724 1521 824 1592 τὴν
854 1518 1197 1590 φιλάλληλον.
1232 1537 1249 1568 ι
1297 1518 1464 1572 Πενία
1491 1519 1621 1591 γὰρ,
1658 1518 1848 1587 φησὶν,

249 1611 420 1682 ἄνδρα
455 1613 729 1673 ταπεινοῖ,
769 1614 952 1682 χεῖρες
997 1610 1054 1662 δὲ
1104 1609 1365 1680 ἀνδρείων
1409 1610 1779 1674 πλουτίζουσι.
1829 1629 1846 1659 ι

251 1702 464 1772 Γράφει
495 1702 554 1755 δέ
586 1719 688 1755 που
728 1702 824 1755 καὶ
860 1704 888 1755 ὁ
919 1699 1155 1773 Χριστοῦ
1188 1701 1455 1773 μαθητής*
1501 1719 1519 1752 ι
1573 1697 1853 1771 Θρησκεία

253 1795 480 1868 καθαρά
527 1795 622 1848 καὶ
674 1795 940 1866 ἀμίαντος
990 1793 1144 1865 παρά
1185 1793 1304 1865 Θεῷ
1355 1795 1448 1848 καὶ
1483 1793 1661 1864 Πατρὶ
1710 1789 1851 1862 αὕτη

1943 612 2080 666 quos
2114 607 2300 652 contra
2334 613 2465 653 cura
2491 601 2723 670 dignari,
2749 611 2805 657 ct
2836 602 3134 662 honoribus
3173 610 3459 678 prosequi,
3500 620 3556 665 et

1946 691 2162 744 auxiliis
2188 706 2217 744 a
2245 690 2509 747 charitate
2525 693 3060 761 profectisdemercri
3089 700 3281 754 melius
3311 699 3506 756 fuisset
3535 717 3550 764 ;

1945 795 2000 839 et
2048 784 2236 838 solitos
2288 785 2604 853 injuriosius
2654 795 2918 857 tractare,
2980 790 3453 862 intolerandisque
3496 803 3553 846 et

1949 875 2158 930 acerbis
2187 890 2466 930 macerare
2523 876 2786 933 molestiis
2828 883 3165 949 paupertatis
3233 899 3399 940 onere
3449 901 3536 954 op-

1949 981 2189 1036 pressos.
2222 965 2423 1022 Verum
2451 969 2712 1024 Dominus
2736 982 2918 1026 noster
2944 971 3046 1027 sibi
3083 973 3226 1029 facta
3247 976 3399 1040 dicit,
3424 992 3544 1042 qua!

1950 1057 2002 1112 in
2037 1058 2157 1114 illos
2174 1057 2330 1113 ﬁunt.
2357 1059 2537 1126 Quare
2561 1076 2665 1115 non
2699 1064 3048 1120 mediocriter
3091 1068 3258 1122 Deum
3313 1066 3545 1123 offendi-

1951 1165 2094 1213 mus,
2125 1151 2253 1205 dum
2304 1152 2580 1208 infirmum
2635 1155 3114 1223 circumvenimus,
3172 1168 3226 1214 et
3287 1159 3544 1216 humilem

1949 1257 2130 1313 pugno
2167 1245 2518 1313 percutimus,
2555 1256 2612 1302 ut
2639 1249 2897 1318 scriptum
2935 1260 3052 1316 est,
3108 1252 3272 1323 267
3319 1268 3546 1308 exacer-

1955 1335 2144 1389 bantes
2172 1335 2339 1390 animi
2379 1339 2706 1394 mteroribus
2732 1356 2826 1396 eos
2861 1358 2997 1412 quos
3031 1346 3367 1414 paupertatis
3408 1361 3548 1401 onus

1953 1434 2161 1493 gravat,
2190 1440 2310 1479 cum
2341 1429 2514 1496 magis
2544 1442 2736 1483 manus
2769 1431 2974 1487 amoris
2999 1443 3184 1486 mutua
3215 1435 3322 1488 illis
3371 1437 3548 1504 porri-

1954 1517 2125 1585 genda
2156 1515 2315 1572 foret.
2349 1537 2368 1570 ι
2410 1517 2707 1589 Paupertas
2742 1521 2912 1586 enim,
2969 1523 3167 1593 inquit,
3225 1527 3400 1580 virmn
3447 1528 3547 1581 hu-

1954 1606 2148 1671 miliat,
2187 1623 2379 1664 manus
2407 1621 2585 1665 autem
2607 1611 2828 1666 fortium
2853 1612 3033 1669 ditant
3057 1615 3124 1669 i'.
3159 1635 3178 1669 ι
3215 1616 3418 1672 Scribit
3447 1617 3547 1672 ali-

1957 1701 2079 1755 cubi
2101 1701 2264 1755 etiam
2298 1701 2502 1757 Christi
2547 1704 2875 1775 discipulus:
2924 1727 2943 1760 ι
2987 1707 3196 1779 Religio
3248 1711 3448 1764 munda
3491 1720 3548 1764 et

1959 1791 2304 1849 immaculata
2323 1797 2466 1864 apud
2494 1795 2661 1852 Deum
2687 1809 2742 1852 et
2772 1797 2990 1855 Patrem
3036 1802 3153 1856 haec
3177 1809 3285 1867 est,
3327 1803 3552 1857 visitare

253 1889 424 1952 ἐστὶν,
458 1885 894 1940 ἐπισκέπτεσθαι
931 1886 1204 1956 ὀρφανοὺς
1249 1886 1344 1939 καὶ
1374 1887 1550 1958 χήρας
1579 1886 1637 1937 ὲν
1662 1886 1728 1955 τῇ
1758 1900 1850 1936 τα-

1972 1886 2190 1957 pupillos
2219 1897 2274 1942 et
2297 1889 2487 1943 viduas
2529 1888 2583 1944 in
2605 1890 2957 1948 tribulatione
2986 1893 3253 1962 ipsorum,
3283 1902 3340 1949 et
3359 1895 3553 1949 innua-

254 1978 520 2034 πεινῶσει
556 1978 761 2048 αὐτῶν,
794 1978 890 2032 καὶ
921 1977 1146 2033 ἄσπιλον
1183 1977 1375 2033 ἑαυτὸν
1407 1978 1596 2051 τηρεῖν
1613 1975 1740 2052 ’ἀπὸ
1761 1973 1856 2029 τοῦ

257 2073 490 2144 κόσμου.
547 2091 566 2122 ι
755 2126 769 2140 ο

327 2164 440 2219 Καὶ
481 2163 631 2218 ὁδὸν
656 2163 954 2219 ταπεινῶν
982 2163 1332 2230 ἐξέκλιναν.

327 2255 430 2309 ΙΖ¹.
467 2253 642 2307 Τοῦτο
668 2254 886 2324 νοήσεις
920 2253 1064 2325 δίχα.
1104 2254 1176 2307 Ἠ
1204 2254 1313 2325 γὰρ
1355 2250 1534 2306 ἐκεῖνό
1567 2266 1752 2324 φησιν,
1779 2249 1860 2304 ὅτι

261 2346 680 2415 πεφρονήκασιν
707 2344 1017 2416 ὑπέρογκα,
1053 2345 1148 2399 καὶ
1181 2342 1511 2412 θεοστυγοῦς
1540 2342 1861 2408 ἀλαζονείας

262 2443 340 2503 είς
386 2439 551 2493 τοῦτο
592 2439 824 2510 ἥκουσιν
873 2438 935 2491 τὸ
984 2437 1204 2508 μέτρον,
1235 2436 1312 2501 ὡς
1351 2433 1738 2508 παραιτεῖσθαι
1767 2435 1863 2489 καὶ

260 2532 548 2601 ἀδελφοὺς,
589 2532 638 2584 εί
683 2531 758 2602 μὴ
800 2529 1016 2601 πλούτῳ
1064 2527 1424 2600 περιχέοιντο,
1471 2526 1566 2580 καὶ
1602 2525 1862 2597 λαμπρὰς

261 2625 437 2696 ἔχοιεν
473 2623 577 2687 τάς
633 2621 978 2694 περιουσίας,
1023 2621 1202 2691 μισεῖν
1245 2618 1301 2672 δὲ
1334 2618 1524 2690 ὥσπερ
1575 2617 1711 2670 ίέναι
1767 2617 1864 2670 καὶ

259 2717 401 2774 κατά
427 2715 601 2770 ταυτδ
637 2717 750 2777 τοῖς
778 2714 879 2766 οὐκ
909 2712 1049 2782 ἄγαν
1075 2710 1407 2784 ὲξησκηκόσι
1430 2709 1490 2763 τὸ
1520 2708 1863 2780 φιλοχρήμα-

259 2829 349 2866 τον
375 2808 582 2873 πάθος,
615 2807 666 2862 οἳ
701 2809 795 2860 καὶ
824 2806 932 2859 είσὶ
957 2805 1227 2868 ταπεινοὶ,
1253 2803 1347 2858 τὸν
1375 2803 1580 2856 εἰκαῖον
1609 2800 1705 2855 τοῦ
1747 2799 1863 2871 βίου

260 2901 624 2973 διωθούμενοι
655 2899 840 2953 σάλον.
868 2897 1078 2966 Ἤγουν
1099 2897 1180 2950 ὅτι
1205 2895 1519 2966 καθηγηταὶ
1549 2893 1862 2964 γεγονότες,

261 2995 358 3049 καὶ
409 2992 564 3048 λαῶν
614 2989 936 3062 ἡγούμενοι,
989 2987 1389 3060 παρευθύνουσι
1439 2987 1540 3058 τὴν
1584 2986 1703 3040 ὁδὸν
1754 2985 1866 3038 τῶν

262 3085 701 3154 ἀσθενεστέρων,
729 3083 850 3154 ἦτοι
891 3080 1000 3136 τῶν
1026 3078 1320 3146 ταπεινῶν,
1361 3079 1518 3152 δῆλον
1557 3079 1613 3132 δὲ
1641 3079 1725 3133 ὅτι
1754 3076 1864 3131 τῶν

261 3179 482 3234 οἴκοθεν
521 3177 622 3248 μὲν
645 3176 746 3228 οὐκ
781 3174 1013 3245 ἐχόντων
1044 3172 1144 3244 τὴν
1183 3170 1279 3227 τοῦ
1314 3171 1686 3244 συμφέροντος
1716 3189 1865 3244 ειοη-

265 3289 348 3328 σιν
377 3269 614 3344 ἀκριϐῆ,
660 3265 1078 3342 προσκειμένων
1102 3264 1161 3318 δὲ
1210 3263 1411 3333 μᾶλλον
1444 3265 1568 3328 ταῖς
1594 3263 1706 3317 τῶν
1748 3279 1870 3316 παι-

265 3363 670 3436 δαγωγοῦντων
697 3362 928 3432 φωναῖς.
947 3357 1185 3430 Πλείστη
1203 3357 1260 3410 δὲ
1273 3357 1372 3428 ὅση
1394 3355 1604 3429 πληθὺς
1619 3356 1652 3427 ἡ
1668 3355 1867 3410 τοιάδε.

268 3458 415 3514 Ζῶσι
451 3456 556 3529 μὲν
587 3453 698 3524 γὰρ
729 3449 1191 3523 ἀπεριεργότερον
1211 3447 1304 3502 καὶ
1331 3447 1390 3502 έν
1412 3446 1679 3518 ἁπλότητι
1703 3463 1869 3513 τινες,

262 3553 620 3622 ἀπήρτηνται
665 3547 723 3600 δὲ
764 3545 867 3616 τῆς
916 3543 1027 3598 τῶν
1073 3540 1437 3596 διδασκόντων
1485 3538 1694 3610 φωνῆς,
1751 3539 1872 3610 ἦτοι

261 3639 679 3711 παιδαγωγίας,
729 3637 824 3691 καὶ
850 3635 1031 3708 ἥνπερ
1080 3633 1148 3688 ἂν
1196 3631 1420 3703 μάθοιεν
1465 3626 1525 3685 εὖ
1553 3630 1701 3702 ἔχειν
1731 3630 1870 3695 ὁδὸν,

258 3734 531 3807 ἀγαπῶσι
588 3731 735 3787 λίαν.
765 3727 976 3783 Οὐκοῦν
1027 3725 1212 3798 οἱμὲν
1261 3722 1416 3794 σοφοὶ
1464 3723 1560 3778 καὶ
1605 3721 1874 3791 θεοφιλεῖς

259 3833 381 3888 τῶν
417 3824 789 3898 καθηγεῖσθαι
817 3820 1117 3892 λαχόντων,
1152 3815 1256 3889 τὴν
1290 3816 1378 3870 ἐπ’
1408 3815 1539 3869 εὐθὺ
1568 3812 1873 3867 δεικνύουσι

259 3917 485 3992 τρίϐον,
519 3913 587 3968 δι’
619 3907 690 3984 ἧς
720 3909 869 3983 μάλα
895 3909 1226 3980 διᾴττοντες,
1261 3905 1364 3978 τὴν
1386 3904 1720 3960 ἀνδὰνουσαν
1755 3901 1875 3973 Θεῷ

263 4006 610 4080 κατορθοῦσι
638 4004 807 4074 ζωήν.
840 4002 904 4056 Ol
933 3999 994 4054 δὲ
1016 3998 1080 4071 δὴ
1109 3996 1327 4070 μακρὰν
1354 3994 1450 4049 τοῦ
1484 3994 1630 4048 θείου
1668 4008 1876 4064 πεφρο⁴

265 4103 509 4176 νηκότες
532 4098 722 4169 νόμου,
756 4092 1158 4166 παρευθύνουσι
1180 4089 1290 4143 τῶν
1317 4085 1589 4142 ταπεινῶν
1613 4085 1711 4158 τὴν
1735 4085 1874 4150 ὁδὸν,

266 4197 383 4263 ἔξω
409 4190 511 4247 τοῦ
562 4189 772 4252 εἰκότος
806 4185 902 4240 καὶ
925 4183 1020 4238 τοῦ
1046 4182 1350 4257 πρέποντος
1377 4177 1596 4250 ἀληθῶς
1621 4176 1879 4247 γενέσθαι

269 4283 802 4361 παρασκευάζοντες
824 4277 1028 4351 (ὁποῖόν
1047 4295 1101 4331 τι
1127 4277 1385 4348 δέδρακεν
1417 4272 1722 4345 Ἰεροὸοάμ,
1750 4273 1881 4326 ἁνα-

271 4375 568 4440 πεπεικὼς
608 4373 941 4447 προσκυνεῖν
967 4372 1090 4433 ταῖς
1123 4365 1528 4440 χειροτεύκτοις
1564 4362 1878 4436 δαμάλεσι),

271 4476 378 4534 καὶ
405 4469 820 4540 ἀποστήσαντες
853 4461 974 4518 ὀδοῦ
1009 4461 1107 4532 τῆς
1140 4462 1220 4523 εἰς
1253 4457 1382 4512 εὐθύ
1420 4475 1482 4511 τε
1523 4457 1620 4510 καὶ
1648 4455 1877 4527 ἀγαθὸν,

271 4566 376 4629 τοῦ
413 4559 803 4636 προσκεῖσθαι,
843 4554 1009 4628 φημὶ,
1043 4550 1122 4624 τῷ
1149 4550 1310 4620 φύσει
1343 4548 1484 4620 Θεῷ.

367 4653 716 4713 Ἐκκλίνουσι
741 4649 851 4703 τῶν
877 4643 1152 4702 ταπεινῶν
1180 4642 1280 4706 τὰς
1309 4641 1464 4704 ὀδοὺς
1505 4639 1597 4693 καὶ⁵
1620 4639 1670 4691 οἰ
1699 4637 1882 4708 λέγειν

275 4753 344 4812 οὗ
384 4744 821 4821 παραιτούμενοι
850 4738 928 4812 τῷ
957 4737 1106 4809 ἠπίῳ
1151 4733 1251 4798 τὰς
1289 4733 1516 4806 φρέναςο
1561 4731 1717 4786 Ἐλθὲ
1763 4730 1884 4802 μεθ’

277 4843 470 4918 ἡμῶν,
506 4837 841 4908 κοινώνησον
873 4833 1109 4903 αἵματος
1157 4828 1368 4884 ἀδίκου.
1409 4825 1750 4881 Ἐκκλίνουσι
1774 4823 1886 4877 τῶν

277 4916 570 4994 ταπεινῶν
603 4932 705 5002 τὴν
735 4927 851 4984 ὁδὸν
881 4925 978 4980 καὶ
1020 4925 1071 4978 oi
1111 4921 1220 4975 τῶν
1261 4917 1732 4992 ὲκκλησιαστικῶν
1762 4916 1889 4986 δογ-

283 5033 483 5103 μάτων
523 5022 974 5098 παρα-τρέποντες
1002 5016 1102 5089 τὴν
1141 5013 1411 5086 ὀρθότητα
1441 5013 1614 5082 ὲπίγε
1649 5011 1711 5066 τὸ
1739 5009 1892 5080 σφίσι

281 5121 509 5186 δοκοῦν,
537 5118 636 5173 καὶ
665 5114 888 5169 σκολιὰν
945 5110 1040 5186 κα).
1062 5105 1505 5179 διεστραμμένην
1537 5105 1674 5159 ἰέναι
1702 5103 1891 5176 τρίϐον

283 5217 385 5274 τὸν
407 5211 520 5268 τῶν
563 5205 952 5276 ἁπλουστέρων
998 5197 1392 5262 ἀναπείθοντες
1436 5195 1593 5250 νοῦν’
1639 5195 1738 5249 καὶ
1783 5195 1894 5266 γὰρ

286 5309 414 5364 ἔστι
444 5305 578 5375 παρ’
629 5299 816 5361 αὐτοῖς
863 5293 1022 5366 ὀρθὸν
1081 5290 1183 5362 μὲν
1251 5289 1423 5356 οὐδὲν,
1472 5287 1896 5360 ὲκτετραμμένα

289 5400 353 5456 δὲ
385 5395 591 5471 μᾶλλον
645 5390 742 5446 καὶ
772 5386 983 5457 ἀκαλλῆ
1013 5385 1255 5457 ῥήματα,
1282 5381 1377 5436 καὶ
1403 5378 1671 5450 συνθῆκαι
1697 5378 1894 5448 λόγων,

292 5488 557 5553 ἀσεϐείας
592 5502 652 5540 τε
681 5480 820 5554 ὁμοῦ
855 5479 954 5533 καὶ
985 5475 1261 5548 ἀμαθείας
1294 5473 1541 5545 ἔμπλεοι.

368 5579 484 5636 Καὶ
517 5575 652 5642 υίὸς
703 5571 806 5627 καὶ
851 5567 1052 5637 πατὴρ
1090 5565 1551 5634 εἰσεπορεύοντο
1596 5557 1748 5628 πρὸς
1785 5557 1902 5626 τὴν

296 5671 503 5738 αὐτὴν
542 5665 898 5732 παιδίσκην,
949 5659 1112 5725 ὅπως
1154 5653 1558 5725 ,βεϐηλώσωσι
1606 5651 1674 5705 τὸ
1706 5649 1900 5719 ὄνομα

297 5763 413 5824 τοῦ
448 5758 599 5816 Θεοῦ
630 5754 849 5812 αὐτῶν.

1961 1979 2197 2036 culatum
2225 1995 2286 2038 se
2313 1981 2592 2040 custodire
2620 1985 2689 2040 ab
2711 1986 2815 2042 hoc
2849 1985 3049 2042 saeculo
3075 1985 3173 2041 “'.
3210 2005 3230 2040 ι

2031 2161 2100 2216 Et
2131 2161 2282 2218 viam'
2300 2164 2575 2219 humilium
2595 2165 3010 2223 declinaverunt.

2033 2253 2195 2311 XVII.
2229 2256 2344 2312 Hoc
2371 2256 2621 2313 bifariam
2653 2259 2944 2332 intelliges.
2973 2261 3084 2316 Aut
3121 2261 3272 2317 enim
3318 2261 3449 2318 illud
3481 2263 3558 2317 di-

1961 2347 2057 2414 cit,
2081 2365 2242 2420 supra
2274 2352 2492 2407 modum
2527 2349 2744 2409 inﬂatos
2781 2352 2971 2420 fuisse,
2991 2361 3046 2410 et
3104 2368 3172 2409 eo
3222 2359 3552 2428 arrogantiae

1962 2437 2075 2494 Deo
2109 2440 2339 2496 odibiles
2363 2444 2602 2510 venisse,
2633 2454 2693 2500 ut
2742 2451 2798 2499 et
2848 2444 3053 2501 fratres
3109 2456 3552 2516 aspernarentur,

1965 2531 2066 2586 nisi
2100 2533 2292 2602 opibus
2307 2533 2826 2600 circumﬂuerent,et
2843 2537 3153 2608 splendidas
3174 2552 3354 2593 rerum
3375 2539 3558 2609 copias

1965 2623 2250 2687 haberent,
2274 2635 2739 2696 gravarenturque
2795 2628 3197 2698 quodammodo
3240 2633 3428 2686 eadem
3469 2631 3558 2684 via

1966 2729 2088 2769 cum
2133 2715 2199 2770 iis
2250 2716 2480 2787 ingredi,
2533 2719 2628 2788 qui
2698 2720 2751 2774 in
2809 2723 3022 2777 ratione
3099 2723 3342 2792 pecunia:
3392 2736 3561 2777 avare

1965 2808 2278 2879 colligendae
2311 2825 2419 2866 non
2444 2821 2626 2868 essent
2647 2814 2867 2884 egregie
2893 2816 3206 2880 exercitati,
3233 2817 3326 2885 qui
3356 2824 3414 2872 et
3457 2817 3564 2872 hu-

1968 2900 2124 2956 miles
2146 2911 2296 2971 sunt,
2329 2902 2585 2962 fortuitos
2623 2907 2743 2962 vitae
2771 2905 2970 2964 fluctus
2999 2909 3069 2964 ab
3105 2924 3166 2964 se
3207 2910 3557 2979 repellentes.

1967 2995 2075 3049 Aut
2099 2995 2225 3066 quia
2285 2997 2532 3068 magistri
2582 3008 2638 3054 et
2698 3002 2864 3058 duces
2891 3002 3072 3073 populi
3108 3003 3254 3057 viam
3289 3003 3565 3058 declinant

1970 3090 2334 3160 inﬁrmorum,
2359 3094 2474 3149 sive
2499 3093 2808 3160 humilium,
2831 3110 3020 3151 eorum
3050 3094 3286 3161 scilicet,
3315 3096 3409 3166 qui
3470 3111 3568 3166 per

1970 3198 2030 3242 se
2050 3194 2357 3242 accuratam
2390 3185 2606 3242 utilium
2631 3198 2876 3244 notitiam
2915 3204 3022 3244 non
3055 3189 3294 3254 habent;
3323 3187 3417 3243 sed
3439 3202 3566 3242 eru-

1970 3278 2235 3333 dientium
2265 3294 2324 3334 se
2355 3280 2581 3335 vocibus
2611 3280 2794 3350 potius
2825 3282 3126 3338 adiutarent.
3154 3279 3367 3335 Talium
3408 3280 3566 3335 turba

1972 3368 2130 3439 longe
2156 3370 2391 3425 maxima
2423 3380 2529 3426 est.
2561 3370 2765 3426 Vivunt
2790 3373 2936 3427 enim
2961 3373 3180 3442 quidam
3237 3372 3568 3429 ’ncuriosius

1971 3469 2027 3516 et
2056 3460 2111 3514 in
2139 3461 2511 3530 simplicitate,
2545 3478 2575 3517 a
2635 3463 2857 3520 vocibus
2896 3465 3237 3532 docentium,
3269 3465 3386 3520 sive
3419 3466 3572 3520 insti-

1975 3553 2181 3610 tutione
2207 3555 2526 3624 pendentes,
2547 3564 2602 3612 et
2647 3572 2809 3628 quam
2859 3557 3000 3613 viam
3043 3560 3238 3614 bonam
3301 3574 3572 3627 cognove-

1976 3645 2106 3710 rint,
2140 3647 2491 3703 vehementer
2539 3659 2745 3704 amant.
2798 3647 3087 3720 Sapientes
3139 3651 3303 3722 igitur
3348 3662 3402 3707 et
3473 3650 3572 3705 Dei

1975 3747 2218 3792 amantes
2244 3739 2488 3808 magistri
2513 3741 2580 3796 ad
2613 3741 2665 3796 id
2702 3742 2846 3812 quod
2874 3753 3085 3796 rectum
3135 3753 3240 3809 est,
3281 3745 3575 3799 ostendunt

1977 3827 2100 3894 iter,
2127 3844 2223 3898 per
2250 3830 2392 3898 quod
2447 3831 2692 3888 actiones
2746 3847 2874 3888 suas
2933 3844 3343 3904 componentes,
3408 3835 3574 3889 vitam

1979 3919 2090 3975 Deo
2121 3919 2372 3990 placitam
2411 3920 2644 3977 feliciter
2669 3925 2978 3982 traducunt.
3006 3925 3246 3994 Quorum
3273 3935 3453 3982 autem
3482 3941 3577 3982 co-

1978 4011 2268 4081 gitationes
2308 4028 2337 4067 a
2370 4011 2480 4068 Deo
2512 4016 2702 4084 procul
2752 4017 2979 4084 distant,
3033 4019 3358 4088 detorquent
3394 4021 3578 4074 humi-

1980 4099 2110 4155 lium
2131 4101 2297 4165 viam,
2318 4101 2652 4172 faciuntque,
2678 4113 2737 4159 ut
2765 4113 2919 4158 extra
2955 4105 3006 4160 id
3029 4106 3174 4175 quod
3235 4121 3450 4174 aequum
3473 4115 3578 4171 est,

1981 4205 2036 4250 ct
2063 4210 2191 4250 vere
2222 4195 2673 4263 decet,ferantur
2720 4197 2902 4269 (quale
2952 4196 3081 4253 fecit
3130 4195 3440 4266 Jeroboam,
3487 4198 3578 4263 qui

1981 4287 2241 4346 lsraelitis
2268 4299 2459 4344 auctor
2499 4287 2637 4358 fuit,
2685 4300 2743 4344 ut
2769 4288 2965 4345 vitulos
3005 4288 3345 4345 manufactos
3386 4291 3582 4344 adura-

1985 4391 2105 4436 reut
2132 4379 2295 4451 M‘),et
2316 4395 2346 4434 a
2369 4378 2544 4432 via-ad
2575 4387 2783 4433 rectum
2823 4387 2878 4432 et
2909 4378 3109 4433 bonum
3157 4377 3482 4440 deducente,
3516 4375 3584 4429 ad

1984 4472 2388 4537 adhaerendum,
2421 4472 2665 4543 inquam,
2690 4471 2764 4539 ei,
2791 4470 2884 4541 qui
2909 4480 3106 4526 natura
3139 4469 3282 4525 Deus
3315 4478 3588 4536 est,aver-

1912 4581 1958 4638 ι)
1989 4575 2121 4620 lunt.

2054 4655 2231 4711 Etiam
2258 4653 2332 4708 illi
2362 4653 2650 4708 humilium
2673 4652 2815 4707 viam
2841 4651 3140 4720 declinant,
3202 4651 3294 4723 qui
3355 4666 3462 4707 non
3491 4651 3592 4706 du-

1985 4749 2166 4805 bitant
2201 4755 2386 4802 meute
2431 4761 2602 4817 puero
2634 4746 2864 4802 dicere:
2927 4745 3066 4802 Veni
3122 4745 3423 4808 nobiscum,
3473 4754 3593 4799 esto

1986 4839 2258 4911 particeps
2291 4838 2572 4908 sanguinis
2597 4838 2811 4908 iniusti.
2835 4837 3111 4894 Praeterea
3139 4837 3418 4893 declinant
3447 4837 3592 4890 viam

1988 4929 2298 4997 humilium,
2328 4930 2418 4999 qui
2436 4929 2692 5000 dogmata
2723 4930 3104 4986 ecclesiastica
3147 4929 3216 4984 ad
3265 4944 3418 4984 suam
3478 4929 3596 4998 opi-

1992 5023 2212 5078 nionem
2247 5021 2563 5091 depravant,
2591 5029 2646 5076 et
2689 5020 3080 5091 simpliciorum
3125 5021 3325 5076 animis
3373 5020 3594 5089 obliqua

1993 5121 2050 5170 et
2071 5127 2328 5182 perversa
2357 5113 2444 5167 via
2502 5112 2786 5168 ambulare
2836 5113 3186 5183 persuadent.
3242 5111 3389 5166 Nihil
3439 5111 3587 5165 enim

1997 5204 2138 5274 apud
2175 5203 2321 5274 ipsos
2347 5212 2555 5260 rectum
2596 5213 2702 5272 est,
2732 5205 2827 5261 sed
2853 5205 3034 5274 potius
3051 5207 3212 5259 verba
3245 5215 3503 5271 perversa
3543 5209 3598 5254 et

1999 5295 2278 5364 indecora,
2310 5306 2365 5350 et
2387 5311 2672 5353 sermones
2701 5295 3014 5368 compositi,
3056 5292 3357 5364 impietatis
3427 5289 3596 5344 simul

1998 5397 2054 5444 et
2075 5387 2306 5444 inscitiae
2337 5387 2503 5459 pleni.

2083 5565 2250 5637 268
2276 5564 2344 5620 Et
2375 5566 2520 5636 ﬁlius
2553 5576 2604 5620 et
2655 5573 2805 5634 pater
2835 5579 3062 5635 ingressi
3095 5572 3216 5618 sunt
3270 5561 3340 5616 ad
3362 5560 3602 5617 eamdem

2011 5659 2285 5730 ancillam,
2316 5669 2372 5716 ut
2399 5660 2654 5716 violarent
2689 5675 2879 5716 nomen
2896 5656 2997 5712 Dei
3025 5657 3128 5713 sui.

377 5877 428 5914 ιι
458 5875 623 5937 Ρι-ον,
662 5889 714 5940 χ,
754 5871 806 5925 4,
887 5870 952 5902 δ’δ’
984 5865 1101 5923 Jac.
1145 5883 1182 5934 ι,
1217 5864 1306 5921 27.
1388 5863 1433 5896 "
1467 5856 1532 5916 ΙΙΙ
1570 5861 1706 5931 lleg.
1745 5875 1846 5927 xu,
1882 5857 2007 5921 28.,
