4054 6480
507 372 613 426 “5

1539 371 1597 428 S.
1632 369 1909 427 Cl’RlLLl
1951 365 2430 425 ALEXANDRINI
2466 367 2791 425 AllClllEP.

3690 374 3797 432 4H

582 486 768 544 XVIII.
805 488 1035 558 Propter
1065 495 1348 558 protervas
1382 498 1436 544 et
1460 489 1886 558 reprehensione
1906 490 2097 560 dignas

2271 485 2379 542 lH'.
2424 485 2551 540 Ἐπὶ
2576 485 2813 558 θερμαῖς
2842 487 2937 542 καὶ
2982 488 3342 561 έπιπλήκτοις⁵
3367 490 3582 562 ἡδοναῖς
3609 509 3799 547 καται-

507 584 812 653 voluptates
853 598 1067 638 rursum
1101 584 1155 638 in
1196 598 1292 639 eos
1332 582 1640 647 invehitur,
1663 592 1720 640 et
1757 583 1810 638 in
1845 598 1954 639 uno
1994 583 2098 639 hoc

510 683 732 744 peccato
764 690 982 730 onmem
1012 677 1271 744 pudorem
1299 675 1694 746 contempsisse
1712 676 2097 744 ostendit,cum

512 765 704 820 melius
735 766 947 831 fuisset,
977 766 1316 820 turbulentas
1343 765 1610 821 motiones
1629 766 2008 837 comprimere,
2044 774 2100 823 et

512 857 843 926 superiorem
869 873 987 912 esse
1010 856 1280 925 voluptate
1332 857 1594 912 inusitata
1643 873 1707 913 ac
1752 859 2095 925 detestanda,

509 958 561 1002 et
599 948 893 1017 praecidere
920 949 1266 1016 cupiditates,
1288 947 1619 1003 voluntatem
1637 950 1819 1004 carnis
1844 963 2101 1006 coercere

510 1049 566 1095 et
594 1040 694 1111 legi
726 1041 777 1095 in
825 1041 1082 1096 membris
1148 1042 1349 1097 nostris
1405 1040 1453 1073 “
1521 1041 1800 1097 ferocienti
1858 1042 2096 1112 quietem

510 1124 836 1201 persuadere
861 1132 1117 1187 scientes.
1172 1130 1379 1188 Verum
1428 1132 1527 1200 illi,
1569 1133 1636 1186 ad
1680 1142 1790 1187 tam
1838 1133 2097 1190 eximiam

510 1224 768 1280 virtutem
799 1242 901 1281 nou
933 1227 1260 1293 aspirantes,
1279 1227 1391 1281 suis
1418 1226 1764 1294 passionibus
1788 1228 1915 1283 victi
1941 1220 2144 1295 sunt,‘

509 1318 720 1385 opinor.
754 1318 954 1373 Deinde
979 1321 1252 1389 quomodo
1275 1335 1382 1376 non
1407 1333 1528 1374 cum
1558 1320 1822 1389 sapientia
1871 1321 2099 1392 conjun-

508 1421 787 1490 ctumest,
822 1414 873 1467 in
920 1414 1083 1468 rebus
1115 1415 1363 1482 turpibus
1387 1413 1579 1469 saltem
1613 1414 1814 1485 eligere
1866 1416 2097 1473 melius?

506 1502 576 1554 At
610 1502 835 1556 stultum
884 1518 1109 1571 prorsus
1144 1506 1437 1573 concipere
1477 1505 1637 1576 longe
1683 1506 2092 1577 uel‘andissima,

506 1600 562 1645 et
592 1592 646 1646 in
674 1596 846 1662 patris
869 1595 1045 1652 cubile
1073 1597 1280 1652 insilire
1308 1596 1502 1662 (illum,
1546 1598 1600 1652 in
1632 1598 1728 1653 ﬁlii
1780 1611 1963 1656 autem
1997 1618 2093 1658 cu-

508 1679 619 1735 bile
640 1682 872 1738 scelesto
904 1693 959 1737 et
975 1684 1171 1740 insano
1195 1700 1380 1740 sutore
1401 1687 1664 1756 percitum
1701 1684 1834 1741 ferri
1861 1697 2091 1758 patrem,

506 1782 561 1828 et
592 1789 698 1829 non
725 1775 975 1831 dubitare
1007 1776 1219 1832 facinus
1252 1777 1616 1841 committere,
1649 1778 1794 1848 quod
1832 1779 1950 1835 sine
1978 1780 2094 1851 lege

509 1866 713 1938 Moysis
733 1877 925 1924 natura
946 1869 1063 1939 ipsa
1091 1884 1188 1939 pro
1226 1874 1365 1939 turpi
1392 1872 1575 1935 habet,
1611 1871 1859 1940 iratoque
1910 1871 2093 1929 animo

509 1957 983 2015 condemnandum
1014 1969 1219 2016 censet.
1255 1960 1442 2029 Itaque
1473 1961 1684 2030 Ruben,
1726 1970 1949 2031 paterno
1996 1979 2094 2020 cu-

509 2051 604 2106 bili
636 2051 856 2118 violato,
886 2068 1215 2123 magnopere
1267 2052 1490 2109 oﬂendit
1520 2054 1587 2108 ⁸⁷.
1644 2055 1956 2126 Indignatus
2008 2068 2093 2115 est

510 2144 638 2199 item
668 2146 1017 2201 vehementer
1041 2146 1242 2203 Paulus
1266 2162 1430 2218 super
1481 2148 1575 2203 tali
1625 2151 1859 2219 quodam
1884 2151 2094 2207 scelere

507 2236 649 2305 apud
688 2239 1001 2295 Corinthios
1062 2250 1396 2310 perpetrato.
1459 2241 1667 2309 Quibus
1729 2242 1805 2297 ita
1851 2243 2088 2300 scribit:

513 2344 533 2378 ς
567 2328 802 2387 Omnino
825 2331 1048 2386 auditur
1076 2332 1219 2387 inter
1241 2347 1338 2389 vos
1383 2332 1692 2401 fornicatio,
1728 2345 1784 2389 et
1826 2335 1946 2391 talis
1984 2334 2095 2391 for-

508 2421 712 2477 nicatio
770 2423 944 2491 qualis
1003 2439 1105 2480 nec
1155 2425 1299 2481 inter
1360 2436 1574 2495 gentes,
1622 2435 1683 2481 ut
1720 2441 1944 2484 uxorem
2001 2442 2095 2497 pa-

510 2513 612 2569 tris
664 2515 747 2569 sui
789 2516 911 2586 quis
955 2517 1153 2573 habeat
1195 2518 1263 2572 “.
1299 2537 1320 2573 ι
1376 2519 1482 2574 Sed
1533 2534 1640 2574 non
1676 2521 1786 2587 hic
1836 2519 1953 2588 ejus
2005 2521 2093 2576 in-

506 2603 754 2674 dignatio
804 2607 984 2675 stetit,
1020 2607 1243 2663 tradidit
1272 2609 1417 2664 euim
1462 2623 1584 2663 eum
1641 2611 1731 2681 qui
1776 2611 1829 2666 id
1888 2611 2095 2668 fecerat

510 2695 729 2752 Satanae
765 2698 819 2752 in
838 2699 1116 2756 interitum
1162 2700 1359 2757 carnis.
1419 2700 1635 2758 Violant
1696 2703 1859 2773 igitur
1895 2719 2091 2761 nomen

510 2790 604 2843 Dei
628 2787 714 2846 sui
748 2791 1116 2863 hujuscemodi
1145 2794 1491 2862 passiouibus
1524 2795 1796 2866 impliciti.
1820 2794 1931 2852 Nec
2000 2811 2096 2854 eos

509 2881 763 2938 sordibus
794 2893 850 2937 et
880 2883 1218 2940 immunditia
1245 2886 1482 2941 divinam
1520 2898 1767 2942 naturam
1806 2902 2095 2960 aspergere

511 2971 769 3028 dicimus.
798 2972 901 3040 Qui
921 2975 1068 3030 enim
1106 2977 1289 3032 istud?
1318 2978 1414 3033 sed
1478 2977 1842 3049 blasphemari
1890 2979 2097 3036 faciunt

510 3064 690 3134 potius
723 3066 1097 3121 universorum
1133 3068 1320 3135 Deum,
1351 3078 1408 3123 ut
1437 3070 1531 3139 qui
1600 3071 1812 3141 populis
1850 3073 2097 3145 profanis

2150 1231 2155 1238 ρ

2127 1842 2168 1898 Β

2198 576 2384 633 τιᾶται
2412 577 2596 643 πάλιν,
2618 579 2713 633 καὶ
2744 580 2965 652 ἁπάσης
2994 581 3293 653 εὐκοσμίας
3325 585 3686 655 ήφειδοκότας
3706 587 3796 658 ἐφ’

2199 669 2283 723 ἐνὶ
2313 668 2377 742 δὴ
2425 668 2604 741 τούτῳ
2648 669 2851 740 δέδειχε
2899 670 3356 744 πλημμελήματι.
3390 668 3501 728 Ἦν
3538 676 3639 746 μὲν
3683 678 3799 749 γὰρ

2198 762 2423 832 ἄμεινον
2449 762 2509 816 τὸ
2532 761 2984 834 κατανδρίζεσθαι
3008 765 3220 832 παθῶν,
3248 765 3342 819 καὶ
3362 769 3797 838 κατευμεγεθεῖν

2199 859 2393 930 ἡδονῆς
2423 859 2655 913 ἐκτόπου
2705 857 2801 913 xal.
2847 860 3120 932 μυσαρᾶς,
3150 860 3247 915 καὶ
3288 861 3624 916 ἀποκόπτειν
3663 863 3795 916 ἐπι-

2200 951 2419 1021 θυμίας,
2453 953 2567 1015 τοῖς
2590 951 2701 1005 τῶν
2734 951 2958 1024 σαρκῶν
2989 951 3291 1022 θελήμασιν
3312 954 3572 1025 ἐπιτιμᾷν
3615 953 3795 1021 ἐγνω-

2198 1042 2385 1106 κότας,
2419 1042 2517 1096 καὶ
2546 1046 2887 1115 κατηρεμεῖν
2911 1043 3305 1109 ἀναπείθοντας
3343 1045 3436 1099 τὸν
3466 1048 3524 1099 ἐν
3546 1047 3662 1109 τοῖς
3691 1045 3792 1115 μέ-

2202 1150 2346 1187 λεσιν
2384 1133 2545 1205 ήμῶν
2589 1135 2942 1205 ἀγριαίνοντα
2992 1135 3177 1206 νόμον.
3224 1135 3368 1190 Ἀλλ’
3396 1132 3536 1207 ἦσαν
3589 1138 3793 1191 ἐκεῖνοι

2196 1224 2298 1291 τῆς
2342 1221 2487 1277 οὓτω
2535 1222 2795 1296 λαμπρᾶς
2846 1224 3079 1278 κατόπιν
3138 1225 3363 1296 ἀρετῆς,
3414 1227 3679 1298 ἥττηνται
3732 1226 3792 1281 δὲ

2195 1312 2338 1385 τάχα
2365 1330 2470 1368 που
2495 1313 2605 1368 τῶν
2629 1316 2710 1379 εἰς
2741 1315 2921 1387 σάρκα
2950 1315 3161 1371 παθῶν.
3193 1312 3329 1372 Εἶτα
3352 1316 3470 1382 πῶς
3502 1318 3565 1372 οὐ
3597 1318 3788 1387 σοφὸν,

2197 1406 2303 1461 κᾶν
2331 1405 2463 1476 γοῦν
2485 1408 2544 1460 ἐν
2575 1409 2687 1471 τοῖς
2702 1409 2954 1481 αἰσχροῖς
2979 1407 3251 1478 αἱρεῖσθαι
3270 1409 3334 1462 τὸ
3357 1409 3617 1480 ἄμεινον;
3665 1410 3787 1463 Ἑν»

2196 1502 2338 1554 νοεῖν
2371 1517 2432 1554 τε
2483 1499 2594 1555 τῶν
2632 1500 2772 1570 ἄγαν
2826 1501 3217 1568 ἀτοπωτάτων,
3262 1501 3472 1572 πατρὸς
3517 1503 3616 1575 μὲν
3669 1502 3789 1557 υἰὸν

2195 1590 2564 1664 ἐπιθρώσκειν
2592 1593 2797 1661 εὐναῖς,
2833 1592 3047 1664 πατέρα
3074 1593 3131 1646 δὲ
3160 1593 3353 1656 αὐταῖς
3395 1592 3491 1646 τοῦ
3522 1592 3641 1648 υἰοῦ
3666 1594 3787 1647 κοί-

2194 1703 2315 1751 ταις
2356 1687 2588 1751 ἀνοσίως
2618 1686 3007 1758 ἐπιμαίνεσθαι
3035 1684 3233 1757 φιλεῖν,
3258 1686 3354 1740 καί
3385 1686 3585 1758 πράξει
3612 1687 3788 1743 δεινὸν

2198 1780 2415 1833 ἑλέσθαι
2443 1778 2706 1851 πληροῦν,
2736 1778 2767 1832 ὃ
2807 1779 2903 1833 καὶ
2932 1779 3056 1851 δίχα
3083 1778 3253 1850 νόμου
3293 1778 3391 1833 τοῦ
3424 1779 3516 1834 διὰ
3541 1780 3791 1845 Μωσέως

2196 1875 2230 1945 ή
2261 1872 2424 1942 φύσις
2465 1868 2608 1926 οἶδεν
2647 1871 2891 1943 αἰσχρὸν,
2922 1873 3017 1925 καὶ
3052 1874 3167 1937 τοῖς
3199 1870 3261 1937 ἐξ
3303 1871 3475 1944 ὀργῆς
3521 1873 3789 1945 κινήμασι

2194 1961 2580 2026 καταδικάζειν
2628 1962 2791 2028 ἀξιοῖ.
2837 1961 2948 2016 Καὶ
2968 1959 3101 2032 γοῦν
3143 1964 3172 2017 ὁ
3213 1962 3496 2033 Ῥουθεὶμ,
3535 1962 3637 2034 τὴν
3687 1960 3785 2015 τοῦ

2197 2056 2432 2128 πατέρος
2449 2055 2717 2127 ἀδικήσας
2741 2055 2926 2126 εὐνὴν,
2959 2055 3404 2128 προσκέκρουκεν
3429 2057 3493 2109 οὐ
3522 2055 3782 2127 μετρίως.

2208 2147 2537 2216 Ἡγανάκτει
2568 2146 2628 2201 δὲ
2669 2147 2879 2219 σφόδρα
2909 2146 3006 2201 καὶ
3044 2145 3261 2210 Παῦλος
3302 2147 3397 2200 ἐπὶ
3443 2146 3637 2217 τοιῷδέ
3678 2162 3787 2200 τινι

2195 2237 2571 2310 πεπραγμένῳ
2582 2237 2735 2309 παρὰ
2748 2236 3078 2309 Κορινθίοις,
3101 2237 3196 2292 καὶ
3210 2236 3538 2291 ἐπιστέλλει·
3558 2256 3577 2289 ι
3607 2237 3787 2300 Ἤλως

2193 2328 2451 2383 ἀκούεται
2475 2332 2534 2383 ἐν
2569 2328 2698 2400 ὑμῖν
2739 2327 2987 2400 πορνεία,
3020 2327 3117 2381 καὶ
3154 2326 3380 2398 τοιαύτη
3408 2327 3634 2398 πορνεία
3662 2326 3787 2397 ἥτις

2194 2421 2316 2475 οὐδὲ
2350 2423 2408 2474 έν
2433 2422 2550 2482 τοῖς
2581 2419 2793 2474 ἔθνεσιν
2824 2419 3178 2490 ὀνομάζεται,
3204 2419 3348 2474 ὥστε
3377 2419 3613 2489 γυναῖκά
3659 2434 3782 2471 τινα

2192 2515 2288 2569 τοῦ
2316 2514 2525 2586 πατρὸς
2571 2512 2736 2583 ἔχειν.
2779 2531 2800 2566 ι
2846 2512 2988 2566 Ἀλλ’
3033 2512 3094 2566 οὐ
3153 2513 3316 2584 μέχρι
3359 2511 3567 2566 τούτων
3597 2511 3784 2582 ἵστησι

2193 2608 2294 2680 τὴν
2341 2608 2734 2679 ἀγανάκτησιν.
2760 2604 3053 2678 Παρεδίδου
3090 2605 3147 2660 δὲ
3178 2606 3270 2660 τὸν
3304 2603 3667 2678 εἰργασμένον
3708 2603 3786 2675 τῷ

2194 2701 2432 2774 Σατανᾷ,
2468 2700 2606 2772 πρὸς
2632 2698 2854 2772 ὄλεθρον
2887 2701 2987 2769 τῆς
3015 2698 3235 2769 σαρκός.
3270 2697 3573 2771 Βεὸηλοῦσι
3601 2698 3669 2766 δὴ
3689 2695 3785 2752 οὖν

2193 2792 2257 2846 τὸ
2285 2794 2459 2863 δνομα
2500 2790 2596 2844 τοῦ
2618 2789 2756 2844 Θεοῦ
2807 2790 2990 2845 αὐτῶν
3040 2790 3090 2843 οἰ
3128 2790 3242 2854 τοῖς
3269 2790 3496 2844 τοιοῖσδε
3553 2790 3784 2846 πάθεσιν

2196 2884 2392 2956 ἔνοχοι.
2433 2883 2543 2937 Καὶ
2588 2881 2736 2937 οὗτοι
2797 2881 2900 2935 πού
2938 2898 3142 2953 φαμεν,
3184 2882 3268 2935 δτι
3325 2881 3628 2952 βεῦήλωσιν
3687 2884 3783 2936 καὶ

2197 2975 2541 3048 ἀκαθαρσίαν
2587 2977 2653 3046 τῇ
2708 2972 2828 3046 θεία
2878 2972 3237 3045 προσέτριδον
3284 2973 3468 3043 φύσει·
3506 2974 3629 3039 πῶς
3676 2977 3784 3047 γὰρ

2197 3066 2285 3136 ἂν,
2320 3069 2355 3140 ἢ
2384 3066 2581 3134 πόθεν;
2618 3065 3022 3137 δυσφημεῖσθαι
3077 3064 3134 3118 δὲ
3185 3063 3387 3135 μᾶλλον
3431 3065 3791 3136 παρασκευά-

510 3156 759 3226 imperet.
792 3154 931 3214 Hinc
956 3160 1023 3213 ad
1043 3157 1235 3214 Judam
1255 3160 1332 3214 ait
1364 3178 1378 3214 :
1406 3179 1427 3213 ι
1458 3159 1562 3215 Per
1580 3174 1675 3215 vos
1701 3175 1894 3218 nomen
1916 3179 2093 3233 meum

2200 3161 2352 3227 ζουσι
2374 3160 2464 3214 τὸν
2497 3158 2604 3212 τῶν
2629 3158 2766 3212 ῶων
2788 3156 2943 3225 Θεὸν,
2975 3156 3052 3222 ὡς
3082 3156 3330 3229 βεϐήλων
3351 3158 3590 3230 ἄρχοντα
3615 3158 3787 3213 λαῶν.

513 3247 919 3318 blasphematur
949 3251 1002 3305 iu
1022 3251 1273 3322 gentibus
1320 3252 1392 3308 ".
1437 3250 1897 3318 Quemadmodum
1948 3256 2092 3311 enim

2200 3255 2307 3310 Kal.
2336 3253 2467 3322 γοῦν
2488 3251 2591 3325 ἔφη
2623 3268 2728 3306 που
2755 3251 2893 3324 πρὸς
2932 3249 3157 3305 Ἰούδαν·
3193 3268 3213 3302 ι
3250 3252 3330 3304 Δι’
3363 3251 3510 3322 ὑμᾶς
3530 3252 3593 3306 τὸ
3615 3252 3791 3323 ὄνομά

514 3338 683 3395 Deum
712 3342 1053 3398 sauctiiicare
1082 3342 1334 3399 dicuntur
1351 3346 1444 3414 qui
1473 3357 1622 3403 recte
1644 3348 1944 3415 vivunt,sic
1967 3363 2095 3404 eum

2200 3363 2300 3419 μου
2351 3346 2757 3417 βλασφημεῖται
2808 3346 2865 3397 ἐν
2914 3345 3028 3407 τοῖς
3078 3342 3306 3397 ἔθνεσιν.
3357 3362 3375 3395 ι
3413 3343 3624 3417 Ὥσπερ
3676 3348 3790 3418 γὰρ

511 3433 718 3489 violare
745 3434 988 3506 intelligi.
1032 3447 1259 3505 possunt
1314 3440 1407 3509 qui
1460 3442 1732 3510 impurum
1781 3452 1837 3498 et
1865 3441 2095 3499 illauda-

508 3524 618 3582 bile
645 3528 768 3583 vita:
805 3528 1113 3584 institutum
1138 3539 1559 3602 persequuntur.

574 3719 742 3778 Vsus.
775 3723 830 3777 8.
862 3722 929 3776 Et
959 3724 1265 3778 vestimenta
1288 3740 1470 3779 eorum
1498 3723 1721 3797 ligatam
1741 3727 1979 3798 funibus,
2011 3748 2094 3787 ve-

506 3811 706 3867 lamina
733 3808 1018 3881 faciebam,
1067 3817 1395 3871 adhrerentia
1443 3819 1641 3884 altari;
1694 3832 1740 3876 et
1802 3824 1977 3879 vinum
2030 3841 2096 3879 ea:

508 3903 792 3959 calumniis
814 3905 1053 3961 bibebam
1085 3907 1139 3961 in
1167 3909 1325 3963 domo
1350 3908 1448 3965 Dei
1464 3912 1568 3966 sui.

580 4083 723 4138 XIX.
755 4083 1008 4141 Dominus
1040 4098 1223 4143 noster
1242 4087 1398 4145 Jesus
1436 4089 1684 4147 Christus
1717 4107 1821 4149 non
1848 4094 1917 4149 ob
1941 4093 2087 4149 aliud

509 4177 690 4231 divina
730 4179 923 4248 templa
954 4181 1269 4236 aedificanda
1297 4183 1522 4248 docens,
1548 4197 1711 4254 quam
1741 4192 1802 4239 ut
1853 4184 1910 4240 in
1965 4185 2095 4255 ipsis

510 4269 887 4325 universorum
927 4269 1069 4327 Deus
1094 4271 1446 4342 gloriﬁcetur,
1479 4280 1535 4326 et
1587 4287 1709 4341 quae
1760 4272 1908 4328 illum
1942 4274 2096 4331 decet

509 4360 757 4414 adoratio
780 4361 1123 4426 adhibeatur,
1157 4362 1449 4432 aliquando
1472 4360 1783 4417 Judazorum
1811 4363 2092 4421 institores

511 4452 796 4519 increpuit,
819 4452 909 4521 qui
942 4453 1195 4508 animalia
1230 4456 1283 4507 in
1314 4451 1571 4521 templum
1588 4453 1941 4521 adducerent,
1969 4470 2090 4511 cum

2196 3435 2444 3506 ἀγιάζειν
2474 3435 2722 3504 λέγονται
2756 3433 2847 3487 τὸν
2888 3431 3025 3487 Θεὸν
3053 3433 3099 3486 οἰ
3132 3433 3336 3500 ζῶντες
3376 3434 3574 3506 ὀρθῶς,
3613 3433 3791 3501 οὕτως

2195 3530 2263 3585 ἂν
2322 3530 2524 3584 νοοῖντο
2575 3526 2839 3600 βεδηλοῢν
2884 3528 2936 3580 οἰ
2975 3527 3073 3599 τὴν
3120 3524 3431 3599 ἀκάθαρτον
3473 3528 3570 3581 καὶ
3616 3526 3792 3582 ἀκλεᾶ

2194 3625 2607 3696 ἐπιτηδεύοντες
2641 3624 2939 3680 πολιτείαν.
2974 3674 2975 3677 η

2265 3718 2375 3774 Kal
2425 3717 2499 3772 τὰ
2545 3715 2745 3787 ἱμάτια
2775 3713 2975 3772 αὐτῶν
3027 3712 3428 3783 δεσμεύοντες
3467 3715 3790 3783 σχοινίοις,

2195 3809 2709 3880 παραπετάσματα
2735 3808 2987 3862 ἐποίουν
3017 3808 3277 3877 ἐχόμενα
3316 3807 3424 3861 τοῦ
3457 3809 3793 3875 θυσιαστη-

2187 3904 2327 3973 ρίου
2347 3919 2362 3934 ·
2410 3900 2511 3958 καὶ
2540 3901 2709 3956 οἶνον
2752 3898 2823 3953 ἐκ
2871 3898 3296 3973 συκοφαντιῶν
3337 3896 3551 3953 ἔπινον
3591 3897 3665 3952 ἐν
3710 3898 3794 3964 τῷ

2196 3996 2340 4063 οἴκῳ
2376 3993 2484 4050 τοῦ
2517 3993 2667 4049 Θεοῦ
2692 3990 2915 4047 αὐτῶν.

2265 4088 2366 4142 ΙΘ’.
2416 4085 2475 4140 '0
2504 4084 2710 4156 Κύριος
2736 4082 2895 4156 ἡμῶν
2941 4080 3150 4156 Ἰησοῦς
3172 4081 3429 4154 Χριστὸς,
3467 4083 3567 4151 οὐχ
3596 4081 3791 4153 ἐτέρου

2196 4178 2480 4249 του,χάριν
2508 4178 2636 4241 τοὺς
2676 4175 2856 4238 θείους
2889 4175 3089 4247 χρῆναι
3123 4174 3288 4239 ναοὺς
3310 4172 3681 4228 ἐπιτελεῖσθαι
3714 4173 3795 4227 δι-

2194 4271 2429 4335 δάσκων,
2459 4268 2495 4340 ἦ
2552 4266 2693 4320 ὥστε
2736 4265 3036 4335 δοξολογεῖν
3081 4266 3141 4318 ἐν
3172 4265 3356 4327 αὐτοῖς
3383 4263 3476 4318 τὸν
3517 4263 3626 4318 τῶν
3650 4263 3792 4317 ὅλων

2194 4362 2447 4426 Θεὸν,καὶ
2468 4359 2566 4433 τὴν
2591 4359 2741 4430 αὐτῷ
2764 4357 3081 4431 πρέπουσαν
3094 4357 3367 4411 ποιεῖσθαι
3392 4356 3788 4427 προσκύνησιν,

2195 4455 2435 4525 ἐπετίμα
2481 4453 2612 4507 ποτὲ
2652 4454 2768 4516 τοῖς
2810 4451 3085 4507 Ἰουδαίων
3138 4450 3423 4521 ἐμπόροις,
3474 4451 3792 4520 παρακομί-

510 4542 647 4597 dixit
678 4561 693 4597 :
722 4563 742 4597 ι
773 4543 976 4601 Domus
1007 4545 1360 4612 mea,domus
1392 4542 1560 4614 269
1579 4544 1843 4602 orationis
1877 4549 2095 4605 vocabi-

2200 4549 2384 4613 ζουσιν
2413 4547 2471 4601 ἐν
2496 4544 2574 4617 τῷ
2604 4544 2736 4616 ἰερῷ
2777 4544 2910 4610 ζῶα.
2947 4544 3285 4615 Γέγραπται·
3321 4561 3343 4597 ι
3386 4544 3446 4599 '0
3474 4540 3622 4607 οἶκός
3658 4561 3787 4615 μου,

514 4645 602 4690 tur
626 4636 696 4703 ⁸ο,
728 4655 746 4688 ι
798 4639 1147 4709 adiungitque
1195 4648 1351 4690 sacra
1411 4635 1711 4705 Scriptura,
1781 4642 2093 4698 recordatus

512 4723 682 4782 fuisse
713 4728 1025 4798 discipulos,
1044 4726 1168 4795 quia
1200 4723 1459 4792 scriptum
1489 4726 1561 4781 sit
1592 4744 1607 4782 :
1673 4746 1693 4779 ι
1722 4727 1880 4784 Zelus
1899 4731 2094 4788 domus

515 4828 617 4872 tuae
646 4820 888 4875 comedit
914 4835 1001 4874 nte
1028 4818 1100 4872 υτ.
1145 4836 1166 4870 ι
1204 4814 1466 4888 Obiurgat
1491 4818 1654 4874 etiam
1684 4820 1881 4877 Paulus
1928 4836 2094 4894 quos-

513 4911 634 4966 dam
663 4909 861 4965 similia
884 4911 1081 4966 audere
1145 4909 1350 4965 solitos.
1386 4929 1406 4963 ι
1468 4911 1716 4983 Nunquid
1763 4912 1955 4969 domos
1986 4930 2091 4970 non

513 5003 750 5068 habetis,
774 5001 968 5072 inquit,
998 5002 1066 5056 ad
1099 5004 1531 5059 manducandum
1557 5013 1612 5061 et
1650 5006 1963 5068 bibendum.
2000 5018 2092 5061 aut

512 5095 799 5151 ecclesiam
828 5093 923 5151 Dei
958 5096 1396 5152 contemnitis"?
1429 5114 1449 5149 ι
1484 5096 1695 5169 Ubique
1724 5099 1885 5168 igitur
1905 5100 2097 5155 obesse

515 5195 759 5258 apparet,
797 5186 994 5242 divinis
1042 5188 1247 5243 aedibus
1312 5200 1567 5260 tanquam
1609 5191 1987 5248 communibus
2041 5196 2096 5248 et

516 5277 780 5348 profanis,
807 5287 861 5333 et
883 5278 1173 5348 unicuique
1198 5282 1434 5353 propriis
1484 5282 1658 5338 abuti.
1693 5280 1792 5338 Ubi
1819 5284 1962 5337 enim
1982 5281 2090 5351 jam

520 5369 628 5422 Deo
655 5367 981 5422 conveniens
998 5367 1172 5426 cultus
1199 5381 1503 5441 praestetur,
1548 5376 1592 5428 si
1623 5382 1753 5428 aute
1772 5374 1956 5429 oculos
1978 5372 2095 5441 ejus

517 5459 700 5513 carnis
730 5458 1094 5529 voluptatibus
1125 5465 1469 5521 serviamus?
1491 5474 1547 5521 et
1567 5467 1619 5521 iu
1655 5468 1849 5538 quibus
1880 5474 2097 5537 propter

520 5551 932 5607 sanctimoniam
964 5555 1200 5624 conspici
1255 5571 1353 5613 uos
1378 5557 1685 5629 splendidos
1722 5560 2027 5632 oportebat,
2051 5559 2097 5615 si

592 5756 637 5787 "
669 5753 957 5833 llum._vrr,
992 5757 1084 5810 ‘23.
1124 5757 1224 5833 “"7
1249 5757 1362 5817 Gen
1423 5780 1566 5833 thx,
1596 5765 1647 5824 4.
1725 5766 1771 5799 ⁸⁸
1806 5766 1823 5821 l
1863 5766 1989 5825 Cor.
2018 5779 2072 5831 ν,
2102 5764 2156 5819 1ο

525 5825 614 5882 10.
689 5827 736 5859 ⁸³
777 5827 794 5881 Ι
834 5829 961 5884 Cor.
1003 5843 1080 5896 χι,
1122 5827 1213 5881 22.

444 6106 547 6293 ,ιχ

2199 4634 2348 4702 οἶκος
2396 4636 2707 4710 προσευχῆς
2755 4634 3112 4707 κληθήσεται.
3151 4655 3170 4689 ι
3234 4637 3581 4707 Ἐπεσήμηνε
3624 4635 3684 4689 δὲ
3730 4636 3792 4689 τὸ

2198 4730 2441 4803 Γράμμα
2484 4727 2547 4781 τὸ
2588 4726 2755 4798 ἱερὸν,
2790 4726 2865 4787 ὡς
2915 4726 3268 4798 ἐμνήσθησαν
3294 4728 3343 4778 οἱ
3396 4725 3661 4796 μαθηταὶ,
3707 4724 3791 4778 ὅτι

2197 4820 2584 4893 γεγραμμένον
2614 4813 2703 4889 ἧνσ
2741 4835 2760 4867 ι
2812 4816 2870 4870 '0
2898 4817 3058 4888 ζῆλος
3093 4816 3189 4870 τοῦ
3224 4815 3379 4871 οἴκου
3411 4834 3506 4869 σου
3541 4817 3794 4886 καταφά·

2198 4914 2358 4983 γεταί
2390 4930 2479 4984 με.
2521 4930 2540 4962 ›
2585 4909 2925 4980 Έπέπληττε
2961 4910 3018 4963 δέ
3056 4927 3167 4964 τισι
3198 4911 3293 4964 καὶ
3328 4909 3563 4974 Παῦλος,
3608 4910 3791 4962 τοιάδε

2198 5005 2320 5060 τινὰ
2357 5005 2558 5076 τολμᾷν
2606 5001 2843 5057 εἰωθόσι.
2879 5022 2900 5054 ‹
2931 5002 3025 5073 Μὴ
3054 5001 3185 5075 γάρ,
3237 5003 3427 5075 φησὶν,
3472 5001 3651 5065 οἰκίας
3688 5001 3791 5054 οὐκ

2198 5098 2351 5170 ἔχετε
2379 5098 2457 5160 εἰς
2485 5096 2546 5150 τὸ
2577 5095 2779 5149 ἐσθίειν
2809 5095 2903 5148 καὶ
2927 5093 3122 5157 πίνειν,
3148 5094 3181 5165 ἢ
3205 5094 3307 5163 τῆς
3355 5092 3656 5163 ἐκκλησίας
3694 5089 3790 5145 τοῦ

2199 5184 2332 5240 Θεοῦ
2387 5187 2812 5258 καταφρονεῖτε;
2858 5203 2876 5236 ι
2937 5183 3282 5247 Ἀλυσιτελὲς
3326 5184 3392 5255 δὴ
3437 5177 3531 5236 οῦν
3592 5183 3789 5252 ὁρᾶται

2200 5277 2477 5349 πανταχοῦ
2515 5276 2576 5331 τὸ
2617 5278 2729 5340 τοῖς
2762 5275 2927 5340 θείοις
2971 5275 3144 5339 οἴκοις
3176 5273 3625 5345 κατακεχρῆσθαι
3670 5272 3791 5325 τολ-

2206 5373 2331 5444 μᾷν,
2360 5370 2562 5425 meavel.
2594 5368 2689 5424 καὶ
2718 5371 2829 5432 τοῖς
2855 5370 3053 5431 κοινοῖς
3083 5368 3178 5421 καὶ
3207 5370 3320 5432 τοῖς
3349 5367 3564 5436 ἑκάστῳ
3617 5375 3789 5436 προσ-

2204 5466 2429 5537 ήκουσιν
2486 5462 2670 5526 ἰδικῶς
2703 5460 2831 5534 (ποῦ
2864 5460 2973 5532 γὰρ
3017 5459 3098 5514 ἔτι
3142 5459 3222 5531 τῷ
3251 5458 3370 5530 Θεῷ
3403 5457 3684 5530 προσῆκον
3720 5454 3787 5509 ἂν

2202 5560 2423 5629 τηροῖτο
2480 5554 2666 5621 σέϐας,
2713 5555 2762 5607 εἰ
2813 5552 3015 5621 σαρκὸς
3062 5552 3255 5623 ἡδονὰς
3300 5544 3686 5623 ’θεραπεύομεν
3726 5548 3786 5600 ἐν

2251 5763 2297 5797 ⁸³
2320 5761 2424 5819 lsa.
2458 5776 2558 5829 Lit,
2585 5759 2639 5817 5.
2715 5758 2763 5793 '°
2784 5758 2975 5817 Matth.
3013 5774 3129 5829 χχι,
3173 5758 3259 5813 l3.
3337 5759 3381 5791 “
3407 5756 3550 5814 Psal.
3587 5768 3775 5820 uvtn,
