  <div class='ocr_page' id='page_1' title='image "/cluster/home/n/w/nwhite01/storage/ocr_20150623/71:no.4/coo.31924054869718/230.png"; bbox 0 0 4054 6488; ppageno 0'>
   <div class='ocr_carea' id='block_1_1' title="bbox 235 431 341 490">
    <p class='ocr_par' dir='ltr' id='par_1_1' title="bbox 235 431 341 490">
     <span class='ocr_line' id='line_1_1' title="bbox 235 431 341 490; baseline -0.028 0"><span class='ocrx_word' id='word_1_1' title='bbox 235 431 341 490; x_wconf 64' lang='grc'><strong>455</strong></span> 
     </span>
    </p>
   </div>
   <div class='ocr_carea' id='block_1_2' title="bbox 1215 421 2608 482">
    <p class='ocr_par' dir='ltr' id='par_1_2' title="bbox 1215 421 2608 482">
     <span class='ocr_line' id='line_1_2' title="bbox 1215 421 2608 482; baseline -0.004 0"><span class='ocrx_word' id='word_1_2' title='bbox 1215 422 1784 482; x_wconf 77' lang='lat' dir='ltr'><strong>COMMENTARIUS</strong></span> <span class='ocrx_word' id='word_1_3' title='bbox 1824 421 1889 477; x_wconf 82' lang='lat' dir='ltr'><strong>IN</strong></span> <span class='ocrx_word' id='word_1_4' title='bbox 1928 422 2118 481; x_wconf 82' lang='grc' dir='ltr'><strong>ΑΜΟὸ</strong></span> <span class='ocrx_word' id='word_1_5' title='bbox 2159 421 2608 482; x_wconf 72' lang='grc' dir='ltr'><strong>ΡΒΟΡΗΕΤΛΜ.</strong></span> 
     </span>
    </p>
   </div>
   <div class='ocr_carea' id='block_1_3' title="bbox 3468 425 3572 480">
    <p class='ocr_par' dir='ltr' id='par_1_3' title="bbox 3468 425 3572 480">
     <span class='ocr_line' id='line_1_3' title="bbox 3468 425 3572 480; baseline 0.019 -2"><span class='ocrx_word' id='word_1_6' title='bbox 3468 425 3572 480; x_wconf 66' lang='lat' dir='ltr'><strong>«NG</strong></span> 
     </span>
    </p>
   </div>
   <div class='ocr_carea' id='block_1_4' title="bbox 231 541 1853 619">
    <p class='ocr_par' dir='ltr' id='par_1_4' title="bbox 231 543 1852 619">
     <span class='ocr_line' id='line_1_4' title="bbox 231 543 1852 619; baseline -0.002 -17"><span class='ocrx_word' id='word_1_7' title='bbox 231 545 542 618; x_wconf 78' lang='grc' dir='ltr'><strong>ὀφθαλμοῖς</strong></span> <span class='ocrx_word' id='word_1_8' title='bbox 572 543 790 617; x_wconf 79' lang='grc' dir='ltr'>αὐτοῦ),</span> <span class='ocrx_word' id='word_1_9' title='bbox 827 545 924 600; x_wconf 76' lang='grc' dir='ltr'>καὶ</span> <span class='ocrx_word' id='word_1_10' title='bbox 952 547 1011 600; x_wconf 85' lang='grc' dir='ltr'><strong>ἐν</strong></span> <span class='ocrx_word' id='word_1_11' title='bbox 1046 543 1130 610; x_wconf 83' lang='grc' dir='ltr'>οἷς</span> <span class='ocrx_word' id='word_1_12' title='bbox 1159 545 1268 601; x_wconf 76' lang='grc' dir='ltr'>ἔδει</span> <span class='ocrx_word' id='word_1_13' title='bbox 1292 545 1587 618; x_wconf 78' lang='grc' dir='ltr'>λαμπροὺς</span> <span class='ocrx_word' id='word_1_14' title='bbox 1615 544 1852 619; x_wconf 81' lang='grc' dir='ltr'>ὁρᾶσθαι</span> 
     </span>
    </p>
   </div>
   <div class='ocr_carea' id='block_1_5' title="bbox 1963 541 3574 619">
    <p class='ocr_par' dir='ltr' id='par_1_5' title="bbox 1963 541 3574 616">
     <span class='ocr_line' id='line_1_5' title="bbox 1963 541 3574 616; baseline -0.002 -15"><span class='ocrx_word' id='word_1_15' title='bbox 1963 546 2031 601; x_wconf 87' lang='lat' dir='ltr'><strong>ibi</strong></span> <span class='ocrx_word' id='word_1_16' title='bbox 2071 546 2203 616; x_wconf 92' lang='lat' dir='ltr'><strong>lapsi</strong></span> <span class='ocrx_word' id='word_1_17' title='bbox 2228 547 2422 616; x_wconf 73' lang='lat' dir='ltr'><strong>inqua:</strong></span> <span class='ocrx_word' id='word_1_18' title='bbox 2463 545 2548 598; x_wconf 89' lang='lat' dir='ltr'><strong>fas</strong></span> <span class='ocrx_word' id='word_1_19' title='bbox 2577 558 2681 598; x_wconf 91' lang='lat' dir='ltr'><strong>non</strong></span> <span class='ocrx_word' id='word_1_20' title='bbox 2718 551 2821 607; x_wconf 88' lang='lat' dir='ltr'><strong>est,</strong></span> <span class='ocrx_word' id='word_1_21' title='bbox 2856 541 3174 597; x_wconf 83' lang='lat' dir='ltr'><strong>rideamur?</strong></span> <span class='ocrx_word' id='word_1_22' title='bbox 3227 542 3378 609; x_wconf 86' lang='lat' dir='ltr'>Quod</span> <span class='ocrx_word' id='word_1_23' title='bbox 3442 561 3574 597; x_wconf 81' lang='lat' dir='ltr'><strong>nou-</strong></span> 
     </span>
    </p>
   </div>
   <div class='ocr_carea' id='block_1_6' title="bbox 231 637 1852 711">
    <p class='ocr_par' dir='ltr' id='par_1_6' title="bbox 231 637 1852 711">
     <span class='ocr_line' id='line_1_6' title="bbox 231 637 1852 711; baseline -0.002 -15"><span class='ocrx_word' id='word_1_24' title='bbox 231 642 315 696; x_wconf 69' lang='grc' dir='ltr'>διὰ</span> <span class='ocrx_word' id='word_1_25' title='bbox 363 639 708 711; x_wconf 86' lang='grc' dir='ltr'>σεμνότητα,</span> <span class='ocrx_word' id='word_1_26' title='bbox 731 639 853 692; x_wconf 85' lang='grc' dir='ltr'>ἐκεῖ</span> <span class='ocrx_word' id='word_1_27' title='bbox 901 637 1168 708; x_wconf 78' lang='grc' dir='ltr'><strong>γελᾶσθαι</strong></span> <span class='ocrx_word' id='word_1_28' title='bbox 1221 639 1764 706; x_wconf 79' lang='grc' dir='ltr'>κατολισθαίνοντας,</span> <span class='ocrx_word' id='word_1_29' title='bbox 1815 637 1852 693; x_wconf 69' lang='grc' dir='ltr'>ἃ</span> 
     </span>
    </p>
   </div>
   <div class='ocr_carea' id='block_1_7' title="bbox 1958 635 3572 705">
    <p class='ocr_par' dir='ltr' id='par_1_7' title="bbox 1958 635 3572 705">
     <span class='ocr_line' id='line_1_7' title="bbox 1958 635 3572 705; baseline -0.004 -11"><span class='ocrx_word' id='word_1_30' title='bbox 1958 640 2139 695; x_wconf 85' lang='lat' dir='ltr'><strong>nullos</strong></span> <span class='ocrx_word' id='word_1_31' title='bbox 2189 639 2476 702; x_wconf 75' lang='lat' dir='ltr'><strong>facientes,</strong></span> <span class='ocrx_word' id='word_1_32' title='bbox 2533 636 2806 705; x_wconf 75' lang='lat' dir='ltr'><strong>castigare</strong></span> <span class='ocrx_word' id='word_1_33' title='bbox 2857 651 2961 688; x_wconf 90' lang='lat' dir='ltr'><strong>non</strong></span> <span class='ocrx_word' id='word_1_34' title='bbox 3007 635 3204 702; x_wconf 88' lang='lat' dir='ltr'><strong>parcit,</strong></span> <span class='ocrx_word' id='word_1_35' title='bbox 3245 644 3408 703; x_wconf 89' lang='lat' dir='ltr'><strong>atque</strong></span> <span class='ocrx_word' id='word_1_36' title='bbox 3432 636 3572 689; x_wconf 88' lang='lat' dir='ltr'><strong>istud</strong></span> 
     </span>
    </p>
   </div>
   <div class='ocr_carea' id='block_1_8' title="bbox 233 727 1853 804">
    <p class='ocr_par' dir='ltr' id='par_1_8' title="bbox 233 731 1853 804">
     <span class='ocr_line' id='line_1_8' title="bbox 233 731 1853 804; baseline 0.001 -20"><span class='ocrx_word' id='word_1_37' title='bbox 233 732 306 804; x_wconf 79' lang='grc' dir='ltr'>μὴ</span> <span class='ocrx_word' id='word_1_38' title='bbox 358 731 549 802; x_wconf 85' lang='grc' dir='ltr'>θέμις.</span> <span class='ocrx_word' id='word_1_39' title='bbox 595 732 664 786; x_wconf 88' lang='grc' dir='ltr'><strong>Ὃ</strong></span> <span class='ocrx_word' id='word_1_40' title='bbox 710 731 776 802; x_wconf 83' lang='grc' dir='ltr'>δὴ</span> <span class='ocrx_word' id='word_1_41' title='bbox 828 731 1120 796; x_wconf 85' lang='grc' dir='ltr'>ποιοῦντάς</span> <span class='ocrx_word' id='word_1_42' title='bbox 1167 750 1320 796; x_wconf 88' lang='grc' dir='ltr'>τινας</span> <span class='ocrx_word' id='word_1_43' title='bbox 1360 734 1462 787; x_wconf 81' lang='grc' dir='ltr'><strong>οὐκ</strong></span> <span class='ocrx_word' id='word_1_44' title='bbox 1511 734 1853 804; x_wconf 84' lang='grc' dir='ltr'>ἀμωμήτους</span> 
     </span>
    </p>
   </div>
   <div class='ocr_carea' id='block_1_9' title="bbox 1963 727 3569 804">
    <p class='ocr_par' dir='ltr' id='par_1_9' title="bbox 1963 727 3569 801">
     <span class='ocr_line' id='line_1_9' title="bbox 1963 727 3569 801; baseline -0.002 -16"><span class='ocrx_word' id='word_1_45' title='bbox 1963 731 2075 801; x_wconf 86' lang='lat' dir='ltr'><strong>iure</strong></span> <span class='ocrx_word' id='word_1_46' title='bbox 2095 732 2324 800; x_wconf 88' lang='lat' dir='ltr'><strong>optimo.</strong></span> <span class='ocrx_word' id='word_1_47' title='bbox 2355 729 2472 784; x_wconf 87' lang='lat' dir='ltr'><strong>Non</strong></span> <span class='ocrx_word' id='word_1_48' title='bbox 2500 730 2645 784; x_wconf 90' lang='lat' dir='ltr'><strong>enim</strong></span> <span class='ocrx_word' id='word_1_49' title='bbox 2673 727 2995 783; x_wconf 86' lang='lat' dir='ltr'><strong>attferebattt</strong></span> <span class='ocrx_word' id='word_1_50' title='bbox 3016 729 3085 781; x_wconf 84' lang='lat' dir='ltr'><strong>ab</strong></span> <span class='ocrx_word' id='word_1_51' title='bbox 3110 728 3264 781; x_wconf 90' lang='lat' dir='ltr'><strong>altari</strong></span> <span class='ocrx_word' id='word_1_52' title='bbox 3296 730 3569 782; x_wconf 83' lang='lat' dir='ltr'><strong>velamen-</strong></span> 
     </span>
    </p>
   </div>
   <div class='ocr_carea' id='block_1_10' title="bbox 231 823 1848 896">
    <p class='ocr_par' dir='ltr' id='par_1_10' title="bbox 231 823 1848 896">
     <span class='ocr_line' id='line_1_10' title="bbox 231 823 1848 896; baseline -0.001 -17"><span class='ocrx_word' id='word_1_53' title='bbox 231 826 313 894; x_wconf 67' lang='grc' dir='ltr'>ἐᾷ,</span> <span class='ocrx_word' id='word_1_54' title='bbox 367 823 471 877; x_wconf 67' lang='grc' dir='ltr'><strong>καὶ</strong></span> <span class='ocrx_word' id='word_1_55' title='bbox 516 823 730 894; x_wconf 78' lang='grc' dir='ltr'>σφόδρα</span> <span class='ocrx_word' id='word_1_56' title='bbox 757 824 1006 886; x_wconf 76' lang='grc' dir='ltr'><strong>εἰκότως.</strong></span> <span class='ocrx_word' id='word_1_57' title='bbox 1035 823 1110 876; x_wconf 88' lang='grc' dir='ltr'><strong>Οὐ</strong></span> <span class='ocrx_word' id='word_1_58' title='bbox 1150 823 1260 895; x_wconf 84' lang='grc' dir='ltr'>γὰρ</span> <span class='ocrx_word' id='word_1_59' title='bbox 1298 825 1665 896; x_wconf 78' lang='grc' dir='ltr'><strong>ἀπήλλαττον,</strong></span> <span class='ocrx_word' id='word_1_60' title='bbox 1693 823 1848 895; x_wconf 77' lang='grc' dir='ltr'>φησὶ,</span> 
     </span>
    </p>
   </div>
   <div class='ocr_carea' id='block_1_11' title="bbox 229 913 1854 986">
    <p class='ocr_par' dir='ltr' id='par_1_11' title="bbox 229 913 1854 986">
     <span class='ocr_line' id='line_1_11' title="bbox 229 913 1854 986; baseline -0.001 -19"><span class='ocrx_word' id='word_1_61' title='bbox 229 913 605 984; x_wconf 76' lang='grc' dir='ltr'>τανυσμόιτων</span> <span class='ocrx_word' id='word_1_62' title='bbox 638 913 698 966; x_wconf 84' lang='grc' dir='ltr'><strong>τὸ</strong></span> <span class='ocrx_word' id='word_1_63' title='bbox 744 913 1156 986; x_wconf 83' lang='grc' dir='ltr'>θυσιαστήριον,</span> <span class='ocrx_word' id='word_1_64' title='bbox 1184 913 1298 967; x_wconf 87' lang='grc' dir='ltr'>ἀλλ’</span> <span class='ocrx_word' id='word_1_65' title='bbox 1325 915 1417 968; x_wconf 86' lang='grc' dir='ltr'>ὑπ’</span> <span class='ocrx_word' id='word_1_66' title='bbox 1458 914 1594 968; x_wconf 83' lang='grc' dir='ltr'>αὐτὸ</span> <span class='ocrx_word' id='word_1_67' title='bbox 1629 931 1854 967; x_wconf 89' lang='grc' dir='ltr'>πεπτω-</span> 
     </span>
    </p>
   </div>
   <div class='ocr_carea' id='block_1_12' title="bbox 231 1006 1853 1079">
    <p class='ocr_par' dir='ltr' id='par_1_12' title="bbox 231 1006 1853 1079">
     <span class='ocr_line' id='line_1_12' title="bbox 231 1006 1853 1079; baseline 0.001 -19"><span class='ocrx_word' id='word_1_68' title='bbox 231 1009 412 1071; x_wconf 83' lang='grc' dir='ltr'>κότες,</span> <span class='ocrx_word' id='word_1_69' title='bbox 468 1006 850 1076; x_wconf 83' lang='grc' dir='ltr'>καταμεθύειν</span> <span class='ocrx_word' id='word_1_70' title='bbox 895 1006 1165 1077; x_wconf 76' lang='grc' dir='ltr'><strong>ἐτόλμων,</strong></span> <span class='ocrx_word' id='word_1_71' title='bbox 1215 1009 1312 1061; x_wconf 70' lang='grc' dir='ltr'>καὶ</span> <span class='ocrx_word' id='word_1_72' title='bbox 1356 1008 1426 1062; x_wconf 86' lang='grc' dir='ltr'><strong>τά</strong></span> <span class='ocrx_word' id='word_1_73' title='bbox 1474 1008 1669 1079; x_wconf 82' lang='grc' dir='ltr'><strong>ἡδονῆς</strong></span> <span class='ocrx_word' id='word_1_74' title='bbox 1715 1006 1853 1078; x_wconf 76' lang='grc' dir='ltr'>ἔργα</span> 
     </span>
    </p>
   </div>
   <div class='ocr_carea' id='block_1_13' title="bbox 233 1096 1848 1170">
    <p class='ocr_par' dir='ltr' id='par_1_13' title="bbox 233 1096 1848 1170">
     <span class='ocr_line' id='line_1_13' title="bbox 233 1096 1848 1170; baseline 0.001 -20"><span class='ocrx_word' id='word_1_75' title='bbox 233 1096 504 1168; x_wconf 75' lang='grc' dir='ltr'>πληροῦν,</span> <span class='ocrx_word' id='word_1_76' title='bbox 533 1098 624 1150; x_wconf 82' lang='grc' dir='ltr'><strong>ἵνα</strong></span> <span class='ocrx_word' id='word_1_77' title='bbox 666 1097 762 1150; x_wconf 77' lang='grc' dir='ltr'><strong>καὶ</strong></span> <span class='ocrx_word' id='word_1_78' title='bbox 787 1097 924 1151; x_wconf 82' lang='grc' dir='ltr'><strong>Θεοῦ</strong></span> <span class='ocrx_word' id='word_1_79' title='bbox 953 1098 1247 1152; x_wconf 76' lang='grc' dir='ltr'>ἀκούσειαν</span> <span class='ocrx_word' id='word_1_80' title='bbox 1279 1097 1531 1167; x_wconf 84' lang='grc' dir='ltr'>λέγοντος</span> <span class='ocrx_word' id='word_1_81' title='bbox 1578 1098 1848 1170; x_wconf 79' lang='grc' dir='ltr'><strong>ἐναργῶς·</strong></span> 
     </span>
    </p>
   </div>
   <div class='ocr_carea' id='block_1_14' title="bbox 213 1189 1849 1262">
    <p class='ocr_par' dir='ltr' id='par_1_14' title="bbox 213 1189 1849 1262">
     <span class='ocr_line' id='line_1_14' title="bbox 213 1189 1849 1262; baseline 0.001 -18"><span class='ocrx_word' id='word_1_82' title='bbox 213 1199 253 1244; x_wconf 77' lang='grc' dir='ltr'><strong>ἰ</strong></span> <span class='ocrx_word' id='word_1_83' title='bbox 286 1191 402 1244; x_wconf 79' lang='grc' dir='ltr'>Καὶ</span> <span class='ocrx_word' id='word_1_84' title='bbox 435 1190 555 1260; x_wconf 84' lang='grc' dir='ltr'><strong>ἐγὼ</strong></span> <span class='ocrx_word' id='word_1_85' title='bbox 595 1191 830 1261; x_wconf 75' lang='grc' dir='ltr'>μάρτυς,</span> <span class='ocrx_word' id='word_1_86' title='bbox 848 1189 997 1259; x_wconf 87' lang='grc' dir='ltr'>λέγει</span> <span class='ocrx_word' id='word_1_87' title='bbox 1028 1190 1256 1262; x_wconf 85' lang='grc' dir='ltr'>Κύριος.</span> <span class='ocrx_word' id='word_1_88' title='bbox 1293 1212 1312 1244; x_wconf 77' lang='grc' dir='ltr'><strong>ι</strong></span> <span class='ocrx_word' id='word_1_89' title='bbox 1347 1192 1507 1256; x_wconf 85' lang='grc' dir='ltr'>Τίνος</span> <span class='ocrx_word' id='word_1_90' title='bbox 1540 1191 1585 1246; x_wconf 88' lang='grc' dir='ltr'>δ’</span> <span class='ocrx_word' id='word_1_91' title='bbox 1612 1191 1680 1245; x_wconf 84' lang='grc' dir='ltr'><strong>ἂν</strong></span> <span class='ocrx_word' id='word_1_92' title='bbox 1709 1192 1849 1246; x_wconf 85' lang='grc' dir='ltr'>ἀπό-</span> 
     </span>
    </p>
   </div>
   <div class='ocr_carea' id='block_1_15' title="bbox 233 1281 1853 1354">
    <p class='ocr_par' dir='ltr' id='par_1_15' title="bbox 233 1281 1853 1354">
     <span class='ocr_line' id='line_1_15' title="bbox 233 1281 1853 1354; baseline 0 -18"><span class='ocrx_word' id='word_1_93' title='bbox 233 1301 420 1354; x_wconf 83' lang='grc' dir='ltr'>σχοιτο</span> <span class='ocrx_word' id='word_1_94' title='bbox 458 1283 574 1338; x_wconf 88' lang='grc' dir='ltr'><strong>τῶν</strong></span> <span class='ocrx_word' id='word_1_95' title='bbox 621 1283 846 1336; x_wconf 80' lang='grc' dir='ltr'>ἀτόπων</span> <span class='ocrx_word' id='word_1_96' title='bbox 877 1281 1130 1346; x_wconf 86' lang='grc' dir='ltr'>κάτοινος</span> <span class='ocrx_word' id='word_1_97' title='bbox 1165 1282 1328 1352; x_wconf 86' lang='grc' dir='ltr'>ἀνὴρ,</span> <span class='ocrx_word' id='word_1_98' title='bbox 1364 1284 1458 1336; x_wconf 79' lang='grc' dir='ltr'><strong>καὶ</strong></span> <span class='ocrx_word' id='word_1_99' title='bbox 1506 1283 1606 1347; x_wconf 79' lang='grc' dir='ltr'>τὰς</span> <span class='ocrx_word' id='word_1_100' title='bbox 1643 1283 1853 1354; x_wconf 82' lang='grc' dir='ltr'>φρένας</span> 
     </span>
    </p>
   </div>
   <div class='ocr_carea' id='block_1_16' title="bbox 231 1372 1854 1446">
    <p class='ocr_par' dir='ltr' id='par_1_16' title="bbox 231 1372 1854 1446">
     <span class='ocr_line' id='line_1_16' title="bbox 231 1372 1854 1446; baseline 0 -20"><span class='ocrx_word' id='word_1_101' title='bbox 231 1374 748 1446; x_wconf 86' lang='grc' dir='ltr'>παρενηνεγμένος,</span> <span class='ocrx_word' id='word_1_102' title='bbox 796 1374 892 1426; x_wconf 75' lang='grc' dir='ltr'>καὶ</span> <span class='ocrx_word' id='word_1_103' title='bbox 931 1373 1069 1445; x_wconf 77' lang='grc' dir='ltr'>πρὸς</span> <span class='ocrx_word' id='word_1_104' title='bbox 1115 1375 1224 1426; x_wconf 80' lang='grc' dir='ltr'><strong>πᾶν</strong></span> <span class='ocrx_word' id='word_1_105' title='bbox 1260 1372 1437 1427; x_wconf 79' lang='grc' dir='ltr'>ὁτιοῦν</span> <span class='ocrx_word' id='word_1_106' title='bbox 1485 1373 1707 1437; x_wconf 74' lang='grc' dir='ltr'>εὔκολος</span> <span class='ocrx_word' id='word_1_107' title='bbox 1741 1372 1854 1426; x_wconf 87' lang='grc' dir='ltr'><strong>τῶν</strong></span> 
     </span>
    </p>
   </div>
   <div class='ocr_carea' id='block_1_17' title="bbox 232 1463 1852 1536">
    <p class='ocr_par' dir='ltr' id='par_1_17' title="bbox 232 1463 1852 1536">
     <span class='ocr_line' id='line_1_17' title="bbox 232 1463 1852 1536; baseline 0 -17"><span class='ocrx_word' id='word_1_108' title='bbox 232 1467 460 1531; x_wconf 79' lang='grc' dir='ltr'>κακῶν;</span> <span class='ocrx_word' id='word_1_109' title='bbox 519 1466 726 1536; x_wconf 78' lang='grc' dir='ltr'>Ἐφορᾷ</span> <span class='ocrx_word' id='word_1_110' title='bbox 757 1465 856 1535; x_wconf 83' lang='grc' dir='ltr'><strong>μὲν</strong></span> <span class='ocrx_word' id='word_1_111' title='bbox 885 1464 993 1536; x_wconf 77' lang='grc' dir='ltr'>γὰρ</span> <span class='ocrx_word' id='word_1_112' title='bbox 1018 1467 1046 1518; x_wconf 84' lang='grc' dir='ltr'>ὁ</span> <span class='ocrx_word' id='word_1_113' title='bbox 1071 1464 1180 1518; x_wconf 90' lang='grc' dir='ltr'><strong>τῶν</strong></span> <span class='ocrx_word' id='word_1_114' title='bbox 1213 1465 1351 1518; x_wconf 85' lang='grc' dir='ltr'>ὅλων</span> <span class='ocrx_word' id='word_1_115' title='bbox 1382 1463 1517 1528; x_wconf 74' lang='grc' dir='ltr'>Θεὸς</span> <span class='ocrx_word' id='word_1_116' title='bbox 1574 1465 1669 1518; x_wconf 76' lang='grc' dir='ltr'><strong>καὶ</strong></span> <span class='ocrx_word' id='word_1_117' title='bbox 1697 1465 1766 1518; x_wconf 76' lang='grc' dir='ltr'>τὰ</span> <span class='ocrx_word' id='word_1_118' title='bbox 1795 1467 1852 1519; x_wconf 87' lang='grc' dir='ltr'><strong>ἐν</strong></span> 
     </span>
    </p>
   </div>
   <div class='ocr_carea' id='block_1_18' title="bbox 234 1555 1854 1628">
    <p class='ocr_par' dir='ltr' id='par_1_18' title="bbox 234 1555 1854 1628">
     <span class='ocr_line' id='line_1_18' title="bbox 234 1555 1854 1628; baseline -0.004 -15"><span class='ocrx_word' id='word_1_119' title='bbox 234 1559 446 1624; x_wconf 82' lang='grc' dir='ltr'>σκότει,</span> <span class='ocrx_word' id='word_1_120' title='bbox 499 1558 646 1612; x_wconf 86' lang='grc' dir='ltr'>κατὰ</span> <span class='ocrx_word' id='word_1_121' title='bbox 693 1557 754 1611; x_wconf 75' lang='grc' dir='ltr'>τὸ</span> <span class='ocrx_word' id='word_1_122' title='bbox 808 1557 1222 1628; x_wconf 81' lang='grc' dir='ltr'>γεγραμμένον,</span> <span class='ocrx_word' id='word_1_123' title='bbox 1260 1558 1356 1610; x_wconf 75' lang='grc' dir='ltr'><strong>καὶ</strong></span> <span class='ocrx_word' id='word_1_124' title='bbox 1411 1557 1656 1611; x_wconf 80' lang='grc' dir='ltr'>ἄποπτον</span> <span class='ocrx_word' id='word_1_125' title='bbox 1702 1555 1854 1627; x_wconf 84' lang='grc' dir='ltr'>αὐτῷ</span> 
     </span>
    </p>
   </div>
   <div class='ocr_carea' id='block_1_19' title="bbox 230 1648 738 1713">
    <p class='ocr_par' dir='ltr' id='par_1_19' title="bbox 230 1648 738 1713">
     <span class='ocr_line' id='line_1_19' title="bbox 230 1648 738 1713; baseline 0 -11"><span class='ocrx_word' id='word_1_126' title='bbox 230 1649 524 1713; x_wconf 73' lang='grc' dir='ltr'>παντελῶς</span> <span class='ocrx_word' id='word_1_127' title='bbox 559 1648 738 1702; x_wconf 79' lang='grc' dir='ltr'>οὐδέν.</span> 
     </span>
    </p>
   </div>
   <div class='ocr_carea' id='block_1_20' title="bbox 307 1740 1850 1814">
    <p class='ocr_par' dir='ltr' id='par_1_20' title="bbox 307 1740 1850 1814">
     <span class='ocr_line' id='line_1_20' title="bbox 307 1740 1850 1814; baseline 0.001 -20"><span class='ocrx_word' id='word_1_128' title='bbox 307 1745 476 1796; x_wconf 82' lang='grc' dir='ltr'>Δοκεῖ</span> <span class='ocrx_word' id='word_1_129' title='bbox 502 1742 561 1796; x_wconf 85' lang='grc' dir='ltr'><strong>δέ</strong></span> <span class='ocrx_word' id='word_1_130' title='bbox 599 1761 718 1807; x_wconf 87' lang='grc' dir='ltr'><strong>πως</strong></span> <span class='ocrx_word' id='word_1_131' title='bbox 749 1743 821 1797; x_wconf 71' lang='grc' dir='ltr'>τὰ</span> <span class='ocrx_word' id='word_1_132' title='bbox 856 1745 914 1796; x_wconf 84' lang='grc' dir='ltr'><strong>ἐν</strong></span> <span class='ocrx_word' id='word_1_133' title='bbox 953 1740 1281 1814; x_wconf 77' lang='grc' dir='ltr'>ἐκκλησίαις</span> <span class='ocrx_word' id='word_1_134' title='bbox 1339 1741 1602 1811; x_wconf 84' lang='grc' dir='ltr'>μάλιστα,</span> <span class='ocrx_word' id='word_1_135' title='bbox 1656 1759 1850 1813; x_wconf 84' lang='grc' dir='ltr'>μονον-</span> 
     </span>
    </p>
   </div>
   <div class='ocr_carea' id='block_1_21' title="bbox 225 1831 1853 1906">
    <p class='ocr_par' dir='ltr' id='par_1_21' title="bbox 225 1831 1853 1906">
     <span class='ocr_line' id='line_1_21' title="bbox 225 1831 1853 1906; baseline -0.002 -18"><span class='ocrx_word' id='word_1_136' title='bbox 225 1834 348 1906; x_wconf 76' lang='grc' dir='ltr'>ουχὶ</span> <span class='ocrx_word' id='word_1_137' title='bbox 412 1833 692 1906; x_wconf 81' lang='grc' dir='ltr'>παρόντος</span> <span class='ocrx_word' id='word_1_138' title='bbox 738 1852 799 1888; x_wconf 83' lang='grc' dir='ltr'><strong>τε</strong></span> <span class='ocrx_word' id='word_1_139' title='bbox 848 1832 945 1888; x_wconf 76' lang='grc' dir='ltr'>καὶ</span> <span class='ocrx_word' id='word_1_140' title='bbox 988 1832 1296 1905; x_wconf 75' lang='grc' dir='ltr'>θεωμένου,</span> <span class='ocrx_word' id='word_1_141' title='bbox 1328 1831 1669 1904; x_wconf 85' lang='grc' dir='ltr'>πράττεσθαι</span> <span class='ocrx_word' id='word_1_142' title='bbox 1715 1832 1853 1904; x_wconf 83' lang='grc' dir='ltr'>πρὸς</span> 
     </span>
    </p>
   </div>
   <div class='ocr_carea' id='block_1_22' title="bbox 227 1905 1931 1997">
    <p class='ocr_par' dir='ltr' id='par_1_22' title="bbox 227 1905 1931 1997">
     <span class='ocr_line' id='line_1_22' title="bbox 227 1905 1931 1997; baseline 0 -19"><span class='ocrx_word' id='word_1_143' title='bbox 227 1905 411 1996; x_wconf 81' lang='grc' dir='ltr'>ὑμῶν.</span> <span class='ocrx_word' id='word_1_144' title='bbox 456 1905 576 1980; x_wconf 78' lang='grc' dir='ltr'><strong>Καὶ</strong></span> <span class='ocrx_word' id='word_1_145' title='bbox 600 1927 763 1997; x_wconf 84' lang='grc' dir='ltr'>εῐπερ</span> <span class='ocrx_word' id='word_1_146' title='bbox 813 1926 934 1980; x_wconf 75' lang='grc' dir='ltr'>ἐστὶ</span> <span class='ocrx_word' id='word_1_147' title='bbox 985 1925 1322 1995; x_wconf 85' lang='grc' dir='ltr'>πάναισχρον</span> <span class='ocrx_word' id='word_1_148' title='bbox 1349 1923 1591 1995; x_wconf 84' lang='grc' dir='ltr'>ἀληθῶς,</span> <span class='ocrx_word' id='word_1_149' title='bbox 1629 1925 1724 1978; x_wconf 72' lang='grc' dir='ltr'><strong>καὶ</strong></span> <span class='ocrx_word' id='word_1_150' title='bbox 1755 1925 1854 1996; x_wconf 82' lang='grc' dir='ltr'>τὴν</span> <span class='ocrx_word' id='word_1_151' title='bbox 1891 1905 1931 1960; x_wconf 74' lang='grc' dir='ltr'><strong>Β</strong></span> 
     </span>
    </p>
   </div>
   <div class='ocr_carea' id='block_1_23' title="bbox 225 2016 1850 2091">
    <p class='ocr_par' dir='ltr' id='par_1_23' title="bbox 225 2016 1850 2091">
     <span class='ocr_line' id='line_1_23' title="bbox 225 2016 1850 2091; baseline 0 -21"><span class='ocrx_word' id='word_1_152' title='bbox 225 2017 477 2088; x_wconf 75' lang='grc' dir='ltr'>ἐσχάτην</span> <span class='ocrx_word' id='word_1_153' title='bbox 505 2019 574 2072; x_wconf 86' lang='grc' dir='ltr'><strong>ἐκ</strong></span> <span class='ocrx_word' id='word_1_154' title='bbox 611 2018 782 2090; x_wconf 91' lang='grc' dir='ltr'>νόμου</span> <span class='ocrx_word' id='word_1_155' title='bbox 811 2018 1158 2091; x_wconf 77' lang='grc' dir='ltr'>κατάῤῥησιν</span> <span class='ocrx_word' id='word_1_156' title='bbox 1193 2018 1418 2089; x_wconf 82' lang='grc' dir='ltr'>ἕχον,τὸ</span> <span class='ocrx_word' id='word_1_157' title='bbox 1449 2016 1670 2088; x_wconf 85' lang='grc' dir='ltr'>μεθύειν</span> <span class='ocrx_word' id='word_1_158' title='bbox 1692 2017 1850 2081; x_wconf 74' lang='grc' dir='ltr'>ὅλωςο</span> 
     </span>
    </p>
   </div>
   <div class='ocr_carea' id='block_1_24' title="bbox 225 2099 1854 2180">
    <p class='ocr_par' dir='ltr' id='par_1_24' title="bbox 225 2099 1854 2180">
     <span class='ocr_line' id='line_1_24' title="bbox 225 2099 1854 2180; baseline 0.002 -21"><span class='ocrx_word' id='word_1_159' title='bbox 225 2106 346 2170; x_wconf 76' lang='grc' dir='ltr'><strong>πῶς</strong></span> <span class='ocrx_word' id='word_1_160' title='bbox 375 2107 442 2160; x_wconf 83' lang='grc' dir='ltr'><strong>οὑ</strong></span> <span class='ocrx_word' id='word_1_161' title='bbox 494 2099 1001 2173; x_wconf 75' lang='grc' dir='ltr'>παντδςέπέκεινα</span> <span class='ocrx_word' id='word_1_162' title='bbox 1046 2108 1206 2176; x_wconf 85' lang='grc' dir='ltr'>λόγου</span> <span class='ocrx_word' id='word_1_163' title='bbox 1239 2107 1336 2162; x_wconf 89' lang='grc' dir='ltr'><strong>τοῦ</strong></span> <span class='ocrx_word' id='word_1_164' title='bbox 1368 2109 1507 2180; x_wconf 80' lang='grc' dir='ltr'>πρὸς</span> <span class='ocrx_word' id='word_1_165' title='bbox 1540 2108 1854 2178; x_wconf 79' lang='grc' dir='ltr'>φαυλότητα</span> 
     </span>
    </p>
   </div>
   <div class='ocr_carea' id='block_1_25' title="bbox 226 2197 1856 2274">
    <p class='ocr_par' dir='ltr' id='par_1_25' title="bbox 226 2197 1856 2274">
     <span class='ocr_line' id='line_1_25' title="bbox 226 2197 1856 2274; baseline 0.002 -22"><span class='ocrx_word' id='word_1_166' title='bbox 226 2197 574 2269; x_wconf 79' lang='grc' dir='ltr'>βλέποντος,</span> <span class='ocrx_word' id='word_1_167' title='bbox 610 2201 674 2254; x_wconf 85' lang='grc' dir='ltr'><strong>τὸ</strong></span> <span class='ocrx_word' id='word_1_168' title='bbox 700 2201 798 2256; x_wconf 69' lang='grc' dir='ltr'><strong>καὶ</strong></span> <span class='ocrx_word' id='word_1_169' title='bbox 846 2202 906 2255; x_wconf 88' lang='grc' dir='ltr'><strong>ἐν</strong></span> <span class='ocrx_word' id='word_1_170' title='bbox 943 2202 1084 2274; x_wconf 81' lang='grc' dir='ltr'>αὐτῇ</span> <span class='ocrx_word' id='word_1_171' title='bbox 1114 2201 1383 2273; x_wconf 74' lang='grc' dir='ltr'>ἐκκλησίᾳ</span> <span class='ocrx_word' id='word_1_172' title='bbox 1411 2200 1643 2273; x_wconf 84' lang='grc' dir='ltr'>ὁρᾶσθαι</span> <span class='ocrx_word' id='word_1_173' title='bbox 1680 2201 1856 2255; x_wconf 85' lang='grc' dir='ltr'>τοιού-</span> 
     </span>
    </p>
   </div>
   <div class='ocr_carea' id='block_1_26' title="bbox 222 2292 1855 2366">
    <p class='ocr_par' dir='ltr' id='par_1_26' title="bbox 222 2292 1855 2366">
     <span class='ocr_line' id='line_1_26' title="bbox 222 2292 1855 2366; baseline 0.002 -21"><span class='ocrx_word' id='word_1_174' title='bbox 222 2309 402 2358; x_wconf 78' lang='grc' dir='ltr'>τους;</span> <span class='ocrx_word' id='word_1_175' title='bbox 434 2293 535 2346; x_wconf 78' lang='grc' dir='ltr'><strong>καὶ</strong></span> <span class='ocrx_word' id='word_1_176' title='bbox 571 2293 633 2346; x_wconf 86' lang='grc' dir='ltr'><strong>τὸ</strong></span> <span class='ocrx_word' id='word_1_177' title='bbox 681 2294 764 2347; x_wconf 79' lang='grc' dir='ltr'>ἔτι</span> <span class='ocrx_word' id='word_1_178' title='bbox 810 2293 1239 2366; x_wconf 85' lang='grc' dir='ltr'>φορτικώτερον,</span> <span class='ocrx_word' id='word_1_179' title='bbox 1289 2295 1339 2347; x_wconf 85' lang='grc' dir='ltr'><strong>εἰ</strong></span> <span class='ocrx_word' id='word_1_180' title='bbox 1384 2292 1444 2360; x_wconf 77' lang='grc' dir='ltr'><strong>ἐξ</strong></span> <span class='ocrx_word' id='word_1_181' title='bbox 1487 2294 1690 2348; x_wconf 83' lang='grc' dir='ltr'>ἀδίκων</span> <span class='ocrx_word' id='word_1_182' title='bbox 1758 2295 1855 2349; x_wconf 75' lang='grc' dir='ltr'><strong>καὶ</strong></span> 
     </span>
    </p>
   </div>
   <div class='ocr_carea' id='block_1_27' title="bbox 223 2385 1854 2460">
    <p class='ocr_par' dir='ltr' id='par_1_27' title="bbox 223 2385 1854 2460">
     <span class='ocr_line' id='line_1_27' title="bbox 223 2385 1854 2460; baseline 0.001 -22"><span class='ocrx_word' id='word_1_183' title='bbox 223 2385 496 2458; x_wconf 79' lang='grc' dir='ltr'>πονηρῶν</span> <span class='ocrx_word' id='word_1_184' title='bbox 543 2388 798 2459; x_wconf 74' lang='grc' dir='ltr'>αἱμάτων</span> <span class='ocrx_word' id='word_1_185' title='bbox 842 2387 912 2442; x_wconf 89' lang='grc' dir='ltr'><strong>τά</strong></span> <span class='ocrx_word' id='word_1_186' title='bbox 961 2389 1043 2452; x_wconf 88' lang='grc' dir='ltr'><strong>εἰς</strong></span> <span class='ocrx_word' id='word_1_187' title='bbox 1092 2388 1310 2460; x_wconf 83' lang='grc' dir='ltr'>τρυφὴν</span> <span class='ocrx_word' id='word_1_188' title='bbox 1365 2387 1741 2457; x_wconf 86' lang='grc' dir='ltr'>συλλέγοιντο;</span> <span class='ocrx_word' id='word_1_189' title='bbox 1790 2389 1854 2442; x_wconf 84' lang='grc' dir='ltr'><strong>οι</strong></span> 
     </span>
    </p>
   </div>
   <div class='ocr_carea' id='block_1_28' title="bbox 223 2478 1850 2552">
    <p class='ocr_par' dir='ltr' id='par_1_28' title="bbox 223 2478 1850 2552">
     <span class='ocr_line' id='line_1_28' title="bbox 223 2478 1850 2552; baseline 0.002 -21"><span class='ocrx_word' id='word_1_190' title='bbox 223 2478 390 2532; x_wconf 83' lang='grc' dir='ltr'>τοῦτο</span> <span class='ocrx_word' id='word_1_191' title='bbox 427 2480 699 2551; x_wconf 85' lang='grc' dir='ltr'>δρῶντες,</span> <span class='ocrx_word' id='word_1_192' title='bbox 739 2480 1071 2534; x_wconf 83' lang='grc' dir='ltr'>ἀκούσονται</span> <span class='ocrx_word' id='word_1_193' title='bbox 1109 2481 1246 2534; x_wconf 84' lang='grc' dir='ltr'>Θεοῦ</span> <span class='ocrx_word' id='word_1_194' title='bbox 1282 2481 1535 2550; x_wconf 86' lang='grc' dir='ltr'>λέγοντος</span> <span class='ocrx_word' id='word_1_195' title='bbox 1581 2481 1850 2552; x_wconf 79' lang='grc' dir='ltr'>ἐναργῶς·</span> 
     </span>
    </p>
   </div>
   <div class='ocr_carea' id='block_1_29' title="bbox 223 2569 1852 2648">
    <p class='ocr_par' dir='ltr' id='par_1_29' title="bbox 223 2569 1852 2648">
     <span class='ocr_line' id='line_1_29' title="bbox 223 2569 1852 2648; baseline -0.001 -21"><span class='ocrx_word' id='word_1_196' title='bbox 223 2573 317 2643; x_wconf 78' lang='grc' dir='ltr'><strong>Μὴ</strong></span> <span class='ocrx_word' id='word_1_197' title='bbox 349 2573 628 2645; x_wconf 80' lang='grc' dir='ltr'>σπήλαιον</span> <span class='ocrx_word' id='word_1_198' title='bbox 659 2573 874 2648; x_wconf 85' lang='grc' dir='ltr'>λῃστῶν</span> <span class='ocrx_word' id='word_1_199' title='bbox 906 2575 935 2627; x_wconf 86' lang='grc' dir='ltr'>ὁ</span> <span class='ocrx_word' id='word_1_200' title='bbox 963 2569 1113 2638; x_wconf 74' lang='grc' dir='ltr'>οἶκός</span> <span class='ocrx_word' id='word_1_201' title='bbox 1139 2591 1242 2643; x_wconf 86' lang='grc' dir='ltr'><strong>μου</strong></span> <span class='ocrx_word' id='word_1_202' title='bbox 1267 2592 1281 2640; x_wconf 89' lang='grc'>;</span> <span class='ocrx_word' id='word_1_203' title='bbox 1312 2572 1523 2628; x_wconf 85' lang='grc' dir='ltr'>Οὐκοῦν</span> <span class='ocrx_word' id='word_1_204' title='bbox 1549 2573 1618 2627; x_wconf 81' lang='grc' dir='ltr'>τὰ</span> <span class='ocrx_word' id='word_1_205' title='bbox 1648 2573 1852 2644; x_wconf 86' lang='grc' dir='ltr'>ἐτέρων</span> 
     </span>
    </p>
   </div>
   <div class='ocr_carea' id='block_1_30' title="bbox 225 2665 1850 2737">
    <p class='ocr_par' dir='ltr' id='par_1_30' title="bbox 225 2665 1850 2737">
     <span class='ocr_line' id='line_1_30' title="bbox 225 2665 1850 2737; baseline 0 -19"><span class='ocrx_word' id='word_1_206' title='bbox 225 2665 574 2736; x_wconf 78' lang='grc' dir='ltr'>ἐγκλήματα</span> <span class='ocrx_word' id='word_1_207' title='bbox 631 2667 770 2736; x_wconf 85' lang='grc' dir='ltr'>πρὸς</span> <span class='ocrx_word' id='word_1_208' title='bbox 824 2666 1099 2736; x_wconf 84' lang='grc' dir='ltr'>ὠφελείας</span> <span class='ocrx_word' id='word_1_209' title='bbox 1156 2666 1318 2737; x_wconf 84' lang='grc' dir='ltr'>ήμῶν</span> <span class='ocrx_word' id='word_1_210' title='bbox 1359 2666 1575 2721; x_wconf 80' lang='grc' dir='ltr'>ἔσονται</span> <span class='ocrx_word' id='word_1_211' title='bbox 1625 2666 1850 2736; x_wconf 78' lang='grc' dir='ltr'>πολλῆς,</span> 
     </span>
    </p>
   </div>
   <div class='ocr_carea' id='block_1_31' title="bbox 224 2753 1852 2833">
    <p class='ocr_par' dir='ltr' id='par_1_31' title="bbox 224 2753 1852 2833">
     <span class='ocr_line' id='line_1_31' title="bbox 224 2753 1852 2833; baseline -0.001 -21"><span class='ocrx_word' id='word_1_212' title='bbox 224 2760 325 2812; x_wconf 78' lang='grc' dir='ltr'>καὶ</span> <span class='ocrx_word' id='word_1_213' title='bbox 353 2759 426 2812; x_wconf 84' lang='grc' dir='ltr'>δι’</span> <span class='ocrx_word' id='word_1_214' title='bbox 464 2753 541 2812; x_wconf 82' lang='grc' dir='ltr'>ὧν</span> <span class='ocrx_word' id='word_1_215' title='bbox 571 2760 752 2830; x_wconf 71' lang='grc' dir='ltr'>ἕτεροι</span> <span class='ocrx_word' id='word_1_216' title='bbox 800 2758 1342 2833; x_wconf 87' lang='grc' dir='ltr'>προσκεκρούκασιν,</span> <span class='ocrx_word' id='word_1_217' title='bbox 1383 2760 1640 2830; x_wconf 86' lang='grc' dir='ltr'>ἀμείνους</span> <span class='ocrx_word' id='word_1_218' title='bbox 1667 2759 1852 2830; x_wconf 78' lang='grc' dir='ltr'>ἡμεῖς,</span> 
     </span>
    </p>
   </div>
   <div class='ocr_carea' id='block_1_32' title="bbox 223 2850 1852 2924">
    <p class='ocr_par' dir='ltr' id='par_1_32' title="bbox 223 2850 1852 2924">
     <span class='ocr_line' id='line_1_32' title="bbox 223 2850 1852 2924; baseline -0.002 -18"><span class='ocrx_word' id='word_1_219' title='bbox 223 2854 274 2906; x_wconf 83' lang='grc' dir='ltr'><strong>εί</strong></span> <span class='ocrx_word' id='word_1_220' title='bbox 309 2853 732 2924; x_wconf 78' lang='grc' dir='ltr'>παραιτοίμεθα</span> <span class='ocrx_word' id='word_1_221' title='bbox 770 2853 842 2907; x_wconf 87' lang='grc' dir='ltr'><strong>τά</strong></span> <span class='ocrx_word' id='word_1_222' title='bbox 889 2853 1137 2906; x_wconf 85' lang='grc' dir='ltr'>ἐκείνων.</span> <span class='ocrx_word' id='word_1_223' title='bbox 1179 2851 1608 2922; x_wconf 81' lang='grc' dir='ltr'>Ἀσφαλέστεροι</span> <span class='ocrx_word' id='word_1_224' title='bbox 1654 2850 1765 2920; x_wconf 83' lang='grc' dir='ltr'><strong>γὰρ</strong></span> <span class='ocrx_word' id='word_1_225' title='bbox 1803 2850 1852 2902; x_wconf 81' lang='grc' dir='ltr'>οι</span> 
     </span>
    </p>
   </div>
   <div class='ocr_carea' id='block_1_33' title="bbox 225 2941 1853 3017">
    <p class='ocr_par' dir='ltr' id='par_1_33' title="bbox 225 2941 1853 3017">
     <span class='ocr_line' id='line_1_33' title="bbox 225 2941 1853 3017; baseline -0.001 -18"><span class='ocrx_word' id='word_1_226' title='bbox 225 2944 520 3017; x_wconf 79' lang='grc' dir='ltr'>σώφρονες</span> <span class='ocrx_word' id='word_1_227' title='bbox 563 2941 674 2998; x_wconf 83' lang='grc' dir='ltr'>εἷεν</span> <span class='ocrx_word' id='word_1_228' title='bbox 727 2945 794 2998; x_wconf 84' lang='grc' dir='ltr'><strong>ἂν</strong></span> <span class='ocrx_word' id='word_1_229' title='bbox 833 2943 1083 3006; x_wconf 80' lang='grc' dir='ltr'>εἰκότως,</span> <span class='ocrx_word' id='word_1_230' title='bbox 1131 2944 1179 2994; x_wconf 85' lang='grc' dir='ltr'><strong>εἰ</strong></span> <span class='ocrx_word' id='word_1_231' title='bbox 1227 2942 1292 3014; x_wconf 81' lang='grc' dir='ltr'>δὴ</span> <span class='ocrx_word' id='word_1_232' title='bbox 1340 2941 1616 3012; x_wconf 85' lang='grc' dir='ltr'>βούλοιντο</span> <span class='ocrx_word' id='word_1_233' title='bbox 1662 2941 1853 3013; x_wconf 78' lang='grc' dir='ltr'>διαζῇν</span> 
     </span>
    </p>
   </div>
   <div class='ocr_carea' id='block_1_34' title="bbox 223 3035 1501 3109">
    <p class='ocr_par' dir='ltr' id='par_1_34' title="bbox 223 3035 1501 3109">
     <span class='ocr_line' id='line_1_34' title="bbox 223 3035 1501 3109; baseline -0.004 -16"><span class='ocrx_word' id='word_1_234' title='bbox 223 3039 505 3109; x_wconf 77' lang='grc' dir='ltr'>ἐννόμως,</span> <span class='ocrx_word' id='word_1_235' title='bbox 544 3039 595 3091; x_wconf 86' lang='grc' dir='ltr'><strong>εἰ</strong></span> <span class='ocrx_word' id='word_1_236' title='bbox 626 3036 701 3108; x_wconf 85' lang='grc' dir='ltr'>μὴ</span> <span class='ocrx_word' id='word_1_237' title='bbox 731 3036 927 3107; x_wconf 84' lang='grc' dir='ltr'>ζηλοῦν</span> <span class='ocrx_word' id='word_1_238' title='bbox 962 3037 1174 3090; x_wconf 72' lang='grc' dir='ltr'>ἕλοιντο</span> <span class='ocrx_word' id='word_1_239' title='bbox 1207 3035 1501 3108; x_wconf 84' lang='grc' dir='ltr'>πονηρούς.</span> 
     </span>
    </p>
   </div>
   <div class='ocr_carea' id='block_1_35' title="bbox 311 3126 1856 3200">
    <p class='ocr_par' dir='ltr' id='par_1_35' title="bbox 311 3126 1856 3200">
     <span class='ocr_line' id='line_1_35' title="bbox 311 3126 1856 3200; baseline -0.003 -16"><span class='ocrx_word' id='word_1_240' title='bbox 311 3131 462 3184; x_wconf 80' lang='grc' dir='ltr'>Ἀλλ’</span> <span class='ocrx_word' id='word_1_241' title='bbox 481 3133 531 3183; x_wconf 84' lang='grc' dir='ltr'><strong>εἰ</strong></span> <span class='ocrx_word' id='word_1_242' title='bbox 559 3129 660 3200; x_wconf 84' lang='grc' dir='ltr'>μὲν</span> <span class='ocrx_word' id='word_1_243' title='bbox 690 3130 907 3199; x_wconf 82' lang='grc' dir='ltr'>λέγοιτο</span> <span class='ocrx_word' id='word_1_244' title='bbox 938 3130 1076 3199; x_wconf 83' lang='grc' dir='ltr'>πρὸς</span> <span class='ocrx_word' id='word_1_245' title='bbox 1110 3129 1202 3184; x_wconf 85' lang='grc' dir='ltr'><strong>τὸν</strong></span> <span class='ocrx_word' id='word_1_246' title='bbox 1235 3128 1458 3192; x_wconf 84' lang='grc' dir='ltr'>Ἰούδαν,</span> <span class='ocrx_word' id='word_1_247' title='bbox 1480 3130 1600 3200; x_wconf 84' lang='grc' dir='ltr'>ήτοι</span> <span class='ocrx_word' id='word_1_248' title='bbox 1629 3126 1728 3191; x_wconf 78' lang='grc' dir='ltr'><strong>τὰς</strong></span> <span class='ocrx_word' id='word_1_249' title='bbox 1760 3127 1856 3181; x_wconf 86' lang='grc' dir='ltr'><strong>δύο</strong></span> 
     </span>
    </p>
   </div>
   <div class='ocr_carea' id='block_1_36' title="bbox 224 3221 1856 3297">
    <p class='ocr_par' dir='ltr' id='par_1_36' title="bbox 224 3221 1856 3297">
     <span class='ocr_line' id='line_1_36' title="bbox 224 3221 1856 3297; baseline -0.004 -17"><span class='ocrx_word' id='word_1_250' title='bbox 224 3225 407 3297; x_wconf 75' lang='grc' dir='ltr'>φυλὰς</span> <span class='ocrx_word' id='word_1_251' title='bbox 445 3226 547 3289; x_wconf 73' lang='grc' dir='ltr'>τὰς</span> <span class='ocrx_word' id='word_1_252' title='bbox 577 3226 638 3277; x_wconf 87' lang='grc' dir='ltr'><strong>ἐν</strong></span> <span class='ocrx_word' id='word_1_253' title='bbox 683 3221 1109 3296; x_wconf 84' lang='grc' dir='ltr'>Ἱεροσολύμοις,</span> <span class='ocrx_word' id='word_1_254' title='bbox 1142 3223 1203 3276; x_wconf 85' lang='grc' dir='ltr'>τὸ</span> <span class='ocrx_word' id='word_1_255' title='bbox 1221 3223 1407 3294; x_wconf 75' lang='grc' dir='ltr'>ῥητὸν,</span> <span class='ocrx_word' id='word_1_256' title='bbox 1443 3221 1558 3292; x_wconf 79' lang='grc' dir='ltr'>ἔχοι</span> <span class='ocrx_word' id='word_1_257' title='bbox 1590 3222 1657 3275; x_wconf 83' lang='grc' dir='ltr'><strong>ἂν</strong></span> <span class='ocrx_word' id='word_1_258' title='bbox 1679 3221 1856 3292; x_wconf 81' lang='grc' dir='ltr'>ὀρθῶς</span> 
     </span>
    </p>
   </div>
   <div class='ocr_carea' id='block_1_37' title="bbox 222 3314 1852 3391">
    <p class='ocr_par' dir='ltr' id='par_1_37' title="bbox 222 3314 1852 3391">
     <span class='ocr_line' id='line_1_37' title="bbox 222 3314 1852 3391; baseline -0.003 -17"><span class='ocrx_word' id='word_1_259' title='bbox 222 3322 327 3391; x_wconf 82' lang='grc' dir='ltr'>τῆς</span> <span class='ocrx_word' id='word_1_260' title='bbox 370 3320 516 3389; x_wconf 79' lang='grc' dir='ltr'>πρὸς</span> <span class='ocrx_word' id='word_1_261' title='bbox 555 3316 714 3389; x_wconf 81' lang='grc' dir='ltr'>ἡμῶν</span> <span class='ocrx_word' id='word_1_262' title='bbox 741 3317 947 3385; x_wconf 86' lang='grc' dir='ltr'>ἀρτίως</span> <span class='ocrx_word' id='word_1_263' title='bbox 986 3315 1288 3387; x_wconf 79' lang='grc' dir='ltr'>εἰρημένης</span> <span class='ocrx_word' id='word_1_264' title='bbox 1338 3314 1571 3386; x_wconf 86' lang='grc' dir='ltr'>θεωρίας</span> <span class='ocrx_word' id='word_1_265' title='bbox 1601 3317 1628 3368; x_wconf 76' lang='grc' dir='ltr'>ὁ</span> <span class='ocrx_word' id='word_1_266' title='bbox 1674 3314 1852 3383; x_wconf 79' lang='grc' dir='ltr'>λόγος.</span> 
     </span>
    </p>
   </div>
   <div class='ocr_carea' id='block_1_38' title="bbox 221 3406 1856 3484">
    <p class='ocr_par' dir='ltr' id='par_1_38' title="bbox 221 3406 1856 3484">
     <span class='ocr_line' id='line_1_38' title="bbox 221 3406 1856 3484; baseline -0.005 -18"><span class='ocrx_word' id='word_1_267' title='bbox 221 3415 287 3467; x_wconf 73' lang='lat' dir='ltr'><strong>El</strong></span> <span class='ocrx_word' id='word_1_268' title='bbox 321 3413 382 3466; x_wconf 82' lang='grc' dir='ltr'><strong>δὲ</strong></span> <span class='ocrx_word' id='word_1_269' title='bbox 407 3411 476 3484; x_wconf 83' lang='grc' dir='ltr'>δὴ</span> <span class='ocrx_word' id='word_1_270' title='bbox 523 3410 752 3480; x_wconf 79' lang='grc' dir='ltr'>φέροιτο</span> <span class='ocrx_word' id='word_1_271' title='bbox 781 3409 876 3462; x_wconf 70' lang='grc' dir='ltr'>καὶ</span> <span class='ocrx_word' id='word_1_272' title='bbox 911 3409 1055 3463; x_wconf 86' lang='grc' dir='ltr'><strong>κατά</strong></span> <span class='ocrx_word' id='word_1_273' title='bbox 1097 3409 1192 3463; x_wconf 84' lang='grc' dir='ltr'><strong>τοῦ</strong></span> <span class='ocrx_word' id='word_1_274' title='bbox 1240 3407 1458 3478; x_wconf 80' lang='grc' dir='ltr'>Ἰσραὴλ</span> <span class='ocrx_word' id='word_1_275' title='bbox 1490 3407 1546 3460; x_wconf 87' lang='grc' dir='ltr'><strong>τὸ</strong></span> <span class='ocrx_word' id='word_1_276' title='bbox 1596 3406 1856 3476; x_wconf 74' lang='grc' dir='ltr'><strong>πλημμέ⁴</strong></span> 
     </span>
    </p>
   </div>
   <div class='ocr_carea' id='block_1_39' title="bbox 220 3495 1852 3576">
    <p class='ocr_par' dir='ltr' id='par_1_39' title="bbox 220 3495 1852 3576">
     <span class='ocr_line' id='line_1_39' title="bbox 220 3495 1852 3576; baseline -0.005 -19"><span class='ocrx_word' id='word_1_277' title='bbox 220 3503 414 3576; x_wconf 82' lang='grc' dir='ltr'>λημα,</span> <span class='ocrx_word' id='word_1_278' title='bbox 461 3502 635 3574; x_wconf 81' lang='grc' dir='ltr'>φαίην</span> <span class='ocrx_word' id='word_1_279' title='bbox 669 3502 758 3570; x_wconf 84' lang='grc' dir='ltr'><strong>ἂν,</strong></span> <span class='ocrx_word' id='word_1_280' title='bbox 800 3502 882 3556; x_wconf 85' lang='grc' dir='ltr'><strong>ὅτι</strong></span> <span class='ocrx_word' id='word_1_281' title='bbox 917 3501 1018 3554; x_wconf 81' lang='grc' dir='ltr'><strong>οὐκ</strong></span> <span class='ocrx_word' id='word_1_282' title='bbox 1066 3501 1124 3553; x_wconf 90' lang='grc' dir='ltr'><strong>ἐν</strong></span> <span class='ocrx_word' id='word_1_283' title='bbox 1161 3499 1241 3570; x_wconf 85' lang='grc' dir='ltr'>τῷ</span> <span class='ocrx_word' id='word_1_284' title='bbox 1283 3499 1420 3569; x_wconf 80' lang='grc' dir='ltr'>οἴκῳ</span> <span class='ocrx_word' id='word_1_285' title='bbox 1460 3497 1554 3550; x_wconf 84' lang='grc' dir='ltr'><strong>τοῦ</strong></span> <span class='ocrx_word' id='word_1_286' title='bbox 1589 3497 1724 3550; x_wconf 86' lang='grc' dir='ltr'>Θεοῦ</span> <span class='ocrx_word' id='word_1_287' title='bbox 1756 3495 1852 3550; x_wconf 83' lang='grc' dir='ltr'><strong>τοῦ</strong></span> 
     </span>
    </p>
   </div>
   <div class='ocr_carea' id='block_1_40' title="bbox 220 3590 1854 3667">
    <p class='ocr_par' dir='ltr' id='par_1_40' title="bbox 220 3590 1854 3667">
     <span class='ocr_line' id='line_1_40' title="bbox 220 3590 1854 3667; baseline -0.005 -16"><span class='ocrx_word' id='word_1_288' title='bbox 220 3597 378 3652; x_wconf 77' lang='grc' dir='ltr'>κατὰ</span> <span class='ocrx_word' id='word_1_289' title='bbox 400 3595 592 3667; x_wconf 79' lang='grc' dir='ltr'>φύσιν,</span> <span class='ocrx_word' id='word_1_290' title='bbox 619 3595 745 3648; x_wconf 82' lang='grc' dir='ltr'><strong>οὐδέ</strong></span> <span class='ocrx_word' id='word_1_291' title='bbox 769 3594 1010 3666; x_wconf 82' lang='grc' dir='ltr'>ἐχόμενα</span> <span class='ocrx_word' id='word_1_292' title='bbox 1038 3593 1133 3646; x_wconf 91' lang='grc' dir='ltr'><strong>τοῦ</strong></span> <span class='ocrx_word' id='word_1_293' title='bbox 1165 3591 1310 3646; x_wconf 85' lang='grc' dir='ltr'>θείου</span> <span class='ocrx_word' id='word_1_294' title='bbox 1337 3590 1763 3662; x_wconf 88' lang='grc' dir='ltr'>θυσιαστηρίου,</span> <span class='ocrx_word' id='word_1_295' title='bbox 1795 3590 1854 3643; x_wconf 86' lang='grc' dir='ltr'>αἱ</span> 
     </span>
    </p>
   </div>
   <div class='ocr_carea' id='block_1_41' title="bbox 219 3681 1856 3761">
    <p class='ocr_par' dir='ltr' id='par_1_41' title="bbox 219 3681 1856 3761">
     <span class='ocr_line' id='line_1_41' title="bbox 219 3681 1856 3761; baseline -0.007 -15"><span class='ocrx_word' id='word_1_296' title='bbox 219 3691 339 3746; x_wconf 88' lang='grc' dir='ltr'><strong>τῶν</strong></span> <span class='ocrx_word' id='word_1_297' title='bbox 368 3688 877 3761; x_wconf 86' lang='grc' dir='ltr'>περιτανυσμάτων</span> <span class='ocrx_word' id='word_1_298' title='bbox 915 3686 1212 3741; x_wconf 87' lang='grc' dir='ltr'>ἐπλέκοντο</span> <span class='ocrx_word' id='word_1_299' title='bbox 1242 3683 1458 3754; x_wconf 73' lang='grc' dir='ltr'>σκηναὶ,</span> <span class='ocrx_word' id='word_1_300' title='bbox 1485 3683 1655 3755; x_wconf 76' lang='grc' dir='ltr'>ήγουν</span> <span class='ocrx_word' id='word_1_301' title='bbox 1692 3681 1762 3735; x_wconf 88' lang='grc' dir='ltr'>τὰ</span> <span class='ocrx_word' id='word_1_302' title='bbox 1791 3684 1856 3735; x_wconf 88' lang='grc' dir='ltr'><strong>ἐκ</strong></span> 
     </span>
    </p>
   </div>
   <div class='ocr_carea' id='block_1_42' title="bbox 223 3772 1850 3853">
    <p class='ocr_par' dir='ltr' id='par_1_42' title="bbox 223 3772 1850 3853">
     <span class='ocr_line' id='line_1_42' title="bbox 223 3772 1850 3853; baseline -0.006 -19"><span class='ocrx_word' id='word_1_303' title='bbox 223 3781 412 3853; x_wconf 82' lang='grc' dir='ltr'>μέθης</span> <span class='ocrx_word' id='word_1_304' title='bbox 474 3779 806 3850; x_wconf 79' lang='grc' dir='ltr'>ἐπράττετο,</span> <span class='ocrx_word' id='word_1_305' title='bbox 841 3777 956 3831; x_wconf 85' lang='grc' dir='ltr'>ἀλλ’</span> <span class='ocrx_word' id='word_1_306' title='bbox 988 3779 1049 3830; x_wconf 93' lang='grc' dir='ltr'><strong>ἐν</strong></span> <span class='ocrx_word' id='word_1_307' title='bbox 1072 3774 1153 3847; x_wconf 81' lang='grc' dir='ltr'>τῷ</span> <span class='ocrx_word' id='word_1_308' title='bbox 1195 3775 1330 3846; x_wconf 84' lang='grc' dir='ltr'>οἴκῳ</span> <span class='ocrx_word' id='word_1_309' title='bbox 1360 3774 1455 3827; x_wconf 83' lang='grc' dir='ltr'><strong>τοῦ</strong></span> <span class='ocrx_word' id='word_1_310' title='bbox 1493 3773 1618 3827; x_wconf 85' lang='grc' dir='ltr'>θεοῦ</span> <span class='ocrx_word' id='word_1_311' title='bbox 1647 3772 1850 3837; x_wconf 79' lang='grc' dir='ltr'>αὐτῶν,</span> 
     </span>
    </p>
   </div>
   <div class='ocr_carea' id='block_1_43' title="bbox 222 3866 1856 3943">
    <p class='ocr_par' dir='ltr' id='par_1_43' title="bbox 222 3866 1856 3943">
     <span class='ocr_line' id='line_1_43' title="bbox 222 3866 1856 3943; baseline -0.006 -15"><span class='ocrx_word' id='word_1_312' title='bbox 222 3875 318 3930; x_wconf 83' lang='grc' dir='ltr'><strong>ἴνα</strong></span> <span class='ocrx_word' id='word_1_313' title='bbox 353 3873 512 3943; x_wconf 84' lang='grc' dir='ltr'>λέγοι</span> <span class='ocrx_word' id='word_1_314' title='bbox 543 3871 634 3926; x_wconf 81' lang='grc' dir='ltr'><strong>τὸν</strong></span> <span class='ocrx_word' id='word_1_315' title='bbox 665 3871 836 3935; x_wconf 78' lang='grc' dir='ltr'>Βαὰλ,</span> <span class='ocrx_word' id='word_1_316' title='bbox 869 3871 1039 3941; x_wconf 74' lang='grc' dir='ltr'>ἤγουν</span> <span class='ocrx_word' id='word_1_317' title='bbox 1063 3870 1251 3940; x_wconf 74' lang='grc' dir='ltr'>ἕτερόν</span> <span class='ocrx_word' id='word_1_318' title='bbox 1297 3885 1348 3921; x_wconf 89' lang='grc' dir='ltr'><strong>τι</strong></span> <span class='ocrx_word' id='word_1_319' title='bbox 1379 3867 1489 3920; x_wconf 83' lang='grc' dir='ltr'><strong>τῶν</strong></span> <span class='ocrx_word' id='word_1_320' title='bbox 1517 3866 1577 3934; x_wconf 84' lang='grc' dir='ltr'>ἐξ</span> <span class='ocrx_word' id='word_1_321' title='bbox 1609 3866 1856 3930; x_wconf 84' lang='grc' dir='ltr'>ἐπινοίας</span> 
     </span>
    </p>
   </div>
   <div class='ocr_carea' id='block_1_44' title="bbox 222 3954 1854 4040">
    <p class='ocr_par' dir='ltr' id='par_1_44' title="bbox 222 3954 1854 4040">
     <span class='ocr_line' id='line_1_44' title="bbox 222 3954 1854 4040; baseline -0.007 -17"><span class='ocrx_word' id='word_1_322' title='bbox 222 3966 594 4040; x_wconf 82' lang='grc' dir='ltr'>ἀνθρωπίνης</span> <span class='ocrx_word' id='word_1_323' title='bbox 615 3967 696 4028; x_wconf 89' lang='grc' dir='ltr'><strong>είς</strong></span> <span class='ocrx_word' id='word_1_324' title='bbox 724 3963 896 4018; x_wconf 89' lang='grc' dir='ltr'>τύπον</span> <span class='ocrx_word' id='word_1_325' title='bbox 925 3961 1151 4016; x_wconf 80' lang='grc' dir='ltr'>εἰδώλου</span> <span class='ocrx_word' id='word_1_326' title='bbox 1169 3960 1579 4031; x_wconf 83' lang='grc' dir='ltr'>πεποιημένων.</span> <span class='ocrx_word' id='word_1_327' title='bbox 1602 3958 1728 4022; x_wconf 86' lang='grc' dir='ltr'>Πῶς</span> <span class='ocrx_word' id='word_1_328' title='bbox 1760 3954 1854 4013; x_wconf 81' lang='grc' dir='ltr'><strong>οὖν</strong></span> 
     </span>
    </p>
   </div>
   <div class='ocr_carea' id='block_1_45' title="bbox 223 4051 1854 4128">
    <p class='ocr_par' dir='ltr' id='par_1_45' title="bbox 223 4051 1854 4128">
     <span class='ocr_line' id='line_1_45' title="bbox 223 4051 1854 4128; baseline -0.007 -12"><span class='ocrx_word' id='word_1_329' title='bbox 223 4063 308 4117; x_wconf 75' lang='grc' dir='ltr'>ἔτι</span> <span class='ocrx_word' id='word_1_330' title='bbox 342 4057 779 4128; x_wconf 87' lang='grc' dir='ltr'>καταλογισθείη</span> <span class='ocrx_word' id='word_1_331' title='bbox 812 4056 879 4112; x_wconf 79' lang='grc' dir='ltr'>ἂν</span> <span class='ocrx_word' id='word_1_332' title='bbox 911 4058 992 4120; x_wconf 88' lang='grc' dir='ltr'>εἰς</span> <span class='ocrx_word' id='word_1_333' title='bbox 1023 4055 1277 4126; x_wconf 77' lang='grc' dir='ltr'>ἔγκλημα</span> <span class='ocrx_word' id='word_1_334' title='bbox 1316 4052 1396 4124; x_wconf 85' lang='grc' dir='ltr'>τῷ</span> <span class='ocrx_word' id='word_1_335' title='bbox 1439 4052 1680 4124; x_wconf 83' lang='grc' dir='ltr'>Ἰσραὴλ,</span> <span class='ocrx_word' id='word_1_336' title='bbox 1705 4051 1767 4104; x_wconf 80' lang='grc' dir='ltr'>τὸ</span> <span class='ocrx_word' id='word_1_337' title='bbox 1795 4053 1854 4105; x_wconf 86' lang='grc' dir='ltr'><strong>ἐν</strong></span> 
     </span>
    </p>
   </div>
   <div class='ocr_carea' id='block_1_46' title="bbox 223 4143 1854 4225">
    <p class='ocr_par' dir='ltr' id='par_1_46' title="bbox 223 4143 1854 4225">
     <span class='ocr_line' id='line_1_46' title="bbox 223 4143 1854 4225; baseline -0.007 -16"><span class='ocrx_word' id='word_1_338' title='bbox 223 4156 366 4225; x_wconf 77' lang='grc' dir='ltr'>οἴκῳ</span> <span class='ocrx_word' id='word_1_339' title='bbox 413 4150 582 4222; x_wconf 74' lang='grc' dir='ltr'>τυχὸν</span> <span class='ocrx_word' id='word_1_340' title='bbox 611 4149 872 4214; x_wconf 82' lang='grc' dir='ltr'>εἰδώλων,</span> <span class='ocrx_word' id='word_1_341' title='bbox 900 4149 996 4202; x_wconf 73' lang='grc' dir='ltr'><strong>καὶ</strong></span> <span class='ocrx_word' id='word_1_342' title='bbox 1039 4147 1171 4218; x_wconf 81' lang='grc' dir='ltr'>παρ’</span> <span class='ocrx_word' id='word_1_343' title='bbox 1200 4146 1332 4200; x_wconf 80' lang='grc' dir='ltr'>αὐτὸ</span> <span class='ocrx_word' id='word_1_344' title='bbox 1363 4145 1426 4199; x_wconf 82' lang='grc' dir='ltr'>τὸ</span> <span class='ocrx_word' id='word_1_345' title='bbox 1461 4143 1641 4215; x_wconf 80' lang='grc' dir='ltr'>Βεϐὴλ</span> <span class='ocrx_word' id='word_1_346' title='bbox 1668 4143 1854 4198; x_wconf 87' lang='grc' dir='ltr'>θυσια-</span> 
     </span>
    </p>
   </div>
   <div class='ocr_carea' id='block_1_47' title="bbox 225 4235 1854 4316">
    <p class='ocr_par' dir='ltr' id='par_1_47' title="bbox 225 4235 1854 4316">
     <span class='ocr_line' id='line_1_47' title="bbox 225 4235 1854 4316; baseline -0.006 -17"><span class='ocrx_word' id='word_1_347' title='bbox 225 4252 464 4316; x_wconf 73' lang='grc' dir='ltr'>στήριον</span> <span class='ocrx_word' id='word_1_348' title='bbox 491 4244 624 4314; x_wconf 77' lang='grc' dir='ltr'>οἴνῳ</span> <span class='ocrx_word' id='word_1_349' title='bbox 655 4259 718 4295; x_wconf 84' lang='grc' dir='ltr'><strong>τε</strong></span> <span class='ocrx_word' id='word_1_350' title='bbox 745 4239 993 4312; x_wconf 84' lang='grc' dir='ltr'>μεθύειν,</span> <span class='ocrx_word' id='word_1_351' title='bbox 1024 4240 1122 4292; x_wconf 81' lang='grc' dir='ltr'><strong>καὶ</strong></span> <span class='ocrx_word' id='word_1_352' title='bbox 1163 4237 1476 4308; x_wconf 81' lang='grc' dir='ltr'>ἐξυφαίνειν</span> <span class='ocrx_word' id='word_1_353' title='bbox 1501 4235 1732 4307; x_wconf 80' lang='grc' dir='ltr'>σκηνὰς,</span> <span class='ocrx_word' id='word_1_354' title='bbox 1771 4236 1854 4290; x_wconf 85' lang='grc' dir='ltr'>ὅτι</span> 
     </span>
    </p>
   </div>
   <div class='ocr_carea' id='block_1_48' title="bbox 223 4329 1856 4404">
    <p class='ocr_par' dir='ltr' id='par_1_48' title="bbox 223 4329 1856 4404">
     <span class='ocr_line' id='line_1_48' title="bbox 223 4329 1856 4404; baseline -0.003 -17"><span class='ocrx_word' id='word_1_355' title='bbox 223 4335 412 4392; x_wconf 73' lang='grc' dir='ltr'>ταῦτα</span> <span class='ocrx_word' id='word_1_356' title='bbox 458 4335 820 4404; x_wconf 86' lang='grc' dir='ltr'>τετιμήκασι,</span> <span class='ocrx_word' id='word_1_357' title='bbox 863 4331 960 4386; x_wconf 75' lang='grc' dir='ltr'>καὶ</span> <span class='ocrx_word' id='word_1_358' title='bbox 1006 4329 1180 4402; x_wconf 85' lang='grc' dir='ltr'>μέθης</span> <span class='ocrx_word' id='word_1_359' title='bbox 1226 4329 1417 4401; x_wconf 86' lang='grc' dir='ltr'>ὥσπερ</span> <span class='ocrx_word' id='word_1_360' title='bbox 1488 4330 1586 4382; x_wconf 78' lang='grc' dir='ltr'><strong>καὶ</strong></span> <span class='ocrx_word' id='word_1_361' title='bbox 1633 4329 1856 4400; x_wconf 80' lang='grc' dir='ltr'>ἀπάσης</span> 
     </span>
    </p>
   </div>
   <div class='ocr_carea' id='block_1_49' title="bbox 223 4423 1855 4504">
    <p class='ocr_par' dir='ltr' id='par_1_49' title="bbox 223 4423 1855 4504">
     <span class='ocr_line' id='line_1_49' title="bbox 223 4423 1855 4504; baseline -0.005 -20"><span class='ocrx_word' id='word_1_362' title='bbox 223 4430 436 4504; x_wconf 84' lang='grc' dir='ltr'>ἡδονῆς</span> <span class='ocrx_word' id='word_1_363' title='bbox 491 4427 837 4498; x_wconf 83' lang='grc' dir='ltr'>ἐργαστήρια</span> <span class='ocrx_word' id='word_1_364' title='bbox 879 4424 986 4478; x_wconf 87' lang='grc' dir='ltr'><strong>τῶν</strong></span> <span class='ocrx_word' id='word_1_365' title='bbox 1022 4425 1080 4479; x_wconf 86' lang='grc' dir='ltr'><strong>ἐν</strong></span> <span class='ocrx_word' id='word_1_366' title='bbox 1129 4423 1398 4495; x_wconf 78' lang='grc' dir='ltr'>ὑπολήψει</span> <span class='ocrx_word' id='word_1_367' title='bbox 1440 4423 1580 4477; x_wconf 86' lang='grc' dir='ltr'>θεῶν</span> <span class='ocrx_word' id='word_1_368' title='bbox 1634 4424 1855 4477; x_wconf 83' lang='grc' dir='ltr'>ἐποίουν</span> 
     </span>
    </p>
   </div>
   <div class='ocr_carea' id='block_1_50' title="bbox 223 4514 1858 4588">
    <p class='ocr_par' dir='ltr' id='par_1_50' title="bbox 223 4514 1858 4588">
     <span class='ocr_line' id='line_1_50' title="bbox 223 4514 1858 4588; baseline -0.008 -8"><span class='ocrx_word' id='word_1_369' title='bbox 223 4526 362 4588; x_wconf 64' lang='grc' dir='ltr'>τοὺς</span> <span class='ocrx_word' id='word_1_370' title='bbox 412 4522 619 4585; x_wconf 71' lang='grc' dir='ltr'>ναούςῐ</span> <span class='ocrx_word' id='word_1_371' title='bbox 667 4520 864 4573; x_wconf 85' lang='grc' dir='ltr'>Καίτοι</span> <span class='ocrx_word' id='word_1_372' title='bbox 895 4518 1014 4571; x_wconf 89' lang='grc' dir='ltr'>δέον</span> <span class='ocrx_word' id='word_1_373' title='bbox 1061 4515 1314 4586; x_wconf 81' lang='grc' dir='ltr'>ἐφίεσθαι</span> <span class='ocrx_word' id='word_1_374' title='bbox 1364 4517 1566 4586; x_wconf 74' lang='grc' dir='ltr'>μᾶλλον</span> <span class='ocrx_word' id='word_1_375' title='bbox 1597 4514 1858 4588; x_wconf 87' lang='grc' dir='ltr'>καθαρῶς</span> 
     </span>
    </p>
   </div>
   <div class='ocr_carea' id='block_1_51' title="bbox 1959 817 3570 889">
    <p class='ocr_par' dir='ltr' id='par_1_51' title="bbox 1959 817 3570 889">
     <span class='ocr_line' id='line_1_51' title="bbox 1959 817 3570 889; baseline -0.004 -13"><span class='ocrx_word' id='word_1_376' title='bbox 1959 830 2032 884; x_wconf 86' lang='lat' dir='ltr'><strong>ta,</strong></span> <span class='ocrx_word' id='word_1_377' title='bbox 2066 821 2262 889; x_wconf 90' lang='lat' dir='ltr'><strong>inquit,</strong></span> <span class='ocrx_word' id='word_1_378' title='bbox 2294 821 2389 874; x_wconf 88' lang='lat' dir='ltr'><strong>sed</strong></span> <span class='ocrx_word' id='word_1_379' title='bbox 2437 820 2537 874; x_wconf 87' lang='lat' dir='ltr'><strong>sub</strong></span> <span class='ocrx_word' id='word_1_380' title='bbox 2574 818 2706 888; x_wconf 84' lang='lat' dir='ltr'><strong>ipsis</strong></span> <span class='ocrx_word' id='word_1_381' title='bbox 2737 833 2797 872; x_wconf 85' lang='lat' dir='ltr'><strong>se</strong></span> <span class='ocrx_word' id='word_1_382' title='bbox 2825 817 3107 883; x_wconf 84' lang='lat' dir='ltr'><strong>abdeutes,</strong></span> <span class='ocrx_word' id='word_1_383' title='bbox 3129 818 3398 871; x_wconf 81' lang='lat' dir='ltr'><strong>inebriare</strong></span> <span class='ocrx_word' id='word_1_384' title='bbox 3431 834 3491 871; x_wconf 84' lang='lat' dir='ltr'><strong>se</strong></span> <span class='ocrx_word' id='word_1_385' title='bbox 3520 828 3570 871; x_wconf 87' lang='lat' dir='ltr'><strong>et</strong></span> 
     </span>
    </p>
   </div>
   <div class='ocr_carea' id='block_1_52' title="bbox 1956 909 3570 987">
    <p class='ocr_par' dir='ltr' id='par_1_52' title="bbox 1956 909 3570 987">
     <span class='ocr_line' id='line_1_52' title="bbox 1956 909 3570 987; baseline -0.002 -19"><span class='ocrx_word' id='word_1_386' title='bbox 1956 913 2326 982; x_wconf 72' lang='lat' dir='ltr'><strong>voluptatibus</strong></span> <span class='ocrx_word' id='word_1_387' title='bbox 2343 913 2628 983; x_wconf 86' lang='lat' dir='ltr'><strong>indulgere</strong></span> <span class='ocrx_word' id='word_1_388' title='bbox 2648 911 3009 987; x_wconf 85' lang='lat' dir='ltr'><strong>audebant,ut</strong></span> <span class='ocrx_word' id='word_1_389' title='bbox 3024 921 3076 964; x_wconf 82' lang='lat' dir='ltr'><strong>et</strong></span> <span class='ocrx_word' id='word_1_390' title='bbox 3101 909 3266 965; x_wconf 89' lang='lat' dir='ltr'><strong>Deum</strong></span> <span class='ocrx_word' id='word_1_391' title='bbox 3286 912 3570 964; x_wconf 80' lang='lat' dir='ltr'><strong>manifesto</strong></span> 
     </span>
    </p>
   </div>
   <div class='ocr_carea' id='block_1_53' title="bbox 1956 1003 3568 1075">
    <p class='ocr_par' dir='ltr' id='par_1_53' title="bbox 1956 1003 3568 1075">
     <span class='ocr_line' id='line_1_53' title="bbox 1956 1003 3568 1075; baseline -0.002 -15"><span class='ocrx_word' id='word_1_392' title='bbox 1956 1007 2246 1061; x_wconf 84' lang='lat' dir='ltr'><strong>audirent:</strong></span> <span class='ocrx_word' id='word_1_393' title='bbox 2282 1026 2301 1058; x_wconf 83' lang='grc'>‹</span> <span class='ocrx_word' id='word_1_394' title='bbox 2347 1008 2413 1061; x_wconf 84' lang='lat' dir='ltr'><strong>Et</strong></span> <span class='ocrx_word' id='word_1_395' title='bbox 2440 1022 2538 1075; x_wconf 82' lang='lat' dir='ltr'><strong>ego</strong></span> <span class='ocrx_word' id='word_1_396' title='bbox 2571 1006 2747 1070; x_wconf 81' lang='lat' dir='ltr'><strong>testis,</strong></span> <span class='ocrx_word' id='word_1_397' title='bbox 2781 1004 2912 1058; x_wconf 82' lang='lat' dir='ltr'><strong>dicit</strong></span> <span class='ocrx_word' id='word_1_398' title='bbox 2943 1004 3203 1058; x_wconf 88' lang='lat' dir='ltr'><strong>Dominus</strong></span> <span class='ocrx_word' id='word_1_399' title='bbox 3231 1004 3298 1058; x_wconf 77' lang='grc'>⁸³.</span> <span class='ocrx_word' id='word_1_400' title='bbox 3375 1023 3393 1056; x_wconf 83' lang='grc'><strong>›</strong></span> <span class='ocrx_word' id='word_1_401' title='bbox 3427 1003 3568 1069; x_wconf 89' lang='lat' dir='ltr'><strong>Quo-</strong></span> 
     </span>
    </p>
   </div>
   <div class='ocr_carea' id='block_1_54' title="bbox 1957 1096 3567 1154">
    <p class='ocr_par' dir='ltr' id='par_1_54' title="bbox 1957 1096 3567 1154">
     <span class='ocr_line' id='line_1_54' title="bbox 1957 1096 3567 1154; baseline -0.002 -2"><span class='ocrx_word' id='word_1_402' title='bbox 1957 1114 2083 1152; x_wconf 90' lang='lat' dir='ltr'><strong>natn</strong></span> <span class='ocrx_word' id='word_1_403' title='bbox 2114 1107 2293 1154; x_wconf 83' lang='lat' dir='ltr'><strong>autem</strong></span> <span class='ocrx_word' id='word_1_404' title='bbox 2313 1099 2518 1153; x_wconf 85' lang='lat' dir='ltr'><strong>scelere</strong></span> <span class='ocrx_word' id='word_1_405' title='bbox 2578 1098 2740 1152; x_wconf 86' lang='lat' dir='ltr'><strong>homo</strong></span> <span class='ocrx_word' id='word_1_406' title='bbox 2788 1096 3098 1150; x_wconf 76' lang='lat' dir='ltr'><strong>vinolentus</strong></span> <span class='ocrx_word' id='word_1_407' title='bbox 3137 1105 3192 1150; x_wconf 89' lang='lat' dir='ltr'><strong>et</strong></span> <span class='ocrx_word' id='word_1_408' title='bbox 3235 1104 3417 1149; x_wconf 91' lang='lat' dir='ltr'><strong>mente</strong></span> <span class='ocrx_word' id='word_1_409' title='bbox 3461 1113 3567 1149; x_wconf 83' lang='lat' dir='ltr'><strong>nun</strong></span> 
     </span>
    </p>
   </div>
   <div class='ocr_carea' id='block_1_55' title="bbox 1955 1187 3571 1260">
    <p class='ocr_par' dir='ltr' id='par_1_55' title="bbox 1955 1187 3571 1260">
     <span class='ocr_line' id='line_1_55' title="bbox 1955 1187 3571 1260; baseline -0.002 -14"><span class='ocrx_word' id='word_1_410' title='bbox 1955 1200 2237 1254; x_wconf 85' lang='lat' dir='ltr'><strong>constans,</strong></span> <span class='ocrx_word' id='word_1_411' title='bbox 2272 1200 2327 1246; x_wconf 91' lang='lat' dir='ltr'><strong>et</strong></span> <span class='ocrx_word' id='word_1_412' title='bbox 2349 1190 2414 1244; x_wconf 88' lang='lat' dir='ltr'><strong>ad</strong></span> <span class='ocrx_word' id='word_1_413' title='bbox 2445 1191 2806 1260; x_wconf 83' lang='lat' dir='ltr'><strong>quodcunque</strong></span> <span class='ocrx_word' id='word_1_414' title='bbox 2833 1187 3098 1258; x_wconf 74' lang='lat' dir='ltr'><strong>flagitium</strong></span> <span class='ocrx_word' id='word_1_415' title='bbox 3132 1188 3328 1254; x_wconf 82' lang='lat' dir='ltr'><strong>facilis,</strong></span> <span class='ocrx_word' id='word_1_416' title='bbox 3354 1203 3415 1243; x_wconf 88' lang='lat' dir='ltr'><strong>se</strong></span> <span class='ocrx_word' id='word_1_417' title='bbox 3444 1189 3571 1242; x_wconf 88' lang='lat' dir='ltr'><strong>abs-</strong></span> 
     </span>
    </p>
   </div>
   <div class='ocr_carea' id='block_1_56' title="bbox 1959 1281 3570 1348">
    <p class='ocr_par' dir='ltr' id='par_1_56' title="bbox 1959 1281 3570 1348">
     <span class='ocr_line' id='line_1_56' title="bbox 1959 1281 3570 1348; baseline -0.002 -10"><span class='ocrx_word' id='word_1_418' title='bbox 1959 1282 2166 1338; x_wconf 87' lang='lat' dir='ltr'><strong>tineat?</strong></span> <span class='ocrx_word' id='word_1_419' title='bbox 2221 1281 2469 1336; x_wconf 90' lang='lat' dir='ltr'><strong>lntuetur</strong></span> <span class='ocrx_word' id='word_1_420' title='bbox 2493 1282 2637 1336; x_wconf 89' lang='lat' dir='ltr'><strong>enim</strong></span> <span class='ocrx_word' id='word_1_421' title='bbox 2673 1282 2812 1335; x_wconf 89' lang='lat' dir='ltr'><strong>Deus</strong></span> <span class='ocrx_word' id='word_1_422' title='bbox 2845 1282 3222 1336; x_wconf 89' lang='lat' dir='ltr'><strong>universorum</strong></span> <span class='ocrx_word' id='word_1_423' title='bbox 3250 1282 3414 1334; x_wconf 89' lang='lat' dir='ltr'><strong>etiam</strong></span> <span class='ocrx_word' id='word_1_424' title='bbox 3449 1296 3570 1348; x_wconf 69' lang='lat' dir='ltr'><strong>quas</strong></span> 
     </span>
    </p>
   </div>
   <div class='ocr_carea' id='block_1_57' title="bbox 1958 1371 3574 1441">
    <p class='ocr_par' dir='ltr' id='par_1_57' title="bbox 1958 1371 3574 1441">
     <span class='ocr_line' id='line_1_57' title="bbox 1958 1371 3574 1441; baseline -0.002 -13"><span class='ocrx_word' id='word_1_425' title='bbox 1958 1374 2012 1428; x_wconf 89' lang='lat' dir='ltr'><strong>in</strong></span> <span class='ocrx_word' id='word_1_426' title='bbox 2047 1374 2283 1429; x_wconf 79' lang='lat' dir='ltr'><strong>tenebris</strong></span> <span class='ocrx_word' id='word_1_427' title='bbox 2317 1375 2452 1429; x_wconf 84' lang='lat' dir='ltr'><strong>fiunt</strong></span> <span class='ocrx_word' id='word_1_428' title='bbox 2481 1373 2552 1438; x_wconf 62' lang='grc' dir='ltr'>ω,</span> <span class='ocrx_word' id='word_1_429' title='bbox 2586 1384 2644 1427; x_wconf 87' lang='lat' dir='ltr'><strong>ttt</strong></span> <span class='ocrx_word' id='word_1_430' title='bbox 2672 1373 2935 1441; x_wconf 86' lang='lat' dir='ltr'><strong>scriptum</strong></span> <span class='ocrx_word' id='word_1_431' title='bbox 2988 1382 3093 1438; x_wconf 87' lang='lat' dir='ltr'><strong>est,</strong></span> <span class='ocrx_word' id='word_1_432' title='bbox 3127 1380 3182 1427; x_wconf 92' lang='lat' dir='ltr'><strong>et</strong></span> <span class='ocrx_word' id='word_1_433' title='bbox 3215 1371 3351 1425; x_wconf 85' lang='lat' dir='ltr'><strong>nihil</strong></span> <span class='ocrx_word' id='word_1_434' title='bbox 3375 1371 3425 1426; x_wconf 90' lang='lat' dir='ltr'><strong>ei</strong></span> <span class='ocrx_word' id='word_1_435' title='bbox 3486 1371 3574 1425; x_wconf 85' lang='lat' dir='ltr'><strong>itt-</strong></span> 
     </span>
    </p>
   </div>
   <div class='ocr_carea' id='block_1_58' title="bbox 1956 1467 2382 1537">
    <p class='ocr_par' dir='ltr' id='par_1_58' title="bbox 1956 1467 2382 1537">
     <span class='ocr_line' id='line_1_58' title="bbox 1956 1467 2382 1537; baseline -0.007 -15"><span class='ocrx_word' id='word_1_436' title='bbox 1956 1467 2284 1537; x_wconf 85' lang='lat' dir='ltr'><strong>aspectabile</strong></span> <span class='ocrx_word' id='word_1_437' title='bbox 2313 1467 2382 1519; x_wconf 80' lang='grc'><strong>⁸⁵.</strong></span> 
     </span>
    </p>
   </div>
   <div class='ocr_carea' id='block_1_59' title="bbox 2032 1723 3562 1826">
    <p class='ocr_par' dir='ltr' id='par_1_59' title="bbox 2032 1723 3562 1826">
     <span class='ocr_line' id='line_1_59' title="bbox 2032 1723 3562 1826; baseline -0.003 -14"><span class='ocrx_word' id='word_1_438' title='bbox 2032 1757 2296 1812; x_wconf 81' lang='lat' dir='ltr'><strong>Videntur</strong></span> <span class='ocrx_word' id='word_1_439' title='bbox 2321 1766 2503 1811; x_wconf 91' lang='lat' dir='ltr'><strong>autem</strong></span> <span class='ocrx_word' id='word_1_440' title='bbox 2529 1773 2648 1826; x_wconf 67' lang='lat' dir='ltr'><strong>quae</strong></span> <span class='ocrx_word' id='word_1_441' title='bbox 2671 1755 2725 1810; x_wconf 91' lang='lat' dir='ltr'><strong>in</strong></span> <span class='ocrx_word' id='word_1_442' title='bbox 2756 1755 2988 1812; x_wconf 82' lang='lat' dir='ltr'><strong>ecclesia</strong></span> <span class='ocrx_word' id='word_1_443' title='bbox 3018 1723 3288 1824; x_wconf 64' lang='lat' dir='ltr'><strong>prmciptte</strong></span> <span class='ocrx_word' id='word_1_444' title='bbox 3330 1770 3359 1808; x_wconf 93' lang='lat' dir='ltr'><strong>a</strong></span> <span class='ocrx_word' id='word_1_445' title='bbox 3403 1753 3562 1808; x_wconf 90' lang='lat' dir='ltr'><strong>nobis</strong></span> 
     </span>
    </p>
   </div>
   <div class='ocr_carea' id='block_1_60' title="bbox 1960 1845 3560 1919">
    <p class='ocr_par' dir='ltr' id='par_1_60' title="bbox 1960 1845 3560 1919">
     <span class='ocr_line' id='line_1_60' title="bbox 1960 1845 3560 1919; baseline -0.003 -16"><span class='ocrx_word' id='word_1_446' title='bbox 1960 1849 2116 1915; x_wconf 86' lang='lat' dir='ltr'><strong>ﬁunt,</strong></span> <span class='ocrx_word' id='word_1_447' title='bbox 2149 1859 2356 1902; x_wconf 91' lang='lat' dir='ltr'><strong>tantum</strong></span> <span class='ocrx_word' id='word_1_448' title='bbox 2385 1865 2492 1903; x_wconf 89' lang='lat' dir='ltr'><strong>non</strong></span> <span class='ocrx_word' id='word_1_449' title='bbox 2525 1857 2793 1919; x_wconf 56' lang='lat' dir='ltr'><strong>prasente</strong></span> <span class='ocrx_word' id='word_1_450' title='bbox 2821 1857 2874 1901; x_wconf 90' lang='lat' dir='ltr'><strong>et</strong></span> <span class='ocrx_word' id='word_1_451' title='bbox 2919 1856 3237 1918; x_wconf 78' lang='lat' dir='ltr'><strong>aspectante</strong></span> <span class='ocrx_word' id='word_1_452' title='bbox 3288 1847 3396 1901; x_wconf 91' lang='lat' dir='ltr'><strong>Deo</strong></span> <span class='ocrx_word' id='word_1_453' title='bbox 3423 1845 3560 1899; x_wconf 82' lang='lat' dir='ltr'><strong>fieri.</strong></span> 
     </span>
    </p>
   </div>
   <div class='ocr_carea' id='block_1_61' title="bbox 1957 1939 3565 2012">
    <p class='ocr_par' dir='ltr' id='par_1_61' title="bbox 1957 1939 3565 2012">
     <span class='ocr_line' id='line_1_61' title="bbox 1957 1939 3565 2012; baseline -0.002 -18"><span class='ocrx_word' id='word_1_454' title='bbox 1957 1939 2112 2010; x_wconf 81' lang='lat' dir='ltr'><strong>Quod</strong></span> <span class='ocrx_word' id='word_1_455' title='bbox 2144 1943 2187 1995; x_wconf 88' lang='lat' dir='ltr'><strong>si</strong></span> <span class='ocrx_word' id='word_1_456' title='bbox 2220 1956 2348 1997; x_wconf 83' lang='lat' dir='ltr'><strong>vere</strong></span> <span class='ocrx_word' id='word_1_457' title='bbox 2379 1941 2756 2012; x_wconf 85' lang='lat' dir='ltr'><strong>turpissimum</strong></span> <span class='ocrx_word' id='word_1_458' title='bbox 2784 1950 2870 1995; x_wconf 89' lang='lat' dir='ltr'><strong>est</strong></span> <span class='ocrx_word' id='word_1_459' title='bbox 2903 1949 2957 1994; x_wconf 89' lang='lat' dir='ltr'><strong>et</strong></span> <span class='ocrx_word' id='word_1_460' title='bbox 3009 1953 3360 2008; x_wconf 85' lang='lat' dir='ltr'><strong>summopere</strong></span> <span class='ocrx_word' id='word_1_461' title='bbox 3387 1955 3415 1991; x_wconf 88' lang='lat' dir='ltr'><strong>a</strong></span> <span class='ocrx_word' id='word_1_462' title='bbox 3447 1939 3565 2007; x_wconf 79' lang='lat' dir='ltr'><strong>lege</strong></span> 
     </span>
    </p>
   </div>
   <div class='ocr_carea' id='block_1_62' title="bbox 1957 2031 3565 2102">
    <p class='ocr_par' dir='ltr' id='par_1_62' title="bbox 1957 2031 3565 2102">
     <span class='ocr_line' id='line_1_62' title="bbox 1957 2031 3565 2102; baseline -0.002 -14"><span class='ocrx_word' id='word_1_463' title='bbox 1957 2035 2352 2089; x_wconf 83' lang='lat' dir='ltr'><strong>condemnatur</strong></span> <span class='ocrx_word' id='word_1_464' title='bbox 2375 2034 2632 2089; x_wconf 83' lang='lat' dir='ltr'><strong>inebriari</strong></span> <span class='ocrx_word' id='word_1_465' title='bbox 2667 2034 2943 2096; x_wconf 84' lang='lat' dir='ltr'><strong>universe,</strong></span> <span class='ocrx_word' id='word_1_466' title='bbox 2980 2035 3258 2102; x_wconf 87' lang='lat' dir='ltr'><strong>quomodo</strong></span> <span class='ocrx_word' id='word_1_467' title='bbox 3289 2031 3565 2085; x_wconf 88' lang='lat' dir='ltr'><strong>nonomui</strong></span> 
     </span>
    </p>
   </div>
   <div class='ocr_carea' id='block_1_63' title="bbox 1959 2124 3564 2198">
    <p class='ocr_par' dir='ltr' id='par_1_63' title="bbox 1959 2124 3564 2198">
     <span class='ocr_line' id='line_1_63' title="bbox 1959 2124 3564 2198; baseline -0.003 -16"><span class='ocrx_word' id='word_1_468' title='bbox 1959 2127 2200 2197; x_wconf 87' lang='lat' dir='ltr'><strong>nequitia</strong></span> <span class='ocrx_word' id='word_1_469' title='bbox 2231 2127 2405 2198; x_wconf 89' lang='lat' dir='ltr'><strong>majus</strong></span> <span class='ocrx_word' id='word_1_470' title='bbox 2435 2137 2540 2191; x_wconf 86' lang='lat' dir='ltr'><strong>est,</strong></span> <span class='ocrx_word' id='word_1_471' title='bbox 2567 2130 2728 2182; x_wconf 90' lang='lat' dir='ltr'><strong>etiam</strong></span> <span class='ocrx_word' id='word_1_472' title='bbox 2751 2127 2804 2180; x_wconf 91' lang='lat' dir='ltr'><strong>in</strong></span> <span class='ocrx_word' id='word_1_473' title='bbox 2843 2127 2955 2194; x_wconf 89' lang='lat' dir='ltr'><strong>ipsa</strong></span> <span class='ocrx_word' id='word_1_474' title='bbox 2987 2125 3224 2180; x_wconf 89' lang='lat' dir='ltr'><strong>ecclesia</strong></span> <span class='ocrx_word' id='word_1_475' title='bbox 3264 2124 3399 2178; x_wconf 86' lang='lat' dir='ltr'><strong>tales</strong></span> <span class='ocrx_word' id='word_1_476' title='bbox 3427 2139 3564 2178; x_wconf 89' lang='lat' dir='ltr'><strong>con--</strong></span> 
     </span>
    </p>
   </div>
   <div class='ocr_carea' id='block_1_64' title="bbox 1957 2216 3566 2291">
    <p class='ocr_par' dir='ltr' id='par_1_64' title="bbox 1957 2216 3566 2291">
     <span class='ocr_line' id='line_1_64' title="bbox 1957 2216 3566 2291; baseline -0.002 -17"><span class='ocrx_word' id='word_1_477' title='bbox 1957 2221 2093 2290; x_wconf 85' lang='lat' dir='ltr'><strong>spici</strong></span> <span class='ocrx_word' id='word_1_478' title='bbox 2119 2221 2141 2274; x_wconf 87' lang='lat'><strong>?</strong></span> <span class='ocrx_word' id='word_1_479' title='bbox 2175 2232 2229 2275; x_wconf 89' lang='lat' dir='ltr'><strong>et</strong></span> <span class='ocrx_word' id='word_1_480' title='bbox 2253 2221 2396 2290; x_wconf 82' lang='lat' dir='ltr'><strong>quod</strong></span> <span class='ocrx_word' id='word_1_481' title='bbox 2427 2223 2647 2291; x_wconf 79' lang='lat' dir='ltr'><strong>gravius</strong></span> <span class='ocrx_word' id='word_1_482' title='bbox 2677 2230 2782 2287; x_wconf 88' lang='lat' dir='ltr'><strong>est,</strong></span> <span class='ocrx_word' id='word_1_483' title='bbox 2817 2220 2863 2275; x_wconf 86' lang='lat' dir='ltr'><strong>si</strong></span> <span class='ocrx_word' id='word_1_484' title='bbox 2896 2237 2960 2276; x_wconf 75' lang='lat' dir='ltr'><strong>ex</strong></span> <span class='ocrx_word' id='word_1_485' title='bbox 2992 2218 3192 2288; x_wconf 86' lang='lat' dir='ltr'><strong>injuste</strong></span> <span class='ocrx_word' id='word_1_486' title='bbox 3221 2225 3277 2272; x_wconf 90' lang='lat' dir='ltr'><strong>et</strong></span> <span class='ocrx_word' id='word_1_487' title='bbox 3297 2216 3566 2272; x_wconf 85' lang='lat' dir='ltr'><strong>scelerate</strong></span> 
     </span>
    </p>
   </div>
   <div class='ocr_carea' id='block_1_65' title="bbox 1957 2307 3565 2382">
    <p class='ocr_par' dir='ltr' id='par_1_65' title="bbox 1957 2307 3565 2382">
     <span class='ocr_line' id='line_1_65' title="bbox 1957 2307 3565 2382; baseline -0.003 -16"><span class='ocrx_word' id='word_1_488' title='bbox 1957 2311 2127 2367; x_wconf 71' lang='lat' dir='ltr'><strong>effuso</strong></span> <span class='ocrx_word' id='word_1_489' title='bbox 2149 2312 2418 2382; x_wconf 79' lang='lat' dir='ltr'><strong>sanguine</strong></span> <span class='ocrx_word' id='word_1_490' title='bbox 2447 2313 2502 2366; x_wconf 87' lang='lat' dir='ltr'><strong>in</strong></span> <span class='ocrx_word' id='word_1_491' title='bbox 2532 2311 2757 2367; x_wconf 87' lang='lat' dir='ltr'><strong>delicias</strong></span> <span class='ocrx_word' id='word_1_492' title='bbox 2798 2323 3077 2377; x_wconf 85' lang='lat' dir='ltr'><strong>sumptum</strong></span> <span class='ocrx_word' id='word_1_493' title='bbox 3110 2308 3436 2377; x_wconf 83' lang='lat' dir='ltr'><strong>collegeris?</strong></span> <span class='ocrx_word' id='word_1_494' title='bbox 3457 2307 3565 2373; x_wconf 79' lang='lat' dir='ltr'><strong>Qui</strong></span> 
     </span>
    </p>
   </div>
   <div class='ocr_carea' id='block_1_66' title="bbox 1958 2400 3563 2471">
    <p class='ocr_par' dir='ltr' id='par_1_66' title="bbox 1958 2400 3563 2471">
     <span class='ocr_line' id='line_1_66' title="bbox 1958 2400 3563 2471; baseline -0.005 -11"><span class='ocrx_word' id='word_1_495' title='bbox 1958 2404 2075 2460; x_wconf 66' lang='lat' dir='ltr'><strong>haec</strong></span> <span class='ocrx_word' id='word_1_496' title='bbox 2100 2405 2326 2470; x_wconf 88' lang='lat' dir='ltr'><strong>faciunt,</strong></span> <span class='ocrx_word' id='word_1_497' title='bbox 2351 2404 2518 2460; x_wconf 91' lang='lat' dir='ltr'><strong>Deum</strong></span> <span class='ocrx_word' id='word_1_498' title='bbox 2564 2403 2788 2458; x_wconf 85' lang='lat' dir='ltr'><strong>audient</strong></span> <span class='ocrx_word' id='word_1_499' title='bbox 2845 2403 3119 2459; x_wconf 88' lang='lat' dir='ltr'><strong>dicentem</strong></span> <span class='ocrx_word' id='word_1_500' title='bbox 3154 2401 3376 2471; x_wconf 85' lang='lat' dir='ltr'><strong>palam:</strong></span> <span class='ocrx_word' id='word_1_501' title='bbox 3421 2400 3563 2453; x_wconf 90' lang='lat' dir='ltr'><strong>Num</strong></span> 
     </span>
    </p>
   </div>
   <div class='ocr_carea' id='block_1_67' title="bbox 1957 2494 3564 2568">
    <p class='ocr_par' dir='ltr' id='par_1_67' title="bbox 1957 2494 3564 2568">
     <span class='ocr_line' id='line_1_67' title="bbox 1957 2494 3564 2568; baseline -0.004 -14"><span class='ocrx_word' id='word_1_502' title='bbox 1957 2498 2213 2568; x_wconf 88' lang='lat' dir='ltr'><strong>spelunca</strong></span> <span class='ocrx_word' id='word_1_503' title='bbox 2240 2499 2508 2552; x_wconf 86' lang='lat' dir='ltr'><strong>latronum</strong></span> <span class='ocrx_word' id='word_1_504' title='bbox 2559 2498 2755 2552; x_wconf 87' lang='lat' dir='ltr'><strong>domus</strong></span> <span class='ocrx_word' id='word_1_505' title='bbox 2814 2511 2933 2552; x_wconf 89' lang='lat' dir='ltr'><strong>mea</strong></span> <span class='ocrx_word' id='word_1_506' title='bbox 2961 2496 3050 2567; x_wconf 73' lang='lat'><strong>‘_‘?</strong></span> <span class='ocrx_word' id='word_1_507' title='bbox 3106 2495 3273 2565; x_wconf 80' lang='lat' dir='ltr'><strong>Igitur</strong></span> <span class='ocrx_word' id='word_1_508' title='bbox 3332 2494 3564 2550; x_wconf 86' lang='lat' dir='ltr'><strong>aliorum</strong></span> 
     </span>
    </p>
   </div>
   <div class='ocr_carea' id='block_1_68' title="bbox 1956 2587 3567 2656">
    <p class='ocr_par' dir='ltr' id='par_1_68' title="bbox 1956 2587 3567 2656">
     <span class='ocr_line' id='line_1_68' title="bbox 1956 2587 3567 2656; baseline -0.003 -12"><span class='ocrx_word' id='word_1_509' title='bbox 1956 2591 2153 2644; x_wconf 85' lang='lat' dir='ltr'><strong>delicta</strong></span> <span class='ocrx_word' id='word_1_510' title='bbox 2192 2589 2416 2642; x_wconf 87' lang='lat' dir='ltr'><strong>multam</strong></span> <span class='ocrx_word' id='word_1_511' title='bbox 2438 2589 2594 2642; x_wconf 91' lang='lat' dir='ltr'><strong>nobis</strong></span> <span class='ocrx_word' id='word_1_512' title='bbox 2621 2587 2911 2641; x_wconf 85' lang='lat' dir='ltr'><strong>utilitatem</strong></span> <span class='ocrx_word' id='word_1_513' title='bbox 2945 2588 3192 2656; x_wconf 89' lang='lat' dir='ltr'><strong>parient;</strong></span> <span class='ocrx_word' id='word_1_514' title='bbox 3245 2595 3297 2640; x_wconf 90' lang='lat' dir='ltr'><strong>et</strong></span> <span class='ocrx_word' id='word_1_515' title='bbox 3326 2601 3423 2654; x_wconf 89' lang='lat' dir='ltr'><strong>per</strong></span> <span class='ocrx_word' id='word_1_516' title='bbox 3445 2600 3567 2652; x_wconf 72' lang='lat' dir='ltr'><strong>qua:</strong></span> 
     </span>
    </p>
   </div>
   <div class='ocr_carea' id='block_1_69' title="bbox 1956 2677 3565 2745">
    <p class='ocr_par' dir='ltr' id='par_1_69' title="bbox 1956 2677 3565 2745">
     <span class='ocr_line' id='line_1_69' title="bbox 1956 2677 3565 2745; baseline -0.005 -6"><span class='ocrx_word' id='word_1_517' title='bbox 1956 2685 2046 2739; x_wconf 89' lang='lat' dir='ltr'><strong>alii</strong></span> <span class='ocrx_word' id='word_1_518' title='bbox 2081 2681 2442 2744; x_wconf 75' lang='lat' dir='ltr'><strong>offenderunt,</strong></span> <span class='ocrx_word' id='word_1_519' title='bbox 2480 2695 2600 2744; x_wconf 86' lang='lat' dir='ltr'><strong>nos,</strong></span> <span class='ocrx_word' id='word_1_520' title='bbox 2637 2680 2681 2735; x_wconf 93' lang='lat' dir='ltr'><strong>si</strong></span> <span class='ocrx_word' id='word_1_521' title='bbox 2746 2679 2906 2733; x_wconf 89' lang='lat' dir='ltr'><strong>modo</strong></span> <span class='ocrx_word' id='word_1_522' title='bbox 2941 2681 3007 2733; x_wconf 88' lang='lat' dir='ltr'><strong>ab</strong></span> <span class='ocrx_word' id='word_1_523' title='bbox 3056 2679 3271 2732; x_wconf 90' lang='lat' dir='ltr'><strong>illorum</strong></span> <span class='ocrx_word' id='word_1_524' title='bbox 3319 2677 3565 2745; x_wconf 81' lang='lat' dir='ltr'><strong>vestigiis</strong></span> 
     </span>
    </p>
   </div>
   <div class='ocr_carea' id='block_1_70' title="bbox 1959 2767 3562 2836">
    <p class='ocr_par' dir='ltr' id='par_1_70' title="bbox 1959 2767 3562 2836">
     <span class='ocr_line' id='line_1_70' title="bbox 1959 2767 3562 2836; baseline -0.005 -8"><span class='ocrx_word' id='word_1_525' title='bbox 1959 2774 2370 2836; x_wconf 84' lang='lat' dir='ltr'><strong>recesserimus,</strong></span> <span class='ocrx_word' id='word_1_526' title='bbox 2423 2771 2682 2825; x_wconf 87' lang='lat' dir='ltr'><strong>meliores</strong></span> <span class='ocrx_word' id='word_1_527' title='bbox 2731 2771 3050 2825; x_wconf 87' lang='lat' dir='ltr'><strong>evademus.</strong></span> <span class='ocrx_word' id='word_1_528' title='bbox 3117 2767 3373 2823; x_wconf 86' lang='lat' dir='ltr'><strong>Tutiores</strong></span> <span class='ocrx_word' id='word_1_529' title='bbox 3416 2768 3562 2822; x_wconf 91' lang='lat' dir='ltr'><strong>enim</strong></span> 
     </span>
    </p>
   </div>
   <div class='ocr_carea' id='block_1_71' title="bbox 1953 2861 3568 2934">
    <p class='ocr_par' dir='ltr' id='par_1_71' title="bbox 1953 2861 3568 2934">
     <span class='ocr_line' id='line_1_71' title="bbox 1953 2861 3568 2934; baseline -0.003 -15"><span class='ocrx_word' id='word_1_530' title='bbox 1953 2865 2159 2921; x_wconf 88' lang='lat' dir='ltr'><strong>fuerint</strong></span> <span class='ocrx_word' id='word_1_531' title='bbox 2188 2863 2589 2934; x_wconf 86' lang='lat' dir='ltr'><strong>prudentiores,</strong></span> <span class='ocrx_word' id='word_1_532' title='bbox 2622 2862 2668 2916; x_wconf 88' lang='lat' dir='ltr'><strong>si</strong></span> <span class='ocrx_word' id='word_1_533' title='bbox 2703 2861 3002 2916; x_wconf 89' lang='lat' dir='ltr'><strong>secundum</strong></span> <span class='ocrx_word' id='word_1_534' title='bbox 3028 2861 3176 2931; x_wconf 83' lang='lat' dir='ltr'><strong>leges</strong></span> <span class='ocrx_word' id='word_1_535' title='bbox 3232 2862 3419 2915; x_wconf 86' lang='lat' dir='ltr'><strong>vivere</strong></span> <span class='ocrx_word' id='word_1_536' title='bbox 3471 2875 3568 2914; x_wconf 78' lang='lat' dir='ltr'><strong>vo-</strong></span> 
     </span>
    </p>
   </div>
   <div class='ocr_carea' id='block_1_72' title="bbox 1957 2951 3042 3023">
    <p class='ocr_par' dir='ltr' id='par_1_72' title="bbox 1957 2951 3042 3023">
     <span class='ocr_line' id='line_1_72' title="bbox 1957 2951 3042 3023; baseline -0.006 -11"><span class='ocrx_word' id='word_1_537' title='bbox 1957 2958 2185 3023; x_wconf 82' lang='lat' dir='ltr'><strong>iuerint,</strong></span> <span class='ocrx_word' id='word_1_538' title='bbox 2223 2957 2268 3011; x_wconf 89' lang='lat' dir='ltr'><strong>si</strong></span> <span class='ocrx_word' id='word_1_539' title='bbox 2289 2955 2461 3010; x_wconf 87' lang='lat' dir='ltr'><strong>malos</strong></span> <span class='ocrx_word' id='word_1_540' title='bbox 2477 2953 2722 3009; x_wconf 64' lang='lat' dir='ltr'><strong>aemulari</strong></span> <span class='ocrx_word' id='word_1_541' title='bbox 2749 2951 3042 3006; x_wconf 90' lang='lat' dir='ltr'><strong>noluerint.</strong></span> 
     </span>
    </p>
   </div>
   <div class='ocr_carea' id='block_1_73' title="bbox 2029 3132 3567 3208">
    <p class='ocr_par' dir='ltr' id='par_1_73' title="bbox 2029 3132 3567 3208">
     <span class='ocr_line' id='line_1_73' title="bbox 2029 3132 3567 3208; baseline -0.005 -10"><span class='ocrx_word' id='word_1_542' title='bbox 2029 3143 2269 3208; x_wconf 84' lang='lat' dir='ltr'><strong>Atenim,</strong></span> <span class='ocrx_word' id='word_1_543' title='bbox 2296 3139 2340 3194; x_wconf 90' lang='lat' dir='ltr'><strong>si</strong></span> <span class='ocrx_word' id='word_1_544' title='bbox 2372 3140 2437 3194; x_wconf 90' lang='lat' dir='ltr'><strong>ad</strong></span> <span class='ocrx_word' id='word_1_545' title='bbox 2469 3137 2689 3201; x_wconf 73' lang='lat' dir='ltr'><strong>Iudam,</strong></span> <span class='ocrx_word' id='word_1_546' title='bbox 2726 3136 2842 3192; x_wconf 89' lang='lat' dir='ltr'><strong>sive</strong></span> <span class='ocrx_word' id='word_1_547' title='bbox 2866 3134 2934 3190; x_wconf 87' lang='lat' dir='ltr'><strong>ad</strong></span> <span class='ocrx_word' id='word_1_548' title='bbox 2964 3135 3100 3190; x_wconf 89' lang='lat' dir='ltr'><strong>duas</strong></span> <span class='ocrx_word' id='word_1_549' title='bbox 3163 3133 3340 3190; x_wconf 90' lang='lat' dir='ltr'><strong>tribus</strong></span> <span class='ocrx_word' id='word_1_550' title='bbox 3388 3135 3442 3189; x_wconf 90' lang='lat' dir='ltr'><strong>itt</strong></span> <span class='ocrx_word' id='word_1_551' title='bbox 3474 3132 3567 3190; x_wconf 77' lang='lat' dir='ltr'><strong>Je-</strong></span> 
     </span>
    </p>
   </div>
   <div class='ocr_carea' id='block_1_74' title="bbox 1959 3227 3564 3301">
    <p class='ocr_par' dir='ltr' id='par_1_74' title="bbox 1959 3227 3564 3301">
     <span class='ocr_line' id='line_1_74' title="bbox 1959 3227 3564 3301; baseline -0.007 -7"><span class='ocrx_word' id='word_1_552' title='bbox 1959 3237 2196 3294; x_wconf 87' lang='lat' dir='ltr'><strong>rusalem</strong></span> <span class='ocrx_word' id='word_1_553' title='bbox 2249 3235 2352 3288; x_wconf 88' lang='lat' dir='ltr'><strong>hoc</strong></span> <span class='ocrx_word' id='word_1_554' title='bbox 2379 3233 2614 3298; x_wconf 89' lang='lat' dir='ltr'><strong>dicatur,</strong></span> <span class='ocrx_word' id='word_1_555' title='bbox 2648 3231 2815 3301; x_wconf 89' lang='lat' dir='ltr'><strong>probe</strong></span> <span class='ocrx_word' id='word_1_556' title='bbox 2841 3244 2870 3282; x_wconf 94' lang='lat' dir='ltr'><strong>a</strong></span> <span class='ocrx_word' id='word_1_557' title='bbox 2900 3227 3056 3283; x_wconf 88' lang='lat' dir='ltr'><strong>nobis</strong></span> <span class='ocrx_word' id='word_1_558' title='bbox 3083 3227 3228 3282; x_wconf 90' lang='lat' dir='ltr'><strong>dicta</strong></span> <span class='ocrx_word' id='word_1_559' title='bbox 3265 3236 3414 3293; x_wconf 89' lang='lat' dir='ltr'><strong>sunt,</strong></span> <span class='ocrx_word' id='word_1_560' title='bbox 3442 3242 3564 3295; x_wconf 64' lang='lat' dir='ltr'><strong>quae</strong></span> 
     </span>
    </p>
   </div>
   <div class='ocr_carea' id='block_1_75' title="bbox 1960 3317 3560 3387">
    <p class='ocr_par' dir='ltr' id='par_1_75' title="bbox 1960 3317 3560 3387">
     <span class='ocr_line' id='line_1_75' title="bbox 1960 3317 3560 3387; baseline -0.008 -5"><span class='ocrx_word' id='word_1_561' title='bbox 1960 3327 2119 3382; x_wconf 75' lang='lat' dir='ltr'><strong>modo</strong></span> <span class='ocrx_word' id='word_1_562' title='bbox 2149 3324 2408 3379; x_wconf 81' lang='lat' dir='ltr'><strong>diximus.</strong></span> <span class='ocrx_word' id='word_1_563' title='bbox 2438 3319 2534 3376; x_wconf 91' lang='lat' dir='ltr'><strong>Sin</strong></span> <span class='ocrx_word' id='word_1_564' title='bbox 2564 3330 2748 3375; x_wconf 88' lang='lat' dir='ltr'><strong>autem</strong></span> <span class='ocrx_word' id='word_1_565' title='bbox 2780 3320 2944 3374; x_wconf 89' lang='lat' dir='ltr'><strong>etiam</strong></span> <span class='ocrx_word' id='word_1_566' title='bbox 2979 3319 3047 3374; x_wconf 93' lang='lat' dir='ltr'><strong>ad</strong></span> <span class='ocrx_word' id='word_1_567' title='bbox 3080 3317 3248 3373; x_wconf 82' lang='lat' dir='ltr'><strong>Israel</strong></span> <span class='ocrx_word' id='word_1_568' title='bbox 3277 3328 3560 3387; x_wconf 87' lang='lat' dir='ltr'><strong>peceatum</strong></span> 
     </span>
    </p>
   </div>
   <div class='ocr_carea' id='block_1_76' title="bbox 1957 3411 3565 3490">
    <p class='ocr_par' dir='ltr' id='par_1_76' title="bbox 1957 3411 3565 3490">
     <span class='ocr_line' id='line_1_76' title="bbox 1957 3411 3565 3490; baseline -0.006 -18"><span class='ocrx_word' id='word_1_569' title='bbox 1957 3421 2250 3490; x_wconf 81' lang='lat' dir='ltr'><strong>pertineat,</strong></span> <span class='ocrx_word' id='word_1_570' title='bbox 2275 3432 2467 3472; x_wconf 85' lang='lat' dir='ltr'><strong>sensus</strong></span> <span class='ocrx_word' id='word_1_571' title='bbox 2490 3415 2616 3478; x_wconf 90' lang='lat' dir='ltr'><strong>erit,</strong></span> <span class='ocrx_word' id='word_1_572' title='bbox 2644 3430 2751 3468; x_wconf 90' lang='lat' dir='ltr'><strong>non</strong></span> <span class='ocrx_word' id='word_1_573' title='bbox 2788 3413 2840 3466; x_wconf 91' lang='lat' dir='ltr'><strong>iu</strong></span> <span class='ocrx_word' id='word_1_574' title='bbox 2869 3413 3030 3468; x_wconf 90' lang='lat' dir='ltr'><strong>domo</strong></span> <span class='ocrx_word' id='word_1_575' title='bbox 3074 3411 3194 3476; x_wconf 89' lang='lat' dir='ltr'><strong>Dei,</strong></span> <span class='ocrx_word' id='word_1_576' title='bbox 3226 3411 3316 3482; x_wconf 93' lang='lat' dir='ltr'><strong>qui</strong></span> <span class='ocrx_word' id='word_1_577' title='bbox 3369 3422 3565 3465; x_wconf 89' lang='lat' dir='ltr'><strong>natura</strong></span> 
     </span>
    </p>
   </div>
   <div class='ocr_carea' id='block_1_77' title="bbox 1959 3505 3567 3576">
    <p class='ocr_par' dir='ltr' id='par_1_77' title="bbox 1959 3505 3567 3576">
     <span class='ocr_line' id='line_1_77' title="bbox 1959 3505 3567 3576; baseline -0.006 -9"><span class='ocrx_word' id='word_1_578' title='bbox 1959 3514 2102 3569; x_wconf 83' lang='lat' dir='ltr'><strong>Deus</strong></span> <span class='ocrx_word' id='word_1_579' title='bbox 2123 3521 2228 3576; x_wconf 89' lang='lat' dir='ltr'><strong>est,</strong></span> <span class='ocrx_word' id='word_1_580' title='bbox 2256 3509 2730 3565; x_wconf 88' lang='lat' dir='ltr'><strong>tabernaculorum</strong></span> <span class='ocrx_word' id='word_1_581' title='bbox 2757 3506 2875 3560; x_wconf 89' lang='lat' dir='ltr'><strong>vela</strong></span> <span class='ocrx_word' id='word_1_582' title='bbox 2902 3506 3087 3560; x_wconf 91' lang='lat' dir='ltr'><strong>divino</strong></span> <span class='ocrx_word' id='word_1_583' title='bbox 3132 3505 3290 3558; x_wconf 88' lang='lat' dir='ltr'><strong>altari</strong></span> <span class='ocrx_word' id='word_1_584' title='bbox 3317 3505 3567 3574; x_wconf 80' lang='lat' dir='ltr'><strong>proxima</strong></span> 
     </span>
    </p>
   </div>
   <div class='ocr_carea' id='block_1_78' title="bbox 1955 3595 3556 3666">
    <p class='ocr_par' dir='ltr' id='par_1_78' title="bbox 1955 3595 3556 3666">
     <span class='ocr_line' id='line_1_78' title="bbox 1955 3595 3556 3666; baseline -0.009 -4"><span class='ocrx_word' id='word_1_585' title='bbox 1955 3607 2284 3665; x_wconf 87' lang='lat' dir='ltr'><strong>contexisse,</strong></span> <span class='ocrx_word' id='word_1_586' title='bbox 2314 3604 2428 3656; x_wconf 87' lang='lat' dir='ltr'><strong>sive</strong></span> <span class='ocrx_word' id='word_1_587' title='bbox 2453 3599 2706 3656; x_wconf 88' lang='lat' dir='ltr'><strong>ebrietati</strong></span> <span class='ocrx_word' id='word_1_588' title='bbox 2736 3599 2914 3652; x_wconf 87' lang='lat' dir='ltr'><strong>datam</strong></span> <span class='ocrx_word' id='word_1_589' title='bbox 2945 3612 3169 3666; x_wconf 89' lang='lat' dir='ltr'><strong>operam</strong></span> <span class='ocrx_word' id='word_1_590' title='bbox 3199 3611 3351 3660; x_wconf 88' lang='lat' dir='ltr'><strong>esse;</strong></span> <span class='ocrx_word' id='word_1_591' title='bbox 3383 3595 3479 3648; x_wconf 85' lang='lat' dir='ltr'><strong>sed</strong></span> <span class='ocrx_word' id='word_1_592' title='bbox 3504 3595 3556 3647; x_wconf 88' lang='lat' dir='ltr'><strong>itt</strong></span> 
     </span>
    </p>
   </div>
   <div class='ocr_carea' id='block_1_79' title="bbox 1957 3687 3566 3767">
    <p class='ocr_par' dir='ltr' id='par_1_79' title="bbox 1957 3687 3566 3767">
     <span class='ocr_line' id='line_1_79' title="bbox 1957 3687 3566 3767; baseline -0.009 -15"><span class='ocrx_word' id='word_1_593' title='bbox 1957 3699 2117 3753; x_wconf 86' lang='lat' dir='ltr'><strong>domo</strong></span> <span class='ocrx_word' id='word_1_594' title='bbox 2139 3697 2397 3767; x_wconf 80' lang='lat' dir='ltr'><strong>270dei</strong></span> <span class='ocrx_word' id='word_1_595' title='bbox 2422 3696 2688 3766; x_wconf 90' lang='lat' dir='ltr'><strong>ipsorum,</strong></span> <span class='ocrx_word' id='word_1_596' title='bbox 2707 3700 2764 3745; x_wconf 86' lang='lat' dir='ltr'><strong>ut</strong></span> <span class='ocrx_word' id='word_1_597' title='bbox 2786 3690 2914 3744; x_wconf 89' lang='lat' dir='ltr'><strong>Baal</strong></span> <span class='ocrx_word' id='word_1_598' title='bbox 2935 3691 3100 3753; x_wconf 88' lang='lat' dir='ltr'><strong>dicat,</strong></span> <span class='ocrx_word' id='word_1_599' title='bbox 3122 3697 3214 3742; x_wconf 89' lang='lat' dir='ltr'><strong>aut</strong></span> <span class='ocrx_word' id='word_1_600' title='bbox 3237 3688 3381 3741; x_wconf 91' lang='lat' dir='ltr'><strong>aliud</strong></span> <span class='ocrx_word' id='word_1_601' title='bbox 3405 3687 3566 3756; x_wconf 88' lang='lat' dir='ltr'><strong>quid-</strong></span> 
     </span>
    </p>
   </div>
   <div class='ocr_carea' id='block_1_80' title="bbox 1959 3779 3565 3860">
    <p class='ocr_par' dir='ltr' id='par_1_80' title="bbox 1959 3779 3565 3860">
     <span class='ocr_line' id='line_1_80' title="bbox 1959 3779 3565 3860; baseline -0.006 -20"><span class='ocrx_word' id='word_1_602' title='bbox 1959 3789 2334 3860; x_wconf 88' lang='lat' dir='ltr'><strong>piam,eorum</strong></span> <span class='ocrx_word' id='word_1_603' title='bbox 2361 3802 2481 3856; x_wconf 65' lang='lat' dir='ltr'><strong>qua:</strong></span> <span class='ocrx_word' id='word_1_604' title='bbox 2505 3787 2556 3838; x_wconf 92' lang='lat' dir='ltr'><strong>in</strong></span> <span class='ocrx_word' id='word_1_605' title='bbox 2590 3786 2824 3838; x_wconf 84' lang='lat' dir='ltr'><strong>formam</strong></span> <span class='ocrx_word' id='word_1_606' title='bbox 2854 3780 3204 3836; x_wconf 88' lang='lat' dir='ltr'><strong>idolorumab</strong></span> <span class='ocrx_word' id='word_1_607' title='bbox 3223 3779 3458 3833; x_wconf 84' lang='lat' dir='ltr'><strong>humano</strong></span> <span class='ocrx_word' id='word_1_608' title='bbox 3479 3780 3565 3831; x_wconf 84' lang='lat' dir='ltr'><strong>itt-</strong></span> 
     </span>
    </p>
   </div>
   <div class='ocr_carea' id='block_1_81' title="bbox 1957 3870 3566 3952">
    <p class='ocr_par' dir='ltr' id='par_1_81' title="bbox 1957 3870 3566 3952">
     <span class='ocr_line' id='line_1_81' title="bbox 1957 3870 3566 3952; baseline -0.008 -17"><span class='ocrx_word' id='word_1_609' title='bbox 1957 3881 2116 3952; x_wconf 80' lang='lat' dir='ltr'><strong>geuio</strong></span> <span class='ocrx_word' id='word_1_610' title='bbox 2135 3879 2540 3947; x_wconf 81' lang='lat' dir='ltr'><strong>excogitantur.</strong></span> <span class='ocrx_word' id='word_1_611' title='bbox 2571 3875 2988 3942; x_wconf 82' lang='lat' dir='ltr'><strong>Quodammodo</strong></span> <span class='ocrx_word' id='word_1_612' title='bbox 3014 3872 3371 3942; x_wconf 81' lang='lat' dir='ltr'><strong>igituradltuc</strong></span> <span class='ocrx_word' id='word_1_613' title='bbox 3399 3870 3566 3925; x_wconf 87' lang='lat' dir='ltr'><strong>Israel</strong></span> 
     </span>
    </p>
   </div>
   <div class='ocr_carea' id='block_1_82' title="bbox 1957 3962 3564 4045">
    <p class='ocr_par' dir='ltr' id='par_1_82' title="bbox 1957 3962 3564 4045">
     <span class='ocr_line' id='line_1_82' title="bbox 1957 3962 3564 4045; baseline -0.007 -19"><span class='ocrx_word' id='word_1_614' title='bbox 1957 3990 2054 4045; x_wconf 91' lang='lat' dir='ltr'><strong>pro</strong></span> <span class='ocrx_word' id='word_1_615' title='bbox 2084 3981 2308 4043; x_wconf 86' lang='lat' dir='ltr'><strong>peccato</strong></span> <span class='ocrx_word' id='word_1_616' title='bbox 2336 3971 2654 4038; x_wconf 85' lang='lat' dir='ltr'><strong>imputetur,</strong></span> <span class='ocrx_word' id='word_1_617' title='bbox 2684 3969 2737 4022; x_wconf 93' lang='lat' dir='ltr'><strong>in</strong></span> <span class='ocrx_word' id='word_1_618' title='bbox 2802 3969 2964 4023; x_wconf 86' lang='lat' dir='ltr'><strong>domo</strong></span> <span class='ocrx_word' id='word_1_619' title='bbox 3016 3966 3309 4030; x_wconf 88' lang='lat' dir='ltr'><strong>idolorum,</strong></span> <span class='ocrx_word' id='word_1_620' title='bbox 3343 3975 3396 4019; x_wconf 90' lang='lat' dir='ltr'><strong>et</strong></span> <span class='ocrx_word' id='word_1_621' title='bbox 3422 3962 3564 4033; x_wconf 88' lang='lat' dir='ltr'><strong>apud</strong></span> 
     </span>
    </p>
   </div>
   <div class='ocr_carea' id='block_1_83' title="bbox 1956 4054 3563 4135">
    <p class='ocr_par' dir='ltr' id='par_1_83' title="bbox 1956 4054 3563 4135">
     <span class='ocr_line' id='line_1_83' title="bbox 1956 4054 3563 4135; baseline -0.009 -15"><span class='ocrx_word' id='word_1_622' title='bbox 1956 4065 2131 4135; x_wconf 90' lang='lat' dir='ltr'><strong>ipsum</strong></span> <span class='ocrx_word' id='word_1_623' title='bbox 2165 4062 2396 4117; x_wconf 84' lang='lat' dir='ltr'><strong>fortasse</strong></span> <span class='ocrx_word' id='word_1_624' title='bbox 2419 4059 2546 4114; x_wconf 87' lang='lat' dir='ltr'><strong>Baal</strong></span> <span class='ocrx_word' id='word_1_625' title='bbox 2573 4059 2746 4113; x_wconf 89' lang='lat' dir='ltr'><strong>altare</strong></span> <span class='ocrx_word' id='word_1_626' title='bbox 2772 4058 2896 4111; x_wconf 88' lang='lat' dir='ltr'><strong>vino</strong></span> <span class='ocrx_word' id='word_1_627' title='bbox 2933 4057 3193 4110; x_wconf 86' lang='lat' dir='ltr'><strong>inebriari</strong></span> <span class='ocrx_word' id='word_1_628' title='bbox 3223 4098 3236 4122; x_wconf 90' lang='lat'><strong>,</strong></span> <span class='ocrx_word' id='word_1_629' title='bbox 3267 4066 3321 4109; x_wconf 90' lang='lat' dir='ltr'><strong>et</strong></span> <span class='ocrx_word' id='word_1_630' title='bbox 3378 4054 3563 4108; x_wconf 81' lang='lat' dir='ltr'><strong>taber-</strong></span> 
     </span>
    </p>
   </div>
   <div class='ocr_carea' id='block_1_84' title="bbox 1957 4147 3566 4224">
    <p class='ocr_par' dir='ltr' id='par_1_84' title="bbox 1957 4147 3566 4224">
     <span class='ocr_line' id='line_1_84' title="bbox 1957 4147 3566 4224; baseline -0.007 -11"><span class='ocrx_word' id='word_1_631' title='bbox 1957 4156 2147 4213; x_wconf 87' lang='lat' dir='ltr'><strong>nacula</strong></span> <span class='ocrx_word' id='word_1_632' title='bbox 2174 4167 2524 4224; x_wconf 88' lang='lat' dir='ltr'><strong>componere,</strong></span> <span class='ocrx_word' id='word_1_633' title='bbox 2575 4149 2834 4220; x_wconf 86' lang='lat' dir='ltr'><strong>quoniam</strong></span> <span class='ocrx_word' id='word_1_634' title='bbox 2892 4147 3018 4202; x_wconf 87' lang='lat' dir='ltr'><strong>talia</strong></span> <span class='ocrx_word' id='word_1_635' title='bbox 3074 4148 3434 4210; x_wconf 88' lang='lat' dir='ltr'><strong>Itonorarunt,</strong></span> <span class='ocrx_word' id='word_1_636' title='bbox 3507 4153 3566 4201; x_wconf 81' lang='lat' dir='ltr'><strong>et</strong></span> 
     </span>
    </p>
   </div>
   <div class='ocr_carea' id='block_1_85' title="bbox 1958 4239 3565 4322">
    <p class='ocr_par' dir='ltr' id='par_1_85' title="bbox 1958 4239 3565 4322">
     <span class='ocr_line' id='line_1_85' title="bbox 1958 4239 3565 4322; baseline -0.008 -15"><span class='ocrx_word' id='word_1_637' title='bbox 1958 4251 2287 4322; x_wconf 83' lang='lat' dir='ltr'><strong>lanquamiti</strong></span> <span class='ocrx_word' id='word_1_638' title='bbox 2320 4245 2608 4303; x_wconf 86' lang='lat' dir='ltr'><strong>ebrietatis</strong></span> <span class='ocrx_word' id='word_1_639' title='bbox 2636 4254 2692 4300; x_wconf 91' lang='lat' dir='ltr'><strong>et</strong></span> <span class='ocrx_word' id='word_1_640' title='bbox 2751 4243 3017 4313; x_wconf 84' lang='lat' dir='ltr'><strong>cujusque</strong></span> <span class='ocrx_word' id='word_1_641' title='bbox 3052 4241 3347 4312; x_wconf 88' lang='lat' dir='ltr'><strong>voluptatis</strong></span> <span class='ocrx_word' id='word_1_642' title='bbox 3393 4239 3565 4295; x_wconf 80' lang='lat' dir='ltr'><strong>oliici-</strong></span> 
     </span>
    </p>
   </div>
   <div class='ocr_carea' id='block_1_86' title="bbox 1957 4334 3558 4411">
    <p class='ocr_par' dir='ltr' id='par_1_86' title="bbox 1957 4334 3558 4411">
     <span class='ocr_line' id='line_1_86' title="bbox 1957 4334 3558 4411; baseline -0.011 -8"><span class='ocrx_word' id='word_1_643' title='bbox 1957 4363 2060 4403; x_wconf 85' lang='lat' dir='ltr'><strong>nas</strong></span> <span class='ocrx_word' id='word_1_644' title='bbox 2089 4349 2318 4400; x_wconf 89' lang='lat' dir='ltr'><strong>deorum</strong></span> <span class='ocrx_word' id='word_1_645' title='bbox 2350 4343 2441 4411; x_wconf 89' lang='lat' dir='ltr'><strong>qui</strong></span> <span class='ocrx_word' id='word_1_646' title='bbox 2463 4338 2938 4404; x_wconf 84' lang='lat' dir='ltr'><strong>existimabantur,</strong></span> <span class='ocrx_word' id='word_1_647' title='bbox 2976 4334 3175 4406; x_wconf 92' lang='lat' dir='ltr'><strong>templa</strong></span> <span class='ocrx_word' id='word_1_648' title='bbox 3203 4345 3558 4402; x_wconf 88' lang='lat' dir='ltr'><strong>usurparunt.</strong></span> 
     </span>
    </p>
   </div>
   <div class='ocr_carea' id='block_1_87' title="bbox 1958 4427 3566 4506">
    <p class='ocr_par' dir='ltr' id='par_1_87' title="bbox 1958 4427 3566 4506">
     <span class='ocr_line' id='line_1_87' title="bbox 1958 4427 3566 4506; baseline -0.009 -12"><span class='ocrx_word' id='word_1_649' title='bbox 1958 4440 2024 4494; x_wconf 88' lang='lat' dir='ltr'><strong>Et</strong></span> <span class='ocrx_word' id='word_1_650' title='bbox 2056 4455 2178 4495; x_wconf 86' lang='lat' dir='ltr'><strong>cum</strong></span> <span class='ocrx_word' id='word_1_651' title='bbox 2204 4444 2482 4506; x_wconf 79' lang='lat' dir='ltr'><strong>Oporteret</strong></span> <span class='ocrx_word' id='word_1_652' title='bbox 2510 4446 2708 4500; x_wconf 89' lang='lat' dir='ltr'><strong>cupere</strong></span> <span class='ocrx_word' id='word_1_653' title='bbox 2765 4433 2941 4501; x_wconf 85' lang='lat' dir='ltr'><strong>potius</strong></span> <span class='ocrx_word' id='word_1_654' title='bbox 2990 4427 3566 4500; x_wconf 86' lang='lat' dir='ltr'><strong>pureetsauctissime</strong></span> 
     </span>
    </p>
   </div>
   <div class='ocr_carea' id='block_1_88' title="bbox 1957 4520 3560 4595">
    <p class='ocr_par' dir='ltr' id='par_1_88' title="bbox 1957 4520 3560 4595">
     <span class='ocr_line' id='line_1_88' title="bbox 1957 4520 3560 4595; baseline -0.012 -7"><span class='ocrx_word' id='word_1_655' title='bbox 1957 4533 2138 4589; x_wconf 90' lang='lat' dir='ltr'><strong>colere</strong></span> <span class='ocrx_word' id='word_1_656' title='bbox 2165 4531 2358 4593; x_wconf 92' lang='lat' dir='ltr'><strong>Deum,</strong></span> <span class='ocrx_word' id='word_1_657' title='bbox 2382 4537 2436 4581; x_wconf 91' lang='lat' dir='ltr'><strong>et</strong></span> <span class='ocrx_word' id='word_1_658' title='bbox 2466 4528 2517 4580; x_wconf 91' lang='lat' dir='ltr'><strong>in</strong></span> <span class='ocrx_word' id='word_1_659' title='bbox 2544 4525 2804 4595; x_wconf 87' lang='lat' dir='ltr'><strong>templum</strong></span> <span class='ocrx_word' id='word_1_660' title='bbox 2837 4539 3025 4577; x_wconf 85' lang='lat' dir='ltr'><strong>revera</strong></span> <span class='ocrx_word' id='word_1_661' title='bbox 3059 4529 3314 4575; x_wconf 89' lang='lat' dir='ltr'><strong>sanctum</strong></span> <span class='ocrx_word' id='word_1_662' title='bbox 3333 4520 3560 4579; x_wconf 69' lang='lat' dir='ltr'><strong>intrare,</strong></span> 
     </span>
    </p>
   </div>
   <div class='ocr_carea' id='block_1_89' title="bbox 228 4601 1853 4699">
    <p class='ocr_par' dir='ltr' id='par_1_89' title="bbox 228 4601 1853 4682">
     <span class='ocr_line' id='line_1_89' title="bbox 228 4601 1853 4682; baseline -0.008 -12"><span class='ocrx_word' id='word_1_663' title='bbox 228 4617 332 4671; x_wconf 75' lang='grc' dir='ltr'><strong>καὶ</strong></span> <span class='ocrx_word' id='word_1_664' title='bbox 361 4614 664 4679; x_wconf 81' lang='grc' dir='ltr'>πανάγνως</span> <span class='ocrx_word' id='word_1_665' title='bbox 694 4609 982 4682; x_wconf 87' lang='grc' dir='ltr'>λατρεύειν</span> <span class='ocrx_word' id='word_1_666' title='bbox 1011 4607 1150 4678; x_wconf 79' lang='grc' dir='ltr'>Θεῷ,</span> <span class='ocrx_word' id='word_1_667' title='bbox 1182 4607 1278 4660; x_wconf 66' lang='grc' dir='ltr'><strong>κει)⁸</strong></span> <span class='ocrx_word' id='word_1_668' title='bbox 1312 4608 1393 4670; x_wconf 84' lang='grc' dir='ltr'>εἰς</span> <span class='ocrx_word' id='word_1_669' title='bbox 1420 4601 1568 4659; x_wconf 83' lang='grc' dir='ltr'>οἷκον</span> <span class='ocrx_word' id='word_1_670' title='bbox 1595 4606 1732 4658; x_wconf 79' lang='grc' dir='ltr'>ἰέναι</span> <span class='ocrx_word' id='word_1_671' title='bbox 1761 4604 1853 4658; x_wconf 84' lang='grc' dir='ltr'><strong>τὸν</strong></span> 
     </span>
    </p>
   </div>
   <div class='ocr_carea' id='block_1_90' title="bbox 1963 4601 3566 4699">
    <p class='ocr_par' dir='ltr' id='par_1_90' title="bbox 1963 4613 3566 4682">
     <span class='ocr_line' id='line_1_90' title="bbox 1963 4613 3566 4682; baseline -0.01 -1"><span class='ocrx_word' id='word_1_672' title='bbox 1963 4637 2014 4682; x_wconf 90' lang='lat' dir='ltr'><strong>et</strong></span> <span class='ocrx_word' id='word_1_673' title='bbox 2048 4622 2361 4681; x_wconf 87' lang='lat' dir='ltr'><strong>venerabile</strong></span> <span class='ocrx_word' id='word_1_674' title='bbox 2387 4622 2590 4676; x_wconf 89' lang='lat' dir='ltr'><strong>ducere</strong></span> <span class='ocrx_word' id='word_1_675' title='bbox 2619 4622 2814 4681; x_wconf 89' lang='lat' dir='ltr'><strong>altare,</strong></span> <span class='ocrx_word' id='word_1_676' title='bbox 2840 4617 2914 4672; x_wconf 90' lang='lat' dir='ltr'><strong>illi</strong></span> <span class='ocrx_word' id='word_1_677' title='bbox 2939 4623 2993 4671; x_wconf 87' lang='lat' dir='ltr'><strong>et</strong></span> <span class='ocrx_word' id='word_1_678' title='bbox 3029 4625 3138 4670; x_wconf 88' lang='lat' dir='ltr'><strong>tam</strong></span> <span class='ocrx_word' id='word_1_679' title='bbox 3162 4613 3474 4669; x_wconf 87' lang='lat' dir='ltr'><strong>veneranda</strong></span> <span class='ocrx_word' id='word_1_680' title='bbox 3509 4621 3566 4666; x_wconf 87' lang='lat' dir='ltr'><strong>et</strong></span> 
     </span>
    </p>
   </div>
   <div class='ocr_carea' id='block_1_91' title="bbox 229 4701 1854 4782">
    <p class='ocr_par' dir='ltr' id='par_1_91' title="bbox 229 4701 1854 4782">
     <span class='ocr_line' id='line_1_91' title="bbox 229 4701 1854 4782; baseline -0.007 -14"><span class='ocrx_word' id='word_1_681' title='bbox 229 4714 394 4782; x_wconf 81' lang='grc' dir='ltr'>ἆγιον</span> <span class='ocrx_word' id='word_1_682' title='bbox 431 4708 676 4781; x_wconf 85' lang='grc' dir='ltr'>ἀληθῶς,</span> <span class='ocrx_word' id='word_1_683' title='bbox 710 4707 805 4762; x_wconf 61' lang='grc' dir='ltr'><strong>καὶ¹</strong></span> <span class='ocrx_word' id='word_1_684' title='bbox 835 4705 1036 4760; x_wconf 82' lang='grc' dir='ltr'>σεπτὸν</span> <span class='ocrx_word' id='word_1_685' title='bbox 1072 4702 1326 4776; x_wconf 83' lang='grc' dir='ltr'>ἡγεῖσθαι</span> <span class='ocrx_word' id='word_1_686' title='bbox 1346 4702 1405 4756; x_wconf 88' lang='grc' dir='ltr'><strong>τὸ</strong></span> <span class='ocrx_word' id='word_1_687' title='bbox 1440 4701 1854 4771; x_wconf 84' lang='grc' dir='ltr'>θυσιαστήριον.</span> 
     </span>
    </p>
   </div>
   <div class='ocr_carea' id='block_1_92' title="bbox 231 4793 1857 4865">
    <p class='ocr_par' dir='ltr' id='par_1_92' title="bbox 231 4793 1857 4865">
     <span class='ocr_line' id='line_1_92' title="bbox 231 4793 1857 4865; baseline -0.009 -5"><span class='ocrx_word' id='word_1_688' title='bbox 231 4807 297 4860; x_wconf 83' lang='grc' dir='ltr'><strong>ΟΞ</strong></span> <span class='ocrx_word' id='word_1_689' title='bbox 334 4804 393 4858; x_wconf 83' lang='grc' dir='ltr'><strong>δέ</strong></span> <span class='ocrx_word' id='word_1_690' title='bbox 425 4803 522 4857; x_wconf 77' lang='grc' dir='ltr'><strong>καὶ</strong></span> <span class='ocrx_word' id='word_1_691' title='bbox 554 4801 624 4856; x_wconf 84' lang='grc' dir='ltr'>τὰ</span> <span class='ocrx_word' id='word_1_692' title='bbox 652 4800 798 4854; x_wconf 73' lang='grc' dir='ltr'>οὕτω</span> <span class='ocrx_word' id='word_1_693' title='bbox 829 4798 1006 4852; x_wconf 84' lang='grc' dir='ltr'>σεπτά</span> <span class='ocrx_word' id='word_1_694' title='bbox 1029 4815 1089 4852; x_wconf 84' lang='grc' dir='ltr'><strong>τε</strong></span> <span class='ocrx_word' id='word_1_695' title='bbox 1133 4796 1230 4850; x_wconf 63' lang='grc' dir='ltr'><strong>καὶ</strong></span> <span class='ocrx_word' id='word_1_696' title='bbox 1267 4796 1575 4865; x_wconf 84' lang='grc' dir='ltr'>ἀξιάγαστα</span> <span class='ocrx_word' id='word_1_697' title='bbox 1600 4795 1732 4864; x_wconf 81' lang='grc' dir='ltr'>παρ’</span> <span class='ocrx_word' id='word_1_698' title='bbox 1767 4793 1857 4846; x_wconf 80' lang='grc' dir='ltr'>οὐ-</span> 
     </span>
    </p>
   </div>
   <div class='ocr_carea' id='block_1_93' title="bbox 230 4887 1855 4968">
    <p class='ocr_par' dir='ltr' id='par_1_93' title="bbox 230 4887 1855 4968">
     <span class='ocr_line' id='line_1_93' title="bbox 230 4887 1855 4968; baseline -0.009 -13"><span class='ocrx_word' id='word_1_699' title='bbox 230 4900 323 4956; x_wconf 80' lang='grc' dir='ltr'><strong>δὲν</strong></span> <span class='ocrx_word' id='word_1_700' title='bbox 356 4896 620 4968; x_wconf 79' lang='grc' dir='ltr'>ἡγεῖσθαι</span> <span class='ocrx_word' id='word_1_701' title='bbox 665 4892 1085 4958; x_wconf 79' lang='grc' dir='ltr'>σπουδάζοντες,</span> <span class='ocrx_word' id='word_1_702' title='bbox 1117 4891 1189 4944; x_wconf 83' lang='grc' dir='ltr'>τὰ</span> <span class='ocrx_word' id='word_1_703' title='bbox 1218 4890 1353 4943; x_wconf 79' lang='grc' dir='ltr'>πολὺ</span> <span class='ocrx_word' id='word_1_704' title='bbox 1391 4888 1516 4942; x_wconf 86' lang='grc' dir='ltr'>λίαν</span> <span class='ocrx_word' id='word_1_705' title='bbox 1541 4887 1736 4958; x_wconf 82' lang='grc' dir='ltr'>αἰσχίω</span> <span class='ocrx_word' id='word_1_706' title='bbox 1763 4903 1855 4940; x_wconf 85' lang='grc' dir='ltr'>τε-</span> 
     </span>
    </p>
   </div>
   <div class='ocr_carea' id='block_1_94' title="bbox 231 4981 1857 5064">
    <p class='ocr_par' dir='ltr' id='par_1_94' title="bbox 231 4981 1857 5064">
     <span class='ocr_line' id='line_1_94' title="bbox 231 4981 1857 5064; baseline -0.007 -20"><span class='ocrx_word' id='word_1_707' title='bbox 231 4990 564 5064; x_wconf 78' lang='grc' dir='ltr'>τιμηκότες,</span> <span class='ocrx_word' id='word_1_708' title='bbox 603 4986 700 5042; x_wconf 68' lang='grc' dir='ltr'><strong>καὶ</strong></span> <span class='ocrx_word' id='word_1_709' title='bbox 729 4986 915 5049; x_wconf 77' lang='grc' dir='ltr'>αὐτοῖς</span> <span class='ocrx_word' id='word_1_710' title='bbox 963 4985 1322 5056; x_wconf 84' lang='grc' dir='ltr'>ἐμπαροινείν</span> <span class='ocrx_word' id='word_1_711' title='bbox 1372 4981 1702 5052; x_wconf 85' lang='grc' dir='ltr'>ἀπετόλμων</span> <span class='ocrx_word' id='word_1_712' title='bbox 1743 4981 1857 5044; x_wconf 86' lang='grc' dir='ltr'>τοῖς</span> 
     </span>
    </p>
   </div>
   <div class='ocr_carea' id='block_1_95' title="bbox 236 5072 1852 5150">
    <p class='ocr_par' dir='ltr' id='par_1_95' title="bbox 236 5072 1852 5150">
     <span class='ocr_line' id='line_1_95' title="bbox 236 5072 1852 5150; baseline -0.011 -8"><span class='ocrx_word' id='word_1_713' title='bbox 236 5085 398 5148; x_wconf 80' lang='grc' dir='ltr'>ἰδίοις</span> <span class='ocrx_word' id='word_1_714' title='bbox 442 5083 606 5146; x_wconf 85' lang='grc' dir='ltr'>θεοῖς,</span> <span class='ocrx_word' id='word_1_715' title='bbox 644 5077 926 5150; x_wconf 83' lang='grc' dir='ltr'>πανταχοῦ</span> <span class='ocrx_word' id='word_1_716' title='bbox 968 5077 1028 5131; x_wconf 86' lang='grc' dir='ltr'><strong>τὸ</strong></span> <span class='ocrx_word' id='word_1_717' title='bbox 1085 5075 1228 5129; x_wconf 83' lang='grc' dir='ltr'>θεῖον</span> <span class='ocrx_word' id='word_1_718' title='bbox 1281 5073 1580 5137; x_wconf 85' lang='grc' dir='ltr'>πατοῦντες</span> <span class='ocrx_word' id='word_1_719' title='bbox 1615 5072 1852 5142; x_wconf 79' lang='grc' dir='ltr'>ἀξίωμα,</span> 
     </span>
    </p>
   </div>
   <div class='ocr_carea' id='block_1_96' title="bbox 233 5165 1858 5248">
    <p class='ocr_par' dir='ltr' id='par_1_96' title="bbox 233 5165 1858 5248">
     <span class='ocr_line' id='line_1_96' title="bbox 233 5165 1858 5248; baseline -0.01 -14"><span class='ocrx_word' id='word_1_720' title='bbox 233 5180 336 5234; x_wconf 77' lang='grc' dir='ltr'><strong>καὶ</strong></span> <span class='ocrx_word' id='word_1_721' title='bbox 364 5174 822 5248; x_wconf 81' lang='grc' dir='ltr'>περιυϐρίζοντες</span> <span class='ocrx_word' id='word_1_722' title='bbox 870 5170 1044 5235; x_wconf 89' lang='grc' dir='ltr'>ἀδεῶς</span> <span class='ocrx_word' id='word_1_723' title='bbox 1077 5170 1176 5241; x_wconf 81' lang='grc' dir='ltr'>τὴν</span> <span class='ocrx_word' id='word_1_724' title='bbox 1209 5167 1290 5240; x_wconf 88' lang='grc' dir='ltr'>τῷ</span> <span class='ocrx_word' id='word_1_725' title='bbox 1339 5168 1486 5240; x_wconf 86' lang='grc' dir='ltr'>μόνῳ</span> <span class='ocrx_word' id='word_1_726' title='bbox 1554 5166 1651 5222; x_wconf 75' lang='grc' dir='ltr'><strong>καὶ</strong></span> <span class='ocrx_word' id='word_1_727' title='bbox 1695 5165 1858 5235; x_wconf 85' lang='grc' dir='ltr'>φύσει</span> 
     </span>
    </p>
   </div>
   <div class='ocr_carea' id='block_1_97' title="bbox 235 5259 1856 5344">
    <p class='ocr_par' dir='ltr' id='par_1_97' title="bbox 235 5259 1856 5344">
     <span class='ocr_line' id='line_1_97' title="bbox 235 5259 1856 5344; baseline -0.01 -17"><span class='ocrx_word' id='word_1_728' title='bbox 235 5272 359 5344; x_wconf 80' lang='grc' dir='ltr'>Θεῷ</span> <span class='ocrx_word' id='word_1_729' title='bbox 391 5270 718 5342; x_wconf 84' lang='grc' dir='ltr'>πρέπουσαν</span> <span class='ocrx_word' id='word_1_730' title='bbox 751 5264 932 5331; x_wconf 79' lang='grc' dir='ltr'>δόξαν,</span> <span class='ocrx_word' id='word_1_731' title='bbox 967 5264 1056 5317; x_wconf 84' lang='grc' dir='ltr'>ὅτε</span> <span class='ocrx_word' id='word_1_732' title='bbox 1086 5263 1182 5317; x_wconf 74' lang='grc' dir='ltr'><strong>καὶ</strong></span> <span class='ocrx_word' id='word_1_733' title='bbox 1210 5263 1324 5325; x_wconf 82' lang='grc' dir='ltr'>τοῖς</span> <span class='ocrx_word' id='word_1_734' title='bbox 1346 5259 1722 5331; x_wconf 72' lang='grc' dir='ltr'>ψευδωνύμοις</span> <span class='ocrx_word' id='word_1_735' title='bbox 1754 5274 1856 5311; x_wconf 87' lang='grc' dir='ltr'>πε-</span> 
     </span>
    </p>
   </div>
   <div class='ocr_carea' id='block_1_98' title="bbox 241 5353 1718 5433">
    <p class='ocr_par' dir='ltr' id='par_1_98' title="bbox 241 5353 1718 5433">
     <span class='ocr_line' id='line_1_98' title="bbox 241 5353 1718 5433; baseline -0.007 -18"><span class='ocrx_word' id='word_1_736' title='bbox 241 5366 490 5433; x_wconf 80' lang='grc' dir='ltr'>ριθέντες</span> <span class='ocrx_word' id='word_1_737' title='bbox 527 5361 725 5433; x_wconf 76' lang='grc' dir='ltr'>αὐτὴν,</span> <span class='ocrx_word' id='word_1_738' title='bbox 748 5358 966 5422; x_wconf 76' lang='grc' dir='ltr'>οὐδενὸς</span> <span class='ocrx_word' id='word_1_739' title='bbox 989 5355 1174 5422; x_wconf 79' lang='grc' dir='ltr'>ἀξιοῦν</span> <span class='ocrx_word' id='word_1_740' title='bbox 1213 5354 1506 5425; x_wconf 79' lang='grc' dir='ltr'>ἠνέσχοντο</span> <span class='ocrx_word' id='word_1_741' title='bbox 1533 5353 1718 5421; x_wconf 86' lang='grc' dir='ltr'>λόγου.</span> 
     </span>
    </p>
   </div>
   <div class='ocr_carea' id='block_1_99' title="bbox 321 5445 1855 5531">
    <p class='ocr_par' dir='ltr' id='par_1_99' title="bbox 321 5445 1855 5531">
     <span class='ocr_line' id='line_1_99' title="bbox 321 5445 1855 5531; baseline -0.008 -16"><span class='ocrx_word' id='word_1_742' title='bbox 321 5459 480 5531; x_wconf 75' lang='grc' dir='ltr'><strong>Ἐγὼ</strong></span> <span class='ocrx_word' id='word_1_743' title='bbox 531 5458 601 5512; x_wconf 80' lang='grc' dir='ltr'>δὲ</span> <span class='ocrx_word' id='word_1_744' title='bbox 648 5455 841 5524; x_wconf 74' lang='grc' dir='ltr'>ἐξῇρα</span> <span class='ocrx_word' id='word_1_745' title='bbox 893 5453 1000 5506; x_wconf 77' lang='grc' dir='ltr'><strong>τὸν</strong></span> <span class='ocrx_word' id='word_1_746' title='bbox 1033 5449 1378 5522; x_wconf 75' lang='grc' dir='ltr'>Ἁμορῤαἵον</span> <span class='ocrx_word' id='word_1_747' title='bbox 1417 5448 1486 5501; x_wconf 84' lang='grc' dir='ltr'>ἐκ</span> <span class='ocrx_word' id='word_1_748' title='bbox 1525 5445 1855 5515; x_wconf 82' lang='grc' dir='ltr'>προσώπου</span> 
     </span>
    </p>
   </div>
   <div class='ocr_carea' id='block_1_100' title="bbox 238 5539 1853 5622">
    <p class='ocr_par' dir='ltr' id='par_1_100' title="bbox 238 5539 1853 5622">
     <span class='ocr_line' id='line_1_100' title="bbox 238 5539 1853 5622; baseline -0.01 -14"><span class='ocrx_word' id='word_1_749' title='bbox 238 5553 466 5619; x_wconf 69' lang='grc' dir='ltr'>αὐτῶν,</span> <span class='ocrx_word' id='word_1_750' title='bbox 496 5547 569 5607; x_wconf 86' lang='grc' dir='ltr'>οὗ</span> <span class='ocrx_word' id='word_1_751' title='bbox 606 5547 686 5622; x_wconf 75' lang='grc' dir='ltr'><strong>ἦν</strong></span> <span class='ocrx_word' id='word_1_752' title='bbox 713 5545 910 5612; x_wconf 83' lang='grc' dir='ltr'>καθὼς</span> <span class='ocrx_word' id='word_1_753' title='bbox 935 5544 1098 5613; x_wconf 67' lang='grc' dir='ltr'>ὕψος</span> <span class='ocrx_word' id='word_1_754' title='bbox 1119 5541 1336 5611; x_wconf 83' lang='grc' dir='ltr'>κέδρου</span> <span class='ocrx_word' id='word_1_755' title='bbox 1360 5539 1429 5594; x_wconf 83' lang='grc' dir='ltr'>τὸ</span> <span class='ocrx_word' id='word_1_756' title='bbox 1455 5541 1616 5610; x_wconf 69' lang='grc' dir='ltr'>ὕψος</span> <span class='ocrx_word' id='word_1_757' title='bbox 1642 5539 1853 5607; x_wconf 86' lang='grc' dir='ltr'>αὐτοῦ,</span> 
     </span>
    </p>
   </div>
   <div class='ocr_carea' id='block_1_101' title="bbox 240 5633 1858 5717">
    <p class='ocr_par' dir='ltr' id='par_1_101' title="bbox 240 5633 1858 5717">
     <span class='ocr_line' id='line_1_101' title="bbox 240 5633 1858 5717; baseline -0.011 -14"><span class='ocrx_word' id='word_1_758' title='bbox 240 5649 338 5702; x_wconf 81' lang='grc' dir='ltr'><strong>καὶ</strong></span> <span class='ocrx_word' id='word_1_759' title='bbox 385 5646 648 5717; x_wconf 77' lang='grc' dir='ltr'>ἰσχυρὸς</span> <span class='ocrx_word' id='word_1_760' title='bbox 692 5639 773 5714; x_wconf 79' lang='grc' dir='ltr'><strong>ἦν</strong></span> <span class='ocrx_word' id='word_1_761' title='bbox 799 5641 880 5706; x_wconf 86' lang='grc' dir='ltr'>ὡς</span> <span class='ocrx_word' id='word_1_762' title='bbox 917 5639 1085 5708; x_wconf 84' lang='grc' dir='ltr'>δρύς.</span> <span class='ocrx_word' id='word_1_763' title='bbox 1121 5637 1232 5692; x_wconf 80' lang='grc' dir='ltr'><strong>Καὶ</strong></span> <span class='ocrx_word' id='word_1_764' title='bbox 1268 5635 1536 5706; x_wconf 76' lang='grc' dir='ltr'>ἐξήρανιι</span> <span class='ocrx_word' id='word_1_765' title='bbox 1567 5633 1676 5687; x_wconf 84' lang='grc' dir='ltr'><strong>τὸν</strong></span> <span class='ocrx_word' id='word_1_766' title='bbox 1720 5650 1858 5702; x_wconf 80' lang='grc' dir='ltr'>καρ-</span> 
     </span>
    </p>
   </div>
   <div class='ocr_carea' id='block_1_102' title="bbox 244 5726 1860 5799">
    <p class='ocr_par' dir='ltr' id='par_1_102' title="bbox 244 5726 1860 5799">
     <span class='ocr_line' id='line_1_102' title="bbox 244 5726 1860 5799; baseline -0.009 -5"><span class='ocrx_word' id='word_1_767' title='bbox 244 5739 364 5794; x_wconf 77' lang='grc' dir='ltr'><strong>πὸν</strong></span> <span class='ocrx_word' id='word_1_768' title='bbox 401 5736 594 5793; x_wconf 81' lang='grc' dir='ltr'>αὐτοῦ</span> <span class='ocrx_word' id='word_1_769' title='bbox 626 5733 959 5799; x_wconf 76' lang='grc' dir='ltr'>ἑπάνωθεν,</span> <span class='ocrx_word' id='word_1_770' title='bbox 992 5729 1092 5785; x_wconf 77' lang='grc' dir='ltr'>καὶ</span> <span class='ocrx_word' id='word_1_771' title='bbox 1131 5728 1240 5796; x_wconf 77' lang='grc' dir='ltr'>τὰς</span> <span class='ocrx_word' id='word_1_772' title='bbox 1275 5726 1446 5797; x_wconf 74' lang='grc' dir='ltr'>ῥίζας</span> <span class='ocrx_word' id='word_1_773' title='bbox 1483 5726 1672 5782; x_wconf 83' lang='grc' dir='ltr'>αὐτοῦ</span> <span class='ocrx_word' id='word_1_774' title='bbox 1711 5728 1860 5783; x_wconf 81' lang='grc' dir='ltr'>ὑπο-</span> 
     </span>
    </p>
   </div>
   <div class='ocr_carea' id='block_1_103' title="bbox 246 5831 536 5885">
    <p class='ocr_par' dir='ltr' id='par_1_103' title="bbox 246 5831 536 5885">
     <span class='ocr_line' id='line_1_103' title="bbox 246 5831 536 5885; baseline 0.003 -2"><span class='ocrx_word' id='word_1_775' title='bbox 246 5831 536 5885; x_wconf 79' lang='grc' dir='ltr'>κάτωθεν.</span> 
     </span>
    </p>
   </div>
   <div class='ocr_carea' id='block_1_104' title="bbox 320 5937 1661 6010">
    <p class='ocr_par' dir='ltr' id='par_1_104' title="bbox 320 5937 1661 6010">
     <span class='ocr_line' id='line_1_104' title="bbox 320 5937 1661 6010; baseline -0.007 -7"><span class='ocrx_word' id='word_1_776' title='bbox 320 5943 366 5978; x_wconf 80' lang='grc'><strong>⁸⁸</strong></span> <span class='ocrx_word' id='word_1_777' title='bbox 402 5942 612 6003; x_wconf 66' lang='lat' dir='ltr'><strong>tierent.</strong></span> <span class='ocrx_word' id='word_1_778' title='bbox 658 5958 804 6010; x_wconf 71' lang='lat' dir='ltr'><strong>XXIX,</strong></span> <span class='ocrx_word' id='word_1_779' title='bbox 837 5940 930 5996; x_wconf 65' lang='lat'><strong>‘25.</strong></span> <span class='ocrx_word' id='word_1_780' title='bbox 1009 5942 1055 5974; x_wconf 48' lang='grc' dir='ltr'><strong>’κ</strong></span> <span class='ocrx_word' id='word_1_781' title='bbox 1095 5939 1241 5996; x_wconf 72' lang='lat' dir='ltr'><strong>Psal.</strong></span> <span class='ocrx_word' id='word_1_782' title='bbox 1277 5954 1538 6008; x_wconf 78' lang='lat' dir='ltr'><strong>cxxxvm,</strong></span> <span class='ocrx_word' id='word_1_783' title='bbox 1575 5937 1661 5994; x_wconf 73' lang='grc'><strong>12.</strong></span> 
     </span>
    </p>
   </div>
   <div class='ocr_carea' id='block_1_105' title="bbox 1964 4706 3563 4776">
    <p class='ocr_par' dir='ltr' id='par_1_105' title="bbox 1964 4706 3563 4776">
     <span class='ocr_line' id='line_1_105' title="bbox 1964 4706 3563 4776; baseline -0.01 -2"><span class='ocrx_word' id='word_1_784' title='bbox 1964 4717 2302 4774; x_wconf 88' lang='lat' dir='ltr'><strong>admirabilia</strong></span> <span class='ocrx_word' id='word_1_785' title='bbox 2328 4714 2482 4770; x_wconf 88' lang='lat' dir='ltr'><strong>nihili</strong></span> <span class='ocrx_word' id='word_1_786' title='bbox 2513 4713 2697 4769; x_wconf 87' lang='lat' dir='ltr'><strong>facere</strong></span> <span class='ocrx_word' id='word_1_787' title='bbox 2718 4711 3024 4776; x_wconf 83' lang='lat' dir='ltr'><strong>studentes,</strong></span> <span class='ocrx_word' id='word_1_788' title='bbox 3052 4719 3107 4766; x_wconf 89' lang='lat' dir='ltr'><strong>et</strong></span> <span class='ocrx_word' id='word_1_789' title='bbox 3136 4707 3304 4763; x_wconf 89' lang='lat' dir='ltr'><strong>multo</strong></span> <span class='ocrx_word' id='word_1_790' title='bbox 3335 4706 3563 4763; x_wconf 69' lang='lat' dir='ltr'><strong>fmdiora</strong></span> 
     </span>
    </p>
   </div>
   <div class='ocr_carea' id='block_1_106' title="bbox 1966 4801 3563 4877">
    <p class='ocr_par' dir='ltr' id='par_1_106' title="bbox 1966 4801 3563 4877">
     <span class='ocr_line' id='line_1_106' title="bbox 1966 4801 3563 4877; baseline -0.012 -7"><span class='ocrx_word' id='word_1_791' title='bbox 1966 4816 2320 4874; x_wconf 85' lang='lat' dir='ltr'><strong>honorantes,</strong></span> <span class='ocrx_word' id='word_1_792' title='bbox 2349 4809 2514 4863; x_wconf 87' lang='lat' dir='ltr'><strong>etiam</strong></span> <span class='ocrx_word' id='word_1_793' title='bbox 2567 4807 2805 4877; x_wconf 87' lang='lat' dir='ltr'><strong>prepriis</strong></span> <span class='ocrx_word' id='word_1_794' title='bbox 2839 4806 2945 4861; x_wconf 84' lang='lat' dir='ltr'><strong>diis</strong></span> <span class='ocrx_word' id='word_1_795' title='bbox 2993 4803 3222 4858; x_wconf 87' lang='lat' dir='ltr'><strong>illudere</strong></span> <span class='ocrx_word' id='word_1_796' title='bbox 3269 4801 3563 4863; x_wconf 85' lang='lat' dir='ltr'><strong>audebant,</strong></span> 
     </span>
    </p>
   </div>
   <div class='ocr_carea' id='block_1_107' title="bbox 1966 4898 3564 4976">
    <p class='ocr_par' dir='ltr' id='par_1_107' title="bbox 1966 4898 3564 4976">
     <span class='ocr_line' id='line_1_107' title="bbox 1966 4898 3564 4976; baseline -0.011 -14"><span class='ocrx_word' id='word_1_797' title='bbox 1966 4908 2155 4976; x_wconf 89' lang='lat' dir='ltr'><strong>utique</strong></span> <span class='ocrx_word' id='word_1_798' title='bbox 2175 4905 2414 4959; x_wconf 88' lang='lat' dir='ltr'><strong>divinam</strong></span> <span class='ocrx_word' id='word_1_799' title='bbox 2453 4901 2795 4969; x_wconf 70' lang='lat' dir='ltr'><strong>maiestatem</strong></span> <span class='ocrx_word' id='word_1_800' title='bbox 2824 4898 3236 4962; x_wconf 88' lang='lat' dir='ltr'><strong>conculcantes,</strong></span> <span class='ocrx_word' id='word_1_801' title='bbox 3262 4905 3316 4951; x_wconf 89' lang='lat' dir='ltr'><strong>et</strong></span> <span class='ocrx_word' id='word_1_802' title='bbox 3351 4909 3564 4950; x_wconf 85' lang='lat' dir='ltr'><strong>sutmua</strong></span> 
     </span>
    </p>
   </div>
   <div class='ocr_carea' id='block_1_108' title="bbox 1965 4988 3564 5070">
    <p class='ocr_par' dir='ltr' id='par_1_108' title="bbox 1965 4988 3564 5070">
     <span class='ocr_line' id='line_1_108' title="bbox 1965 4988 3564 5070; baseline -0.009 -14"><span class='ocrx_word' id='word_1_803' title='bbox 1965 4997 2257 5070; x_wconf 77' lang='lat' dir='ltr'><strong>ignominia</strong></span> <span class='ocrx_word' id='word_1_804' title='bbox 2283 4995 2582 5050; x_wconf 80' lang='lat' dir='ltr'><strong>allicientes</strong></span> <span class='ocrx_word' id='word_1_805' title='bbox 2634 4994 2810 5048; x_wconf 89' lang='lat' dir='ltr'><strong>libere</strong></span> <span class='ocrx_word' id='word_1_806' title='bbox 2841 4992 2940 5048; x_wconf 88' lang='lat' dir='ltr'><strong>soli</strong></span> <span class='ocrx_word' id='word_1_807' title='bbox 2977 5000 3032 5047; x_wconf 87' lang='lat' dir='ltr'><strong>et</strong></span> <span class='ocrx_word' id='word_1_808' title='bbox 3058 5002 3251 5046; x_wconf 89' lang='lat' dir='ltr'><strong>natura</strong></span> <span class='ocrx_word' id='word_1_809' title='bbox 3309 4989 3420 5043; x_wconf 91' lang='lat' dir='ltr'><strong>Dco</strong></span> <span class='ocrx_word' id='word_1_810' title='bbox 3465 4988 3564 5042; x_wconf 83' lang='lat' dir='ltr'><strong>de-</strong></span> 
     </span>
    </p>
   </div>
   <div class='ocr_carea' id='block_1_109' title="bbox 1966 5081 3558 5162">
    <p class='ocr_par' dir='ltr' id='par_1_109' title="bbox 1966 5081 3558 5162">
     <span class='ocr_line' id='line_1_109' title="bbox 1966 5081 3558 5162; baseline -0.009 -14"><span class='ocrx_word' id='word_1_811' title='bbox 1966 5095 2134 5148; x_wconf 87' lang='lat' dir='ltr'><strong>bitam</strong></span> <span class='ocrx_word' id='word_1_812' title='bbox 2167 5091 2418 5162; x_wconf 76' lang='lat' dir='ltr'><strong>gloriam,</strong></span> <span class='ocrx_word' id='word_1_813' title='bbox 2455 5090 2675 5159; x_wconf 88' lang='lat' dir='ltr'><strong>quando</strong></span> <span class='ocrx_word' id='word_1_814' title='bbox 2707 5098 2762 5142; x_wconf 91' lang='lat' dir='ltr'><strong>et</strong></span> <span class='ocrx_word' id='word_1_815' title='bbox 2796 5087 2902 5143; x_wconf 87' lang='lat' dir='ltr'><strong>diis</strong></span> <span class='ocrx_word' id='word_1_816' title='bbox 2933 5085 3090 5142; x_wconf 82' lang='lat' dir='ltr'><strong>falsis</strong></span> <span class='ocrx_word' id='word_1_817' title='bbox 3137 5098 3258 5141; x_wconf 86' lang='lat' dir='ltr'><strong>eam</strong></span> <span class='ocrx_word' id='word_1_818' title='bbox 3320 5081 3558 5137; x_wconf 90' lang='lat' dir='ltr'><strong>tribuen-</strong></span> 
     </span>
    </p>
   </div>
   <div class='ocr_carea' id='block_1_110' title="bbox 1967 5180 2911 5251">
    <p class='ocr_par' dir='ltr' id='par_1_110' title="bbox 1967 5180 2911 5251">
     <span class='ocr_line' id='line_1_110' title="bbox 1967 5180 2911 5251; baseline -0.006 -10"><span class='ocrx_word' id='word_1_819' title='bbox 1967 5196 2068 5251; x_wconf 87' lang='lat' dir='ltr'><strong>tes,</strong></span> <span class='ocrx_word' id='word_1_820' title='bbox 2093 5185 2246 5240; x_wconf 88' lang='lat' dir='ltr'><strong>nihili</strong></span> <span class='ocrx_word' id='word_1_821' title='bbox 2283 5192 2462 5238; x_wconf 88' lang='lat' dir='ltr'><strong>tanten</strong></span> <span class='ocrx_word' id='word_1_822' title='bbox 2487 5197 2583 5238; x_wconf 89' lang='lat' dir='ltr'><strong>eos</strong></span> <span class='ocrx_word' id='word_1_823' title='bbox 2616 5180 2911 5237; x_wconf 84' lang='lat' dir='ltr'><strong>faciebant.</strong></span> 
     </span>
    </p>
   </div>
   <div class='ocr_carea' id='block_1_111' title="bbox 2038 5444 3564 5522">
    <p class='ocr_par' dir='ltr' id='par_1_111' title="bbox 2038 5444 3564 5522">
     <span class='ocr_line' id='line_1_111' title="bbox 2038 5444 3564 5522; baseline -0.008 -13"><span class='ocrx_word' id='word_1_824' title='bbox 2038 5455 2204 5510; x_wconf 70' lang='lat' dir='ltr'><strong>Vens.</strong></span> <span class='ocrx_word' id='word_1_825' title='bbox 2232 5453 2285 5509; x_wconf 91' lang='lat'><strong>9.</strong></span> <span class='ocrx_word' id='word_1_826' title='bbox 2311 5453 2421 5522; x_wconf 85' lang='lat' dir='ltr'><strong>Ego</strong></span> <span class='ocrx_word' id='word_1_827' title='bbox 2455 5462 2632 5507; x_wconf 81' lang='lat' dir='ltr'><strong>autem</strong></span> <span class='ocrx_word' id='word_1_828' title='bbox 2649 5452 2842 5506; x_wconf 79' lang='lat' dir='ltr'><strong>abstuli</strong></span> <span class='ocrx_word' id='word_1_829' title='bbox 2897 5448 3272 5504; x_wconf 77' lang='lat' dir='ltr'><strong>Amorrltazum</strong></span> <span class='ocrx_word' id='word_1_830' title='bbox 3337 5461 3369 5498; x_wconf 88' lang='lat' dir='ltr'><strong>a</strong></span> <span class='ocrx_word' id='word_1_831' title='bbox 3425 5444 3564 5514; x_wconf 78' lang='lat' dir='ltr'><strong>[acie</strong></span> 
     </span>
    </p>
   </div>
   <div class='ocr_carea' id='block_1_112' title="bbox 1963 5536 3566 5611">
    <p class='ocr_par' dir='ltr' id='par_1_112' title="bbox 1963 5536 3566 5611">
     <span class='ocr_line' id='line_1_112' title="bbox 1963 5536 3566 5611; baseline -0.007 -7"><span class='ocrx_word' id='word_1_832' title='bbox 1963 5565 2167 5603; x_wconf 80' lang='lat' dir='ltr'><strong>eorum.</strong></span> <span class='ocrx_word' id='word_1_833' title='bbox 2197 5545 2345 5600; x_wconf 83' lang='lat' dir='ltr'><strong>Sicut</strong></span> <span class='ocrx_word' id='word_1_834' title='bbox 2377 5546 2606 5600; x_wconf 86' lang='lat' dir='ltr'><strong>altitudo</strong></span> <span class='ocrx_word' id='word_1_835' title='bbox 2634 5545 2801 5611; x_wconf 80' lang='lat' dir='ltr'><strong>cedri,</strong></span> <span class='ocrx_word' id='word_1_836' title='bbox 2824 5541 3056 5598; x_wconf 82' lang='lat' dir='ltr'><strong>altitudo</strong></span> <span class='ocrx_word' id='word_1_837' title='bbox 3106 5539 3243 5610; x_wconf 76' lang='lat' dir='ltr'><strong>ejus,</strong></span> <span class='ocrx_word' id='word_1_838' title='bbox 3295 5545 3346 5592; x_wconf 74' lang='lat' dir='ltr'><strong>et</strong></span> <span class='ocrx_word' id='word_1_839' title='bbox 3409 5536 3566 5606; x_wconf 72' lang='lat' dir='ltr'><strong>fortis</strong></span> 
     </span>
    </p>
   </div>
   <div class='ocr_carea' id='block_1_113' title="bbox 1961 5632 3564 5710">
    <p class='ocr_par' dir='ltr' id='par_1_113' title="bbox 1961 5632 3564 5710">
     <span class='ocr_line' id='line_1_113' title="bbox 1961 5632 3564 5710; baseline -0.009 -13"><span class='ocrx_word' id='word_1_840' title='bbox 1961 5651 2077 5697; x_wconf 85' lang='lat' dir='ltr'><strong>erat</strong></span> <span class='ocrx_word' id='word_1_841' title='bbox 2104 5649 2159 5694; x_wconf 87' lang='lat' dir='ltr'><strong>ut</strong></span> <span class='ocrx_word' id='word_1_842' title='bbox 2185 5656 2430 5710; x_wconf 78' lang='lat' dir='ltr'><strong>quercus.</strong></span> <span class='ocrx_word' id='word_1_843' title='bbox 2472 5638 2544 5694; x_wconf 85' lang='lat' dir='ltr'><strong>Et</strong></span> <span class='ocrx_word' id='word_1_844' title='bbox 2576 5638 2773 5693; x_wconf 74' lang='lat' dir='ltr'><strong>abstuli</strong></span> <span class='ocrx_word' id='word_1_845' title='bbox 2804 5636 3041 5705; x_wconf 82' lang='lat' dir='ltr'><strong>fructum</strong></span> <span class='ocrx_word' id='word_1_846' title='bbox 3071 5632 3185 5704; x_wconf 79' lang='lat' dir='ltr'><strong>ejus</strong></span> <span class='ocrx_word' id='word_1_847' title='bbox 3249 5632 3494 5701; x_wconf 78' lang='lat' dir='ltr'><strong>desuper,</strong></span> <span class='ocrx_word' id='word_1_848' title='bbox 3517 5640 3564 5684; x_wconf 79' lang='lat' dir='ltr'><strong>et</strong></span> 
     </span>
    </p>
   </div>
   <div class='ocr_carea' id='block_1_114' title="bbox 1963 5733 2534 5804">
    <p class='ocr_par' dir='ltr' id='par_1_114' title="bbox 1963 5733 2534 5804">
     <span class='ocr_line' id='line_1_114' title="bbox 1963 5733 2534 5804; baseline -0.011 -13"><span class='ocrx_word' id='word_1_849' title='bbox 1963 5736 2170 5791; x_wconf 78' lang='lat' dir='ltr'><strong>radices</strong></span> <span class='ocrx_word' id='word_1_850' title='bbox 2198 5733 2315 5804; x_wconf 77' lang='lat' dir='ltr'><strong>ejus</strong></span> <span class='ocrx_word' id='word_1_851' title='bbox 2334 5734 2534 5788; x_wconf 81' lang='lat' dir='ltr'><strong>subter.</strong></span> 
     </span>
    </p>
   </div>
   <div class='ocr_carea' id='block_1_115' title="bbox 1741 5931 2846 6004">
    <p class='ocr_par' dir='ltr' id='par_1_115' title="bbox 1741 5931 2846 6004">
     <span class='ocr_line' id='line_1_115' title="bbox 1741 5931 2846 6004; baseline -0.008 -10"><span class='ocrx_word' id='word_1_852' title='bbox 1741 5937 1790 5972; x_wconf 77' lang='grc'><strong><em>⁵⁸</em></strong></span> <span class='ocrx_word' id='word_1_853' title='bbox 1828 5935 1994 5994; x_wconf 86' lang='lat' dir='ltr'><strong>llcbr.</strong></span> <span class='ocrx_word' id='word_1_854' title='bbox 2026 5950 2101 6004; x_wconf 78' lang='lat' dir='ltr'><strong>IV,</strong></span> <span class='ocrx_word' id='word_1_855' title='bbox 2140 5936 2227 5992; x_wconf 74' lang='lat' dir='ltr'><strong>l3.</strong></span> <span class='ocrx_word' id='word_1_856' title='bbox 2304 5935 2352 5968; x_wconf 72' lang='grc'><strong>⁵⁸</strong></span> <span class='ocrx_word' id='word_1_857' title='bbox 2383 5932 2576 5990; x_wconf 80' lang='lat' dir='ltr'><strong>Matth.</strong></span> <span class='ocrx_word' id='word_1_858' title='bbox 2611 5947 2730 6001; x_wconf 69' lang='lat' dir='ltr'><strong>XXI,</strong></span> <span class='ocrx_word' id='word_1_859' title='bbox 2757 5931 2846 5989; x_wconf 77' lang='lat' dir='ltr'><strong>l5.</strong></span> 
     </span>
    </p>
   </div>
  </div>
