4098 6276
2214 468 2705 481 ww..._u,.
3000 462 3325 475 ...η-...-
3396 461 3453 471 ...

1027 672 1255 760 ΤΟΥ
1326 673 1471 759 ΕΝ
1543 668 1905 756 ΑΓΙΟΙΣ
1977 669 2410 755 ΠΑΤΡΟΣ
2476 668 2803 754 ΗΜΩΝ

1320 820 2482 1078 ΚΥΡΙΛΑΟΥ

646 1202 1935 1324 ΑΡΧΙΕΠΙΣΚΟΠΟΥ
2007 1196 3153 1321 ΑΛΕΞΑΝΔΡΕΙΑΣ

1397 1448 1766 1505 ΕΞΗΓΗΣΙΣ
1827 1450 1923 1503 ΥΠ
1927 1448 2227 1504 ΟΜΝἩΜΑ
2237 1446 2417 1502 ΤΙΚΙῙ

1230 1646 1491 1771 ΕΙΣ
1612 1639 1957 1772 ΤΟΝ
2077 1641 2565 1769 ΩΣΗΕ.

620 2314 685 2371 _
844 2093 1016 2271 s.
1191 2090 1386 2268 P.
1565 2099 1765 2270 N.
1980 2097 2985 2273 CYBILLI

1396 2435 1866 2492 ΑιΕΧΑΝῡΒΙιλΕ
1924 2435 2443 2494 ARCHIEPISCOPI

614 2648 735 2738 IN
809 2646 1192 2740 OSEAM
1270 2650 2000 2743 PROPHETAM
2087 2650 3039 2744 COMMENTARIUS
3117 2639 3242 2772 (³),

1491 2864 1895 2916 CONTINENS
1931 2860 2156 2916 1⁷03108
2203 2862 2336 2914 VII.

751 3178 1414 3266 ΠΡΟΟΙΜΙΟΝ.

366 3329 592 3401 οἰηθείη
633 3329 732 3400 μὲν
761 3330 826 3384 ἄν
845 3348 928 3394 τις
953 3330 1205 3402 περιττὸν
1226 3326 1367 3386 εἷναί
1392 3348 1529 3396 πως,
1560 3330 1656 3383 καὶ
1671 3330 1872 3383 εἰκαιόο

290 3423 488 3478 ϐουλον
508 3461 524 3486 ,
565 3422 688 3475 καὶ·
709 3420 827 3475 οὔτι
891 3439 995 3475 που
1057 3422 1263 3494 σφόδρα
1309 3422 1419 3476 τῶν
1442 3421 1756 3491 ἀναγκαίων
1794 3422 1874 3484 είς

290 3514 505 3584 ῦνησιν,
528 3514 623 3567 καὶ
649 3513 862 3577 πολλοῖς
890 3514 994 3585 ἤδη
1042 3515 1420 3586 προειρημένα
1467 3514 1751 3586 μονονουχὶ
1781 3511 1877 3566 καὶ

296 3605 697 3661 ἀνασκαλεύειν
731 3604 1049 3678 ἐπιχειρεῖν,
1079 3606 1174 3661 καὶ
1203 3609 1318 3670 τοῖς
1348 3605 1458 3661 τῶν
1497 3600 1877 3677 πῳλαὸόντων

292 3697 487 3761 πόνοις
529 3698 874 3769 ἐπεισφέρειν
928 3697 1185 3768 ἐτέρουςο
1239 3697 1417 3752 καίτοι
1438 3697 1535 3751 καὶ
1578 3696 1698 3752 λίαν
1741 3696 1879 3750 ἀπο-

294 3787 557 3862 χρώντως
598 3789 831 3860 ἐχόντων
859 3790 1105 3857 ἐκείνων,
1143 3790 1225 3854 εῐς
1263 3807 1326 3859 γε
1365 3790 1429 3843 τὸ
1460 3788 1719 3844 δύνασθαι
1758 3790 1878 3843 δια-

293 3899 328 3934 τ
338 3878 535 3949 ρανοῦν
581 3876 641 3934 εὖ
674 3879 820 3951 μάλα
856 3879 953 3945 τὰς
982 3879 1092 3933 τῶν
1122 3879 1291 3949 ἁγίων
1320 3880 1615 3953 προφητῶν
1640 3896 1882 3951 συγγρα-

297 3972 431 4041 φάς.
478 3969 621 4039 Ἐγὼ
666 3971 723 4024 δὲ
764 3970 827 4023 τὸ
862 3970 1055 4041 χρῆμα
1098 3971 1266 4042 φαίην
1309 3972 1374 4027 ἂν
1416 3973 1517 4043 οὐχ
1559 3966 1663 4028 ὧδε
1701 3972 1877 4043 ἔχειν’

305 4060 508 4116 πολλοῦ
556 4078 621 4129 γε
653 4061 750 4115 καὶ
782 4061 879 4115 δεῖ.
916 4062 1282 4133 Μεμνήσομαι
1332 4062 1442 4134 γὰρ
1486 4064 1881 4134 ὲπιφωνοῠντος

298 4151 397 4205 τοῦ
430 4150 645 4205 Παύλου
667 4151 780 4212 τοῖς
805 4149 935 4218 παρ’
964 4149 1127 4202 αὐτοῦ
1155 4150 1699 4221 μυσταγωγουμένοις
1717 4173 1729 4183 ·
1755 4171 1773 4203 ι
1801 4151 1883 4205 Τὰ

302 4241 446 4297 αὐτὰ
494 4241 676 4309 λέγειν
722 4239 871 4309 ὑμῖν,
909 4239 1033 4309 ἐμοὶ
1088 4240 1186 4309 μὲν
1233 4240 1333 4294 οὐκ
1359 4241 1620 4313 ὀκνηρόν
1655 4241 1783 4313 ὑμῖν
1827 4242 1885 4298 δὲ

304 4334 568 4403 ἀσφαλές.
599 4351 619 4385 ›
657 4331 848 4402 ἈΘρει
882 4330 958 4397 δὲ,
982 4331 1132 4395 ὅπως
1158 4333 1307 4387 ἐστὶν
1332 4332 1538 4406 ἀληθὴς
1558 4336 1588 4389 ό
1616 4334 1791 4406 λόγος.
1821 4337 1887 4391 Εἰ

310 4427 417 4496 γάρ
464 4443 516 4480 τι
557 4424 842 4494 προκέοιτο
886 4422 993 4477 τῶν
1021 4424 1334 4494 ἀναγκαίων
1378 4428 1460 4491 είς
1494 4426 1732 4497 εἴδησιν,
1765 4422 1885 4482 εἶτα

1899 3177 1946 3233 Α

2400 3189 3130 3280 PROCEMIUM.

2040 3338 2083 3408 ι
2110 3336 2454 3393 Existimabit
2471 3337 2701 3393 fortasse
2718 3337 2985 3408 quispiam
3018 3339 3254 3393 otiosum
3287 3353 3406 3394 esse
3424 3353 3553 3407 quo-

1976 3428 2284 3494 dammodo,
2321 3436 2371 3483 et
2413 3444 2535 3483 cum
2572 3429 2876 3484 temeritate
2912 3426 3291 3495 coniunctum,
3337 3445 3553 3497 parum-

1977 3534 2083 3590 que
2120 3521 2481 3585 conducibile,
2522 3520 2687 3575 etiam
2722 3529 2881 3575 antea
2915 3520 3166 3589 pluribus
3193 3523 3465 3593 disputata
3499 3537 3553 3577 et

1979 3612 2245 3681 eXplicata
2316 3620 2525 3666 tantum
2592 3627 2699 3666 non
2765 3611 3055 3675 refodere,
3113 3614 3556 3682 perscrutarique

1980 3705 2118 3760 velle
2146 3744 2162 3767 ,
2216 3710 2271 3758 et
2317 3703 2594 3758 laboribus
2640 3701 2868 3756 aliorum
2912 3702 3204 3770 prmteritis
3252 3717 3421 3757 novos
3464 3719 3555 3757 sn-

1980 3793 2314 3865 peraddere,
2385 3805 2692 3862 quanquam
2747 3790 2822 3845 illi
2867 3792 2935 3846 ad
2984 3791 3301 3861 exponenda
3342 3802 3549 3847 sanctu-

1982 3899 2104 3940 rum
2140 3885 2527 3954 prophetarum
2585 3883 2788 3953 scripta
2824 3883 3046 3938 omnino
3094 3898 3160 3937 ac
3213 3882 3370 3952 plane
3403 3881 3556 3937 sufli-

1981 3992 2107 4032 cere
2134 3983 2356 4046 queant.
2392 3974 2505 4045 Ego
2530 3987 2662 4029 vero
2688 3988 3019 4045 magnopere
3045 3983 3235 4029 contra
3264 3973 3555 4028 senserim.

1985 4067 2309 4126 Memorabo,
2329 4065 2473 4121 enim
2504 4064 2729 4121 Paulum
2753 4065 3142 4120 acclamantem
3175 4064 3262 4126 iis,
3300 4078 3436 4130 quos
3471 4078 3561 4116 re-

1986 4160 2086 4212 bus
2139 4157 2335 4212 divinis
2395 4157 2733 4210 erudiebat:
2787 4171 2808 4205 ι
2847 4153 3046 4207 Eadem
3103 4151 3347 4207 scribere
3407 4152 3563 4206 vobis

1987 4233 2361 4317 mihiquidem
2415 4261 2523 4300 non
2576 4245 2808 4317 pigrum.
2864 4243 3016 4298 vobis
3073 4251 3249 4297 autem
3311 4257 3563 4298 necessa-

1987 4343 2126 4396 rium
2151 4342 2194 4395 ¹.
2224 4359 2242 4392 ι
2275 4338 2571 4394 Considera
2596 4351 2758 4407 porro
2788 4350 2949 4406 quam
2972 4348 3158 4389 verum
3182 4332 3398 4388 dixerit.
3429 4332 3563 4386 Nam

1989 4435 2035 4490 si
2084 4432 2363 4503 quidpiam
2423 4439 2792 4501 proponatur,
2849 4427 3066 4497 cognitu
3114 4425 3443 4495 praecipuum
3498 4443 3565 4478 ac

308 4516 494 4569 πολλοὶ
537 4515 631 4568 καὶ
678 4513 831 4585 παρὰ
879 4514 1091 4567 πολλῶν
1140 4516 1228 4568 ἐπ’
1260 4515 1411 4587 αὐτῷ
1467 4516 1609 4571 οὔτω
1649 4517 1884 4586 γένοιντο

1994 4523 2386 4587 necessarium,
2430 4531 2486 4575 et
2526 4523 2601 4575 ita
2660 4534 2823 4590 super
2870 4534 2935 4573 eo
2980 4517 3166 4572 multis
3199 4526 3252 4572 et
3301 4532 3331 4569 a
3384 4515 3566 4569 multis

309 4603 478 4674 λόγοι,
518 4604 713 4675 βλάϐος
752 4606 851 4676 μὲν
902 4608 1055 4662 ἔσται
1081 4609 1143 4663 τὸ
1188 4610 1409 4682 σύμπαν
1453 4611 1643 4665 οὐδέν·
1675 4612 1888 4682 ὀνήσειε

311 4695 356 4748 δ’
383 4696 450 4749 ἂν
496 4696 579 4748 ὅτι
611 4696 848 4765 μάλιστά
875 4716 939 4767 γε
969 4702 1082 4763 τοῖς
1126 4701 1518 4772 ἀκροωμένοις.
1551 4704 1614 4755 Et
1646 4704 1744 4773 μὲν
1777 4703 1887 4775 γὰρ

314 4784 562 4856 ἀλλήλοις
592 4787 985 4857 συμϐαίνοντας
1018 4793 1267 4844 ποιοῖντο,
1283 4791 1410 4856 τοὺς
1441 4792 1637 4861 λόγους
1665 4795 1714 4845 οἱ
1747 4793 1889 4864 διερ-

318 4878 570 4948 μηνεύειν
612 4880 880 4946 εἰωθότες,
925 4882 1303 4953 ἀσφαλεστέρα
1354 4901 1457 4937 που
1509 4885 1727 4948 πάντως
1775 4887 1889 4949 τοῖς

318 4969 744 5041 φιλακροάμοσιν
800 4973 1133 5044 είσκρίνεται
1195 4974 1417 5043 γνῶσις.
1476 4977 1540 5029 El
1589 4976 1647 5028 δὲ
1684 4975 1748 5045 δή
1803 4993 1889 5028 τοι

320 5061 559 5128 φαίνοιτο
607 5063 668 5116 τὸ
715 5063 807 5131 ἀφ’
853 5066 1084 5119 ἑκάστου
1144 5067 1534 5137 καινοπρεπὲς,
1585 5067 1773 5120 καὶτὸ
1814 5066 1893 5137 τῷ

320 5150 445 5221 δεῖνι
473 5153 636 5223 τυχὸν
661 5155 723 5207 οὐ
762 5156 964 5227 σφόδρα
995 5156 1391 5229 διεγνωσμένον
1439 5158 1614 5231 ὀρθῶς
1642 5159 1736 5212 καὶ
1799 5158 1896 5213 ἀν-

400 5308 415 5339 ¹
455 5305 651 5374 Philip.
691 5323 775 5372 Ill,
814 5307 864 5363 1.

400 5463 478 5530 (l)
510 5461 807 5530 lnterprete
856 5463 1059 5519 Jacoho
1105 5464 1368 5529 Pontano,
1402 5465 1459 5517 S.
1501 5463 1578 5526 1.,
1609 5464 1699 5533 qui
1749 5466 1891 5518 hunc

325 5533 768 5600 90tmnenlarium
815 5535 1022 5600 primus
1066 5534 1252 5587 Graece
1305 5545 1360 5587 et
1407 5533 1596 5588 Latine
1646 5534 1889 5587 ediderat

327 5595 632 5673 l_n_go_lstadii
657 5595 985 5673 anno-1005,
1017 5603 1108 5655 fol.
1131 5603 1374 5656 ——Card.
1403 5604 1605 5673 Angelo
1627 5603 1728 5673 Mai
1757 5614 1795 5654 t.
1826 5602 1890 5655 Ill

327 5666 663 5723 Bibliotheca:
704 5668 868 5738 Nam:
916 5666 1160 5735 Patrum,
1197 5673 1399 5738 p.155,
1425 5666 1625 5733 nidum,
1671 5672 1890 5725 lacunas

330 5750 387 5791 se
408 5754 526 5808 qua:
547 5749 671 5793 sunt
702 5740 753 5792 in
778 5737 962 5809 Cyrilli
992 5741 1058 5793 ad
1089 5737 1283 5792 Oscam
1321 5758 1383 5795 ac
1412 5743 1728 5796 Zachariam
1776 5743 1887 5796 edi-

650 5829 919 5890 PA'l'llOL.
945 5829 1064 5891 Gn.
1108 5828 1327 5891 LXXI.

1991 4617 2331 4679 disseratur,
2411 4611 2617 4665 nullum
2707 4608 2833 4664 inde
2909 4608 3164 4663 danmmn
3236 4605 3305 4660 ad
3378 4620 3567 4674 quent-

1990 4722 2174 4777 quam,
2239 4705 2347 4758 imo
2403 4701 2610 4756 fructus
2668 4699 2937 4753 maximus
2992 4699 3059 4751 ad
3124 4697 3404 4751 audientes
3440 4711 3568 4765 pcr-

1992 4798 2192 4850 veniet.
2272 4794 2326 4847 Si
2400 4793 2582 4857 enim,
2637 4804 2865 4859 quorum
2928 4802 3122 4843 munus
3169 4795 3252 4841 est
3299 4788 3568 4855 interprer

1995 4889 2118 4950 tari,
2179 4886 2231 4954 2
2300 4884 2442 4937 inter
2522 4897 2582 4935 se
2656 4881 3029 4935 convenientia
3106 4876 3425 4939 attulerint,
3473 4891 3571 4928 au-

2000 4975 2180 5030 diendi
2228 4973 2574 5041 diseendiqne
2622 4969 2833 5038 cupidis
2863 4970 3065 5024 certior
3094 4967 3282 5035 utique
3313 4980 3377 5019 ac
3403 4966 3571 5019 tutior

2001 5064 2185 5117 notitia
2234 5062 2488 5131 parietur.
2531 5059 2586 5114 Si
2621 5059 2751 5129 quid
2791 5071 2971 5112 autem
3012 5059 3080 5113 ab
3112 5071 3436 5126 unoquoque
3469 5074 3569 5110 no-

2006 5170 2127 5209 vum
2186 5151 2415 5223 proferri
2459 5150 2749 5216 videbitur,
2789 5150 2931 5218 quod
2977 5164 3084 5203 non
3133 5162 3292 5202 nemo
3344 5146 3571 5202 forsitan

1999 5463 2064 5516 tis
2103 5462 2509 5517 commentariis
2549 5460 2843 5516 contulisse
2883 5477 3003 5515 cum
3032 5461 3218 5518 codice
3268 5462 3391 5517 Vat.
3437 5457 3570 5518 587.

1999 5533 2144 5586 nullo
2198 5543 2375 5586 tamen
2422 5532 2637 5596 fructu;
2682 5533 3011 5585 tantumdem
3066 5531 3211 5588 enim
3270 5533 3323 5586 in
3373 5526 3568 5596 codice

1996 5603 2184 5656 deesse
2209 5601 2547 5669 cognoviSse.
2581 5599 2846 5655 Cielet‘um
2877 5616 2980 5655 non
3014 5617 3121 5655 uno
3154 5603 3209 5654 in
3248 5601 3363 5654 loco
3400 5595 3574 5669 adno—

1999 5680 2075 5722 tat
2108 5666 2373 5738 interpres
2398 5670 2578 5724 minus
2604 5686 2764 5738 quam
2795 5687 2891 5738 pro
2936 5671 3245 5725 lacunarum
3281 5666 3454 5734 spatio
3482 5669 3578 5710 aut

1998 5741 2136 5794 forte
2164 5737 2325 5795 etiam
2352 5740 2481 5795 nihil
2510 5742 2575 5797 ad
2609 5737 2928 5797 sententiam
2964 5741 3243 5795 omissum.
3272 5737 3432 5790 Ευιτ.

3226 5831 3257 5886 1

2132 6090 2152 6117 ζμ

2130 6142 2143 6155 κ

2178 6095 2189 6103 η

2169 6154 2185 6175 ᾗ

2190 6086 2247 6175 ῖξ
