4098 6276
482 363 552 427 (ιι
1500 352 1558 408 S.
1598 347 1876 407 CYRILLI
1916 345 2388 403 ALEXANDRINI
2425 344 2745 402 ARCHIEP.
3665 343 3737 400 12

486 478 667 538 minus
716 475 907 550 probe,
961 486 1061 529 nec
1106 470 1242 527 citra
1292 467 1481 524 vitium
1533 466 1880 532 intellexerit,
1917 464 2049 535 quid

2161 462 2540 535 επιλήπτως,εί
2571 461 2664 517 ἐπὶ
2693 458 2818 517 νοῦν
2840 463 2965 534 ἥκοι
2985 460 3075 516 τὸν
3095 460 3305 530 ἑτέρου,
3330 460 3387 517 τί
3406 460 3466 513 τὸ
3493 458 3736 528 λυποῦνς

486 569 618 627 mali
665 579 768 632 est,
816 567 865 622 si
910 562 963 620 id
999 579 1104 619 non
1137 561 1290 627 mihi,
1320 561 1414 616 sed
1439 559 1594 614 alteri
1618 558 1672 612 in
1695 565 1931 612 mentem
1962 570 2054 611 ve-

482 659 673 716 uerit?
719 656 967 724 Quiuimo
990 666 1204 717 sensus,
1239 666 1302 706 ac
1323 648 1721 705 declarationes
1750 645 2054 716 complures

484 751 855 821 dilucidasque
908 746 1171 801 adhibere
1226 743 1318 812 qui
1374 741 1589 795 tandem
1635 753 1740 795 non
1791 737 2055 808 praestat?

479 842 635 910 Quod
682 856 805 895 cum
851 838 923 893 ita
969 836 1062 898 sit.
1116 832 1327 887 tametsi
1381 840 1508 885 ante
1555 843 1654 884 nos
1682 844 1785 884 non
1814 828 1970 897 pauci
1999 828 2051 882 in

476 947 671 991 sacros
749 928 1044 1001 prophetas
1115 923 1535 979 commentarios
1582 921 1887 981 ediderunt,
1953 919 2048 974 hac

478 1024 705 1095 quidem
741 1022 810 1077 de
839 1034 1000 1074 causa
1030 1032 1132 1071 non
1162 1015 1476 1075 tacebimus,
1510 1014 1816 1082 potiusque,
1847 1010 2055 1065 inertia!

489 1114 705 1184 repulsa
755 1111 1004 1174 mollitie,
1051 1121 1212 1176 quam
1260 1105 1413 1159 nobis
1447 1118 1657 1174 quoque
1695 1102 1920 1173 gratiam
1953 1100 2054 1153 im-

485 1201 792 1273 pertiverit,
841 1198 933 1270 qui
964 1195 1229 1268 profunda
1286 1202 1339 1248 et
1372 1192 1579 1248 occulta
1611 1189 1899 1255 illuminat,
1931 1202 2051 1243 eam

484 1294 699 1363 ceteris
739 1292 900 1348 etiam
952 1289 1274 1360 prodemns;
1327 1297 1591 1340 memores
1638 1282 1779 1336 illius
1807 1279 2049 1335 Christi:

491 1401 511 1433 ι
533 1381 719 1438 Gratis
750 1378 1055 1449 accepistis,
1093 1376 1265 1445 gratis
1294 1376 1420 1428 date
1445 1372 1486 1425 ¹.
1518 1390 1538 1423 ι
1575 1369 1860 1425 Ordientes
1892 1364 2055 1436 igitur

485 1473 703 1526 beatum
770 1467 1084 1537 prophetam
1137 1462 1331 1519 Oscam
1411 1458 1694 1529 perspicue
1752 1467 2050 1522 exponere,

486 1561 641 1632 prius
683 1558 994 1614 docebimus
1036 1555 1177 1625 quod
1229 1555 1294 1605 ad
1325 1549 1550 1604 aliorum
1578 1558 1790 1615 quoque
1824 1544 2052 1613 prophe-

489 1667 664 1710 tarum
699 1652 868 1706 libros
903 1648 1156 1720 pertinet.
1192 1644 1305 1699 Mos
1335 1638 1604 1712 siquidem
1646 1635 1951 1692 communis
1972 1641 2056 1688 est

486 1744 751 1807 omnium,
784 1740 939 1795 facile
963 1738 1123 1794 verba
1143 1750 1241 1789 sua
1271 1734 1337 1789 ad
1370 1734 1423 1788 id
1446 1731 1589 1801 qund
1615 1726 1837 1797 Spiritui
1867 1733 2055 1779 sancto

484 1834 694 1907 placuit
725 1829 1138 1888 accommodare
1197 1840 1263 1881 ac
1322 1819 1712 1879 trausl‘ormare
1751 1835 1766 1873 :
1817 1825 1876 1870 ut
1920 1830 2056 1870 non-
2085 1814 2129 1873 Β

483 1937 761 1994 nunquam
788 1937 853 1978 ex
889 1918 1153 1985 historia,
1200 1916 1313 1972 sive
1358 1928 1425 1970 ex
1473 1914 1633 1968 rebus
1673 1922 1891 1965 sensum
1932 1921 2052 1962 mo-

418 2041 435 2057 -
485 2015 768 2079 ventibus,
821 2020 875 2066 et
950 2019 1206 2078 tanquam
1288 2005 1342 2060 in
1405 2011 1693 2073 conspectu
1754 1999 1942 2070 positis
1997 2003 2053 2053 et

490 2102 798 2168 transactis,
816 2102 1098 2157 commode
1124 2100 1190 2152 ad
1210 2097 1401 2152 intima
1425 2094 1784 2166 spiritualium
1813 2092 2054 2146 redeant:

492 2206 885 2262 nonnunquam
914 2203 1043 2245 vero
1069 2202 1164 2257 per
1190 2188 1443 2256 ambages
1493 2180 1927 2246 obscurissimas,
1971 2192 2058 2234 res

486 2288 544 2342 in
572 2297 789 2342 sensum
822 2281 1083 2336 cadentes
1113 2280 1408 2347 attingant.
1432 2273 1896 2345 Frequentissime
1930 2271 2057 2324 item

487 2388 754 2449 personas
798 2373 1086 2438 inducunt,
1131 2379 1187 2424 et
1225 2369 1614 2430 lamentantur,
1646 2373 1702 2420 et
1729 2363 2057 2428 exclamant,

487 2476 544 2523 et
567 2464 964 2536 prateritorum
990 2461 1375 2524 meminerunt,
1398 2465 1454 2512 et
1479 2456 1654 2510 futura
1679 2453 2058 2524 praenuntiant.

488 2555 839 2626 Quapropter
878 2551 1093 2622 singula
1135 2549 1283 2605 clare
1331 2558 1385 2603 et
1413 2546 1654 2602 studiose
1680 2544 2059 2610 discernenda,

490 2648 996 2715 sententiarumque
1045 2643 1202 2707 ordo,
1249 2652 1714 2711 personarumque
1757 2634 2057 2690 diﬂerentia

490 2738 799 2794 necessario
842 2733 1186 2791 observanda
1236 2741 1363 2787 est:
1396 2731 1478 2786 sic
1518 2729 1662 2784 enim
1712 2728 1893 2797 plane,
1924 2724 2060 2781 citra

489 2829 863 2887 confusionem
931 2836 985 2882 et
1031 2840 1245 2882 omnem
1310 2823 1531 2879 omnino
1577 2819 1941 2876 dilIicultatem
1994 2821 2063 2874 de

490 2923 561 2979 iis
612 2935 855 2991 agemus.
907 2918 1116 2988 Opinor
1160 2928 1343 2972 autem
1389 2914 1633 2985 quaedam
1676 2913 1829 2983 prius
1874 2910 2061 2983 expla-

492 3013 696 3079 nanda,
714 3026 832 3081 qua:
848 3008 1144 3066 Israelitico
1166 3006 1431 3078 sanguine
1460 3006 1703 3060 oriundis
1728 3004 2058 3068 acciderunt,

490 3120 564 3162 ne
589 3104 854 3160 lectorum
892 3101 1108 3155 animus
1144 3099 1511 3170 perturbetur,
1555 3097 1679 3151 dum
1718 3108 1863 3149 nunc
1913 3094 2061 3148 audit
2089 3142 2130 3170 ﬂ

489 3195 771 3268 Ephraim,
800 3202 855 3248 et
883 3191 1070 3255 Israel,
1116 3200 1278 3261 atque
1325 3190 1491 3245 etiam
1542 3187 1882 3251 Samariam;
1919 3201 2061 3240 nunc
2089 3180 2132 3203 “⁴

490 3285 713 3351 ludam,
744 3292 800 3339 et
818 3281 1130 3353 Benjamin,
1175 3280 1370 3350 quibus
1411 3277 1688 3333 vocabulis
1733 3277 1875 3332 sacri
1931 3292 2061 3346 pro-

492 3379 671 3450 phetae
736 3372 1067 3431 creberrime
1125 3380 1367 3424 utuntur.
1420 3368 1489 3424 Ut
1550 3369 1716 3437 igitur
1772 3367 2061 3421 manifeste

494 3466 708 3539 singula
741 3465 947 3531 norint,
987 3463 1290 3519 attendant.
1338 3459 1627 3515 Paternum
1672 3474 1894 3530 regnum
1931 3458 2059 3512 olim

499 3558 898 3631 Hierosolymis
923 3554 1315 3612 administrans
1337 3551 1614 3618 Salomon,
1651 3550 1793 3605 fama
1823 3549 2063 3604 celebra-

493 3663 608 3711 tum
650 3652 780 3707 illud
844 3657 900 3705 et
950 3644 1276 3703 admirabile
1340 3641 1595 3712 templum
1645 3642 1753 3696 Deo
1825 3640 2063 3696 exaediﬁ-

492 3745 655 3803 cavit.
688 3743 792 3811 Qui
825 3739 1076 3813 quamvis
1116 3736 1430 3792 divitiarum
1470 3732 1756 3804 splendore
1809 3742 1865 3788 et
1896 3749 2063 3804 pecu-

490 3836 597 3893 niae
659 3834 816 3905 copia
886 3828 1418 3892 excellentissimus,
1494 3824 1549 3879 in
1601 3831 1877 3879 senectute
1935 3823 2062 3878 dum

494 3940 602 3983 nou
653 3922 770 3979 vult
819 3919 1097 3976 oll‘endere
1144 3915 1417 3982 mulieres,
1469 3915 1635 3985 Deum
1681 3913 1942 3987 olfendit,
1997 3929 2064 3970 eo

494 4016 656 4075 modo
708 4014 763 4087 3
798 4027 908 4084 quo
960 4025 1119 4068 sacra
1166 4009 1323 4065 nobis
1358 4007 1637 4079 Scriptura
1674 4022 2067 4063 commemora-

494 4111 595 4178 bit,
624 4107 781 4181 cujus
808 4106 924 4161 haec
949 4114 1078 4160 sunt
1107 4103 1270 4159 verba
1300 4119 1314 4158 :
1351 4119 1371 4154 ι
1397 4101 1462 4157 Ει
1500 4116 1590 4157 rex
1623 4100 1896 4156 adamavit
1941 4115 2061 4154 mu-

494 4202 656 4265 lieres
687 4199 1020 4268 alienigenas
1051 4195 1267 4263 multas,
1301 4194 1464 4249 tiliam
1489 4208 1705 4265 quoque
1738 4192 2059 4259 Pharaonis,

492 4302 551 4351 et
578 4289 923 4355 Moabitidas,
959 4298 1013 4343 et
1039 4287 1458 4349 Ammonitidas,
1491 4297 1544 4340 et
1570 4286 1842 4350 Sidonias,
1876 4295 1929 4340 ct
1958 4284 2065 4338 lle-

495 4387 691 4449 thmas,
739 4391 796 4437 et
843 4377 1190 4434 Amorrhzeas
1219 4380 1284 4430 de
1313 4375 1582 4444 gentibus,
1616 4377 1683 4429 de
1708 4375 1902 4444 quibus
1931 4376 2065 4431 dixit

2154 558 2370 613 Μᾶλλον
2401 558 2480 625 δὲ,
2515 556 2633 620 πῶς
2656 558 2756 610 οὐκ
2793 556 3013 626 ἄμεινον
3042 553 3333 626 ἀμφιλαφῆ
3367 552 3463 606 καί⁵
3487 552 3735 622 εὐκρινε-

2156 650 2351 722 στέραν
2421 649 2522 720 τὴν
2564 646 2675 700 τῶν
2728 646 3015 718 νοημάτων
3075 644 3325 714 γίνεσθαι
3386 643 3735 713 παράθεσιν;

2157 740 2388 806 Οὐκοῦν,
2428 739 2533 794 κάν
2582 740 2631 792 οί
2666 737 2855 814 πολλοί
2907 736 3219 807 γεγράφασι
3262 734 3369 807 πρὸ
3409 733 3605 804 ήμῶν,
3666 732 3737 786 τά

2157 830 2215 882 ἐν
2275 831 2388 891 τοῖς
2456 825 2632 895 ἁγίοις
2701 825 3010 897 προφήταις
3080 820 3562 893 διερμηνεύοντες,
3615 819 3737 889 οὐχὶ

2152 917 2357 991 ταύτης
2422 917 2607 971 ἕνεκεν
2682 917 2780 986 τῆς
2850 914 3030 978 αἰτίας
3093 914 3464 984 σιωπήσομεν.
3531 910 3735 964 Διωσό-

2157 1009 2299 1083 μεθα
2323 1009 2380 1063 δὲ
2414 1008 2614 1080 μᾶλλον
2644 1008 2720 1072 ὠς
2760 1006 2967 1077 ἀδρανῆ
2999 1005 3090 1058 τὸν
3116 1004 3274 1057 ὄκνον
3297 1043 3310 1068 ,
3340 1003 3435 1057 καὶ
3462 1003 3638 1073 ήνττερ
3669 1001 3734 1053 ἂν

2154 1102 2249 1156 καὶ
2276 1103 2408 1173 ήμῖν
2437 1101 2617 1164 αὐτοῖς
2665 1098 2872 1170 ἐπιδοίη
2919 1097 3080 1169 χάριν
3126 1099 3155 1151 6
3198 1096 3537 1167 ἀπολάμπων
3562 1094 3733 1165 βαθέα

2154 1192 2250 1245 καὶ
2304 1190 2622 1264 ἀπόκρυφα,
2649 1190 2854 1260 ταύτην
2888 1189 2984 1243 καὶ
3032 1189 3241 1260 ἑτέροις
3288 1186 3530 1258 φανερὰν
3565 1203 3737 1240 κατα-

2156 1285 2443 1356 στήσομεν,
2483 1283 2818 1355 μεμνημένοι
2844 1282 3093 1350 λέγοντος
3120 1279 3216 1334 τοῦ
3261 1280 3500 1352 Χριστοῦ
3522 1295 3537 1310 σ
3573 1297 3592 1330 ι
3623 1281 3735 1331 Δω-

2158 1377 2285 1448 ρεάν
2318 1376 2560 1440 ἐλάϐετε,
2601 1375 2811 1447 δωρεὰν
2840 1375 2980 1429 δότε.
3014 1393 3034 1425 ›
3083 1374 3407 1444 Ἀρχόμενος
3430 1372 3609 1426 τοίνυν
3634 1371 3733 1440 τῆς

2154 1468 2233 1530 είς
2258 1466 2348 1520 τδν
2381 1466 2649 1537 μακάριον
2679 1467 2962 1536 προφήτην
2998 1465 3155 1535 Ὠσηὲ
3185 1462 3389 1532 σαφοῦς
3415 1461 3729 1535 ἑρμηνείας,

2155 1558 2330 1609 ἐκεῖνο
2356 1554 2769 1625 προεκθήσομαι
2795 1555 2889 1607 καὶ
2922 1552 3049 1624 περί
3077 1552 3185 1605 τῶν
3223 1551 3397 1606 ἄλλων
3436 1549 3732 1623 προφητῶν

2159 1653 2505 1724 συγγραφῆς.
2565 1653 2730 1716 Ἐθος
2780 1652 2890 1722 γὰρ
2949 1651 3196 1711 ἅπασιν,
3250 1649 3341 1712 οὓς
3388 1649 3455 1702 ἂν
3510 1649 3732 1701 ἕκαστοι

2158 1746 2392 1797 ποιοῖντο
2412 1745 2624 1814 λόγους,
2659 1744 3053 1814 μεταπλάττειν
3082 1741 3318 1804 εὐκόλως
3346 1740 3437 1792 ἐπὶ
3458 1738 3519 1792 τὸ
3544 1738 3734 1793 δοκοῦν

2155 1832 2234 1902 τῷ
2268 1833 2406 1905 ἁγίῳ
2438 1833 2737 1904 Πνεύματι,
2772 1834 2848 1896 ὼς
2895 1831 3026 1884 ποτὲ
3073 1832 3169 1901 μὲν
3219 1831 3283 1883 ὲκ
3325 1828 3424 1898 τῆς
3457 1827 3731 1898 ἱστορίας,

2155 1925 2273 1995 ἦτοι
2300 1925 2408 1978 τῶν
2435 1925 2732 1995 αἰσθητῶν,
2757 1924 2852 1977 καὶ
2876 1922 3037 1976 οἱονεί
3069 1938 3186 1984 πως
3216 1922 3273 1973 ὲν
3295 1920 3417 1989 ὄψει
3441 1919 3730 1989 κειμένων,

2156 2016 2250 2069 καὶ
2303 2017 2604 2085 γεγονότων
2651 2016 2991 2087 πραγμάτων
3025 2013 3320 2082 ἀναφοιτᾷν
3372 2011 3611 2074 εὐκόλως
3654 2011 3734 2074 είς

2157 2105 2404 2161 ὲσώτατα
2443 2107 2788 2178 πνευματικά
2811 2121 2827 2139 ⁶
2863 2104 2993 2159 ποτὲ
3026 2104 3083 2157 δὲ
3110 2098 3178 2158 αὖ
3217 2102 3591 2157 καθικνεῖσθαι
3629 2104 3737 2157 πά-

2156 2195 2259 2260 λιν,
2290 2195 2385 2251 καὶ
2418 2195 2552 2250 πολὺ
2571 2196 2635 2269 δὴ
2660 2196 2777 2251 λίαν
2799 2193 3157 2266 ἀσυμφανῶς,
3184 2195 3277 2248 ἐπὶ
3301 2192 3369 2247 τὰ
3402 2195 3459 2247 ὲν
3482 2193 3734 2265 αἰσθήσει

2158 2285 2477 2359 πράγματα.
2526 2286 2759 2354 Πλείστη
2812 2285 2869 2339 δὲ
2903 2286 3001 2356 ὅση
3048 2285 3176 2356 παρ’
3213 2284 3395 2346 αὐτοῖς
3439 2283 3592 2354 καὶὴ
3623 2282 3736 2336 τῶν

2158 2375 2467 2448 προσώπων
2505 2374 2826 2447 ὲπεισφορά,
2863 2372 3215 2445 σχετλιασμοί
3248 2388 3343 2438 τε,
3380 2370 3474 2425 καὶ
3511 2372 3733 2439 ἀναφω-

2157 2467 2364 2537 νήσεις,
2385 2466 2480 2521 καὶ
2508 2468 2614 2520 τῶν
2635 2467 2736 2539 ήδη
2758 2465 3163 2537 παρῳχηκότων
3201 2464 3234 2535 ή
3262 2465 3470 2536 μνήμη,
3501 2463 3595 2516 καὶ
3627 2462 3735 2542 τῶν

2161 2558 2432 2630 ἐσομένων
2478 2556 2869 2629 προάγγελσις.
2914 2559 3004 2609 Δεῖ
3046 2556 3112 2627 δὴ
3165 2550 3258 2610 οὖν
3308 2554 3516 2609 ἕκαστα
3547 2552 3736 2621 σαφῶς

2159 2647 2628 2719 φιλοκρινοῦντας,
2657 2648 2749 2701 καὶ
2766 2647 2865 2717 τὴν
2893 2645 3000 2699 τῶν
3022 2645 3310 2716 νοημάτων
3332 2641 3506 2708 τάξιν,
3530 2641 3624 2696 καὶ
3640 2640 3737 2712 τὴν

2158 2739 2268 2793 τῶν
2291 2738 2599 2811 προσώπων
2639 2737 2902 2808 διαφορὰν
2941 2734 3255 2804 ἀναγκαίως
3290 2735 3602 2805 ἐπιτηρεῖνσ
3638 2749 3737 2785 σα-

2161 2829 2266 2901 φής
2297 2829 2405 2900 γὰρ
2424 2829 2595 2892 οὕτως
2633 2831 2783 2900 ἡμῖν,
2813 2829 2908 2882 καὶ
2934 2828 3261 2898 ἀσύγχυτος,
3304 2827 3399 2880 καὶ
3422 2826 3739 2897 δυσχερείας

2160 2923 2380 2994 ἀπάσης
2427 2921 2848 2992 ἀπηλλαγμένος
2903 2918 3056 2974 ἔσται
3109 2936 3209 2972 που
3244 2919 3461 2981 πάντως
3502 2920 3531 2971 6
3558 2917 3736 2984 λόγος.

2161 3012 2373 3083 Χρῆναι
2407 3011 2463 3065 δὲ
2497 3011 2901 3082 ὑπολαμϐάνω,
2941 3009 3437 3081 προαφηγήσασθαί
3469 3025 3588 3062 τινα
3629 3007 3740 3061 τῶν

2164 3100 2587 3172 συμόεὕηκότων
2624 3104 2736 3163 τοῖς
2775 3100 2833 3168 ἐξ
2868 3101 3098 3171 αἵματος
3134 3098 3382 3172 Ἰσραὴλ,
3414 3100 3501 3153 ἵνα
3532 3099 3607 3170 μὴ
3643 3115 3742 3151 τα-

2167 3193 2410 3263 ράττοιτο
2438 3192 2546 3245 τῶν
2577 3190 2970 3263 ἐντευξομένων
2996 3194 3025 3246 6
3056 3190 3204 3256 νοῦς,
3240 3191 3370 3245 ποτὲ
3404 3191 3502 3262 μὲν
3528 3190 3742 3245 ἀκούων

2173 3283 2433 3354 Ἐφραῒμ,
2467 3285 2583 3337 καὶ·
2607 3283 2859 3355 Ἰσραὴλ,
2920 3283 3016 3337 καὶ
3060 3284 3243 3353 μέντοι
3282 3283 3378 3337 καὶ
3405 3281 3739 3353 Σαμάρειανο

2175 3375 2373 3428 Ἰούδαν
2406 3392 2464 3427 τε
2495 3373 2584 3440 αὖ,
2621 3375 2716 3428 καὶ
2762 3374 3039 3445 Βενιαμίν.
3086 3373 3321 3445 Πλείστη
3353 3372 3463 3445 γάρ
3494 3374 3594 3442 ὅση
3631 3371 3743 3425 τῶν

2161 3464 2418 3516 τοιούτων
2462 3463 2741 3532 ὀνομάτων
2782 3463 2931 3533 παρά
2975 3465 3086 3526 τοῖς
3136 3463 3313 3531 ἁγίοις
3357 3462 3665 3533 προφήταις
3705 3462 3739 3531 ή

2166 3555 2375 3627 μνήμη.
2402 3556 2519 3609 Ἵνα
2547 3555 2726 3609 τοίνυν
2749 3555 2940 3608 εἰδεῖεν
2969 3553 3177 3609 ἕκαστα
3206 3553 3413 3623 σαφῶς,
3439 3553 3743 3607 ἀκουόντων

2161 3647 2243 3700 ὃτι
2268 3645 2365 3718 τὴν
2391 3647 2485 3701 τοῦ
2514 3647 2719 3719 πατρὸς
2745 3645 3020 3718 βασιλείαν
3050 3647 3328 3717 περιέπων
3352 3645 3493 3700 κατὰ
3512 3645 3741 3715 καιροὺς

2162 3739 2221 3794 ὲν
2249 3741 2361 3803 τοῖς
2405 3737 2803 3810 Ἱεροσολύμοις
2827 3740 2855 3791 6
2883 3735 3155 3809 Σολομὼν,
3182 3738 3505 3808 ἀνεδείματο
3532 3737 3631 3809 μὲν
3664 3735 3741 3805 τῷ

2163 3827 2284 3900 Θεῷ
2331 3827 2423 3882 τὸν
2467 3828 2750 3900 διαϐόητον
2810 3829 3016 3882 ἐκεῖνον
3062 3829 3157 3882 καὶ¹
3196 3828 3522 3898 άξιάγαστον
3569 3829 3741 3884 νεών.

2176 3921 2337 3976 Ἀλλά
2358 3920 2535 3975 καίτοι
2564 3920 2686 3975 λίαν
2709 3918 2950 3990 γεγονὼς
2976 3919 3286 3990 διαπρεπὴς
3309 3920 3397 3973 διά
3421 3937 3480 3973 τε
3512 3920 3744 3975 πλούτου

2163 4013 2555 4086 λαμπρότητα,
2585 4012 2682 4067 καὶ
2711 4012 3031 4082 περιουσίαν
3076 4011 3376 4083 χρημάτων
3400 4051 3417 4079 ,
3461 4012 3542 4075 εἰς
3568 4013 3746 4085 γῆρας

2162 4103 2464 4176 ἐληλακὼς,
2484 4104 2574 4159 διά
2588 4121 2671 4158 τοι
2690 4103 2791 4175 τὴν
2803 4104 2883 4167 εἰς
2901 4105 3166 4172 γυναῖκας
3187 4102 3318 4157 αίδὼ
3338 4103 3747 4176 προσκέκρουκσ

2161 4199 2241 4272 τῷ
2269 4200 2408 4272 Θεῷ.
2434 4200 2544 4256 Καὶ
2569 4200 2722 4262 ποῖος
2753 4195 2903 4267 αὐτῷ
2937 4196 3130 4266 γέγονε
3158 4193 3535 4266 πλημμελείας
3564 4197 3592 4248 ὁ
3618 4197 3745 4267 τρό-

2164 4309 2286 4355 πος.
2320 4292 2383 4345 τὸ
2419 4292 2562 4362 ἱερὸν
2613 4293 2743 4360 ἡμῖν
2777 4290 3124 4359 ἀφηγήσεται
3172 4287 3413 4358 Γράμμα
3436 4305 3449 4317 ·
3496 4288 3608 4358 ἔχει
3637 4289 3745 4358 γάρ

2166 4381 2358 4444 οὕτως·
2395 4399 2413 4431 ι
2450 4380 2561 4433 Καὶ
2587 4382 2615 4433 6
2655 4379 2908 4450 βασιλεὺς
2938 4378 3094 4431 ἔλαϐε
3141 4381 3402 4447 γυναῖκας
3436 4377 3745 4449 ἀλλοτρίας,

498 4475 763 4531 Dominus
818 4471 944 4526 ﬁliis
1003 4465 1358 4523 Isracl:Non
1414 4464 1787 4534 ingrediemini
1839 4465 1905 4518 ad
1950 4480 2063 4532 eas,

2170 4470 2265 4524 καὶ
2291 4470 2391 4541 τὴν
2421 4469 2696 4541 θυγατέρα
2735 4468 2932 4541 Φαραὼ
2953 4509 2968 4536 ,
3000 4470 3352 4533 Μωαϐίτιδας
3371 4510 3384 4533 ,
3430 4471 3748 4542 Ἀμμανίτι-

492 4575 670 4633 neque
709 4561 775 4617 de
818 4559 929 4615 illis
975 4558 1349 4626 ingredientur
1400 4554 1468 4608 ad
1515 4563 1742 4618 vestras,
1797 4568 1863 4608 ne
1908 4553 2068 4609 incli-

496 4664 628 4711 nent
662 4652 827 4708 corda
860 4660 1039 4703 vestra
1067 4655 1190 4718 post
1220 4645 1359 4700 idola
1402 4657 1520 4700 sua.
1558 4641 1654 4698 llis
1686 4658 1869 4699 amore
1898 4658 2066 4714 copu-

492 4744 638 4801 latus
683 4750 769 4797 est
826 4737 1103 4794 Salomon.
1157 4735 1222 4791 Et
1269 4740 1424 4789 erant
1461 4731 1510 4788 ei
1555 4747 1750 4787 uxores
1800 4733 2068 4805 principes

496 4834 880 4905 septingentzr,
913 4837 969 4883 et
1004 4827 1319 4882 concubinre
1355 4833 1626 4879 Ire-centre.
1669 4823 1735 4877 Et
1778 4823 1949 4878 lactus
1985 4834 2069 4879 est

498 4926 834 4994 in‘tempore
868 4918 1163 4976 senectutis
1192 4917 1468 4982 Salomon,
1501 4926 1554 4970 ct
1577 4915 1911 4970 declinarunt
1951 4931 2070 4970 mu.

497 5017 658 5068 lieres
685 5010 1001 5079 alienigenae
1034 5021 1127 5061 cor
1153 5007 1272 5077 ejus
1303 5015 1424 5075 post
1452 5006 1583 5061 deos
1615 5004 1843 5069 alienos,
1875 5013 1929 5059 et
1961 5022 2064 5060 non

496 5112 615 5158 erat
636 5117 730 5158 cor
755 5101 871 5171 ejus
900 5098 1197 5172 perfectum
1230 5113 1351 5153 cum
1387 5099 1612 5154 Domino
1646 5097 1754 5153 Deo
1776 5113 1896 5164 suo,
1926 5101 2066 5154 sicut

497 5208 596 5248 cor
625 5192 791 5247 David
828 5194 998 5264 patris
1027 5191 1166 5262 ejus.
1216 5190 1283 5244 Et
1314 5189 1606 5244 ambulavit
1645 5188 1901 5245 Salomon
1944 5198 2067 5256 post

497 5286 752 5341 Astarten
792 5283 1246 5339 abominationem
1294 5280 1665 5346 Sidoniorum,
1698 5287 1753 5335 et
1784 5290 1905 5350 post
1938 5279 2068 5333 Baal

497 5376 703 5435 idolum
749 5374 979 5432 ﬁliorum
1022 5377 1275 5432 Ammon.
1315 5374 1381 5429 Et
1413 5372 1544 5430 fecit
1571 5373 1825 5429 Salomon
1868 5374 2067 5428 malum

496 5482 682 5525 utram
735 5464 988 5529 Domino,
1032 5475 1088 5522 et
1127 5480 1237 5522 non
1271 5463 1567 5520 ambulavit
1607 5470 1730 5535 post
1760 5461 2068 5529 Dominum,

492 5568 562 5618 ut
606 5554 777 5614 David
819 5564 976 5625 pater
999 5555 1136 5626 ejus.
1164 5556 1316 5613 Tunc
1343 5555 1635 5613 aediﬁcavit
1668 5553 1926 5612 Salomon
1966 5568 2066 5610 ex-

568 5733 593 5767 ¹
622 5727 815 5788 Iatth.
839 5745 896 5797 ι,
922 5729 977 5796 8_.

2171 4562 2266 4624 δας
2290 4603 2304 4627 ,
2330 4559 2506 4632 Σύρας
2528 4601 2544 4626 ,
2571 4561 2666 4614 καὶ
2707 4559 3009 4630 Ἰδουμαίας
3030 4600 3044 4623 ,
3073 4562 3339 4624 Χετταίας
3362 4603 3375 4624 ,
3410 4561 3502 4615 καὶ
3548 4563 3746 4635 Ἀμορ-

2174 4651 2357 4724 ραίας,
2392 4651 2456 4703 ἐκ
2484 4647 2593 4703 τῶν
2640 4649 2809 4703 ἐθνῶν
2858 4643 2933 4703 ὧν
2981 4652 3182 4705 ἀπεῖπε
3224 4651 3430 4721 Κύριος
3474 4654 3585 4715 τοῖς
3612 4655 3746 4717 υίοῖς
3826 4720 3835 4727 ⁸

2185 4737 2420 4811 Ἰσραήλ⁸
2451 4736 2569 4793 Οὐκ
2590 4737 2961 4792 είσε).εύσεσθε
2992 4739 3073 4802 εἰς
3098 4739 3314 4803 αὐτοὺς,
3352 4741 3443 4794 καὶ
3466 4741 3618 4795 αὐτοὶ
3644 4742 3747 4796 οὐκ

2142 4830 2570 4911 ,εἰσελεύσονται
2596 4832 2675 4893 είς
2701 4830 2865 4900 ὑμᾶς,
2900 4830 2985 4883 ἶνα
3024 4830 3098 4901 μὴ
3140 4830 3428 4885 ὲκκλίνωσι
3475 4833 3576 4896 τὰς
3608 4850 3746 4903 καρ-

2170 4923 2290 4985 δίας
2334 4920 2490 4992 ύμῶν
2532 4921 2707 4975 ὀπίσω
2755 4921 2865 4974 τῶν
2923 4921 3156 4975 είδώλων
3205 4922 3407 4975 αὐτῶν·
3446 4925 3526 4987 εἰς
3577 4924 3747 4989 αὐτάς

2170 5011 2434 5083 ἐκολλήθη
2466 5011 2747 5083 Σολομὼν,
2783 5010 2878 5065 τοῦ
2921 5013 3225 5083 ἀγαπῆσαι.
3268 5015 3377 5067 Καὶ
3409 5010 3548 5085 ἦσαν
3596 5016 3745 5087 αὐτῷ

2169 5106 2424 5173 γυναῖκες
2453 5102 2713 5174 ἄρχουσαι
2737 5104 3080 5163 ἑπτακόσιαι,
3112 5103 3205 5157 καὶ
3228 5104 3497 5158 παλλακαὶ
3527 5106 3747 5176 τριακό-

2170 5212 2303 5250 σιαι.
2334 5194 2443 5247 Καὶ
2467 5194 2699 5265 ἐγενήθη
2731 5194 2788 5247 ἐν
2810 5192 2887 5265 τῷ
2912 5193 3088 5265 καιρῷ
3125 5195 3313 5266 γήρως
3352 5195 3620 5265 Σολομὼν,
3652 5195 3746 5249 καὶ

2162 5284 2443 5351 ἐξέκλιναν
2471 5286 2528 5338 αί
2559 5286 2815 5353 γυναῖκες
2834 5284 2890 5336 αἱ
2912 5284 3188 5356 ἀλλότριαι
3213 5284 3311 5355 τὴν
3335 5285 3562 5355 καρδίαν
3581 5286 3744 5339 αὐτοῦ

2163 5374 2339 5428 ὀπίσω
2369 5371 2508 5429 θεῶν
2527 5374 2753 5445 ἐτέρων.
2782 5374 2892 5428 Καὶ
2924 5376 3023 5429 οὐκ
3048 5370 3116 5446 ἦν
3157 5377 3192 5446 ή
3231 5375 3429 5447 καρδία
3458 5376 3624 5430 αὑτοῦ
3654 5393 3744 5428 τε-

2164 5463 2285 5518 λεία
2320 5464 2459 5535 μετά
2495 5465 2705 5537 Κυρίου
2744 5465 2839 5519 τοῦ
2868 5464 3002 5520 Θεοῦ
3032 5464 3198 5521 αὐτοῦ
3220 5505 3236 5531 ,
3268 5463 3449 5529 καθὼς
3485 5467 3520 5536 ή
3548 5466 3747 5538 καρδία

2167 5553 2328 5609 Δαὸὶδ
2372 5552 2466 5609 τοῦ
2522 5554 2729 5626 πατρὸς
2789 5554 2975 5612 αὐτοῦ.
3021 5555 3133 5609 Καὶ
3179 5553 3448 5626 ἐπορεύθη
3495 5552 3744 5627 Σολομὼν
