4098 6276
400 318 474 377 15
1315 310 1871 370 COMMENTARIUS
1908 311 1977 368 ΙΝ
2012 312 2241 370 OSEAM
2280 308 2725 367 PROPllETAM.
3592 303 3662 360 μ

401 424 577 482 ὀπίσω
621 424 722 494 τῆς
783 423 1082 497 Ἀστάρτης
1134 423 1503 495 βδελύγματος
1553 424 1855 488 Σιδωνίων,
1886 426 1982 478 καὶ

2094 425 2287 478 celsum
2334 424 2573 478 (Ihamos
2607 418 2751 475 idolo
2793 416 2969 481 Moab,
2999 426 3051 471 et
3081 415 3207 471 Baal
3240 416 3387 472 idolo
3420 416 3661 474 liliorum

402 518 574 573 ὀπίσω
603 516 696 570 τοῦ
725 516 904 582 Βάαλ,
930 515 1152 570 εἰδώλου
1184 516 1319 570 υίῶν
1366 517 1567 588 Ἀμών.
1600 517 1712 571 Καὶ
1756 517 1983 590 ἐποίησε

404 605 652 678 Σολομὼν
680 606 744 659 τὸ
763 606 999 677 πονηρὸν
1018 606 1249 661 ἐνώπιον
1274 607 1603 678 Κυρίου,καὶ
1623 607 1724 660 οὐκ
1750 607 1985 677 ἐπορεύ-

404 696 469 768 θη
509 697 686 750 ὀπίσω
734 697 980 767 Κυρίου,
1011 697 1090 762 ὡς
1134 697 1300 750 Δασιδ
1332 698 1361 749 6
1403 696 1588 768 πατὴρ
1624 697 1812 750 αὐτοῦ.
1852 698 1985 751 Τότε

402 787 718 859 ᾠκοδόμησε
741 785 994 857 Σολομὼν
1018 786 1222 858 ὑψηλὸν
1240 787 1319 858 τῷ
1340 785 1552 857 Χαμὼς
1569 787 1771 859 εἰδώλῳ
1791 788 1985 851 Μωάϐ,

403 878 498 930 καὶ
529 876 607 947 τῷ
637 878 785 931 Βάαλ
821 877 1026 949 εἰδώλῳ
1069 877 1199 932 υίῶν
1239 878 1441 950 Ἀμὼν,
1471 881 1569 933 καί⁵
1604 883 1669 950 τῇ
1717 881 1989 952 Ἀστάρτῃ

407 966 737 1037 βδελύγματι
790 968 1083 1025 Σιδωνίων.
1141 970 1253 1024 Καὶ
1294 970 1468 1035 οὕτως
1511 971 1736 1042 ἐποίησε
1785 973 1988 1035 πάσαις

404 1060 524 1121 ταῖς
580 1058 824 1126 γυναιξὶν
873 1059 1039 1113 αὑτοῦ
1093 1063 1216 1124 ταῖς
1259 1062 1601 1132 ἀλλοτρίαις,
1652 1063 1710 1116 αἶ
1750 1062 1988 1133 ἐθυμίων

408 1151 503 1202 καὶ
535 1149 689 1204 ἔθυον
718 1154 830 1214 τοῖς
880 1151 1120 1216 εἰδώλοις
1165 1153 1366 1207 αὐτῶν.
1396 1153 1505 1206 Καὶ
1552 1152 1796 1225 ὠργίσθη
1832 1152 1989 1223 θυμῷ

408 1241 610 1311 Κύριος
628 1241 722 1294 ἐπὶ
736 1241 1045 1311 Σολομῶνα,
1064 1244 1146 1296 ὅτι
1172 1243 1413 1307 ἐξέκλινε
1438 1244 1668 1314 καρδίαν
1688 1243 1853 1298 αὐτοῦ
1882 1244 1990 1297 ἀπὸ

414 1331 617 1401 Κυρίου
669 1332 908 1403 Ἰσραὴλ,
942 1332 1035 1385 τοῦ
1074 1334 1330 1403 ὀφθέντος
1364 1335 1514 1406 αὐτῷ
1545 1336 1624 1400 δὶς
1650 1375 1666 1400 ,
1698 1336 1794 1389 καὶ
1822 1337 1991 1389 ἐντει-

411 1419 646 1491 λαμένου
689 1422 841 1492 αὐτῷ
893 1422 1034 1493 ὑπὲρ
1072 1424 1167 1477 τοῦ
1210 1424 1373 1494 λόγου
1400 1426 1615 1491 τούτου,
1665 1428 1991 1499 τοπαράπαν

418 1512 497 1595 μὴ
534 1514 878 1590 πορευθῆναι
918 1514 1094 1567 ὀπίσω
1135 1515 1274 1569 θεῶν
1306 1517 1551 1587 ἐτέρωνο
1594 1518 1690 1571 καὶ
1726 1517 1989 1587 φυλάξαι,

416 1602 512 1654 καὶ
560 1603 782 1672 ποιῆσαι
808 1601 845 1655 ἃ
869 1601 1172 1656 ἐνετείλατο
1225 1603 1376 1673 αὐτῷ
1414 1606 1443 1657 6
1473 1604 1678 1676 Κύριος
1724 1605 1753 1656 6
1799 1603 1987 1666 Θεός.»

427 1689 673 1759 Ἀπάσ-ης
704 1690 801 1760 μὲν
829 1686 922 1743 οὖν
962 1689 1223 1744 ἐπέκεινα
1262 1691 1578 1754 δυσσεϐείας
1604 1691 1671 1745 τὰ
1702 1691 1797 1744 τοῦ
1832 1689 1993 1744 Σολο-

2085 515 2340 580 Ammon,
2388 523 2443 567 et
2486 515 2716 568 Astarten
2744 508 3134 564 abominationi
3168 507 3540 564 Sidoniorum.
3562 510 3663 563 At-

2085 620 2192 675 qne
2222 605 2276 658 in
2311 605 2453 659 hunc
2486 604 2703 657 modum
2749 602 2878 657 fecit
2926 601 3193 656 universis
3232 601 3494 656 uxoribus
3545 600 3661 656 suis

2086 695 2442 765 alienigenis,
2506 708 2625 762 quae
2680 694 2969 746 adolebant
3033 693 3231 758 thura,
3296 703 3352 749 et
3409 691 3661 747 immola-

2089 793 2216 844 bant
2238 789 2340 843 diis
2359 789 2490 844 suis.
2519 788 2582 841 Et
2606 789 2776 841 iratus
2802 797 2880 842 est
2907 786 3167 842 Dominus
3192 786 3490 852 Salomoni,
3517 786 3661 856 quod

2087 883 2415 938 declinasset
2444 895 2537 934 cor
2574 894 2728 932 suum
2761 895 2789 932 a
2813 877 3043 933 Domino
3074 878 3182 932 Deo
3209 876 3400 941 lsrael,
3435 876 3528 947 qui
3564 890 3663 944 ap-

2089 980 2343 1041 paruerat
2386 973 2435 1025 ei
2490 971 2752 1033 sccnmio,
2814 978 2868 1023 et
2914 975 3245 1038 praeceperat
3295 968 3344 1021 ei
3391 969 3457 1023 de
3498 968 3663 1022 verbo

2088 1060 2213 1123 hoc,
2264 1069 2323 1114 ut
2366 1058 2582 1129 penitus
2631 1073 2737 1111 non
2786 1066 3105 1126 sequeretur
3159 1056 3289 1109 deos
3340 1055 3567 1120 alienos,
3606 1066 3665 1110 et

2091 1152 2415 1213 custodiret,
2461 1164 2527 1204 ac
2571 1150 2771 1203 faceret
2814 1164 2935 1218 qua:
2992 1147 3268 1202 mandavit
3314 1148 3362 1201 ei
3402 1146 3662 1205 Dominus

2093 1240 2236 1296 Deus
2254 1242 2295 1295 ³.
2335 1260 2355 1291 ι
2411 1239 2638 1297 Omnem
2666 1254 2795 1307 ergo
2819 1240 3145 1307 impietatem
3177 1238 3467 1292 commissa
3498 1252 3526 1290 a
3561 1234 3664 1291 Sa-

2093 1334 2306 1387 lomone
2335 1334 2447 1402 jam
2487 1346 2615 1387 sene
2645 1330 2886 1385 facinora
2929 1338 3277 1398 superarunt.
3329 1327 3467 1395 Quid
3515 1327 3663 1381 enim

2096 1434 2203 1479 tam
2252 1424 2477 1479 nefariis
2529 1423 2828 1478 sceleribus
2879 1420 3163 1477 odiosius?
3224 1429 3317 1475 aut
3367 1418 3489 1489 quis
3529 1418 3665 1473 satis

2092 1515 2326 1585 explicet
2350 1530 2511 1585 quam
2546 1515 2620 1569 sit
2645 1515 2895 1583 impium,
2929 1512 3134 1566 honore
3158 1523 3213 1564 et
3240 1511 3509 1565 charitate
3534 1523 3666 1578 erga

2094 1623 2259 1661 unum
2306 1616 2362 1661 et
2394 1614 2588 1660 natura
2639 1619 2703 1660 ac
2733 1620 2861 1660 vere
2906 1605 3069 1659 Deum
3112 1613 3440 1671 contempta,
3494 1601 3667 1669 ipsius

2095 1698 2264 1753 solius
2310 1697 2686 1751 excellentiam
2749 1695 3176 1765 dignitatemque
3204 1692 3507 1747 daemonum
3543 1707 3669 1761 gre—

417 1780 627 1851 μῶντος
654 1780 714 1833 ἐν
756 1780 916 1852 γήρει
943 1781 1288 1852 τολμήματα.
1314 1782 1380 1834 Τί
1414 1781 1523 1854 γὰρ
1554 1782 1620 1836 ἂν
1646 1784 1856 1852 γένοιτο
1886 1780 1992 1836 τῶν

2096 1791 2275 1861 gibus,
2312 1790 2422 1844 imo
2480 1801 2610 1842 vero
2659 1787 2928 1858 lapidibus
2974 1796 3137 1855 atque
3176 1782 3337 1853 lignis
3385 1780 3667 1837 tribuere?

417 1869 590 1935 οὕτως
627 1871 871 1925 ἐκτόπων
911 1871 1400 1943 πλημμελημάτων
1427 1873 1489 1925 τὸ
1527 1873 1993 1944 δυσαχθέστερονς

419 1957 489 2011 Ἦ
515 1956 631 2021 πῶς
658 1958 719 2010 οὐ
752 1958 890 2029 πέρα
923 1959 1081 2027 λόγου
1134 1960 1354 2023 παντὸς,
1406 1960 1670 2032 ἀλογῆσαι
1704 1961 1802 2033 μέν
1832 1963 1997 2033 τιμῆς

415 2052 510 2105 καὶ
538 2051 762 2121 ἀγάπης
803 2052 900 2122 τῆς
929 2053 1013 2114 είς
1063 2053 1160 2107 τὸν
1200 2054 1296 2107 ἐνα
1327 2053 1420 2108 καὶ
1464 2053 1624 2123 φύσει
1664 2055 1757 2107 καὶ
1782 2054 1999 2125 άληθῶς

415 2144 543 2197 δντα
574 2142 730 2207 Θεὸν,
781 2143 840 2196 τὸ
888 2142 946 2195 δὲ
988 2143 1137 2215 αὐτῷ
1190 2145 1286 2199 καὶ
1345 2145 1492 2217 μόνῳ
1527 2145 1729 2217 προσὸν
1780 2144 1998 2216 ἀξίωμα

415 2235 649 2289 καὶτῶν
691 2235 981 2306 δαιμονίων
1039 2238 1338 2309 ἀπονέμειν
1382 2238 1641 2307 ἀγέλαις,
1697 2238 1896 2310 μᾶλλον
1940 2238 1998 2293 δὲ

414 2328 580 2392 λίθοις
605 2328 864 2383 ἀνάπτειν
894 2329 990 2382 καί⁸
1016 2328 1222 2394 ξύλοις;
1258 2329 1474 2401 Ἐπειδὴ
1504 2330 1561 2383 δὲ
1576 2329 1691 2401 ὴλω
1721 2346 1996 2401 πεφρονη-

414 2420 526 2482 sub;
572 2437 630 2473 τε
667 2421 761 2473 καὶ
802 2420 1006 2491 δράσας
1037 2420 1073 2474 ἃ
1125 2420 1260 2490 μηδὲ
1303 2419 1461 2491 θέμις
1490 2424 1666 2476 εἰπεῖν
1691 2462 1708 2487 ,
1760 2424 1857 2475 καὶ
1884 2424 1996 2487 τοῖς

411 2512 587 2575 οὕτως
612 2514 856 2583 αίσχροῖς
894 2512 1000 2583 πλη
1010 2513 1361 2583 μμελήμασιν
1388 2513 1570 2584 ἔνοχος
1597 2513 1835 2583 γεγονὼς
1864 2531 1996 2567 κατ-

416 2605 687 2673 εφωρᾶτο,
750 2603 935 2657 λοιπὸν
974 2603 1077 2674 ἔφη
1110 2604 1247 2671 πρὸς
1275 2604 1436 2658 αὐτὸν
1460 2607 1489 2658 ό
1519 2605 1629 2658 τῶν
1653 2606 1789 2659 ὅλων
1817 2606 1952 2669 Θεός
1980 2621 1993 2634 ’

424 2712 443 2744 ι
488 2692 628 2745 Ἀνθ’
654 2688 728 2746 ὧν
765 2693 984 2761 ἐγένετο
1016 2692 1190 2747 ταῦτα
1224 2694 1364 2764 μετά
1398 2694 1517 2760 σοῦ,
1553 2696 1647 2749 καὶ
1674 2697 1775 2750 οὐκ
1801 2697 1990 2765 ἐφύλα-

421 2782 517 2848 ξας
564 2785 663 2846 τὰς
698 2783 914 2847 ἐντολάς
951 2802 1051 2854 μου
1118 2785 1214 2839 καὶ
1246 2784 1313 2838 τὰ
1359 2786 1759 2857 προστάγματα
1785 2804 1922 2857 μου,
1959 2787 1998 2841 ἆ

420 2874 771 2944 ἐνετειλάμην
802 2890 903 2937 σοι,
932 2876 1278 2947 διαῤῥήσσων
1301 2876 1577 2949 διαρῤήξω
1597 2879 1694 2949 τὴν
1725 2877 1997 2948 βασιλείαν

420 2965 485 3016 ἐκ
515 2965 694 3035 χειρός
726 2982 841 3029 σου,
869 2966 962 3018 καὶ
987 2965 1145 3018 δώσω
1173 2964 1343 3037 αὐτὴν
1376 2965 1455 3035 τῷ
1483 2967 1658 3038 δούλῳ
1702 2985 1817 3023 σου.
1849 2969 1997 3038 Πλὴν

416 3055 475 3107 ἐν
502 3058 623 3118 ταῖς
665 3057 899 3127 ήμέραις
932 3073 1024 3109 σου
1059 3058 1121 3110 οὐ
1150 3059 1362 3129 ποιήσω
1401 3059 1567 3122 αὐτὰ,
1592 3059 1679 3112 διὰ
1711 3060 1875 3113 Δασιδ
1906 3060 1997 3112 τὸν

2097 1881 2359 1946 Quoniam
2409 1895 2536 1936 vero
2572 1891 2627 1935 et
2670 1880 2929 1950 cogitare,
2965 1888 3019 1934 et
3068 1876 3249 1932 facere
3296 1877 3441 1930 dictu
3494 1875 3663 1928 etiam

2100 1973 2260 2039 fteda,
2309 1981 2365 2026 et
2404 1973 2539 2026 adeo
2570 1971 2818 2040 turpibus
2847 1968 3145 2026 obstrictus
3174 1968 3387 2023 delictis
3413 1981 3666 2037 comper-

2099 2073 2186 2118 tus
2243 2071 2348 2130 est,
2398 2063 2654 2131 deinceps
2701 2063 2770 2115 ab
2820 2061 3196 2115 universorum
3255 2057 3363 2114 Deo
3419 2058 3663 2113 audivit:

2104 2172 2123 2205 ι
2156 2153 2292 2220 Quia
2347 2153 2461 2207 haec
2513 2152 2652 2205 facta
2704 2158 2835 2205 sunt
2887 2159 3085 2215 tecum,
3145 2159 3202 2204 et
3243 2163 3348 2203 non
3380 2148 3666 2203 custodisti

2098 2253 2367 2314 praecepta
2412 2256 2527 2295 Iura
2573 2251 2629 2297 et
2677 2238 2926 2294 mandata
2959 2253 3100 2305 mea,
3127 2254 3245 2309 qua
3266 2238 3513 2293 mandavi
3545 2238 3665 2304 tibi,

2100 2334 2337 2389 avellens
2372 2332 2594 2385 avellant
2641 2345 2866 2399 regnum
2923 2329 2991 2384 de
3037 2343 3197 2383 manu
3248 2338 3360 2382 tua.
3417 2336 3477 2383 et-
3530 2328 3665 2383 tlabo

2099 2423 2233 2479 illud
2286 2438 2444 2477 servo
2486 2430 2616 2479 tuo..
2643 2421 3024 2477 Verumtamen
3068 2419 3121 2472 in
3162 2419 3352 2473 diebus
3401 2417 3506 2472 tuis
3560 2432 3665 2473 non

2098 2515 2289 2570 faciam
2317 2514 2440 2577 hoc,
2466 2522 2685 2582 propter
2714 2510 2879 2565 David
2929 2517 3137 2580 patrem
3170 2517 3340 2564 tuum.
3392 2510 3467 2563 De
3506 2523 3667 2562 manu

2100 2605 2195 2659 lilii
2235 2605 2309 2658 tui
2346 2604 2587 2658 auferam
2625 2602 2773 2656 illud.
2813 2600 3190 2655 Verumtamen
3229 2608 3398 2653 totum
3442 2612 3666 2668 regnum

2100 2711 2205 2751 non
2250 2695 2307 2760 Δ
2349 2695 2620 2759 auferam;
2673 2701 2945 2760 sceptrum
2997 2706 3160 2743 unum
3211 2690 3351 2744 dabo
3401 2689 3514 2743 tilio
3552 2699 3665 2752 tuo.

2099 2797 2318 2857 propter
2378 2784 2543 2837 David
2600 2798 2814 2838 servum
2873 2796 3094 2843 meum,
3156 2792 3211 2836 et
3249 2790 3470 2850 propter
3500 2779 3662 2835 Jeru-

2100 2876 2288 2938 salem,
2350 2872 2537 2926 urbem
2580 2886 2739 2939 qnam
2793 2869 2928 2939 elegi
2965 2869 3007 2922 δ.
3054 2886 3075 2922 ι
3126 2869 3419 2939 Postquam
3477 2869 3665 2934 enim,

2099 2976 2158 3020 ut
2206 2965 2351 3030 dixi,
2416 2975 2601 3017 amore
2658 2962 2940 3016 mulierum
3008 2962 3220 3027 victus,
3277 2965 3527 3032 quamvis
3578 2978 3669 3018 sa-

2100 3056 2467 3127 pientissimus
2526 3054 2819 3117 Salomon,
2888 3054 2979 3108 Dei
3050 3048 3304 3126 rcgnnm,
3359 3071 3464 3124 qna
3522 3071 3659 3111 ausu

418 3146 632 3217 πατέρα
667 3165 781 3202 σου.
833 3149 927 3202 Ἐκ
971 3149 1157 3219 χειρὸς
1208 3148 1326 3203 υἱοῦ
1376 3168 1469 3204 σου
1516 3150 1757 3222 λήψομαι
1798 3153 1990 3221 αὐτήν.

2098 3157 2154 3201 et
2200 3155 2428 3209 conatu,
2471 3154 2678 3198 tantum
2726 3160 2832 3198 non
2876 3145 3115 3211 discidit,
3166 3146 3287 3215 ipsi,
3319 3157 3373 3200 et
3404 3146 3500 3200 soli
3534 3162 3669 3202 con-

417 3236 586 3307 Πλὴν,
615 3236 746 3307 ὅλην
771 3236 869 3306 τὴν
898 3235 1174 3306 βασιλείαν
1204 3237 1265 3291 οὐ
1297 3238 1371 3309 μὴ
1399 3238 1550 3292 λάϐω
1574 3257 1589 3272 ’
1624 3243 1901 3311 σκῆπτρον
1933 3240 1993 3293 ἒν

414 3324 571 3378 δώσω
607 3315 686 3395 τῷ
717 3324 817 3396 υἱῷ
857 3342 950 3378 σου
975 3364 990 3390 ,
1047 3324 1137 3378 διὰ
1185 3326 1349 3380 Δασὶδ
1392 3326 1484 3380 τὸν
1509 3326 1695 3381 δοῦλόν
1726 3344 1850 3397 μου,
1899 3329 1993 3381 καὶ

415 3414 507 3468 διὰ
545 3415 894 3488 Ἰερουσαλὴμ
919 3418 1017 3490 τὴν
1042 3419 1218 3483 πόλιν,
1241 3418 1309 3491 ἦν
1344 3419 1695 3490 ἐξελεξάμην.
1728 3438 1747 3471 ι
1777 3420 1991 3491 Ἐπειδὴ

418 3508 547 3578 γὰρ,
598 3509 674 3571 ὡς
713 3508 871 3577 ἔφην,
896 3509 995 3578 τῆς
1026 3511 1105 3573 είς
1138 3513 1400 3579 γυναῖκας
1424 3511 1719 3581 ἐπιθυμίας
1743 3510 1987 3582 ήττώμε-

418 3615 527 3663 νος,
555 3600 731 3653 καίτοι
757 3601 918 3669 σοφὸς
945 3601 1020 3655 ὢν
1050 3602 1209 3671 ἄγαν,
1238 3605 1266 3656 ό
1301 3601 1551 3673 Σολομὼν
1580 3604 1858 3674 μονονουχὶ
1897 3603 1993 3656 καὶ

416 3688 537 3743 ὅσον
565 3690 689 3760 ἥκει
715 3691 890 3743 εἰπεῖν
917 3694 997 3754 είς
1028 3693 1444 3765 ἐγχειρημάτων
1480 3693 1731 3763 δύναμιν,
1764 3692 1861 3764 τὴν
1896 3692 1990 3745 τοῦ

417 3780 550 3833 Θεοῦ
581 3780 860 3850 βασιλείαν
888 3783 1198 3856 διέρρηξεν,
1233 3784 1472 3849 εἰδώλοις
1498 3785 1754 3839 ἀνάπτων
1777 3785 1873 3855 τὴν
1894 3785 1993 3838 αὑ-

416 3872 491 3942 τῷ
543 3873 639 3926 καὶ
685 3872 831 3944 μόνῳ
873 3876 1332 3946 πρεπωδεστάτην
1381 3878 1548 3946 τιμήν
1579 3893 1638 3930 τε
1677 3875 1771 3931 καὶ
1811 3873 1987 3942 δόξαν,

417 3963 691 4035 ταύτῃτοι,
722 3966 817 4017 καὶ
844 3966 987 4035 μάλα
1010 3968 1256 4032 εἰκότως,
1283 3967 1674 4040 διαρῤηγνύναι
1702 3968 1834 4032 Θεὸς
1886 3970 1990 4022 ἐπ-

422 4050 634 4116 ηπείλει
664 4050 765 4121 τὴν
798 4051 1073 4121 βασιλείαν
1114 4055 1297 4117 αὑτοῦ,
1328 4059 1438 4118 τοῖς
1484 4055 1621 4121 ἴσοις
1652 4056 1988 4122 ἀντιλυπῶν,

422 4138 562 4190 κατὰ
604 4139 667 4190 τὸ
709 4142 767 4193 ἐν
822 4140 902 4210 τῷ
947 4144 1204 4213 προφήτῃ
1252 4146 1643 4216 γεγραμμένον
1705 4138 2021 4216 Ἰεζεχιήλ”

428 4247 447 4277 σ
483 4226 679 4291 Καθὼς
710 4229 990 4298 ἐποίησας,
1024 4230 1195 4293 οὕτως
1222 4234 1372 4286 ἔσται
1399 4252 1510 4287 σοι·
1541 4235 1602 4289 τὸ
1641 4235 1991 4306 ἀνταπόδομά

419 4327 536 4373 σου,
568 4312 1056 4384 ἀνταποδοθήσεται
1089 4310 1445 4388 είςκεφαλήν
1475 4334 1588 4371 σου.
1620 4336 1638 4367 ι
1686 4318 1900 4388 Ἐπειδὴ
1933 4319 1989 4372 δὲ

415 4402 627 4456 ἁπεδίω
657 4402 941 4473 Σολομὼν,
975 4403 1234 4473 κέκληται
1267 4408 1401 4479 πρὸς
1441 4407 1715 4478 βασιλείαν
1745 4413 1774 4465 ὁ
1804 4412 1863 4478 ἐξ
1892 4413 1990 4465 αὑ-

2095 3237 2560 3292 venientissimnm
2627 3236 2923 3299 honorem,
2989 3248 3151 3306 atque
3218 3238 3444 3306 gloriam
3512 3237 3669 3292 idolis

2095 3341 2445 3391 conservans,
2507 3325 2732 3390 idcirco,
2773 3334 2828 3380 et
2858 3325 3078 3394 quidem
3112 3326 3434 3389 rectissime,
3469 3326 3667 3380 discis-

2093 3434 2210 3472 sum
2233 3416 2296 3470 iri
2348 3431 2574 3487 regnum
2616 3416 2735 3485 ejus
2772 3415 2915 3471 Deus
2952 3418 3350 3479 comminatur,
3403 3432 3501 3484 par
3550 3417 3665 3486 pari

2096 3506 2371 3573 referens,
2427 3498 2486 3559 ut
2543 3507 2803 3575 scriptum
2851 3516 2940 3561 est
2991 3507 3043 3560 in
3096 3505 3423 3560 Ezechiele:
3462 3524 3482 3557 ι
3515 3505 3670 3561 Sicut

2092 3598 2290 3667 fecisti,
2341 3599 2422 3654 sic
2467 3599 2571 3652 erit
2622 3598 2757 3651 tibi:
2793 3598 3075 3652 retributio
3119 3607 3207 3651 tua
3256 3598 3584 3651 retribuetur
3611 3598 3665 3651 in

2093 3698 2430 3758 caputtunm
2467 3689 2510 3744 ⁸.
2553 3707 2573 3740 ι
2637 3688 2903 3742 Defuncto
2963 3687 3295 3752 Salomone,
3349 3687 3491 3742 ﬁlius
3546 3688 3668 3758 ejus

2091 3781 2335 3835 Roboam
2372 3781 2439 3835 ad
2480 3794 2706 3851 regnum
2741 3788 2963 3834 vocatus
2984 3791 3088 3835 est.
3121 3779 3272 3835 Tunc
3303 3790 3426 3835 tunc
3461 3781 3666 3836 divisus

2091 3885 2169 3929 est
2196 3873 2381 3936 lsrael,
2400 3883 2456 3929 et
2483 3873 2553 3929 ab
2574 3872 2963 3945 Hierosolymis
2983 3875 3170 3930 decem
3207 3874 3379 3930 tribus
3403 3874 3666 3930 discesse-

2092 3976 2238 4029 runt,
2269 3980 2371 4018 una
2401 3979 2523 4020 cum
2548 3965 2770 4020 dimidia
2804 3966 2970 4030 tribu,
3009 3964 3402 4033 Ephraimitica
3435 3966 3661 4020 scilicet.

2091 4055 2167 4110 Ex
2203 4054 2399 4122 JOSPph
2430 4055 2695 4123 siquidem
2753 4056 3000 4123 prognati
3047 4054 3305 4119 Ephraim
3349 4065 3406 4108 et
3451 4055 3665 4110 Manas-

2090 4162 2211 4208 srs,
2258 4145 2581 4199 auctoritate
2622 4153 2677 4198 et
2728 4143 3002 4198 voluntate
3045 4141 3234 4208 Jacob,
3265 4145 3422 4214 primi
3469 4148 3660 4217 patris,

2093 4253 2191 4305 pro
2244 4250 2347 4290 una
2396 4236 2537 4290 tribu
2597 4232 2997 4305 reputabantur.
3037 4236 3179 4291 Dixit
3214 4239 3357 4292 enim
3387 4237 3659 4308 Jnsepho:

2097 4347 2116 4378 ι
2149 4328 2308 4381 Nunc
2354 4326 2521 4397 igitur
2560 4325 2616 4381 hi
2658 4328 2763 4381 duo
2791 4326 2887 4381 ﬁlii
2923 4328 3015 4389 tui,
3052 4329 3143 4397 qui
3174 4329 3280 4381 nati
3316 4337 3441 4380 sunt
3474 4330 3568 4383 tibi
3605 4329 3661 4382 in

2092 4413 2349 4485 Egyptn,
2396 4427 2684 4485 antequam
2734 4417 2976 4471 venirem
3020 4421 3087 4470 ad
3140 4426 3193 4471 te
3238 4418 3289 4470 in
3342 4416 3659 4487 Egyptum,

414 4492 529 4556 τοῦ,
565 4493 864 4560 τουτέστιν,
902 4495 930 4546 6
969 4495 1224 4566 Ῥοῦοάμ.
1256 4498 1387 4551 Τότε
1416 4499 1500 4570 δὴ,
1524 4500 1644 4554 τότε
1661 4501 1987 4573 κατασχίζε-

2096 4509 2198 4561 mei
2254 4517 2419 4571 sunt,
2471 4508 2728 4576 Ephraim
2769 4517 2825 4563 et
2859 4507 3325 4574 Manasses;sicut
3365 4507 3551 4563 Ruben
3605 4520 3663 4562 et

412 4601 502 4637 ται
534 4584 718 4638 λοιπὸν
750 4586 780 4637 6
831 4586 1065 4657 Ἰσραὴλ,
1106 4589 1200 4641 καὶ
1259 4589 1593 4659 ἁποφοιτῶσι
1627 4595 1726 4663 μὲν
1768 4596 1992 4666 Ἱεροσο-

2095 4599 2329 4668 Symeon
2377 4599 2771 4666 reputabuntur
2814 4596 3056 4651 milai‘.»
3102 4597 3288 4665 Itaque
3336 4596 3516 4651 decem
3563 4597 3664 4649 tri-

410 4672 597 4743 λύμων
622 4676 677 4726 αἱ
704 4675 835 4727 δέκα
867 4676 1065 4744 φυλαὶ,
1097 4676 1193 4730 καὶ⁸
1222 4677 1285 4731 τὸ
1311 4679 1481 4749 ἥμισυ
1516 4681 1689 4751 φυλῆς
1729 4682 1988 4753 Ἐφραίμ.

2095 4689 2214 4748 bus,
2255 4697 2311 4740 et
2342 4688 2499 4741 unius
2539 4687 2841 4752 dimidium,
2887 4687 2988 4741 hoc
3017 4695 3122 4753 est,
3160 4685 3436 4756 prraim,
3470 4684 3521 4737 in
3554 4684 3665 4739 Sa-

410 4764 838 4832 Κατελογίζοντο
894 4768 1002 4840 γὰρ
1058 4769 1139 4833 εἰς
1173 4769 1301 4840 μίαν
1365 4771 1537 4843 φυλὴν
1565 4774 1615 4825 οί
1672 4774 1733 4839 ἐξ
1791 4776 1990 4847 Ἰωσὴφ

2094 4777 2319 4829 mai-iam
2370 4784 2777 4840 concesserunt,
2834 4775 3081 4832 alienalze
3122 4792 3152 4830 a
3195 4789 3360 4846 regno
3394 4775 3658 4831 Roboam.

408 4856 698 4925 γεγονότες
723 4858 831 4910 υἱοὶ
878 4859 1121 4932 Ἐφραῖμ
1168 4878 1229 4915 τε
1259 4862 1352 4915 καὶ
1374 4864 1693 4934 Μανασσῆς,
1718 4864 1875 4918 τοῦτο
1895 4864 1988 4918 τοῦ

2094 4867 2404 4921 Manset'unl
2446 4879 2625 4922 autem
2667 4867 3055 4939 Hierosolymis
3107 4867 3197 4938 qui
3254 4866 3308 4920 in
3342 4866 3483 4920 tribu
3521 4865 3659 4922 Juda

410 4949 756 5019 προπάτορος
805 4949 996 5015 Ἰακὼὸ
1046 4955 1269 5023 κρατεῖν
1321 4953 1698 5026 ἐθελήσαντος.
1755 4956 1987 5027 Εἴρηται

2094 4967 2140 5010 et
2190 4957 2472 5025 Beniamin
2512 4957 2955 5011 numerabantur.
2989 4957 3090 5011 Ast
3139 4971 3262 5024 rege
3309 4965 3365 5010 et
3393 4955 3530 5010 duce
3557 4957 3658 5012 de-

409 5040 521 5111 γάρ
538 5057 621 5093 τοι
655 5040 792 5111 πρὸς
813 5042 904 5095 τὸν
946 5044 1168 5113 Ἰωσήφ·
1206 5064 1222 5094 ι
1257 5043 1371 5098 Νῦν
1396 5041 1488 5100 οὖν
1521 5049 1568 5099 οἱ
1595 5046 1689 5100 δύο
1718 5048 1822 5100 υἱοί
1856 5064 1985 5113 σου,

2094 5047 2263 5101 stituti
2304 5047 2395 5116 qui
2429 5058 2584 5100 erant
2631 5046 2684 5100 in
2733 5045 3003 5111 Samaria,
3045 5063 3165 5101 cum
3203 5045 3539 5102 Roboamum
3591 5050 3659 5102 de

409 5135 456 5186 οἱ
480 5133 764 5203 γενόμενοί
788 5151 868 5186 σοι
890 5135 948 5186 ἐν
976 5136 1255 5207 Αἰγύπτῳ,
1292 5138 1399 5209 πρὸ
1424 5138 1516 5192 τοῦ
1547 5138 1722 5191 ἐλθεῖν
1754 5156 1821 5208 με
1849 5138 1986 5209 πρὸς

2094 5138 2494 5192 incursionibus
2527 5146 2834 5206 suspectum
2864 5136 3144 5200 haberent,
3173 5145 3226 5188 et
3250 5151 3374 5191 cum
3397 5139 3660 5193 uxoribus

412 5225 470 5277 σὲ
497 5226 577 5287 είς
600 5224 895 5291 Αἴγυπτον,
930 5225 1050 5294 ἐμοί
1076 5227 1211 5293 εἱσι,
1256 5227 1496 5298 Ἐφραῒμ
1520 5269 1535 5292 ,
1570 5229 1666 5281 καὶ
1694 5229 1983 5299 Μανασσῆ,

2094 5227 2383 5295 liberisque
2425 5228 2653 5282 exitium
2688 5236 3089 5295 exspectarent,
3125 5226 3411 5282 Jeroboam
3441 5243 3656 5285 servum

409 5312 482 5376 ὡς
527 5314 620 5368 καὶ
657 5314 918 5385 Ἱόυϐὴμ,
953 5316 1047 5368 καὶ
1077 5316 1318 5387 Συμεὼν,
1348 5317 1562 5371 ἔσονταί
1596 5335 1737 5388 μοι.»
1774 5319 1984 5373 Οὐκοῦν

2094 5319 2417 5386 Salomonis,
2470 5320 2561 5389 qni
2614 5320 2664 5373 in
2713 5318 3007 5391 Egyptum
3055 5318 3120 5373 ad
3163 5318 3410 5374 Susacim
3472 5332 3654 5388 regem

411 5404 464 5455 αἱ
492 5403 591 5472 μὲν
615 5403 744 5456 δέκα
773 5404 938 5472 φυλαὶ
964 5404 1060 5457 καὶ
1091 5406 1151 5458 τὸ
1177 5407 1346 5478 ἣμισυ
1372 5408 1471 5477 τῆς
1502 5408 1660 5475 μιᾶς,
1702 5407 1981 5461 τουτέστιν

2094 5411 2419 5478 perlugerat,
2471 5410 2820 5472 accersitum,
2862 5409 3044 5463 statim
3093 5409 3389 5479 principem
3435 5420 3660 5465 creave-

424 5493 680 5565 Ἐφραῒμ,
715 5494 998 5567 ἀπῴχοντο
1036 5496 1135 5566 μὲν
1166 5500 1246 5561 εἰς
1277 5497 1373 5569 τὴν
1426 5498 1760 5569 Σαμάρειαν,
1788 5497 1892 5564 ἔξω
1922 5499 1979 5552 δέ

2094 5510 2234 5564 rum,
2260 5510 2315 5553 ct
2345 5501 2494 5568 regni
2540 5509 2755 5569 sceptro
2802 5499 3077 5559 hominem
3124 5501 3411 5560 scelestum
3453 5499 3654 5554 conde-

487 5666 589 5722 ³111
620 5667 750 5740 Reg.
785 5687 861 5737 XI,
898 5672 1046 5726 l-iO.
1124 5673 1141 5702 ⁵
1171 5673 1295 5728 ibid.
1324 5675 1507 5730 “45.
1588 5677 1607 5708 ⁵
1640 5677 1835 5733 Ezech.
1871 5694 1965 5746 xu,

2162 5678 2181 5707 ⁶
2208 5678 2343 5732 Gen.
2382 5692 2564 5744 vam,
2598 5677 2649 5731 5.
