4098 6276
443 351 519 415 ἶό
1465 361 1523 417 5.
1563 360 1838 417 CYRILLI
1876 359 2349 416 ALEXANDRINI
2387 359 2708 416 ARCHIEP.
3620 365 3700 414 ’16

449 481 710 528 corarunt
730 472 774 529 '.
817 470 947 526 Erat
996 480 1173 526 autem
1227 470 1514 527 Jeroboatn
1571 473 1638 527 de
1699 482 1903 540 monte,
1965 483 2009 528 et

2123 475 2223 545 τῆς
2250 475 2487 546 Ῥοϐοάμ
2518 476 2774 544 γεγόνασι
2814 473 3112 544 βασιλείας,
3153 475 3610 546 ἀπόμεμενήκαςι
3643 474 3701 530 δὲ

447 564 591 619 tribu
647 563 924 633 Epitraim.
973 563 1086 618 Rex
1144 564 1471 618 constitutus
1499 564 1564 618 de
1596 572 1793 618 caetero
1831 579 2016 618 secum

446 657 820 723 pertractavit,
857 670 1088 724 quonam
1119 655 1277 710 modo
1311 667 1538 726 regnum
1567 671 1723 709 suum
1752 657 2020 710 stabiliret

445 754 607 816 atque
624 747 988 813 conﬁrmaret,
1009 757 1062 800 et
1078 761 1265 802 eorum
1291 747 1382 815 qui
1401 761 1460 801 se
1480 746 1756 816 elegerant
1773 747 2018 801 voluntas

446 841 514 890 ad
547 837 690 890 aliud
733 837 1018 891 consilium
1053 838 1442 905 capessendum
1485 851 1552 891 ne
1587 846 2014 892 converteretur.

444 923 644 977 Deinde
667 938 785 977 cum
812 923 1045 988 timeret,
1075 939 1144 977 ne
1169 924 1306 978 forte
1329 923 1648 994 religionum
1676 939 1706 978 a
1730 925 1846 992 lege
1883 939 2017 994 prae-

441 1015 640 1083 scripta
651 1031 791 1078 rum,
816 1025 872 1070 et
887 1014 1147 1069 festorum
1167 1032 1284 1084 qua:
1301 1015 1688 1084 Hierosolymis
1703 1030 2016 1085 perageren-

443 1116 530 1160 tur
554 1108 868 1162 reeordatus
894 1109 1058 1162 Israel
1080 1149 1094 1174 ,
1116 1109 1181 1162 ad
1210 1118 1386 1162 vetera
1410 1108 1656 1162 instituta
1685 1120 2011 1174 recurreret,

429 1197 558 1267 ὅθι
575 1197 969 1269 Roboamijugo
985 1199 1048 1253 de
1061 1199 1268 1269 integro
1281 1197 1805 1266 subjicereturtduos
1819 1199 2014 1253 vitulos

423 1306 632 1345 aureos
652 1290 948 1345 fabricatus
992 1289 1496 1356 est,et'.tddiviuum
1537 1288 1738 1343 cultum
1771 1289 2014 1344 iuexCel-

439 1397 559 1436 sum
577 1384 866 1437 ascendere
897 1381 1147 1436 Israelem
1166 1380 1493 1446 faciengeos
1524 1380 1774 1448 precibus
1793 1381 2013 1435 etvicti-

427 1472 545 1526 mis
571 1472 810 1525 venerari
843 1472 1154 1541 suppliciter
1177 1471 1359 1540 jussit.
1383 1490 1401 1522 ι
1442 1470 1506 1522 Ει
1539 1469 1741 1539 posuit,
1766 1489 1784 1520 ι
1819 1472 2010 1538 inquit,

429 1582 463 1614 -ι
488 1576 653 1616 unum
671 1564 885 1632 quidem
918 1563 971 1616 itt
1005 1562 1244 1632 Galgala,
1274 1562 1437 1616 alium
1485 1561 1536 1614 iu
1571 1561 1702 1624 Dan,
1741 1581 1759 1610 ι
1788 1563 2010 1617 urbibus

441 1659 495 1711 in
539 1656 926 1712 Santaritarum
981 1658 1256 1726 provincia
1339 1667 1462 1710 ante
1511 1656 1644 1709 alias
1689 1655 2008 1712 illustribus.

438 1747 622 1818 ltaqtte
645 1749 831 1804 decem
866 1750 1055 1815 tribus,
1087 1758 1142 1802 et
1171 1748 1389 1802 dimidia
1413 1747 1585 1800 tribus
1624 1745 1879 1815 prraim
1913 1748 2010 1802 du-

2126 569 2184 619 ὲν
2215 568 2326 630 τοῖς
2375 567 2770 637 Ἰεροσολύμοις
2797 569 2845 620 oi
2871 568 2934 620 ὲκ
2964 566 3135 637 φυλῆς
3177 567 3366 632 Ἰούδα,
3399 569 3492 619 καὶ
3522 568 3702 620 Βενια-

2129 657 2240 728 μίν.
2287 658 2504 728 Ἐπειδὴ
2549 659 2606 710 δὲ
2653 657 2995 710 ἀϐασίλευτοί
3034 665 3094 711 τε
3159 659 3252 710 καὶ
3298 660 3701 731 ἀστρατήγητοι

2128 750 2383 821 μένοντες
2439 751 2487 803 oi
2517 751 2576 803 ὲν
2625 750 2910 821 Σαμαρείᾳ
2952 749 3050 812 τὰς
3093 751 3156 802 ὲκ
3188 751 3283 802 τοῦ
3323 749 3559 819 Ῥοϐοάμ
3601 752 3702 818 ἐῳ-

2124 841 2273 904 όδους
2297 842 2634 903 ἐπώπτευον,
2661 842 2752 893 καὶ
2783 842 3008 904 ἑαυτοὺς
3027 842 3091 911 δὴ
3127 841 3269 911 μάλα
3293 843 3404 903 τοῖς
3427 841 3701 908 φιλτάτοις

2124 931 2525 986 συνδιόλλυσθαι
2564 931 2940 1002 προσεδόκων,
2980 930 3428 1000 μεταπέμπονται
3459 929 3548 982 τὸν
3597 929 3698 982 Ἰε-

2126 1024 2350 1096 ροϐοάμ.
2390 1025 2619 1094 Οἰκέτης
2649 1025 2702 1076 δὲ
2729 1019 2883 1085 οὗτος
2938 1018 3008 1093 ἦν
3038 1023 3401 1092 Σολομῶντος,
3460 1019 3700 1090 ἀποδράς

2121 1119 2202 1178 είς
2248 1117 2522 1185 Αἴγυπτον
2552 1117 2688 1186 πρὸς
2733 1115 3044 1184 Σουσακεὶμ
3085 1114 3325 1184 βασιλέα.
3359 1114 3467 1166 Καὶ
3501 1113 3564 1183 δὴ
3606 1113 3699 1165 καὶ

2121 1208 2342 1260 ἐλθόντα
2375 1209 2883 1278 κεχειροτονήκασιν
2930 1207 3092 1267 εὐθὺς
3132 1207 3211 1268 είς
3237 1205 3558 1274 ἡγούμενον,
3602 1203 3700 1255 καὶ

2124 1300 2388 1370 σκήπτρῳ
2428 1301 2524 1368 τῆς
2578 1297 2853 1367 βασιλείας
2902 1298 3231 1367 τετιμήκασι
3278 1296 3367 1349 τὸν
3397 1295 3692 1363 ἀλιτήριον.

2119 1389 2230 1443 Καὶ
2283 1386 2350 1460 ἦν
2402 1389 2689 1461 Ἰεροϐοάμ
2754 1387 2813 1452 ἐξ
2859 1389 3016 1460 ὅρους
3088 1387 3184 1439 καὶ
3225 1386 3395 1455 φυλῆς
3437 1385 3694 1454 Ἐφραΐμ.

2133 1480 2350 1551 Ἐπειδὴ
2398 1481 2453 1533 δὲ
2519 1480 2929 1551 κεχειροτόνητο
2983 1478 3269 1548 βασιλεὺς,
3327 1477 3700 1546 ὲξεμηχανᾶτο

2119 1572 2326 1636 λοιπὸν,
2361 1573 2483 1626 τίνα
2505 1573 2704 1642 τρόπον
2731 1571 2878 1640 αὐτῷ
2900 1570 2968 1623 τά
2997 1570 3095 1638 τῆς
3120 1569 3392 1640 βασιλείας
3419 1570 3694 1637 στήσεται,

2121 1664 2213 1717 καὶ
2249 1664 2306 1716 ὲν
2343 1663 2544 1734 βεϐαίῳ
2586 1665 2756 1733 μενεῖ,
2785 1663 2877 1716 καὶ
2905 1662 3014 1715 τῶν
3041 1660 3532 1731 χειροτονησάντων
3561 1656 3699 1726 γνὼ-

2123 1773 2228 1825 μης
2260 1755 2321 1806 οὐ
2353 1754 2752 1824 μεθισταμένης
2783 1755 2862 1814 εἰς
2889 1753 3081 1824 ἑτέραν
3109 1753 3234 1804 τινὰ
3274 1750 3469 1819 βουλήν
3504 1767 3562 1802 τε
3605 1750 3699 1801 καὶ

429 1842 650 1910 pliciter
690 1841 1021 1896 defecerunt.
1079 1838 1194 1893 Non
1265 1839 1435 1894 solum
1477 1841 1621 1894 enim
1670 1840 1738 1893 ab
1768 1839 2009 1893 llieroso—

2121 1844 2330 1915 σκέψιν.
2379 1842 2511 1898 Εἶτα
2561 1843 2743 1908 δεδιὼς
2778 1844 2851 1914 μὴ
2885 1843 2992 1913 ἀρα
3033 1861 3149 1905 πως
3177 1843 3275 1912 τῆς
3306 1843 3363 1894 ὲν
3411 1840 3561 1911 νόμῳ
3604 1840 3697 1892 λα-

437 1932 618 2002 iymis,
657 1931 748 1986 sed
767 1931 929 1985 etiam
963 1931 1027 1984 ab
1046 1930 1160 1999 ipsa
1173 1929 1377 1999 pietate
1400 1945 1522 2002 erga
1544 1930 1714 1986 Deum
1745 1940 2017 1985 transver-

428 2020 540 2074 ‘sim
563 2021 829 2085 abierunt,
877 2022 1073 2074 vitulos
1119 2035 1313 2074 aureos
1354 2020 1660 2089 adorantes,
1709 2021 2015 2076 sacrifican-

427 2124 645 2182 tesque,
683 2122 740 2165 et
785 2113 1042 2181 operibus
1105 2127 1361 2166 manuum
1435 2127 1654 2168 suarum
1695 2112 2011 2176 servientes,

435 2207 572 2261 sicut
616 2208 874 2273 scriptum
905 2213 988 2260 est
1011 2206 1052 2260 ⁸.
1088 2205 1187 2272 Qui
1220 2215 1397 2260 autem
1431 2204 1779 2278 Jerosolymis
1803 2221 2016 2260 remane

438 2308 643 2360 serant.
689 2295 876 2362 Judas,
937 2299 1177 2367 inquam,
1208 2306 1261 2352 et
1296 2296 1609 2368 Bcnjamin,
1653 2298 1871 2352 oracula
1901 2297 2015 2350 Mo-

435 2389 510 2444 sis
548 2388 781 2457 quadam
829 2389 1177 2442 veneratione
1239 2389 1724 2457 prosequebantur,
1775 2388 2011 2441 illorum-

433 2495 538 2548 que
610 2479 878 2533 rationem
947 2478 1236 2532 ducebant.
1307 2475 1695 2531 Sacrificabaut
1765 2477 1908 2531 enim
1960 2478 2013 2529 in

436 2570 672 2640 templo:
723 2577 1094 2623 verumtamen
1145 2567 1393 2621 cbaritati
1447 2567 1503 2621 in
1547 2566 1716 2622 Deum
1768 2582 1875 2621 non
1920 2582 2015 2634 per

432 2664 614 2715 omnia
642 2660 1009 2722 adhaerebant,
1029 2659 1172 2728 quod
1201 2671 1255 2713 et
1283 2658 1430 2730 ipsos
1462 2660 1750 2728 apostasis,
1785 2674 1883 2713 seu
1915 2659 2012 2713 tle-~

431 2753 594 2809 fet-tio
640 2753 916 2808 diviserat.
953 2751 1343 2807 Sacriﬁcabant
1382 2767 1610 2821 namque
1650 2751 1806 2806 idolis
1848 2767 2014 2821 super

430 2860 646 2902 omnem
685 2846 878 2900 collem
919 2843 1223 2910 sublimem,
1267 2852 1321 2898 et
1360 2844 1462 2898 sub
1512 2843 1660 2898 omni
1695 2843 1836 2912 ligno
1861 2842 2008 2897 fron-

431 2938 585 2999 doso,
627 2935 780 3003 juxta
844 2950 1031 2989 vocem
1081 2934 1356 3003 propheta:
1384 2934 1602 2987 ’.»Cum
1650 2932 1812 3001 igitur
1857 2934 2009 2987 audis

423 3036 648 3082 sanctos
675 3025 971 3095 prophetas
998 3026 1340 3079 nominantes
1374 3023 1558 3089 Israel,
1589 3023 1703 3078 sive
1734 3023 2006 3092 Epitraim,

429 3117 727 3173 Samarites
782 3116 1060 3184 intellige;
1120 3131 1246 3170 cum
1321 3115 1510 3170 Judam
1577 3124 1630 3169 et
1693 3113 2003 3182 Benjamiu,

2124 1937 2331 2008 τρείας,
2389 1937 2480 1991 καὶ
2514 1937 2620 1990 τῶν
2651 1939 2708 1990 ἐν
2740 1939 2851 2000 τοῖς
2895 1935 3289 2007 Ἰεροσολύμοις
3343 1934 3698 2005 ἐπιτελουμέ-

2125 2046 2231 2082 νων
2289 2027 2494 2099 ἑορτῶν
2555 2029 2636 2091 εἰς
2705 2027 3011 2097 ἀνάμνησιν
3072 2026 3308 2095 ἐνεχθεὶς
3361 2027 3389 2078 ὁ
3448 2026 3694 2096 Ἰσραὴλ,

2124 2120 2514 2192 παλινδρομεῖν
2564 2119 2742 2173 ’ἐλοιτο
2798 2121 2876 2181 εἰς
2914 2119 2975 2171 τὸ
3033 2119 3090 2170 ἐν
3141 2118 3378 2188 ἀρχαῖς,
3448 2117 3543 2168 καὶ
3587 2119 3699 2179 τοῖς

2133 2211 2373 2280 Ῥοϐοάμ
2440 2210 2760 2280 ὑπενεχθείη
2807 2209 3029 2275 ζυγοῖς,
3073 2206 3166 2260 δύο
3210 2206 3469 2276 δαμάλεις
3529 2207 3697 2277 ἐργά-

2124 2302 2278 2366 ζεται
2349 2306 2588 2370 χρυσᾶς,
2639 2302 2731 2353 καὶ
2787 2301 2923 2371 πρὸς
2994 2300 3053 2352 τὸ
3122 2298 3284 2360 σέϐας
3357 2297 3698 2360 ἀναϐιϐάζων

2123 2393 2214 2445 τὸν
2257 2392 2490 2462 Ἰσραὴλ,
2524 2392 2743 2444 ἐκέλευε
2770 2392 3093 2462 προσκυνεῖν
3121 2390 3309 2452 αὐταῖς
3345 2389 3438 2441 καὶ
3474 2388 3698 2440 ὁλοκαυ-

2121 2482 2264 2536 τοῦν.
2308 2502 2326 2534 ι
2362 2484 2472 2536 Καὶ
2503 2483 2750 2542 ἀπέθετο,
2787 2503 2806 2534 ›
2834 2483 2985 2552 φησι,
3019 2500 3036 2532 ι
3067 2482 3164 2550 τὴν
3197 2480 3295 2550 μὲν
3318 2481 3395 2542 είς
3424 2479 3694 2546 Γάλγαλα,

2121 2572 2218 2642 τὴν
2249 2573 2303 2624 δὲ
2330 2574 2408 2635 εἰς
2440 2572 2566 2625 Δάν.
2605 2590 2622 2621 ι
2663 2572 2852 2636 Πόλεις
2897 2572 3004 2643 γὰρ
3038 2566 3196 2625 αἷται
3235 2570 3695 2641 περιφανέστεραι

2121 2663 2227 2716 τῶν
2257 2662 2450 2728 ἄλλων,
2487 2663 2543 2715 αἳ
2588 2660 2724 2734 ἦσαν
2767 2665 2826 2717 ὲν
2876 2662 3027 2733 χώρᾳ.
3068 2662 3440 2732 Σαμαρειτῶν.
3487 2660 3697 2714 Οὐκοῦν

2118 2751 2269 2821 διττὴ
2295 2753 2483 2821 γέγονε
2509 2753 2617 2806 τῶν
2646 2753 2776 2806 δέκα
2821 2752 3002 2822 φυλῶν
3045 2755 3078 2823 ἡ
3119 2753 3440 2815 ἀπόστασις,
3468 2755 3562 2805 καὶ
3599 2752 3691 2805 τοῦ

2119 2845 2350 2913 ἡμίσους
2381 2845 2552 2916 φυλῆς
2592 2845 2850 2914 Ἐφραῖμ.
2898 2843 3192 2913 Ἐξῲχοντο
3219 2842 3344 2914 γὰρ,
3378 2843 3497 2913 ούχὶ
3536 2843 3694 2913 μόνον

2118 2940 2224 2988 τῶν
2264 2936 2670 3008 Ἰεροσολύμων,
2700 2934 2834 2988 ἀλλὰ
2868 2936 2957 2987 καὶ
2998 2936 3166 3006 αὐτῆς
3199 2935 3298 3004 τῆς
3330 2935 3410 2998 είς
3440 2935 3571 2987 Θεὸν
3602 2934 3691 2986 εὐ-

2120 3027 2354 3091 σεϐείας.
2403 3027 2666 3096 δαμάλεσι
2702 3026 3129 3098 προσκυνοῦντες
3178 3031 3427 3098 χρυσαῖς,
3473 3027 3692 3092 ούοντές

2116 3136 2175 3171 τε
2227 3119 2320 3171 καὶ
2360 3118 2712 3188 λατρεύοντες
2750 3121 2863 3180 τοῖς
2917 3119 3097 3190 ἔργοις
3119 3118 3227 3171 τῶν
3251 3119 3449 3190 χειρῶν
3492 3119 3690 3184 αὐτῶν,

427 3224 524 3264 eos
589 3209 681 3279 qui
746 3206 1100 3276 Jerosolymis
1159 3219 1559 3262 remanserunt.
1607 3207 1775 3260 Erant
1826 3219 2005 3262 autem

2117 3209 2259 3262 καοά
2287 3211 2616 3278 γέγραπται.
2663 3211 2724 3261 Οἱ
2768 3208 2822 3261 δέ
2874 3226 2937 3275 γε
2971 3211 3453 3280 άπομεμενηκότες
3494 3211 3551 3263 ἐν
3583 3211 3694 3272 τοῖς

427 3300 704 3370 prophetae
739 3299 881 3368 apud
922 3315 1037 3364 eos,
1078 3299 1373 3354 indiScrele
1423 3307 1534 3353 tum
1579 3300 1647 3354 de
1694 3299 1761 3355 iis
1808 3299 1902 3370 qui
1951 3301 2005 3354 in

427 3391 689 3458 Samaria,
729 3400 840 3445 tum
884 3391 950 3446 de
983 3391 1044 3447 iis
1091 3391 1182 3460 qui
1211 3391 1561 3462 Jerosolymis
1606 3392 2002 3446 vaticinantes:

427 3497 655 3552 quorum
677 3483 1162 3554 aliiJerosolytnis,
1223 3484 1314 3538 alii
1365 3485 1418 3538 in
1489 3484 1884 3538 Samaritarutn
1924 3500 2007 3538 re-

421 3577 584 3647 gione
613 3577 937 3642 habitantes,
973 3577 1066 3631 Dei
1091 3591 1368 3631 sermones
1398 3576 1742 3631 audientibus
1764 3587 2009 3646 apporta-

427 3669 577 3723 bant.
613 3669 906 3724 Sciendum
929 3678 1130 3732 autem,
1164 3676 1284 3738 post.
1309 3667 1524 3722 avulsas
1552 3668 1732 3722 decem
1763 3669 1932 3723 tribus
1954 3679 2008 3722 et

426 3759 709 3815 dimidiam
757 3762 954 3814 tribum
993 3759 1249 3828 prraim
1274 3757 1710 3829 ab_Jerosolymis
1752 3767 2008 3827 utrosque

427 3851 659 3921 propriis
716 3852 930 3921 regibus
995 3865 1118 3905 esse
1176 3865 1321 3914 usos,
1393 3851 1556 3918 idque
1617 3850 1682 3904 ad
1758 3849 2007 3904 ultimam

425 3958 597 4012 usque
648 3943 1015 4012 captivitatem
1059 3942 1310 4006 obtinuit,
1340 3957 1370 3995 a
1403 3957 1508 4010 qua
1538 3939 2004 4012 etJerosolymam

425 4035 567 4105 Cyro
594 4043 871 4103 regnante,
907 4046 960 4089 et
986 4034 1218 4088 reditum
1269 4033 1374 4087 illis
1425 4031 1770 4102 permittente
1804 4034 2006 4088 reversi

425 4135 574 4192 sunt,
647 4125 785 4180 duce
819 4141 883 4180 ac
919 4125 1164 4196 principe
1198 4122 1530 4180 Zorobabelc
1568 4123 1874 4180 Salatltielis
1900 4123 2008 4179 ﬁlio

423 4216 647 4272 detribu
678 4215 835 4280 Juda,
866 4225 922 4271 et
969 4232 1184 4272 summo
1227 4215 1519 4271 sacerdote
1557 4213 1684 4269 Jesu
1718 4215 1824 4270 lilio
1852 4216 2008 4270 .luse-

424 4307 524 4361 dcc
555 4307 622 4358 ¹⁰.
664 4305 801 4358 Τιιιιι
862 4323 1075 4375 quoque
1137 4309 1394 4376 templum
1435 4294 1447 4306 ’
1475 4307 1892 4370 retedillcarunt,
1950 4315 2006 4361 et

424 4399 570 4452 emni
590 4397 796 4452 sublata
823 4397 1114 4459 discordia,
1147 4401 1248 4451 sub
1279 4412 1387 4451 uno
1410 4398 1638 4466 imperio
1654 4397 2006 4465 Jcrosolymis

423 4490 698 4548 vixerunt.
717 4489 938 4556 Quoties
968 4498 1146 4543 autem
1183 4487 1418 4545 diversis
1455 4487 1785 4556 temporibus
1810 4488 1862 4540 in
1893 4500 2007 4539 ser-

2121 3299 2531 3372 Ἱεροσολύμοις,
2576 3299 2775 3362 Ἰούδας
2805 3316 2887 3364 τε,
2916 3300 3082 3369 φημὶ,
3117 3301 3210 3352 καὶ
3253 3300 3529 3369 Βενιαμὶν,
3558 3295 3691 3353 αἱδὼ

2111 3391 2209 3462 μέν
2249 3399 2369 3445 τινα
2412 3393 2507 3445 καὶ
2553 3390 2708 3459 λόγον
2736 3389 2846 3443 τῶν
2875 3390 2961 3443 διὰ
3003 3391 3245 3454 Μωσέως
3289 3391 3566 3444 ἐποιοῦντο
3598 3391 3688 3442 Θε-

2109 3487 2454 3554 σπισμάτων.
2487 3483 2684 3536 ἘΘυον
2723 3481 2832 3552 γάρ
2865 3483 2923 3534 ὲν
3081 3483 3194 3552 ναῷ
3215 3499 3228 3512 ο
3274 3482 3535 3554 πλὴνοούχ
3567 3483 3688 3535 ὁλο-

2106 3578 2322 3646 τρόπως
2362 3577 2462 3647 τῆς
2512 3579 2592 3641 είς
2625 3576 2758 3629 Θεὸν
2803 3575 3023 3646 ἀγάπης
3071 3576 3356 3646 έξείχοντο,
3393 3579 3690 3649 κατεμερί-

2109 3667 2261 3733 ζοντο
2315 3670 2372 3722 δὲ
2425 3671 2517 3723 καὶ
2565 3671 2722 3723 αὐτοὶ
2770 3671 2906 3740 πρὸς
2955 3669 3276 3723 ἀπόστασιν.
3329 3672 3526 3724 Ἕουον
3579 3671 3689 3741 γάρ

2109 3759 2346 3823 εἰδώλοις
2399 3761 2490 3814 ἐπὶ
2540 3761 2720 3814 πάντα
2775 3760 2962 3830 βουνὸν
3011 3759 3232 3831 ὑψηλὸν,
3287 3762 3380 3813 καὶ
3432 3763 3690 3815 ὑποκάτω

2109 3851 2310 3912 παντὸς
2339 3850 2493 3914 ξύλου
2521 3849 2811 3912 ἀλσὼδους,
2851 3850 2993 3903 κατά
3019 3849 3114 3919 τὴν
3140 3849 3232 3902 τοῦ
3265 3857 3543 3920 προφήτου
3572 3870 3686 3920 φω-

2108 3940 2225 4008 νήν.
2275 3940 2445 3993 Ὅταν
2506 3940 2682 3993 τοίνυν
2745 3941 2952 4012 ἀκούῃς
3003 3939 3110 3993 τῶν
3161 3941 3332 4008 ἁγίων
3394 3944 3689 4011 προφητῶν

2109 4029 2479 4100 ὀνομαζόντων
2510 4031 2600 4084 τὸν
2641 4031 2878 4102 Ἰσραὴλ,
2907 4033 3024 4101 ἤτοι
3052 4029 3140 4082 τὸν
3180 4031 3437 4101 Ἐφραῒμ,
3470 4033 3589 4084 τότε
3623 4032 3686 4102 δή

2113 4136 2202 4188 μοι
2234 4121 2342 4172 νόει
2375 4123 2498 4184 τοὺς
2541 4123 2598 4174 ὲν
2638 4124 2704 4192 τῇ
2748 4120 3053 4192 Σαμαρείᾳ·
3106 4121 3231 4173 ὅταν
3270 4121 3325 4173 δὲ
3362 4119 3452 4173 τὸν
3489 4120 3688 4175 Ἰούδαν

2109 4213 2203 4264 καὶ
2233 4212 2511 4282 Βενιαμὶν,
2557 4212 2685 4276 τοὺς
2719 4213 3124 4283 ἀπομείναντας
3169 4213 3226 4265 ἐν
3275 4212 3683 4284 Ἰεροσολύμοις.

2107 4300 2287 4356 Ἷισαν
2318 4305 2374 4357 δὲ
2411 4305 2687 4376 προφῆται
2719 4305 2849 4375 παρ’
2889 4303 3092 4368 αὐτοῖς,
3127 4303 3454 4374 ἀδιακρίτως
3479 4304 3606 4373 περί
3627 4320 3685 4355 τε

2107 4395 2214 4447 τῶν
2241 4395 2298 4446 ὲν
2340 4397 2406 4464 τῇ
2447 4395 2732 4464 Σαμαρείᾳ
2777 4395 2869 4446 καὶ
2909 4394 3018 4446 τῶν
3053 4395 3108 4445 ὲν
3146 4397 3258 4456 τοῖς
3296 4394 3687 4466 Ἰεροσολύμοις

2113 4483 2566 4554 προφητεύοντες.
2595 4483 2705 4535 Καὶ
2731 4483 2780 4535 οἱ
2819 4483 2917 4553 μὲν
2948 4485 3005 4536 ὲν
3034 4487 3146 4548 τοῖς
3193 4485 3602 4555 Ἰεροσολύμοις,
3635 4487 3685 4538 οἱ

423 4584 652 4637 vitutcm
719 4581 916 4635 redacti
945 4580 1052 4634 sint
1068 4595 1311 4634 seorsum
1328 4578 1515 4633 decem
1545 4578 1737 4640 tribus,
1768 4588 1824 4632 et
1846 4576 2009 4631 dimi-

2117 4574 2168 4626 δὲ
2213 4575 2313 4644 τὴν
2373 4575 2728 4645 Σαμαρειτῶν
2774 4576 3050 4640 οἰκοῦντες
3090 4576 3307 4647 χώραν,
3361 4577 3486 4640 τοὺς
3539 4577 3687 4646 παρά

429 4673 514 4726 dia
567 4671 738 4726 tribus
798 4669 1071 4738 prraim,
1123 4679 1177 4723 et
1209 4668 1298 4738 qui
1329 4666 1635 4722 incolebant
1681 4665 2002 4732 Jerusalem,

426 4762 588 4826 Juda,
618 4771 674 4815 et
701 4759 1004 4828 Beniamin,
1027 4777 1092 4814 ex
1110 4761 1191 4815 bis
1217 4775 1336 4829 quae
1357 4767 1660 4829 sequuntur
1678 4758 1885 4828 liquido
1911 4772 2006 4827 pa-

427 4853 582 4908 tebit.
615 4851 847 4926 Necesse
873 4867 1038 4923 porro
1055 4853 1156 4907 fuit
1185 4852 1348 4908 etiam
1373 4859 1617 4922 tempora
1632 4850 1827 4908 litteris
1848 4866 2004 4904 man-

429 4945 564 5009 dari,
590 4944 792 5015 quibus
807 4944 1180 5012 unusquisque
1207 4942 1590 5012 sanctorums
1616 4941 2004 5011 prophetarum

428 5036 639 5092 locutus
667 5045 768 5102 est,
797 5045 857 5090 ut
882 5044 1071 5090 exacte
1105 5048 1471 5098 noseeremus,
1499 5032 1645 5103 quali
1679 5047 1856 5087 rerum
1887 5042 1998 5087 sta-

431 5137 508 5190 ttt,
533 5135 587 5182 ct
609 5143 844 5196 quonam
895 5126 1058 5183 modo
1095 5126 1163 5180 iis
1207 5125 1549 5191 habentibus,
1603 5124 1698 5180 Dei
1740 5125 1899 5180 verba
1929 5123 1999 5178 ad

427 5234 525 5274 eos
555 5219 695 5274 facta
721 5220 846 5274 siut.

2113 4664 2248 4718 Θεοῦ
2275 4667 2385 4728 τοῖς
2415 4665 2783 4743 ἀκροωμένοις
2807 4665 3110 4736 διεκόμιζον
3142 4666 3350 4735 λόγους.
3392 4667 3584 4720 Ἰστέον
3606 4667 3682 4732 δὲ,

2111 4758 2192 4810 ὅτι
2222 4755 2359 4826 μετά
2381 4756 2439 4809 τὸ
2467 4757 2846 4829 ἀπορραγῆναι
2875 4758 2982 4811 τῶν
3024 4758 3409 4828 Ἰεροσολύμων
3433 4758 3528 4821 τὰς
3555 4758 3687 4812 δέκα

2111 4848 2304 4918 φυλὰς,
2339 4847 2432 4900 καὶ
2460 4847 2522 4900 τὺ
2549 4849 2718 4918 ἥμισυ
2749 4847 2919 4920 φυλῆς
2977 4849 3235 4919 Ἐφραῒμ,
3270 4849 3418 4911 ἰδίοις
3448 4849 3685 4918 ἐχρῶντο

2112 4939 2392 5011 βασιλεῦσι
2418 4939 2511 4993 καὶ
2541 4940 2589 4992 οἱ
2620 4942 2678 4992 ὲν
2705 4942 2772 5010 τῇ
2799 4940 3106 5011 Σαμαρείᾳ,
3134 4940 3227 4994 καὶ
3256 4941 3321 4997 οἱ,
3348 4941 3404 4993 ἐν
3429 4943 3540 5003 τοῖς
3585 4941 3684 4993 Ἰε-

2111 5031 2448 5104 ροσολύμοις.
2496 5030 2607 5082 Καὶ
2643 5028 2800 5082 τοῦτο
2830 5029 3168 5100 κεκράτηκεν
3202 5029 3328 5098 ἄχρι
3358 5028 3553 5098 καιροῦ
3584 5027 3685 5097 τῆς

2106 5122 2420 5182 τελευταίας
2477 5121 2888 5190 αἰχμαλωσίας,
2932 5121 3020 5174 ὅτε
3072 5120 3166 5173 καὶ
3208 5119 3578 5189 ὑπενόστησαν
3624 5121 3683 5173 ὲν

2118 5212 2546 5284 Ἰεροσολύμοις,
2595 5212 2779 5283 Κύρου
2825 5213 3258 5284 κεκρατηκότος,
3313 5213 3405 5264 καὶ
3463 5213 3682 5276 ἀνέντος

430 5311 614 5372 αὐτοῖς
640 5309 740 5378 τὴν
767 5308 1098 5380 ἀποδρομὴν,
1127 5304 1537 5375 καθηγουμένου
1575 5303 1672 5374 μὲν
1701 5302 2002 5375 Ζοροϐάϐελ
2039 5301 2131 5355 τοῦ
2201 5301 2491 5372 Σαλαθιὴλ,
2560 5302 2618 5366 ὃς
2655 5297 2722 5372 ἦν
2766 5304 2830 5354 ἐκ
2876 5302 3049 5373 φυλῆς
3096 5301 3282 5370 Ἰούδα,
3317 5303 3686 5374 ἱερατεύοντος

429 5402 488 5454 δὲ
534 5399 707 5470 Ἰησοῦ
739 5398 832 5452 τοῦ
878 5399 1140 5454 Ἰωσεδέκ.
1190 5397 1325 5452 Τότε
1375 5397 1468 5449 καὶ
1511 5395 1601 5448 τὸν
1639 5394 1766 5448 ναὸν
1825 5393 2194 5464 ἀνεδείμαντο,
2265 5394 2358 5449 καὶ
2421 5393 2528 5448 ὑπὸ
2564 5395 2692 5464 μίαν
2756 5394 3042 5462 γεγόνασιν
3075 5393 3270 5464 ἀρχὴν,
3307 5393 3401 5447 καὶ
3432 5397 3688 5464 κατῳκή-

433 5511 592 5549 κασιν
641 5494 699 5546 ὲν
759 5492 1168 5564 Ἱεροσολύμοις,
1200 5489 1466 5562 διχονοίας
1505 5487 1724 5558 ἁπάσης
1789 5486 2156 5558 ἐξῃρημένης.
2189 5487 2352 5540 Ὅσαι
2414 5487 2470 5539 δὲ
2541 5485 2680 5540 κατά
2727 5486 2952 5557 καιροὺς
2997 5485 3363 5556 αίχμαλωσίαι
3398 5486 3684 5554 γεγόνασιν

433 5584 538 5640 ἁνά
585 5583 751 5656 μέρος
796 5582 905 5636 τῶν
949 5583 1080 5636 δέκα
1126 5581 1330 5652 φυλῶν,
1359 5580 1456 5636 καὶ
1497 5579 1680 5652 μέντοι
1736 5577 1832 5632 καὶ
1877 5578 1970 5631 τοῦ
2010 5579 2251 5649 ἡμίσεως
2309 5577 2482 5649 φυλῆς
2521 5577 2781 5650 Ἐφραῖμ,
2813 5580 2907 5633 καὶ
2977 5577 3085 5631 τῶν
3116 5580 3172 5631 ὲν
3225 5580 3337 5642 τοῖς
3391 5577 3688 5649 Ἰεροσολύ-

501 5767 523 5800 '
555 5764 614 5821 lll
649 5765 778 5837 Reg.
816 5781 893 5836 ιι,
929 5765 998 5822 26
1027 5783 1040 5834 ;
1075 5781 1173 5838 ιιι,
1213 5764 1422 5836 lseqq.
1498 5763 1520 5796 ⁸
1553 5763 1716 5821 Miclt.
1759 5778 1810 5832 ν,
1848 5763 1935 5818 15.

2117 5760 2123 5815 Ι
2161 5759 2296 5831 Reg.
2327 5771 2437 5826 xiv,
2465 5757 2577 5829 23;
2604 5756 2803 5817 Jcrem.
2849 5772 2937 5823 ιιι,
2971 5757 3057 5814 l5.
3139 5761 3182 5793 ¹⁰
3223 5759 3242 5813 ι
3280 5756 3434 5815 Esdr.
3472 5772 3532 5825 ιι,
3571 5756 3678 5826 1,2.
