4098 6276
400 447 462 503 ιγ
1313 447 1873 512 COMMENTARIUS
1905 452 1970 509 IN
2008 454 2238 512 OSEAM
2275 456 2721 514 PROPHETAM.
3595 456 3674 518 η

400 575 542 633 μοις,
589 563 760 620 Ἰούδα
783 584 867 633 τε,
890 569 1052 641 φημὶ,
1096 571 1189 625 καὶ
1219 572 1498 640 Βενιαμὶν,
1532 572 1743 644 προῖὼν
1790 574 1819 626 6
1882 572 2040 640 λόγος
2076 572 2335 638 ἐπιδείξει
2382 575 2591 645 σαφῶς.
2658 572 3024 648 Ἀνέιγραπτοι
3066 573 3123 628 δὲ
3164 572 3455 661 γεγόνασιν
3500 576 3640 645 ἀναγ

399 655 566 719 καίως
610 657 706 710 καὶ
751 660 801 712 οἱ
824 662 1053 733 ,χρόνοι,
1093 664 1217 719 καθ’
1256 663 1350 729 οὓς
1392 666 1620 728 ἕκαστος
1658 665 1771 720 τῶν
1808 664 1980 733 ἁγίων
2018 664 2279 737 λελάληκε
2346 668 2666 738 προφητῶν,
2717 668 2784 722 ἵν’
2832 668 3105 740 εἰδείημεν
3158 658 3404 741 ἀκριϐῶς
3448 669 3506 722 ἐν
3540 670 3668 740 ποία

397 747 501 797 τινὶ
546 749 878 805 καταστάσει
930 752 1042 808 τῶν
1086 755 1427 828 πραγμάτων
1468 756 1757 828 κειμένων,
1794 756 1916 810 τίνα
1962 772 2022 809 τε
2058 755 2261 828 τρόπον
2324 757 2577 828 ἐχόντων,
2604 760 2652 813 οἱ
2687 761 2839 831 παρὰ
2863 760 2997 815 Θεοῦ
3029 760 3166 833 πρὸς
3190 761 3388 825 αὐτοὺς
3410 760 3666 830 γεγόνασι

397 835 564 906 λόγοι.

714 969 1099 1061 ΤΟΜΟΣ
1187 972 1662 1064 ΠΡΩΤΟΣ.

1000 1105 1253 1160 ΚΕΦΑΛ.
1290 1104 1371 1162 Α’.

468 1212 660 1281 Λόγος
690 1215 914 1283 Κυρίου
946 1215 1016 1282 ὃς
1051 1218 1304 1288 ἐγενήθη
1338 1220 1491 1288 πρὸς
1529 1216 1711 1287 Ὠσηὲ
1738 1218 1846 1274 τὸν
1871 1218 1979 1274 τοῦ

397 1304 595 1371 Βεηρί,
638 1305 711 1359 ἐν
751 1306 1001 1377 ἡμέραις
1058 1309 1238 1371 Ὀζίου
1297 1312 1395 1366 καὶ
1456 1312 1718 1384 Ἰωάθαμ,
1784 1311 1977 1382 Ἀχὰζζ

412 1394 694 1466 Ἐζεκίου,
728 1398 1041 1462 ,βασιλέων
1097 1402 1314 1457 Ἰούδα’
1329 1404 1428 1457 καί
1460 1403 1531 1458 ἐν
1576 1403 1826 1474 ἡμέραις
1873 1404 1980 1460 Ἰε-

395 1486 619 1556 ροϐοὰμ
646 1488 783 1543 υιοῦ
840 1489 1003 1558 Ἰωὰς
1025 1492 1333 1560 ,ϐασιλέως
1371 1494 1479 1549 τοῦ
1530 1495 1799 1565 Ἰσραήλ.

468 1579 548 1632 A'.
595 1579 935 1651 Προφητεύει
981 1584 1212 1639 τοίνυνὸ
1238 1586 1503 1658 μακάριος
1546 1586 1706 1659 Ὠσηὲ
1754 1589 1813 1641 ἐν
1841 1585 1980 1659 ὴμέ-

402 1685 526 1737 ραις
572 1670 770 1737 Ὀζίου,
796 1673 891 1726 καὶ
919 1674 1175 1742 Ἶωάθαμ,
1205 1677 1301 1730 καὶ
1330 1677 1519 1749 Ἀχάζ,
1559 1679 1656 1732 καὶ
1709 1678 1977 1750 Ἐζεκίου,

402 1757 668 1828 βασιλέων
727 1762 916 1818 Ἰούδα⁸
964 1766 1057 1819 καὶ
1101 1767 1159 1823 ὲν
1203 1769 1439 1840 ἡμέραις
1495 1769 1801 1842 Ἱεροϐοὰμ,
1860 1769 1980 1823 υἱοῦ

414 1850 568 1914 Ίωὰς
602 1853 868 1922 βασιλέως
903 1856 1144 1928 Ἰσραήλ.
1174 1858 1286 1912 Καὶ
1312 1859 1342 1912 6
1372 1860 1470 1931 μὲν
1495 1861 1686 1932 χρόνος
1716 1861 1816 1933 τῆς
1846 1877 1981 1932 προ·

405 1941 636 2011 φητείας
667 1945 831 2017 μέχρι
852 1946 1043 2002 τούτου
1074 1952 1274 2004 νοεῖται
1307 1951 1496 2007 λαϐὼν
1524 1953 1625 2024 τὴν
1647 1954 1979 2025 παράτασιν.

402 2034 525 2106 Χρὴ
567 2037 643 2100 δὲ,
697 2035 871 2107 οἶμαι,
906 2041 974 2095 τὰ
1021 2043 1108 2112 ἐφ’
1138 2043 1356 2116 ἑκάστῳ
1410 2044 1595 2100 λοιπὸν
1647 2046 1982 2117 ἀφηγεῖσθαι

406 2126 610 2211 σαφῶς,
643 2128 716 2192 ὡς
757 2129 825 2184 ἂν
859 2130 1072 2203 ἔχωμεν
1100 2135 1325 2201 ἐννοεῖν,
1374 2137 1628 2210 καθάπερ
1661 2139 1761 2212 ἤδη
1799 2142 1983 2213 προεῖσ-

404 2235 526 2281 πον,
550 2221 727 2273 ὁποῖοί
752 2239 895 2286 τινες
919 2224 969 2276 οἱ
998 2225 1189 2279 τοιοίδε
1221 2227 1500 2296 γεγόνασι·
1526 2229 1756 2301 πότερον
1786 2230 1980 2300 ἀγαθοί

402 2327 463 2362 τε
523 2309 619 2363 καὶ
663 2310 807 2366 εὖνοι
841 2314 980 2385 πρὸς
1011 2315 1163 2382 Θεὸν,
1200 2318 1232 2389 ἢ
1274 2318 1404 2387 γοῦν
1432 2321 1854 2388 ἀπονενευκότες
1884 2323 1981 2378 ἐπὶ

402 2399 465 2453 τὸ
500 2400 575 2473 μὴ
621 2401 795 2466 οὕτως
823 2402 980 2474 ἔχονο
1020 2407 1115 2459 καὶ
1144 2406 1268 2460 τίνα
1309 2407 1378 2461 τὰ
1428 2409 1516 2477 ἐφ’
1562 2410 1813 2474 ἑκάστοις
1845 2427 1985 2481 συμ-

403 2491 699 2563 ϐεϐηκότα,
745 2497 859 2560 τοῖς
901 2513 959 2550 τε
990 2498 1048 2550 ἐν
1079 2500 1144 2569 τῇ
1182 2499 1468 2570 Σαμαρείᾳ
1510 2501 1608 2555 καὶ
1649 2504 1763 2566 τοῖς
1782 2503 1842 2555 ἐν
1868 2503 1983 2565 τοῖς

415 2581 676 2653 Ἱεροσολύ
687 2601 827 2654 μοις.
862 2585 1135 2656 Εἰσόμεθα
1162 2586 1272 2660 γὰρ
1296 2582 1421 2656 ὧδε,
1454 2589 1550 2643 καὶ
1578 2589 1697 2644 λίαν
1722 2590 1983 2656 εὐκόλως,

405 2670 634 2742 ὅποιπερ
661 2672 727 2725 ἂν
768 2672 945 2744 βλέπῃ
976 2676 1442 2747 τῆςπροφητείας
1476 2679 1505 2732 6
1538 2679 1762 2743 σκοπός.
1794 2679 1988 2734 Τελευ-

407 2764 556 2826 ταῖος
607 2763 705 2833 μὲν
756 2760 848 2818 οὖν
879 2765 1194 2835 ὠνόμασται
1241 2768 1526 2839 Ἱεροϐοάμ
1573 2771 1603 2823 6
1651 2768 1748 2824 τοῦ
1812 2771 1985 2838 Ἰωὰς,

409 2852 664 2924 βασιλεὺς
706 2854 946 2926 Ἰσραὴλ,
977 2854 1170 2925 γέγονε
1210 2857 1268 2911 δὲ
1301 2858 1406 2929 πρὸ
1451 2857 1725 2931 Ἀζαρίου,
1767 2860 1861 2915 τοῦ
1894 2864 1989 2917 καὶ

422 2944 620 3010 Ὀζίου.
669 2946 864 3003 Ἰστέον
886 2946 961 3012 δὲ,
991 2947 1074 3001 ὅτι
1107 2947 1292 3019 ἕτερος
1315 2951 1449 3021 ἡμῖν
1480 2952 1630 3024 παρὰ
1650 2950 1743 3006 τὸν
1771 2952 1989 3024 πρῶτόν

405 3037 576 3101 ἐστιν,
605 3036 665 3100 ὃς
696 3037 756 3090 ἐν
781 3039 993 3109 καιροῖς
1016 3038 1208 3108 γέγονε
1256 3040 1522 3110 βασιλέως
1579 3043 1834 3115 Ῥοϐοὰμ,
1868 3045 1989 3099 υἱοῦ

407 3127 741 3200 Σολομῶνος,
766 3128 909 3198 πλὴν
944 3122 1227 3200 led-sparto;
1253 3131 1468 3203 ἐκείνῳ,
1508 3133 1603 3186 καὶ
1626 3135 1707 3198 εἰς
1736 3134 1991 3195 ἀσέϐειαν

408 3219 677 3290 ἐμφερής.
717 3219 1036 3289 Γέγραπται
1073 3221 1183 3293 γὰρ
1230 3221 1327 3275 ὡδὶ
1375 3223 1505 3295 περὶ
1542 3224 1711 3285 αὐτοῦ
1737 3242 1751 3257 ·
1807 3244 1827 3277 ι
1896 3226 1990 3283 Ἐν

407 3308 518 3364 ἔτει
565 3312 1039 3384 πεντεκαιδεκάτῳ
1076 3312 1172 3367 τοῦ
1219 3314 1501 3384 Ἀμασίου,
1538 3315 1653 3371 υίοῦ
1698 3315 1850 3383 Ἰωὰς
1897 3317 1992 3389 βαι-

411 3403 603 3469 σιλὲως
643 3404 834 3472 Ἰούδα,
863 3404 1212 3466 ἐϐασίλευσεν
1253 3406 1537 3479 Ἱεροϐοὰμ
1558 3406 1673 3471 υἱὸς
1717 3408 1870 3472 Ἱωὰς
1897 3409 1991 3464 ἐπὶ

424 3495 641 3567 Ἰσραὴλ
684 3498 744 3550 ἐν
788 3497 1093 3570 Σαμαρείᾳ,
1116 3498 1529 3570 τεσσαράκοντα
1594 3500 1689 3554 καὶ
1732 3499 1792 3554 ἓν
1848 3499 1988 3565 ἔτος.

2006 943 2056 1003 Α

2381 969 2795 1062 TOMUS
2869 974 3323 1066 PRIMUS

2753 1098 2906 1154 CAP.
2937 1099 2977 1154 Ι.

2151 1208 2316 1268 Vens.
2342 1212 2395 1267 1.
2424 1211 2646 1267 Verbum
2664 1212 2873 1267 Domini
2886 1214 3027 1279 quod
3047 1214 3247 1284 factum
3266 1228 3339 1272 est
3363 1221 3433 1272 ad
3446 1221 3577 1276 Osee
3600 1225 3669 1288 ﬁ-

2080 1300 2209 1356 lium
2218 1301 2373 1357 Beeri
2385 1303 2440 1356 in
2456 1303 2637 1358 diebus
2652 1300 2821 1371 θεία»,
2835 1314 2884 1358 et
2902 1304 3169 1372 Joatftam,
3194 1307 3388 1372 Aelius,
3409 1310 3666 1379 Εκτιιίιιν,

2083 1408 2259 1462 regum
2283 1391 2451 1460 Iuda,
2490 1403 2540 1449 et
2590 1394 2648 1449 in
2688 1394 2871 1450 diebus
2914 1394 3199 1452 Jerolvoam
3235 1397 3339 1467 filii
3370 1399 3505 1457 Joas
3534 1406 3667 1474 regis

2082 1481 2279 1542 Israel.

2153 1574 2195 1628 I.
2220 1572 2565 1631 Vaticinatur
2584 1575 2764 1646 itaque
2779 1578 2972 1635 beatus
2997 1578 3166 1636 Oseas
3184 1581 3238 1635 iu
3266 1581 3461 1639 diebus
3492 1583 3664 1649 Oziar,

2083 1676 2137 1723 et
2158 1666 2432 1732 Joatltam,
2466 1678 2522 1723 et
2551 1668 2764 1732 Acltaz.
2797 1681 2852 1724 et
2888 1670 3158 1736 Ezechiae,
3188 1690 3373 1744 regum
3409 1674 3570 1742 Juda,
3609 1688 3677 1735 et

2084 1761 2137 1815 in
2163 1760 2351 1816 diebus
2376 1758 2662 1817 Jeroboam
2687 1762 2779 1815 lilii
2804 1760 2934 1818 Joas
2963 1763 3105 1831 regis
3132 1763 3320 1820 Israel.
3349 1767 3417 1821 Et
3452 1777 3684 1838 tempus.

2083 1853 2301 1924 quidem
2312 1853 2551 1909 vaticinii
2571 1854 2850 1924 hucusque
2862 1855 3180 1925 productum
3200 1857 3537 1929 intelligitur.
3559 1862 3665 1916 Ar-

2084 1945 2254 2000 bitror
2304 1954 2488 2000 autem
2542 1945 2734 2001 ordine
2782 1947 2849 2002 de
2883 1947 3110 2017 singulis
3147 1951 3480 2004 narrandum
3512 1952 3685 2008 lucu-_

2083 2037 2304 2105 lentius,
2356 2048 2416 2092 ut
2457 2053 2685 2094 noscere
2727 2040 3020 2109 possimus,
3057 2042 3517 2109 quemadmodum
3545 2046 3661 2115 jam

2082 2130 2351 2197 dicebam,
2406 2133 2597 2203 quales
2623 2134 2680 2187 bi
2718 2149 2877 2204 reges
2919 2132 3139 2201 fuerint,
3185 2144 3372 2190 utrum
3419 2136 3672 2193 videlicet

2083 2222 2235 2288 boni,
2282 2235 2338 2278 et
2399 2224 2536 2280 bene
2590 2225 2719 2296 crga'
2763 2226 2930 2279 Deum
2979 2225 3225 2291 animati,
3275 2241 3344 2281 an
3400 2229 3579 2295 potius
3612 2228 3667 2281 in

2083 2316 2416 2372 contrarium
2434 2318 2691 2385 abierint,
2722 2326 2777 2373 et
2798 2334 2917 2388 qua:
2944 2318 3172 2390 singulis
3201 2330 3314 2373 tum
3339 2321 3391 2374 in
3421 2323 3667 2376 Samaria

2086 2412 2197 2459 tttm
2241 2404 2597 2479 Jcrosolymis
2645 2410 2993 2477 regnantibus
3045 2412 3348 2466 evenerint.
3395 2410 3472 2465 Ita
3520 2412 3694 2467 enim.

2083 2507 2321 2563 quonam
2376 2498 2659 2567 prophetia
2703 2498 2966 2564 collimet,
3014 2500 3160 2554 nullo
3193 2504 3410 2572 negotio
3462 2505 3672 2574 perspi-

2085 2586 2312 2642 ciemus.
2363 2586 2647 2643 Postremo
2676 2589 2839 2660 igitur
2878 2590 3000 2644 loco
3043 2593 3355 2648 nominatus
3377 2604 3462 2649 est
3509 2592 3670 2649 Jeru-

2085 2675 2268 2741 boam,
2320 2676 2461 2733 ﬁlius
2504 2676 2652 2743 Joas,
2682 2695 2775 2735 rex
2816 2680 3000 2745 Israel,
3059 2684 3155 2753 qui
3211 2682 3488 2749 Azariam,
3535 2685 3672 2739 alias

2087 2760 2295 2826 Oxiam,
2327 2767 2641 2822 antecessit.
2671 2767 2829 2825 Scire
2859 2770 2986 2825 licet
3032 2773 3176 2828 hunc
3233 2775 3397 2828 alium
3436 2775 3605 2831 fuisse
3635 2789 3688 2830 ι

2090 2855 2285 2925 primo,
2333 2858 2425 2928 qui
2476 2861 2810 2929 temporibus
2856 2865 2999 2936 regis
3043 2864 3326 2930 Roboami,
3389 2866 3482 2922 ﬁlii
3514 2866 3669 2924 Salov

2090 2947 2287 3010 monis,
2327 2949 2489 3003 vixit:
2527 2960 2707 3006 tamen
2743 2955 2982 3009 moribus
3026 2956 3240 3019 iisdem,
3289 2965 3346 3012 et
3391 2958 3673 3027 impietate

2089 3032 2318 3089 similem
2344 3036 2408 3093 ".
2439 3035 2529 3092 Sic
2543 3040 2685 3094 cuiut
2710 3042 2908 3112 deipso
2931 3046 3191 3112 scriptum
3217 3055 3423 3101 exstat:
3450 3064 3470 3098 ι
3499 3046 3554 3101 lu
3573 3064 3673 3107 an-

2093 3139 2162 3179 no
2195 3126 2404 3182 decimo
2421 3129 2611 3195 quinto
2633 3132 2884 3199 Amasim,
2919 3133 3011 3188 ﬁlii
3037 3133 3183 3199 Joas,
3217 3136 3359 3203 regis
3392 3134 3675 3205 ludante-

2092 3217 2277 3287 guavit
2309 3216 2601 3275 Jeroboam
2634 3222 2914 3279 ﬁliusJoas
2946 3241 3107 3295 super
3131 3226 3291 3280 Israel
3318 3228 3370 3281 in
3401 3227 3672 3294 Samaria,

2091 3324 2267 3366 annos
2293 3326 2457 3367 unum
2492 3322 2547 3368 et
2571 3315 2955 3386 quadraginta.
3000 3318 3066 3371 Et
3098 3317 3223 3372 fecit
3250 3319 3449 3373 malum
3488 3336 3673 3377 coram

2094 3404 2342 3461 Domino.
2387 3406 2502 3462 Non
2552 3407 2777 3463 recessit
2815 3409 2885 3463 ab
2923 3408 3176 3466 omnibus
3242 3411 3478 3481 peccatis
3519 3410 3675 3466 Jeru-

2091 3493 2251 3550 boam
2287 3495 2385 3550 ﬁlii
2407 3495 2614 3559 Nadab,
2653 3497 2744 3566 qui
2796 3513 3020 3569 peccare
3064 3500 3193 3556 fecit
3219 3500 3439 3556 Israel.»
3477 3500 3674 3557 Cernis

412 3588 522 3642 Καὶ
540 3588 760 3660 ἐποίησε
782 3589 841 3643 τὸ
869 3590 1105 3662 πονηρὸν
1124 3590 1356 3645 ἐνώπιον
1376 3591 1606 3662 Κυρίου.
1631 3592 1746 3647 Οὐκ
1775 3592 1987 3666 ἀπέστη

2094 3602 2200 3657 quo
2221 3598 2379 3657 pacto
2415 3603 2597 3645 mores
2627 3588 2772 3645 illius
2816 3594 3148 3658 exlircsserit
3168 3635 3183 3660 ,
3209 3593 3372 3648 veluti
3399 3594 3443 3648 si
3468 3609 3565 3664 per
3584 3609 3676 3649 or-

410 3680 521 3734 ἀπὺ
547 3680 739 3735 πασῶν
759 3681 1044 3754 ἁμαρτιῶν
1078 3682 1358 3755 Ἱεροϐοὰμ
1401 3682 1519 3737 υίοῦ
1542 3682 1751 3749 Ναϐὰτ,
1799 3685 1861 3750 ὃς
1901 3686 1991 3753 ἐξ-

410 3775 627 3848 ήμαρτε
672 3775 764 3829 τὸν
826 3775 1062 3850 Ἰσραήλ.
1116 3794 1136 3828 ι
1189 3776 1372 3849 Ὁρᾷς,
1402 3777 1551 3841 ὅπως
1593 3776 1844 3849 ζηλωτὴς
1875 3779 1989 3833 τῶν

409 3864 621 3919 ἐκείνου
661 3864 876 3938 τρόπων
922 3866 1137 3935 γέγονε,
1167 3865 1265 3937 τὴν
1296 3866 1419 3938 ῐσην
1465 3866 1657 3938 ὥσπερ
1702 3867 1988 3939 ἁμαξητδν

412 3956 724 4027 ἐρχόμενος,
756 3958 848 4011 καὶ
875 3957 1039 4011 οἱονεὶ
1069 3957 1210 4011 κατὰ
1243 3958 1408 4023 πόδας
1435 3960 1533 4029 τῆς
1562 3959 1776 4014 ἐκείνου
1802 3960 1993 4013 δυσσε-

413 4046 565 4110 ϐείας
611 4046 804 4105 ἐλθών.
853 4043 989 4101 Εἶτα
1035 4048 1089 4101 τί
1138 4064 1270 4120 φησι
1305 4050 1363 4103 τὸ
1407 4050 1650 4122 Γράμμα
1697 4051 1759 4104 τὸ
1812 4052 1990 4123 ίερόν;

426 4156 444 4187 ι
496 4138 585 4190 Ἐν
607 4137 717 4194 ἔτει
753 4138 982 4209 είκοστῷ
1011 4140 1104 4193 καὶ
1137 4140 1347 4211 ἑϐδόμῳ
1379 4142 1474 4195 τοῦ
1517 4142 1801 4214 Ἱεροϐοὰμ
1835 4143 1994 4215 βασι-

420 4228 555 4291 λέως
597 4229 836 4299 Ἰσραὴλ,
866 4228 1214 4281 ἐϐασίλευσεν
1256 4231 1512 4301 Ἀζαρίας
1550 4233 1664 4296 υίὸς
1707 4234 1990 4304 Ἀμασίου,

420 4319 684 4392 βασιλέως
727 4319 913 4384 Ἰούδα,
945 4319 1324 4383 ὅς’ὲκκαίδεκα
1355 4321 1491 4375 ἐτῶν
1520 4318 1609 4395 ἦν,
1643 4325 1702 4376 ἐν
1726 4324 1806 4396 τῷ
1836 4326 1993 4396 βασι-

417 4412 591 4467 λεύειν
628 4411 807 4467 αὐτόν.
837 4411 948 4465 Καὶ
977 4411 1070 4464 δύο
1101 4411 1194 4464 καὶ
1239 4412 1573 4484 πεντήκοντα
1599 4413 1692 4487 ἔτη
1722 4416 1996 4471 ἐϐασίλευ-

417 4525 507 4560 σεν
537 4508 595 4560 ἐν
636 4503 1008 4577 Ἰερουσαλήμ.
1042 4503 1155 4557 Καὶ
1178 4502 1348 4573 ὄνομα
1385 4506 1450 4575 τῇ
1493 4505 1661 4577 μητρὶ
1687 4507 1855 4561 αὐτοῦ
1898 4509 1995 4561 Ἱε-

414 4599 567 4670 χελία
620 4598 680 4663 ἐξ
745 4596 1119 4668 Ἰερουσαλήμ.
1183 4595 1293 4648 Καὶ
1347 4595 1568 4668 ἐποίησε
1626 4597 1685 4651 τὸ
1727 4598 1884 4663 εὑθὲς
1935 4601 1994 4653 ἐν

413 4690 713 4762 ὀφθαλμοῖς
739 4690 970 4760 Κυρίου,
1009 4689 1153 4742 κατὰ
1185 4687 1367 4743 πάντα
1395 4690 1495 4742 ὅσα
1523 4689 1778 4760 ἐποίησεν
1817 4692 1995 4761 Ἀμα-

417 4784 537 4847 σίας
563 4783 593 4835 ὁ
621 4781 800 4853 πατὴρ
830 4780 997 4835 αὐτοῦ
1015 4797 1028 4810 ·
1062 4780 1202 4850 πλὴν
1233 4780 1302 4833 τὰ
1331 4779 1510 4851 ὑψηλὰ
1535 4781 1634 4835 οὐκ
1665 4782 1877 4853 ἐξῆρεν
1915 4782 1993 4837 ἔτι

415 4873 526 4945 γὰρ
563 4873 592 4924 6
618 4871 744 4935 λαὸς
798 4869 1050 4935 ἐθυσίαζε
1100 4869 1194 4923 καὶ
1236 4869 1439 4940 ἐθυμία
1480 4872 1540 4923 ἐν
1587 4873 1701 4935 τοῖς
1747 4872 1990 4943 ὑψηλοῖς.

415 4962 529 5016 Καὶ
552 4960 727 5031 ἥψατο
757 4958 962 5031 Κύριος
993 4957 1084 5012 τοῦ
1117 4957 1401 5029 βασιλέως,
1423 4959 1516 5012 καὶ
1546 4954 1615 5031 ἦν
1650 4960 1994 5033 λελεπρωμέ-

2023 5002 2071 5059 D

2093 3680 2259 3735 bium
2282 3680 2552 3746 eamdem,
2575 3690 2631 3735 et
2665 3696 2761 3750 per
2779 3682 3008 3752 vestigia
3054 3685 3353 3753 impietatis
3385 3685 3506 3754 ejus
3531 3686 3674 3740 ince-

2093 3771 2265 3828 deret.
2294 3773 2433 3840 Quid
2471 3773 2701 3842 amplius
2741 3788 2898 3828 sacra
2936 3776 3217 3843 Scriptura
3267 3776 3424 3831 dicit?
3455 3794 3476 3827 ‹
3515 3778 3674 3833 Anno

2092 3862 2354 3918 vicesimo
2402 3863 2635 3932 septimo
2688 3862 2978 3920 Jeroboam
3022 3863 3163 3935 regis
3194 3863 3384 3933 Israel,
3424 3867 3671 3936 regnavit

2094 3952 2315 4008 Azarias
2344 3953 2483 4008 ﬁlius
2514 3954 2750 4009 Amasis
2796 3954 2936 4025 regis
2970 3952 3134 4018 Juda,
3190 3969 3362 4009 annos
3402 3965 3562 4011 natus
3585 3971 3675 4011 se-

2093 4047 2295 4101 decim.
2334 4046 2482 4102 Duos
2517 4061 2681 4115 supra
2718 4047 3107 4117 quinquaginta
3156 4048 3474 4115 regnavitin
3512 4046 3672 4101 Jeruc

2093 4140 2283 4195 salem.
2312 4138 2516 4195 Nomen
2536 4141 2727 4194 matris
2749 4139 2868 4208 ejus
2891 4138 3129 4193 Jeehelia
3156 4140 3224 4191 de
3252 4138 3573 4192 Jerusalem.
3605 4137 3670 4203 Et
3694 4192 3699 4197 λ

2092 4231 2224 4287 fecit
2250 4233 2394 4302 quod
2430 4240 2640 4286 rectum
2663 4238 2781 4284 erat
2805 4244 2987 4283 coram
3024 4229 3273 4296 Domino,
3305 4229 3462 4297 juxta
3488 4230 3701 4291 munia.

2093 4339 2215 4394 quae
2248 4322 2377 4379 fecit
2404 4326 2566 4393 pater
2599 4320 2738 4390 ejus.
2784 4318 3169 4374 Verumtamen
3208 4321 3421 4379 excelsa
3446 4335 3558 4376 non
3588 4331 3674 4377 est.

2094 4417 2383 4473 demolitus
2403 4432 2416 4469 :
2436 4413 2613 4469 adhuc
2642 4412 2785 4468 enim
2829 4411 3059 4482 populus
3076 4412 3420 4467 sacriﬁcabat
3450 4421 3507 4468 et
3535 4413 3670 4468 ado-

2094 4508 2238 4563 lebat
2268 4507 2546 4561 incensum
2572 4505 2629 4562 in
2647 4504 2894 4560 excelsis.
2921 4505 2986 4559 Et
3012 4503 3281 4575 percussit
3311 4504 3573 4559 Dominus
3595 4519 3700 4560 re-..

2094 4612 2215 4665 gem
2247 4606 2303 4652 et
2327 4595 2426 4650 fuit
2449 4595 2697 4664 leprosus
2725 4608 2896 4663 usque
2922 4593 2981 4647 in
3013 4593 3155 4648 diem
3187 4591 3374 4647 mortis
3402 4606 3514 4646 suae
3546 4591 3611 4647 ¹³.
3648 4610 3668 4643 ι
3693 4640 3708 4651 _

2095 4686 2225 4741 Pius
2279 4694 2337 4740 et
2375 4685 2469 4739 Dei
2504 4684 2684 4738 cultor
2737 4684 2839 4738 fuit
2906 4684 3089 4750 Ozias,
3124 4683 3289 4754 7sed
3324 4697 3435 4738 non
3483 4697 3712 4751 usque-7

2096 4791 2338 4847 quaque.
2361 4794 2381 4827 ι
2422 4774 2543 4834 Non
2577 4774 2727 4831 enim
2763 4774 3055 4834 demolitus
3089 4784 3175 4830 est
3210 4774 3440 4834 excelsa.
3462 4773 3673 4844 inquit;
3708 4840 3711 4841 ν

2096 4870 2189 4923 sed
2219 4866 2599 4925 sacriﬁcabant
2626 4866 2681 4920 in
2720 4866 2844 4931 illis,
2872 4874 2927 4921 et
2961 4867 3296 4929 daemonibus
3316 4864 3519 4920 hostias
3540 4865 3678 4930 oﬂ‘e:

2098 4961 2290 5015 rebant
2314 4959 2573 5015 seducti.»
2601 4958 2947 5019 Postmodum
2980 4958 3331 5015 trausversim
3358 4965 3511 5011 actus
3536 4957 3691 5015 Ama

414 5073 503 5119 νος
549 5054 656 5117 ἕως
684 5052 896 5124 ἡμέρας
941 5051 1172 5106 θανάτου
1195 5050 1381 5105 αὐτοῦ.
1416 5071 1435 5103 ι
1475 5052 1720 5123 Εὐσεϐὴς
1773 5055 1869 5123 μὲν
1899 5056 1988 5109 καὶ

2099 5049 2226 5114 rias,
2263 5049 2376 5104 sive
2401 5048 2581 5116 Ozias,
2609 5064 2731 5105 esse
2756 5064 2821 5103 ex
2848 5049 3009 5119 regali
3027 5049 3294 5119 dignitate
3317 5047 3639 5108 censuit,.sa
3656 5072 3674 5086 ο

417 5144 893 5215 φιλόθεος”’οζίας,
921 5143 1061 5216 πλὴν
1087 5145 1186 5215 οὐχ
1217 5143 1659 5214 ὁλοτρόπως.‹οὐ
1694 5146 1804 5216 γὰρ
1839 5165 1992 5217 περι-

416 5236 525 5292 εῖλε
560 5234 630 5290 τὰ
663 5233 862 5305 ὑψηλὰ,
895 5234 1079 5305 φησὶν,
1122 5234 1235 5289 ἀλλ’
1277 5234 1516 5306 ἐθυμίων
1557 5237 1616 5288 ἐν
1645 5237 1849 5303 αὐτοῖς,
1899 5242 1994 5293 καὶ

416 5332 529 5394 τοῖς
555 5325 852 5398 δαιμονίοις
881 5325 1156 5396 προσῆγον
1176 5325 1426 5389 θυσίαςοί
1451 5325 1812 5398 πλανώμενοι.
1828 5348 1844 5379 ι
1858 5325 1989 5384 Εἶτα

416 5415 770 5488 παρενεχθεὶς
812 5413 1086 5484 Ἀζαρίας,
1118 5415 1284 5485 ἤγουν
1312 5416 1340 5467 6
1388 5413 1588 5478 Ὀζίας,
1624 5416 1703 5479 είς
1729 5418 1995 5483 ἐκτόπουέ

418 5507 643 5571 ἐννοίας,
672 5505 827 5578 ᾠήθη
859 5506 1088 5576 πρέπειν
1114 5508 1181 5575 τῇ
1221 5508 1322 5576 τῆς
1349 5505 1628 5574 βασιλείας
1651 5505 1775 5579 δόξῃ
1805 5509 1898 5561 καὶ
1932 5511 1992 5564 τὸ

421 5598 615 5668 χρῆναι
669 5595 911 5666 πληροῦν
956 5595 1025 5650 τὰ
1065 5596 1427 5668 νενομισμένα
1474 5595 1553 5667 τῷ
1585 5598 1723 5668 Θεῷ,
1759 5601 1852 5653 καὶ
1882 5601 1991 5653 λει-

421 5684 675 5758 τουργίας
713 5684 1035 5756 ἀντέχεσθαι
1077 5685 1175 5755 τῆς
1200 5686 1370 5756 ἱερᾶς.
1412 5686 1521 5738 Καὶ
1547 5686 1613 5756 δὴ
1661 5689 1755 5740 καὶ
1780 5688 1979 5744 τέθυκε

2099 5141 2206 5195 eris
2254 5139 2464 5212 legibus
2523 5142 2642 5199 Deo.
2686 5140 2930 5202 instituta
2978 5139 3150 5201 obire,
3203 5146 3259 5191 et
3314 5136 3674 5199 ministerium

2099 5248 2311 5289 sacrum
2366 5247 2669 5301 capessere.
2721 5230 2824 5285 Per
2859 5245 2919 5285 se
2951 5243 3169 5297 quoque
3221 5227 3565 5292 sacriﬁcavit,
3608 5227 3698 5279 le-.

2098 5340 2217 5396 gem
2249 5340 2279 5378 a
2304 5322 2457 5378 Mose
2492 5325 2653 5377 latam
2703 5322 2977 5392 ignorans.
3017 5319 3192 5372 Simul
3241 5328 3419 5375 autem
3451 5320 3518 5372 ad
3550 5320 3676 5369 tun-

2098 5418 2332 5473 t-tiuncm
2354 5417 2707 5484 sacram,sibi,
2724 5417 3036 5485 neutiquam
3057 5413 3467 5469 convenientem
3489 5424 3678 5464 ast-cna

2097 5509 2277 5573 dit”,
2308 5528 2326 5561 ι
2361 5508 2642 5565 PercuSsit
2712 5523 2835 5562 eum
2892 5506 3172 5573 Dominus,
3228 5505 3420 5575 inquit,
3458 5511 3515 5555 et
3558 5505 3701 5552 erat.

2098 5603 2346 5670 leprosus
2374 5615 2543 5670 usque
2573 5600 2625 5652 iu
2658 5598 2800 5653 diem
2846 5596 3038 5654 mortis
3060 5597 3263 5652 sum”.
3304 5615 3321 5645 ι
3358 5589 3677 5646 lmmumlus

2099 5691 2260 5760 igitur
2295 5691 2590 5746 secundum
2643 5689 2811 5758 legem
2862 5697 2979 5745 erat
3018 5688 3287 5758 leprosus,
3314 5694 3371 5738 et
3414 5679 3672 5746 hujusce-

494 5850 537 5891 “-
571 5850 635 5906 lll
668 5850 797 5922 Reg.
827 5869 887 5917 tt,
920 5854 1009 5909 26.
1091 5857 1131 5888 ”
1165 5856 1231 5915 Ν
1261 5857 1390 5928 Reg.
1444 5873 1554 5928 xxv,
1584 5859 1672 5925 25,
1712 5857 1800 5911 Ἡ.
1888 5856 1926 5886 ¹³
1953 5854 1988 5908 l‘

2090 5868 2183 5925 Leg.
2240 5873 2326 5926 xv,
2370 5857 2488 5912 1-5.
2570 5857 2612 5888 “
2646 5855 2687 5910 ιι
2712 5854 2833 5913 Par.
2865 5855 2953 5923 15,
2989 5855 3035 5908 l.
3119 5853 3159 5884 ιδ
3196 5850 3261 5905 ιγ
3300 5848 3427 5913 [ιςε.
3469 5854 3571 5905 κν,
3604 5833 3661 5895 δ’
