4098 6276
420 472 488 528 19
870 506 876 518 -
1444 472 1501 527 S.
1540 471 1818 529 CYRILLI
1859 472 2330 529 ALEXANDRINI
2369 471 2689 529 ARCHIEP.
3596 476 3672 532 ‘20

415 594 562 650 modi
591 593 783 647 morbo
812 592 1049 663 impliciti
1096 591 1289 646 castris
1311 591 1689 661 ejiciebantur.
1718 592 1808 648 Sic
1840 597 1971 648 enitr

2092 593 2157 645 δι’
2176 591 2391 654 ἑαυτοῦ,
2408 591 2518 645 τῶν
2543 591 2631 644 διὰ
2654 589 2896 654 Μωσέως
2921 588 3191 659 ἀλογήσας
3217 589 3419 660 νόμων.
3450 591 3669 666 Ἐπειδὴ

417 686 560 741 Deus
585 685 653 741 ad
686 700 961 740 sacrorum
980 684 1255 739 doctorem
1286 683 1506 739 Mosen:
1549 704 1567 736 ι
1598 682 1842 754 Loquere
1867 685 1987 740 ﬁliis

416 777 603 843 Israel,
655 777 871 845 ejiciant
910 786 1065 831 extra
1104 784 1283 831 castra
1347 791 1563 831 omnem
1610 777 1900 845 leprosum,
1926 786 1979 831 et

414 864 613 920 ﬂuxum
638 866 858 920 seminis
892 867 1217 935 patientem;
1250 873 1305 919 et
1326 880 1539 920 omnem
1570 866 1905 920 immundum
1932 868 1985 921 in

415 956 595 1011 anima
626 957 691 1009 “.
723 975 742 1007 ι
789 956 1016 1010 Punitus
1035 964 1119 1011 est
1148 965 1329 1010 autem
1349 957 1560 1022 morbo,
1593 973 1761 1012 ausus
1780 957 1981 1022 illicita,

409 1060 467 1107 et
493 1065 673 1123 regem
731 1051 825 1120 qui
876 1066 1084 1105 sacram
1138 1049 1454 1120 dignitatem
1510 1053 1782 1106 invaserat
1837 1053 1984 1123 igno-

410 1141 576 1195 minia
624 1140 773 1196 Deus
800 1139 1201 1194 condemnavit.
1243 1138 1380 1204 Quia
1415 1154 1546 1193 vero
1579 1138 1875 1208 prophetia:
1907 1141 1986 1194 vis

407 1245 521 1286 non
554 1232 621 1284 ad
651 1231 826 1286 solum
855 1228 1069 1296 ludam,
1098 1230 1199 1285 hoc
1215 1240 1319 1295 est,
1383 1230 1475 1300 qui
1498 1231 1802 1285 incolebant
1832 1230 1985 1286 Jeru-

406 1322 691 1395 solymam,
740 1323 835 1379 sed
874 1306 1035 1378 etiam
1072 1323 1138 1378 ad
1179 1323 1341 1377 Israel
1376 1324 1631 1392 pertinet,
1677 1325 1892 1386 hocest,
1917 1324 1982 1377 ad

407 1416 596 1473 decem
620 1418 793 1473 tribus
816 1417 869 1472 in
910 1415 1437 1478 samaria,dicamus
1464 1423 1677 1483 oportet
1699 1416 1766 1470 de
1793 1416 1857 1469 iis
1890 1416 1981 1483 qui

412 1523 578 1579 regno
605 1510 801 1564 ibidem
845 1507 1203 1579 praefuerunt,
1236 1509 1570 1576 temporibus
1615 1508 1843 1573 AZaria‘,
1888 1508 1981 1578 qui

406 1609 461 1655 et
483 1599 660 1664 Ozias,
692 1610 748 1657 et
775 1601 971 1672 quibus
1000 1618 1094 1657 eus
1132 1601 1527 1657 calamitatibus
1571 1601 1801 1672 opprimi
1855 1616 1985 1655 cuu-

408 1692 739 1764 tigerit,cum
760 1693 998 1764 profana:
1015 1693 1335 1750 idololatria:
1357 1694 1500 1748 velut
1524 1692 1773 1747 insolenti
1796 1692 1984 1746 morbo

406 1783 672 1839 debilitati
731 1793 932 1840 essent.
989 1782 1106 1839 Jam
1170 1785 1337 1854 igitur
1376 1784 1689 1839 vicesimum
1730 1792 1982 1839 ertavum

407 1890 611 1929 annum
655 1884 916 1945 regnante
950 1875 1102 1940 Ozia,
1164 1891 1262 1932 seu
1304 1876 1519 1939 Azaria,
1585 1874 1721 1929 alius
1760 1874 1982 1929 Azarias

2088 683 2147 737 δὲ
2198 682 2542 753 ἀναϐέϐηκεν
2587 683 2667 746 εἰς
2710 681 2808 751 τὴν
2839 680 3134 751 οὐδαμόθεν
3168 679 3317 752 αὑτῷ
3349 681 3670 754 πρέπουσαν

2086 776 2445 846 λειτουργίαν,
2480 775 2625 846 φημὶ
2654 773 2739 845 δὴ,
2796 772 2894 843 τὴν
2934 771 3105 843 ἱερὰν,
3156 793 3175 825 ι
3230 772 3467 843 "Hd/ato,
3510 777 3666 846 φησὶ,

2087 866 2291 935 Κύριος
2332 865 2530 927 αὑτοῦ,
2583 865 2679 919 καὶ
2725 860 2794 935 ἦν
2843 863 3257 937 λελεπρωμένος
3302 865 3407 928 ἕως
3456 867 3666 938 ἡμέρας

2086 958 2320 1011 θανάτου
2355 957 2544 1011 αὑτοῦ.
2584 975 2603 1008 ι
2654 954 2988 1026 Ἀκάθαρτος
3028 957 3126 1026 μὲν
3169 954 3265 1010 οὖν
3292 957 3434 1010 κατά
3467 958 3667 1028 νόμους

2084 1051 2115 1103 6
2170 1049 2391 1122 λεπρὸς,
2429 1049 2524 1102 καὶ
2556 1048 2948 1119 ἀπεπέμποντο
2991 1048 3091 1116 τῆς
3124 1048 3472 1119 παρεμϐολῆς
3499 1051 3548 1102 οί
3586 1049 3666 1119 τῷ

2084 1138 2270 1210 τοιῷδε
2323 1138 2483 1193 πάθει
2517 1138 2962 1209 κατειλημμένοι.
3004 1139 3172 1209 Ἔφη,
3199 1138 3308 1208 γάρ
3356 1156 3485 1192 ποτε
3534 1139 3667 1204 Θεὸς

2086 1232 2224 1303 πρὸς
2260 1232 2351 1285 τὸν
2389 1230 2709 1302 ἱεροφάντην
2757 1229 2993 1284 Μωσὲα’
3035 1247 3055 1281 t
3090 1229 3338 1299 Λάλησον
3383 1232 3495 1293 τοῖς
3528 1233 3666 1295 υἱοῖς

2099 1324 2332 1395 Ἰσραὴλ,
2364 1323 2459 1376 καὶ
2503 1320 3043 1387 ὲξαποστειλάτωσαν
3077 1321 3140 1373 ὲκ
3176 1321 3275 1391 τῆς
3312 1320 3665 1392 παρεμϐολῆς

2086 1413 2262 1468 πάντα
2317 1412 2518 1483 λεπρὺν
2548 1411 2642 1465 καὶ¹
2676 1410 2959 1482 γονορροἦ,
2996 1410 3091 1463 καὶ
3130 1409 3309 1464 πάντα
3353 1409 3668 1480 ἀκάθαρτον

2083 1505 2176 1558 ἐπὶ
2200 1506 2369 1574 ψυχῇ.
2414 1522 2434 1554 ι
2482 1502 2811 1570 Ἐπετιμᾶτο
2840 1501 2896 1554 δὲ
2932 1503 3000 1571 τῇ
3038 1501 3198 1571 νόσῳ,
3245 1500 3596 1573 τετολμηκὼς
3624 1501 3663 1555 ἂ

2086 1595 2161 1664 μὴ
2195 1594 2372 1665 θέμις,
2404 1593 2500 1645 καὶ
2549 1591 2772 1662 ἀτιμίαν
2818 1589 3213 1660 τοῦβασιλὲως
3254 1591 3666 1666 κατεψηφίσατο

2083 1685 2237 1750 Θεὸς,
2272 1683 2372 1754 τὴν
2419 1680 2568 1755 ίεράν
2604 1682 2950 1754 ἁρπάσαντος
2978 1681 3155 1749 δόξαν.
3209 1681 3424 1754 Ἐπειδὴ
3471 1683 3526 1737 δὲ
3565 1684 3663 1755 τῆς

2085 1774 2422 1846 προφητείας
2449 1774 2482 1845 η
2510 1772 2737 1842 δύναμις
2766 1772 2865 1825 οὐκ
2891 1773 2969 1834 είς
3000 1774 3157 1843 μόνον
3188 1772 3372 1843 βλέπει
3402 1773 3493 1828 τὸν
3527 1774 3662 1829 Ἰού-

2083 1863 2197 1929 δαν,
2220 1864 2487 1929 τουτέστι,
2514 1865 2641 1926 τοὺς
2670 1864 2729 1917 ὲν
2760 1865 2874 1927 τοῖς
2914 1864 3178 1935 Ἱεροσολύ
3187 1882 3329 1935 μοις,
3360 1864 3577 1936 ἔρχεται
3604 1864 3664 1920 δὲ

406 1961 549 2019 ﬁlius
594 1961 878 2020 Jerohoam
932 1962 1145 2020 lsraelis
1195 1981 1423 2035 regnum
1460 1965 1635 2020 tenuit
1701 1964 1971 2018 mensibus

2081 1957 2175 2010 καὶ
2215 1957 2306 2009 ἐπὶ
2341 1956 2432 2010 τὸν
2474 1954 2711 2026 Ἰσραὴλ,
2737 1930 3003 2021 τουτέστι,
3060 1955 3161 2020 τὰς
3187 1930 3324 2011 δέκα
3563 1959 3663 2022 τὰς

406 2070 526 2111 sex.
555 2053 657 2122 Qui
689 2065 974 2125 postquam
1011 2064 1067 2110 et
1094 2055 1209 2126 ipse
1238 2056 1292 2111 in
1334 2056 1419 2110 via
1451 2055 1625 2126 patris
1688 2055 1769 2111 sni
1798 2057 1982 2111 ambu-

404 2145 555 2213 lavit,
610 2146 850 2217 fecitque
900 2145 1099 2201 malum
1143 2161 1326 2203 curam
1371 2145 1619 2208 Domino.
1657 2145 1977 2217 quibusdam

402 2237 715 2292 domesticis
769 2237 886 2292 suis
934 2237 1165 2293 traditus
1213 2245 1299 2292 est
1334 2236 1689 2307 jugulandus,
1720 2246 1775 2292 et
1800 2237 1974 2306 periit.

400 2327 734 2385 Procedente
764 2329 1105 2399 postmodum
1136 2337 1397 2399 tempore,
1444 2343 1585 2383 anno
1630 2328 1904 2383 tricesimo
1924 2336 1979 2383 et

400 2427 593 2478 octavo
619 2420 767 2491 regni
808 2419 975 2486 Ozias,
1008 2436 1194 2476 rursus
1218 2421 1438 2488 ungitur
1460 2435 1622 2490 super
1661 2421 1822 2475 Israel
1870 2420 1981 2474 Sel-

400 2515 536 2579 lutn,
582 2519 639 2568 et
657 2520 846 2583 regnat
875 2526 1059 2566 mense
1087 2526 1218 2576 uno,
1252 2524 1483 2579 moxque
1532 2526 1562 2562 a
1610 2508 1840 2564 Manaim
1869 2510 1979 2564 lilio

400 2604 548 2661 Gaze
575 2604 645 2659 de
662 2602 864 2658 Thersa
903 2601 1251 2657 interimitur.
1282 2598 1754 2669 Signiﬁcatautem
1796 2599 1975 2654 divina

403 2692 684 2763 Scriptura
715 2694 902 2748 ambos
955 2691 1123 2748 fuisse
1150 2692 1217 2747 de
1247 2691 1510 2762 sanguine
1547 2689 1707 2753 Jehu,
1753 2703 1807 2745 et
1838 2692 1978 2748 Illius

402 2786 523 2858 eius
559 2786 654 2856 qui
679 2786 878 2841 occidit
908 2784 1118 2849 Achab,
1159 2791 1215 2839 et
1239 2782 1440 2837 liberos
1471 2781 1608 2850 ejus,
1640 2793 1694 2837 et
1720 2781 1931 2836 Iezabel
1957 2799 1972 2847 ;

401 2879 488 2936 cui
525 2879 685 2935 etiam
716 2877 963 2944 promisit
997 2877 1165 2932 Deus:
1198 2895 1217 2928 ι
1246 2876 1365 2931 Filii
1401 2876 1478 2929 tui
1511 2890 1681 2944 usque
1716 2876 1781 2928 ad
1814 2890 1976 2941 quar-

403 2980 512 3024 tam
530 2969 935 3036 generationem
953 2969 1212 3023 sedebant
1226 2981 1388 3035 super
1411 2966 1661 3020 thronum
1683 2975 1832 3019 tuum
1858 2966 1920 3019 ³⁷.
1950 2983 1968 3017 ι

406 3063 662 3134 Regnavit
681 3063 844 3132 igitur
876 3060 1108 3115 Mauaim
1138 3074 1299 3129 super
1329 3058 1494 3113 Israel
1534 3073 1655 3111 cum
1683 3058 1974 3112 occidisset

403 3155 628 3218 Selium,
659 3171 678 3205 ι
710 3152 775 3208 Ει
795 3151 922 3206 fecit
951 3149 1174 3215 malum,
1199 3149 1392 3218 inquit,
1486 3148 1538 3201 in
1554 3147 1723 3200 oculis
1742 3145 1971 3201 Domini.

2078 2051 2138 2103 ὲν
2166 2052 2231 2120 τῇ
2277 2049 2579 2120 Σαμαρείᾳ)
2616 2047 2749 2119 φέρε
2796 2047 3047 2118 λέγωμεν
3076 2049 3391 2115 ἀναγκαίως
3418 2051 3544 2112 τοὺς
3573 2048 3662 2102 ἐπ’

2078 2143 2240 2197 αὐτὸν
2283 2142 2732 2213 βεϐασιλευκότας
2761 2142 2819 2194 ὲν
2849 2140 3087 2211 ἡμέραις
3131 2140 3403 2212 Ἀζαρίου,
3435 2140 3542 2223 τοῦ,
3565 2139 3662 2195 καὶ

2091 2235 2287 2298 Ὀζίου,
2342 2235 2436 2286 καὶ
2469 2233 2650 2295 ποίαις
2672 2232 2868 2295 αὐτοὺς
2887 2235 3190 2304 συμφοραῖς
3212 2233 3552 2303 συμϐέϐηκεν
3584 2234 3665 2286 ὲν-

2079 2324 2298 2388 αλῶναι,
2323 2313 2852 2396 κατηρρωστηκότας
2878 2325 3123 2388 ἐκτόπως
3143 2326 3241 2396 τὴν
3266 2325 3489 2396 βέϐηλον
3509 2326 3663 2379 είδω-

2077 2421 2383 2492 λολατρίαν.
2411 2418 2548 2487 Ἤδη
2572 2418 2751 2471 τοίνυν
2779 2416 3022 2469 εἰκοστὸν
3050 2416 3145 2469 καὶ
3165 2416 3346 2484 ὄγδοον
3363 2416 3478 2479 ἔτος
3494 2416 3552 2469 ὲν
3582 2414 3663 2486 τῷ

2081 2511 2386 2582 βασιλεύειν
2431 2510 2646 2580 ἔχοντος
2685 2507 2885 2573 ὐξίου,
2912 2507 3008 2560 τοῦ
3053 2507 3147 2560 καὶ
3185 2506 3456 2578 ’Δξαρίου,
3497 2507 3657 2570 Ἀζα-

2080 2608 2203 2679 ρίας
2249 2608 2454 2679 ἕτερος.
2504 2606 2597 2660 τοῦ
2652 2605 2958 2678 Ἱεροϐοὰμ,
3006 2603 3388 2675 βεϐασίλευκεν
3429 2599 3524 2653 ἐπὶ
3567 2597 3658 2651 τὸν

2089 2698 2303 2770 Ἰσραὴλ
2334 2699 2508 2769 μῆνας
2536 2698 2618 2762 ἓξ.
2664 2697 2884 2769 Ἐπειδὴ
2916 2698 3010 2751 καὶ
3042 2696 3204 2758 αὐτὸς
3235 2696 3293 2746 ἐν
3337 2691 3441 2761 ὀδῷ
3486 2688 3660 2742 πεπό-

2078 2807 2266 2861 ρευται
2292 2789 2388 2844 τοῦ
2413 2790 2639 2862 πατρὸς,
2664 2789 2758 2843 καὶ
2778 2789 3002 2860 ἐποίησε
3033 2787 3092 2841 τὸ
3119 2784 3353 2856 πονηρὸν
3381 2785 3438 2836 ὲν
3466 2778 3658 2849 ὀφθαλ-

2079 2884 2200 2952 μοῖς
2228 2883 2456 2952 Κυρίου,
2487 2880 2695 2936 δέδοταί
2742 2898 2852 2933 τισι
2886 2880 2995 2934 τῶν
3036 2879 3251 2933 οἰκείων
3294 2876 3375 2938 είς
3420 2871 3657 2943 σφαγὴν,

2076 2973 2171 3025 καὶ
2198 2971 2264 3043 δὴ
2290 2971 2583 3026 διόλλυται.
2611 2970 2900 3042 Προϊόντος
2929 2970 2986 3022 δὲ
3014 2966 3107 3021 τοῦ
3143 2967 3333 3037 καιροῦ
3362 2963 3567 3025 λοιπὸν,
3599 2964 3659 3016 ὲν

2075 3062 2186 3116 ἔτει
2214 3062 2523 3135 τριακοστῷ
2550 3063 2647 3116 καὶ
2677 3062 2848 3131 ὀγδόῳ
2886 3059 3161 3130 βασιλείας
3212 3056 3409 3121 Ὀζίου,
3446 3054 3657 3124 χρίεται

2075 3156 2237 3209 πάλιν
2285 3156 2377 3209 ἐπὶ
2426 3154 2517 3208 τὸν
2577 3154 2847 3226 Ἰσραὴλό
2881 3152 3126 3223 Σελούμ’
3179 3149 3272 3202 καὶ⁹
3306 3146 3657 3217 βεϐασίλευκε

398 3246 519 3303 Non
567 3245 790 3302 recessit
836 3245 902 3298 ab
928 3242 1179 3299 omnibus
1240 3241 1481 3311 peccatis
1534 3239 1821 3295 Jeroboam
1875 3239 1967 3294 ﬁlii

2078 3247 2245 3318 μηνὸς
2289 3247 2528 3319 ἡμέρας.
2587 3248 2880 3318 ’Λνῄρηται
2923 3244 3033 3315 γὰρ
3079 3241 3238 3305 εὐθὺς
3289 3240 3392 3294 ὑπὸ
3428 3237 3659 3310 Μαναῒμ

400 3338 608 3401 Nadab,
656 3335 747 3403 qui
788 3347 1013 3405 peccare
1042 3332 1171 3387 fecit
1202 3329 1366 3386 Israel
1400 3330 1464 3383 η.
1498 3350 1518 3384 ι
1554 3331 1830 3400 Regnante
1868 3346 1968 3384 au-

399 3442 507 3488 tem
525 3427 780 3493 Manaim,
792 3441 856 3481 ac
880 3424 1113 3495 Demus
1131 3421 1438 3479 oﬂ‘endente
1458 3423 1600 3490 quod
1625 3422 1970 3475 vehementer

397 3522 656 3579 falsorum
675 3520 893 3575 deorum
914 3515 1115 3570 cultum
1134 3524 1453 3578 sectaretur,
1470 3513 1605 3568 Phul
1620 3511 1966 3581 Assyriorum

398 3628 494 3669 rex
524 3627 646 3667 cum
676 3608 873 3666 infesto
921 3607 1164 3663 exercitu
1200 3605 1481 3674 ingressus
1517 3615 1602 3660 est
1638 3602 1961 3658 Samariam.

394 3706 494 3763 Cui
521 3721 641 3762 cum
670 3703 928 3759 resistere
956 3699 1187 3755 Mauaim
1215 3712 1320 3753 non
1355 3707 1561 3766 posset,
1600 3697 1787 3767 grandi
1807 3711 1968 3765 pecu-

395 3802 484 3856 nia
515 3806 793 3854 numerata
826 3808 1098 3851 recessum
1138 3800 1192 3848 et
1225 3806 1411 3862 pacem
1438 3788 1721 3860 persuasit.
1753 3787 1966 3844 Mortuo

395 3888 626 3945 Mauaim
660 3901 804 3941 anuo
861 3886 1031 3940 altero
1067 3894 1121 3938 ct
1160 3882 1608 3952 quinquagesimo
1650 3879 1815 3945 Ozias,
1848 3890 1969 3950 post

392 3990 677 4035 excessum
706 3972 874 4042 patris
907 3972 1128 4040 ungitur
1153 3970 1207 4023 in
1243 3984 1422 4038 regem
1452 3968 1808 4037 Jerosolymis
1840 3969 1968 4024 Joa-

396 4070 568 4131 tham,
590 4065 657 4120 de
669 4078 778 4133 quo
792 4060 1050 4130 scriptum
1075 4058 1299 4130 legimus
1314 4076 1327 4113 :
1341 4058 1523 4114 «Fecit
1544 4060 1684 4130 quod
1714 4061 1965 4131 placitum

394 4166 515 4216 erat
539 4169 725 4212 coram
772 4150 1021 4216 Domino,
1065 4148 1360 4204 secundum
1404 4150 1584 4205 omnia
1616 4165 1737 4221 qua:
1768 4152 1967 4208 fecerat

391 4257 547 4320 pater
564 4247 701 4315 ejus.
736 4242 1112 4299 Verumtamen
1131 4240 1344 4297 excelsa
1366 4257 1471 4297 non
1504 4242 1727 4299 abstulit
1750 4261 1764 4298 :
1790 4245 1966 4301 adhuc

393 4339 623 4413 populus
678 4333 1018 4399 immolabat,
1048 4342 1103 4388 ct
1154 4332 1402 4389 adolebat
1458 4335 1736 4390 incensum
1769 4338 1822 4391 in
1866 4352 1961 4391 cx-

393 4431 556 4487 cclsis
590 4428 654 4480 ¹’.
695 4444 717 4479 ι
752 4426 928 4496 Super
962 4422 1126 4479 Israel
1154 4433 1333 4478 autem
1356 4432 1549 4478 unctus
1569 4436 1654 4478 est
1677 4426 1961 4493 Phaceias,

394 4522 535 4577 [ilius
601 4518 858 4575 Manaim.
901 4536 920 4569 ι
962 4515 1227 4586 Regnavit
1268 4522 1474 4580 autem,
1532 4514 1728 4583 inquit,
1793 4531 1965 4572 atIIIOS

2076 3339 2193 3393 υἱοῦ
2244 3339 2392 3410 Γαζῆ
2452 3337 2547 3393 τοῦ
2615 3342 2680 3393 ὲκ
2734 3336 2952 3409 Θερσίν.
3022 3335 3434 3405 Ἐπεσημήνατο
3484 3333 3542 3387 δὲ
3594 3333 3659 3388 τὸ

2075 3431 2313 3503 Γράμμα
2338 3432 2399 3485 τὸ
2435 3432 2598 3503 ἱερὸν,
2632 3432 2716 3485 ὅτι
2748 3429 3036 3498 γεγόνασιν
3076 3428 3201 3493 υἱοὶ,
3255 3426 3349 3480 καὶ
3389 3424 3447 3490 ἐξ
3490 3425 3659 3496 αἵμα-

2073 3519 2317 3595 τοςῆσαν
2342 3520 2986 3594 ἀμφότεροιτοῦ’1ηοὺ,ὃς
3002 3519 3287 3574 ἀπέκτεινε
3309 3517 3398 3572 τὸν
3425 3514 3655 3588 Ἀχαὰ6,

2075 3614 2171 3667 καὶ
2207 3615 2332 3677 τοὺς
2373 3613 2522 3676 υἱοὺς
2551 3610 2738 3677 αὑτοῦ,
2770 3611 2866 3664 καὶ
2886 3612 2987 3680 τὴν
3033 3606 3289 3673 Ἰεζάϐελ,
3323 3599 3367 3675 ᾧ
3422 3609 3520 3661 καὶ
3551 3608 3654 3661 ὑπ-

2074 3708 2261 3777 έσχετο
2305 3708 2334 3759 ὀ
2379 3705 2531 3770 Θεὸς,
2574 3704 2778 3773 λέγων·
2811 3721 2830 3753 ι
2864 3703 2980 3757 Υἱοὶ
3026 3702 3278 3773 τέταρτοι
3323 3700 3655 3772 καθήσονται

2075 3799 2168 3851 ἐπὶ
2190 3799 2282 3852 τοῦ
2313 3798 2525 3869 θρόνου.
2562 3815 2581 3847 ι
2622 3794 2985 3849 Βεϐασίλευκε
3030 3793 3210 3848 τοίνυν
3252 3794 3280 3847 ὀ
3307 3792 3534 3863 Μαναῒμ
3560 3790 3656 3847 ἐπὶ

2072 3890 2163 3944 τὸν
2198 3890 2433 3961 Ἰσραὴλ,
2465 3886 2775 3952 ἀπεκτονὼς
2798 3887 2891 3940 τόν
2918 3886 3149 3956 Σελοὺμ,
3183 3904 3202 3937 ‹
3229 3885 3340 3939 Καὶ
3372 3884 3647 3953 ἐποίησε.»

2074 3979 2229 4049 φησὶ,
2256 3998 2275 4029 ι
2308 3978 2368 4031 τὸ
2393 3977 2628 4049 πονηρὸν
2655 3979 2712 4029 ὲν
2734 3975 3032 4046 ὀφθαλμοῖς
3053 3975 3280 4044 Κυρίου.
3307 3975 3419 4028 Οὐκ
3444 3972 3650 4041 ἀπέστη

2073 4064 2180 4121 ἀπὸ
2222 4067 2411 4122 πασῶν
2459 4066 2742 4138 ἁμαρτιῶν
2806 4066 3088 4138 ’ῐεροϐοὰμ
3149 4066 3266 4120 υἱοῦ
3326 4063 3547 4126 Ναϐἀτ,
3590 4060 3653 4125 ὃς

2072 4160 2348 4231 ἐξήμαρτε
2394 4160 2486 4212 τὸν
2542 4159 2775 4231 Ἰσραήλ.
2836 4180 2855 4212 ι
2914 4159 3294 4223 Βασιλεύοντος
3349 4157 3405 4210 δὲ
3460 4155 3647 4221 αὑτοῦ,

2071 4252 2214 4323 φημὶ
2244 4251 2329 4321 δὴ,
2368 4251 2464 4304 τοῦ
2498 4249 2746 4320 Μαναῒμ,
2779 4251 2874 4303 καὶ
2916 4249 3036 4322 θεῷ
3080 4248 3532 4322 προσκρούοντος,
3563 4249 3653 4303 διὰ

2069 4344 2130 4396 τὸ
2143 4342 2500 4414 προσκεῖσθαι
2526 4342 2644 4395 λίαν
2669 4347 2789 4406 ταῖς
2811 4344 2921 4398 τῶν
2944 4342 3178 4398 εἰδώλων
3192 4341 3649 4410 ψευδολατρείαις,

2072 4434 2568 4506 καταστρατεύεται
2632 4435 2733 4505 τῆς
2810 4434 3124 4507 Σαμαρείας
3187 4432 3330 4484 Φουά
3395 4431 3649 4499 βασιλεὺς

2084 4527 2402 4599 Ἀσσυρίων.
2445 4528 2542 4580 Ὃν
2579 4527 2892 4597 ἀμύνασθαι
2923 4529 3036 4589 τοῖς
3064 4523 3251 4586 ὅπλοις
3296 4524 3395 4576 οὐκ
3440 4520 3579 4592 ἔχων
3623 4523 3651 4574 6

390 4618 547 4679 duos,
569 4621 623 4669 et
646 4611 775 4668 fecit
807 4610 1005 4664 malum
1053 4623 1238 4665 coram
1278 4607 1525 4671 Domino,
1553 4607 1964 4678 coujuravitque

2076 4616 2313 4686 Mava’t‘p,
2363 4615 2578 4679 πολλοῖς
2624 4617 2910 4671 ἀναπείθει
2959 4617 3239 4687 χρήμασιν
3284 4614 3649 4682 ἀποφοιτῆσαι

391 4706 647 4761 adversus
675 4718 796 4756 eum
856 4699 1069 4754 Pharee
1104 4700 1245 4754 illius
1290 4700 1552 4755 “omelias
1600 4702 1707 4756 dux
1740 4700 1878 4768 ejus,
1908 4712 1967 4756 et

391 4796 656 4867 percussit
695 4808 815 4849 eum
838 4793 892 4847 in
919 4792 1256 4859 Satnaria,et
1298 4793 1542 4862 regnavit
1580 4809 1678 4864 pro
1709 4809 1774 4848 eo
1801 4809 1966 4863 super

391 4888 575 4945 Israel.
594 4887 659 4942 Et
690 4887 817 4943 fecit
841 4885 1038 4941 malum
1056 4900 1239 4939 coram
1259 4885 1505 4951 Domino,
1527 4894 1579 4941 et
1609 4901 1712 4942 non
1740 4887 1960 4941 recessit

388 4998 420 5035 a
446 4980 680 5051 peccatis
710 4978 999 5036 Jeroboam
1049 4978 1143 5033 lilii
1181 4976 1373 5042 Nabal,
1429 4977 1521 5048 qui
1573 4991 1798 5047 peccare
1833 4977 1963 5034 fecit

388 5070 555 5129 lsrael
592 5073 693 5129 ⁸⁸.»
731 5072 845 5128 Sub
893 5071 998 5127 hoc
1040 5083 1169 5139 rege
1200 5071 1443 5125 ascendit
1477 5069 1961 5140 Thcglatphalasar

391 5178 485 5219 rex
513 5162 883 5234 Assyriorum,
912 5170 987 5227 et,
1024 5161 1074 5215 vi
1121 5171 1383 5230 occupata
1417 5161 1665 5216 universa
1692 5161 1958 5228 Samaria,

388 5249 643 5306 lsraelem
677 5250 949 5307 transtulit
980 5252 1032 5306 in
1083 5250 1355 5321 Assyrios.
1389 5250 1631 5306 Mortuus
1664 5261 1750 5307 est
1782 5262 1958 5308 autem

393 5348 444 5394 et
472 5337 683 5393 Pbacee
725 5353 822 5409 per
865 5341 1090 5397 insidias
1114 5339 1290 5404 Oscae,
1317 5340 1410 5395 lilii
1440 5340 1557 5406 Ela,
1576 5343 1666 5411 qui
1695 5351 1749 5396 et
1773 5357 1963 5413 regna-

394 5428 465 5483 rit
485 5443 583 5499 pro
607 5442 673 5483 eo
702 5443 844 5484 anno
873 5431 1128 5488 vicesimo
1179 5431 1430 5487 Juatham
1471 5430 1562 5485 lilii
1607 5432 1866 5487 Azariam
1907 5436 1961 5488 In

393 5518 577 5574 diebus
607 5518 732 5584 illis,
756 5519 952 5590 inquit,
978 5524 1144 5594 coepit
1169 5524 1433 5579 Dominus
1461 5523 1674 5579 mittere
1697 5524 1746 5578 iu
1770 5522 1960 5579 Judam

390 5607 555 5665 Ratio
577 5622 756 5681 regem
793 5609 987 5682 Syriae,
1022 5624 1079 5668 et
1101 5613 1313 5671 Phacee
1356 5614 1522 5670 liliqu
1555 5613 1808 5671 Rontelia:
1836 5617 1902 5669 ἰ.
1938 5636 1959 5669 ι

390 5698 663 5768 Quoloco
712 5717 893 5759 sermo
920 5713 1218 5761 retrorsum
1278 5708 1438 5762 redit.
1507 5707 1755 5767 Diximus
1816 5708 1960 5764 enim

2070 4708 2167 4778 τῆς
2206 4709 2327 4777 γῆς,
2358 4708 2452 4759 καὶ
2498 4706 2655 4760 λῦσαι
2681 4707 2781 4779 τὴν
2823 4708 3024 4778 μάχην.
3070 4705 3287 4777 Ἐπειδὴ
3325 4705 3382 4758 δὲ
3410 4703 3650 4757 τετελεύ-

2067 4814 2235 4869 τηκεν
2266 4800 2294 4852 ὀ
2338 4798 2566 4870 Μαναῖμ
2598 4802 2656 4853 ὲν
2681 4801 2791 4853 ἔτει
2820 4800 3006 4853 λοιπὸν
3035 4798 3384 4870 πεντηκοστῷ
3411 4798 3504 4850 καὶ
3536 4797 3649 4850 δευ-

2067 4889 2209 4961 τέρῳ
2260 4891 2358 4959 τῆς
2405 4889 2681 4959 βασιλείας
2712 4889 2909 4955 Ὀζίου,
2955 4889 3168 4960 χρίεται
3209 4888 3370 4942 πάλιν
3409 4888 3502 4940 ἐπὶ
3549 4889 3647 4958 μὲν

2066 4981 2157 5034 τὸν
2200 4981 2426 5048 Ἰούδαν,
2454 4980 2549 5039 καὶ
2576 4983 2634 5034 ὲν
2668 4982 3062 5053 Ἱεροσολύμοις
3099 4980 3337 5051 ’ῐωάθαμ
3383 4980 3520 5051 μετά
3550 4981 3651 5051 τὴν

2066 5072 2160 5126 τοῦ
2211 5072 2414 5143 πατρὸς
2467 5071 2760 5145 τελευτὴν,
2814 5073 2945 5144 περὶ
3003 5064 3065 5124 οὗ
3131 5072 3476 5145 γέγραπται,
3566 5072 3649 5124 ὃτι

2073 5184 2093 5218 ι
2160 5167 2412 5237 Ἐποίησε
2454 5166 2514 5220 τὸ
2550 5166 2705 5230 suos;
2767 5168 2825 5220 ὲν
2871 5166 3173 5237 ὀφθαλμοῖς
3233 5167 3461 5237 Κυρίου,
3509 5163 3649 5219 κατὰ

2068 5257 2245 5312 πάντα
2278 5258 2381 5312 ὅσα
2424 5258 2678 5329 ἐποίησεν
2724 5259 2905 5323 Ὀζίας
2949 5259 2978 5311 ὀ
3028 5259 3210 5330 πατὴρ
3241 5258 3424 5313 αὑτοῦ.
3494 5256 3642 5328 Πλὴν

2062 5350 2130 5404 τά
2163 5348 2344 5419 ὑψηλὰ
2374 5351 2476 5404 οὐκ
2503 5350 2717 5423 ἐξῆρεν·
2749 5349 2829 5404 ἔτι
2859 5352 2886 5403 6
2909 5350 3035 5414 λαὸς
3064 5349 3339 5415 ὲθυσίαζε,
3382 5349 3478 5403 καὶ
3520 5349 3647 5403 ὲθυ-

2066 5442 2166 5514 μία
2209 5445 2267 5496 ὲν
2306 5447 2418 5507 τοῖς
2444 5444 2689 5515 ὑψηλοῖς.
2730 5464 2748 5496 ι
2806 5445 2931 5499 Ἐπὶ
2968 5445 3026 5498 δέ
3056 5462 3119 5514 γε
3148 5444 3241 5497 τὸν
3282 5443 3501 5512 Ἰσραὴλ
3540 5445 3649 5497 Φα-

2046 5526 2195 5598 Δκέας
2218 5534 2332 5597 υἱὸς
2356 5534 2448 5588 τοῦ
2486 5533 2735 5605 Μαναῖμ,
2777 5551 2796 5586 ι
2837 5534 3200 5589 Βεϐασίλευκε
3232 5532 3308 5596 δὲ,
3342 5532 3527 5603 φησὶν,
3550 5531 3646 5605 ἔτη

2062 5623 2177 5689 δύο,
2208 5624 2304 5679 καὶ
2341 5625 2566 5697 ἐποίησε
2612 5625 2674 5679 τὸ
2706 5626 2941 5699 πονηρὸν
2978 5628 3038 5680 ἐν
3066 5624 3368 5695 ὀφθαλμοῖς
3412 5624 3638 5695 Κυρίου.

2062 5708 2197 5768 Εἶτα
2228 5716 2594 5788 συνεστράφη,
2639 5716 2797 5789 φησὶ,
2828 5716 2919 5769 ἐπ’
2948 5714 3111 5770 αὐτὸν
3170 5713 3366 5780 Φακεὲ,
3411 5713 3527 5777 υίὸς
3552 5711 3645 5767 τοῦ

464 5880 686 5941 “Num.
727 5900 782 5952 ν,
818 5883 871 5941 9..
951 5884 991 5918 ’⁷
1016 5882 1082 5942 ιν
1111 5881 1244 5953 Reg.
1278 5897 1367 5956 xv,
1398 5883 1482 5939 1:2.
1565 5885 1606 5918 "
1644 5885 1712 5941 ιν
1748 5885 1879 5957 Reg.
1911 5903 1971 5942 xv

2076 5890 2183 5946 i-8.
2271 5890 2310 5923 ”
2338 5890 2464 5948 ibid.
2496 5891 2687 5948 32-35.
2766 5894 2810 5925 ²⁰
2841 5891 2972 5952 ibid.
3009 5889 3198 5947 23-26.
3259 5893 3302 5926 ²¹
3340 5892 3470 5949 ibid.
3512 5893 3579 5948 57
