4098 6276
286 392 289 397 ’
398 405 468 462 et
1315 403 1868 463 COMMENTARIUS
1902 405 1968 461 IN
2008 403 2239 463 ossam
2278 404 2719 463 PROHIETAH‘.
3586 398 3667 456 es

411 518 713 589 Ῥομελίου,
754 518 784 571 6
813 519 1103 590 τριστάτης
1131 518 1318 577 αὐτοῦ.
1350 521 1463 575 Καὶ
1500 522 1771 589 ἐπάταξεν
1815 521 1978 579 αὐτὸν

2096 529 2355 577 nortuum
2412 521 2644 590 Phacee,
2686 519 2830 578 Ozea
2874 520 2983 576 lilio
3037 518 3190 575 Elam
3232 518 3658 589 coniurationem

403 612 462 663 ἐν
499 607 801 680 Σαμαρείᾳ,
851 609 947 663 καὶ
979 608 1363 680 βεϐασίλευκεν
1407 611 1522 666 ἀντ’
1550 612 1716 667 αὐτοῦ
1756 613 1850 667 ἐπὶ
1890 611 1983 666 τὸν

416 699 650 772 Ἰσραήλ,
688 701 783 754 καὶ
811 699 1036 771 ἐποίησε
1070 700 1131 754 τὸ
1171 701 1406 773 πονηρὸν
1448 704 1508 757 ἐν
1535 702 1832 775 ὀφθαλμοῖς
1871 704 1986 758 Ku-

404 791 540 866 ρίου,
588 792 681 845 καὶ
709 792 811 846 οὐκ
852 792 1065 865 ἀπέστη
1104 793 1213 847 ἀπὸ
1245 793 1359 850 τῶν
1382 794 1667 868 ἁμαρτιῶν
1702 795 1986 868 Ἱεροϐοάμ

400 883 517 938 υίοῦ
564 884 790 948 Ναὸάτ,
835 885 894 948 ὃς
950 884 1225 957 ἐξήμαρτε
1283 887 1377 941 τὸν
1444 888 1692 961 Ἰσραήλ.
1740 907 1760 942 ι
1810 886 1981 941 Αύτιιῖ

403 975 777 1046 βασιλεύοντος
816 976 983 1047 άνέὸη
1029 978 1458 1052 Θεγλαόαλασὰρ
1491 978 1745 1051 βασιλεὺς
1791 963 1995 1032 ’Δσσυσῗ

404 1065 552 1137 ρίων,
585 1064 645 1129 ὃς
680 1068 862 1120 πᾶσαν
909 1065 1045 1135 ἐλὼν
1083 1066 1224 1122 κατὰ
1254 1069 1456 1140 κράτος
1502 1069 1603 1140 τὴν
1643 1068 1983 1139 Σαμάρειαν,

405 1156 653 1227 ἀπῴκισε
692 1157 785 1210 τὸν
837 1159 1056 1230 Ἰσραὴλ
1101 1161 1183 1223 εἰς
1225 1160 1563 1230 Ἀσσυρίους.
1616 1158 1984 1232 Τετελεύτηκε

404 1249 461 1302 δέ
505 1252 597 1303 καὶ
642 1251 672 1303 6
724 1251 920 1315 Φακεὲ,
974 1252 1286 1324 συστροφὴν
1327 1252 1412 1307 ἐπ’
1452 1253 1618 1307 αὑτὸν
1661 1255 1986 1326 ποιήσαντος

418 1343 574 1414 Ὠσηέ
603 1344 698 1397 τοῦ
733 1344 852 1399 υἱοῦ
890 1346 1044 1411 me,
1067 1346 1126 1409 ὃς
1152 1346 1246 1401 καὶ
1275 1346 1630 1402 ἐϐασίλευσεν
1652 1348 1769 1402 ἀντ’
1794 1347 1981 1412 αὐτοῦ,

406 1436 465 1488 ἐν
489 1435 597 1488 ἔτει
626 1437 860 1507 είκοστῷ
913 1438 1152 1509 Ὶωάθαμ
1188 1436 1305 1491 υἱοῦ
1350 1438 1624 1511 ’Λζαρίου.
1674 1456 1694 1491 ι
1752 1438 1892 1492 Ἀλλ’
1927 1441 1985 1492 ἐν

328 1590 336 1599 .
404 1530 524 1590 ταῖς
561 1528 793 1599 ἡμέραις
827 1529 1083 1593 ἐκείναις,
1117 1531 1300 1600 φησὶν,
1327 1530 1530 1603 ἤρξατο
1551 1529 1756 1600 Κύριος
1786 1529 1985 1595 ἐξαπο-

410 1618 649 1672 στέλλειν
678 1623 736 1673 ἐν
783 1621 953 1674 ’ἰούδα
991 1622 1083 1674 τὸν
1120 1621 1363 1675 Ῥαασὼν
1395 1620 1617 1691 βασιλέα
1645 1621 1866 1692 Συρίας,
1890 1621 1986 1675 καὶ

409 1708 499 1761 τὸν
523 1710 697 1763 Φακεέ
723 1711 836 1764 υίδν
879 1712 1177 1783 Ῥομελίου.
1205 1732 1223 1764 ι
1244 1714 1458 1767 Ἀνόπιν
1487 1714 1617 1784 ἡμῖν
1643 1715 1701 1768 ἐν
1720 1712 1932 1777 τούτοις
1956 1714 1987 1767 6

408 1799 566 1870 λόγος
589 1802 823 1874 ἔρχεται.
862 1805 1111 1875 Ἐφαμεν
1133 1804 1263 1877 γὰρ,
1287 1805 1369 1859 ὅτι
1396 1803 1784 1877 τετελεύτηκεν
1829 1804 1857 1858 6
1878 1805 1986 1857 Φα-

412 1861 527 1957 κεέ,
547 1861 559 1866 1
766 1894 860 1949 τοῦ
885 1861 1024 1950 υιὸῖῖ
1047 1861 1177 1951 ἸΙλά
1202 1861 1529 1969 σύστρεμμα
1570 1861 1985 1969 καίέπιὸουλὴν
2015 1861 2060 1918 Β

413 1982 502 2035 ἐπ’
528 1983 690 2037 αὐτόν
724 2002 848 2040 τινα
877 1986 1272 2059 ποιησαμένου.
1311 1988 1459 2060 Πλὴν
1485 1989 1544 2043 ἐν
1575 1988 1788 2060 χρόνοις
1820 1987 1986 2044 αὐτοῦ

411 2073 655 2143 γεγονὸς,
701 2078 784 2140 είς
831 2077 995 2148 μέσον
1035 2079 1164 2148 ἄγει
1212 2080 1477 2151 διήγημα.
1529 2099 1549 2134 ι
1587 2079 1827 2152 Ἤρξατο
1853 2080 1985 2153 γὰρ,

412 2166 565 2235 φησι,
597 2165 799 2237 Κύβος
829 2168 886 2220 ἐν
907 2170 1028 2232 ταῖς
1049 2169 1288 2241 ήμέραις
1313 2171 1553 2234 ἐκείναις
1579 2170 1988 2236 ἐξαποστέλλειν

413 2258 472 2309 ἐν
534 2258 706 2312 ’ἰούδα
756 2259 847 2313 τὸν
903 2260 1150 2316 Ῥαασὼν
1224 2261 1449 2332 βασιλέα
1494 2263 1712 2335 Συρίας,
1766 2263 1989 2318 καὶτὸν

409 2347 585 2402 Φακεὲ
613 2348 728 2403 υίὸν
770 2351 1067 2422 Ῥομελίου.
1105 2372 1124 2405 ι
1156 2353 1329 2407 Φακεὲ
1364 2354 1474 2426 γὰρ
1505 2357 1539 2410 6
1572 2354 1667 2408 τοῦ
1707 2354 1988 2426 Ῥομελίου

412 2441 791 2514 πεπολέμηκεν
821 2443 897 2508 ὡς
924 2444 1157 2516 ὁμόρους
1187 2447 1346 2511 ὄντας
1366 2448 1495 2511 τοὺς
1530 2445 1986 2518 Ἱεροσολυμίτας.

422 2535 642 2607 Ἐπειδὴ
683 2536 739 2590 δὲ
780 2536 959 2607 δεινὴν
991 2539 1087 2592 καὶ
1131 2538 1435 2609 ἄθραυστον
1486 2538 1679 2593 ἐθεᾶτο
1720 2537 1819 2610 τήν
1848 2537 1993 2592 άντί-

413 2641 621 2689 στασιν,
663 2628 945 2682 ἀναπείθει
988 2628 1079 2682 τὸν
1113 2629 1361 2683 Ῥαασὼν
1380 2630 1471 2683 τὸν
1502 2629 1726 2700 βασιλέα
1745 2628 1858 2682 τῶν
1882 2628 1990 2682 Σύ-

417 2733 546 2786 ρων,
589 2715 850 2772 σύνοπλον
880 2719 1029 2790 αὐτῷ
1067 2720 1320 2788 γενέσθαι
1358 2720 1454 2773 καὶ¹
1501 2719 1865 2792 συλλήπτορα,
1897 2718 1992 2773 καὶ

418 2807 939 2879 συνεκπολιορκῆσαι
997 2808 1095 2876 τὴν
1168 2809 1540 2880 Ἰερουσαλήμ.
1596 2808 1992 2880 Συνεστηκότος

415 2896 478 2967 δὴ
524 2891 615 2951 οῦν
664 2899 761 2951 τοῦ
825 2900 1082 2972 πολέμου,
1131 2900 1485 2971 τετελεύτηκε
1536 2901 1635 2972 μὲν
1678 2901 1918 2972 Ἰωάθαμ
1963 2903 1993 2955 6

418 2986 530 3050 υίὸς
575 2987 845 3058 Ἀζαρίου.
888 2990 1196 3061 Διαδέχεται
1219 2990 1394 3063 δὲτὴν
1427 2990 1700 3061 βασιλείαν
1734 2989 1944 3062 Ἀχατζ
1964 2991 1994 3043 6

413 3078 528 3142 υίὸς
550 3078 739 3147 αὐτοῦ,
764 3082 1001 3153 πονηρὸς
1024 3080 1099 3136 ὢν
1134 3081 1275 3152 ἄγαν
1322 3083 1419 3136 καὶ
1446 3081 1856 3152 εἰδωλολάτρης,
1897 3080 1994 3135 καὶ

2084 622 2136 669 et
2164 612 2390 670 insidias
2418 614 2472 670 in
2517 614 2665 669 illum
2696 621 3072 684 comparante.
3103 609 3208 667 Sed
3262 609 3404 681 quod
3450 619 3660 677 tempo-

2082 705 2233 762 ribus
2280 703 2408 772 ejns.
2445 704 2663 769 accidit,
2693 704 2746 758 in
2801 703 3037 759 medium
3097 701 3428 758 narrationis
3484 699 3656 754 addu-

2080 797 2215 853 cit.c
2247 794 2430 867 Coepit
2457 796 2625 859 enim,
2672 795 2873 866 inquit,
2908 793 3165 849 Dominus
3213 793 3429 848 mittere
3472 790 3663 846 diebus

2085 886 2190 942 illis
2213 887 2264 941 in
2282 883 2472 941 ludam
2504 884 2705 940 Rhasin
2734 898 2914 955 regem
2939 883 3132 954 Syrias,
3168 891 3225 939 et
3261 883 3473 939 Phacee
3494 880 3661 935 lilium

2084 979 2363 1035 Romeliae.
2396 997 2415 1033 ι
2450 977 2662 1034 Phacee
2700 990 2936 1045 namque
2979 976 3236 1031 Romelite
3286 976 3425 1032 [ilius
3447 973 3665 1031 Jcroso-

2085 1068 2322 1139 iymitas,
2387 1077 2642 1139 tanquam
2684 1066 2942 1121 ﬁnitimos
2973 1065 3139 1119 armis
3172 1064 3465 1120 lacessivit.
3496 1064 3663 1120 Cum-

2086 1175 2191 1229 que
2224 1163 2445 1227 acriter,
2476 1169 2531 1214 et
2559 1157 2790 1214 infracto
2840 1158 3037 1213 robore
3066 1155 3167 1212 sibi
3197 1156 3383 1210 resisti
3434 1156 3662 1224 videret,

2085 1250 2288 1307 Rhasin
2319 1251 2601 1322 Syriorum
2633 1264 2810 1321 ηοω
2836 1249 2902 1303 ad
2934 1263 3084 1303 arma
3110 1262 3291 1302 secum
3315 1244 3665 1318 Jerosolyma:

2085 1342 2456 1412 expugnanda:
2484 1341 2845 1397 consocianda
2873 1339 3103 1409 impulit.
3133 1337 3281 1394 Bello
3305 1339 3472 1410 igitur
3501 1337 3666 1393 ador-

2087 1442 2237 1499 nato,
2298 1431 2550 1487 Joatham
2615 1432 2828 1488 Azariae
2881 1431 3024 1486 illius
3055 1431 3375 1499 deccdit,et
3437 1444 3662 1500 regnum

2084 1524 2265 1579 Achaz
2299 1522 2439 1579 illius
2463 1519 2578 1590 ejus
2615 1521 2811 1590 accipit
2849 1521 2918 1586 “,
2946 1523 3108 1576 homo
3142 1520 3581 1589 improbissimus
3603 1526 3665 1573 et

2086 1614 2391 1680 idololatra,
2413 1613 2658 1683 adeoque
2685 1614 2751 1667 ad
2768 1626 3007 1668 errorem
3051 1612 3224 1667 insani
3259 1611 3522 1669 idolorum
3551 1608 3667 1665 cui:

2087 1716 2173 1761 tus
2211 1705 2414 1767 ebrius.
2455 1714 2515 1759 ut
2540 1713 2596 1759 et
2624 1704 2789 1758 lilium
2816 1718 2974 1759 suum
3001 1718 3098 1774 per
3119 1704 3295 1774 ignem
3320 1702 3669 1770 transferret,

2087 1805 2141 1853 et
2193 1798 2260 1852 ad
2318 1796 2547 1868 quodvis
2591 1803 2788 1851 tetrum
2829 1796 3039 1851 facinus
3075 1794 3393 1860 declinaret,
3438 1802 3497 1848 et
3536 1793 3667 1849 σόον

2087 1890 2221 1945 teret
2247 1889 2523 1945 incensum
2549 1888 2602 1943 in
2629 1887 2881 1955 excelsis,
2916 1896 2972 1942 et
3023 1886 3126 1943 sub
3162 1886 3311 1944 omni
3338 1885 3488 1958 ligno
3516 1883 3667 1940 fron-

2087 1984 2243 2047 doso,
2300 1981 2438 2038 sicut
2478 1981 2537 2053 9
2578 1983 2838 2053 scriptum
2883 1988 2967 2036 est
2997 1980 3066 2034 υ.
3098 1978 3467 2036 Conturbatus
3502 1976 3676 2047 igitur

2086 2075 2285 2142 Achaz,
2318 2075 2665 2145 collectisque
2700 2072 2969 2129 universis
3002 2071 3210 2128 divitiis
3237 2084 3357 2141 quae
3408 2069 3462 2126 in
3504 2068 3682 2125 domo-

2087 2166 2299 2222 Domini
2330 2164 2768 2234 inveniebantur,
2828 2177 2925 2235 per
2949 2164 3167 2220 nuntios
3189 2162 3258 2218 ad
3298 2161 3665 2233 Theglatpha-

2088 2260 2230 2315 lasar
2257 2273 2437 2329 regem
2467 2258 2815 2330 Assyriorum
2845 2250 3037 2313 salutis
3056 2255 3361 2311 obtinendae
3383 2268 3547 2310 causa
3575 2266 3669 2309 eas

2093 2349 2411 2405 transmisit.
2472 2348 2729 2421 Assyrius
2787 2346 2952 2419 igitur
2997 2355 3191 2404 contra
3223 2345 3432 2402 Rhasiu
3484 2357 3667 2415 regem

2091 2441 2285 2499 bellum
2309 2441 2493 2507 sumit,
2547 2440 2866 2495 Damascum
2911 2438 3089 2510 Syria:
3130 2437 3469 2507 metropolim
3497 2436 3667 2506 capit,

2090 2533 2293 2589 Rhasin
2347 2532 2621 2588 interﬁcit.
2681 2532 2861 2588 Acha:
2916 2532 3261 2602 postmodum
3313 2528 3666 2600 Jerosolymis

2092 2625 2435 2691 Damascum,
2500 2624 2780 2695 Assyrium
2836 2623 3079 2690 visurus,
3125 2621 3424 2680 descendit.
3486 2622 3560 2677 lbi
3609 2621 3668 2677 in

2093 2716 2328 2773 delubris
2365 2714 2630 2770 idolorum
2661 2730 2783 2770 cum
2818 2714 2993 2772 altare
3032 2729 3172 2771 novo
3218 2714 3452 2785 quodam
3489 2720 3544 2769 et
3587 2711 3673 2768 in-

2092 2808 2294 2861 usitato
2340 2806 2501 2862 modo
2534 2814 2909 2862 constructum
2944 2806 3189 2871 vidisset,
3237 2819 3304 2861 eo
3344 2817 3674 2875 magnopere

2093 2897 2415 2961 delectatus,
2474 2896 2702 2953 formam
2749 2898 2869 2970 ejus
2904 2912 3003 2955 seu
3058 2894 3340 2967 exemplar
3381 2896 3447 2949 ad
3484 2893 3674 2949 Uriam

2095 2989 2435 3045 sacerdotem
2487 2986 2881 3061 Jerosolymam
2925 2986 3095 3052 misit,
3148 2994 3203 3041 et
3233 2984 3409 3048 simile
3432 2981 3675 3040 construi

2090 3081 2269 3150 jussit.
2299 3082 2417 3147 Quo
2443 3080 2593 3136 illato
2628 3083 2682 3135 in
2725 3080 2945 3135 domum
2979 3077 3212 3143 Domini,
3245 3085 3301 3133 et
3331 3086 3539 3131 tantum
3565 3090 3673 3132 non

414 3167 772 3238 καταμεθύων
792 3168 933 3224 οὕτω
951 3171 1084 3242 πρὸς
1121 3172 1387 3241 πλάνησιν
1416 3171 1774 3243 είδωλομανῆ,
1794 3171 1870 3235 ὼς
1888 3173 1987 3226 καὶ

2096 3180 2277 3243 Spreto
2301 3186 2364 3226 ac
2390 3181 2702 3242 contempto
2726 3171 2868 3241 quod
2914 3169 3093 3226 Moses
3121 3168 3216 3224 Dei
3239 3168 3518 3224 voluntate
3542 3165 3678 3221 fece-

317 3277 323 3284 ’
413 3259 503 3312 τὸν
528 3260 659 3313 ἴδιον
678 3260 793 3314 υἱὸν
814 3262 1092 3332 διαγαγεῖν
1112 3264 1170 3317 ἐν
1194 3281 1266 3316 πυ
1274 3264 1349 3335 pl,
1371 3265 1465 3318 καὶ¹
1503 3268 1638 3336 πρὸς
1666 3266 1775 3319 πᾶν
1812 3264 1990 3320 ὁτιοῦν

416 3350 711 3404 άπονεῦσαι
784 3352 893 3407 τῶν
960 3354 1240 3421 ἐκτόπων,
1326 3355 1422 3408 καὶ
1490 3355 1689 3428 θυμιᾷν
1757 3356 1817 3409 ἐν
1878 3358 1992 3419 τοῖς

419 3440 662 3512 ὑψηλοῖς,
726 3444 824 3498 καὶ
895 3445 1152 3500 ὑποκάτω
1204 3446 1406 3511 παντὸς
1457 3445 1611 3510 ξύλου
1679 3445 1949 3510 άλσώδους
1974 3487 1991 3514 ,

419 3532 558 3587 κατὰ
620 3532 682 3588 τὸ
752 3535 1158 3608 γεγραμμένον.
1214 3536 1662 3608 Τεθορυϐημένος
1708 3537 1773 3609 δὴ
1821 3533 1913 3592 οὗν
1965 3537 1994 3590 6

421 3622 647 3695 'AxatC,
683 3625 860 3680 πάντα
912 3625 1252 3695 συνενεγκὼν
1301 3628 1392 3681 τὸν
1435 3627 1665 3681 πλοῦτον
1703 3627 1794 3681 τὸν
1838 3629 2002 3699 εὕρεο,

420 3712 579 3768 θέντα
604 3717 662 3771 ἐν
678 3716 811 3789 οἴκῳ
828 3718 1057 3790 Κυρίου,
1080 3718 1396 3773 ἀποστέλλει
1416 3718 1554 3790 πρὸς
1569 3718 1994 3790 Θεγλαϐαλασάρ

421 3806 648 3878 βασιλέα
686 3808 1007 3882 Ἀσσυρίων,
1041 3811 1136 3864 καὶ
1166 3810 1433 3875 σώζεσθαι
1465 3810 1531 3864 δι’
1557 3809 1721 3863 αὑτοῦ
1752 3809 1998 3882 παρεκά-

420 3899 846 3965 λει.¹οπλίζεται
892 3903 1075 3956 τοίνυν
1108 3901 1389 3973 Ἀσσύριος
1436 3901 1576 3956 κατὰ
1619 3901 1721 3972 τῆς
1753 3901 1998 3957 Ῥαασὼν

424 3992 722 4062 βασιλείας,
749 3995 845 4048 καὶ
873 3994 1082 4065 δέχεται
1108 3995 1205 4065 μὲν
1226 3995 1325 4067 τήν
1347 3995 1659 4065 Δαμασκὸν,
1683 3994 1719 4065 ἦ
1747 3997 1863 4048 ἐστι
1895 4011 1999 4066 μη-

424 4083 678 4152 τρόπολις
706 4084 807 4154 τῆς
835 4085 1053 4154 Συρίας,
1085 4087 1297 4157 ἀναιρεῖ
1338 4085 1396 4138 δὲ
1437 4085 1530 4139 τὸν
1564 4086 1827 4141 Ῥαασών.
1866 4082 1999 4142 Εἶτα

428 4170 672 4224 κάτεισιν
696 4172 901 4241 Ἀχατζ
930 4174 995 4225 ἐκ
1019 4173 1126 4225 τῶν
1159 4174 1541 4245 Ἱεροσολύμων
1580 4177 1659 4240 εἰς
1688 4178 1998 4248 Δαμασκὸν,

430 4261 697 4332 ὀψόμενος
720 4261 810 4315 τὸν
846 4261 1147 4331 Ἀσσύριον.
1164 4264 1251 4316 Ἐν
1282 4265 1340 4318 δέ
1378 4267 1492 4328 τοῖς
1522 4265 1630 4319 τῶν
1658 4267 1887 4322 εἰδώλων
1911 4287 2000 4323 τε-

432 4353 618 4425 μένεσι
648 4353 1030 4426 θυσιαστήριον
1080 4354 1359 4426 ἑωρακὼς,
1389 4358 1730 4430 καινοπρεπῆ
1763 4376 1880 4414 τινα
1909 4362 2002 4417 καὶ

427 4447 571 4519 ἀήθη
615 4447 961 4518 κατασκευὴν
1013 4445 1152 4516 ἔχον,
1191 4448 1284 4501 καὶ
1330 4448 1517 4521 ήσθεὶς
1544 4451 1632 4504 ἐπ’
1671 4452 1819 4524 αύτῷ
1859 4454 2000 4521 λίαν,

2096 3276 2197 3332 rat,
2254 3279 2418 3333 super
2466 3278 2532 3320 eo
2577 3262 2845 3320 sacriﬁcia
2891 3261 3153 3319 solemnia
3194 3259 3492 3333 perpetrari
3520 3273 3685 3314 ωειλ-ι

2094 3358 2259 3414 davit.
2295 3356 2417 3411 Alia
2479 3366 2677 3425 praeter
2700 3354 2815 3409 haec
2852 3353 2906 3409 in
2974 3353 3195 3424 templo,
3254 3367 3352 3424 pro
3410 3351 3679 3407 arbitratu

2096 3447 2516 3511 inconsiderate,
2541 3453 2597 3501 et
2631 3443 2742 3500 Deo
2780 3444 2949 3500 invito
2984 3444 3222 3500 novavit.
3269 3442 3410 3511 Quin
3451 3451 3509 3498 et
3542 3451 3675 3497 tem-

2093 3538 2316 3606 poribus
2343 3537 2480 3607 ejus,
2508 3536 2802 3591 etiamnum
2829 3536 3045 3590 vivente
3076 3533 3216 3589 Osee
3237 3532 3348 3588 lilio
3380 3532 3529 3588 Elam
3548 3543 3677 3602 rege

2093 3626 2279 3693 Israel,
2305 3626 2547 3683 ascendit
2567 3626 2913 3682 Salmanasar
2941 3639 3030 3679 rex
3047 3624 3392 3695 Assyriorum
3416 3622 3680 3679 adversus

2097 3719 2286 3786 Israel,
2337 3726 2658 3788 vastataque
2685 3714 2957 3780 Samaria,
3004 3716 3071 3771 ad
3140 3725 3357 3770 montes
3388 3722 3443 3769 et
3488 3712 3681 3768 ﬂuvios

2097 3811 2375 3869 Medorum
2404 3811 2575 3880 ipsum
2607 3808 2898 3864 transtulit.
2932 3809 3069 3864 Osee
3096 3821 3310 3878 quoque
3342 3807 3460 3862 neci
3502 3805 3676 3873 dedit,

2098 3901 2240 3970 quod
2267 3913 2460 3958 mauaa
2495 3898 2515 3970 (
2540 3897 2757 3968 signum
2788 3895 3183 3968 subiectionis)
3222 3909 3327 3950 non
3387 3894 3676 3957 attulisset,

2100 3997 2232 4063 quin
2302 3992 2484 4061 potius
2546 3982 2770 4061 Egypti
2822 4003 3001 4060 regem
3051 3989 3251 4044 auxilio
3312 3994 3562 4044 vocasset
3604 3985 3677 4040 ".

2100 4087 2283 4142 Achaz
2312 4099 2343 4140 e
2364 4084 2501 4138 vivis
2527 4070 2799 4152 exempto,
2837 4074 3082 4151 regnavit
3112 4080 3370 4134 Ezechias
3395 4078 3537 4133 illius
3561 4076 3695 4145 eius

2103 4191 2267 4245 super
2295 4173 2487 4229 Judam
2512 4174 2566 4228 in
2595 4170 2916 4226 Jerusalem.
2938 4168 3035 4222 ilic
3056 4160 3157 4221 fuit
3178 4168 3262 4220 vir
3287 4168 3429 4235 plus,
3453 4174 3509 4221 et
3526 4165 3695 4235 justi-.

2107 4268 2194 4322 tia:
2231 4279 2392 4335 quam
2452 4260 2907 4323 studiosissimus,
2952 4267 3013 4312 ut
3060 4256 3381 4312 immensum
3418 4267 3680 4329 quantum

2105 4369 2269 4425 supra
2297 4352 2432 4407 alios
2461 4352 2515 4406 in
2540 4352 2623 4406 his
2648 4348 3119 4419 excelleret.clpse
3142 4348 3355 4405 excelsa
3376 4347 3679 4419 dissipavit,

2107 4457 2162 4502 et
2180 4445 2331 4499 lucos
2352 4440 2600 4506 succidit,
2629 4448 2684 4495 et
2703 4449 2820 4494 erat
2838 4437 3097 4493 Dominus
3113 4451 3233 4492 cum
3257 4452 3323 4491 eo
3335 4438 3527 4493 ³⁸.»Εο
3554 4451 3681 4507 rege

427 4536 729 4608 ἐκτύπωμα
758 4534 959 4599 λαϐὼν,
982 4536 1301 4591 ἀποστέλλει
1330 4539 1467 4611 πρὸς
1498 4540 1703 4610 Οὐρίαν
1730 4542 1820 4594 τὸν
1854 4543 1995 4613 ἱερέα

2110 4535 2357 4592 ascendit
2410 4532 2761 4590 Senacherim
2814 4546 2909 4586 rex
2936 4528 3279 4601 Assyriorum
3310 4528 3380 4582 ad
3434 4529 3706 4585 civitates.

429 4627 487 4679 ἐν
540 4628 655 4688 τοῖς
688 4624 1115 4697 Ἱεροσολύμοις,
1168 4627 1265 4680 καὶ
1310 4627 1373 4699 δὴ
1417 4629 1536 4682 κατ’
1569 4630 1702 4683 αὐτὸ
1753 4632 2005 4699 γενέσθαι

430 4718 813 4790 προστέταχεν.
863 4717 1201 4786 Είσενεγκὼν
1248 4719 1306 4772 δέ
1352 4722 1409 4773 ἐν
1454 4721 1588 4792 οἴκῳ
1638 4722 1872 4793 Κυρίου,
1910 4723 2005 4777 καὶ

433 4789 714 4882 μονονουχὶ
744 4807 837 4863 καὶ
863 4810 1135 4880 ἀτιμάσας
1182 4810 1244 4863 τὸ
1292 4811 1429 4865 κατὰ
1473 4789 1740 4881 βούλησιν⁷
1754 4789 1889 4866 Θεοῦ
1918 4815 2006 4868 διά

429 4900 673 4964 Μωσέως
704 4902 1087 4973 γεγενημένον,
1115 4903 1202 4954 ἐπ’
1234 4901 1384 4973 αύτῷ
1423 4901 1664 4975 πληροῦν
1690 4902 1759 4958 τὰ
1791 4920 2006 4974 νενομι-

432 4989 607 5061 σμένα
638 4988 990 5060 προστέταχε.
1014 4990 1126 5042 Καὶ
1151 4989 1315 5061 ἐτερα
1337 4990 1393 5042 δέ
1426 4990 1561 5062 πρὸς
1587 4991 1797 5055 τούτοις
1819 5008 2008 5045 κεκαι-

430 5080 732 5153 νούργηκεν
773 5080 830 5133 ἐν
859 5080 936 5151 τῷ
958 5079 1091 5151 ναῷ,
1121 5080 1262 5135 κατὰ
1286 5079 1347 5133 τὸ
1377 5080 1526 5152 αὐτῷ
1561 5080 1772 5148 δοκοῦν,
1817 5083 2007 5153 ἀπερι-

435 5175 703 5239 σκέπτως,
735 5174 829 5226 καὶ
870 5173 1183 5245 ἀπᾳδόντως
1210 5172 1530 5244 Θεῷ.Ἀλλὰ
1562 5175 1656 5228 καὶ
1681 5176 1738 5228 ἐν
1764 5176 1876 5238 τοῖς
1908 5174 2005 5227 αύ-

431 5267 525 5321 τοῦ
580 5268 813 5337 καιροῖς,
843 5264 922 5318 ἔτι
973 5264 1171 5330 ζῶντος
1206 5266 1364 5338 Ὠσηέ
1411 5266 1528 5321 υἱοῦ
1563 5266 1695 5320 Ἤλά
1745 5265 2005 5337 βασιλέως

446 5359 679 5431 Ἰσραὴλ,
709 5358 874 5429 ἀνέϐη
924 5359 953 5410 6
1000 5358 1368 5430 Σαλμανασάρ
1421 5358 1673 5429 βασιλεὺς
1707 5358 2009 5429 ’Λσσυρίων

433 5452 528 5505 ἐπὶ
557 5451 647 5504 τὸν
676 5450 912 5522 Ἰσραὴλ,
941 5448 999 5513 ὃς
1027 5449 1380 5523 καταδῃὼσας
1410 5449 1506 5522 τὴν
1524 5449 1853 5521 Σαμάρειαν,
1883 5465 2010 5520 μετ-

436 5540 616 5614 ῴκησε
639 5542 729 5597 τὸν
752 5542 970 5616 Ἰσραὴλ
984 5544 1041 5596 ἐν
1064 5542 1237 5614 ὄρεσι,
1256 5544 1349 5596 καὶ
1368 5547 1635 5613 ποταμοῖς
1657 5542 1763 5596 τῶν
1786 5543 2006 5612 Μήδων.

455 5632 756 5689 ’Δπέκτεινε
783 5636 838 5689 δὲ
867 5634 961 5689 καὶ
986 5634 1148 5689 αὐτὸν
1172 5634 1353 5706 Ὠσηέ.
1370 5635 1481 5690 Καὶ
1505 5634 1592 5689 διὰ
1616 5635 1770 5688 ποίαν
1795 5635 1972 5689 αἰτίαν
1994 5652 2007 5702 ;

516 5821 558 5852 ⁸³
600 5819 663 5874 iV
698 5821 837 5891 lteg.
882 5836 994 5891 xu,
1030 5820 1085 5873 2.
1165 5821 1209 5853 ’³
1231 5819 1360 5876 ibid.
1387 5819 1438 5874 xi.
1516 5820 1560 5852 “
1597 5816 1664 5873 IV
1702 5816 1829 5887 Reg.
1873 5832 2005 5887 xm,
2038 5816 2059 5872 l
2094 5829 2246 5887 seqq.

2111 4627 2311 4684 Judzea}
2337 4625 2594 4690 munitas,
2615 4638 2750 4695 quas
2770 4623 3003 4688 obsedit,
3019 4631 3073 4678 et
3096 4622 3234 4678 citra
3255 4621 3490 4676 laborem
3514 4619 3683 4691 cepit.

2109 4718 2263 4774 Tunc
2299 4720 2425 4772 item
2458 4716 2733 4772 Rabsaces
2762 4714 3113 4786 Jerosolymis
3140 4714 3384 4778 insultat,
3411 4721 3467 4767 et
3509 4712 3687 4782 impu-

2109 4813 2243 4866 dens
2290 4824 2354 4864 os
2384 4817 2572 4863 contra
2609 4808 2774 4861 Deum
2834 4808 3104 4874 aperiens,
3141 4802 3693 4864 utaledicentissimas

2110 4901 2231 4956 illas
2263 4916 2422 4955 voces
2464 4898 2684 4954 emittit.
2704 4895 2857 4950 Tunc
2881 4910 3096 4966 quoque
3118 4896 3223 4951 leto
3258 4895 3382 4949 data
3406 4908 3472 4949 ex
3487 4892 3687 4949 castris

2112 4993 2466 5064 Assyriorum
2494 5000 2711 5047 centum
2764 4990 3037 5060 octoginta
3070 4989 3311 5059 quinque
3340 4986 3526 5053 millia,
3576 5001 3684 5041 una

2115 5095 2276 5140 nocte
2295 5097 2457 5138 manu
2481 5083 2657 5154 angeli
2690 5081 2957 5137 confecta.
2983 5080 3110 5135 Haec
3132 5079 3336 5134 utiliter
3366 5077 3418 5133 in
3445 5091 3699 5149 presens

2115 5176 2258 5230 dicta
2281 5184 2406 5230 sunt
2428 5193 2442 5230 :
2467 5175 2660 5243 cuique
2678 5174 2821 5229 enim
2848 5173 3072 5228 istorum
3096 5185 3319 5245 casuum
3337 5170 3717 5241 propheticus.

2117 5266 2207 5322 hic
2266 5281 2448 5322 sermo
2474 5267 2608 5321 scite
2630 5265 2998 5336 quadraverit.
3037 5264 3190 5319 Nunc
3209 5263 3353 5317 enim
3385 5263 3688 5318 Samaritas

2113 5358 2396 5427 increpat:
2423 5372 2563 5413 nunc
2585 5356 2978 5426 Jerosolymitis
3003 5352 3249 5409 hostilem
3272 5355 3562 5411 adventum
3584 5354 3691 5406 mi-

2113 5459 2295 5506 natur:
2311 5451 2651 5521 captivitates
2667 5449 3261 5519 praenuntiat,timorem
3275 5446 3686 5521 prmsigniilcat.

2115 5541 2374 5597 auxilium
2395 5541 2694 5611 promittit:
2717 5540 2783 5594 ad
2801 5541 3209 5595 conversionem
3227 5540 3417 5596 invitat
3445 5550 3571 5593 :nec
3586 5536 3691 5588 ulla

2117 5630 2171 5684 in
2195 5630 2295 5684 hac
2320 5628 2602 5699 prophetia
2630 5629 2993 5698 praetermissa
3020 5636 3105 5684 est
3142 5628 3301 5694 ratio,
3343 5627 3553 5684 ullusve
3585 5637 3696 5677 mor

2326 5813 2370 5847 ”
2400 5813 2466 5871 Ν
2498 5810 2630 5883 Reg.
2660 5828 2820 5883 xvm,
2854 5812 2908 5867 i.
