4098 6276
437 358 513 421 23
1460 374 1516 430 S.
1557 374 1831 431 CYRILM
1867 374 1989 431 ,ηε

2091 373 2338 431 .NDRINI
2376 375 2701 443 Αιιοιιιεξιλ.
3615 377 3692 439 εδ

439 483 673 551 dus.quo
693 494 819 545 tunc
832 491 1264 560 erroredcecptis
1283 495 1488 560 consuli
1513 497 1724 561 debuit.
1737 497 1824 551 Ait
1840 512 1989 567 ergo:

2114 498 2235 552 Ὀτι
2266 498 2341 569 μὴ
2375 498 2815 568 προσκεκόμικεν
2841 495 2988 568 αὐτῷ
3016 496 3077 549 τὸ
3107 494 3311 565 μαναὰ,
3343 495 3529 566 φησὶν.
3565 495 3594 549 ὃ
3617 492 3691 569 ἦν

434 575 707 650 συμϐολρν
736 581 1013 652 ὑποταγῆς
1032 601 1046 615 ’
1079 584 1262 639 ἐκάλει
1287 587 1343 641 δὲ
1365 590 1567 658 μᾶλλον
1589 592 1670 654 εἰς
1693 592 2014 662 ἐπικουρίαν
2048 597 2141 645 τον
2161 592 2485 660 Αἰγυπτίων
2541 591 2835 663 τύραννον.
2880 586 3012 643 Εἶτα
3052 590 3194 643 κατὰ
3240 587 3402 642 τοῦτο
3430 588 3684 658 τελευτή-

438 683 634 732 σαντος
661 671 752 726 τοῦ
773 672 997 743 ’Λχατζ,
1030 674 1415 746 βεϐασίλευκεν
1446 680 1696 754 Ἐζεχίας
1718 683 1833 746 υίὸς
1856 680 2022 745 αὐτοῦ
2061 682 2156 744 ἐπὶ
2202 683 2295 737 τὸν
2361 683 2567 737 Ἰούδαν.
2607 684 2665 735 ἐν
2697 682 3073 752 Ἰερουσαλήμ.
3180 676 3354 743 Οὗτος
3392 678 3503 751 γάρ
3545 679 3687 750 ἀνὴρ

435 760 660 845 γέγονεν
699 764 943 832 εὐσεϐὴς,
970 768 1064 820 καὶ
1094 769 1204 821 τῶν
1251 772 1334 833 ὅτι
1384 771 1619 841 μάλιστα
1667 774 2012 845 δικαιοσύνης
2047 773 2511 845 ἐπιμελουμένων,
2538 774 2615 837 ὡς
2646 764 2651 769 ’
2683 772 3021 843 ἀσύγκριτον
3065 770 3209 842 ἔχειν
3238 769 3391 841 παρὰ
3418 771 3545 832 τοὺς
3585 769 3684 825 ἄλ-

435 844 563 910 λους
603 850 702 921 τήν
738 851 795 909 ἐν
822 869 886 922 γε
933 854 1108 927 τούτῳ
1154 857 1434 929 διαφοράν.
1469 878 1489 912 ι
1513 861 1688 926 Αὐτὸς
1716 863 1932 917 καθεῖλε
1961 844 2032 918 τά
2068 844 2281 934 ὑψηλὰ.
2308 844 2405 917 καὶ
2446 862 2519 927 τὰ
2559 862 2723 934 ἄλση,
2760 862 2916 931 φησὶ,
2963 860 3213 930 ἐξέκθψεκ
3239 860 3352 914 Καὶ
3380 855 3448 931 ἦν
3476 859 3684 930 Κύριος

437 941 556 1008 μετ’
584 941 771 1005 αὑτοῦ.
808 963 828 995 ι
854 944 1030 1004 Αὐτοῦ
1077 946 1455 1018 βασιλεύοντος
1497 951 1666 1024 ἀνέϐη
1696 954 2051 1027 Σεναχερεὶμ,
2094 954 2345 1025 βασιλεὺς
2375 952 2698 1025 Ἀσσυρίων,
2719 952 2813 1006 ἐπὶ
2838 953 2939 1017 τὰς
2967 952 3152 1016 πόλεις
3170 952 3268 1023 τῆς
3302 952 3559 1016 Ἰουδαίας
3581 951 3682 1015 τὰς

414 1032 652 1117 ’ὀχυράς
683 1038 796 1091 Καὶ
826 1039 1213 1113 πολιορκήσας,
1244 1038 1389 1097 εἷλεν
1435 1045 1658 1117 ἀμοχθί.
1717 1048 1851 1101 Τότε
1880 1049 1974 1103 καὶ
2009 1050 2039 1102 6
2090 1048 2371 1119 Ῥαψάκης
2416 1048 2602 1111 αὑτοῖς
2667 1049 2784 1112 τοῖς
2829 1045 3222 1118 Ἰεροσολύμοις
3269 1046 3533 1118 ἐπιπηδᾷν
3584 1048 3678 1112 κα)

429 1126 713 1182 ἀπύλωτον
735 1129 985 1200 ὰνοιγνὺς
1008 1133 1151 1187 κατά
1173 1134 1309 1188 Θεοῦ
1329 1136 1391 1190 τὸ
1416 1136 1610 1207 στόμα,
1670 1138 1772 1201 τὰς
1825 1139 2306 1211 παμὸλασφήμους
2368 1138 2583 1202 ἐκείνας
2624 1138 2810 1209 ἀνίησι
2865 1137 3071 1207 φωνάς.
3101 1137 3235 1200 Τότε
3267 1138 3363 1192 καὶ
3391 1138 3680 1197 πεπτώκα-

432 1233 517 1277 σιν
544 1217 609 1269 ἐκ
639 1218 740 1289 τῆς
770 1221 1124 1292 παρεμϐολῆς
1146 1223 1257 1278 τῶν
1289 1226 1586 1301 Ἀσσυρίων
1607 1228 1801 1282 ἐκατδν
1856 1229 2184 1300 ὀγδοήκοντα
2231 1229 2393 1283 πέντε
2443 1229 2698 1301 χιλιάδες,
2768 1230 2829 1282 ἐν
2885 1228 2986 1298 μιᾷ
3018 1228 3197 1291 νυκτὶ,
3252 1228 3486 1297 ἀγγέλου
3536 1229 3682 1300 χειρὶ

428 1306 836 1393 δαπανώμεναι.
851 1311 1032 1365 Ταῦτα
1046 1313 1331 1385 χρησίμως
1345 1306 1558 1392 εῷηται
1575 1317 1711 1387 πρὸς
1744 1317 1806 1371 τὸ
1860 1319 2319 1391 παρόν.⁹Εκάστῳ
2351 1319 2461 1392 γὰρ
2524 1318 2634 1372 τῶν
2667 1317 3094 1389 συμϐεϐηκότων
3125 1319 3489 1390 ἐφαρμόσειεν
3527 1320 3678 1381 εὐτέ-

430 1418 573 1479 χνως
601 1402 702 1473 τῆς
728 1406 1116 1476 προφητείαςό
1142 1409 1476 1478 λόγοςειΙοτέ
1510 1411 1610 1481 μὲν
1638 1412 1746 1484 γὰρ
1811 1414 2039 1485 ἐπιτιμᾷ
2093 1417 2207 1478 τοῖς
2259 1416 2316 1468 ἐν
2367 1412 2687 1485 Σαμαρείᾳ·
2735 1411 2867 1465 ποτέ
2908 1410 2965 1464 δὲ
3018 1413 3132 1476 τοῖς
3184 1412 3242 1463 ἐν
3289 1411 3678 1483 Ἱεροσολύμοις

429 1491 646 1553 ἀπειλεί
685 1492 779 1558 τὰς
826 1495 1065 1564 ἐφόδους,
1132 1501 1570 1571 προαπαγγέλλει
1618 1503 1716 1566 τὰς
1760 1504 2158 1573 αἰχμαλωσίας,
2230 1504 2680 1576 προκαταμηνύει
2724 1504 2817 1558 τὸν
2840 1503 3067 1574 ”φόϐον·
3135 1504 3533 1572 ἐπαγγέλλεται
3576 1505 3676 1575 τὴν

362 1642 365 1643 ν
427 1589 747 1659 ἐπικουρίαν
766 1608 778 1622 ο
812 1592 969 1646 καλεῖ
993 1592 1132 1664 πρὸς
1167 1596 1536 1668 ἐπιστροφήν·
1583 1598 1679 1652 καὶ
1723 1599 1897 1664 οὐδεὶς
1929 1602 1996 1673 τῇ
2036 1600 2344 1672 προφητείᾳ
2405 1599 2822 1655 καταλέλειπται
2884 1599 3042 1669 λόγος
3080 1599 3115 1669 ἢ
3154 1599 3354 1671 τρόπος
3372 1598 3479 1654 τῶν
3505 1599 3677 1668 ἀναγ-

427 1682 598 1745 καίων
641 1685 722 1748 εἰς
763 1684 948 1756 ὄνησιν
990 1690 1101 1751 τοῖς
1146 1690 1457 1760 τατηνικάδε
1504 1691 1964 1764 πεπλανημένοις.
2002 1695 2194 1760 Τοίνυν
2227 1695 2422 1768 φησίν

503 1824 607 1895 ιο
630 1823 797 1882 Vsus.
817 1826 872 1880 2.
898 1824 1223 1897 Principium
1251 1831 1499 1886 sermonis
1519 1831 1735 1887 Domini
1755 1833 1825 1886 ad
1846 1830 1996 1888 Osee.

414 1913 504 1969 Et
528 1916 671 1970 dixit
696 1917 950 1974 Dominus
977 1919 1051 1973 ad
1081 1918 1232 1976 Osee.

414 2120 417 2123 Α
499 2048 573 2111 ll:
589 2050 931 2122 lueipitenim
949 2052 1093 2111 Deus
1111 2053 1165 2110 in
1183 2056 1442 2126 propheta
1458 2056 1698 2113 revelare
1715 2058 1993 2129 mysteria,

416 2143 721 2214 secundum
754 2143 883 2201 illud
910 2145 1117 2216 utique,
1155 2146 1297 2216 quod
1327 2146 1396 2202 ab
1427 2146 1532 2203 alio
1565 2149 1826 2219 propheta
1863 2150 1996 2206 satis

426 2240 617 2301 aperte
648 2233 851 2295 dictum
893 2244 979 2294 est
1015 2254 1029 2290 :
1060 2253 1080 2288 ι
1134 2234 1310 2307 Super
1339 2237 1642 2293 custodiam
1687 2254 1860 2295 meam
1891 2251 1996 2294 sta-

422 2325 516 2387 lio,
541 2332 596 2379 et
618 2324 909 2391 ascendam
944 2341 1108 2397 super
1139 2336 1368 2398 petram,
1403 2338 1458 2383 et
1478 2330 1903 2402 contemplabor,
1937 2341 1995 2386 ut

420 2414 631 2471 rideam
659 2415 787 2486 quid
814 2415 1067 2486 loquetur
1095 2418 1149 2472 in
1189 2433 1274 2475 me
1314 2420 1575 2476 Dominus
1603 2419 1850 2477 Deus”.r
1892 2422 1996 2476 Rc-

419 2504 563 2567 Yelat
599 2507 742 2561 enim
782 2506 1153 2571 universorum
1183 2508 1346 2573 Deus,
1378 2508 1505 2563 dum
1543 2511 1752 2565 sanctis
1790 2510 1997 2564 futuro-

420 2610 544 2659 rum
574 2595 821 2661 notitiam
846 2597 898 2652 in
925 2598 1165 2659 animum
1200 2597 1463 2661 immittit.
1496 2598 1647 2655 Unde
1672 2602 1860 2657 beatus
1894 2601 1993 2655 Da-

402 2688 511 2766 ..vtd
543 2705 559 2742 :
594 2705 614 2740 ι
652 2688 879 2753 Audiam
901 2689 1028 2759 quid
1063 2689 1315 2760 loquatur
1343 2689 1396 2745 in
1426 2704 1510 2745 me
1534 2691 1792 2746 Dominus
1827 2692 1992 2760 Deus,

421 2777 676 2845 quoniam
700 2778 949 2855 loquetur
964 2778 1222 2849 paeemin
1248 2778 1455 2849 plebem
1473 2795 1624 2836 suam
1642 2782 1708 2835 '°.
1745 2801 1764 2834 ι
1791 2782 1991 2843 Eodem

420 2868 582 2921 modo
610 2876 664 2923 et
693 2869 885 2925 beatus
912 2869 1205 2927 Zacharias
1236 2870 1476 2940 loquitur
1511 2893 1524 2928 :
1570 2890 1591 2923 ι
1624 2873 1688 2928 Ει
1716 2874 1993 2944 respondit

420 2959 668 3029 angelus,
697 2959 922 3030 loquens
973 2962 1028 3015 in
1071 2963 1243 3017 me".
1279 2980 1299 3016 ι
1330 2962 1740 3022 Consueveruut
1794 2967 1991 3035 quippe

421 3051 596 3116 sancti
632 3038 907 3121 prophetae
939 3052 1031 3107 Dei
1057 3068 1363 3116 sermonem
1400 3055 1670 3124 appellare
1716 3057 1986 3126 angelum,

419 3150 607 3208 utpote
637 3143 1044 3209 annuntiantem
1079 3144 1231 3215 ipsis,
1260 3155 1315 3203 et
1340 3144 1775 3205 manifestantem
1796 3148 1980 3203 volun.

2028 1797 2076 1854 Α

2187 1832 2368 1910 Ἀρχὴ
2398 1833 2584 1903 λόγου
2607 1833 2826 1902 Κυρίου
2854 1832 2927 1886 ἐν
2954 1832 3145 1902 Ὠσηὲ.
3171 1831 3280 1888 Καὶ
3300 1827 3431 1886 εἷπε
3456 1831 3679 1913 Κύριος

2104 1924 2252 1993 πρὸς
2285 1923 2481 1993 Ὠσηὲ.

2170 2061 2244 2116 B’.
2290 2061 2548 2131 ’Λρχεται
2577 2059 2676 2131 μέν
2702 2059 2811 2131 γὰρ
2839 2060 2897 2117 ἐν
2923 2056 3000 2127 τῷ
3032 2058 3283 2128 προφήτῃ
3305 2053 3435 2118 Θεὸς
3463 2054 3677 2108 ἀποκαμ-

2099 2150 2321 2206 λύπτειν
2371 2152 2667 2222 μυστήρια,
2694 2151 2813 2204 κατ’
2842 2147 3018 2202 ἐκεῖνό
3065 2163 3169 2205 που
3221 2144 3460 2208 πάντως,
3492 2141 3555 2195 τδ
3601 2140 3673 2206 δι’

2100 2242 2287 2313 ἐτέρου
2321 2243 2600 2313 προφήτου
2626 2240 2809 2310 σαφῶς
2836 2241 3151 2311 εἰρημένον·
3183 2258 3201 2290 ι
3224 2237 3347 2291 Ἐπὶ
3374 2235 3473 2305 τῆς
3498 2235 3669 2305 φυλα-

2101 2331 2202 2401 κῆς
2237 2346 2341 2401 μου
2365 2331 2656 2401 στήσομαι,
2683 2330 2777 2382 καὶ
2822 2329 3158 2400 ἐπιϐήσομαι
3195 2329 3289 2380 ἐπὶ
3316 2326 3544 2396 πέτραν,
3576 2325 3673 2380 καὶ

2101 2420 2495 2473 ἀποσκοπεύσω
2525 2418 2620 2473 τοῦ
2653 2420 2780 2473 ἰδεῖν
2807 2419 2861 2473 τί
2888 2419 3111 2491 λαλήσει
3148 2420 3206 2472 ἐν
3243 2416 3367 2487 ἐμοὶ
3406 2416 3609 2487 Κύριος
3640 2416 3670 2469 6

2099 2508 2249 2572 Θεός.
2278 2527 2298 2561 ι
2319 2508 2719 2563 Ἀποκαλύπτει
2751 2510 2857 2577 γὰρ
2887 2510 3000 2571 τοῖς
3028 2507 3222 2575 ἁγίοις.
3255 2508 3335 2570 εἰς
3359 2504 3482 2559 νοῦν
3506 2504 3670 2566 ἐνιεὶς

2097 2601 2206 2656 τῶν
2234 2602 2505 2673 ἐσομένων
2530 2602 2628 2674 τήν
2658 2601 2857 2671 γνῶσιν
2883 2603 2913 2655 6
2938 2601 3047 2657 τῶν
3077 2601 3216 2656 ὅλων
3239 2598 3515 2663 Θεόςλζιιιί
3537 2595 3669 2666 γοῦν

2097 2697 2127 2750 6
2161 2695 2429 2768 μακάριός
2470 2712 2601 2766 φησι
2632 2693 2814 2757 Δαὸίδο
2851 2712 2870 2746 ι
2893 2692 3219 2763 Ἀκούσομαι
3259 2691 3315 2744 τί
3354 2689 3577 2759 λαλήσει
3609 2689 3669 2742 ἐν

2097 2787 2220 2857 ἐμοὶ
2245 2786 2446 2858 Κύριος
2467 2786 2496 2838 6
2528 2785 2681 2849 Θεὸς,
2702 2785 2785 2838 ὄτι
2818 2783 3040 2856 λαλήσει
3066 2784 3286 2855 εἰρήνην
3311 2780 3404 2835 ἐπὶ
3430 2780 3521 2834 τὸν
3542 2777 3669 2832 λαὸν

2096 2877 2281 2933 αὑτοῦ.
2315 2896 2334 2929 ι
2365 2876 2529 2933 Οὐδὲν
2553 2876 2610 2930 δὲ
2635 2870 2796 2947 ἦττον
2821 2875 2951 2946 ἡμῖν
2978 2875 3072 2928 καὶ
3100 2875 3129 2926 6
3165 2873 3431 2944 μακάριος
3455 2869 3670 2942 προφή-

2094 2983 2195 3037 της
2229 2967 2499 3038 Ζαχαρίας
2531 2966 2622 3019 διὰ
2640 2965 2749 3018 τῶν
2775 2965 2905 3021 ίσων
2929 2964 3146 3036 ἔρχεται
3168 2964 3371 3032 λόγων·
3397 2961 3500 3031 εφη
3521 2960 3630 3029 γάρ
3646 2975 3664 2992 .

2101 3074 2120 3105 ι
2153 3055 2262 3108 Καὶ
2306 3055 2577 3125 ἀπεκρίθη
2628 3057 2656 3108 6
2700 3053 2929 3123 ἄγγελος
2975 3055 3004 3107 6
3055 3052 3232 3106 λαλῶν
3261 3055 3318 3105 ἐν
3347 3050 3491 3122 ἐμοί.
3524 3068 3544 3102 ι
3578 3050 3667 3104 Ἐν

2095 3144 2206 3200 ἔθει
2232 3145 2340 3219 γὰρ
2372 3142 2441 3218 ἦν
2458 3149 2574 3210 τοῖς
2621 3147 2678 3199 ἐν
2725 3145 2901 3214 ἁγίοις
2929 3144 3233 3215 προφήταις
3274 3141 3502 3211 ἄγγελον
3531 3141 3668 3194 ἀπο-

423 3243 586 3287 tatem
615 3232 710 3288 Dei
744 3231 939 3289 Patris.
971 3235 1122 3302 Quod
1165 3237 1291 3292 item
1334 3238 1591 3308 propheta
1631 3239 1794 3293 Isaias
1826 3248 1989 3295 testa-

2094 3240 2282 3294 καλεῖν
2309 3217 2405 3294 τὸν
2429 3239 2524 3293 τοῦ
2554 3238 2690 3293 Θεοῦ
2724 3238 2902 3306 λόγον,
2943 3238 3020 3300 ὡς
3045 3235 3455 3304 ἀπαγγέλλοντα
3479 3251 3538 3286 τε
3563 3233 3664 3287 ao,

422 3335 511 3388 tur
541 3342 555 3378 :
589 3341 609 3376 ι
664 3325 797 3393 Quia
827 3341 1040 3383 omnem
1071 3327 1267 3392 stolam
1322 3338 1702 3398 congregatam
1750 3330 1894 3395 dolo,
1938 3340 1992 3385 et

421 3419 802 3483 vestimentum
846 3435 967 3481 cum
1008 3421 1432 3477 commutatione
1466 3421 1769 3484 reSIitueut,
1810 3431 1862 3477 et
1905 3437 1994 3476 vo—

421 3508 557 3570 lent,
589 3509 633 3565 si
670 3508 889 3573 fuerunt
922 3510 1044 3580 igne
1075 3512 1366 3573 combusti,
1403 3511 1527 3581 quia
1567 3525 1699 3581 puer
1725 3519 1882 3566 natus
1910 3522 1995 3566 est

422 3599 598 3664 nobis,
624 3608 680 3654 et
712 3610 940 3656 vocatur
970 3616 1163 3657 nomen
1194 3600 1333 3669 ejus,
1364 3604 1545 3672 magni
1581 3602 1791 3657 consilii
1814 3604 1993 3672 Ange-

420 3692 505 3757 lus
547 3691 615 3745 '3.
657 3709 679 3758 ι
714 3691 905 3754 Fuisse
944 3702 1125 3751 autem
1174 3702 1413 3759 tenuem,
1471 3709 1574 3749 nec
1630 3704 1739 3747 tam
1787 3693 1989 3749 claram

422 3783 808 3849 revelationem
845 3785 898 3839 in
930 3784 1154 3851 sanctis,
1180 3800 1281 3840 nec
1311 3784 1516 3856 lingua,
1550 3796 1604 3840 et
1629 3786 1809 3841 verbis
1841 3801 1991 3842 more

419 3882 608 3939 nostro
636 3881 994 3939 constantem,
1020 3874 1178 3944 plane
1215 3875 1372 3930 ﬁdem
1405 3875 1562 3930 nobis
1588 3875 1752 3930 faciet
1795 3875 1990 3931 Paulus

421 3961 704 4025 scribens:
744 3981 767 4025 ι,
794 3963 874 4016 An
901 3963 1329 4031 experimentum
1374 3965 1616 4031 quaeritis
1641 3964 1757 4032 ejus
1795 3965 1888 4035 qui
1936 3966 1988 4018 in

421 4068 508 4120 nte
536 4053 771 4127 loquitur
790 4041 1041 4122 Christus
1065 4053 1146 4107 ενι
1196 4072 1216 4107 ο
1261 4052 1620 4120 Quamobrem
1654 4056 1850 4121 dicere,
1896 4056 1987 4111 Dei

408 4146 641 4217 sorbum
679 4144 878 4207 factum
918 4144 974 4200 in
1017 4144 1179 4210 Osea,
1211 4159 1331 4201 meo
1360 4145 1576 4215 quidem
1602 4145 1808 4217 judicio
1846 4145 1988 4201 aliud

419 4235 554 4303 nilnil
599 4244 705 4298 est,
750 4250 912 4305 quam
951 4235 1295 4292 audientibus
1340 4236 1665 4306 significare,
1707 4236 1989 4297 revelatio-

421 4341 541 4380 nem
570 4327 838 4380 factamiu
869 4324 1029 4390 Osca,
1077 4337 1131 4382 et
1176 4325 1478 4381 futurorum
1533 4327 1779 4382 notitiam
1827 4327 1876 4383 ei
1925 4328 1988 4383 il-

420 4417 624 4479 luxisse
672 4416 846 4474 instar
883 4417 1126 4480 luminis,
1178 4430 1284 4470 non
1340 4416 1525 4471 oculos
1574 4417 1845 4484 corporis,
1893 4419 1988 4473 scd

2090 3336 2202 3397 τοῖς
2245 3333 2341 3388 καὶ
2377 3330 2581 3400 ἐναργῆ
2611 3329 2950 3387 καθιστῶντα
2981 3328 3079 3395 τὴν
3115 3324 3365 3396 βούλησιν
3392 3321 3485 3379 τοῦ
3528 3320 3666 3389 Θεοῦ

2092 3423 2185 3475 καὶ
2202 3421 2431 3491 Πατρός.
2450 3418 2757 3489 Ἐπιμαρτυ
2767 3417 2919 3487 ρήσει
2941 3415 2996 3468 δέ
3017 3414 3190 3482 λέγων
3210 3412 3304 3466 καὶ
3329 3415 3357 3466 6
3380 3412 3666 3483 προφήτης

2102 3511 2331 3574 Ἡσαΐας
2362 3509 2492 3577 περὶ
2533 3508 2699 3561 αὐτοῦ
2724 3523 2737 3536 °
2791 3508 2944 3559 (Ὅτι
2985 3506 3165 3558 πᾶσαν
3214 3503 3405 3574 στολὴν
3444 3505 3666 3555 ἐπισυν-

2091 3600 2337 3671 ηγμένην
2382 3598 2538 3668 δόλῳ,
2580 3596 2719 3668 μετά
2768 3594 3114 3665 καταλλαγῆς
3156 3593 3473 3647 ἀποτίσουσι
3497 3633 3513 3656 ,
3567 3590 3664 3645 καὶ

2040 3726 2053 3731 μ
2091 3690 2407 3762 θελήσουσιν
2440 3691 2489 3742 εἰ
2523 3686 2860 3758 ἐγενήθησαν
2902 3685 3412 3757 πυρίκαυστοι.⁹’οτι
3455 3682 3665 3741 παιδίον

2090 3781 2352 3852 ἐγεννήθη
2382 3781 2537 3852 ἡμῖν,
2569 3779 2663 3832 καὶ
2698 3777 2943 3831 καλεῖται
2978 3776 3040 3830 τὸ
3076 3776 3247 3845 ὄνομα
3275 3775 3458 3841 αὐτοῦ,
3492 3775 3663 3846 μεγάο

2090 3874 2189 3944 λης
2219 3873 2414 3945 βουλῆς
2447 3870 2892 3941 Ἀγγελος.›”οτι
2921 3866 3067 3941 δὲῆν
3096 3869 3249 3942 ἰσχνὴ
3287 3869 3382 3924 καὶ
3409 3870 3664 3941 ἀσυμφα-

2090 3967 2187 4036 vi};
2224 3967 2283 4019 ἐν
2310 3966 2422 4029 τοῖς
2463 3964 2637 4032 ἁγίοις
2668 3966 2701 4032 ή
2741 3961 3098 4032 ἀποκάλυψις,
3137 3962 3231 4016 καὶ
3271 3962 3392 4032 ούχὶ
3448 3961 3660 4032 γλώττῃ

2090 4058 2186 4111 καὶ
2233 4057 2440 4127 ῥήμασι
2468 4058 2582 4119 τοῖς
2613 4053 2734 4108 καθ’
2767 4054 2913 4130 ἡμᾶς
2940 4052 3355 4124 ἐπιτελουμένη,
3387 4051 3661 4121 πληροφο-

2090 4149 2245 4220 ρήσει
2280 4147 2506 4217 γράφων
2531 4146 2560 4203 ό
2582 4143 2813 4208 Παῦλος·
2846 4164 2864 4196 ι
2881 4146 2950 4198 Ἢ
2975 4144 3203 4217 δοκιμὴν
3231 4144 3442 4215 ζητεῖτε
3464 4144 3521 4195 ἐν
3538 4142 3663 4211 ἐμοὶ

2087 4237 2373 4301 λαλοῦντος
2422 4237 2694 4308 Χριστοῦς
2722 4255 2741 4288 ο
2773 4235 2981 4295 Οὐκοῦν
3018 4235 3078 4289 τὸ
3120 4237 3177 4288 ἐν
3214 4234 3371 4304 Ὠσηέ
3410 4232 3661 4302 γενέσθαι

2087 4326 2177 4389 τὸν
2197 4325 2292 4380 τοῦ
2326 4325 2461 4379 Θεοῦ
2490 4325 2667 4394 λόγον,
2705 4325 2790 4397 εἴη
2819 4325 2906 4390 ἂν,
2936 4323 3013 4387 ὡς
3039 4322 3229 4394 ἔμοιγε
3247 4322 3475 4391 πάρεστι
3497 4323 3658 4380 νοεῖν,

2088 4417 2275 4488 ἕτερον
2316 4416 2468 4469 οὐδὲν
2506 4418 2618 4477 τοῖς
2657 4414 3029 4486 ἀκροωμένοις
3056 4413 3480 4480 κατασημαῖνον,
3515 4411 3548 4480 ἢ
3578 4411 3659 4463 ὅτι

423 4516 654 4571 tuentem
696 4515 751 4560 et
778 4521 873 4561 cor
921 4505 1261 4563 illustrautis.
1301 4506 1534 4560 Rursum
1562 4507 1706 4575 quod
1744 4507 1985 4562 dicitur:

2091 4508 2314 4576 γέγονεν
2360 4506 2701 4576 ἀποκάλυψις
2738 4509 2797 4561 ἐν
2835 4505 3013 4576 Ὠσηὲ,
3041 4504 3135 4558 καὶ
3177 4503 3286 4555 τῶν
3315 4503 3586 4571 ἐσομένων
3625 4501 3659 4571 ή

424 4617 443 4649 ι
482 4598 539 4667 Et
568 4597 704 4653 dixit
733 4598 993 4653 Dominus
1026 4597 1093 4652 ad
1126 4596 1284 4664 Osee,
1325 4616 1344 4650 ι
1397 4597 1496 4652 hoc
1549 4597 1703 4653 nobis
1748 4598 1989 4668 cegitan-

2094 4597 2295 4666 γνῶσις
2341 4597 2517 4665 φωτὸς
2561 4598 2859 4668 ἐνέστραψε
2890 4597 3063 4668 δίκην,
3090 4595 3149 4650 ού
3186 4592 3435 4663 σώματος
3463 4591 3663 4661 ὀφθαλ-

421 4690 545 4759 «tmn
576 4689 819 4756 sultjicit.
852 4687 1004 4755 Quod
1037 4688 1180 4744 enim
1228 4689 1544 4759 jubebatur,
1588 4705 1695 4743 non
1740 4691 1992 4751 omnibus

417 4779 644 4847 lecturis
679 4794 963 4844 commune
1004 4787 1143 4843 erat,
1190 4795 1285 4835 nec
1330 4780 1749 4851 proponebatur,
1796 4790 1856 4834 ut
1898 4782 1988 4850 qui

420 4871 618 4935 vellent
660 4871 971 4938 aliquando,
1005 4871 1058 4926 id
1099 4870 1337 4926 facerent
1375 4890 1389 4926 :
1431 4873 1523 4925 sed
1564 4870 1854 4941 separatim
1888 4873 1989 4925 soli

416 4958 572 5029 Qseac
600 4962 803 5030 dictum
834 4971 936 5017 est.
980 4959 1091 5023 Nec
1137 4962 1281 5022 enim
1335 4962 1786 5030 quemadmodum
1839 4979 1984 5019 com-

2095 4690 2252 4760 μοὺς,
2287 4688 2422 4743 ἀλλὰ
2453 4690 2578 4744 νοῦν
2615 4690 2708 4744 καὶ
2737 4691 2964 4761 καρδίαν
2996 4684 3563 4757 καταλαμπρύνοντος.
3589 4685 3662 4738 Τὸ

2088 4782 2145 4836 δὲ
2179 4781 2244 4853 δὴ
2281 4782 2445 4851 φάναι
2474 4782 2655 4843 πάλιν,
2691 4800 2710 4834 ι
2737 4782 2850 4835 Καὶ
2878 4778 2998 4835 εἷπε
3029 4780 3233 4852 Κύριος
3262 4777 3397 4849 πρὸς
3429 4776 3607 4847 Ὠσηὲ,
3637 4794 3657 4828 r

2092 4873 2230 4945 πρὸς
2273 4873 2481 4937 ἐννοίας
2521 4874 2670 4944 ἡμᾶς
2714 4873 2981 4943 ἀποφέρει
3030 4870 3302 4933 τοιαύτας.
3353 4869 3426 4924 T6
3473 4869 3662 4940 γάρτοι

2089 4963 2557 5034 προστεταγμένον
2599 4963 2659 5016 ού
2708 4962 2884 5016 κοινὸν
2914 4962 3086 5016 ἆπασι
3118 4963 3231 5027 τοῖς
3260 4959 3663 5030 ἐντευξομένοις

419 5066 580 5121 mune
618 5063 673 5107 et
708 5052 840 5119 utile
880 5062 1209 5124 praeceptum
1253 5063 1336 5113 est
1367 5054 1492 5108 illud
1538 5074 1551 5110 :
1605 5074 1626 5106 ι
1687 5054 1811 5117 Haec
1862 5057 1989 5111 dicit

2091 5047 2166 5124 ἣν.
2197 5051 2333 5107 Οῠτε
2371 5053 2479 5124 μὴν
2518 5052 2811 5125 προύκειτο
2849 5056 2962 5120 τοῖς
3001 5051 3244 5107 ἐθέλουσι
3272 5049 3660 5120 ἀποπεραίνειν

421 5143 702 5206 Dominus,
746 5142 906 5211 Juxta
939 5144 1057 5199 vias
1095 5144 1332 5214 gentium
1370 5146 1536 5202 nolite
1577 5147 1787 5202 discere
1826 5165 1840 5201 :
1875 5158 1926 5203 et
1963 5162 1992 5200 a

419 5233 587 5303 signis
611 5233 733 5289 coeli
761 5236 923 5290 nolite
957 5245 1201 5292 metuere
1223 5235 1297 5303 '°;
1340 5255 1359 5295 ι
1405 5237 1484 5292 sic
1535 5245 1710 5306 potest
1763 5237 1984 5308 intelligi

418 5326 581 5395 etiam
627 5324 826 5390 bonum
872 5335 927 5393 et
974 5327 1289 5399 frugiferum
1319 5342 1441 5383 esse
1486 5328 1733 5399 accipere
1756 5345 1981 5397 uxorem

416 5416 787 5482 fornicariam,
814 5428 865 5471 et
898 5418 1034 5474 ﬁlios
1069 5419 1461 5476 fornicationis.
1489 5418 1684 5475 Verum
1720 5420 1850 5475 illud
1882 5421 1986 5476 uti-

419 5504 544 5561 liter
575 5504 643 5559 ad
691 5518 880 5560 omnes
919 5508 1187 5575 pertinere
1237 5516 1458 5579 potest:
1495 5510 1597 5564 hoc
1650 5509 1865 5578 proprie
1918 5509 1989 5563 ad

421 5592 596 5665 solum
621 5591 937 5677 prophetam
967 5612 995 5647 a
1024 5593 1135 5651 Deo
1173 5596 1276 5652 dici
1316 5597 1584 5653 convenit.
1636 5598 1734 5653 Est
1781 5606 1982 5666 autem,

2086 5143 2246 5195 αὑτὸν
2275 5144 2413 5209 κατὰ
2437 5142 2679 5214 καιρούς.
2699 5144 2837 5208 Ἀλλ’
2870 5142 3054 5207 ἰδικῶς
3096 5144 3191 5196 καὶ
3219 5142 3356 5215 πρὸς
3387 5142 3549 5212 μόνον
3580 5140 3661 5194 εί-

2096 5248 2226 5301 ρητο
2245 5232 2339 5285 τὸν
2368 5232 2547 5302 Ὼσηέ.
2575 5233 2651 5286 Οὐ
2678 5232 2809 5303 γὰρ,
2847 5232 3035 5303 ὥσπερ
3065 5231 3183 5283 ἐστὶ
3211 5231 3388 5295 κοινὸν
3429 5229 3522 5292 καὶ
3566 5229 3665 5281 ἐπ-

2086 5323 2293 5394 ωφελές
2322 5324 2710 5397 παράγγελμα,
2741 5324 2825 5391 τὸ,
2859 5343 2878 5375 ι
2908 5323 3045 5377 Τάδε
3075 5323 3223 5392 λέγει
3252 5321 3476 5391 Κύριος,
3506 5319 3665 5373 Κατά

2086 5415 2185 5479 τὰς
2215 5416 2362 5479 ὀδοὺς
2392 5416 2499 5471 τῶν
2527 5416 2697 5469 ἐθνῶν
2729 5416 2804 5488 μή
2831 5416 3153 5485 μανθάνετε,
3188 5414 3280 5467 καὶ
3301 5412 3407 5465 ἀπὸ
3434 5412 3541 5464 τῶν
3564 5428 3664 5480 ση-

2091 5509 2256 5578 μείων
2302 5508 2396 5561 τοῦ
2446 5508 2675 5580 οὐρανοῦ
2728 5508 2804 5580 μὴ
2849 5507 3117 5577 φοϐεῖσθεο
3150 5525 3169 5557 ι
3202 5502 3374 5566 οὕτως
3397 5502 3463 5556 ἂν
3494 5502 3665 5565 νοοῖτο

2088 5597 2253 5651 καλόν
2273 5614 2332 5650 τε
2374 5599 2469 5653 καὶ
2490 5599 2813 5671 ὀνησιφόρον
2840 5599 2902 5653 τδ
2922 5598 3106 5652 λαϐεῖν
3126 5597 3363 5664 γυναῖκα
3382 5592 3661 5663 πορνείας,

492 5748 692 5817 ιιςιιιαο.
718 5762 774 5813 It,
813 5748 866 5803 1.
943 5748 987 5781 ³⁸
1019 5746 1161 5806 Psal.
1200 5766 1420 5819 Lxxxtv,
1457 5753 1509 5807 9.
1586 5755 1629 5786 "’
1657 5752 1884 5824 Zachar.
1908 5767 1945 5817 ι,
1982 5752 2035 5811 9.
2113 5755 2156 5786 ’⁸
2189 5754 2289 5810 lsa.
2325 5769 2400 5822 Ix,
2431 5751 2487 5831 6,.
2511 5754 2563 5809 7.
2641 5755 2685 5789 "
2713 5753 2754 5810 ll
2787 5752 2913 5812 Cor.
2942 5769 3044 5831 ιιι,
3082 5753 3135 5808 '5.
3213 5752 3257 5784 ³ο
3286 5749 3487 5806 Jerem.
3516 5762 3577 5830 χ,
3601 5746 3658 5803 2.
