4098 6276
375 412 449 471 15

1301 417 1854 479 COMMENTARIUS
1890 422 1959 478 ΙΝ
1996 425 2225 482 08ΕΑΜ
2267 428 2711 486 ΡΒΟΡΠΕΤᾹΜ.

3557 435 3635 492 τε

382 531 474 584 καὶ
520 528 683 583 τέκνα
732 528 1009 598 πορνείας.
1026 528 1165 583 Ἀλλ’
1187 530 1366 585 ἐκεῖνο
1414 533 1511 604 μὲν
1552 534 1843 607 χρησίμως
1875 537 1940 600 εἰς

2059 541 2269 608 opinor,
2301 544 2444 611 quod
2475 545 2572 610 ait,
2606 553 2665 599 et
2693 562 2712 596 ι
2752 544 2892 600 dixit
2915 544 2980 600 ad
2997 544 3157 615 Osee,
3187 563 3206 599 ι
3234 547 3456 618 perinde
3493 562 3557 603 ac
3580 549 3631 602 si

381 621 621 684 ὢταντας
648 618 825 691 διήκοι
860 619 945 674 ἄν·
977 619 1136 675 τοῦτό
1161 637 1226 690 γε
1258 622 1367 693 μὴν
1412 623 1593 688 ίδικῶς
1621 626 1759 697 πρὸς
1794 626 1940 696 μόνοι

2060 630 2205 685 dicat
2233 633 2481 697 fortasse,
2523 634 2640 688 Non
2677 636 2741 689 ad
2785 650 2974 691 omnes
3023 636 3337 707 simpliciter
3391 639 3514 693 talis
3548 646 3633 693 est

379 708 442 764 ἂν
468 710 666 780 πρέποι
696 710 789 764 τὸν
809 712 1096 782 προφήτην
1120 712 1378 781 λέγεσθαι
1409 715 1559 788 παρὰ
1578 715 1735 771 Θεοῦ.
1760 716 1951 782 Τοῦτο,

2059 735 2257 784 sermo,
2304 723 2397 776 sed
2444 723 2511 776 ad
2544 721 2737 778 Oseam
2770 725 2962 781 solum.
2997 724 3113 781 Non
3154 728 3299 782 enim
3353 729 3525 796 turpis
3572 737 3630 782 et

377 798 544 870 οἴμαι,
573 801 720 888 ἐστὶ,
756 802 852 854 καὶ
885 820 905 853 ι
936 799 1073 855 Εῐπε
1121 803 1258 874 πρὸς
1290 804 1469 874 Ὦσηέ,
1502 823 1521 859 ι
1567 806 1748 876 ὅμοιον
1790 807 1867 871 ὡς
1903 810 1940 860 εἰ

2058 811 2370 881 voluptariae
2401 815 2521 870 vitae
2538 814 2719 869 multis
2733 815 2848 871 ﬁeri
2860 819 3200 874 occasionem
3217 820 3494 888 oportebat
3523 821 3622 889 ιι

374 892 531 961 τυχὸν
553 885 719 960 λέγοι·
747 892 823 945 Οὐ
865 891 1004 963 πρὸς
1033 893 1243 956 πάντας
1272 893 1458 958 ἁπλῶς
1484 895 1513 946 ὁ
1544 896 1749 949 τοιόσδε
1773 896 1950 965 λόγος,

2056 900 2196 968 quod
2222 901 2615 970 dispensatorie
2649 901 2717 957 ad
2768 918 2932 956 unum
2962 906 3233 972 quondam
3265 907 3468 961 dictum
3518 917 3622 964 est.

372 983 509 1039 ἀλλὰ
556 985 692 1055 πρὸς
734 985 896 1055 μόνον
946 985 1039 1039 τὸν
1066 986 1247 1056 Ὠσηέ.
1279 989 1354 1041 Ού
1385 988 1494 1059 γὰρ
1522 989 1628 1042 ἔδει
1677 988 1940 1060 πρόφασιν

2056 989 2194 1055 Quid
2222 992 2457 1064 ergqait
2489 994 2553 1046 ad
2583 996 2795 1050 beatum
2825 995 3051 1052 Oscam?

371 1077 601 1145 αἰσχρᾶς
632 1092 691 1128 τε
727 1076 818 1131 καὶ
842 1074 1125 1143 φιληδόνου
1158 1075 1304 1145 ζωῆς
1370 1078 1627 1144 γενέσθαι
1693 1079 1931 1148 πολλοῖς,
1962 1081 2025 1136 τὸ
2058 1084 2414 1153 οἰκονομικῶς
2460 1088 2596 1159 πρὸς
2641 1088 2738 1144 ἐνα
2773 1089 2914 1144 κατὰ
2958 1090 3183 1160 καιροὺς
3225 1093 3530 1163 εἰρημένον.
3556 1090 3624 1146 Τι’

371 1162 463 1221 οῦν
491 1166 594 1237 ἔφη
630 1170 659 1221 δ
689 1168 820 1233 Θεὸς
847 1169 986 1241 πρὸς
1014 1169 1107 1223 τὸν
1135 1171 1406 1242 μακάριον
1443 1172 1634 1242 Ὠσηέ;

438 1228 662 1324 Βάδιιῖε,
708 1228 858 1315 luds
891 1228 1148 1328 ’σεαυτῷ-
1184 1228 1441 1332 γυέαῖκα
1482 1228 1788 1333 πορκείας,
1846 1264 1946 1319 καί
1993 1228 2005 1236 .

368 1348 550 1404 τέκνα
585 1353 886 1420 πορνείας,
934 1355 1083 1409 διότι
1129 1356 1585 1423 ἐκπορνεύουσα
1627 1356 1950 1425 ἐκπορνεύ-

369 1457 464 1494 σει
503 1443 541 1510 ἠ
574 1443 651 1512 γῆ
680 1444 800 1498 ἀπὸ
848 1446 1101 1501 ὄπισθεν·
1143 1446 1250 1501 τοῦ
1295 1448 1534 1515 Κυρίου.
1563 1448 1673 1503 Καὶ
1700 1449 1947 1517 ἐπορεύ-

369 1534 462 1598 θη.
494 1535 591 1587 καί
638 1535 815 1591 ἔλαϐε
860 1538 974 1605 τὴν
1023 1540 1243 1609 Γόμερ,
1290 1538 1581 1609 θυγατέρα
1627 1541 1947 1610 Δεόηλαῒμ,

368 1623 463 1675 καὶ
494 1623 814 1684 συνέλαϐε.
843 1627 940 1682 καὶ
966 1630 1173 1684 ἔτεκεν
1203 1627 1366 1695 αὺτῷ
1397 1631 1551 1684 υἱόν.

438 1712 480 1763 Γ
479 1718 520 1766 '.
565 1715 756 1781 Οὐδεὶς
781 1719 934 1789 ἡμᾶς
960 1719 1241 1774 ἀναπείσει
1266 1721 1443 1789 λόγος,
1472 1723 1854 1793 παραιτεῖσθαι
1883 1725 1944 1779 τδ
1977 1734 2021 1793 Β

365 1801 522 1874 Γράμ
531 1822 628 1876 μα,
643 1806 858 1879 καὶτῆς
881 1810 1121 1882 ἱστορίας
1142 1809 1202 1864 τὸ
1223 1810 1430 1864 εἰκαῖον
1445 1810 1942 1882 καταψηφίζεσθαι,

366 1895 461 1948 καὶ
490 1897 658 1950 αὐτοῦ
684 1898 780 1952 τοῦ
805 1901 1127 1972 πράγματος
1150 1901 1460 1973 καθορίζειν
1484 1903 1549 1956 τὸ
1571 1904 1825 1968 ἀκαλλὲς.
1849 1906 1946 1959 καὶ

362 1984 571 2041 οἴεσθαι
602 1990 746 2044 κατά
769 2008 941 2057 τινας,
970 1991 1045 2063 μὴ
1083 1991 1257 2057 οὕτως
1297 1992 1632 2064 πεπράχθαι,
1665 1996 1803 2066 μήτε
1837 1996 1944 2067 μὴν

363 2078 728 2150 παρειλῆφθαι
762 2080 899 2151 πρὸς
930 2081 1131 2153 γάμον,
1160 2083 1278 2154 ήτοι
1326 2083 1544 2139 σύνοδον
1573 2085 1816 2158 γαμικὴν
1846 2086 1945 2158 τὴν

361 2169 562 2241 Γόμερ,
593 2171 727 2224 ὅπου
751 2173 847 2226 καὶ
871 2172 1130 2245 σύλληψιν
1156 2174 1482 2245 γεγενῆσθαί
1507 2193 1644 2246 φησι
1677 2177 1738 2229 τὸ
1759 2177 1945 2249 Γράμ-

363 2279 441 2331 μα
466 2262 527 2315 τὸ
562 2264 724 2335 ἱερὸν.
756 2263 850 2318 καὶ
878 2263 985 2335 μὴν
1012 2267 1110 2319 καὶ
1138 2265 1414 2333 άπότεξιν,
1451 2267 1729 2338 μέμνηταί
1756 2285 1815 2321 τε
1845 2267 1944 2322 καὶ

357 2354 618 2424 ὀνόματος
641 2354 734 2407 τοῦ
763 2356 999 2421 παιδίου,
1031 2357 1125 2411 καὶ
1160 2357 1252 2412 τὸν
1281 2357 1377 2411 τοῦ
1404 2358 1622 2426 γυναίου
1658 2358 1803 2427 λέγει
1837 2377 1943 2413 πα-

355 2443 510 2514 τέρα,
542 2443 634 2497 καλ⁵
669 2444 802 2497 αὐτὸ
832 2444 888 2497 δὲ
915 2445 1051 2517 πρὸς
1073 2445 1285 2509 τούτοις
1323 2444 1418 2499 τοῦ
1460 2445 1687 2513 γυναίου
1720 2446 1783 2499 τὸ
1822 2446 1943 2500 ὅνο-

360 2550 453 2604 μα.
474 2534 688 2606 Ἐπειδὴ
733 2535 789 2589 δὲ
839 2538 1134 2604 ἀναγκαῖον
1162 2531 1231 2607 ἦν
1255 2537 1558 2607 ὁμολογεῖν,
1586 2540 1654 2608 τῇ
1694 2537 1805 2591 τῶν
1838 2554 1939 2590 πε-

357 2625 688 2695 πραγμένων
730 2626 958 2697 ἀληθεία
1010 2629 1286 2683 συνειπεῖν
1320 2612 1627 2698 ἑλομένους,
1668 2627 1751 2681 ὅτι
1784 2627 1940 2681 ταῦθ’

356 2715 528 2781 οὓτως
547 2718 767 2786 γέγονεν
794 2718 1029 2789 ἀληθῶς,
1057 2719 1190 2790 φέρε
1208 2720 1345 2783 τοὺς
1375 2719 1485 2772 τῶν
1520 2721 1941 2777 κατασκώπτειν

357 2808 625 2862 εἰωθότων
659 2809 999 2880 παραθέντες
1039 2810 1253 2878 λόγους,
1281 2810 1404 2864 τότε
1429 2810 1618 2864 λοιπὸν
1644 2813 1939 2882 ἐπαγάγω-

360 2918 461 2969 μεν
491 2900 585 2953 ἐπὶ
623 2901 815 2972 καιροῦ
843 2901 944 2972 τῆς
982 2902 1292 2977 οξκονομίας
1317 2903 1417 2973 τὴν
1443 2903 1737 2973 ἀφήγησιν.
1772 2905 1937 2973 Λογι-

355 2994 453 3066 δίῳ
490 2995 589 3065 μὲν
609 2989 703 3047 οῦν
728 2994 977 3066 ἐνέτυχον
1009 2995 1202 3065 ἀνδρὸς
1224 2996 1324 3049 οὐκ
1352 2996 1585 3067 ἀσήμου,
1615 2997 1936 3068 διατρανοῦν

2012 1235 2042 1251 κ

2121 1259 2287 1317 Vitas.
2315 1263 2369 1317 '5.
2428 1262 2589 1331 Vade,
2636 1265 2813 1334 accipe
2852 1266 2945 1320 (ibt
2983 1283 3199 1321 uxorem
3234 1269 3623 1338 fornicationis,

2048 1360 2098 1407 el
2126 1352 2264 1420 ﬁlios
2291 1354 2676 1422 fornicationis,
2701 1357 2825 1426 quia
2848 1358 3116 1425 [emicans
3133 1359 3480 1428 fornicubitur
3514 1373 3620 1418 ler-

2048 1458 2109 1496 τα
2137 1459 2169 1495 a
2199 1442 2324 1498 Deo.
2345 1441 2412 1496 Et
2438 1446 2590 1508 abiit,
2622 1455 2670 1500 et
2697 1449 2894 1516 accepit
2923 1447 3113 1504 Camer
3132 1451 3304 1519 ﬁliam
3332 1451 3619 1520 Debelaim,

2048 1544 2096 1588 et
2124 1536 2378 1603 concepit,
2401 1545 2452 1590 et
2481 1538 2680 1606 peperit
2713 1539 2761 1592 ei
2791 1538 2985 1607 ﬁlium.

2119 1706 2206 1763 ΙΙΙ.
2241 1709 2397 1766 Nullo
2424 1710 2578 1766 nobis
2603 1723 2922 1782 argumento
2944 1714 3353 1784 persuadebitur
3374 1714 3620 1787 Scriptu-

2048 1816 2161 1855 ram
2200 1804 2500 1872 repudiare,
2535 1813 2590 1859 et
2620 1804 2900 1860 historiam
2929 1809 3184 1864 vanitatis
3234 1812 3614 1877 condemnare,

2044 1899 2100 1945 et
2126 1905 2240 1946 rem
2272 1892 2443 1963 ipsam
2475 1894 2836 1951 inhonestatis
2865 1910 3181 1966 coarguere,
3206 1906 3524 1968 putareque,
3555 1911 3618 1956 ut

2045 1983 2287 2052 quidam,
2336 2000 2444 2039 non
2474 1985 2548 2039 ita
2599 1995 2827 2055 gestam,
2879 2003 3054 2054 neque
3092 1989 3158 2042 ad
3208 1990 3442 2057 nuptias,
3500 1990 3619 2046 sive

2046 2072 2377 2127 matrimonii
2423 2075 2871 2130 consuetudinem
2919 2076 3179 2131 adscitam
3222 2091 3342 2133 esse
3392 2077 3611 2148 Gomcr,

2043 2162 2258 2229 quando
2301 2170 2357 2217 et
2396 2172 2739 2233 conceptum,
2776 2173 2831 2218 et
2887 2173 3099 2233 partum
3156 2174 3400 2221 secutum
3457 2183 3613 2224 sacra

2044 2251 2324 2321 Scriptura
2356 2253 2535 2318 docet,
2564 2255 2919 2324 meminitque
2945 2265 3001 2310 et
3030 2256 3265 2312 nominis
3290 2258 3403 2324 lilii,
3436 2268 3493 2314 et
3521 2275 3614 2331 pa-

2045 2351 2180 2396 trem
2212 2343 2383 2411 ipsius
2410 2343 2740 2399 mulierculae
2770 2344 3092 2399 nominatim
3120 2347 3396 2413 exprimit,
3434 2358 3489 2403 et
3522 2349 3613 2404 in—

2040 2446 2203 2502 super
2232 2433 2399 2500 ipsam
2437 2435 2654 2489 nomine
2685 2434 2940 2503 appellat.
2972 2432 3110 2500 Quia
3138 2450 3268 2489 vero
3299 2452 3476 2493 rerum
3517 2454 3615 2512 ge-

2039 2532 2244 2578 starum
2276 2525 2492 2578 veritati
2536 2525 2785 2579 assentiri
2828 2525 3091 2590 volentes,
3139 2528 3386 2581 conﬁteri
3429 2545 3614 2586 neces-

2039 2615 2184 2669 sario
2212 2616 2432 2681 debent,
2460 2615 2575 2669 hzec
2609 2615 2675 2668 ad
2709 2615 2852 2670 hunc
2882 2618 3098 2671 modum
3126 2631 3256 2673 vere
3300 2620 3613 2689 contigisse,

2038 2720 2137 2775 age
2166 2720 2349 2759 eorum
2380 2706 2576 2775 quibus
2602 2706 2844 2760 solemne
2888 2715 2973 2762 est
3019 2707 3338 2762 calumniari
3392 2711 3614 2766 rationi-

2037 2798 2141 2853 bus
2168 2799 2477 2869 propositis,
2507 2807 2691 2867 postea
2740 2799 3057 2853 mconomia:
3108 2800 3468 2854 narrationem
3516 2815 3613 2870 op-

2038 2902 2267 2958 portune
2290 2889 2694 2958 subjungamus.
2726 2890 2896 2946 Incidi
2940 2890 3102 2961 igitur
3149 2892 3202 2945 in
3254 2893 3613 2961 disputatiun-

2036 2981 2212 3035 culam
2249 2981 2349 3034 viri
2376 2981 2655 3050 cujusdam
2704 2965 2825 3035 non.
2855 2981 3096 3043 obscuri,
3134 2981 3224 3051 qui
3263 2981 3403 3036 hunc
3436 2981 3611 3037 locum

353 3084 628 3148 ἐθέλοντος
665 3086 734 3139 τά
781 3087 909 3157 περὶ¹
953 3086 1043 3140 τὸν
1086 3086 1283 3139 τόπον·
1317 3086 1377 3150 ὃς
1405 3088 1503 3159 τῆς
1537 3089 1801 3160 ἱστορίας.
1843 3091 1939 3144 καὶ

2040 3074 2328 3143 explanare
2362 3081 2677 3139 conaretur,
2734 3084 2789 3128 et
2837 3074 3119 3128 historiam
3175 3072 3613 3143 allirmantesque

351 3179 461 3233 τῶν
493 3178 636 3233 οὕτω
663 3178 989 3247 γεγενῆσθαι
1018 3179 1306 3247 λεγόντων,
1351 3181 1412 3233 ού
1444 3182 1670 3253 μετρίαν
1702 3184 1937 3237 ἐποιεῖτο

351 3272 450 3341 τὴν
484 3272 845 3342 κατάῥρησιν,
884 3271 993 3324 δεῖν
1021 3288 1079 3324 τε
1113 3270 1351 3341 ἔφασκεν
1398 3272 1647 3342 ἐναργῶς
1672 3275 1760 3325 ἐπ’
1786 3272 1936 3344 αύτῷ

350 3359 415 3430 δὴ
441 3360 614 3431 τούτῳ
644 3359 720 3430 τῷ
749 3361 1028 3431 κεφαλαίῳ
1066 3361 1303 3430 μάλιστα
1330 3361 1568 3427 δεδιότας
1596 3362 1769 3429 οὐδὲν,
1805 3363 1937 3416 ἀνα-

352 3453 579 3521 κραγεῖν
620 3452 719 3520 τῆς
744 3454 1072 3523 ἐγκρατείας
1101 3454 1228 3518 τοὺς
1254 3454 1508 3524 ἐραστάς·
1552 3475 1571 3507 ι
1602 3455 1676 3508 Τὸ
1702 3455 1936 3527 γράμμα

352 3542 684 3596 ἀποκτείνει.
717 3562 734 3594 ι
758 3545 1001 3616 Ἐρήμην
1050 3544 1160 3617 γὰρ
1209 3546 1398 3618 ὥσπερ
1454 3548 1809 3619 κατατρέχων
1839 3547 1934 3600 τοῦ

352 3636 680 3705 γράμματος
703 3675 719 3700 ,
774 3636 867 3689 καὶ
918 3636 1083 3689 οἱονεὶ
1136 3637 1279 3690 κατὰ
1333 3637 1570 3709 πρανοῦς
1622 3638 1933 3709 ἐρχόμενος,

350 3723 591 3777 τοιούσδε
634 3725 785 3789 τινὰς
820 3726 1089 3780 συνετίθει
1126 3727 1337 3795 λόγους.
1370 3728 1574 3797 Μωσῆς
1619 3728 1746 3799 γὰρ,
1803 3728 1937 3797 ἐφα-

356 3832 506 3880 οκεν,
546 3816 576 3868 ό
603 3814 886 3879 θεσπέσιος
913 3817 1309 3888 προσετάττετό
1340 3835 1471 3871 ποτε
1491 3818 1589 3888 τῆς
1617 3819 1935 3886 Αἰγυπτίων

351 3905 592 3972 ἐουλείας
641 3908 1047 3979 λελυτρωμένον
1086 3907 1442 3979 ἀποκομίζειν
1483 3909 1575 3961 τὸν
1612 3910 1827 3979 Ἰσραὴλ
1856 3912 1937 3974 είς

351 3999 452 4070 τὴν
498 4000 665 4054 πάλαι
706 4003 820 4065 τοῖς
857 4001 1127 4072 πατράσιν
1168 4000 1584 4072 ἐπηγγελμένην
1618 4001 1781 4068 ἁγίαν
1808 4002 1931 4072 γῆν,

355 4092 500 4159 φημὶ
537 4091 603 4161 δὴ
646 4092 744 4160 τὴν
781 4092 882 4162 τῆς
912 4092 1263 4160 ἐπαγγελίας·
1294 4092 1430 4146 ἀλλὰ
1458 4093 1553 4145 καὶ
1585 4094 1613 4146 ὁ
1646 4094 1934 4164 προφήτης

369 4181 637 4251 Ἱερεμίας
666 4183 864 4251 ήκουσε
893 4182 1025 4235 Θεοῦ
1052 4183 1297 4249 λέγοντος
1329 4183 1591 4253 ἐναργῶς·
1639 4202 1656 4233 ι
1686 4184 1801 4254 Πρὸ
1839 4184 1933 4237 τοῦ

360 4290 430 4343 με
460 4272 661 4327 πλάσαι
695 4289 755 4325 σε
803 4274 862 4325 ἐν
891 4272 1102 4344 “nodis,
1134 4273 1431 4342 ἐπίσταμαί
1474 4289 1554 4337 σε,
1591 4274 1682 4326 καὶ
1709 4275 1810 4345 πρὸ
1841 4276 1932 4329 τοῦ

357 4381 416 4417 σε
447 4362 685 4429 ἐξελθεῖν
708 4365 773 4417 ἐκ
802 4365 1034 4455 μήτρας,
1055 4363 1262 4455 ήγίακά
1284 4380 1369 4455 σε,
1397 4365 1682 4435 προφήτην
1707 4367 1784 4429 είς
1804 4366 1930 4439 ἔθνη
1962 4401 2006 4455 D

352 4454 573 4508 τέθεικά
602 4472 682 4508 σε.
713 4472 733 4505 ι
772 4453 900 4516 Πῶς
924 4448 1017 4508 οῦν
1043 4454 1143 4507 οὐκ
1174 4452 1509 4521 ἀξιάγαστοι,
1540 4456 1724 4525 φησὶν,
1757 4457 1807 4509 οἱ
1833 4457 1929 4510 καὶ

350 4544 447 4616 τὴν
480 4543 622 4597 οὕτω
651 4543 856 4616 σεπτὴν
878 4544 972 4597 καὶ
999 4543 1287 4612 παγκάλην
1326 4542 1599 4598 διακονίαν
1634 4547 1930 4615 παραιτούο

355 4651 524 4707 μενοι·
560 4637 652 4691 καὶ
683 4635 782 4707 τὴν
810 4634 1070 4706 μέλλησιν
1095 4636 1197 4689 οὐκ
1226 4637 1684 4707 ἀπαναινόμενοι;
1735 4638 1794 4691 '0
1828 4639 1929 4710 μὲν

349 4728 459 4799 γὰρ
482 4726 707 4796 ἔφασκε·
740 4746 760 4778 ι
788 4727 1009 4797 Δέομαι,
1038 4726 1231 4797 Κύριε,
1266 4728 1610 4797 προχείρισαι
1647 4728 1806 4782 ἄλλον
1831 4729 1927 4782 δυ·-

349 4819 583 4888 νάμενον
608 4819 668 4871 ὃν
698 4818 1034 4882 ἀποστελεῖς.
1067 4838 1086 4871 ι
1107 4818 1163 4872 Ὀ
1188 4819 1245 4873 δὲ
1271 4819 1369 4891 τὴν
1411 4821 1638 4891 νεότητα
1670 4823 1927 4895 προϊσχό-

354 4928 536 4981 μενος,
566 4910 897 4964 ἐκδυσωπεῖν
929 4912 1188 4983 ἐπειρᾶτο
1219 4910 1371 4966 Θεόν.
1392 4911 1555 4965 Ἀλλὰ
1591 4914 1686 4967 καὶ
1723 4916 1752 4967 ὁ
1793 4930 1927 4985 προ-

351 4997 550 5069 φήτης,
581 4997 765 5066 φησὶν,
784 4997 1037 5069 Ἰεζεχιὴλ
1066 5000 1123 5050 ἐν
1155 4999 1422 5069 βολϐίτοις
1453 5000 1662 5072 κόπρου
1709 5002 1934 5073 ἀνθρω-

351 5088 512 5158 πίνης
544 5088 742 5158 ἄρτους
764 5087 940 5160 ἐαυτῷ
967 5090 1189 5160 ποιῆσαι
1215 5093 1712 5162 προστεταγμένος,
1746 5092 1933 5146 δεδυσο

351 5178 590 5249 φόρηκεν
616 5179 678 5231 ού
715 5178 962 5250 μικρῶς,
1012 5180 1212 5250 ἢκουσέ
1234 5198 1294 5233 τε
1320 5181 1407 5236 διὰ
1429 5180 1606 5236 τοῦτο·
1644 5202 1663 5234 ι
1685 5183 1814 5237 Ἰδοὺ
1845 5182 1929 5237 δέ·

348 5270 497 5324 δωκά
530 5288 612 5324 σοι
658 5270 879 5341 βόλϐιτα
912 5270 1047 5339 βοῶν
1091 5272 1213 5325 ἀντὶ
1247 5270 1505 5342 βολϐίτων
1548 5272 1923 5343 ἀνθρωπίνων,

349 5365 442 5417 καὶ
472 5364 734 5434 ὀπτήσεις
758 5364 885 5426 τοὺς
913 5361 1107 5434 ἄρτους
1138 5380 1231 5416 σου
1265 5365 1351 5417 ἐπ’
1390 5364 1588 5417 αὐτῶν.
1622 5383 1642 5416 ι
1677 5364 1786 5419 Καὶ
1820 5364 1926 5436 μὴν

349 5457 442 5509 καὶ
467 5454 608 5508 αὐτὰ
629 5455 658 5507 ὁ
684 5453 972 5518 θεσπέσιος
998 5453 1224 5524 Πέτρος,
1255 5454 1343 5508 ὅτε
1367 5455 1471 5526 τῆς
1507 5455 1700 5526 ὀθόνης
1740 5456 1927 5509 καθιε-

358 5545 524 5614 μένης
555 5541 616 5609 ἐξ
643 5542 895 5615 ούρανοῦ,
927 5543 986 5594 ἐν
1080 5543 1257 5597 πάντα
1299 5545 1609 5616 ἐγέγραπτο
1641 5544 1707 5598 τὰ
1731 5545 1928 5614 τετρά-

350 5634 490 5688 ποδα
529 5636 627 5688 καὶ
651 5635 721 5688 τὰ
752 5636 946 5707 κτήνη,
982 5634 1118 5689 Θεοῦ
1156 5635 1405 5704 λέγοντος
1438 5636 1691 5705 ἤκουσεν·
1723 5655 1741 5687 ι
1764 5635 1923 5688 Ἀνα·

423 5809 466 5861 ξι
502 5808 542 5879 ll
582 5808 706 5864 Cor.
751 5826 830 5878 ιιι,
871 5812 921 5867 6.
1031 5814 1073 5845 ³²
1114 5814 1283 5870 Exod.
1327 5831 1408 5881 ιιι,
1443 5815 1496 5870 8.
1575 5813 1750 5870 3"Jcr.
1795 5830 1832 5882 ι,
1873 5813 1927 5867 5.

2037 3165 2090 3218 id
2119 3180 2179 3219 re
2209 3167 2322 3235 ipsa
2363 3165 2456 3218 tali
2492 3166 2649 3220 modo
2683 3164 2904 3229 factum,
2941 3180 3046 3218 non
3080 3164 3268 3218 leviter
3316 3165 3611 3234 reprehen-

2036 3256 2211 3321 deret,
2247 3264 2625 3326 assereretque
2670 3255 2847 3324 planis
2892 3255 3098 3319 verbis,
3140 3268 3302 3325 super
3338 3256 3441 3309 hoc
3491 3255 3613 3324 ipso

2036 3349 2211 3418 capite
2243 3350 2360 3403 sine
2391 3350 2499 3404 ullo
2537 3350 2731 3403 timore
2773 3347 3207 3415 exclamandum,
3266 3347 3613 3402 continentia:

2037 3440 2388 3505 amatoribus,
2419 3459 2438 3491 ι
2474 3438 2678 3494 Littera
2708 3440 3038 3511 occidit"...
3071 3438 3233 3504 Quasi
3259 3440 3401 3494 enim
3429 3440 3612 3494 deser-

2039 3542 2093 3587 to
2121 3535 2188 3586 ab
2213 3532 2324 3602 ipsa
2352 3534 2661 3588 vadimonio
2690 3533 3013 3602 scripturam
3045 3534 3353 3596 incursans,
3379 3547 3442 3586 ac
3465 3531 3584 3587 velu

2035 3623 2363 3690 praecipitem
2398 3638 2615 3692 urgens,
2650 3623 3020 3692 hujuscemodi
3061 3622 3431 3677 conclusiones
3459 3631 3610 3676 texe-

2035 3716 2148 3770 bat.
2166 3715 2376 3785 Moyses
2399 3718 2543 3772 enim
2574 3717 2811 3781 divinus,
2838 3717 3036 3777 aiebat,
3064 3716 3319 3770 Israelem
3349 3715 3417 3768 ab
3434 3713 3608 3785 Egy-

2034 3809 2144 3878 ptia
2185 3809 2445 3863 servitute
2472 3808 2599 3863 olim
2636 3809 2967 3862 vindicatum
3015 3807 3068 3860 in
3105 3814 3302 3859 terram
3341 3814 3606 3869 sanctam,

2034 3901 2280 3969 patribus
2315 3901 2660 3969 promissam,
2712 3900 2764 3953 in
2820 3908 3022 3954 terram
3070 3898 3467 3967 promissionis,
3522 3896 3608 3951 iu—

2036 4008 2219 4061 qnam,
2248 3991 2533 4061 deportare
2564 3991 2748 4059 jussus
2793 3998 2875 4046 est
2921 3992 2989 4046 ".
3045 3990 3183 4058 Quin
3243 3998 3298 4045 et
3344 3988 3610 4043 Jeremias

2038 4085 2202 4139 Deum
2234 4083 2518 4138 manifeste
2545 4084 2809 4138 dicentem
2844 4083 3069 4153 audivit,
3105 4100 3124 4132 ι
3149 4081 3465 4148 Priusquam
3498 4078 3608 4132 for-

2036 4191 2239 4230 marem
2273 4177 2397 4230 tein
2438 4185 2614 4235 utero,
2649 4174 2769 4228 novi
2805 4181 2887 4237 te;
2923 4180 3279 4237 etantequam
3318 4170 3498 4223 exires
3542 4167 3608 4221 de

2034 4267 2218 4328 vulva,
2268 4264 2601 4320 sanctiﬁcavi
2671 4273 2740 4315 te.
2790 4262 2855 4314 Et
2892 4261 3209 4330 prophetam
3259 4260 3309 4313 in
3359 4258 3609 4329 gentibus

2036 4358 2156 4413 dedi
2218 4365 2269 4410 te
2296 4356 2361 4410 ³³.
2428 4374 2446 4406 ι
2523 4353 2800 4420 Quomodo
2868 4352 3031 4420 igitur
3085 4366 3190 4405 non
3249 4351 3608 4405 admiratione

2036 4448 2205 4520 digni,
2235 4448 2428 4517 inquit,
2459 4446 2549 4516 qui
2581 4446 2716 4499 adeo
2750 4443 3138 4509 venerandum,
3180 4454 3237 4496 et
3285 4442 3604 4496 honestissi-

2035 4557 2181 4596 mum
2217 4554 2437 4607 prorsus
2469 4534 2827 4591 ministerium
2874 4542 3211 4599 aversantur,
3255 4539 3310 4584 et
3360 4529 3602 4584 cunetari

2035 4648 2140 4687 non
2168 4628 2456 4685 verentur?
2488 4627 2583 4682 Ille
2606 4625 3009 4695 cuim,Moyses,
3044 4623 3221 4677 aiebat
3248 4638 3263 4676 :
3298 4640 3317 4672 ‹
3348 4621 3607 4681 Obsecro,

2035 4721 2284 4785 Domine,
2320 4719 2499 4786 delige
2532 4717 2696 4771 alium
2730 4717 3003 4782 idoneum,
3033 4727 3191 4783 quem
3230 4713 3411 4767 mittes
3453 4710 3518 4763 ³⁸.
3579 4728 3600 4761 ι

2033 4810 2184 4865 Alius
2213 4810 2547 4879 juventutem
2583 4807 2946 4876 praztendens,
2974 4819 3201 4861 exorare
3250 4803 3416 4858 Deum
3460 4802 3603 4856 nite-

2034 4900 2209 4955 batur.
2247 4899 2383 4964 Quiu
2411 4907 2465 4953 et
2494 4900 2751 4966 propheta
2802 4896 3072 4963 Ezechiel,
3120 4894 3175 4950 in
3223 4905 3464 4949 stercore
3498 4893 3602 4947 hu-

2032 5002 2192 5043 mano
2209 5003 2376 5057 panes
2408 4990 2508 5043 sibi
2540 4987 2723 5042 facere
2744 4987 2946 5054 jussus,
2980 5000 3085 5040 non
3116 4983 3459 5037 mediocriter
3488 4996 3599 5037 mo-

2029 5078 2166 5136 leste
2204 5080 2333 5143 fert,
2362 5088 2419 5134 et
2461 5079 2662 5134 idcirco
2696 5079 2845 5131 audit
2875 5095 2890 5131 :
2941 5096 2960 5128 ι
2998 5075 3137 5130 Ecce
3167 5073 3288 5129 dedi
3338 5072 3432 5126 tibi
3465 5081 3600 5127 ster-

2029 5189 2156 5230 cora
2187 5174 2347 5227 boum
2381 5173 2485 5241 12
2515 5186 2610 5239 pro
2640 5171 2900 5234 humano,
2933 5178 2988 5222 et
3035 5180 3237 5235 coques
3268 5179 3435 5233 panes
3484 5174 3600 5220 tuos

2033 5266 2088 5321 in
2120 5265 2200 5319 eis
2228 5264 2295 5319 ³⁸.
2337 5283 2358 5317 ι
2390 5265 2613 5332 Insuper
2681 5271 2735 5316 et
2764 5261 2919 5316 divus
2960 5259 3073 5327 ipse
3119 5257 3331 5321 Petrus,
3387 5256 3601 5326 quando

2032 5360 2201 5413 linteo
2237 5357 2302 5412 de
2332 5356 2471 5412 cmlo
2501 5356 2791 5419 submisso,
2825 5354 2878 5407 in
2911 5365 3019 5422 quo
3067 5349 3246 5404 omnia
3301 5349 3592 5419 quadrupe-

2033 5447 2119 5500 dia
2156 5455 2212 5501 et
2245 5445 2489 5512 iumenta
2518 5444 2899 5505 cernebantur,
2946 5440 3112 5493 Deum
3143 5439 3408 5495 dicentem
3449 5438 3596 5493 audi-

2033 5538 2151 5592 vit:
2185 5555 2204 5588 ι
2239 5530 2432 5605 surge,
2462 5534 2646 5598 Petre;
2675 5531 2879 5595 occide,
2902 5538 2958 5584 et
2982 5529 3240 5585 manduca
3269 5529 3334 5593 ³⁸,
3372 5547 3391 5581 ι
3445 5541 3596 5582 recu-

2031 5627 2191 5694 savit,
2222 5627 2309 5682 his
2358 5625 2536 5679 verbis
2592 5640 2606 5676 :
2660 5639 2681 5674 ι
2736 5619 3105 5691 Nequaquam,
3165 5620 3412 5683 Domine,
3472 5614 3597 5685 quia

2003 5809 2049 5842 9‘
2084 5808 2255 5864 Exod.
2293 5822 2365 5875 tv,
2400 5807 2485 5862 i5.
2600 5806 2644 5838 ³⁸
2675 5803 2869 5863 Ezech.
2923 5822 2998 5875 ιν,
3033 5804 3120 5858 15.
3181 5799 3227 5831 ³⁸
3256 5798 3375 5852 Act.
3408 5809 3461 5859 tt,
3502 5789 3593 5848 15.
