4098 6276
469 414 653 487 21_

1488 412 1545 469 S.
1585 413 1867 470 CYRILLI
1903 409 2377 469 ALEXANDRIN!
2416 410 2738 468 ARCHIEP.

3648 422 3718 480 28

471 543 747 599 nunquam
808 527 1013 584 comedi
1065 541 1225 583 omne
1284 542 1604 597 commune,
1655 539 1749 586 aut
1805 530 2032 585 immun-

2146 528 2296 593 στὰς,
2341 526 2537 598 Πέτρε,
2572 527 2752 592 θῦσον,
2788 527 2883 581 καὶ
2917 525 3077 595 φάγε·
3113 545 3131 577 ι
3176 529 3502 601 παρῃτεῖτο,
3534 535 3715 601 φησιν,

473 619 599 673 dum
634 618 700 683 ³⁷,
736 636 757 671 ι
788 633 958 687 neque
984 617 1223 686 ingressa
1250 618 1414 674 estin
1447 634 1509 674 os
1544 634 1722 675 meum
1764 620 1868 675 ulla
1916 634 2044 675 caro

475 707 915 779 profana.05eas
955 716 1133 762 autem
1182 708 1367 770 audito
1427 724 1487 764 se
1542 726 1666 765 cum
1725 711 2044 766 muliercula

476 798 756 852 inhonesta
785 806 840 851 et
867 795 1180 862 fornicaria,
1217 808 1274 853 et
1314 797 1479 853 vitam
1536 798 1748 855 vivente
1792 816 2048 856 exsecra-

475 886 635 942 bilem
666 887 860 942 debere
894 887 1160 957 copulari,
1204 904 1320 943 rem
1350 905 1455 943 non
1501 892 1853 960 deprecatur;
1913 907 2017 947 cun

474 978 765 1041 elationem
814 979 1013 1033 nullam
1049 980 1318 1047 admittit;
1364 996 1467 1035 non
1510 982 1611 1037 sibi
1658 983 1798 1038 istud
1845 983 2044 1039 remitti

473 1070 785 1139 suppliciter
813 1080 961 1136 orat;
993 1071 1113 1139 sed,
1147 1080 1205 1127 ut
1233 1073 1501 1143 quispiam
1552 1074 2042 1143 petulantissimus,

472 1171 681 1216 tantum
717 1178 821 1217 non
853 1165 1273 1233 promptissime,
1302 1166 1419 1221 sine
1452 1182 1624 1232 mora,
1657 1171 2043 1239 propemodum

474 1252 531 1305 in
568 1266 679 1307 rem
705 1251 927 1317 involat,
966 1253 1256 1322 voluptate,
1289 1256 1470 1319 credo,
1505 1257 1831 1312 mulierculae
1863 1258 2042 1312 fruen-

474 1340 556 1394 da:
587 1351 894 1409 superatus.
931 1341 1131 1397 Deinde
1167 1346 1465 1399 orationem
1517 1361 1639 1400 cum
1691 1348 1926 1403 absurdo
1981 1349 2045 1403 ﬁ-

475 1430 651 1495 niens,
683 1446 847 1501 pauca
876 1437 1142 1502 quaedam,
1172 1443 1228 1487 et
1275 1433 1466 1505 frigida
1516 1437 1779 1508 adjungit.
1814 1438 2045 1494 Simulat

473 1522 618 1577 enim
647 1536 707 1577 se
735 1524 1004 1593 propheta:
1030 1526 1381 1595 patrocinari,
1430 1536 1486 1582 et
1535 1529 1629 1595 ait,
1661 1530 1951 1598 plurimum
1983 1547 2043 1588 se

474 1612 647 1680 ipsum
675 1624 1059 1669 excusaturum
1087 1617 1281 1681 fuisse,
1312 1619 1356 1672 si
1409 1618 1577 1674 Deum
1613 1621 2041 1676 comtnistionem

473 1715 790 1773 corpoream
828 1706 1110 1763 mandasse
1143 1711 1461 1777 putavisset.

544 1885 653 1941 Sed
676 1887 928 1955 quoniam
963 1899 1082 1942 erat
1109 1887 1390 1957 spirituale
1432 1888 1688 1958 quiddam
1731 1890 1873 1960 quod
1913 1905 2040 1960 age-

2145 617 2289 672 οῦτω
2308 619 2480 688 λέγων
2497 637 2511 650 ·
2548 637 2567 671 ι
2590 619 2892 689 Μηδαμῶς,
2914 618 3107 690 Κύριε,
3126 620 3207 672 ὄτι
3236 619 3488 675 οὐδέποτε
3519 621 3716 691 ἔφαγον

2146 712 2254 763 πᾶν
2285 711 2480 772 κοινὸν.
2526 711 2559 780 ἢ
2610 711 2939 781 ἀκάθαρτον,
2992 729 3014 763 ι
3064 710 3185 763 οὐδὲ
3232 710 3482 781 εἰσῆλθεν
3535 715 3617 778 εἰς
3657 712 3719 781 τὸ

2145 801 2319 872 στόμα
2354 819 2454 871 μου
2482 803 2589 855 πᾶν
2615 802 2780 872 κρέας
2814 802 3060 873 βέϐηλον.
3080 803 3236 874 Ὠσηὲ
3265 802 3321 856 δὲ
3354 804 3612 868 ἀκούσας,
3639 807 3717 859 ὅτι

2143 895 2351 965 γυναίῳ
2383 876 2747 949 συνάπτεσθαι
2793 896 2873 947 δεῖ
2913 894 3145 965 αἰσχρῷ,
3173 896 3269 948 καὶ
3315 896 3714 967 πορνευομὲνῳ,

2145 987 2239 1039 καὶ
2271 986 2540 1056 ἐπάρατον
2569 985 2741 1056 ἔχοντι
2764 986 2930 1056 ζωὴν,
2956 986 3018 1039 οὐ
3045 988 3395 1057 παραιτεῖται
3418 986 3479 1040 τὸ
3506 987 3713 1059 χρῆμα,

2145 1076 2245 1128 οὐκ
2270 1075 2425 1130 ὄκνον
2450 1077 2743 1147 ἐνδέχεται,
2780 1078 2842 1129 οὐ
2871 1079 3137 1148 προσάγει
3167 1078 3266 1148 τὴν
3296 1080 3595 1149 ἱκετηρίαν.
3622 1082 3718 1132 ἀν-

2146 1170 2323 1225 εῖσθαι
2374 1171 2710 1243 παρακαλῶν
2734 1186 2748 1203 ⁸
2779 1171 2894 1225 ἀλλ’
2924 1166 3013 1225 οἷά
3054 1190 3138 1235 τις
3174 1172 3283 1226 τῶν
3314 1172 3719 1242 ἀσελγεστάτων

2146 1263 2561 1334 προχειρότατα,
2602 1264 2694 1316 καὶ
2726 1263 3012 1334 ἀμελλητὶ,
3050 1264 3331 1335 μονονουχὶ
3361 1266 3455 1318 καί
3486 1265 3719 1336 ἁρπάζει

2142 1356 2206 1409 τὸ
2233 1355 2442 1426 χρῆμα,
2465 1355 2607 1426 τάχα
2636 1373 2736 1408 που
2764 1354 2863 1425 τῆς
2889 1357 2969 1419 εἰς
2996 1356 3057 1408 τὸ
3089 1354 3310 1425 γύναιον
3333 1357 3526 1427 ἡδονῆς
3549 1356 3720 1427 ἡττώ-

2147 1464 2326 1518 μενος.
2371 1442 2506 1500 Εἶτα
2544 1447 2885 1500 κατακλείων
2930 1448 3017 1511 εἰς
3061 1447 3291 1500 ἀτοπίαν
3335 1449 3460 1511 τοὺς
3506 1448 3716 1515 λόγους,

2144 1540 2453 1610 προσετίθει
2484 1538 2693 1602 τούτοις
2727 1539 2882 1608 ὀλίγα
2921 1540 3057 1594 ἄττα
3096 1539 3192 1594 καὶ
3224 1540 3425 1612 ψυχρά.
3469 1541 3715 1610 Σκήπτε-

2143 1649 2233 1685 ται
2266 1630 2363 1700 μὲν
2396 1631 2504 1701 γὰρ
2530 1631 2608 1701 τῷ
2636 1632 2892 1704 προφήτῃ
2924 1634 3261 1703 συνηγορεῖν,
3288 1633 3381 1685 καὶ
3420 1632 3582 1686 πάλιν
3611 1650 3716 1702 φη-

2147 1723 2252 1785 σὶν,
2276 1722 2359 1775 ὅτι
2406 1720 2662 1792 πλείστην
2696 1721 2762 1775 ἂν
2802 1722 3095 1792 ἐποιήσατο
3139 1721 3237 1793 τὴν
3282 1723 3631 1795 παραίτησιν,
3667 1724 3716 1775 εἰ

2146 1812 2465 1885 σωματικήν
2493 1814 2761 1884 ἠπίστατο
2793 1814 3074 1868 κοινωνίαν
3101 1813 3402 1885 προστάξαι
3429 1813 3581 1868 Θεόν.

2225 1901 2442 1973 Ἐπειδὴ
2489 1901 2546 1955 δὲ
2586 1896 2655 1972 ἦν
2705 1902 3073 1973 πνευματικόν
3118 1920 3174 1957 τι
3223 1902 3285 1956 τὸ
3328 1901 3622 1974 δρώμενον,
3653 1902 3719 1955 ὲκ

471 1976 649 2043 batur,
680 1992 749 2032 ex
782 1977 945 2031 multa
989 1994 1113 2047 erga
1164 1979 1330 2033 Deum
1360 1979 1625 2035 cbaritate
1658 1984 2032 2052 propemodum

2140 1994 2343 2065 πολλῆς
2375 1995 2515 2063 ἄγαν
2545 1992 2840 2063 φιλοθεῖας,
2876 1993 3158 2065 μονονουχί⁵
3190 1993 3284 2048 καὶ
3311 1993 3606 2064 αύτόμολος
3626 1992 3718 2046 ἐπὶ

471 2064 615 2121 ultro
644 2067 710 2120 ad
749 2067 799 2121 id
830 2069 972 2133 quod
997 2067 1207 2137 jussum
1239 2076 1356 2126 erat
1385 2072 1771 2141 praestandum,
1811 2074 2041 2143 prophe-

471 2161 578 2207 tam
599 2155 964 2211 descendisse.
994 2156 1281 2223 Praeterea,
1306 2157 1500 2226 inquit,
1525 2159 1868 2216 contiuentim
1903 2163 2040 2216 Deus

471 2248 615 2303 haud
647 2249 910 2304 voluisset
935 2250 1227 2320 quidquam
1255 2251 1519 2305 committi
1549 2253 1674 2316 tale,
1707 2262 1766 2306 ut
1792 2255 1875 2309 vir
1922 2264 2040 2309 tan-

472 2349 559 2397 tus
583 2343 717 2397 adeo
768 2343 1012 2411 turpibus
1053 2342 1490 2415 detestandisque
1527 2345 1914 2413 complexibus,
1965 2350 2040 2400 ie-

468 2432 629 2487 minte
683 2431 859 2499 hujus,
905 2433 1149 2502 inquam,
1197 2436 1449 2491 obscena:
1490 2445 1546 2490 et
1582 2434 1881 2492 fornicaria:
1911 2453 2039 2492 con-

470 2521 844 2577 taminaretur.
884 2522 1174 2578 Historiam
1200 2534 1379 2579 autem
1412 2540 1697 2593 enervans,
1741 2538 1794 2581 et
1826 2542 1944 2581 eam
1982 2528 2037 2582 in

468 2626 664 2668 sensus
688 2612 994 2682 spirituales
1037 2613 1430 2682 quodammodo
1480 2613 1888 2681 trausformans,
1931 2616 2039 2671 Go-

470 2717 589 2758 mer
622 2701 920 2758 aliirmabat
946 2717 1067 2758 esse
1098 2711 1278 2773 typum
1307 2704 1520 2770 animai,
1557 2719 1674 2774 qua:
1724 2706 1824 2761 sibi
1873 2707 2035 2762 vitam

469 2793 805 2850 inhonestam
838 2810 900 2849 ac
929 2803 1135 2865 turpem
1166 2794 1395 2865 delegit;
1432 2797 1747 2866 prophetam
1771 2801 2036 2855 sustinere

472 2884 767 2955 imaginem
805 2883 920 2953 ejus
948 2887 1035 2954 qui
1064 2885 1131 2940 de
1163 2885 1301 2940 caalo
1348 2896 1455 2954 est,
1501 2887 1605 2942 hoc
1642 2896 1745 2953 est,
1764 2886 1925 2944 Verbi
1969 2905 2036 2945 ex

462 2974 632 3031 Patre
665 2995 680 3031 :
711 2977 802 3044 qui
829 2978 1041 3047 quidem
1069 2978 1354 3034 animabus
1388 2981 1587 3034 nostris
1619 2981 1779 3036 modo
1808 2984 1909 3038 sub
1950 2984 2034 3037 iu—

470 3066 821 3137 telligentiam
878 3070 1247 3123 tantummodo
1290 3070 1515 3127 cadente
1561 3072 1861 3143 copulatus,
1914 3076 2036 3131 vitae

467 3158 649 3226 probae
675 3172 739 3213 ac
770 3166 972 3213 sanctae
989 3159 1192 3213 semina
1220 3160 1409 3230 injicit.
1429 3161 1494 3216 Et
1514 3162 1595 3217 hae
1621 3164 1834 3233 quidem
1863 3166 1915 3219 in
1945 3165 2034 3220 illa

467 3253 735 3319 oratione,
760 3267 864 3323 qua
894 3255 1215 3323 persuadere
1239 3256 1428 3325 voluit,
1476 3259 1825 3329 probationes
1863 3264 1930 3320 ab
1969 3278 2035 3319 eo

467 3345 782 3416 excogitatae
833 3354 977 3400 sunt.
1024 3345 1177 3416 Cepit
1221 3357 1398 3404 autem
1456 3366 1543 3405 me
1589 3350 1874 3411 admiratio
1926 3371 2035 3412 non

466 3431 706 3504 vulgaris
748 3451 763 3489 :
803 3433 1058 3504 primum,
1101 3437 1244 3504 quod
1273 3452 1397 3492 vera
1437 3439 1640 3495 sentire
1665 3451 2032 3510 contemnens,

467 3538 632 3579 ausus
678 3532 764 3580 est
809 3523 1010 3588 dicere,
1059 3524 1292 3581 litteram
1322 3528 1605 3595 occidere;
1640 3529 1855 3598 deinde,
1891 3533 2034 3595 quod

464 3614 766 3670 introduxit
795 3614 1032 3687 Moysen,
1065 3627 1119 3671 et
1155 3631 1292 3687 quos
1315 3620 1473 3674 modo
1500 3619 1914 3688 nominavimus,
1942 3625 2030 3692 qui

467 3706 783 3762 ctelestibus
808 3707 1042 3763 oraculis
1073 3708 1451 3777 reclamat-int;
1489 3711 1630 3780 quod
1661 3721 1841 3767 autem
1892 3715 2032 3770 divi—

466 3797 551 3851 nis
585 3797 851 3852 mandatis
880 3812 939 3853 se
979 3813 1253 3869 opponere
1297 3800 1413 3855 ausi
1462 3812 1616 3856 extra
1664 3803 1877 3873 culpam
1922 3820 2030 3861 non

466 3886 706 3952 fuerunt,
734 3888 874 3942 male
925 3884 1110 3943 tacuit.
1140 3890 1430 3945 Sacrorum
1478 3908 1711 3962 namque
1757 3896 2030 3952 doctorem

464 3978 685 4051 Moysen
720 3979 1222 4049 subterfugientem,
1263 3993 1316 4037 et
1361 3984 1428 4036 ad
1468 3984 1768 4041 obeundam
1818 3990 2033 4045 missio-

466 4085 588 4127 nem
621 4071 1086 4142 tergiversantem,
1112 4082 1173 4127 et
1200 4071 1393 4143 liug’tm
1412 4075 1718 4131 tarditatem
1735 4079 2028 4134 obtenden-

463 4171 590 4229 tem,
618 4174 678 4218 ut
709 4163 978 4217 inﬁrmum
1013 4164 1065 4218 in
1100 4163 1204 4220 tide
1244 4166 1588 4235 reprehendit
1617 4168 1778 4235 Deus,
1824 4170 1877 4224 in
1915 4172 2031 4226 lateo

461 4255 625 4311 verba
657 4268 673 4307 :
710 4254 811 4323 13
838 4272 857 4306 ι
883 4256 1014 4320 Quis
1041 4256 1185 4310 dedit
1213 4272 1275 4311 os
1311 4257 1548 4328 homini?
1574 4269 1625 4315 et
1652 4261 1773 4324 quis
1794 4260 2025 4318 fabrica-

461 4345 539 4398 vit
562 4352 766 4398 mutqu
798 4350 854 4397 et
881 4345 1123 4410 surdum,
1154 4346 1420 4403 videntem
1464 4356 1519 4403 et
1569 4352 1806 4405 caecum?
1848 4368 2027 4410 nonne

459 4450 559 4505 ego
585 4434 848 4490 Dominus
880 4434 1055 4489 Deus?
1090 4436 1257 4506 Perge
1279 4438 1469 4507 igitur,
1501 4447 1555 4493 et
1577 4454 1676 4509 ego
1708 4442 1940 4510 aperiam
1962 4460 2025 4500 os

2062 3209 2107 3272 C

2138 2085 2198 2139 τὸ
2239 2086 2370 2157 δρᾷν
2412 2084 2631 2155 ἔρχεται
2658 2082 2720 2137 τὸ
2748 2082 3410 2155 κεκελευσμένον.”Αλλως
3448 2099 3531 2147 τε,
3559 2082 3715 2153 φησὶ,

2137 2177 2238 2229 οὐκ
2266 2175 2331 2228 ἂν
2357 2176 2385 2228 ό
2420 2175 2522 2245 τῆς
2549 2176 2874 2243 ἐγκρατείας
2914 2175 3046 2240 Θεὸς
3083 2172 3315 2246 ἠθέλησέ
3365 2189 3420 2226 τι
3463 2172 3716 2242 γενέσθαι

2136 2265 2398 2329 τοιοῦτον,
2416 2266 2492 2329 ὼς
2520 2265 2687 2336 ἄνδρα
2719 2265 2971 2327 τοσοῦτον
2999 2268 3252 2337 αἰσχραῖς
3271 2264 3444 2329 οὕτως
3471 2266 3564 2319 καὶ
3594 2266 3715 2336 βδε-
3822 2278 3833 2287 ·

2137 2356 2471 2427 λυρωτάταις
2522 2356 2979 2428 καταμιαίνεσθαι
3039 2356 3401 2426 συμπλοκαῖς,
3455 2359 3575 2421 ταῖς
3634 2357 3716 2419 εἰς

2136 2449 2389 2515 γυναῖκα,
2420 2448 2583 2518 φημὶ,
2620 2446 2900 2501 καὶτοῦτο
2945 2447 3236 2518 μαχλῶσαν
3279 2448 3375 2501 καὶ
3411 2464 3713 2519 πεπορνευ-

2140 2537 2325 2608 μένηντ
2354 2537 2760 2592 Μεταπλάττων
2791 2538 2848 2592 δὲ
2885 2538 3073 2608 ὥσπερ
3100 2540 3197 2609 τῆς
3230 2538 3469 2611 ἱστορίας
3498 2540 3596 2609 τὴν
3620 2538 3711 2592 δύ-

2138 2645 2302 2699 ναμιν
2327 2629 2407 2693 εἰς
2430 2629 2640 2693 ἐννοίας
2669 2629 3065 2700 πνευματικὰς,
3096 2629 3301 2699 ἔφασκε
3329 2630 3427 2700 μὲν
3456 2624 3595 2684 εἶναι
3615 2629 3713 2699 τήν

2135 2720 2313 2792 Γόμερ
2339 2722 2418 2785 εἰς
2449 2720 2619 2775 τύπον
2648 2720 2847 2792 ψυχῆς,
2880 2720 3119 2793 αἰσχρῶς
3142 2723 3236 2775 καὶ
3253 2722 3502 2793 ἀσέμνως
3524 2720 3714 2791 διαζῇν

2135 2812 2417 2884 ᾑρημένης
2440 2829 2455 2846 ·
2499 2812 2586 2866 τὸν
2628 2811 2687 2866 δέ
2729 2829 2793 2879 γε
2829 2813 3111 2884 προφήτην
3140 2812 3322 2866 εἰκόνα
3352 2811 3593 2884 πληροῦν
3616 2810 3721 2866 τοῦι

2134 2902 2341 2957 ἀνωθεν
2390 2903 2485 2956 καί⁵
2537 2902 2595 2970 ἐξ
2645 2902 2899 2974 ούρανοῦ,
2945 2903 3214 2968 τουτέστι,
3243 2902 3338 2957 τοῦ
3386 2905 3451 2957 ἐκ
3503 2902 3714 2972 [ἰατρὸς

2134 2990 2269 3046 Θεοῦ
2292 2993 2466 3061 Λόγου
2487 3007 2503 3024 ⁸
2531 2992 2592 3056 ὃς
2616 2995 2738 3056 ταῖς
2766 2991 3063 3063 ᾑμετέραις
3083 2992 3279 3063 ψυχαῖς
3312 2993 3714 3062 συναπτόμενος

2135 3087 2451 3158 νοητῶς,τά
2490 3087 2590 3157 τῆς
2638 3088 2929 3159 φιλαρέτου
2979 3086 3126 3158 ζωῆς
3173 3087 3346 3159 ἐνίησι
3400 3088 3708 3158 σπέρματα.

2135 3178 2246 3230 Καὶ
2259 3177 2434 3232 ταῦτα
2454 3177 2555 3247 μὲν
2573 3178 2674 3248 τῆς
2695 3177 2902 3231 ἐκείνου
2922 3176 3301 3245 πιθανολογίας
3323 3176 3392 3231 τὰ
3409 3176 3468 3229 εὑ
3477 3176 3534 3247 ρὲ
3542 3194 3708 3247 ματα.

2137 3268 2469 3341 Τεθαύμακα
2496 3269 2554 3322 δὲ
2574 3270 2633 3323 οὐ
2662 3271 2898 3340 μετρίως
2929 3267 3058 3338 ἐγὼ,
3092 3269 3306 3340 πρῶτον
3340 3268 3461 3340 μὲν,
3492 3269 3573 3322 ὅτι
3601 3269 3710 3323 τῶν

2135 3363 2215 3426 εἰς
2247 3361 2502 3433 ἀλήθειαν
2539 3360 2836 3432 ἀφειδήσας
2871 3358 3112 3426 ἐννοιῶν,
3149 3359 3481 3430 τετόλμηκεν
3514 3361 3708 3424 εἰπεῖν,

2133 3451 2215 3505 ὃτι
2256 3453 2316 3505 τὸ
2365 3454 2598 3525 γράμμα
2647 3451 2977 3507 ἀποκτείνει.
3014 3448 3147 3505 Εἶτα
3193 3451 3330 3524 πρὸς
3374 3451 3600 3517 τούτοις,
3626 3453 3709 3505 ὄτι

2134 3544 2468 3614 παρεκόμισε
2521 3544 2618 3614 μὲν
2659 3545 2787 3608 τοὺς
2830 3543 2972 3613 ἀμφὶ
3010 3545 3100 3597 τὸν
3127 3544 3349 3610 Μωσέα,
3376 3545 3470 3598 καὶ
3497 3537 3574 3597 ὧν
3607 3545 3708 3595 t7:-

2132 3633 2486 3705 εμνήσθημεν
2523 3635 2747 3706 ἀρτίως,
2775 3636 2885 3698 τοῖς
2917 3633 3121 3689 ἄνωθεν
3156 3635 3707 3706 κεχρησμῳδημένοις

2131 3727 2537 3797 ἀντειρηκότας·
2563 3728 2644 3781 ὅτι
2669 3728 2726 3782 δὲ
2749 3730 2860 3792 τοῖς
2883 3728 3050 3792 θείοις
3075 3728 3437 3801 θεσπίσμασιν
3458 3728 3702 3784 ἀντιϐλέο

2129 3817 2229 3884 ψαι
2255 3819 2645 3889 τετολμηκότες
2677 3820 2777 3873 οὐκ
2808 3819 2912 3885 ἔξω
2942 3820 3231 3890 γεγόνασιν
3258 3820 3457 3885 αἰτίας,
3484 3821 3704 3891 σεσίγη-

2131 3927 2225 3964 κεν
2253 3909 2353 3963 ούκ
2383 3908 2579 3979 ὀρθῶς.
2607 3910 3048 3982 Παραιτούμενον
3078 3910 3176 3980 μὲν
3204 3910 3311 3983 γὰρ
3335 3911 3427 3965 τὸν
3453 3912 3701 3982 ἱεροφάν-

2129 4016 2227 4070 την
2254 3999 2476 4066 Μωσέα,
2507 4001 2601 4053 καὶ
2626 3999 2884 4054 ὀκνοῦντα
2911 4000 3009 4070 τὴν
3039 4001 3340 4071 ἀποστολὴν
3360 4042 3375 4066 ,
3430 4002 3523 4054 καὶ
3564 4018 3700 4070 προ-

2129 4089 2413 4160 ϊσχόμενον
2457 4091 2554 4161 τὴν
2594 4091 3055 4162 βραδυγλωσσίαν,
3103 4093 3179 4157 ὡς
3231 4091 3557 4147 ἀσθενοῦντα
3577 4094 3702 4164 περὶ

2127 4178 2227 4248 τὴν
2270 4179 2452 4233 πίστιν
2497 4180 2693 4251 ἤλεγχε
2733 4180 2888 4244 Θεὸς,
2926 4181 3069 4236 οὕτω
3099 4181 3301 4251 λέγων’
3360 4202 3379 4233 ι
3409 4181 3504 4245 Τίς
3535 4182 3699 4235 ἔδωκε

2128 4268 2304 4338 στόμα
2331 4269 2637 4342 ἀνθρώπῳ;
2674 4271 2769 4324 καὶ
2796 4273 2879 4336 τίς
2903 4272 3126 4343 ἐποίησε
3155 4272 3438 4341 δύσκωφον
3467 4273 3560 4326 καὶ
3590 4292 3698 4326 κω-

2127 4357 2246 4425 φὸν,
2280 4358 2549 4426 βλέποντα
2580 4362 2673 4412 καὶ⁹
2700 4361 2935 4427 τυφλόν;
2971 4362 3071 4415 οὑκ
3115 4363 3224 4428 ἐγὼ
3251 4362 3454 4432 Κύριος
3481 4367 3508 4415 ὁ
3535 4364 3697 4431 Θεός;

2126 4449 2236 4502 Καὶ
2263 4449 2379 4512 νῦν,
2412 4449 2667 4520 πορεύου,
2702 4450 2794 4503 καὶ
2825 4448 2936 4517 ὲγὼ
2980 4449 3177 4513 ἀνοίξω
3222 4451 3283 4503 τὸ
3330 4452 3503 4522 στόμα
3532 4471 3646 4507 σου.
3672 4474 3691 4506 ι

458 4537 608 4582 tuum
639 4527 705 4580 ³⁸.
741 4545 761 4579 ι
797 4526 873 4582 Eo
896 4529 1071 4581 adhuc
1097 4539 1402 4593 recusante,
1450 4539 1506 4584 et
1546 4546 1723 4585 moras
1752 4543 2021 4601 ncctente,

2137 4536 2523 4605 Ἀναδυομένου
2543 4537 2599 4590 δὲ
2633 4537 2772 4606 μετὰ
2794 4538 2970 4604 τοῦτο,
2993 4538 3087 4591 καί
3116 4539 3395 4609 μέλλοντος
3412 4541 3513 4606 ἔτι,
3536 4562 3552 4595 ι
3575 4545 3696 4617 Ὠρ-

462 4634 484 4670 c
523 4616 697 4671 Iratus
721 4625 830 4679 est,
870 4633 889 4668 ι
939 4616 1132 4686 inquit,
1192 4635 1211 4669 ι
1266 4616 1524 4674 Dominus
1572 4619 1625 4674 in
1681 4620 1919 4693 Moysen,
1969 4634 2026 4681 et

2133 4624 2305 4694 γίσθη,
2357 4629 2509 4695 φησι,
2559 4625 2763 4697 Κύριος
2791 4627 2885 4680 ἐπὶ
2941 4629 3166 4701 Μωσῆν,
3212 4630 3306 4683 καὶ
3354 4628 3540 4685 εἶπεν·
3585 4616 3699 4690 Ούκ

457 4708 594 4765 dixit
624 4723 641 4762 :
677 4707 794 4763 Non
822 4721 949 4762 ecce
976 4707 1156 4763 Aaron
1205 4706 1373 4764 frater
1398 4711 1557 4765 tuus?
1588 4710 1713 4768 Scio
1758 4717 1898 4784 quod
1944 4716 2024 4773 lo-

2133 4715 2235 4769 ἰδοὺ
2276 4715 2485 4787 Ἀαρὼν
2504 4718 2532 4770 ὁ
2555 4716 2780 4786 ἀδελφός
2809 4735 2931 4787 σου;
2968 4721 3267 4792 ἐπίσταμαι
3291 4723 3372 4776 ὅτι
3402 4723 3576 4778 λαλῶν
3598 4727 3695 4782 λα-

456 4813 629 4869 quens
663 4798 912 4868 loquetur
941 4797 1054 4866 ipse
1092 4799 1187 4853 tibi
1222 4799 1287 4855 ³⁹.
1340 4817 1360 4852 t
1404 4799 1657 4872 Rursum,
1699 4822 1824 4862 cum
1871 4807 2025 4865 Jere-

457 4887 594 4943 mias
624 4886 1073 4943 inconsideratius
1109 4876 1336 4944 dixisset
1384 4905 1444 4946 se
1477 4890 1748 4960 iuniorem
1801 4911 1938 4952 esse.
1967 4907 2024 4953 et

454 4979 666 5035 nescire
698 4978 865 5049 loqui,
914 4978 1263 5036 nihilominus
1300 4991 1360 5039 et
1397 4980 1540 5038 Deus
1597 4984 1667 5038 ita
1713 4989 1951 5043 occurrit
2004 5005 2019 5044 :

461 5086 484 5123 ι
514 5068 631 5125 Noli
673 5071 877 5137 dicere,
912 5070 1036 5141 quia
1069 5068 1260 5127 Junior
1304 5088 1404 5145 ego
1451 5089 1594 5141 sum,
1649 5079 1903 5147 quoniam
1952 5081 2021 5136 ad

454 5174 666 5226 omnes,
705 5163 770 5216 ad
801 5178 939 5233 quos
976 5177 1077 5234 ego
1130 5163 1338 5219 mittam
1375 5174 1426 5221 te
1483 5167 1607 5232 ibis,
1658 5176 1712 5224 et
1767 5170 2019 5226 universa

454 5267 573 5336 quae
602 5253 923 5311 mandavero
959 5255 1053 5311 tibi
1085 5254 1321 5326 loqueris
1349 5257 1412 5312 ".
1458 5275 1477 5309 ›
1515 5256 1631 5313 Non
1680 5260 1823 5313 enim
1868 5263 2016 5316 omni

452 5342 692 5413 periculo
722 5348 971 5415 vacabat,
1004 5349 1207 5413 dicere,
1240 5356 1334 5404 aut
1355 5348 1545 5405 saltem
1574 5352 1831 5420 cogitare,
1868 5368 2017 5408 sum-

452 5445 599 5486 mum
642 5432 921 5489 consilium
945 5453 972 5490 a
1006 5447 1153 5493 recta
1193 5438 1404 5494 ratione
1432 5441 1732 5504 aberrasse,
1764 5442 1889 5496 dum
1930 5443 2019 5512 ju-

449 5535 638 5576 venem
665 5523 731 5577 ad
760 5524 1080 5584 vaticinandi
1112 5528 1344 5585 oﬂicium
1398 5540 1571 5586 vocat.
1617 5531 1880 5588 Similiter
1914 5533 2018 5589 Pe-

450 5619 570 5667 trus
599 5611 812 5683 accepit
841 5614 1057 5684 quidem
1085 5633 1293 5689 vocem,
1326 5621 1490 5679 linteo
1521 5622 1587 5679 de
1615 5620 1755 5678 caelo
1777 5622 2010 5680 submis-

2122 4807 2274 4877 λήσει
2324 4807 2485 4871 αὐτός
2537 4826 2640 4865 σοι.
2672 4811 2974 4882 »Ἱερεμίου
3004 4812 3060 4866 δὲ
3098 4813 3260 4868 πάλιν
3303 4817 3696 4888 προαλέστερον

2121 4899 2422 4970 εἰρηκότος.
2448 4901 2528 4953 ὅτι
2547 4899 2829 4973 Νεώτερος
2859 4902 2970 4970 ἐγώ
2999 4905 3134 4975 εἰμι,
3156 4906 3249 4960 καὶ
3272 4907 3373 4960 οὐκ
3397 4909 3696 4978 ἐπίσταμαι

2125 4989 2328 5057 λαλεῖν,
2359 4991 2510 5045 οὐδὲν
2538 4986 2698 5063 ἦττον
2732 4993 2946 5065 ὑπήντα
2967 4995 3118 5062 Θεὸς,
3141 4997 3312 5067 λέγων
3336 5017 3349 5032 ·
3385 5018 3402 5051 ι
3434 5000 3524 5059 Μὴ
3549 5001 3692 5069 λέγε,

2124 5080 2206 5134 ὅτι
2230 5079 2513 5153 Νεώτερος
2543 5082 2654 5152 ἐγώ
2681 5086 2814 5156 εἰμι,
2846 5086 2928 5139 ὅτι
2958 5087 3096 5158 πρὸς
3127 5090 3331 5155 πάντας
3363 5091 3456 5155 οὓς
3494 5091 3559 5145 ἂν
3584 5091 3695 5160 ἐγὼ

2124 5171 2467 5237 ἐξαποστελῶ
2495 5191 2574 5239 σε,
2605 5176 2865 5248 πορεύσῃ,
2898 5178 2993 5231 καὶ¹
3023 5180 3163 5234 κατά
3190 5182 3368 5237 πάντα
3391 5183 3490 5235 ὃσα
3522 5182 3588 5236 ἂν
3610 5186 3694 5237 ὲν-

2122 5260 2384 5331 τείλωμαί
2420 5280 2522 5326 σοι,
2552 5264 2824 5335 λαλήσεις.
2871 5286 2891 5320 ι
2925 5269 2999 5322 Οὐ
3026 5269 3133 5341 γάρ
3159 5265 3226 5343 ἦν
3255 5271 3391 5335 ὅλως
3414 5272 3692 5326 ἀκίνδυνον

2120 5350 2314 5419 εἰπεῖν,
2348 5353 2517 5422 ἧγουν
2546 5357 2794 5427 ἐννοῆσαι
2830 5359 3007 5429 μόνον,
3039 5362 3121 5415 ὃτι
3149 5361 3406 5432 λογισμοῦ
3434 5362 3526 5416 τοῦ
3558 5363 3691 5432 πρέ-

2120 5457 2314 5506 ποντος
2366 5445 2399 5515 ἡ
2454 5446 2732 5519 ὑπερτάτη
2781 5449 2942 5522 βουλὴ
2985 5452 3343 5524 διημάρτηκε,
3375 5458 3491 5506 νέον
3526 5455 3691 5528 ἄνδρα

2119 5533 2356 5588 καλοῦσα
2405 5538 2540 5609 πρὸς
2588 5543 2944 5613 προφητείαν.
2964 5544 3193 5614 Ὁμοίως
3216 5546 3245 5597 ό
3271 5545 3554 5609 θεσπέσιος
3581 5546 3687 5599 Πέ-

2116 5641 2243 5694 τρος
2268 5629 2467 5696 ήκουσε
2494 5630 2613 5701 μὲν,
2640 5634 2738 5705 τὴς
2765 5634 2953 5706 ὀθόνης
2980 5636 3307 5709 καθιεμένης
3343 5635 3403 5702 ἐξ
3428 5638 3679 5713 οὐρανοῦ⁶

512 5781 561 5821 ⁸⁷
593 5782 718 5848 Aci.
758 5803 815 5857 ι,
848 5788 935 5845 ﬂ.
1010 5790 1057 5825 ³⁸
1082 5789 1255 5851 Exod.
1290 5808 1362 5851 tv.
1407 5796 1494 5868 ll,
1530 5797 1617 5856 12.
1711 5800 1757 5835 ³³
1795 5800 1925 5860 ibid.
1963 5802 2029 5860 14

2133 5803 2174 5837 ιο
2205 5800 2405 5862 Jerem.
2441 5822 2480 5873 ι,
2523 5808 2573 5863 7.
