  <div class='ocr_page' id='page_1' title='image "/cluster/home/n/w/nwhite01/storage/ocr_20150623/71/mdp.39015078384461/022.png"; bbox 0 0 4098 6276; ppageno 0'>
   <div class='ocr_carea' id='block_1_1' title="bbox 323 439 3593 504">
    <p class='ocr_par' dir='ltr' id='par_1_1' title="bbox 323 439 3593 504">
     <span class='ocr_line' id='line_1_1' title="bbox 323 439 3593 504; baseline -0.004 0"><span class='ocrx_word' id='word_1_1' title='bbox 323 450 406 504; x_wconf 58' lang='grc' dir='ltr'><strong>’ω’</strong></span> <span class='ocrx_word' id='word_1_2' title='bbox 1237 441 1791 500; x_wconf 75' lang='lat' dir='ltr'><strong>COMMENTARIUS</strong></span> <span class='ocrx_word' id='word_1_3' title='bbox 1824 439 1891 496; x_wconf 83' lang='lat' dir='ltr'><strong>IN</strong></span> <span class='ocrx_word' id='word_1_4' title='bbox 1929 439 2161 498; x_wconf 72' lang='lat' dir='ltr'><strong>OSEAH</strong></span> <span class='ocrx_word' id='word_1_5' title='bbox 2201 439 2644 500; x_wconf 78' lang='lat' dir='ltr'><strong>PROPIIETAM.</strong></span> <span class='ocrx_word' id='word_1_6' title='bbox 3513 447 3593 503; x_wconf 66' lang='grc' dir='ltr'><strong>ω</strong></span> 
     </span>
    </p>
   </div>
   <div class='ocr_carea' id='block_1_2' title="bbox 332 554 1910 631">
    <p class='ocr_par' dir='ltr' id='par_1_2' title="bbox 332 557 1904 631">
     <span class='ocr_line' id='line_1_2' title="bbox 332 557 1904 631; baseline -0.003 -15"><span class='ocrx_word' id='word_1_7' title='bbox 332 562 654 626; x_wconf 78' lang='grc' dir='ltr'>ιἈναστὰς,</span> <span class='ocrx_word' id='word_1_8' title='bbox 683 559 880 631; x_wconf 80' lang='grc' dir='ltr'><strong>Πέτρε,</strong></span> <span class='ocrx_word' id='word_1_9' title='bbox 931 558 1132 627; x_wconf 83' lang='grc' dir='ltr'><strong>θῦσον,</strong></span> <span class='ocrx_word' id='word_1_10' title='bbox 1186 560 1283 614; x_wconf 76' lang='grc' dir='ltr'>καὶ</span> <span class='ocrx_word' id='word_1_11' title='bbox 1327 560 1488 629; x_wconf 85' lang='grc' dir='ltr'>φάγε.</span> <span class='ocrx_word' id='word_1_12' title='bbox 1517 577 1537 611; x_wconf 71' lang='grc' dir='ltr'><strong>ι</strong></span> <span class='ocrx_word' id='word_1_13' title='bbox 1575 559 1793 629; x_wconf 84' lang='grc' dir='ltr'><strong>Ἐπειδὴ</strong></span> <span class='ocrx_word' id='word_1_14' title='bbox 1846 557 1904 611; x_wconf 81' lang='grc' dir='ltr'><strong>δέ</strong></span> 
     </span>
    </p>
   </div>
   <div class='ocr_carea' id='block_1_3' title="bbox 2010 554 3587 631">
    <p class='ocr_par' dir='ltr' id='par_1_3' title="bbox 2010 554 3587 628">
     <span class='ocr_line' id='line_1_3' title="bbox 2010 554 3587 628; baseline 0.002 -17"><span class='ocrx_word' id='word_1_15' title='bbox 2010 572 2070 611; x_wconf 86' lang='lat' dir='ltr'><strong>so</strong></span> <span class='ocrx_word' id='word_1_16' title='bbox 2100 580 2110 612; x_wconf 92' lang='lat'>:</span> <span class='ocrx_word' id='word_1_17' title='bbox 2148 575 2167 612; x_wconf 86' lang='grc' dir='ltr'><strong>ι</strong></span> <span class='ocrx_word' id='word_1_18' title='bbox 2201 559 2401 628; x_wconf 79' lang='lat' dir='ltr'><strong>Surge,</strong></span> <span class='ocrx_word' id='word_1_19' title='bbox 2430 557 2610 620; x_wconf 78' lang='lat' dir='ltr'><strong>Petre,</strong></span> <span class='ocrx_word' id='word_1_20' title='bbox 2641 555 2850 621; x_wconf 85' lang='lat' dir='ltr'><strong>occide,</strong></span> <span class='ocrx_word' id='word_1_21' title='bbox 2881 565 2936 611; x_wconf 85' lang='lat' dir='ltr'><strong>et</strong></span> <span class='ocrx_word' id='word_1_22' title='bbox 2965 554 3228 612; x_wconf 87' lang='lat' dir='ltr'><strong>manduca</strong></span> <span class='ocrx_word' id='word_1_23' title='bbox 3258 556 3322 611; x_wconf 67' lang='grc' dir='ltr'><strong>δ’.</strong></span> <span class='ocrx_word' id='word_1_24' title='bbox 3358 574 3378 610; x_wconf 75' lang='grc' dir='ltr'><strong>ι</strong></span> <span class='ocrx_word' id='word_1_25' title='bbox 3433 556 3587 625; x_wconf 84' lang='lat' dir='ltr'><strong>Quo-</strong></span> 
     </span>
    </p>
   </div>
   <div class='ocr_carea' id='block_1_4' title="bbox 333 647 1904 724">
    <p class='ocr_par' dir='ltr' id='par_1_4' title="bbox 333 647 1904 724">
     <span class='ocr_line' id='line_1_4' title="bbox 333 647 1904 724; baseline -0.004 -16"><span class='ocrx_word' id='word_1_26' title='bbox 333 647 635 716; x_wconf 76' lang='grc' dir='ltr'>Ἰουδαϊκῶς</span> <span class='ocrx_word' id='word_1_27' title='bbox 680 651 1050 723; x_wconf 85' lang='grc' dir='ltr'>ἀνακεκράγει</span> <span class='ocrx_word' id='word_1_28' title='bbox 1075 650 1156 714; x_wconf 78' lang='grc' dir='ltr'><strong>τὸ,</strong></span> <span class='ocrx_word' id='word_1_29' title='bbox 1194 669 1214 703; x_wconf 76' lang='grc' dir='ltr'><strong>ι</strong></span> <span class='ocrx_word' id='word_1_30' title='bbox 1238 650 1544 724; x_wconf 81' lang='grc' dir='ltr'><strong>Μηδαμῶς,</strong></span> <span class='ocrx_word' id='word_1_31' title='bbox 1593 648 1787 721; x_wconf 83' lang='grc' dir='ltr'>Κύριε,</span> <span class='ocrx_word' id='word_1_32' title='bbox 1821 649 1904 703; x_wconf 83' lang='grc' dir='ltr'><strong>ὅτι</strong></span> 
     </span>
    </p>
   </div>
   <div class='ocr_carea' id='block_1_5' title="bbox 319 742 1906 814">
    <p class='ocr_par' dir='ltr' id='par_1_5' title="bbox 319 742 1906 814">
     <span class='ocr_line' id='line_1_5' title="bbox 319 742 1906 814; baseline -0.003 -16"><span class='ocrx_word' id='word_1_33' title='bbox 319 745 573 798; x_wconf 79' lang='grc' dir='ltr'>οὐδέποτε</span> <span class='ocrx_word' id='word_1_34' title='bbox 620 742 825 811; x_wconf 76' lang='grc' dir='ltr'>ἔφαγον</span> <span class='ocrx_word' id='word_1_35' title='bbox 862 742 1060 808; x_wconf 84' lang='grc' dir='ltr'>κοινὸν,</span> <span class='ocrx_word' id='word_1_36' title='bbox 1102 742 1136 812; x_wconf 79' lang='grc' dir='ltr'>ἢ</span> <span class='ocrx_word' id='word_1_37' title='bbox 1185 742 1511 814; x_wconf 81' lang='grc' dir='ltr'><strong>ἀκάθαρτον·</strong></span> <span class='ocrx_word' id='word_1_38' title='bbox 1547 761 1568 795; x_wconf 71' lang='grc' dir='ltr'><strong>ι</strong></span> <span class='ocrx_word' id='word_1_39' title='bbox 1607 742 1906 812; x_wconf 80' lang='grc' dir='ltr'>ἐπετιμᾶτο</span> 
     </span>
    </p>
   </div>
   <div class='ocr_carea' id='block_1_6' title="bbox 324 832 1905 907">
    <p class='ocr_par' dir='ltr' id='par_1_6' title="bbox 324 832 1905 907">
     <span class='ocr_line' id='line_1_6' title="bbox 324 832 1905 907; baseline -0.003 -17"><span class='ocrx_word' id='word_1_40' title='bbox 324 836 682 907; x_wconf 84' lang='grc' dir='ltr'>παραχρῆμα,</span> <span class='ocrx_word' id='word_1_41' title='bbox 709 835 803 888; x_wconf 70' lang='grc' dir='ltr'><strong>καὶ</strong></span> <span class='ocrx_word' id='word_1_42' title='bbox 829 835 906 898; x_wconf 87' lang='grc' dir='ltr'><strong>ὡς</strong></span> <span class='ocrx_word' id='word_1_43' title='bbox 929 837 1044 898; x_wconf 85' lang='grc' dir='ltr'>τοῖς</span> <span class='ocrx_word' id='word_1_44' title='bbox 1087 834 1252 898; x_wconf 83' lang='grc' dir='ltr'>θείοις</span> <span class='ocrx_word' id='word_1_45' title='bbox 1281 834 1591 905; x_wconf 81' lang='grc' dir='ltr'><strong>σκέμμασιν</strong></span> <span class='ocrx_word' id='word_1_46' title='bbox 1620 832 1905 905; x_wconf 84' lang='grc' dir='ltr'>ἀντιφέρε-</span> 
     </span>
    </p>
   </div>
   <div class='ocr_carea' id='block_1_7' title="bbox 326 924 1902 997">
    <p class='ocr_par' dir='ltr' id='par_1_7' title="bbox 326 924 1902 997">
     <span class='ocr_line' id='line_1_7' title="bbox 326 924 1902 997; baseline -0.002 -16"><span class='ocrx_word' id='word_1_47' title='bbox 326 926 706 997; x_wconf 65' lang='grc' dir='ltr'>σθαιττολμῶν,</span> <span class='ocrx_word' id='word_1_48' title='bbox 726 927 925 997; x_wconf 77' lang='grc' dir='ltr'>ἤκουεν</span> <span class='ocrx_word' id='word_1_49' title='bbox 954 924 1203 995; x_wconf 79' lang='grc' dir='ltr'>ἐναργῶς</span> <span class='ocrx_word' id='word_1_50' title='bbox 1221 927 1351 978; x_wconf 76' lang='grc' dir='ltr'>ἰἋ</span> <span class='ocrx_word' id='word_1_51' title='bbox 1384 928 1413 978; x_wconf 94' lang='lat'><strong>6</strong></span> <span class='ocrx_word' id='word_1_52' title='bbox 1439 925 1571 990; x_wconf 75' lang='grc' dir='ltr'>Θεὸς</span> <span class='ocrx_word' id='word_1_53' title='bbox 1589 925 1902 997; x_wconf 82' lang='grc' dir='ltr'>ἐκαθάρισε,</span> 
     </span>
    </p>
   </div>
   <div class='ocr_carea' id='block_1_8' title="bbox 326 1013 1905 1087">
    <p class='ocr_par' dir='ltr' id='par_1_8' title="bbox 326 1013 1905 1087">
     <span class='ocr_line' id='line_1_8' title="bbox 326 1013 1905 1087; baseline -0.001 -18"><span class='ocrx_word' id='word_1_54' title='bbox 326 1017 391 1070; x_wconf 74' lang='grc' dir='ltr'>σὺ</span> <span class='ocrx_word' id='word_1_55' title='bbox 429 1016 504 1087; x_wconf 78' lang='grc' dir='ltr'><strong>μὴ</strong></span> <span class='ocrx_word' id='word_1_56' title='bbox 530 1016 729 1068; x_wconf 87' lang='grc' dir='ltr'>κοίνου.</span> <span class='ocrx_word' id='word_1_57' title='bbox 768 1032 786 1065; x_wconf 73' lang='grc' dir='ltr'><strong>ι</strong></span> <span class='ocrx_word' id='word_1_58' title='bbox 826 1015 888 1066; x_wconf 83' lang='grc' dir='ltr'><strong>Εἰ</strong></span> <span class='ocrx_word' id='word_1_59' title='bbox 920 1014 1031 1084; x_wconf 79' lang='grc' dir='ltr'>γὰρ</span> <span class='ocrx_word' id='word_1_60' title='bbox 1059 1014 1155 1067; x_wconf 78' lang='grc' dir='ltr'>καὶ</span> <span class='ocrx_word' id='word_1_61' title='bbox 1184 1014 1433 1085; x_wconf 76' lang='grc' dir='ltr'><strong>ἐλέγχειν</strong></span> <span class='ocrx_word' id='word_1_62' title='bbox 1454 1013 1641 1085; x_wconf 78' lang='grc' dir='ltr'>ήθελεν</span> <span class='ocrx_word' id='word_1_63' title='bbox 1668 1015 1846 1085; x_wconf 79' lang='grc' dir='ltr'>ἠπίως</span> <span class='ocrx_word' id='word_1_64' title='bbox 1875 1017 1905 1068; x_wconf 98' lang='lat'><strong>6</strong></span> 
     </span>
    </p>
   </div>
   <div class='ocr_carea' id='block_1_9' title="bbox 325 1104 1903 1177">
    <p class='ocr_par' dir='ltr' id='par_1_9' title="bbox 325 1104 1903 1177">
     <span class='ocr_line' id='line_1_9' title="bbox 325 1104 1903 1177; baseline -0.001 -18"><span class='ocrx_word' id='word_1_65' title='bbox 325 1106 432 1160; x_wconf 88' lang='grc' dir='ltr'><strong>τῶν</strong></span> <span class='ocrx_word' id='word_1_66' title='bbox 466 1107 603 1159; x_wconf 81' lang='grc' dir='ltr'>ὅλων</span> <span class='ocrx_word' id='word_1_67' title='bbox 647 1105 799 1169; x_wconf 77' lang='grc' dir='ltr'>Θεὸς,</span> <span class='ocrx_word' id='word_1_68' title='bbox 841 1105 936 1158; x_wconf 84' lang='grc' dir='ltr'>καὶ</span> <span class='ocrx_word' id='word_1_69' title='bbox 978 1105 1079 1158; x_wconf 80' lang='grc' dir='ltr'>οὐκ</span> <span class='ocrx_word' id='word_1_70' title='bbox 1124 1104 1287 1170; x_wconf 83' lang='grc' dir='ltr'>εὐθὺς</span> <span class='ocrx_word' id='word_1_71' title='bbox 1315 1107 1391 1169; x_wconf 84' lang='grc' dir='ltr'>ὡς</span> <span class='ocrx_word' id='word_1_72' title='bbox 1431 1106 1808 1177; x_wconf 86' lang='grc' dir='ltr'>ἀντειρηκόσιν</span> <span class='ocrx_word' id='word_1_73' title='bbox 1841 1106 1903 1159; x_wconf 84' lang='grc' dir='ltr'>οὐ</span> 
     </span>
    </p>
   </div>
   <div class='ocr_carea' id='block_1_10' title="bbox 330 1195 1906 1269">
    <p class='ocr_par' dir='ltr' id='par_1_10' title="bbox 330 1195 1906 1269">
     <span class='ocr_line' id='line_1_10' title="bbox 330 1195 1906 1269; baseline 0.001 -21"><span class='ocrx_word' id='word_1_74' title='bbox 330 1196 564 1269; x_wconf 78' lang='grc' dir='ltr'><strong>μετρίως</strong></span> <span class='ocrx_word' id='word_1_75' title='bbox 601 1195 1031 1263; x_wconf 80' lang='grc' dir='ltr'>ἐξεπικραίνετο,</span> <span class='ocrx_word' id='word_1_76' title='bbox 1063 1195 1178 1249; x_wconf 82' lang='grc' dir='ltr'>ἀλλ’</span> <span class='ocrx_word' id='word_1_77' title='bbox 1207 1198 1307 1250; x_wconf 84' lang='grc' dir='ltr'>οὐκ</span> <span class='ocrx_word' id='word_1_78' title='bbox 1336 1196 1441 1261; x_wconf 76' lang='grc' dir='ltr'><strong>ἔξω</strong></span> <span class='ocrx_word' id='word_1_79' title='bbox 1478 1197 1697 1265; x_wconf 83' lang='grc' dir='ltr'>γέγονεν</span> <span class='ocrx_word' id='word_1_80' title='bbox 1727 1196 1906 1259; x_wconf 79' lang='grc' dir='ltr'><strong>αἰτίας</strong></span> 
     </span>
    </p>
   </div>
   <div class='ocr_carea' id='block_1_11' title="bbox 325 1289 1907 1361">
    <p class='ocr_par' dir='ltr' id='par_1_11' title="bbox 325 1289 1907 1361">
     <span class='ocr_line' id='line_1_11' title="bbox 325 1289 1907 1361; baseline -0.001 -18"><span class='ocrx_word' id='word_1_81' title='bbox 325 1291 565 1361; x_wconf 81' lang='grc' dir='ltr'>αὐτοίςὴ</span> <span class='ocrx_word' id='word_1_82' title='bbox 599 1291 946 1359; x_wconf 78' lang='grc' dir='ltr'><strong>παραίτησις.</strong></span> <span class='ocrx_word' id='word_1_83' title='bbox 980 1289 1195 1361; x_wconf 84' lang='grc' dir='ltr'>Χρῆναι</span> <span class='ocrx_word' id='word_1_84' title='bbox 1238 1290 1296 1343; x_wconf 87' lang='grc' dir='ltr'><strong>δέ</strong></span> <span class='ocrx_word' id='word_1_85' title='bbox 1339 1307 1480 1360; x_wconf 85' lang='grc' dir='ltr'>φημι</span> <span class='ocrx_word' id='word_1_86' title='bbox 1525 1293 1648 1353; x_wconf 87' lang='grc' dir='ltr'>ταῖς</span> <span class='ocrx_word' id='word_1_87' title='bbox 1700 1289 1907 1345; x_wconf 77' lang='grc' dir='ltr'>ἄνωθεν</span> 
     </span>
    </p>
   </div>
   <div class='ocr_carea' id='block_1_12' title="bbox 323 1378 1907 1453">
    <p class='ocr_par' dir='ltr' id='par_1_12' title="bbox 323 1378 1907 1453">
     <span class='ocr_line' id='line_1_12' title="bbox 323 1378 1907 1453; baseline 0 -21"><span class='ocrx_word' id='word_1_88' title='bbox 323 1378 524 1449; x_wconf 76' lang='grc' dir='ltr'>ψήφοις</span> <span class='ocrx_word' id='word_1_89' title='bbox 557 1380 824 1451; x_wconf 73' lang='grc' dir='ltr'><strong>ἀμελλητὶ</strong></span> <span class='ocrx_word' id='word_1_90' title='bbox 851 1381 1116 1451; x_wconf 78' lang='grc' dir='ltr'><strong>νέμοντας</strong></span> <span class='ocrx_word' id='word_1_91' title='bbox 1141 1380 1203 1434; x_wconf 81' lang='grc' dir='ltr'><strong>τὸ</strong></span> <span class='ocrx_word' id='word_1_92' title='bbox 1230 1381 1407 1452; x_wconf 84' lang='grc' dir='ltr'><strong>ὀρθῶς</strong></span> <span class='ocrx_word' id='word_1_93' title='bbox 1449 1382 1542 1434; x_wconf 81' lang='grc' dir='ltr'>καὶ</span> <span class='ocrx_word' id='word_1_94' title='bbox 1568 1380 1907 1453; x_wconf 78' lang='grc' dir='ltr'>ἀδιαδλήτως</span> 
     </span>
    </p>
   </div>
   <div class='ocr_carea' id='block_1_13' title="bbox 324 1472 1904 1545">
    <p class='ocr_par' dir='ltr' id='par_1_13' title="bbox 324 1472 1904 1545">
     <span class='ocr_line' id='line_1_13' title="bbox 324 1472 1904 1545; baseline -0.003 -17"><span class='ocrx_word' id='word_1_95' title='bbox 324 1475 487 1544; x_wconf 72' lang='grc' dir='ltr'>ἔχειν,</span> <span class='ocrx_word' id='word_1_96' title='bbox 536 1474 927 1545; x_wconf 83' lang='grc' dir='ltr'>ἀποπεραίνειν</span> <span class='ocrx_word' id='word_1_97' title='bbox 970 1472 1287 1542; x_wconf 74' lang='grc' dir='ltr'><strong>ἐπείγεσθαι</strong></span> <span class='ocrx_word' id='word_1_98' title='bbox 1339 1474 1402 1526; x_wconf 86' lang='grc' dir='ltr'><strong>τὸ</strong></span> <span class='ocrx_word' id='word_1_99' title='bbox 1455 1473 1904 1542; x_wconf 82' lang='grc' dir='ltr'><strong>κεκελευσμένον,</strong></span> 
     </span>
    </p>
   </div>
   <div class='ocr_carea' id='block_1_14' title="bbox 325 1564 1905 1637">
    <p class='ocr_par' dir='ltr' id='par_1_14' title="bbox 325 1564 1905 1637">
     <span class='ocr_line' id='line_1_14' title="bbox 325 1564 1905 1637; baseline 0 -19"><span class='ocrx_word' id='word_1_100' title='bbox 325 1564 430 1618; x_wconf 70' lang='grc' dir='ltr'>κᾶν</span> <span class='ocrx_word' id='word_1_101' title='bbox 481 1567 530 1617; x_wconf 81' lang='grc' dir='ltr'>εί</span> <span class='ocrx_word' id='word_1_102' title='bbox 563 1565 636 1635; x_wconf 73' lang='grc' dir='ltr'>μὴ</span> <span class='ocrx_word' id='word_1_103' title='bbox 680 1565 885 1636; x_wconf 83' lang='grc' dir='ltr'>σφόδρα</span> <span class='ocrx_word' id='word_1_104' title='bbox 929 1564 991 1619; x_wconf 79' lang='grc' dir='ltr'><strong>τὸ</strong></span> <span class='ocrx_word' id='word_1_105' title='bbox 1018 1565 1209 1635; x_wconf 86' lang='grc' dir='ltr'>χρῆμα</span> <span class='ocrx_word' id='word_1_106' title='bbox 1234 1567 1354 1629; x_wconf 80' lang='grc' dir='ltr'>ταῖς</span> <span class='ocrx_word' id='word_1_107' title='bbox 1379 1565 1676 1635; x_wconf 77' lang='grc' dir='ltr'><strong>ἡμετέραις</strong></span> <span class='ocrx_word' id='word_1_108' title='bbox 1705 1564 1905 1637; x_wconf 80' lang='grc' dir='ltr'>ἁνδάνῃ</span> 
     </span>
    </p>
   </div>
   <div class='ocr_carea' id='block_1_15' title="bbox 324 1651 1905 1728">
    <p class='ocr_par' dir='ltr' id='par_1_15' title="bbox 324 1651 1905 1728">
     <span class='ocr_line' id='line_1_15' title="bbox 324 1651 1905 1728; baseline 0.001 -20"><span class='ocrx_word' id='word_1_109' title='bbox 324 1656 545 1726; x_wconf 77' lang='grc' dir='ltr'>ψυχαῖς.</span> <span class='ocrx_word' id='word_1_110' title='bbox 583 1651 707 1709; x_wconf 81' lang='grc' dir='ltr'><strong>υἴὸν</strong></span> <span class='ocrx_word' id='word_1_111' title='bbox 758 1656 810 1709; x_wconf 89' lang='grc' dir='ltr'><strong>τί</strong></span> <span class='ocrx_word' id='word_1_112' title='bbox 858 1672 1021 1726; x_wconf 75' lang='grc' dir='ltr'>φημιο</span> <span class='ocrx_word' id='word_1_113' title='bbox 1045 1656 1388 1728; x_wconf 85' lang='grc' dir='ltr'>ῐιροστέταχε</span> <span class='ocrx_word' id='word_1_114' title='bbox 1435 1656 1514 1727; x_wconf 84' lang='grc' dir='ltr'><strong>τῷ</strong></span> <span class='ocrx_word' id='word_1_115' title='bbox 1544 1656 1717 1710; x_wconf 73' lang='grc' dir='ltr'>Σαοὺλ</span> <span class='ocrx_word' id='word_1_116' title='bbox 1742 1658 1771 1710; x_wconf 92' lang='lat'><strong>6</strong></span> <span class='ocrx_word' id='word_1_117' title='bbox 1792 1656 1905 1710; x_wconf 88' lang='grc' dir='ltr'><strong>τῶν</strong></span> 
     </span>
    </p>
   </div>
   <div class='ocr_carea' id='block_1_16' title="bbox 324 1747 1905 1818">
    <p class='ocr_par' dir='ltr' id='par_1_16' title="bbox 324 1747 1905 1818">
     <span class='ocr_line' id='line_1_16' title="bbox 324 1747 1905 1818; baseline -0.002 -15"><span class='ocrx_word' id='word_1_118' title='bbox 324 1748 461 1803; x_wconf 76' lang='grc' dir='ltr'>ὅλων</span> <span class='ocrx_word' id='word_1_119' title='bbox 505 1747 657 1812; x_wconf 84' lang='grc' dir='ltr'><strong>Θεὸς,</strong></span> <span class='ocrx_word' id='word_1_120' title='bbox 689 1747 1001 1817; x_wconf 77' lang='grc' dir='ltr'>ἀποσφάξαι</span> <span class='ocrx_word' id='word_1_121' title='bbox 1038 1748 1131 1801; x_wconf 81' lang='grc' dir='ltr'>τὸν</span> <span class='ocrx_word' id='word_1_122' title='bbox 1164 1749 1366 1816; x_wconf 81' lang='grc' dir='ltr'>Ἀγαγ,</span> <span class='ocrx_word' id='word_1_123' title='bbox 1397 1749 1472 1811; x_wconf 82' lang='grc' dir='ltr'><strong>ὡς</strong></span> <span class='ocrx_word' id='word_1_124' title='bbox 1502 1747 1689 1801; x_wconf 84' lang='grc' dir='ltr'>ἀνόσια</span> <span class='ocrx_word' id='word_1_125' title='bbox 1715 1748 1905 1818; x_wconf 75' lang='grc' dir='ltr'>δεδρα-</span> 
     </span>
    </p>
   </div>
   <div class='ocr_carea' id='block_1_17' title="bbox 327 1838 1911 1911">
    <p class='ocr_par' dir='ltr' id='par_1_17' title="bbox 327 1838 1911 1911">
     <span class='ocr_line' id='line_1_17' title="bbox 327 1838 1911 1911; baseline 0.001 -20"><span class='ocrx_word' id='word_1_126' title='bbox 327 1839 458 1892; x_wconf 82' lang='grc' dir='ltr'>κότα</span> <span class='ocrx_word' id='word_1_127' title='bbox 503 1839 644 1894; x_wconf 82' lang='grc' dir='ltr'>κατὰ</span> <span class='ocrx_word' id='word_1_128' title='bbox 684 1840 792 1892; x_wconf 88' lang='grc' dir='ltr'><strong>τῶν</strong></span> <span class='ocrx_word' id='word_1_129' title='bbox 830 1838 890 1905; x_wconf 88' lang='grc' dir='ltr'><strong>ἐξ</strong></span> <span class='ocrx_word' id='word_1_130' title='bbox 940 1839 1334 1911; x_wconf 80' lang='grc' dir='ltr'>Ἰσραήλ.Ἀλλ’</span> <span class='ocrx_word' id='word_1_131' title='bbox 1375 1838 1530 1909; x_wconf 83' lang='grc' dir='ltr'><strong>ᾠήθη</strong></span> <span class='ocrx_word' id='word_1_132' title='bbox 1569 1839 1630 1892; x_wconf 85' lang='grc' dir='ltr'><strong>τὸ</strong></span> <span class='ocrx_word' id='word_1_133' title='bbox 1670 1839 1911 1911; x_wconf 80' lang='grc' dir='ltr'>χρηστὸν</span> 
     </span>
    </p>
   </div>
   <div class='ocr_carea' id='block_1_18' title="bbox 327 1930 1905 2002">
    <p class='ocr_par' dir='ltr' id='par_1_18' title="bbox 327 1930 1905 2002">
     <span class='ocr_line' id='line_1_18' title="bbox 327 1930 1905 2002; baseline -0.001 -18"><span class='ocrx_word' id='word_1_134' title='bbox 327 1932 414 1984; x_wconf 80' lang='grc' dir='ltr'>ἐπ’</span> <span class='ocrx_word' id='word_1_135' title='bbox 450 1930 599 2002; x_wconf 82' lang='grc' dir='ltr'>αὐτῷ</span> <span class='ocrx_word' id='word_1_136' title='bbox 643 1930 1012 2001; x_wconf 86' lang='grc' dir='ltr'>βουλεύεσθαι,</span> <span class='ocrx_word' id='word_1_137' title='bbox 1060 1932 1156 1984; x_wconf 71' lang='grc' dir='ltr'>καὶ</span> <span class='ocrx_word' id='word_1_138' title='bbox 1202 1931 1421 2000; x_wconf 80' lang='grc' dir='ltr'>φειδοῦς</span> <span class='ocrx_word' id='word_1_139' title='bbox 1468 1932 1620 2002; x_wconf 77' lang='grc' dir='ltr'>ήξέου</span> <span class='ocrx_word' id='word_1_140' title='bbox 1663 1932 1754 1985; x_wconf 78' lang='grc' dir='ltr'>τὸν</span> <span class='ocrx_word' id='word_1_141' title='bbox 1786 1933 1905 1994; x_wconf 80' lang='grc' dir='ltr'>ταῖς</span> 
     </span>
    </p>
   </div>
   <div class='ocr_carea' id='block_1_19' title="bbox 327 2020 1908 2096">
    <p class='ocr_par' dir='ltr' id='par_1_19' title="bbox 327 2020 1908 2096">
     <span class='ocr_line' id='line_1_19' title="bbox 327 2020 1908 2096; baseline 0.005 -25"><span class='ocrx_word' id='word_1_142' title='bbox 327 2022 531 2092; x_wconf 76' lang='grc' dir='ltr'>ψήφοις</span> <span class='ocrx_word' id='word_1_143' title='bbox 555 2021 1100 2091; x_wconf 88' lang='grc' dir='ltr'>καταδεδικασμένον.</span> <span class='ocrx_word' id='word_1_144' title='bbox 1134 2023 1473 2094; x_wconf 88' lang='grc' dir='ltr'>Προσκρούει</span> <span class='ocrx_word' id='word_1_145' title='bbox 1507 2024 1564 2077; x_wconf 81' lang='grc' dir='ltr'>δὲ</span> <span class='ocrx_word' id='word_1_146' title='bbox 1593 2020 1685 2078; x_wconf 83' lang='grc' dir='ltr'><strong>οὗν</strong></span> <span class='ocrx_word' id='word_1_147' title='bbox 1706 2023 1908 2096; x_wconf 80' lang='grc' dir='ltr'>ταύτῃ-</span> 
     </span>
    </p>
   </div>
   <div class='ocr_carea' id='block_1_20' title="bbox 328 2111 1909 2185">
    <p class='ocr_par' dir='ltr' id='par_1_20' title="bbox 328 2111 1909 2185">
     <span class='ocr_line' id='line_1_20' title="bbox 328 2111 1909 2185; baseline 0.003 -19"><span class='ocrx_word' id='word_1_148' title='bbox 328 2130 408 2166; x_wconf 89' lang='grc' dir='ltr'><strong>τοι</strong></span> <span class='ocrx_word' id='word_1_149' title='bbox 437 2112 515 2183; x_wconf 76' lang='grc' dir='ltr'>τῷ</span> <span class='ocrx_word' id='word_1_150' title='bbox 541 2112 682 2183; x_wconf 83' lang='grc' dir='ltr'>Θεῷ,</span> <span class='ocrx_word' id='word_1_151' title='bbox 713 2113 808 2166; x_wconf 74' lang='grc' dir='ltr'>καὶ</span> <span class='ocrx_word' id='word_1_152' title='bbox 835 2112 999 2183; x_wconf 88' lang='grc' dir='ltr'>μάλα.</span> <span class='ocrx_word' id='word_1_153' title='bbox 1019 2114 1273 2184; x_wconf 84' lang='grc' dir='ltr'>Ἐκήδετο</span> <span class='ocrx_word' id='word_1_154' title='bbox 1311 2115 1376 2185; x_wconf 85' lang='grc' dir='ltr'>δὴ</span> <span class='ocrx_word' id='word_1_155' title='bbox 1422 2111 1515 2170; x_wconf 76' lang='grc' dir='ltr'>οὖν</span> <span class='ocrx_word' id='word_1_156' title='bbox 1540 2116 1630 2170; x_wconf 87' lang='grc' dir='ltr'><strong>τοῦ</strong></span> <span class='ocrx_word' id='word_1_157' title='bbox 1660 2116 1909 2170; x_wconf 82' lang='grc' dir='ltr'>τεθνάναι</span> 
     </span>
    </p>
   </div>
   <div class='ocr_carea' id='block_1_21' title="bbox 329 2205 1910 2277">
    <p class='ocr_par' dir='ltr' id='par_1_21' title="bbox 329 2205 1910 2277">
     <span class='ocr_line' id='line_1_21' title="bbox 329 2205 1910 2277; baseline 0.003 -19"><span class='ocrx_word' id='word_1_158' title='bbox 329 2205 826 2277; x_wconf 80' lang='grc' dir='ltr'>προστεταγμένου,</span> <span class='ocrx_word' id='word_1_159' title='bbox 861 2205 1143 2275; x_wconf 74' lang='grc' dir='ltr'>μονονουχὶ</span> <span class='ocrx_word' id='word_1_160' title='bbox 1171 2205 1572 2276; x_wconf 83' lang='grc' dir='ltr'>διακεκραγὼς,</span> <span class='ocrx_word' id='word_1_161' title='bbox 1604 2209 1698 2262; x_wconf 81' lang='grc' dir='ltr'><strong>καὶ</strong></span> <span class='ocrx_word' id='word_1_162' title='bbox 1735 2209 1910 2277; x_wconf 87' lang='grc' dir='ltr'>λέγων</span> 
     </span>
    </p>
   </div>
   <div class='ocr_carea' id='block_1_22' title="bbox 327 2295 1910 2371">
    <p class='ocr_par' dir='ltr' id='par_1_22' title="bbox 327 2295 1910 2371">
     <span class='ocr_line' id='line_1_22' title="bbox 327 2295 1910 2371; baseline -0.001 -19"><span class='ocrx_word' id='word_1_163' title='bbox 327 2298 395 2352; x_wconf 88' lang='grc' dir='ltr'><strong>δι’</strong></span> <span class='ocrx_word' id='word_1_164' title='bbox 422 2296 587 2351; x_wconf 83' lang='grc' dir='ltr'>αὑτοῦ</span> <span class='ocrx_word' id='word_1_165' title='bbox 634 2295 729 2348; x_wconf 89' lang='grc' dir='ltr'><strong>τοῦ</strong></span> <span class='ocrx_word' id='word_1_166' title='bbox 776 2295 1123 2365; x_wconf 85' lang='grc' dir='ltr'>πράγματος,</span> <span class='ocrx_word' id='word_1_167' title='bbox 1152 2297 1233 2350; x_wconf 84' lang='grc' dir='ltr'>ὅτι</span> <span class='ocrx_word' id='word_1_168' title='bbox 1287 2297 1361 2369; x_wconf 79' lang='grc' dir='ltr'><strong>μὴ</strong></span> <span class='ocrx_word' id='word_1_169' title='bbox 1390 2298 1603 2353; x_wconf 88' lang='grc' dir='ltr'>δικαίαν</span> <span class='ocrx_word' id='word_1_170' title='bbox 1636 2301 1724 2352; x_wconf 84' lang='grc' dir='ltr'><strong>ἐπ’</strong></span> <span class='ocrx_word' id='word_1_171' title='bbox 1759 2299 1910 2371; x_wconf 81' lang='grc' dir='ltr'>αὐτῷ</span> 
     </span>
    </p>
   </div>
   <div class='ocr_carea' id='block_1_23' title="bbox 328 2387 1910 2462">
    <p class='ocr_par' dir='ltr' id='par_1_23' title="bbox 328 2387 1910 2462">
     <span class='ocr_line' id='line_1_23' title="bbox 328 2387 1910 2462; baseline 0.001 -19"><span class='ocrx_word' id='word_1_172' title='bbox 328 2389 425 2460; x_wconf 76' lang='grc' dir='ltr'>τὴν</span> <span class='ocrx_word' id='word_1_173' title='bbox 467 2390 645 2459; x_wconf 74' lang='grc' dir='ltr'>ψῆφον</span> <span class='ocrx_word' id='word_1_174' title='bbox 688 2390 922 2440; x_wconf 81' lang='grc' dir='ltr'>ἐποιεῖτο</span> <span class='ocrx_word' id='word_1_175' title='bbox 969 2387 1119 2450; x_wconf 71' lang='grc' dir='ltr'>Θεὸς.</span> <span class='ocrx_word' id='word_1_176' title='bbox 1148 2387 1363 2459; x_wconf 88' lang='grc' dir='ltr'>Ταύτης</span> <span class='ocrx_word' id='word_1_177' title='bbox 1393 2390 1556 2444; x_wconf 72' lang='grc' dir='ltr'>ἕνεκα</span> <span class='ocrx_word' id='word_1_178' title='bbox 1600 2391 1700 2462; x_wconf 81' lang='grc' dir='ltr'><strong>τῆς</strong></span> <span class='ocrx_word' id='word_1_179' title='bbox 1729 2392 1910 2455; x_wconf 85' lang='grc' dir='ltr'>αίτίας</span> 
     </span>
    </p>
   </div>
   <div class='ocr_carea' id='block_1_24' title="bbox 331 2479 1907 2554">
    <p class='ocr_par' dir='ltr' id='par_1_24' title="bbox 331 2479 1907 2554">
     <span class='ocr_line' id='line_1_24' title="bbox 331 2479 1907 2554; baseline 0.002 -20"><span class='ocrx_word' id='word_1_180' title='bbox 331 2482 576 2535; x_wconf 77' lang='grc' dir='ltr'>ἐλυπεῖτο</span> <span class='ocrx_word' id='word_1_181' title='bbox 613 2480 709 2552; x_wconf 81' lang='grc' dir='ltr'><strong>μὲν</strong></span> <span class='ocrx_word' id='word_1_182' title='bbox 751 2479 892 2542; x_wconf 89' lang='grc' dir='ltr'>λίαν,</span> <span class='ocrx_word' id='word_1_183' title='bbox 929 2480 1023 2532; x_wconf 74' lang='grc' dir='ltr'>καὶ</span> <span class='ocrx_word' id='word_1_184' title='bbox 1065 2481 1463 2550; x_wconf 84' lang='grc' dir='ltr'>συνηγανάκτει</span> <span class='ocrx_word' id='word_1_185' title='bbox 1499 2482 1618 2552; x_wconf 84' lang='grc' dir='ltr'>Θεῷ</span> <span class='ocrx_word' id='word_1_186' title='bbox 1649 2485 1677 2536; x_wconf 88' lang='grc' dir='ltr'>ὁ</span> <span class='ocrx_word' id='word_1_187' title='bbox 1726 2484 1907 2554; x_wconf 82' lang='grc' dir='ltr'>μακά·</span> 
     </span>
    </p>
   </div>
   <div class='ocr_carea' id='block_1_25' title="bbox 336 2574 1906 2645">
    <p class='ocr_par' dir='ltr' id='par_1_25' title="bbox 336 2574 1906 2645">
     <span class='ocr_line' id='line_1_25' title="bbox 336 2574 1906 2645; baseline 0.002 -19"><span class='ocrx_word' id='word_1_188' title='bbox 336 2591 446 2644; x_wconf 87' lang='grc' dir='ltr'>ριος</span> <span class='ocrx_word' id='word_1_189' title='bbox 470 2574 740 2644; x_wconf 72' lang='grc' dir='ltr'>Σαμουὴλ.</span> <span class='ocrx_word' id='word_1_190' title='bbox 771 2576 880 2628; x_wconf 73' lang='grc' dir='ltr'><strong>Καὶ</strong></span> <span class='ocrx_word' id='word_1_191' title='bbox 905 2574 1240 2643; x_wconf 69' lang='grc' dir='ltr'>ἀποσφάττει</span> <span class='ocrx_word' id='word_1_192' title='bbox 1275 2574 1372 2645; x_wconf 85' lang='grc' dir='ltr'>μὲν</span> <span class='ocrx_word' id='word_1_193' title='bbox 1396 2575 1487 2627; x_wconf 77' lang='grc' dir='ltr'><strong>τὸν</strong></span> <span class='ocrx_word' id='word_1_194' title='bbox 1515 2577 1698 2644; x_wconf 81' lang='grc' dir='ltr'>Ἀγαγ</span> <span class='ocrx_word' id='word_1_195' title='bbox 1722 2576 1906 2641; x_wconf 78' lang='grc' dir='ltr'>αὐτὸς,</span> 
     </span>
    </p>
   </div>
   <div class='ocr_carea' id='block_1_26' title="bbox 333 2659 1908 2736">
    <p class='ocr_par' dir='ltr' id='par_1_26' title="bbox 333 2659 1908 2736">
     <span class='ocr_line' id='line_1_26' title="bbox 333 2659 1908 2736; baseline 0.002 -19"><span class='ocrx_word' id='word_1_196' title='bbox 333 2663 615 2732; x_wconf 74' lang='grc' dir='ltr'>ἐπιφωνῶν</span> <span class='ocrx_word' id='word_1_197' title='bbox 637 2665 734 2727; x_wconf 71' lang='grc' dir='ltr'>τὰς</span> <span class='ocrx_word' id='word_1_198' title='bbox 764 2664 962 2727; x_wconf 83' lang='grc' dir='ltr'>αἰτίας·</span> <span class='ocrx_word' id='word_1_199' title='bbox 996 2685 1013 2716; x_wconf 81' lang='grc' dir='ltr'><strong>ι</strong></span> <span class='ocrx_word' id='word_1_200' title='bbox 1038 2664 1177 2717; x_wconf 74' lang='grc' dir='ltr'>’Λνο’</span> <span class='ocrx_word' id='word_1_201' title='bbox 1201 2659 1275 2718; x_wconf 81' lang='grc' dir='ltr'>ὧν</span> <span class='ocrx_word' id='word_1_202' title='bbox 1305 2664 1436 2734; x_wconf 80' lang='grc' dir='ltr'>γὰρ,</span> <span class='ocrx_word' id='word_1_203' title='bbox 1469 2668 1654 2736; x_wconf 71' lang='grc' dir='ltr'>φησὶν,</span> <span class='ocrx_word' id='word_1_204' title='bbox 1679 2668 1908 2736; x_wconf 71' lang='grc' dir='ltr'>ὴτέκνω-</span> 
     </span>
    </p>
   </div>
   <div class='ocr_carea' id='block_1_27' title="bbox 334 2756 1908 2826">
    <p class='ocr_par' dir='ltr' id='par_1_27' title="bbox 334 2756 1908 2826">
     <span class='ocr_line' id='line_1_27' title="bbox 334 2756 1908 2826; baseline 0.003 -18"><span class='ocrx_word' id='word_1_205' title='bbox 334 2772 394 2809; x_wconf 82' lang='grc' dir='ltr'><strong>σε</strong></span> <span class='ocrx_word' id='word_1_206' title='bbox 422 2757 683 2823; x_wconf 84' lang='grc' dir='ltr'>γυναῖκας</span> <span class='ocrx_word' id='word_1_207' title='bbox 710 2757 743 2824; x_wconf 87' lang='grc' dir='ltr'><strong>ή</strong></span> <span class='ocrx_word' id='word_1_208' title='bbox 774 2756 1017 2826; x_wconf 74' lang='grc' dir='ltr'>ῥομφαία</span> <span class='ocrx_word' id='word_1_209' title='bbox 1049 2773 1163 2820; x_wconf 91' lang='grc' dir='ltr'>σου,</span> <span class='ocrx_word' id='word_1_210' title='bbox 1188 2756 1359 2819; x_wconf 80' lang='grc' dir='ltr'>οὕτως</span> <span class='ocrx_word' id='word_1_211' title='bbox 1384 2757 1819 2826; x_wconf 85' lang='grc' dir='ltr'>ἀτεκνωθήσεται</span> <span class='ocrx_word' id='word_1_212' title='bbox 1844 2760 1908 2812; x_wconf 83' lang='grc' dir='ltr'><strong>ἐκ</strong></span> 
     </span>
    </p>
   </div>
   <div class='ocr_carea' id='block_1_28' title="bbox 332 2845 1905 2918">
    <p class='ocr_par' dir='ltr' id='par_1_28' title="bbox 332 2845 1905 2918">
     <span class='ocr_line' id='line_1_28' title="bbox 332 2845 1905 2918; baseline 0.003 -21"><span class='ocrx_word' id='word_1_213' title='bbox 332 2845 607 2913; x_wconf 82' lang='grc' dir='ltr'>γυναικῶν</span> <span class='ocrx_word' id='word_1_214' title='bbox 627 2848 659 2916; x_wconf 86' lang='grc' dir='ltr'><strong>ή</strong></span> <span class='ocrx_word' id='word_1_215' title='bbox 687 2846 867 2916; x_wconf 84' lang='grc' dir='ltr'><strong>μήτηρ</strong></span> <span class='ocrx_word' id='word_1_216' title='bbox 886 2862 1001 2902; x_wconf 90' lang='grc' dir='ltr'>σου.</span> <span class='ocrx_word' id='word_1_217' title='bbox 1028 2865 1048 2898; x_wconf 84' lang='grc'><strong>›</strong></span> <span class='ocrx_word' id='word_1_218' title='bbox 1074 2846 1516 2916; x_wconf 73' lang='grc' dir='ltr'>Προαπαγγέλλει</span> <span class='ocrx_word' id='word_1_219' title='bbox 1543 2847 1598 2900; x_wconf 85' lang='grc' dir='ltr'>δὲ</span> <span class='ocrx_word' id='word_1_220' title='bbox 1615 2847 1692 2918; x_wconf 81' lang='grc' dir='ltr'>τῷ</span> <span class='ocrx_word' id='word_1_221' title='bbox 1713 2849 1905 2912; x_wconf 77' lang='grc' dir='ltr'>Σαοὺλ,</span> 
     </span>
    </p>
   </div>
   <div class='ocr_carea' id='block_1_29' title="bbox 331 2936 1908 3011">
    <p class='ocr_par' dir='ltr' id='par_1_29' title="bbox 331 2936 1908 3011">
     <span class='ocr_line' id='line_1_29' title="bbox 331 2936 1908 3011; baseline 0.004 -23"><span class='ocrx_word' id='word_1_222' title='bbox 331 2937 413 2989; x_wconf 85' lang='grc' dir='ltr'>ὅτι</span> <span class='ocrx_word' id='word_1_223' title='bbox 444 2936 538 2989; x_wconf 75' lang='grc' dir='ltr'>καὶ</span> <span class='ocrx_word' id='word_1_224' title='bbox 568 2936 669 3006; x_wconf 80' lang='grc' dir='ltr'>τῆς</span> <span class='ocrx_word' id='word_1_225' title='bbox 698 2936 976 3007; x_wconf 79' lang='grc' dir='ltr'>βασιλείας</span> <span class='ocrx_word' id='word_1_226' title='bbox 1024 2936 1416 3009; x_wconf 82' lang='grc' dir='ltr'>ἐξοισθήσεται,</span> <span class='ocrx_word' id='word_1_227' title='bbox 1458 2938 1552 2993; x_wconf 79' lang='grc' dir='ltr'>καὶ</span> <span class='ocrx_word' id='word_1_228' title='bbox 1586 2941 1786 3010; x_wconf 75' lang='grc' dir='ltr'>πικρὰς</span> <span class='ocrx_word' id='word_1_229' title='bbox 1809 2941 1908 3011; x_wconf 85' lang='grc' dir='ltr'><strong>τῆς</strong></span> 
     </span>
    </p>
   </div>
   <div class='ocr_carea' id='block_1_30' title="bbox 330 3028 1096 3099">
    <p class='ocr_par' dir='ltr' id='par_1_30' title="bbox 330 3028 1096 3099">
     <span class='ocr_line' id='line_1_30' title="bbox 330 3028 1096 3099; baseline 0.004 -18"><span class='ocrx_word' id='word_1_230' title='bbox 330 3029 617 3099; x_wconf 77' lang='grc' dir='ltr'>παρακοῆς</span> <span class='ocrx_word' id='word_1_231' title='bbox 649 3030 896 3083; x_wconf 79' lang='grc' dir='ltr'>ἀποτίσει</span> <span class='ocrx_word' id='word_1_232' title='bbox 921 3028 1096 3092; x_wconf 78' lang='grc' dir='ltr'>δίκας.</span> 
     </span>
    </p>
   </div>
   <div class='ocr_carea' id='block_1_31' title="bbox 400 3117 1909 3192">
    <p class='ocr_par' dir='ltr' id='par_1_31' title="bbox 400 3117 1909 3192">
     <span class='ocr_line' id='line_1_31' title="bbox 400 3117 1909 3192; baseline 0.003 -22"><span class='ocrx_word' id='word_1_233' title='bbox 400 3119 461 3171; x_wconf 83' lang='grc' dir='ltr'><strong>Εἰ</strong></span> <span class='ocrx_word' id='word_1_234' title='bbox 493 3119 548 3172; x_wconf 79' lang='grc' dir='ltr'>δὲ</span> <span class='ocrx_word' id='word_1_235' title='bbox 582 3119 687 3191; x_wconf 82' lang='grc' dir='ltr'><strong>χρὴ</strong></span> <span class='ocrx_word' id='word_1_236' title='bbox 733 3120 870 3190; x_wconf 79' lang='grc' dir='ltr'>πρὸς</span> <span class='ocrx_word' id='word_1_237' title='bbox 905 3119 1081 3190; x_wconf 84' lang='grc' dir='ltr'>τούτῳ</span> <span class='ocrx_word' id='word_1_238' title='bbox 1114 3117 1209 3173; x_wconf 69' lang='grc' dir='ltr'><strong>καὶ</strong></span> <span class='ocrx_word' id='word_1_239' title='bbox 1242 3119 1433 3191; x_wconf 81' lang='grc' dir='ltr'>ἑτέρας</span> <span class='ocrx_word' id='word_1_240' title='bbox 1472 3122 1620 3191; x_wconf 74' lang='grc' dir='ltr'>ἡμᾶς</span> <span class='ocrx_word' id='word_1_241' title='bbox 1668 3122 1909 3192; x_wconf 81' lang='grc' dir='ltr'>ἱστορίας</span> 
     </span>
    </p>
   </div>
   <div class='ocr_carea' id='block_1_32' title="bbox 2007 645 3582 718">
    <p class='ocr_par' dir='ltr' id='par_1_32' title="bbox 2007 645 3582 718">
     <span class='ocr_line' id='line_1_32' title="bbox 2007 645 3582 718; baseline -0.001 -15"><span class='ocrx_word' id='word_1_242' title='bbox 2007 650 2151 703; x_wconf 88' lang='lat' dir='ltr'><strong>niam</strong></span> <span class='ocrx_word' id='word_1_243' title='bbox 2181 656 2361 702; x_wconf 90' lang='lat' dir='ltr'><strong>autem</strong></span> <span class='ocrx_word' id='word_1_244' title='bbox 2392 655 2452 700; x_wconf 90' lang='lat' dir='ltr'><strong>ut</strong></span> <span class='ocrx_word' id='word_1_245' title='bbox 2481 645 2699 701; x_wconf 71' lang='lat' dir='ltr'><strong>Judzeus</strong></span> <span class='ocrx_word' id='word_1_246' title='bbox 2724 646 3063 703; x_wconf 79' lang='lat' dir='ltr'><strong>exclamabat</strong></span> <span class='ocrx_word' id='word_1_247' title='bbox 3097 665 3114 701; x_wconf 86' lang='lat'><strong>:</strong></span> <span class='ocrx_word' id='word_1_248' title='bbox 3153 665 3174 700; x_wconf 79' lang='grc' dir='ltr'><strong>ι</strong></span> <span class='ocrx_word' id='word_1_249' title='bbox 3212 646 3582 718; x_wconf 85' lang='lat' dir='ltr'><strong>Nequaquam,</strong></span> 
     </span>
    </p>
   </div>
   <div class='ocr_carea' id='block_1_33' title="bbox 2007 737 3586 806">
    <p class='ocr_par' dir='ltr' id='par_1_33' title="bbox 2007 737 3586 806">
     <span class='ocr_line' id='line_1_33' title="bbox 2007 737 3586 806; baseline -0.001 -13"><span class='ocrx_word' id='word_1_250' title='bbox 2007 739 2252 803; x_wconf 83' lang='lat' dir='ltr'><strong>Domine,</strong></span> <span class='ocrx_word' id='word_1_251' title='bbox 2290 737 2414 806; x_wconf 86' lang='lat' dir='ltr'><strong>quia</strong></span> <span class='ocrx_word' id='word_1_252' title='bbox 2446 750 2719 805; x_wconf 81' lang='lat' dir='ltr'><strong>nunquam</strong></span> <span class='ocrx_word' id='word_1_253' title='bbox 2757 737 2964 791; x_wconf 86' lang='lat' dir='ltr'><strong>comedi</strong></span> <span class='ocrx_word' id='word_1_254' title='bbox 2992 752 3300 805; x_wconf 90' lang='lat' dir='ltr'><strong>commune,</strong></span> <span class='ocrx_word' id='word_1_255' title='bbox 3349 747 3442 792; x_wconf 88' lang='lat' dir='ltr'><strong>aut</strong></span> <span class='ocrx_word' id='word_1_256' title='bbox 3482 738 3586 792; x_wconf 88' lang='lat' dir='ltr'><strong>im-</strong></span> 
     </span>
    </p>
   </div>
   <div class='ocr_carea' id='block_1_34' title="bbox 2005 829 3589 900">
    <p class='ocr_par' dir='ltr' id='par_1_34' title="bbox 2005 829 3589 900">
     <span class='ocr_line' id='line_1_34' title="bbox 2005 829 3589 900; baseline -0.003 -13"><span class='ocrx_word' id='word_1_257' title='bbox 2005 834 2262 887; x_wconf 90' lang='lat' dir='ltr'><strong>mundum</strong></span> <span class='ocrx_word' id='word_1_258' title='bbox 2294 831 2572 900; x_wconf 79' lang='lat' dir='ltr'><strong>quidpiam</strong></span> <span class='ocrx_word' id='word_1_259' title='bbox 2603 829 2671 895; x_wconf 64' lang='grc' dir='ltr'><strong>δ’,</strong></span> <span class='ocrx_word' id='word_1_260' title='bbox 2708 848 2728 880; x_wconf 77' lang='grc' dir='ltr'><strong>ι</strong></span> <span class='ocrx_word' id='word_1_261' title='bbox 2759 830 2903 884; x_wconf 88' lang='lat' dir='ltr'><strong>illico</strong></span> <span class='ocrx_word' id='word_1_262' title='bbox 2928 838 3012 885; x_wconf 87' lang='lat' dir='ltr'><strong>est</strong></span> <span class='ocrx_word' id='word_1_263' title='bbox 3052 830 3390 900; x_wconf 76' lang='lat' dir='ltr'><strong>obiurgatus,</strong></span> <span class='ocrx_word' id='word_1_264' title='bbox 3438 838 3487 883; x_wconf 91' lang='lat' dir='ltr'><strong>et</strong></span> <span class='ocrx_word' id='word_1_265' title='bbox 3525 838 3589 882; x_wconf 76' lang='lat' dir='ltr'><strong>ut</strong></span> 
     </span>
    </p>
   </div>
   <div class='ocr_carea' id='block_1_35' title="bbox 2006 919 3585 992">
    <p class='ocr_par' dir='ltr' id='par_1_35' title="bbox 2006 919 3585 992">
     <span class='ocr_line' id='line_1_35' title="bbox 2006 919 3585 992; baseline -0.004 -14"><span class='ocrx_word' id='word_1_266' title='bbox 2006 924 2190 978; x_wconf 89' lang='lat' dir='ltr'><strong>divino</strong></span> <span class='ocrx_word' id='word_1_267' title='bbox 2222 923 2502 992; x_wconf 88' lang='lat' dir='ltr'><strong>proposito</strong></span> <span class='ocrx_word' id='word_1_268' title='bbox 2542 920 2809 975; x_wconf 84' lang='lat' dir='ltr'><strong>obsistere</strong></span> <span class='ocrx_word' id='word_1_269' title='bbox 2852 935 2958 974; x_wconf 90' lang='lat' dir='ltr'><strong>non</strong></span> <span class='ocrx_word' id='word_1_270' title='bbox 3012 920 3393 985; x_wconf 86' lang='lat' dir='ltr'><strong>reformidans,</strong></span> <span class='ocrx_word' id='word_1_271' title='bbox 3438 919 3585 974; x_wconf 87' lang='lat' dir='ltr'><strong>clare</strong></span> 
     </span>
    </p>
   </div>
   <div class='ocr_carea' id='block_1_36' title="bbox 2005 1011 3586 1081">
    <p class='ocr_par' dir='ltr' id='par_1_36' title="bbox 2005 1011 3586 1081">
     <span class='ocr_line' id='line_1_36' title="bbox 2005 1011 3586 1081; baseline -0.002 -13"><span class='ocrx_word' id='word_1_272' title='bbox 2005 1015 2210 1068; x_wconf 90' lang='lat' dir='ltr'><strong>audivit</strong></span> <span class='ocrx_word' id='word_1_273' title='bbox 2239 1030 2255 1068; x_wconf 86' lang='lat'><strong><em>:</em></strong></span> <span class='ocrx_word' id='word_1_274' title='bbox 2291 1032 2310 1066; x_wconf 74' lang='grc' dir='ltr'><strong>ι</strong></span> <span class='ocrx_word' id='word_1_275' title='bbox 2342 1012 2493 1080; x_wconf 90' lang='lat' dir='ltr'><strong>Quod</strong></span> <span class='ocrx_word' id='word_1_276' title='bbox 2528 1012 2666 1067; x_wconf 87' lang='lat' dir='ltr'><strong>Deus</strong></span> <span class='ocrx_word' id='word_1_277' title='bbox 2699 1011 3027 1081; x_wconf 85' lang='lat' dir='ltr'><strong>pnriiicavit,</strong></span> <span class='ocrx_word' id='word_1_278' title='bbox 3069 1019 3126 1064; x_wconf 91' lang='lat' dir='ltr'><strong>tu</strong></span> <span class='ocrx_word' id='word_1_279' title='bbox 3167 1025 3454 1065; x_wconf 88' lang='lat' dir='ltr'><strong>commune</strong></span> <span class='ocrx_word' id='word_1_280' title='bbox 3515 1025 3586 1066; x_wconf 90' lang='lat' dir='ltr'><strong>ne</strong></span> 
     </span>
    </p>
   </div>
   <div class='ocr_carea' id='block_1_37' title="bbox 2005 1102 3587 1170">
    <p class='ocr_par' dir='ltr' id='par_1_37' title="bbox 2005 1102 3587 1170">
     <span class='ocr_line' id='line_1_37' title="bbox 2005 1102 3587 1170; baseline -0.002 -11"><span class='ocrx_word' id='word_1_281' title='bbox 2005 1106 2209 1160; x_wconf 77' lang='lat' dir='ltr'><strong>dixeris</strong></span> <span class='ocrx_word' id='word_1_282' title='bbox 2242 1104 2309 1158; x_wconf 77' lang='grc'><strong>⁸⁸.</strong></span> <span class='ocrx_word' id='word_1_283' title='bbox 2348 1123 2367 1155; x_wconf 73' lang='grc' dir='ltr'><strong>ι</strong></span> <span class='ocrx_word' id='word_1_284' title='bbox 2404 1104 2662 1170; x_wconf 82' lang='lat' dir='ltr'><strong>Quamvis</strong></span> <span class='ocrx_word' id='word_1_285' title='bbox 2705 1103 2848 1157; x_wconf 90' lang='lat' dir='ltr'><strong>enitn</strong></span> <span class='ocrx_word' id='word_1_286' title='bbox 2902 1103 3045 1158; x_wconf 87' lang='lat' dir='ltr'><strong>Deus</strong></span> <span class='ocrx_word' id='word_1_287' title='bbox 3107 1102 3481 1156; x_wconf 84' lang='lat' dir='ltr'><strong>universorum</strong></span> <span class='ocrx_word' id='word_1_288' title='bbox 3529 1110 3587 1156; x_wconf 84' lang='lat' dir='ltr'><strong>et</strong></span> 
     </span>
    </p>
   </div>
   <div class='ocr_carea' id='block_1_38' title="bbox 2006 1190 3583 1264">
    <p class='ocr_par' dir='ltr' id='par_1_38' title="bbox 2006 1190 3583 1264">
     <span class='ocr_line' id='line_1_38' title="bbox 2006 1190 3583 1264; baseline -0.004 -14"><span class='ocrx_word' id='word_1_289' title='bbox 2006 1203 2288 1250; x_wconf 82' lang='lat' dir='ltr'><strong>mansuete</strong></span> <span class='ocrx_word' id='word_1_290' title='bbox 2321 1193 2717 1264; x_wconf 80' lang='lat' dir='ltr'><strong>reprehendere</strong></span> <span class='ocrx_word' id='word_1_291' title='bbox 2751 1193 2940 1258; x_wconf 87' lang='lat' dir='ltr'><strong>voluit,</strong></span> <span class='ocrx_word' id='word_1_292' title='bbox 2987 1203 3043 1248; x_wconf 90' lang='lat' dir='ltr'><strong>et</strong></span> <span class='ocrx_word' id='word_1_293' title='bbox 3073 1206 3180 1246; x_wconf 84' lang='lat' dir='ltr'><strong>non</strong></span> <span class='ocrx_word' id='word_1_294' title='bbox 3233 1191 3395 1256; x_wconf 87' lang='lat' dir='ltr'><strong>illico,</strong></span> <span class='ocrx_word' id='word_1_295' title='bbox 3429 1199 3487 1245; x_wconf 91' lang='lat' dir='ltr'><strong>ut</strong></span> <span class='ocrx_word' id='word_1_296' title='bbox 3528 1190 3583 1245; x_wconf 92' lang='lat' dir='ltr'><strong>in</strong></span> 
     </span>
    </p>
   </div>
   <div class='ocr_carea' id='block_1_39' title="bbox 2010 1283 3586 1348">
    <p class='ocr_par' dir='ltr' id='par_1_39' title="bbox 2010 1283 3586 1348">
     <span class='ocr_line' id='line_1_39' title="bbox 2010 1283 3586 1348; baseline -0.003 -9"><span class='ocrx_word' id='word_1_297' title='bbox 2010 1285 2367 1341; x_wconf 76' lang='lat' dir='ltr'><strong>refractarios</strong></span> <span class='ocrx_word' id='word_1_298' title='bbox 2412 1284 2786 1340; x_wconf 78' lang='lat' dir='ltr'><strong>vehementius</strong></span> <span class='ocrx_word' id='word_1_299' title='bbox 2827 1294 2909 1340; x_wconf 87' lang='lat' dir='ltr'><strong>est</strong></span> <span class='ocrx_word' id='word_1_300' title='bbox 2961 1283 3355 1348; x_wconf 79' lang='lat' dir='ltr'><strong>exacerbatus,</strong></span> <span class='ocrx_word' id='word_1_301' title='bbox 3403 1290 3586 1335; x_wconf 85' lang='lat' dir='ltr'><strong>tamen</strong></span> 
     </span>
    </p>
   </div>
   <div class='ocr_carea' id='block_1_40' title="bbox 2005 1373 3586 1445">
    <p class='ocr_par' dir='ltr' id='par_1_40' title="bbox 2005 1373 3586 1445">
     <span class='ocr_line' id='line_1_40' title="bbox 2005 1373 3586 1445; baseline -0.002 -16"><span class='ocrx_word' id='word_1_302' title='bbox 2005 1391 2192 1430; x_wconf 87' lang='lat' dir='ltr'><strong>eorum</strong></span> <span class='ocrx_word' id='word_1_303' title='bbox 2229 1376 2551 1430; x_wconf 86' lang='lat' dir='ltr'><strong>detrectatio</strong></span> <span class='ocrx_word' id='word_1_304' title='bbox 2578 1375 2733 1445; x_wconf 85' lang='lat' dir='ltr'><strong>culpa</strong></span> <span class='ocrx_word' id='word_1_305' title='bbox 2761 1390 2864 1429; x_wconf 87' lang='lat' dir='ltr'><strong>non</strong></span> <span class='ocrx_word' id='word_1_306' title='bbox 2890 1374 3086 1428; x_wconf 86' lang='lat' dir='ltr'><strong>caruit.</strong></span> <span class='ocrx_word' id='word_1_307' title='bbox 3116 1373 3380 1442; x_wconf 88' lang='lat' dir='ltr'><strong>Oportere</strong></span> <span class='ocrx_word' id='word_1_308' title='bbox 3403 1382 3586 1427; x_wconf 85' lang='lat' dir='ltr'><strong>autem</strong></span> 
     </span>
    </p>
   </div>
   <div class='ocr_carea' id='block_1_41' title="bbox 2006 1465 3585 1536">
    <p class='ocr_par' dir='ltr' id='par_1_41' title="bbox 2006 1465 3585 1536">
     <span class='ocr_line' id='line_1_41' title="bbox 2006 1465 3585 1536; baseline -0.003 -14"><span class='ocrx_word' id='word_1_309' title='bbox 2006 1468 2257 1523; x_wconf 78' lang='lat' dir='ltr'><strong>existimo</strong></span> <span class='ocrx_word' id='word_1_310' title='bbox 2291 1469 2435 1521; x_wconf 86' lang='lat' dir='ltr'><strong>omni</strong></span> <span class='ocrx_word' id='word_1_311' title='bbox 2473 1482 2623 1522; x_wconf 86' lang='lat' dir='ltr'><strong>mora</strong></span> <span class='ocrx_word' id='word_1_312' title='bbox 2667 1467 2997 1536; x_wconf 87' lang='lat' dir='ltr'><strong>posthabita,</strong></span> <span class='ocrx_word' id='word_1_313' title='bbox 3034 1465 3312 1521; x_wconf 76' lang='lat' dir='ltr'><strong>caelestem</strong></span> <span class='ocrx_word' id='word_1_314' title='bbox 3366 1474 3585 1520; x_wconf 84' lang='lat' dir='ltr'><strong>senten-</strong></span> 
     </span>
    </p>
   </div>
   <div class='ocr_carea' id='block_1_42' title="bbox 2006 1555 3587 1628">
    <p class='ocr_par' dir='ltr' id='par_1_42' title="bbox 2006 1555 3587 1628">
     <span class='ocr_line' id='line_1_42' title="bbox 2006 1555 3587 1628; baseline -0.001 -15"><span class='ocrx_word' id='word_1_315' title='bbox 2006 1560 2136 1613; x_wconf 90' lang='lat' dir='ltr'><strong>tiam</strong></span> <span class='ocrx_word' id='word_1_316' title='bbox 2163 1570 2372 1615; x_wconf 87' lang='lat' dir='ltr'><strong>rectam</strong></span> <span class='ocrx_word' id='word_1_317' title='bbox 2401 1567 2562 1627; x_wconf 89' lang='lat' dir='ltr'><strong>atque</strong></span> <span class='ocrx_word' id='word_1_318' title='bbox 2596 1559 2975 1628; x_wconf 87' lang='lat' dir='ltr'><strong>inculpabilem</strong></span> <span class='ocrx_word' id='word_1_319' title='bbox 3003 1567 3324 1624; x_wconf 84' lang='lat' dir='ltr'><strong>statuentes,</strong></span> <span class='ocrx_word' id='word_1_320' title='bbox 3374 1558 3440 1612; x_wconf 90' lang='lat' dir='ltr'><strong>ad</strong></span> <span class='ocrx_word' id='word_1_321' title='bbox 3469 1555 3587 1624; x_wconf 80' lang='lat' dir='ltr'><strong>jus-</strong></span> 
     </span>
    </p>
   </div>
   <div class='ocr_carea' id='block_1_43' title="bbox 2007 1648 3585 1721">
    <p class='ocr_par' dir='ltr' id='par_1_43' title="bbox 2007 1648 3585 1721">
     <span class='ocr_line' id='line_1_43' title="bbox 2007 1648 3585 1721; baseline -0.003 -15"><span class='ocrx_word' id='word_1_322' title='bbox 2007 1666 2066 1707; x_wconf 85' lang='lat' dir='ltr'><strong>sa</strong></span> <span class='ocrx_word' id='word_1_323' title='bbox 2089 1652 2430 1721; x_wconf 80' lang='lat' dir='ltr'><strong>exsequenda</strong></span> <span class='ocrx_word' id='word_1_324' title='bbox 2461 1666 2773 1721; x_wconf 86' lang='lat' dir='ltr'><strong>properare,</strong></span> <span class='ocrx_word' id='word_1_325' title='bbox 2798 1651 3009 1705; x_wconf 88' lang='lat' dir='ltr'><strong>etiamsi</strong></span> <span class='ocrx_word' id='word_1_326' title='bbox 3041 1664 3127 1705; x_wconf 90' lang='lat' dir='ltr'><strong>res</strong></span> <span class='ocrx_word' id='word_1_327' title='bbox 3160 1650 3356 1704; x_wconf 86' lang='lat' dir='ltr'><strong>animis</strong></span> <span class='ocrx_word' id='word_1_328' title='bbox 3386 1648 3585 1704; x_wconf 83' lang='lat' dir='ltr'><strong>noStris</strong></span> 
     </span>
    </p>
   </div>
   <div class='ocr_carea' id='block_1_44' title="bbox 2005 1740 3586 1813">
    <p class='ocr_par' dir='ltr' id='par_1_44' title="bbox 2005 1740 3586 1813">
     <span class='ocr_line' id='line_1_44' title="bbox 2005 1740 3586 1813; baseline -0.001 -18"><span class='ocrx_word' id='word_1_329' title='bbox 2005 1758 2197 1813; x_wconf 86' lang='lat' dir='ltr'><strong>parum</strong></span> <span class='ocrx_word' id='word_1_330' title='bbox 2230 1743 2492 1798; x_wconf 87' lang='lat' dir='ltr'><strong>arriserit.</strong></span> <span class='ocrx_word' id='word_1_331' title='bbox 2521 1742 2689 1810; x_wconf 80' lang='lat' dir='ltr'><strong>Quale</strong></span> <span class='ocrx_word' id='word_1_332' title='bbox 2719 1753 2822 1808; x_wconf 87' lang='lat' dir='ltr'><strong>est,</strong></span> <span class='ocrx_word' id='word_1_333' title='bbox 2848 1742 3093 1811; x_wconf 89' lang='lat' dir='ltr'><strong>inquam,</strong></span> <span class='ocrx_word' id='word_1_334' title='bbox 3125 1740 3267 1809; x_wconf 92' lang='lat' dir='ltr'><strong>quod</strong></span> <span class='ocrx_word' id='word_1_335' title='bbox 3301 1742 3586 1794; x_wconf 83' lang='lat' dir='ltr'><strong>universo-</strong></span> 
     </span>
    </p>
   </div>
   <div class='ocr_carea' id='block_1_45' title="bbox 2009 1830 3585 1906">
    <p class='ocr_par' dir='ltr' id='par_1_45' title="bbox 2009 1830 3585 1906">
     <span class='ocr_line' id='line_1_45' title="bbox 2009 1830 3585 1906; baseline -0.001 -18"><span class='ocrx_word' id='word_1_336' title='bbox 2009 1850 2129 1890; x_wconf 87' lang='lat' dir='ltr'><strong>rum</strong></span> <span class='ocrx_word' id='word_1_337' title='bbox 2167 1835 2306 1891; x_wconf 87' lang='lat' dir='ltr'><strong>Deus</strong></span> <span class='ocrx_word' id='word_1_338' title='bbox 2335 1837 2401 1890; x_wconf 89' lang='lat' dir='ltr'><strong>de</strong></span> <span class='ocrx_word' id='word_1_339' title='bbox 2428 1837 2572 1906; x_wconf 80' lang='lat' dir='ltr'><strong>Agag</strong></span> <span class='ocrx_word' id='word_1_340' title='bbox 2614 1835 2931 1900; x_wconf 89' lang='lat' dir='ltr'><strong>occidendo,</strong></span> <span class='ocrx_word' id='word_1_341' title='bbox 2968 1833 3148 1903; x_wconf 87' lang='lat' dir='ltr'><strong>utqui</strong></span> <span class='ocrx_word' id='word_1_342' title='bbox 3200 1833 3253 1886; x_wconf 89' lang='lat' dir='ltr'><strong>in</strong></span> <span class='ocrx_word' id='word_1_343' title='bbox 3308 1830 3585 1886; x_wconf 87' lang='lat' dir='ltr'><strong>Israelitas</strong></span> 
     </span>
    </p>
   </div>
   <div class='ocr_carea' id='block_1_46' title="bbox 1938 1912 3587 1993">
    <p class='ocr_par' dir='ltr' id='par_1_46' title="bbox 1938 1912 3587 1993">
     <span class='ocr_line' id='line_1_46' title="bbox 1938 1912 3587 1993; baseline -0.004 -11"><span class='ocrx_word' id='word_1_344' title='bbox 1938 1912 1982 1968; x_wconf 76' lang='grc' dir='ltr'><strong>Β</strong></span> <span class='ocrx_word' id='word_1_345' title='bbox 2013 1927 2240 1983; x_wconf 85' lang='lat' dir='ltr'><strong>nefanda</strong></span> <span class='ocrx_word' id='word_1_346' title='bbox 2277 1927 2493 1983; x_wconf 90' lang='lat' dir='ltr'><strong>molitus</strong></span> <span class='ocrx_word' id='word_1_347' title='bbox 2538 1938 2706 1991; x_wconf 72' lang='lat' dir='ltr'><strong>esset,</strong></span> <span class='ocrx_word' id='word_1_348' title='bbox 2755 1924 2906 1982; x_wconf 84' lang='lat' dir='ltr'><strong>Sauli</strong></span> <span class='ocrx_word' id='word_1_349' title='bbox 2949 1924 3249 1989; x_wconf 76' lang='lat' dir='ltr'><strong>mandavit,</strong></span> <span class='ocrx_word' id='word_1_350' title='bbox 3292 1923 3384 1993; x_wconf 86' lang='lat' dir='ltr'><strong>qui</strong></span> <span class='ocrx_word' id='word_1_351' title='bbox 3431 1921 3587 1978; x_wconf 82' lang='lat' dir='ltr'><strong>beni-</strong></span> 
     </span>
    </p>
   </div>
   <div class='ocr_carea' id='block_1_47' title="bbox 2010 2016 3584 2090">
    <p class='ocr_par' dir='ltr' id='par_1_47' title="bbox 2010 2016 3584 2090">
     <span class='ocr_line' id='line_1_47' title="bbox 2010 2016 3584 2090; baseline -0.003 -17"><span class='ocrx_word' id='word_1_352' title='bbox 2010 2021 2167 2090; x_wconf 84' lang='lat' dir='ltr'><strong>gnins</strong></span> <span class='ocrx_word' id='word_1_353' title='bbox 2199 2021 2250 2073; x_wconf 92' lang='lat' dir='ltr'><strong>in</strong></span> <span class='ocrx_word' id='word_1_354' title='bbox 2277 2033 2400 2073; x_wconf 88' lang='lat' dir='ltr'><strong>eum</strong></span> <span class='ocrx_word' id='word_1_355' title='bbox 2430 2018 2843 2083; x_wconf 84' lang='lat' dir='ltr'><strong>consulendum,</strong></span> <span class='ocrx_word' id='word_1_356' title='bbox 2889 2025 2946 2070; x_wconf 91' lang='lat' dir='ltr'><strong>et</strong></span> <span class='ocrx_word' id='word_1_357' title='bbox 2975 2017 3132 2070; x_wconf 84' lang='lat' dir='ltr'><strong>venia</strong></span> <span class='ocrx_word' id='word_1_358' title='bbox 3182 2016 3400 2085; x_wconf 84' lang='lat' dir='ltr'><strong>dignum</strong></span> <span class='ocrx_word' id='word_1_359' title='bbox 3452 2028 3584 2068; x_wconf 88' lang='lat' dir='ltr'><strong>cen-</strong></span> 
     </span>
    </p>
   </div>
   <div class='ocr_carea' id='block_1_48' title="bbox 2010 2104 3587 2178">
    <p class='ocr_par' dir='ltr' id='par_1_48' title="bbox 2010 2104 3587 2178">
     <span class='ocr_line' id='line_1_48' title="bbox 2010 2104 3587 2178; baseline -0.003 -13"><span class='ocrx_word' id='word_1_360' title='bbox 2010 2111 2139 2174; x_wconf 89' lang='lat' dir='ltr'><strong>suit,</strong></span> <span class='ocrx_word' id='word_1_361' title='bbox 2174 2125 2332 2178; x_wconf 87' lang='lat' dir='ltr'><strong>quem</strong></span> <span class='ocrx_word' id='word_1_362' title='bbox 2367 2110 2551 2164; x_wconf 88' lang='lat' dir='ltr'><strong>divina</strong></span> <span class='ocrx_word' id='word_1_363' title='bbox 2582 2110 2879 2164; x_wconf 85' lang='lat' dir='ltr'><strong>auctoritas</strong></span> <span class='ocrx_word' id='word_1_364' title='bbox 2910 2107 3263 2162; x_wconf 84' lang='lat' dir='ltr'><strong>damnaverat</strong></span> <span class='ocrx_word' id='word_1_365' title='bbox 3308 2106 3375 2160; x_wconf 74' lang='lat'><strong>“.</strong></span> <span class='ocrx_word' id='word_1_366' title='bbox 3409 2104 3587 2172; x_wconf 82' lang='lat' dir='ltr'><strong>Quare</strong></span> 
     </span>
    </p>
   </div>
   <div class='ocr_carea' id='block_1_49' title="bbox 2011 2196 3582 2269">
    <p class='ocr_par' dir='ltr' id='par_1_49' title="bbox 2011 2196 3582 2269">
     <span class='ocr_line' id='line_1_49' title="bbox 2011 2196 3582 2269; baseline -0.003 -13"><span class='ocrx_word' id='word_1_367' title='bbox 2011 2217 2113 2256; x_wconf 90' lang='lat' dir='ltr'><strong>non</strong></span> <span class='ocrx_word' id='word_1_368' title='bbox 2151 2202 2341 2256; x_wconf 84' lang='lat' dir='ltr'><strong>leviter</strong></span> <span class='ocrx_word' id='word_1_369' title='bbox 2365 2201 2531 2254; x_wconf 88' lang='lat' dir='ltr'><strong>Deum</strong></span> <span class='ocrx_word' id='word_1_370' title='bbox 2558 2198 2802 2254; x_wconf 77' lang='lat' dir='ltr'><strong>offendit.</strong></span> <span class='ocrx_word' id='word_1_371' title='bbox 2838 2199 3040 2255; x_wconf 89' lang='lat' dir='ltr'><strong>Curam</strong></span> <span class='ocrx_word' id='word_1_372' title='bbox 3062 2198 3229 2267; x_wconf 80' lang='lat' dir='ltr'><strong>igitur</strong></span> <span class='ocrx_word' id='word_1_373' title='bbox 3248 2197 3415 2269; x_wconf 82' lang='lat' dir='ltr'><strong>gessit</strong></span> <span class='ocrx_word' id='word_1_374' title='bbox 3447 2196 3582 2265; x_wconf 84' lang='lat' dir='ltr'><strong>ejus,</strong></span> 
     </span>
    </p>
   </div>
   <div class='ocr_carea' id='block_1_50' title="bbox 2010 2288 3587 2363">
    <p class='ocr_par' dir='ltr' id='par_1_50' title="bbox 2010 2288 3587 2363">
     <span class='ocr_line' id='line_1_50' title="bbox 2010 2288 3587 2363; baseline -0.002 -18"><span class='ocrx_word' id='word_1_375' title='bbox 2010 2295 2097 2363; x_wconf 90' lang='lat' dir='ltr'><strong>qui</strong></span> <span class='ocrx_word' id='word_1_376' title='bbox 2135 2298 2269 2347; x_wconf 87' lang='lat' dir='ltr'><strong>mori</strong></span> <span class='ocrx_word' id='word_1_377' title='bbox 2297 2292 2485 2362; x_wconf 89' lang='lat' dir='ltr'><strong>jussus</strong></span> <span class='ocrx_word' id='word_1_378' title='bbox 2520 2292 2715 2356; x_wconf 84' lang='lat' dir='ltr'><strong>fuerat,</strong></span> <span class='ocrx_word' id='word_1_379' title='bbox 2743 2300 2952 2347; x_wconf 90' lang='lat' dir='ltr'><strong>tantum</strong></span> <span class='ocrx_word' id='word_1_380' title='bbox 2988 2306 3092 2345; x_wconf 92' lang='lat' dir='ltr'><strong>non</strong></span> <span class='ocrx_word' id='word_1_381' title='bbox 3123 2290 3387 2354; x_wconf 86' lang='lat' dir='ltr'><strong>clamans,</strong></span> <span class='ocrx_word' id='word_1_382' title='bbox 3416 2297 3467 2343; x_wconf 89' lang='lat' dir='ltr'><strong>et</strong></span> <span class='ocrx_word' id='word_1_383' title='bbox 3500 2288 3587 2342; x_wconf 86' lang='lat' dir='ltr'><strong>di-</strong></span> 
     </span>
    </p>
   </div>
   <div class='ocr_carea' id='block_1_51' title="bbox 2009 2380 3588 2451">
    <p class='ocr_par' dir='ltr' id='par_1_51' title="bbox 2009 2380 3588 2451">
     <span class='ocr_line' id='line_1_51' title="bbox 2009 2380 3588 2451; baseline -0.001 -15"><span class='ocrx_word' id='word_1_384' title='bbox 2009 2398 2138 2437; x_wconf 84' lang='lat' dir='ltr'><strong>cens</strong></span> <span class='ocrx_word' id='word_1_385' title='bbox 2202 2383 2345 2436; x_wconf 84' lang='lat' dir='ltr'><strong>factu</strong></span> <span class='ocrx_word' id='word_1_386' title='bbox 2407 2383 2561 2451; x_wconf 85' lang='lat' dir='ltr'><strong>ipso,</strong></span> <span class='ocrx_word' id='word_1_387' title='bbox 2627 2383 2866 2451; x_wconf 87' lang='lat' dir='ltr'><strong>iniquam</strong></span> <span class='ocrx_word' id='word_1_388' title='bbox 2935 2380 3258 2435; x_wconf 91' lang='lat' dir='ltr'><strong>sententiam</strong></span> <span class='ocrx_word' id='word_1_389' title='bbox 3330 2380 3588 2435; x_wconf 85' lang='lat' dir='ltr'><strong>adversus</strong></span> 
     </span>
    </p>
   </div>
   <div class='ocr_carea' id='block_1_52' title="bbox 2010 2469 3587 2543">
    <p class='ocr_par' dir='ltr' id='par_1_52' title="bbox 2010 2469 3587 2543">
     <span class='ocr_line' id='line_1_52' title="bbox 2010 2469 3587 2543; baseline -0.003 -14"><span class='ocrx_word' id='word_1_390' title='bbox 2010 2475 2183 2543; x_wconf 82' lang='lat' dir='ltr'><strong>ipsum</strong></span> <span class='ocrx_word' id='word_1_391' title='bbox 2218 2475 2402 2529; x_wconf 84' lang='lat' dir='ltr'><strong>tulisse</strong></span> <span class='ocrx_word' id='word_1_392' title='bbox 2431 2474 2617 2529; x_wconf 81' lang='lat' dir='ltr'><strong>Deum.</strong></span> <span class='ocrx_word' id='word_1_393' title='bbox 2640 2477 2644 2480; x_wconf 56' lang='grc'><em>⁴</em></span> <span class='ocrx_word' id='word_1_394' title='bbox 2671 2472 2820 2527; x_wconf 79' lang='lat' dir='ltr'><strong>lianc</strong></span> <span class='ocrx_word' id='word_1_395' title='bbox 2856 2471 2925 2528; x_wconf 92' lang='lat' dir='ltr'><strong>ob</strong></span> <span class='ocrx_word' id='word_1_396' title='bbox 2967 2485 3186 2526; x_wconf 82' lang='lat' dir='ltr'><strong>causam</strong></span> <span class='ocrx_word' id='word_1_397' title='bbox 3235 2469 3587 2524; x_wconf 77' lang='lat' dir='ltr'><strong>contristatus</strong></span> 
     </span>
    </p>
   </div>
   <div class='ocr_carea' id='block_1_53' title="bbox 2012 2562 3589 2637">
    <p class='ocr_par' dir='ltr' id='par_1_53' title="bbox 2012 2562 3589 2637">
     <span class='ocr_line' id='line_1_53' title="bbox 2012 2562 3589 2637; baseline -0.003 -17"><span class='ocrx_word' id='word_1_398' title='bbox 2012 2582 2359 2637; x_wconf 76' lang='lat' dir='ltr'><strong>magnopere,</strong></span> <span class='ocrx_word' id='word_1_399' title='bbox 2392 2576 2447 2620; x_wconf 91' lang='lat' dir='ltr'><strong>et</strong></span> <span class='ocrx_word' id='word_1_400' title='bbox 2471 2583 2574 2620; x_wconf 88' lang='lat' dir='ltr'><strong>uua</strong></span> <span class='ocrx_word' id='word_1_401' title='bbox 2608 2580 2732 2620; x_wconf 88' lang='lat' dir='ltr'><strong>eum</strong></span> <span class='ocrx_word' id='word_1_402' title='bbox 2762 2564 2873 2620; x_wconf 90' lang='lat' dir='ltr'><strong>Deo</strong></span> <span class='ocrx_word' id='word_1_403' title='bbox 2908 2563 3220 2633; x_wconf 81' lang='lat' dir='ltr'><strong>indignatus</strong></span> <span class='ocrx_word' id='word_1_404' title='bbox 3266 2570 3348 2617; x_wconf 90' lang='lat' dir='ltr'><strong>est</strong></span> <span class='ocrx_word' id='word_1_405' title='bbox 3399 2562 3589 2617; x_wconf 86' lang='lat' dir='ltr'><strong>beatus</strong></span> 
     </span>
    </p>
   </div>
   <div class='ocr_carea' id='block_1_54' title="bbox 2010 2654 3587 2727">
    <p class='ocr_par' dir='ltr' id='par_1_54' title="bbox 2010 2654 3587 2727">
     <span class='ocr_line' id='line_1_54' title="bbox 2010 2654 3587 2727; baseline -0.006 -12"><span class='ocrx_word' id='word_1_406' title='bbox 2010 2661 2249 2725; x_wconf 82' lang='lat' dir='ltr'><strong>Samuel,</strong></span> <span class='ocrx_word' id='word_1_407' title='bbox 2297 2659 2608 2727; x_wconf 69' lang='lat' dir='ltr'><strong>occiditque</strong></span> <span class='ocrx_word' id='word_1_408' title='bbox 2641 2659 2753 2727; x_wconf 89' lang='lat' dir='ltr'><strong>ipsa</strong></span> <span class='ocrx_word' id='word_1_409' title='bbox 2790 2671 2886 2711; x_wconf 89' lang='lat' dir='ltr'><strong>sua</strong></span> <span class='ocrx_word' id='word_1_410' title='bbox 2933 2671 3094 2710; x_wconf 85' lang='lat' dir='ltr'><strong>manu</strong></span> <span class='ocrx_word' id='word_1_411' title='bbox 3131 2654 3305 2725; x_wconf 77' lang='lat' dir='ltr'><strong>Agag,</strong></span> <span class='ocrx_word' id='word_1_412' title='bbox 3366 2667 3587 2707; x_wconf 80' lang='lat' dir='ltr'><strong>causam</strong></span> 
     </span>
    </p>
   </div>
   <div class='ocr_carea' id='block_1_55' title="bbox 2008 2743 3590 2821">
    <p class='ocr_par' dir='ltr' id='par_1_55' title="bbox 2008 2743 3590 2821">
     <span class='ocr_line' id='line_1_55' title="bbox 2008 2743 3590 2821; baseline -0.005 -15"><span class='ocrx_word' id='word_1_413' title='bbox 2008 2750 2468 2821; x_wconf 79' lang='lat' dir='ltr'><strong>superadjicieus:</strong></span> <span class='ocrx_word' id='word_1_414' title='bbox 2503 2768 2521 2801; x_wconf 79' lang='grc' dir='ltr'><strong>ι</strong></span> <span class='ocrx_word' id='word_1_415' title='bbox 2562 2747 2712 2803; x_wconf 91' lang='lat' dir='ltr'><strong>Sicut</strong></span> <span class='ocrx_word' id='word_1_416' title='bbox 2739 2748 3087 2817; x_wconf 84' lang='lat' dir='ltr'><strong>fecitabsque</strong></span> <span class='ocrx_word' id='word_1_417' title='bbox 3118 2746 3302 2801; x_wconf 90' lang='lat' dir='ltr'><strong>liberis</strong></span> <span class='ocrx_word' id='word_1_418' title='bbox 3336 2743 3590 2799; x_wconf 82' lang='lat' dir='ltr'><strong>mulieres</strong></span> 
     </span>
    </p>
   </div>
   <div class='ocr_carea' id='block_1_56' title="bbox 2009 2835 3591 2915">
    <p class='ocr_par' dir='ltr' id='par_1_56' title="bbox 2009 2835 3591 2915">
     <span class='ocr_line' id='line_1_56' title="bbox 2009 2835 3591 2915; baseline -0.003 -20"><span class='ocrx_word' id='word_1_419' title='bbox 2009 2844 2215 2915; x_wconf 80' lang='lat' dir='ltr'><strong>gladius</strong></span> <span class='ocrx_word' id='word_1_420' title='bbox 2246 2852 2389 2906; x_wconf 88' lang='lat' dir='ltr'><strong>tuus,</strong></span> <span class='ocrx_word' id='word_1_421' title='bbox 2421 2842 2500 2896; x_wconf 91' lang='lat' dir='ltr'><strong>sic</strong></span> <span class='ocrx_word' id='word_1_422' title='bbox 2532 2839 2737 2910; x_wconf 88' lang='lat' dir='ltr'><strong>absque</strong></span> <span class='ocrx_word' id='word_1_423' title='bbox 2783 2839 2972 2895; x_wconf 86' lang='lat' dir='ltr'><strong>liberis</strong></span> <span class='ocrx_word' id='word_1_424' title='bbox 3016 2839 3119 2892; x_wconf 89' lang='lat' dir='ltr'><strong>erit</strong></span> <span class='ocrx_word' id='word_1_425' title='bbox 3163 2837 3303 2891; x_wconf 89' lang='lat' dir='ltr'><strong>inter</strong></span> <span class='ocrx_word' id='word_1_426' title='bbox 3338 2835 3591 2890; x_wconf 86' lang='lat' dir='ltr'><strong>mulieres</strong></span> 
     </span>
    </p>
   </div>
   <div class='ocr_carea' id='block_1_57' title="bbox 2010 2925 3590 2998">
    <p class='ocr_par' dir='ltr' id='par_1_57' title="bbox 2010 2925 3590 2998">
     <span class='ocr_line' id='line_1_57' title="bbox 2010 2925 3590 2998; baseline -0.008 -7"><span class='ocrx_word' id='word_1_427' title='bbox 2010 2945 2183 2991; x_wconf 89' lang='lat' dir='ltr'><strong>mater</strong></span> <span class='ocrx_word' id='word_1_428' title='bbox 2202 2933 2372 2988; x_wconf 72' lang='lat' dir='ltr'><strong>tua&quot;.</strong></span> <span class='ocrx_word' id='word_1_429' title='bbox 2398 2953 2417 2985; x_wconf 83' lang='grc'>›</span> <span class='ocrx_word' id='word_1_430' title='bbox 2437 2933 2768 2987; x_wconf 66' lang='grc' dir='ltr'>Ριαιιιυιιιίιιι</span> <span class='ocrx_word' id='word_1_431' title='bbox 2797 2939 2979 2985; x_wconf 86' lang='lat' dir='ltr'><strong>autem</strong></span> <span class='ocrx_word' id='word_1_432' title='bbox 3014 2927 3162 2983; x_wconf 89' lang='lat' dir='ltr'><strong>Sauli</strong></span> <span class='ocrx_word' id='word_1_433' title='bbox 3188 2941 3351 2998; x_wconf 82' lang='lat' dir='ltr'><strong>regno</strong></span> <span class='ocrx_word' id='word_1_434' title='bbox 3376 2925 3590 2996; x_wconf 86' lang='lat' dir='ltr'><strong>pulsum</strong></span> 
     </span>
    </p>
   </div>
   <div class='ocr_carea' id='block_1_58' title="bbox 2010 3018 3589 3093">
    <p class='ocr_par' dir='ltr' id='par_1_58' title="bbox 2010 3018 3589 3093">
     <span class='ocr_line' id='line_1_58' title="bbox 2010 3018 3589 3093; baseline -0.005 -11"><span class='ocrx_word' id='word_1_435' title='bbox 2010 3028 2095 3089; x_wconf 88' lang='lat' dir='ltr'><strong>iri,</strong></span> <span class='ocrx_word' id='word_1_436' title='bbox 2164 3035 2218 3081; x_wconf 91' lang='lat' dir='ltr'><strong>et</strong></span> <span class='ocrx_word' id='word_1_437' title='bbox 2268 3026 2492 3081; x_wconf 90' lang='lat' dir='ltr'><strong>acerbas</strong></span> <span class='ocrx_word' id='word_1_438' title='bbox 2539 3023 2895 3079; x_wconf 78' lang='lat' dir='ltr'><strong>contumaciae</strong></span> <span class='ocrx_word' id='word_1_439' title='bbox 2937 3036 3125 3093; x_wconf 72' lang='lat' dir='ltr'><strong>pmnas</strong></span> <span class='ocrx_word' id='word_1_440' title='bbox 3169 3018 3589 3091; x_wconf 86' lang='lat' dir='ltr'><strong>persoluturum.</strong></span> 
     </span>
    </p>
   </div>
   <div class='ocr_carea' id='block_1_59' title="bbox 2079 3111 3591 3185">
    <p class='ocr_par' dir='ltr' id='par_1_59' title="bbox 2079 3111 3591 3185">
     <span class='ocr_line' id='line_1_59' title="bbox 2079 3111 3591 3185; baseline -0.002 -16"><span class='ocrx_word' id='word_1_441' title='bbox 2079 3117 2231 3184; x_wconf 84' lang='lat' dir='ltr'><strong>Quod</strong></span> <span class='ocrx_word' id='word_1_442' title='bbox 2274 3117 2317 3171; x_wconf 78' lang='lat' dir='ltr'><strong>si</strong></span> <span class='ocrx_word' id='word_1_443' title='bbox 2347 3117 2565 3185; x_wconf 89' lang='lat' dir='ltr'><strong>insuper</strong></span> <span class='ocrx_word' id='word_1_444' title='bbox 2595 3114 2819 3169; x_wconf 86' lang='lat' dir='ltr'><strong>alterius</strong></span> <span class='ocrx_word' id='word_1_445' title='bbox 2885 3112 3127 3168; x_wconf 73' lang='lat' dir='ltr'><strong>historia:</strong></span> <span class='ocrx_word' id='word_1_446' title='bbox 3181 3111 3471 3166; x_wconf 80' lang='lat' dir='ltr'><strong>intexenda</strong></span> <span class='ocrx_word' id='word_1_447' title='bbox 3507 3118 3591 3166; x_wconf 83' lang='lat' dir='ltr'><strong>est</strong></span> 
     </span>
    </p>
   </div>
   <div class='ocr_carea' id='block_1_60' title="bbox 332 3202 1910 3307">
    <p class='ocr_par' dir='ltr' id='par_1_60' title="bbox 332 3210 1907 3283">
     <span class='ocr_line' id='line_1_60' title="bbox 332 3210 1907 3283; baseline 0.003 -21"><span class='ocrx_word' id='word_1_448' title='bbox 332 3214 688 3281; x_wconf 80' lang='grc' dir='ltr'>παρενεγκεῖν</span> <span class='ocrx_word' id='word_1_449' title='bbox 734 3212 1029 3282; x_wconf 74' lang='grc' dir='ltr'>ἀφήγησιν,</span> <span class='ocrx_word' id='word_1_450' title='bbox 1060 3214 1118 3264; x_wconf 89' lang='grc' dir='ltr'><strong>ἐν</strong></span> <span class='ocrx_word' id='word_1_451' title='bbox 1166 3214 1233 3282; x_wconf 82' lang='grc' dir='ltr'><strong>τῇ</strong></span> <span class='ocrx_word' id='word_1_452' title='bbox 1274 3210 1430 3283; x_wconf 82' lang='grc' dir='ltr'>τρίτῃ</span> <span class='ocrx_word' id='word_1_453' title='bbox 1461 3213 1768 3283; x_wconf 81' lang='grc' dir='ltr'>γέγραπται</span> <span class='ocrx_word' id='word_1_454' title='bbox 1797 3214 1907 3267; x_wconf 89' lang='grc' dir='ltr'><strong>τῶν</strong></span> 
     </span>
    </p>
   </div>
   <div class='ocr_carea' id='block_1_61' title="bbox 2010 3202 3591 3307">
    <p class='ocr_par' dir='ltr' id='par_1_61' title="bbox 2012 3202 3591 3275">
     <span class='ocr_line' id='line_1_61' title="bbox 2012 3202 3591 3275; baseline -0.003 -12"><span class='ocrx_word' id='word_1_455' title='bbox 2012 3209 2273 3273; x_wconf 85' lang='lat' dir='ltr'><strong>narratio,</strong></span> <span class='ocrx_word' id='word_1_456' title='bbox 2299 3209 2351 3262; x_wconf 90' lang='lat' dir='ltr'><strong>in</strong></span> <span class='ocrx_word' id='word_1_457' title='bbox 2390 3208 2547 3261; x_wconf 88' lang='lat' dir='ltr'><strong>tertio</strong></span> <span class='ocrx_word' id='word_1_458' title='bbox 2602 3205 2812 3275; x_wconf 83' lang='lat' dir='ltr'><strong>Regum</strong></span> <span class='ocrx_word' id='word_1_459' title='bbox 2870 3205 3128 3274; x_wconf 80' lang='lat' dir='ltr'><strong>scriptum</strong></span> <span class='ocrx_word' id='word_1_460' title='bbox 3167 3215 3271 3269; x_wconf 92' lang='lat' dir='ltr'><strong>est,</strong></span> <span class='ocrx_word' id='word_1_461' title='bbox 3303 3202 3591 3272; x_wconf 89' lang='lat' dir='ltr'><strong>aliquando</strong></span> 
     </span>
    </p>
   </div>
   <div class='ocr_carea' id='block_1_62' title="bbox 331 3300 1910 3376">
    <p class='ocr_par' dir='ltr' id='par_1_62' title="bbox 331 3300 1910 3376">
     <span class='ocr_line' id='line_1_62' title="bbox 331 3300 1910 3376; baseline 0.002 -21"><span class='ocrx_word' id='word_1_462' title='bbox 331 3300 647 3365; x_wconf 87' lang='grc' dir='ltr'>Βασιλειῶν,</span> <span class='ocrx_word' id='word_1_463' title='bbox 691 3304 772 3356; x_wconf 83' lang='grc' dir='ltr'>ὅτι</span> <span class='ocrx_word' id='word_1_464' title='bbox 807 3302 1272 3373; x_wconf 83' lang='grc' dir='ltr'>κατεστρατεύετό</span> <span class='ocrx_word' id='word_1_465' title='bbox 1307 3320 1435 3355; x_wconf 88' lang='grc' dir='ltr'>ποτε</span> <span class='ocrx_word' id='word_1_466' title='bbox 1465 3303 1572 3358; x_wconf 88' lang='grc' dir='ltr'><strong>τῶν</strong></span> <span class='ocrx_word' id='word_1_467' title='bbox 1601 3305 1659 3371; x_wconf 81' lang='grc' dir='ltr'><strong>ἐξ</strong></span> <span class='ocrx_word' id='word_1_468' title='bbox 1693 3304 1910 3376; x_wconf 80' lang='grc' dir='ltr'>Ἰσραήλ</span> 
     </span>
    </p>
   </div>
   <div class='ocr_carea' id='block_1_63' title="bbox 330 3394 1912 3466">
    <p class='ocr_par' dir='ltr' id='par_1_63' title="bbox 330 3394 1912 3466">
     <span class='ocr_line' id='line_1_63' title="bbox 330 3394 1912 3466; baseline 0.003 -21"><span class='ocrx_word' id='word_1_469' title='bbox 330 3394 359 3451; x_wconf 88' lang='lat'><strong>6</strong></span> <span class='ocrx_word' id='word_1_470' title='bbox 392 3394 566 3464; x_wconf 81' lang='grc' dir='ltr'>Ἀδὲρ,</span> <span class='ocrx_word' id='word_1_471' title='bbox 592 3397 619 3448; x_wconf 91' lang='lat'><strong>6</strong></span> <span class='ocrx_word' id='word_1_472' title='bbox 657 3395 843 3465; x_wconf 80' lang='grc' dir='ltr'>Σύρων</span> <span class='ocrx_word' id='word_1_473' title='bbox 877 3395 1198 3465; x_wconf 80' lang='grc' dir='ltr'>ἡγούμενος,</span> <span class='ocrx_word' id='word_1_474' title='bbox 1229 3395 1348 3466; x_wconf 79' lang='grc' dir='ltr'>ἤτοι</span> <span class='ocrx_word' id='word_1_475' title='bbox 1380 3394 1651 3465; x_wconf 85' lang='grc' dir='ltr'>βασιλεύς.</span> <span class='ocrx_word' id='word_1_476' title='bbox 1696 3396 1912 3450; x_wconf 83' lang='grc' dir='ltr'>Ἀλύον-</span> 
     </span>
    </p>
   </div>
   <div class='ocr_carea' id='block_1_64' title="bbox 330 3484 1913 3560">
    <p class='ocr_par' dir='ltr' id='par_1_64' title="bbox 330 3484 1913 3560">
     <span class='ocr_line' id='line_1_64' title="bbox 330 3484 1913 3560; baseline 0.004 -23"><span class='ocrx_word' id='word_1_477' title='bbox 330 3501 421 3546; x_wconf 88' lang='grc' dir='ltr'><strong>τος</strong></span> <span class='ocrx_word' id='word_1_478' title='bbox 460 3484 516 3536; x_wconf 82' lang='grc' dir='ltr'>δὲ</span> <span class='ocrx_word' id='word_1_479' title='bbox 562 3485 623 3536; x_wconf 80' lang='grc' dir='ltr'><strong>ού</strong></span> <span class='ocrx_word' id='word_1_480' title='bbox 656 3486 868 3557; x_wconf 85' lang='grc' dir='ltr'>μικρῶς</span> <span class='ocrx_word' id='word_1_481' title='bbox 919 3487 1011 3540; x_wconf 92' lang='grc' dir='ltr'><strong>τοῦ</strong></span> <span class='ocrx_word' id='word_1_482' title='bbox 1046 3487 1270 3557; x_wconf 79' lang='grc' dir='ltr'>Ἀχαὰδ,</span> <span class='ocrx_word' id='word_1_483' title='bbox 1308 3488 1366 3551; x_wconf 79' lang='grc' dir='ltr'>ὃς</span> <span class='ocrx_word' id='word_1_484' title='bbox 1414 3484 1482 3559; x_wconf 82' lang='grc' dir='ltr'>ἦν</span> <span class='ocrx_word' id='word_1_485' title='bbox 1522 3488 1773 3560; x_wconf 81' lang='grc' dir='ltr'>βασιλεὺς</span> <span class='ocrx_word' id='word_1_486' title='bbox 1808 3492 1913 3544; x_wconf 86' lang='grc' dir='ltr'>Ἰσ-</span> 
     </span>
    </p>
   </div>
   <div class='ocr_carea' id='block_1_65' title="bbox 334 3575 1912 3649">
    <p class='ocr_par' dir='ltr' id='par_1_65' title="bbox 334 3575 1912 3649">
     <span class='ocr_line' id='line_1_65' title="bbox 334 3575 1912 3649; baseline 0.006 -22"><span class='ocrx_word' id='word_1_487' title='bbox 334 3575 496 3646; x_wconf 84' lang='grc' dir='ltr'>ραὴλ,</span> <span class='ocrx_word' id='word_1_488' title='bbox 528 3577 621 3629; x_wconf 81' lang='grc' dir='ltr'>καὶ</span> <span class='ocrx_word' id='word_1_489' title='bbox 658 3576 889 3642; x_wconf 81' lang='grc' dir='ltr'>δεδιότος</span> <span class='ocrx_word' id='word_1_490' title='bbox 917 3578 1014 3649; x_wconf 82' lang='grc' dir='ltr'>τὴν</span> <span class='ocrx_word' id='word_1_491' title='bbox 1050 3578 1255 3648; x_wconf 77' lang='grc' dir='ltr'>ἔφοδον,</span> <span class='ocrx_word' id='word_1_492' title='bbox 1287 3579 1593 3635; x_wconf 79' lang='grc' dir='ltr'>ἁλώσεσθαι</span> <span class='ocrx_word' id='word_1_493' title='bbox 1619 3598 1677 3635; x_wconf 88' lang='grc' dir='ltr'><strong>τε</strong></span> <span class='ocrx_word' id='word_1_494' title='bbox 1704 3583 1805 3636; x_wconf 84' lang='grc' dir='ltr'>οὐκ</span> <span class='ocrx_word' id='word_1_495' title='bbox 1832 3584 1912 3646; x_wconf 82' lang='grc' dir='ltr'><strong>είς</strong></span> 
     </span>
    </p>
   </div>
   <div class='ocr_carea' id='block_1_66' title="bbox 334 3664 1914 3740">
    <p class='ocr_par' dir='ltr' id='par_1_66' title="bbox 334 3664 1914 3740">
     <span class='ocr_line' id='line_1_66' title="bbox 334 3664 1914 3740; baseline 0.005 -23"><span class='ocrx_word' id='word_1_496' title='bbox 334 3664 551 3735; x_wconf 71' lang='grc' dir='ltr'>μακρὰν</span> <span class='ocrx_word' id='word_1_497' title='bbox 592 3668 936 3738; x_wconf 83' lang='grc' dir='ltr'>πανστρατιᾷ</span> <span class='ocrx_word' id='word_1_498' title='bbox 988 3668 1497 3739; x_wconf 77' lang='grc' dir='ltr'>προσδοκήσαντος,</span> <span class='ocrx_word' id='word_1_499' title='bbox 1543 3671 1914 3740; x_wconf 80' lang='grc' dir='ltr'>ἐπηγγέλλετο</span> 
     </span>
    </p>
   </div>
   <div class='ocr_carea' id='block_1_67' title="bbox 330 3754 1909 3834">
    <p class='ocr_par' dir='ltr' id='par_1_67' title="bbox 330 3754 1909 3834">
     <span class='ocr_line' id='line_1_67' title="bbox 330 3754 1909 3834; baseline 0.006 -27"><span class='ocrx_word' id='word_1_500' title='bbox 330 3754 415 3808; x_wconf 69' lang='grc' dir='ltr'><strong>διὰ</strong></span> <span class='ocrx_word' id='word_1_501' title='bbox 454 3756 729 3828; x_wconf 78' lang='grc' dir='ltr'>προφήτου</span> <span class='ocrx_word' id='word_1_502' title='bbox 763 3756 922 3823; x_wconf 77' lang='grc' dir='ltr'>Θεὸς,</span> <span class='ocrx_word' id='word_1_503' title='bbox 973 3758 1321 3830; x_wconf 85' lang='grc' dir='ltr'>παραδώσειν</span> <span class='ocrx_word' id='word_1_504' title='bbox 1370 3761 1523 3833; x_wconf 79' lang='grc' dir='ltr'><strong>αὑτῷ</strong></span> <span class='ocrx_word' id='word_1_505' title='bbox 1568 3762 1661 3816; x_wconf 79' lang='grc' dir='ltr'>τὸν</span> <span class='ocrx_word' id='word_1_506' title='bbox 1692 3762 1909 3834; x_wconf 88' lang='grc' dir='ltr'>ἐχθρόν.</span> 
     </span>
    </p>
   </div>
   <div class='ocr_carea' id='block_1_68' title="bbox 332 3841 1914 3924">
    <p class='ocr_par' dir='ltr' id='par_1_68' title="bbox 332 3841 1914 3924">
     <span class='ocr_line' id='line_1_68' title="bbox 332 3841 1914 3924; baseline 0.005 -26"><span class='ocrx_word' id='word_1_507' title='bbox 332 3841 462 3899; x_wconf 82' lang='grc' dir='ltr'>Εἶτα</span> <span class='ocrx_word' id='word_1_508' title='bbox 489 3846 668 3901; x_wconf 76' lang='grc' dir='ltr'>λαϐὼν</span> <span class='ocrx_word' id='word_1_509' title='bbox 709 3849 937 3914; x_wconf 82' lang='grc' dir='ltr'>ἐκεῖνος,</span> <span class='ocrx_word' id='word_1_510' title='bbox 979 3849 1132 3919; x_wconf 77' lang='grc' dir='ltr'>ἠξίου</span> <span class='ocrx_word' id='word_1_511' title='bbox 1181 3852 1397 3921; x_wconf 81' lang='grc' dir='ltr'>φειδοῦς</span> <span class='ocrx_word' id='word_1_512' title='bbox 1448 3852 1600 3924; x_wconf 82' lang='grc' dir='ltr'>παρὰ</span> <span class='ocrx_word' id='word_1_513' title='bbox 1631 3853 1692 3907; x_wconf 85' lang='grc' dir='ltr'>τὸ</span> <span class='ocrx_word' id='word_1_514' title='bbox 1721 3854 1914 3907; x_wconf 80' lang='grc' dir='ltr'>δοκοῦν</span> 
     </span>
    </p>
   </div>
   <div class='ocr_carea' id='block_1_69' title="bbox 332 3936 1913 4018">
    <p class='ocr_par' dir='ltr' id='par_1_69' title="bbox 332 3936 1913 4018">
     <span class='ocr_line' id='line_1_69' title="bbox 332 3936 1913 4018; baseline 0.006 -29"><span class='ocrx_word' id='word_1_515' title='bbox 332 3936 407 4007; x_wconf 83' lang='grc' dir='ltr'>τῷ</span> <span class='ocrx_word' id='word_1_516' title='bbox 451 3937 587 4009; x_wconf 81' lang='grc' dir='ltr'>Θεῷ.</span> <span class='ocrx_word' id='word_1_517' title='bbox 628 3940 739 3993; x_wconf 81' lang='grc' dir='ltr'><strong>Καὶ</strong></span> <span class='ocrx_word' id='word_1_518' title='bbox 782 3940 834 3993; x_wconf 90' lang='grc' dir='ltr'><strong>τί</strong></span> <span class='ocrx_word' id='word_1_519' title='bbox 871 3941 1009 4011; x_wconf 75' lang='grc' dir='ltr'>μετὰ</span> <span class='ocrx_word' id='word_1_520' title='bbox 1065 3942 1222 3996; x_wconf 83' lang='grc' dir='ltr'>τοῦτο</span> <span class='ocrx_word' id='word_1_521' title='bbox 1254 3945 1315 3997; x_wconf 77' lang='grc' dir='ltr'><strong>τὸ</strong></span> <span class='ocrx_word' id='word_1_522' title='bbox 1347 3945 1588 4017; x_wconf 89' lang='grc' dir='ltr'>Γράμμα</span> <span class='ocrx_word' id='word_1_523' title='bbox 1634 3946 1694 4000; x_wconf 81' lang='grc' dir='ltr'><strong>τὸ</strong></span> <span class='ocrx_word' id='word_1_524' title='bbox 1734 3946 1913 4018; x_wconf 85' lang='grc' dir='ltr'>ίερόν;</span> 
     </span>
    </p>
   </div>
   <div class='ocr_carea' id='block_1_70' title="bbox 338 4027 1914 4108">
    <p class='ocr_par' dir='ltr' id='par_1_70' title="bbox 338 4027 1914 4108">
     <span class='ocr_line' id='line_1_70' title="bbox 338 4027 1914 4108; baseline 0.006 -27"><span class='ocrx_word' id='word_1_525' title='bbox 338 4030 494 4083; x_wconf 70' lang='grc' dir='ltr'><strong>«Καὶ</strong></span> <span class='ocrx_word' id='word_1_526' title='bbox 541 4031 828 4103; x_wconf 81' lang='grc' dir='ltr'>ἄνθρωπος</span> <span class='ocrx_word' id='word_1_527' title='bbox 878 4027 956 4096; x_wconf 74' lang='grc' dir='ltr'>εἷς</span> <span class='ocrx_word' id='word_1_528' title='bbox 1007 4033 1072 4086; x_wconf 81' lang='grc' dir='ltr'><strong>ἐκ</strong></span> <span class='ocrx_word' id='word_1_529' title='bbox 1127 4034 1234 4087; x_wconf 85' lang='grc' dir='ltr'><strong>τῶν</strong></span> <span class='ocrx_word' id='word_1_530' title='bbox 1285 4036 1416 4089; x_wconf 82' lang='grc' dir='ltr'>υἱῶν</span> <span class='ocrx_word' id='word_1_531' title='bbox 1472 4037 1582 4089; x_wconf 90' lang='grc' dir='ltr'><strong>τῶν</strong></span> <span class='ocrx_word' id='word_1_532' title='bbox 1618 4037 1914 4108; x_wconf 83' lang='grc' dir='ltr'>προφητῶν</span> 
     </span>
    </p>
   </div>
   <div class='ocr_carea' id='block_1_71' title="bbox 335 4113 1916 4198">
    <p class='ocr_par' dir='ltr' id='par_1_71' title="bbox 335 4113 1916 4198">
     <span class='ocr_line' id='line_1_71' title="bbox 335 4113 1916 4198; baseline 0.008 -29"><span class='ocrx_word' id='word_1_533' title='bbox 335 4113 456 4170; x_wconf 82' lang='grc' dir='ltr'>εἶπε</span> <span class='ocrx_word' id='word_1_534' title='bbox 497 4119 630 4188; x_wconf 80' lang='grc' dir='ltr'>πρὸς</span> <span class='ocrx_word' id='word_1_535' title='bbox 670 4120 762 4171; x_wconf 78' lang='grc' dir='ltr'>τὸν</span> <span class='ocrx_word' id='word_1_536' title='bbox 803 4121 1032 4190; x_wconf 80' lang='grc' dir='ltr'>πλησίον</span> <span class='ocrx_word' id='word_1_537' title='bbox 1059 4123 1221 4175; x_wconf 81' lang='grc' dir='ltr'>αὐτοῦ</span> <span class='ocrx_word' id='word_1_538' title='bbox 1254 4126 1311 4177; x_wconf 81' lang='grc' dir='ltr'><strong>ἐν</strong></span> <span class='ocrx_word' id='word_1_539' title='bbox 1353 4125 1497 4196; x_wconf 83' lang='grc' dir='ltr'>λόγῳ</span> <span class='ocrx_word' id='word_1_540' title='bbox 1535 4127 1761 4198; x_wconf 79' lang='grc' dir='ltr'><strong>Κυρίου⁸</strong></span> <span class='ocrx_word' id='word_1_541' title='bbox 1805 4127 1916 4181; x_wconf 89' lang='grc' dir='ltr'><strong>Πά-</strong></span> 
     </span>
    </p>
   </div>
   <div class='ocr_carea' id='block_1_72' title="bbox 337 4207 1915 4284">
    <p class='ocr_par' dir='ltr' id='par_1_72' title="bbox 337 4207 1915 4284">
     <span class='ocr_line' id='line_1_72' title="bbox 337 4207 1915 4284; baseline 0.007 -24"><span class='ocrx_word' id='word_1_542' title='bbox 337 4207 500 4270; x_wconf 81' lang='grc' dir='ltr'>ταξον</span> <span class='ocrx_word' id='word_1_543' title='bbox 525 4207 588 4277; x_wconf 87' lang='grc' dir='ltr'><strong>δή</strong></span> <span class='ocrx_word' id='word_1_544' title='bbox 628 4225 717 4275; x_wconf 91' lang='grc' dir='ltr'>με.</span> <span class='ocrx_word' id='word_1_545' title='bbox 746 4210 856 4260; x_wconf 70' lang='grc' dir='ltr'><strong>Καὶ</strong></span> <span class='ocrx_word' id='word_1_546' title='bbox 886 4210 987 4261; x_wconf 75' lang='grc' dir='ltr'><strong>οὐκ</strong></span> <span class='ocrx_word' id='word_1_547' title='bbox 1015 4211 1277 4279; x_wconf 64' lang='grc' dir='ltr'>ἢθέλησεν</span> <span class='ocrx_word' id='word_1_548' title='bbox 1307 4213 1335 4263; x_wconf 92' lang='lat'><strong>6</strong></span> <span class='ocrx_word' id='word_1_549' title='bbox 1368 4215 1652 4283; x_wconf 77' lang='grc' dir='ltr'>ἄνθρωπος</span> <span class='ocrx_word' id='word_1_550' title='bbox 1679 4218 1915 4284; x_wconf 79' lang='grc' dir='ltr'>πατάξαι</span> 
     </span>
    </p>
   </div>
   <div class='ocr_carea' id='block_1_73' title="bbox 337 4295 1917 4381">
    <p class='ocr_par' dir='ltr' id='par_1_73' title="bbox 337 4295 1917 4381">
     <span class='ocr_line' id='line_1_73' title="bbox 337 4295 1917 4381; baseline 0.008 -29"><span class='ocrx_word' id='word_1_551' title='bbox 337 4299 519 4352; x_wconf 76' lang='grc' dir='ltr'>αὐτόν.</span> <span class='ocrx_word' id='word_1_552' title='bbox 553 4300 660 4352; x_wconf 83' lang='grc' dir='ltr'>Καὶ</span> <span class='ocrx_word' id='word_1_553' title='bbox 710 4295 832 4352; x_wconf 84' lang='grc' dir='ltr'>εἷπε</span> <span class='ocrx_word' id='word_1_554' title='bbox 864 4301 1001 4371; x_wconf 80' lang='grc' dir='ltr'>πρὸς</span> <span class='ocrx_word' id='word_1_555' title='bbox 1025 4302 1208 4354; x_wconf 78' lang='grc' dir='ltr'>αὐτόν’</span> <span class='ocrx_word' id='word_1_556' title='bbox 1256 4304 1396 4358; x_wconf 82' lang='grc' dir='ltr'>Ἀνθ’</span> <span class='ocrx_word' id='word_1_557' title='bbox 1423 4300 1497 4360; x_wconf 84' lang='grc' dir='ltr'>ὧν</span> <span class='ocrx_word' id='word_1_558' title='bbox 1534 4308 1633 4361; x_wconf 86' lang='grc' dir='ltr'><strong>ούκ</strong></span> <span class='ocrx_word' id='word_1_559' title='bbox 1682 4310 1917 4381; x_wconf 72' lang='grc' dir='ltr'>ἤκουσας</span> 
     </span>
    </p>
   </div>
   <div class='ocr_carea' id='block_1_74' title="bbox 335 4390 1916 4471">
    <p class='ocr_par' dir='ltr' id='par_1_74' title="bbox 335 4390 1916 4471">
     <span class='ocr_line' id='line_1_74' title="bbox 335 4390 1916 4471; baseline 0.009 -31"><span class='ocrx_word' id='word_1_560' title='bbox 335 4390 434 4460; x_wconf 80' lang='grc' dir='ltr'>τῆς</span> <span class='ocrx_word' id='word_1_561' title='bbox 462 4390 647 4459; x_wconf 81' lang='grc' dir='ltr'>φωνῆς</span> <span class='ocrx_word' id='word_1_562' title='bbox 670 4390 900 4462; x_wconf 85' lang='grc' dir='ltr'>Κυρίου,</span> <span class='ocrx_word' id='word_1_563' title='bbox 930 4390 1038 4444; x_wconf 71' lang='grc' dir='ltr'>ἰδοὺ</span> <span class='ocrx_word' id='word_1_564' title='bbox 1067 4393 1131 4446; x_wconf 78' lang='grc' dir='ltr'>σὺ</span> <span class='ocrx_word' id='word_1_565' title='bbox 1163 4394 1484 4467; x_wconf 81' lang='grc' dir='ltr'>άποτρέχεις</span> <span class='ocrx_word' id='word_1_566' title='bbox 1516 4398 1609 4451; x_wconf 86' lang='grc' dir='ltr'><strong>ἀπ’</strong></span> <span class='ocrx_word' id='word_1_567' title='bbox 1635 4400 1792 4471; x_wconf 82' lang='grc' dir='ltr'>ἐμοῦ,</span> <span class='ocrx_word' id='word_1_568' title='bbox 1823 4402 1916 4454; x_wconf 75' lang='grc' dir='ltr'>καὶ</span> 
     </span>
    </p>
   </div>
   <div class='ocr_carea' id='block_1_75' title="bbox 336 4480 1916 4555">
    <p class='ocr_par' dir='ltr' id='par_1_75' title="bbox 336 4480 1916 4555">
     <span class='ocr_line' id='line_1_75' title="bbox 336 4480 1916 4555; baseline 0.008 -22"><span class='ocrx_word' id='word_1_569' title='bbox 336 4480 565 4544; x_wconf 82' lang='grc' dir='ltr'>πατάξει</span> <span class='ocrx_word' id='word_1_570' title='bbox 595 4498 654 4533; x_wconf 92' lang='grc' dir='ltr'><strong>σε</strong></span> <span class='ocrx_word' id='word_1_571' title='bbox 684 4481 843 4535; x_wconf 86' lang='grc' dir='ltr'>λέων.</span> <span class='ocrx_word' id='word_1_572' title='bbox 873 4483 981 4536; x_wconf 77' lang='grc' dir='ltr'><strong>Καὶ</strong></span> <span class='ocrx_word' id='word_1_573' title='bbox 1024 4483 1265 4555; x_wconf 79' lang='grc' dir='ltr'>ἀπῆλθεν</span> <span class='ocrx_word' id='word_1_574' title='bbox 1313 4488 1408 4541; x_wconf 86' lang='grc' dir='ltr'><strong>ἀπ’</strong></span> <span class='ocrx_word' id='word_1_575' title='bbox 1452 4488 1640 4554; x_wconf 80' lang='grc' dir='ltr'>αὑτοῦ,</span> <span class='ocrx_word' id='word_1_576' title='bbox 1688 4492 1782 4545; x_wconf 74' lang='grc' dir='ltr'>καὶ</span> <span class='ocrx_word' id='word_1_577' title='bbox 1826 4494 1916 4544; x_wconf 83' lang='grc' dir='ltr'>εύ-</span> 
     </span>
    </p>
   </div>
   <div class='ocr_carea' id='block_1_76' title="bbox 2010 3292 3593 3368">
    <p class='ocr_par' dir='ltr' id='par_1_76' title="bbox 2010 3292 3593 3368">
     <span class='ocr_line' id='line_1_76' title="bbox 2010 3292 3593 3368; baseline -0.006 -12"><span class='ocrx_word' id='word_1_578' title='bbox 2010 3311 2196 3356; x_wconf 86' lang='lat' dir='ltr'><strong>contra</strong></span> <span class='ocrx_word' id='word_1_579' title='bbox 2226 3298 2497 3353; x_wconf 73' lang='lat' dir='ltr'><strong>Israelitas</strong></span> <span class='ocrx_word' id='word_1_580' title='bbox 2524 3294 2629 3368; x_wconf 68' lang='grc'><strong>14</strong></span> <span class='ocrx_word' id='word_1_581' title='bbox 2656 3297 2798 3350; x_wconf 86' lang='lat' dir='ltr'><strong>Ader</strong></span> <span class='ocrx_word' id='word_1_582' title='bbox 2833 3294 3098 3365; x_wconf 88' lang='lat' dir='ltr'><strong>Syrorum</strong></span> <span class='ocrx_word' id='word_1_583' title='bbox 3124 3292 3447 3362; x_wconf 87' lang='lat' dir='ltr'><strong>principem,</strong></span> <span class='ocrx_word' id='word_1_584' title='bbox 3475 3292 3593 3347; x_wconf 82' lang='lat' dir='ltr'><strong>sive</strong></span> 
     </span>
    </p>
   </div>
   <div class='ocr_carea' id='block_1_77' title="bbox 2012 3385 3591 3461">
    <p class='ocr_par' dir='ltr' id='par_1_77' title="bbox 2012 3385 3591 3461">
     <span class='ocr_line' id='line_1_77' title="bbox 2012 3385 3591 3461; baseline -0.005 -14"><span class='ocrx_word' id='word_1_585' title='bbox 2012 3406 2218 3461; x_wconf 82' lang='lat' dir='ltr'><strong>regem,</strong></span> <span class='ocrx_word' id='word_1_586' title='bbox 2254 3389 2650 3459; x_wconf 83' lang='lat' dir='ltr'><strong>expeditionem</strong></span> <span class='ocrx_word' id='word_1_587' title='bbox 2686 3388 3018 3457; x_wconf 86' lang='lat' dir='ltr'><strong>suscepisse.</strong></span> <span class='ocrx_word' id='word_1_588' title='bbox 3044 3385 3233 3442; x_wconf 66' lang='lat' dir='ltr'><strong>Maesta</strong></span> <span class='ocrx_word' id='word_1_589' title='bbox 3258 3395 3441 3446; x_wconf 82' lang='lat' dir='ltr'><strong>autem</strong></span> <span class='ocrx_word' id='word_1_590' title='bbox 3480 3400 3591 3440; x_wconf 88' lang='lat' dir='ltr'><strong>non</strong></span> 
     </span>
    </p>
   </div>
   <div class='ocr_carea' id='block_1_78' title="bbox 2012 3477 3592 3550">
    <p class='ocr_par' dir='ltr' id='par_1_78' title="bbox 2012 3477 3592 3550">
     <span class='ocr_line' id='line_1_78' title="bbox 2012 3477 3592 3550; baseline -0.004 -11"><span class='ocrx_word' id='word_1_591' title='bbox 2012 3484 2355 3539; x_wconf 86' lang='lat' dir='ltr'><strong>mediocriter</strong></span> <span class='ocrx_word' id='word_1_592' title='bbox 2381 3481 2572 3536; x_wconf 81' lang='lat' dir='ltr'><strong>Achab</strong></span> <span class='ocrx_word' id='word_1_593' title='bbox 2603 3496 2727 3550; x_wconf 78' lang='lat' dir='ltr'><strong>rege</strong></span> <span class='ocrx_word' id='word_1_594' title='bbox 2768 3479 2957 3546; x_wconf 90' lang='lat' dir='ltr'><strong>Israel,</strong></span> <span class='ocrx_word' id='word_1_595' title='bbox 3010 3488 3064 3534; x_wconf 92' lang='lat' dir='ltr'><strong>et</strong></span> <span class='ocrx_word' id='word_1_596' title='bbox 3102 3479 3379 3534; x_wconf 89' lang='lat' dir='ltr'><strong>incursum</strong></span> <span class='ocrx_word' id='word_1_597' title='bbox 3413 3477 3592 3532; x_wconf 87' lang='lat' dir='ltr'><strong>hosti-</strong></span> 
     </span>
    </p>
   </div>
   <div class='ocr_carea' id='block_1_79' title="bbox 2012 3570 3595 3643">
    <p class='ocr_par' dir='ltr' id='par_1_79' title="bbox 2012 3570 3595 3643">
     <span class='ocr_line' id='line_1_79' title="bbox 2012 3570 3595 3643; baseline -0.005 -12"><span class='ocrx_word' id='word_1_598' title='bbox 2012 3578 2114 3633; x_wconf 81' lang='lat' dir='ltr'><strong>lem</strong></span> <span class='ocrx_word' id='word_1_599' title='bbox 2141 3583 2430 3641; x_wconf 89' lang='lat' dir='ltr'><strong>metuente,</strong></span> <span class='ocrx_word' id='word_1_600' title='bbox 2458 3589 2557 3628; x_wconf 89' lang='lat' dir='ltr'><strong>nec</strong></span> <span class='ocrx_word' id='word_1_601' title='bbox 2601 3574 2770 3627; x_wconf 86' lang='lat' dir='ltr'><strong>multo</strong></span> <span class='ocrx_word' id='word_1_602' title='bbox 2800 3581 2923 3643; x_wconf 89' lang='lat' dir='ltr'><strong>post</strong></span> <span class='ocrx_word' id='word_1_603' title='bbox 2950 3587 3072 3627; x_wconf 92' lang='lat' dir='ltr'><strong>cum</strong></span> <span class='ocrx_word' id='word_1_604' title='bbox 3104 3571 3355 3626; x_wconf 88' lang='lat' dir='ltr'><strong>omnibus</strong></span> <span class='ocrx_word' id='word_1_605' title='bbox 3371 3570 3483 3625; x_wconf 88' lang='lat' dir='ltr'><strong>suis</strong></span> <span class='ocrx_word' id='word_1_606' title='bbox 3506 3583 3595 3623; x_wconf 66' lang='lat' dir='ltr'><strong>con</strong></span> 
     </span>
    </p>
   </div>
   <div class='ocr_carea' id='block_1_80' title="bbox 2012 3663 3595 3743">
    <p class='ocr_par' dir='ltr' id='par_1_80' title="bbox 2012 3663 3595 3743">
     <span class='ocr_line' id='line_1_80' title="bbox 2012 3663 3595 3743; baseline -0.006 -17"><span class='ocrx_word' id='word_1_607' title='bbox 2012 3673 2114 3743; x_wconf 88' lang='lat' dir='ltr'><strong>piis</strong></span> <span class='ocrx_word' id='word_1_608' title='bbox 2141 3672 2191 3725; x_wconf 90' lang='lat' dir='ltr'><strong>iu</strong></span> <span class='ocrx_word' id='word_1_609' title='bbox 2211 3678 2530 3740; x_wconf 88' lang='lat' dir='ltr'><strong>potestatem</strong></span> <span class='ocrx_word' id='word_1_610' title='bbox 2551 3677 2835 3721; x_wconf 90' lang='lat' dir='ltr'><strong>venturum</strong></span> <span class='ocrx_word' id='word_1_611' title='bbox 2856 3666 3089 3720; x_wconf 80' lang='lat' dir='ltr'><strong>hostium</strong></span> <span class='ocrx_word' id='word_1_612' title='bbox 3110 3663 3450 3727; x_wconf 79' lang='lat' dir='ltr'><strong>formidante,</strong></span> <span class='ocrx_word' id='word_1_613' title='bbox 3473 3676 3595 3731; x_wconf 88' lang='lat' dir='ltr'><strong>pro-</strong></span> 
     </span>
    </p>
   </div>
   <div class='ocr_carea' id='block_1_81' title="bbox 2012 3752 3592 3829">
    <p class='ocr_par' dir='ltr' id='par_1_81' title="bbox 2012 3752 3592 3829">
     <span class='ocr_line' id='line_1_81' title="bbox 2012 3752 3592 3829; baseline -0.007 -13"><span class='ocrx_word' id='word_1_614' title='bbox 2012 3762 2163 3816; x_wconf 89' lang='lat' dir='ltr'><strong>misit</strong></span> <span class='ocrx_word' id='word_1_615' title='bbox 2181 3775 2274 3829; x_wconf 90' lang='lat' dir='ltr'><strong>per</strong></span> <span class='ocrx_word' id='word_1_616' title='bbox 2297 3757 2612 3828; x_wconf 81' lang='lat' dir='ltr'><strong>prophetam</strong></span> <span class='ocrx_word' id='word_1_617' title='bbox 2636 3755 2799 3819; x_wconf 88' lang='lat' dir='ltr'><strong>Deus,</strong></span> <span class='ocrx_word' id='word_1_618' title='bbox 2829 3770 2888 3809; x_wconf 91' lang='lat' dir='ltr'><strong>se</strong></span> <span class='ocrx_word' id='word_1_619' title='bbox 2914 3754 2989 3808; x_wconf 88' lang='lat' dir='ltr'><strong>illi</strong></span> <span class='ocrx_word' id='word_1_620' title='bbox 3017 3755 3225 3809; x_wconf 89' lang='lat' dir='ltr'><strong>hostem</strong></span> <span class='ocrx_word' id='word_1_621' title='bbox 3242 3752 3592 3807; x_wconf 86' lang='lat' dir='ltr'><strong>traditurum.</strong></span> 
     </span>
    </p>
   </div>
   <div class='ocr_carea' id='block_1_82' title="bbox 2014 3843 3595 3919">
    <p class='ocr_par' dir='ltr' id='par_1_82' title="bbox 2014 3843 3595 3919">
     <span class='ocr_line' id='line_1_82' title="bbox 2014 3843 3595 3919; baseline -0.002 -18"><span class='ocrx_word' id='word_1_622' title='bbox 2014 3851 2183 3919; x_wconf 87' lang='lat' dir='ltr'><strong>Quem</strong></span> <span class='ocrx_word' id='word_1_623' title='bbox 2215 3864 2340 3904; x_wconf 88' lang='lat' dir='ltr'><strong>cum</strong></span> <span class='ocrx_word' id='word_1_624' title='bbox 2364 3847 2681 3915; x_wconf 85' lang='lat' dir='ltr'><strong>accepisset,</strong></span> <span class='ocrx_word' id='word_1_625' title='bbox 2709 3845 2784 3899; x_wconf 90' lang='lat' dir='ltr'><strong>illi</strong></span> <span class='ocrx_word' id='word_1_626' title='bbox 2811 3844 3141 3915; x_wconf 86' lang='lat' dir='ltr'><strong>parcendqu</strong></span> <span class='ocrx_word' id='word_1_627' title='bbox 3174 3843 3384 3907; x_wconf 86' lang='lat' dir='ltr'><strong>statuit,</strong></span> <span class='ocrx_word' id='word_1_628' title='bbox 3432 3856 3595 3898; x_wconf 86' lang='lat' dir='ltr'><strong>secus</strong></span> 
     </span>
    </p>
   </div>
   <div class='ocr_carea' id='block_1_83' title="bbox 2014 3926 3590 4015">
    <p class='ocr_par' dir='ltr' id='par_1_83' title="bbox 2014 3926 3590 4015">
     <span class='ocr_line' id='line_1_83' title="bbox 2014 3926 3590 4015; baseline -0.005 -17"><span class='ocrx_word' id='word_1_629' title='bbox 2014 3959 2174 4015; x_wconf 87' lang='lat' dir='ltr'><strong>quam</strong></span> <span class='ocrx_word' id='word_1_630' title='bbox 2210 3941 2437 3996; x_wconf 90' lang='lat' dir='ltr'><strong>Domino</strong></span> <span class='ocrx_word' id='word_1_631' title='bbox 2474 3942 2772 4009; x_wconf 85' lang='lat' dir='ltr'><strong>placuerat.</strong></span> <span class='ocrx_word' id='word_1_632' title='bbox 2819 3938 2882 3992; x_wconf 87' lang='lat' dir='ltr'><strong>Et</strong></span> <span class='ocrx_word' id='word_1_633' title='bbox 2917 3937 3043 4007; x_wconf 86' lang='lat' dir='ltr'><strong>quid</strong></span> <span class='ocrx_word' id='word_1_634' title='bbox 3085 3926 3205 4007; x_wconf 77' lang='lat' dir='ltr'><strong>post</strong></span> <span class='ocrx_word' id='word_1_635' title='bbox 3260 3936 3375 3991; x_wconf 71' lang='lat' dir='ltr'><strong>hrec</strong></span> <span class='ocrx_word' id='word_1_636' title='bbox 3436 3934 3590 3990; x_wconf 88' lang='lat' dir='ltr'><strong>Scri-</strong></span> 
     </span>
    </p>
   </div>
   <div class='ocr_carea' id='block_1_84' title="bbox 2013 4026 3592 4108">
    <p class='ocr_par' dir='ltr' id='par_1_84' title="bbox 2013 4026 3592 4108">
     <span class='ocr_line' id='line_1_84' title="bbox 2013 4026 3592 4108; baseline -0.008 -18"><span class='ocrx_word' id='word_1_637' title='bbox 2013 4046 2174 4108; x_wconf 90' lang='lat' dir='ltr'><strong>ptura</strong></span> <span class='ocrx_word' id='word_1_638' title='bbox 2206 4032 2397 4090; x_wconf 85' lang='lat' dir='ltr'><strong>saera?</strong></span> <span class='ocrx_word' id='word_1_639' title='bbox 2428 4051 2445 4083; x_wconf 79' lang='grc' dir='ltr'><strong>ι</strong></span> <span class='ocrx_word' id='word_1_640' title='bbox 2463 4032 2525 4085; x_wconf 85' lang='lat' dir='ltr'><strong>Et</strong></span> <span class='ocrx_word' id='word_1_641' title='bbox 2557 4031 2716 4085; x_wconf 90' lang='lat' dir='ltr'><strong>homo</strong></span> <span class='ocrx_word' id='word_1_642' title='bbox 2740 4030 2957 4099; x_wconf 87' lang='lat' dir='ltr'><strong>quidam</strong></span> <span class='ocrx_word' id='word_1_643' title='bbox 2984 4028 3050 4083; x_wconf 91' lang='lat' dir='ltr'><strong>de</strong></span> <span class='ocrx_word' id='word_1_644' title='bbox 3068 4028 3189 4082; x_wconf 86' lang='lat' dir='ltr'><strong>liliis</strong></span> <span class='ocrx_word' id='word_1_645' title='bbox 3211 4026 3592 4096; x_wconf 85' lang='lat' dir='ltr'><strong>prophetarum</strong></span> 
     </span>
    </p>
   </div>
   <div class='ocr_carea' id='block_1_85' title="bbox 2016 4112 3591 4190">
    <p class='ocr_par' dir='ltr' id='par_1_85' title="bbox 2016 4112 3591 4190">
     <span class='ocr_line' id='line_1_85' title="bbox 2016 4112 3591 4190; baseline -0.01 -9"><span class='ocrx_word' id='word_1_646' title='bbox 2016 4127 2151 4181; x_wconf 80' lang='lat' dir='ltr'><strong>dixit</strong></span> <span class='ocrx_word' id='word_1_647' title='bbox 2211 4124 2277 4177; x_wconf 88' lang='lat' dir='ltr'><strong>ad</strong></span> <span class='ocrx_word' id='word_1_648' title='bbox 2339 4121 2644 4190; x_wconf 86' lang='lat' dir='ltr'><strong>proximum</strong></span> <span class='ocrx_word' id='word_1_649' title='bbox 2698 4134 2853 4172; x_wconf 90' lang='lat' dir='ltr'><strong>suum</strong></span> <span class='ocrx_word' id='word_1_650' title='bbox 2908 4118 2960 4169; x_wconf 94' lang='lat' dir='ltr'><strong>in</strong></span> <span class='ocrx_word' id='word_1_651' title='bbox 3019 4129 3270 4169; x_wconf 90' lang='lat' dir='ltr'><strong>sermone</strong></span> <span class='ocrx_word' id='word_1_652' title='bbox 3319 4112 3530 4165; x_wconf 88' lang='lat' dir='ltr'><strong>Domini</strong></span> <span class='ocrx_word' id='word_1_653' title='bbox 3576 4129 3591 4165; x_wconf 92' lang='lat'>:</span> 
     </span>
    </p>
   </div>
   <div class='ocr_carea' id='block_1_86' title="bbox 2016 4198 3592 4276">
    <p class='ocr_par' dir='ltr' id='par_1_86' title="bbox 2016 4198 3592 4276">
     <span class='ocr_line' id='line_1_86' title="bbox 2016 4198 3592 4276; baseline -0.013 -5"><span class='ocrx_word' id='word_1_654' title='bbox 2016 4216 2243 4271; x_wconf 81' lang='lat' dir='ltr'><strong>Percute</strong></span> <span class='ocrx_word' id='word_1_655' title='bbox 2261 4228 2368 4266; x_wconf 90' lang='lat' dir='ltr'><strong>me.</strong></span> <span class='ocrx_word' id='word_1_656' title='bbox 2393 4209 2494 4276; x_wconf 88' lang='lat' dir='ltr'><strong>Qui</strong></span> <span class='ocrx_word' id='word_1_657' title='bbox 2522 4207 2691 4260; x_wconf 89' lang='lat' dir='ltr'><strong>noluit</strong></span> <span class='ocrx_word' id='word_1_658' title='bbox 2724 4212 3028 4273; x_wconf 86' lang='lat' dir='ltr'><strong>percutere.</strong></span> <span class='ocrx_word' id='word_1_659' title='bbox 3071 4201 3136 4253; x_wconf 84' lang='lat' dir='ltr'><strong>Et</strong></span> <span class='ocrx_word' id='word_1_660' title='bbox 3164 4198 3301 4253; x_wconf 80' lang='lat' dir='ltr'><strong>dixit</strong></span> <span class='ocrx_word' id='word_1_661' title='bbox 3333 4199 3399 4252; x_wconf 87' lang='lat' dir='ltr'><strong>ad</strong></span> <span class='ocrx_word' id='word_1_662' title='bbox 3429 4211 3551 4252; x_wconf 87' lang='lat' dir='ltr'><strong>eum</strong></span> <span class='ocrx_word' id='word_1_663' title='bbox 3578 4214 3592 4251; x_wconf 93' lang='lat'><strong>:</strong></span> 
     </span>
    </p>
   </div>
   <div class='ocr_carea' id='block_1_87' title="bbox 2016 4289 3597 4372">
    <p class='ocr_par' dir='ltr' id='par_1_87' title="bbox 2016 4289 3597 4372">
     <span class='ocr_line' id='line_1_87' title="bbox 2016 4289 3597 4372; baseline -0.009 -15"><span class='ocrx_word' id='word_1_664' title='bbox 2016 4306 2151 4372; x_wconf 87' lang='lat' dir='ltr'><strong>Quia</strong></span> <span class='ocrx_word' id='word_1_665' title='bbox 2201 4317 2303 4356; x_wconf 89' lang='lat' dir='ltr'><strong>non</strong></span> <span class='ocrx_word' id='word_1_666' title='bbox 2355 4296 2551 4353; x_wconf 87' lang='lat' dir='ltr'><strong>audisti</strong></span> <span class='ocrx_word' id='word_1_667' title='bbox 2614 4309 2796 4349; x_wconf 81' lang='lat' dir='ltr'><strong>vocem</strong></span> <span class='ocrx_word' id='word_1_668' title='bbox 2854 4290 3086 4351; x_wconf 85' lang='lat' dir='ltr'><strong>Domini.</strong></span> <span class='ocrx_word' id='word_1_669' title='bbox 3136 4303 3268 4345; x_wconf 89' lang='lat' dir='ltr'><strong>ecce</strong></span> <span class='ocrx_word' id='word_1_670' title='bbox 3322 4289 3597 4344; x_wconf 84' lang='lat' dir='ltr'><strong>recedesa</strong></span> 
     </span>
    </p>
   </div>
   <div class='ocr_carea' id='block_1_88' title="bbox 2018 4378 3599 4461">
    <p class='ocr_par' dir='ltr' id='par_1_88' title="bbox 2018 4378 3599 4461">
     <span class='ocr_line' id='line_1_88' title="bbox 2018 4378 3599 4461; baseline -0.011 -10"><span class='ocrx_word' id='word_1_671' title='bbox 2018 4411 2126 4459; x_wconf 91' lang='lat' dir='ltr'><strong>me,</strong></span> <span class='ocrx_word' id='word_1_672' title='bbox 2171 4402 2223 4447; x_wconf 89' lang='lat' dir='ltr'><strong>et</strong></span> <span class='ocrx_word' id='word_1_673' title='bbox 2265 4389 2526 4461; x_wconf 89' lang='lat' dir='ltr'><strong>percutiet</strong></span> <span class='ocrx_word' id='word_1_674' title='bbox 2573 4395 2625 4440; x_wconf 94' lang='lat' dir='ltr'><strong>te</strong></span> <span class='ocrx_word' id='word_1_675' title='bbox 2678 4385 2783 4439; x_wconf 90' lang='lat' dir='ltr'><strong>leo.</strong></span> <span class='ocrx_word' id='word_1_676' title='bbox 2830 4383 2897 4437; x_wconf 84' lang='lat' dir='ltr'><strong>Et</strong></span> <span class='ocrx_word' id='word_1_677' title='bbox 2951 4381 3203 4437; x_wconf 81' lang='lat' dir='ltr'><strong>discessit</strong></span> <span class='ocrx_word' id='word_1_678' title='bbox 3268 4380 3335 4434; x_wconf 89' lang='lat' dir='ltr'><strong>ab</strong></span> <span class='ocrx_word' id='word_1_679' title='bbox 3382 4394 3467 4435; x_wconf 92' lang='lat' dir='ltr'><strong>eo.</strong></span> <span class='ocrx_word' id='word_1_680' title='bbox 3530 4378 3599 4434; x_wconf 86' lang='lat' dir='ltr'><strong>Et</strong></span> 
     </span>
    </p>
   </div>
   <div class='ocr_carea' id='block_1_89' title="bbox 2018 4470 3599 4544">
    <p class='ocr_par' dir='ltr' id='par_1_89' title="bbox 2018 4470 3599 4544">
     <span class='ocr_line' id='line_1_89' title="bbox 2018 4470 3599 4544; baseline -0.012 -3"><span class='ocrx_word' id='word_1_681' title='bbox 2018 4485 2224 4542; x_wconf 88' lang='lat' dir='ltr'><strong>invenit</strong></span> <span class='ocrx_word' id='word_1_682' title='bbox 2268 4498 2390 4538; x_wconf 89' lang='lat' dir='ltr'><strong>eum</strong></span> <span class='ocrx_word' id='word_1_683' title='bbox 2442 4480 2548 4544; x_wconf 84' lang='lat' dir='ltr'><strong>leo,</strong></span> <span class='ocrx_word' id='word_1_684' title='bbox 2603 4485 2657 4531; x_wconf 91' lang='lat' dir='ltr'><strong>et</strong></span> <span class='ocrx_word' id='word_1_685' title='bbox 2716 4471 2988 4544; x_wconf 87' lang='lat' dir='ltr'><strong>percussit</strong></span> <span class='ocrx_word' id='word_1_686' title='bbox 3040 4472 3237 4540; x_wconf 89' lang='lat' dir='ltr'><strong>ipsum.</strong></span> <span class='ocrx_word' id='word_1_687' title='bbox 3280 4470 3347 4523; x_wconf 87' lang='lat' dir='ltr'><strong>Et</strong></span> <span class='ocrx_word' id='word_1_688' title='bbox 3393 4470 3599 4523; x_wconf 81' lang='lat' dir='ltr'><strong>invenit</strong></span> 
     </span>
    </p>
   </div>
   <div class='ocr_carea' id='block_1_90' title="bbox 339 4557 1910 4660">
    <p class='ocr_par' dir='ltr' id='par_1_90' title="bbox 339 4572 1910 4644">
     <span class='ocr_line' id='line_1_90' title="bbox 339 4572 1910 4644; baseline 0.008 -20"><span class='ocrx_word' id='word_1_689' title='bbox 339 4572 512 4644; x_wconf 83' lang='grc' dir='ltr'>ρίσκει</span> <span class='ocrx_word' id='word_1_690' title='bbox 555 4573 718 4627; x_wconf 76' lang='grc' dir='ltr'>αὐτὸν</span> <span class='ocrx_word' id='word_1_691' title='bbox 769 4573 927 4640; x_wconf 89' lang='grc' dir='ltr'>λέων,</span> <span class='ocrx_word' id='word_1_692' title='bbox 973 4576 1067 4629; x_wconf 76' lang='grc' dir='ltr'>καὶ</span> <span class='ocrx_word' id='word_1_693' title='bbox 1119 4577 1388 4643; x_wconf 77' lang='grc' dir='ltr'>ἐπάταξεν</span> <span class='ocrx_word' id='word_1_694' title='bbox 1432 4582 1613 4636; x_wconf 72' lang='grc' dir='ltr'>αὐτόν,</span> <span class='ocrx_word' id='word_1_695' title='bbox 1654 4583 1765 4636; x_wconf 78' lang='grc' dir='ltr'><strong>Καὶ</strong></span> <span class='ocrx_word' id='word_1_696' title='bbox 1822 4584 1910 4636; x_wconf 83' lang='grc' dir='ltr'>εῦ-</span> 
     </span>
    </p>
   </div>
   <div class='ocr_carea' id='block_1_91' title="bbox 2010 4557 3600 4660">
    <p class='ocr_par' dir='ltr' id='par_1_91' title="bbox 2020 4557 3600 4635">
     <span class='ocr_line' id='line_1_91' title="bbox 2020 4557 3600 4635; baseline -0.012 -3"><span class='ocrx_word' id='word_1_697' title='bbox 2020 4577 2248 4631; x_wconf 87' lang='lat' dir='ltr'><strong>alterum</strong></span> <span class='ocrx_word' id='word_1_698' title='bbox 2293 4573 2489 4635; x_wconf 87' lang='lat' dir='ltr'><strong>virum,</strong></span> <span class='ocrx_word' id='word_1_699' title='bbox 2529 4578 2585 4624; x_wconf 93' lang='lat' dir='ltr'><strong>et</strong></span> <span class='ocrx_word' id='word_1_700' title='bbox 2607 4567 2747 4622; x_wconf 79' lang='lat' dir='ltr'><strong>dixit</strong></span> <span class='ocrx_word' id='word_1_701' title='bbox 2779 4584 2793 4620; x_wconf 91' lang='lat'>:</span> <span class='ocrx_word' id='word_1_702' title='bbox 2824 4563 3058 4619; x_wconf 91' lang='lat' dir='ltr'><strong>Percute</strong></span> <span class='ocrx_word' id='word_1_703' title='bbox 3094 4575 3200 4615; x_wconf 92' lang='lat' dir='ltr'><strong>me.</strong></span> <span class='ocrx_word' id='word_1_704' title='bbox 3233 4557 3339 4626; x_wconf 79' lang='lat' dir='ltr'><strong>Qui</strong></span> <span class='ocrx_word' id='word_1_705' title='bbox 3378 4571 3600 4629; x_wconf 84' lang='lat' dir='ltr'><strong>percus-</strong></span> 
     </span>
    </p>
   </div>
   <div class='ocr_carea' id='block_1_92' title="bbox 338 4665 1911 4744">
    <p class='ocr_par' dir='ltr' id='par_1_92' title="bbox 338 4665 1911 4744">
     <span class='ocr_line' id='line_1_92' title="bbox 338 4665 1911 4744; baseline 0.007 -27"><span class='ocrx_word' id='word_1_706' title='bbox 338 4665 514 4737; x_wconf 87' lang='grc' dir='ltr'>ρίσκει</span> <span class='ocrx_word' id='word_1_707' title='bbox 563 4665 847 4737; x_wconf 81' lang='grc' dir='ltr'>ἄνθρωπον</span> <span class='ocrx_word' id='word_1_708' title='bbox 876 4667 1082 4738; x_wconf 76' lang='grc' dir='ltr'>ἕτερον,</span> <span class='ocrx_word' id='word_1_709' title='bbox 1116 4669 1209 4721; x_wconf 77' lang='grc' dir='ltr'>καὶ</span> <span class='ocrx_word' id='word_1_710' title='bbox 1246 4665 1387 4722; x_wconf 82' lang='grc' dir='ltr'>εἷπε·</span> <span class='ocrx_word' id='word_1_711' title='bbox 1432 4671 1677 4735; x_wconf 80' lang='grc' dir='ltr'>Πάταξον</span> <span class='ocrx_word' id='word_1_712' title='bbox 1720 4673 1785 4744; x_wconf 85' lang='grc' dir='ltr'><strong>δή</strong></span> <span class='ocrx_word' id='word_1_713' title='bbox 1823 4691 1911 4744; x_wconf 89' lang='grc' dir='ltr'>με.</span> 
     </span>
    </p>
   </div>
   <div class='ocr_carea' id='block_1_93' title="bbox 334 4756 1913 4832">
    <p class='ocr_par' dir='ltr' id='par_1_93' title="bbox 334 4756 1913 4832">
     <span class='ocr_line' id='line_1_93' title="bbox 334 4756 1913 4832; baseline 0.006 -23"><span class='ocrx_word' id='word_1_714' title='bbox 334 4757 447 4810; x_wconf 74' lang='grc' dir='ltr'><strong>Καὶ</strong></span> <span class='ocrx_word' id='word_1_715' title='bbox 474 4756 741 4823; x_wconf 79' lang='grc' dir='ltr'>ἐπάταξεν</span> <span class='ocrx_word' id='word_1_716' title='bbox 789 4759 949 4812; x_wconf 73' lang='grc' dir='ltr'>αὑτὸν</span> <span class='ocrx_word' id='word_1_717' title='bbox 973 4760 1000 4811; x_wconf 92' lang='lat'><strong>6</strong></span> <span class='ocrx_word' id='word_1_718' title='bbox 1030 4759 1333 4832; x_wconf 76' lang='grc' dir='ltr'>ἄνθρωπος,</span> <span class='ocrx_word' id='word_1_719' title='bbox 1374 4763 1466 4815; x_wconf 73' lang='grc' dir='ltr'>καὶ</span> <span class='ocrx_word' id='word_1_720' title='bbox 1499 4763 1740 4829; x_wconf 84' lang='grc' dir='ltr'>πατάξας</span> <span class='ocrx_word' id='word_1_721' title='bbox 1790 4781 1913 4818; x_wconf 87' lang='grc' dir='ltr'>συν-</span> 
     </span>
    </p>
   </div>
   <div class='ocr_carea' id='block_1_94' title="bbox 337 4845 1913 4926">
    <p class='ocr_par' dir='ltr' id='par_1_94' title="bbox 337 4845 1913 4926">
     <span class='ocr_line' id='line_1_94' title="bbox 337 4845 1913 4926; baseline 0.006 -29"><span class='ocrx_word' id='word_1_722' title='bbox 337 4845 548 4916; x_wconf 78' lang='grc' dir='ltr'>έτριψε.</span> <span class='ocrx_word' id='word_1_723' title='bbox 606 4848 718 4900; x_wconf 67' lang='grc' dir='ltr'><strong>Καὶ</strong></span> <span class='ocrx_word' id='word_1_724' title='bbox 762 4849 1033 4920; x_wconf 78' lang='grc' dir='ltr'>ἐπορεύθη</span> <span class='ocrx_word' id='word_1_725' title='bbox 1080 4851 1109 4900; x_wconf 87' lang='lat'><strong>6</strong></span> <span class='ocrx_word' id='word_1_726' title='bbox 1156 4853 1474 4923; x_wconf 85' lang='grc' dir='ltr'>προφήτης,</span> <span class='ocrx_word' id='word_1_727' title='bbox 1523 4853 1614 4905; x_wconf 76' lang='grc' dir='ltr'>καὶ</span> <span class='ocrx_word' id='word_1_728' title='bbox 1658 4853 1786 4926; x_wconf 77' lang='grc' dir='ltr'>ἔστη</span> <span class='ocrx_word' id='word_1_729' title='bbox 1836 4854 1913 4925; x_wconf 85' lang='grc' dir='ltr'><strong>τῷ</strong></span> 
     </span>
    </p>
   </div>
   <div class='ocr_carea' id='block_1_95' title="bbox 341 4936 1915 5015">
    <p class='ocr_par' dir='ltr' id='par_1_95' title="bbox 341 4936 1915 5015">
     <span class='ocr_line' id='line_1_95' title="bbox 341 4936 1915 5015; baseline 0.005 -24"><span class='ocrx_word' id='word_1_730' title='bbox 341 4936 552 5009; x_wconf 87' lang='grc' dir='ltr'>βασιλεί</span> <span class='ocrx_word' id='word_1_731' title='bbox 583 4938 799 5011; x_wconf 84' lang='grc' dir='ltr'>Ἰσραὴλ</span> <span class='ocrx_word' id='word_1_732' title='bbox 824 4941 921 4993; x_wconf 69' lang='grc' dir='ltr'>ἐπὶ</span> <span class='ocrx_word' id='word_1_733' title='bbox 945 4941 1045 5011; x_wconf 81' lang='grc' dir='ltr'><strong>τῆς</strong></span> <span class='ocrx_word' id='word_1_734' title='bbox 1084 4941 1227 4996; x_wconf 86' lang='grc' dir='ltr'>ὀδοῦ.</span> <span class='ocrx_word' id='word_1_735' title='bbox 1253 4943 1364 4996; x_wconf 80' lang='grc' dir='ltr'><strong>Καὶ</strong></span> <span class='ocrx_word' id='word_1_736' title='bbox 1400 4944 1733 5015; x_wconf 87' lang='grc' dir='ltr'>κατεδήσατο</span> <span class='ocrx_word' id='word_1_737' title='bbox 1762 4945 1915 4999; x_wconf 86' lang='grc' dir='ltr'>τελα-</span> 
     </span>
    </p>
   </div>
   <div class='ocr_carea' id='block_1_96' title="bbox 341 5028 1916 5104">
    <p class='ocr_par' dir='ltr' id='par_1_96' title="bbox 341 5028 1916 5104">
     <span class='ocr_line' id='line_1_96' title="bbox 341 5028 1916 5104; baseline 0.004 -24"><span class='ocrx_word' id='word_1_738' title='bbox 341 5028 480 5099; x_wconf 87' lang='grc' dir='ltr'>μῶνι</span> <span class='ocrx_word' id='word_1_739' title='bbox 517 5028 645 5090; x_wconf 84' lang='grc' dir='ltr'>τοὺς</span> <span class='ocrx_word' id='word_1_740' title='bbox 691 5028 999 5100; x_wconf 75' lang='grc' dir='ltr'>ὀφθαλμοὺς</span> <span class='ocrx_word' id='word_1_741' title='bbox 1029 5031 1216 5085; x_wconf 82' lang='grc' dir='ltr'>αὐτοῦ.</span> <span class='ocrx_word' id='word_1_742' title='bbox 1259 5052 1277 5083; x_wconf 73' lang='grc' dir='ltr'><strong>ι</strong></span> <span class='ocrx_word' id='word_1_743' title='bbox 1317 5032 1507 5104; x_wconf 78' lang='grc' dir='ltr'>Μικρὰ</span> <span class='ocrx_word' id='word_1_744' title='bbox 1547 5033 1604 5086; x_wconf 85' lang='grc' dir='ltr'>δὲ</span> <span class='ocrx_word' id='word_1_745' title='bbox 1641 5034 1778 5087; x_wconf 77' lang='grc' dir='ltr'>ἄττα</span> <span class='ocrx_word' id='word_1_746' title='bbox 1816 5051 1916 5104; x_wconf 71' lang='grc' dir='ltr'>μευ</span> 
     </span>
    </p>
   </div>
   <div class='ocr_carea' id='block_1_97' title="bbox 338 5119 1918 5197">
    <p class='ocr_par' dir='ltr' id='par_1_97' title="bbox 338 5119 1918 5197">
     <span class='ocr_line' id='line_1_97' title="bbox 338 5119 1918 5197; baseline 0.004 -26"><span class='ocrx_word' id='word_1_747' title='bbox 338 5119 469 5184; x_wconf 81' lang='grc' dir='ltr'>ταξῦ</span> <span class='ocrx_word' id='word_1_748' title='bbox 500 5119 954 5192; x_wconf 84' lang='grc' dir='ltr'>προσλελαληκὼς</span> <span class='ocrx_word' id='word_1_749' title='bbox 978 5123 1371 5195; x_wconf 82' lang='grc' dir='ltr'>ὑποστρέφοντι</span> <span class='ocrx_word' id='word_1_750' title='bbox 1394 5123 1469 5195; x_wconf 84' lang='grc' dir='ltr'><strong>τῷ</strong></span> <span class='ocrx_word' id='word_1_751' title='bbox 1497 5125 1721 5197; x_wconf 75' lang='grc' dir='ltr'>Ἀχαὰϐ,</span> <span class='ocrx_word' id='word_1_752' title='bbox 1749 5142 1918 5196; x_wconf 86' lang='grc' dir='ltr'>προσ-</span> 
     </span>
    </p>
   </div>
   <div class='ocr_carea' id='block_1_98' title="bbox 339 5213 1916 5289">
    <p class='ocr_par' dir='ltr' id='par_1_98' title="bbox 339 5213 1916 5289">
     <span class='ocr_line' id='line_1_98' title="bbox 339 5213 1916 5289; baseline 0.003 -23"><span class='ocrx_word' id='word_1_753' title='bbox 339 5213 504 5267; x_wconf 83' lang='grc' dir='ltr'>ετίθει</span> <span class='ocrx_word' id='word_1_754' title='bbox 536 5214 897 5268; x_wconf 81' lang='grc' dir='ltr'>πάλινίΤάδε</span> <span class='ocrx_word' id='word_1_755' title='bbox 922 5217 1070 5285; x_wconf 89' lang='grc' dir='ltr'>λέγει</span> <span class='ocrx_word' id='word_1_756' title='bbox 1100 5217 1325 5289; x_wconf 74' lang='grc' dir='ltr'>Κύριος*</span> <span class='ocrx_word' id='word_1_757' title='bbox 1355 5219 1496 5272; x_wconf 81' lang='grc' dir='ltr'>Διότι</span> <span class='ocrx_word' id='word_1_758' title='bbox 1517 5216 1817 5289; x_wconf 84' lang='grc' dir='ltr'>ἐξήνεγκας</span> <span class='ocrx_word' id='word_1_759' title='bbox 1852 5219 1916 5271; x_wconf 82' lang='grc' dir='ltr'>σὺ</span> 
     </span>
    </p>
   </div>
   <div class='ocr_carea' id='block_1_99' title="bbox 339 5305 1916 5383">
    <p class='ocr_par' dir='ltr' id='par_1_99' title="bbox 339 5305 1916 5383">
     <span class='ocr_line' id='line_1_99' title="bbox 339 5305 1916 5383; baseline 0.003 -25"><span class='ocrx_word' id='word_1_760' title='bbox 339 5305 507 5378; x_wconf 84' lang='grc' dir='ltr'>ἄνδρα</span> <span class='ocrx_word' id='word_1_761' title='bbox 535 5306 778 5377; x_wconf 81' lang='grc' dir='ltr'>ὀλέθριον</span> <span class='ocrx_word' id='word_1_762' title='bbox 808 5308 872 5361; x_wconf 85' lang='grc' dir='ltr'><strong>ἐκ</strong></span> <span class='ocrx_word' id='word_1_763' title='bbox 899 5308 1000 5379; x_wconf 81' lang='grc' dir='ltr'>τῆς</span> <span class='ocrx_word' id='word_1_764' title='bbox 1033 5310 1217 5380; x_wconf 84' lang='grc' dir='ltr'>χειρός</span> <span class='ocrx_word' id='word_1_765' title='bbox 1246 5328 1361 5375; x_wconf 88' lang='grc' dir='ltr'>σου,</span> <span class='ocrx_word' id='word_1_766' title='bbox 1386 5310 1478 5363; x_wconf 79' lang='grc' dir='ltr'>καὶ</span> <span class='ocrx_word' id='word_1_767' title='bbox 1504 5309 1657 5362; x_wconf 74' lang='grc' dir='ltr'>ἔσται</span> <span class='ocrx_word' id='word_1_768' title='bbox 1692 5312 1725 5381; x_wconf 82' lang='grc' dir='ltr'>ἠ</span> <span class='ocrx_word' id='word_1_769' title='bbox 1770 5309 1916 5383; x_wconf 72' lang='grc' dir='ltr'>ψυχή</span> 
     </span>
    </p>
   </div>
   <div class='ocr_carea' id='block_1_100' title="bbox 342 5397 1919 5470">
    <p class='ocr_par' dir='ltr' id='par_1_100' title="bbox 342 5397 1919 5470">
     <span class='ocr_line' id='line_1_100' title="bbox 342 5397 1919 5470; baseline 0.005 -21"><span class='ocrx_word' id='word_1_770' title='bbox 342 5413 432 5449; x_wconf 85' lang='grc' dir='ltr'><strong>σου</strong></span> <span class='ocrx_word' id='word_1_771' title='bbox 464 5397 586 5451; x_wconf 76' lang='grc' dir='ltr'>ἀντὶ</span> <span class='ocrx_word' id='word_1_772' title='bbox 623 5398 724 5468; x_wconf 83' lang='grc' dir='ltr'><strong>τῆς</strong></span> <span class='ocrx_word' id='word_1_773' title='bbox 751 5400 931 5470; x_wconf 69' lang='grc' dir='ltr'>ψυχῆς</span> <span class='ocrx_word' id='word_1_774' title='bbox 974 5399 1162 5466; x_wconf 79' lang='grc' dir='ltr'>αὑτοῦ,</span> <span class='ocrx_word' id='word_1_775' title='bbox 1194 5403 1288 5456; x_wconf 82' lang='grc' dir='ltr'>καὶ</span> <span class='ocrx_word' id='word_1_776' title='bbox 1329 5403 1357 5455; x_wconf 93' lang='lat'><strong>6</strong></span> <span class='ocrx_word' id='word_1_777' title='bbox 1389 5402 1516 5465; x_wconf 82' lang='grc' dir='ltr'>λαός</span> <span class='ocrx_word' id='word_1_778' title='bbox 1549 5419 1642 5454; x_wconf 93' lang='grc' dir='ltr'><strong>σου</strong></span> <span class='ocrx_word' id='word_1_779' title='bbox 1683 5402 1803 5456; x_wconf 77' lang='grc' dir='ltr'>ἀντὶ</span> <span class='ocrx_word' id='word_1_780' title='bbox 1824 5403 1919 5457; x_wconf 82' lang='grc' dir='ltr'><strong>τοῦ</strong></span> 
     </span>
    </p>
   </div>
   <div class='ocr_carea' id='block_1_101' title="bbox 340 5484 1922 5562">
    <p class='ocr_par' dir='ltr' id='par_1_101' title="bbox 340 5484 1922 5562">
     <span class='ocr_line' id='line_1_101' title="bbox 340 5484 1922 5562; baseline 0.005 -25"><span class='ocrx_word' id='word_1_781' title='bbox 340 5484 470 5539; x_wconf 86' lang='grc' dir='ltr'>λαοῦ</span> <span class='ocrx_word' id='word_1_782' title='bbox 520 5487 706 5541; x_wconf 81' lang='grc' dir='ltr'>αὑτοῦ.</span> <span class='ocrx_word' id='word_1_783' title='bbox 740 5507 759 5541; x_wconf 77' lang='grc' dir='ltr'><strong>ι</strong></span> <span class='ocrx_word' id='word_1_784' title='bbox 809 5487 1057 5555; x_wconf 71' lang='grc' dir='ltr'>Ἀκούεις</span> <span class='ocrx_word' id='word_1_785' title='bbox 1103 5491 1251 5556; x_wconf 86' lang='grc' dir='ltr'>ὅπως</span> <span class='ocrx_word' id='word_1_786' title='bbox 1284 5492 1312 5544; x_wconf 93' lang='lat'><strong>6</strong></span> <span class='ocrx_word' id='word_1_787' title='bbox 1350 5491 1589 5558; x_wconf 83' lang='grc' dir='ltr'>πατάξαι</span> <span class='ocrx_word' id='word_1_788' title='bbox 1638 5490 1729 5545; x_wconf 81' lang='grc' dir='ltr'><strong>τὸν</strong></span> <span class='ocrx_word' id='word_1_789' title='bbox 1785 5508 1922 5562; x_wconf 90' lang='grc' dir='ltr'>προ-</span> 
     </span>
    </p>
   </div>
   <div class='ocr_carea' id='block_1_102' title="bbox 346 5577 1922 5656">
    <p class='ocr_par' dir='ltr' id='par_1_102' title="bbox 346 5577 1922 5656">
     <span class='ocr_line' id='line_1_102' title="bbox 346 5577 1922 5656; baseline 0 -24"><span class='ocrx_word' id='word_1_790' title='bbox 346 5577 519 5648; x_wconf 85' lang='grc' dir='ltr'>φήτην</span> <span class='ocrx_word' id='word_1_791' title='bbox 553 5579 1011 5650; x_wconf 82' lang='grc' dir='ltr'>παραιτούμενος,</span> <span class='ocrx_word' id='word_1_792' title='bbox 1053 5581 1299 5647; x_wconf 80' lang='grc' dir='ltr'>ἐλεεινῶς</span> <span class='ocrx_word' id='word_1_793' title='bbox 1336 5582 1600 5656; x_wconf 81' lang='grc' dir='ltr'>ἀνῃρέθη,</span> <span class='ocrx_word' id='word_1_794' title='bbox 1628 5580 1785 5652; x_wconf 87' lang='grc' dir='ltr'>δεινῷ</span> <span class='ocrx_word' id='word_1_795' title='bbox 1825 5580 1922 5653; x_wconf 89' lang='grc' dir='ltr'><strong>θη-</strong></span> 
     </span>
    </p>
   </div>
   <div class='ocr_carea' id='block_1_103' title="bbox 415 5754 1649 5818">
    <p class='ocr_par' dir='ltr' id='par_1_103' title="bbox 415 5754 1649 5818">
     <span class='ocr_line' id='line_1_103' title="bbox 415 5754 1649 5818; baseline 0.005 -11"><span class='ocrx_word' id='word_1_796' title='bbox 415 5755 461 5786; x_wconf 66' lang='grc' dir='ltr'>δί</span> <span class='ocrx_word' id='word_1_797' title='bbox 497 5754 616 5809; x_wconf 81' lang='lat' dir='ltr'><strong>Act.</strong></span> <span class='ocrx_word' id='word_1_798' title='bbox 640 5770 695 5818; x_wconf 67' lang='grc' dir='ltr'><strong>κ,</strong></span> <span class='ocrx_word' id='word_1_799' title='bbox 733 5757 817 5812; x_wconf 79' lang='grc'><strong>15.</strong></span> <span class='ocrx_word' id='word_1_800' title='bbox 899 5758 945 5791; x_wconf 66' lang='grc' dir='ltr'>δ’</span> <span class='ocrx_word' id='word_1_801' title='bbox 977 5758 1106 5814; x_wconf 90' lang='lat' dir='ltr'><strong>ibid.</strong></span> <span class='ocrx_word' id='word_1_802' title='bbox 1150 5758 1235 5813; x_wconf 73' lang='grc' dir='ltr'><strong>Η.</strong></span> <span class='ocrx_word' id='word_1_803' title='bbox 1314 5760 1359 5794; x_wconf 72' lang='grc'><strong>⁸³</strong></span> <span class='ocrx_word' id='word_1_804' title='bbox 1394 5758 1525 5816; x_wconf 83' lang='lat' dir='ltr'><strong>ibid.</strong></span> <span class='ocrx_word' id='word_1_805' title='bbox 1561 5757 1649 5814; x_wconf 80' lang='grc'><strong>15.</strong></span> 
     </span>
    </p>
   </div>
   <div class='ocr_carea' id='block_1_104' title="bbox 336 5820 697 5915">
    <p class='ocr_par' dir='ltr' id='par_1_104' title="bbox 336 5820 697 5915">
     <span class='ocr_line' id='line_1_104' title="bbox 336 5820 697 5915; baseline -0.008 -32"><span class='ocrx_word' id='word_1_806' title='bbox 336 5820 395 5915; x_wconf 33' lang='grc' dir='ltr'><strong>’ν’</strong></span> <span class='ocrx_word' id='word_1_807' title='bbox 434 5824 566 5883; x_wconf 89' lang='lat' dir='ltr'><strong>ibid.</strong></span> <span class='ocrx_word' id='word_1_808' title='bbox 608 5824 697 5882; x_wconf 72' lang='grc'><strong>42.</strong></span> 
     </span>
    </p>
   </div>
   <div class='ocr_carea' id='block_1_105' title="bbox 1749 5742 2816 5825">
    <p class='ocr_par' dir='ltr' id='par_1_105' title="bbox 1749 5742 2816 5825">
     <span class='ocr_line' id='line_1_105' title="bbox 1749 5742 2816 5825; baseline -0.014 -12"><span class='ocrx_word' id='word_1_809' title='bbox 1749 5756 1795 5790; x_wconf 63' lang='grc'>⁸⁸</span> <span class='ocrx_word' id='word_1_810' title='bbox 1828 5756 1841 5812; x_wconf 97' lang='lat' dir='ltr'><strong>l</strong></span> <span class='ocrx_word' id='word_1_811' title='bbox 1871 5755 2001 5825; x_wconf 81' lang='lat' dir='ltr'><strong>Reg.</strong></span> <span class='ocrx_word' id='word_1_812' title='bbox 2056 5752 2146 5820; x_wconf 81' lang='lat' dir='ltr'><strong>i5,</strong></span> <span class='ocrx_word' id='word_1_813' title='bbox 2178 5749 2399 5824; x_wconf 88' lang='lat' dir='ltr'><strong>passim.</strong></span> <span class='ocrx_word' id='word_1_814' title='bbox 2478 5746 2524 5780; x_wconf 67' lang='grc'><strong>⁸⁵</strong></span> <span class='ocrx_word' id='word_1_815' title='bbox 2556 5742 2686 5802; x_wconf 87' lang='lat' dir='ltr'><strong>ibid.</strong></span> <span class='ocrx_word' id='word_1_816' title='bbox 2728 5743 2816 5800; x_wconf 71' lang='lat'><strong>&#39;55.</strong></span> 
     </span>
    </p>
   </div>
   <div class='ocr_carea' id='block_1_106' title="bbox 2020 4650 3596 4733">
    <p class='ocr_par' dir='ltr' id='par_1_106' title="bbox 2020 4650 3596 4733">
     <span class='ocr_line' id='line_1_106' title="bbox 2020 4650 3596 4733; baseline -0.015 -9"><span class='ocrx_word' id='word_1_817' title='bbox 2020 4670 2092 4724; x_wconf 91' lang='lat' dir='ltr'><strong>sit</strong></span> <span class='ocrx_word' id='word_1_818' title='bbox 2110 4681 2254 4732; x_wconf 89' lang='lat' dir='ltr'><strong>eum,</strong></span> <span class='ocrx_word' id='word_1_819' title='bbox 2284 4673 2337 4718; x_wconf 89' lang='lat' dir='ltr'><strong>et</strong></span> <span class='ocrx_word' id='word_1_820' title='bbox 2363 4674 2680 4733; x_wconf 87' lang='lat' dir='ltr'><strong>percussum</strong></span> <span class='ocrx_word' id='word_1_821' title='bbox 2701 4656 2976 4712; x_wconf 85' lang='lat' dir='ltr'><strong>contrivit.</strong></span> <span class='ocrx_word' id='word_1_822' title='bbox 2997 4653 3145 4709; x_wconf 83' lang='lat' dir='ltr'><strong>Abiit</strong></span> <span class='ocrx_word' id='word_1_823' title='bbox 3166 4667 3295 4723; x_wconf 84' lang='lat' dir='ltr'><strong>ergo</strong></span> <span class='ocrx_word' id='word_1_824' title='bbox 3313 4650 3596 4721; x_wconf 86' lang='lat' dir='ltr'><strong>propheta,</strong></span> 
     </span>
    </p>
   </div>
   <div class='ocr_carea' id='block_1_107' title="bbox 2020 4738 3591 4823">
    <p class='ocr_par' dir='ltr' id='par_1_107' title="bbox 2020 4738 3591 4823">
     <span class='ocr_line' id='line_1_107' title="bbox 2020 4738 3591 4823; baseline -0.015 -8"><span class='ocrx_word' id='word_1_825' title='bbox 2020 4772 2075 4815; x_wconf 90' lang='lat' dir='ltr'><strong>et</strong></span> <span class='ocrx_word' id='word_1_826' title='bbox 2090 4756 2330 4813; x_wconf 87' lang='lat' dir='ltr'><strong>occurrit</strong></span> <span class='ocrx_word' id='word_1_827' title='bbox 2354 4753 2469 4823; x_wconf 83' lang='lat' dir='ltr'><strong>regi</strong></span> <span class='ocrx_word' id='word_1_828' title='bbox 2485 4752 2536 4806; x_wconf 91' lang='lat' dir='ltr'><strong>in</strong></span> <span class='ocrx_word' id='word_1_829' title='bbox 2550 4751 2657 4814; x_wconf 85' lang='lat' dir='ltr'><strong>via,</strong></span> <span class='ocrx_word' id='word_1_830' title='bbox 2687 4758 2741 4803; x_wconf 89' lang='lat' dir='ltr'><strong>et</strong></span> <span class='ocrx_word' id='word_1_831' title='bbox 2756 4748 2936 4818; x_wconf 84' lang='lat' dir='ltr'><strong>ligavit</strong></span> <span class='ocrx_word' id='word_1_832' title='bbox 2958 4744 3124 4799; x_wconf 75' lang='lat' dir='ltr'><strong>[ascia</strong></span> <span class='ocrx_word' id='word_1_833' title='bbox 3141 4742 3326 4799; x_wconf 86' lang='lat' dir='ltr'><strong>oculos</strong></span> <span class='ocrx_word' id='word_1_834' title='bbox 3342 4754 3469 4795; x_wconf 89' lang='lat' dir='ltr'><strong>suos</strong></span> <span class='ocrx_word' id='word_1_835' title='bbox 3485 4738 3551 4803; x_wconf 77' lang='lat'><strong>“,</strong></span> <span class='ocrx_word' id='word_1_836' title='bbox 3572 4757 3591 4793; x_wconf 71' lang='grc' dir='ltr'><strong>ι</strong></span> 
     </span>
    </p>
   </div>
   <div class='ocr_carea' id='block_1_108' title="bbox 2019 4830 3595 4920">
    <p class='ocr_par' dir='ltr' id='par_1_108' title="bbox 2019 4830 3595 4920">
     <span class='ocr_line' id='line_1_108' title="bbox 2019 4830 3595 4920; baseline -0.014 -14"><span class='ocrx_word' id='word_1_837' title='bbox 2019 4860 2074 4906; x_wconf 89' lang='lat' dir='ltr'><strong>et</strong></span> <span class='ocrx_word' id='word_1_838' title='bbox 2102 4862 2270 4920; x_wconf 87' lang='lat' dir='ltr'><strong>pauca</strong></span> <span class='ocrx_word' id='word_1_839' title='bbox 2293 4848 2501 4901; x_wconf 84' lang='lat' dir='ltr'><strong>locutus</strong></span> <span class='ocrx_word' id='word_1_840' title='bbox 2541 4839 2830 4898; x_wconf 85' lang='lat' dir='ltr'><strong>revertenti</strong></span> <span class='ocrx_word' id='word_1_841' title='bbox 2869 4837 3076 4906; x_wconf 86' lang='lat' dir='ltr'><strong>Achab,</strong></span> <span class='ocrx_word' id='word_1_842' title='bbox 3113 4848 3327 4889; x_wconf 88' lang='lat' dir='ltr'><strong>rursum</strong></span> <span class='ocrx_word' id='word_1_843' title='bbox 3356 4830 3551 4900; x_wconf 86' lang='lat' dir='ltr'><strong>adjecit</strong></span> <span class='ocrx_word' id='word_1_844' title='bbox 3580 4848 3595 4884; x_wconf 90' lang='lat'><strong>:</strong></span> 
     </span>
    </p>
   </div>
   <div class='ocr_carea' id='block_1_109' title="bbox 2024 4922 3596 4997">
    <p class='ocr_par' dir='ltr' id='par_1_109' title="bbox 2024 4922 3596 4997">
     <span class='ocr_line' id='line_1_109' title="bbox 2024 4922 3596 4997; baseline -0.013 -4"><span class='ocrx_word' id='word_1_845' title='bbox 2024 4960 2046 4993; x_wconf 78' lang='grc' dir='ltr'><strong>ι</strong></span> <span class='ocrx_word' id='word_1_846' title='bbox 2077 4941 2202 4995; x_wconf 82' lang='lat' dir='ltr'><strong>llaec</strong></span> <span class='ocrx_word' id='word_1_847' title='bbox 2231 4938 2363 4993; x_wconf 80' lang='lat' dir='ltr'><strong>dicit</strong></span> <span class='ocrx_word' id='word_1_848' title='bbox 2395 4936 2653 4991; x_wconf 90' lang='lat' dir='ltr'><strong>Dominus</strong></span> <span class='ocrx_word' id='word_1_849' title='bbox 2678 4950 2691 4986; x_wconf 89' lang='lat'><strong>:</strong></span> <span class='ocrx_word' id='word_1_850' title='bbox 2719 4929 2854 4997; x_wconf 77' lang='lat' dir='ltr'><strong>Quia</strong></span> <span class='ocrx_word' id='word_1_851' title='bbox 2884 4926 3140 4982; x_wconf 90' lang='lat' dir='ltr'><strong>dimisisti</strong></span> <span class='ocrx_word' id='word_1_852' title='bbox 3174 4925 3347 4979; x_wconf 92' lang='lat' dir='ltr'><strong>virum</strong></span> <span class='ocrx_word' id='word_1_853' title='bbox 3374 4922 3596 4990; x_wconf 79' lang='lat' dir='ltr'><strong>dignum</strong></span> 
     </span>
    </p>
   </div>
   <div class='ocr_carea' id='block_1_110' title="bbox 2021 5013 3593 5090">
    <p class='ocr_par' dir='ltr' id='par_1_110' title="bbox 2021 5013 3593 5090">
     <span class='ocr_line' id='line_1_110' title="bbox 2021 5013 3593 5090; baseline -0.015 -2"><span class='ocrx_word' id='word_1_854' title='bbox 2021 5042 2195 5088; x_wconf 89' lang='lat' dir='ltr'><strong>morte</strong></span> <span class='ocrx_word' id='word_1_855' title='bbox 2224 5045 2255 5084; x_wconf 93' lang='lat' dir='ltr'><strong>e</strong></span> <span class='ocrx_word' id='word_1_856' title='bbox 2283 5044 2444 5082; x_wconf 89' lang='lat' dir='ltr'><strong>manu</strong></span> <span class='ocrx_word' id='word_1_857' title='bbox 2483 5036 2596 5090; x_wconf 89' lang='lat' dir='ltr'><strong>tua,</strong></span> <span class='ocrx_word' id='word_1_858' title='bbox 2628 5025 2732 5079; x_wconf 88' lang='lat' dir='ltr'><strong>erit</strong></span> <span class='ocrx_word' id='word_1_859' title='bbox 2770 5022 2950 5076; x_wconf 88' lang='lat' dir='ltr'><strong>anima</strong></span> <span class='ocrx_word' id='word_1_860' title='bbox 2982 5031 3068 5073; x_wconf 91' lang='lat' dir='ltr'><strong>tua</strong></span> <span class='ocrx_word' id='word_1_861' title='bbox 3101 5032 3199 5086; x_wconf 88' lang='lat' dir='ltr'><strong>pro</strong></span> <span class='ocrx_word' id='word_1_862' title='bbox 3227 5014 3406 5069; x_wconf 85' lang='lat' dir='ltr'><strong>anima</strong></span> <span class='ocrx_word' id='word_1_863' title='bbox 3433 5013 3593 5079; x_wconf 86' lang='lat' dir='ltr'><strong>illius,</strong></span> 
     </span>
    </p>
   </div>
   <div class='ocr_carea' id='block_1_111' title="bbox 2022 5107 3599 5192">
    <p class='ocr_par' dir='ltr' id='par_1_111' title="bbox 2022 5107 3599 5192">
     <span class='ocr_line' id='line_1_111' title="bbox 2022 5107 3599 5192; baseline -0.012 -13"><span class='ocrx_word' id='word_1_864' title='bbox 2022 5134 2077 5179; x_wconf 88' lang='lat' dir='ltr'><strong>et</strong></span> <span class='ocrx_word' id='word_1_865' title='bbox 2102 5122 2332 5192; x_wconf 90' lang='lat' dir='ltr'><strong>populus</strong></span> <span class='ocrx_word' id='word_1_866' title='bbox 2396 5128 2519 5173; x_wconf 92' lang='lat' dir='ltr'><strong>tuus</strong></span> <span class='ocrx_word' id='word_1_867' title='bbox 2559 5132 2659 5186; x_wconf 90' lang='lat' dir='ltr'><strong>pro</strong></span> <span class='ocrx_word' id='word_1_868' title='bbox 2704 5113 2899 5185; x_wconf 92' lang='lat' dir='ltr'><strong>populo</strong></span> <span class='ocrx_word' id='word_1_869' title='bbox 2944 5110 3148 5183; x_wconf 79' lang='lat' dir='ltr'><strong>ejus&quot;.</strong></span> <span class='ocrx_word' id='word_1_870' title='bbox 3185 5126 3204 5160; x_wconf 74' lang='grc' dir='ltr'><strong>ι</strong></span> <span class='ocrx_word' id='word_1_871' title='bbox 3245 5107 3427 5172; x_wconf 82' lang='lat' dir='ltr'><strong>Vides,</strong></span> <span class='ocrx_word' id='word_1_872' title='bbox 3491 5120 3599 5175; x_wconf 84' lang='lat' dir='ltr'><strong>quo</strong></span> 
     </span>
    </p>
   </div>
   <div class='ocr_carea' id='block_1_112' title="bbox 2024 5198 3599 5284">
    <p class='ocr_par' dir='ltr' id='par_1_112' title="bbox 2024 5198 3599 5284">
     <span class='ocr_line' id='line_1_112' title="bbox 2024 5198 3599 5284; baseline -0.01 -16"><span class='ocrx_word' id='word_1_873' title='bbox 2024 5222 2183 5284; x_wconf 90' lang='lat' dir='ltr'><strong>pacto</strong></span> <span class='ocrx_word' id='word_1_874' title='bbox 2215 5212 2305 5283; x_wconf 87' lang='lat' dir='ltr'><strong>qui</strong></span> <span class='ocrx_word' id='word_1_875' title='bbox 2354 5211 2671 5281; x_wconf 88' lang='lat' dir='ltr'><strong>prophetam</strong></span> <span class='ocrx_word' id='word_1_876' title='bbox 2705 5215 2987 5275; x_wconf 89' lang='lat' dir='ltr'><strong>percutere</strong></span> <span class='ocrx_word' id='word_1_877' title='bbox 3031 5200 3219 5265; x_wconf 86' lang='lat' dir='ltr'><strong>noluit,</strong></span> <span class='ocrx_word' id='word_1_878' title='bbox 3276 5198 3599 5254; x_wconf 89' lang='lat' dir='ltr'><strong>miserabili-</strong></span> 
     </span>
    </p>
   </div>
   <div class='ocr_carea' id='block_1_113' title="bbox 2023 5288 3595 5359">
    <p class='ocr_par' dir='ltr' id='par_1_113' title="bbox 2023 5288 3595 5359">
     <span class='ocr_line' id='line_1_113' title="bbox 2023 5288 3595 5359; baseline -0.012 0"><span class='ocrx_word' id='word_1_879' title='bbox 2023 5317 2104 5359; x_wconf 91' lang='lat' dir='ltr'><strong>ter</strong></span> <span class='ocrx_word' id='word_1_880' title='bbox 2144 5305 2196 5358; x_wconf 88' lang='lat' dir='ltr'><strong>in</strong></span> <span class='ocrx_word' id='word_1_881' title='bbox 2255 5312 2493 5356; x_wconf 88' lang='lat' dir='ltr'><strong>atrocem</strong></span> <span class='ocrx_word' id='word_1_882' title='bbox 2543 5298 2769 5355; x_wconf 85' lang='lat' dir='ltr'><strong>bestiam</strong></span> <span class='ocrx_word' id='word_1_883' title='bbox 2835 5293 3025 5349; x_wconf 90' lang='lat' dir='ltr'><strong>incidit</strong></span> <span class='ocrx_word' id='word_1_884' title='bbox 3070 5304 3134 5345; x_wconf 88' lang='lat' dir='ltr'><strong>ac</strong></span> <span class='ocrx_word' id='word_1_885' title='bbox 3179 5288 3372 5359; x_wconf 86' lang='lat' dir='ltr'><strong>periit?</strong></span> <span class='ocrx_word' id='word_1_886' title='bbox 3411 5288 3595 5357; x_wconf 81' lang='lat' dir='ltr'><strong>Atqui,</strong></span> 
     </span>
    </p>
   </div>
   <div class='ocr_carea' id='block_1_114' title="bbox 1970 5379 3597 5465">
    <p class='ocr_par' dir='ltr' id='par_1_114' title="bbox 1970 5379 3597 5465">
     <span class='ocr_line' id='line_1_114' title="bbox 1970 5379 3597 5465; baseline -0.011 -14"><span class='ocrx_word' id='word_1_887' title='bbox 1970 5396 1975 5403; x_wconf 79' lang='grc'><em>’</em></span> <span class='ocrx_word' id='word_1_888' title='bbox 2021 5395 2288 5465; x_wconf 83' lang='lat' dir='ltr'><strong>quomodo</strong></span> <span class='ocrx_word' id='word_1_889' title='bbox 2337 5407 2443 5448; x_wconf 91' lang='lat' dir='ltr'><strong>non</strong></span> <span class='ocrx_word' id='word_1_890' title='bbox 2471 5404 2660 5445; x_wconf 91' lang='lat' dir='ltr'><strong>verum</strong></span> <span class='ocrx_word' id='word_1_891' title='bbox 2715 5396 2817 5450; x_wconf 90' lang='lat' dir='ltr'><strong>est,</strong></span> <span class='ocrx_word' id='word_1_892' title='bbox 2865 5397 3060 5440; x_wconf 90' lang='lat' dir='ltr'><strong>munus</strong></span> <span class='ocrx_word' id='word_1_893' title='bbox 3118 5394 3237 5437; x_wconf 89' lang='lat' dir='ltr'><strong>esse</strong></span> <span class='ocrx_word' id='word_1_894' title='bbox 3282 5380 3498 5451; x_wconf 87' lang='lat' dir='ltr'><strong>pietatis</strong></span> <span class='ocrx_word' id='word_1_895' title='bbox 3540 5379 3597 5433; x_wconf 81' lang='lat' dir='ltr'><strong>in</strong></span> 
     </span>
    </p>
   </div>
   <div class='ocr_carea' id='block_1_115' title="bbox 2024 5467 3596 5551">
    <p class='ocr_par' dir='ltr' id='par_1_115' title="bbox 2024 5467 3596 5551">
     <span class='ocr_line' id='line_1_115' title="bbox 2024 5467 3596 5551; baseline -0.013 -10"><span class='ocrx_word' id='word_1_896' title='bbox 2024 5487 2216 5551; x_wconf 85' lang='lat' dir='ltr'><strong>Deum,</strong></span> <span class='ocrx_word' id='word_1_897' title='bbox 2250 5500 2277 5539; x_wconf 91' lang='lat' dir='ltr'><strong>a</strong></span> <span class='ocrx_word' id='word_1_898' title='bbox 2312 5491 2499 5539; x_wconf 87' lang='lat' dir='ltr'><strong>sancto</strong></span> <span class='ocrx_word' id='word_1_899' title='bbox 2528 5489 2584 5535; x_wconf 90' lang='lat' dir='ltr'><strong>et</strong></span> <span class='ocrx_word' id='word_1_900' title='bbox 2611 5478 2872 5549; x_wconf 88' lang='lat' dir='ltr'><strong>propheta</strong></span> <span class='ocrx_word' id='word_1_901' title='bbox 2920 5472 3272 5542; x_wconf 80' lang='lat' dir='ltr'><strong>percutienda</strong></span> <span class='ocrx_word' id='word_1_902' title='bbox 3311 5467 3596 5539; x_wconf 78' lang='lat' dir='ltr'><strong>refugere?</strong></span> 
     </span>
    </p>
   </div>
   <div class='ocr_carea' id='block_1_116' title="bbox 2022 5557 3591 5634">
    <p class='ocr_par' dir='ltr' id='par_1_116' title="bbox 2022 5557 3591 5634">
     <span class='ocr_line' id='line_1_116' title="bbox 2022 5557 3591 5634; baseline -0.013 0"><span class='ocrx_word' id='word_1_903' title='bbox 2022 5578 2124 5634; x_wconf 87' lang='lat' dir='ltr'><strong>sed</strong></span> <span class='ocrx_word' id='word_1_904' title='bbox 2155 5585 2274 5633; x_wconf 84' lang='lat' dir='ltr'><strong>erat</strong></span> <span class='ocrx_word' id='word_1_905' title='bbox 2302 5574 2407 5630; x_wconf 89' lang='lat' dir='ltr'><strong>boc</strong></span> <span class='ocrx_word' id='word_1_906' title='bbox 2445 5573 2500 5628; x_wconf 92' lang='lat' dir='ltr'><strong>in</strong></span> <span class='ocrx_word' id='word_1_907' title='bbox 2537 5579 2790 5626; x_wconf 89' lang='lat' dir='ltr'><strong>sermone</strong></span> <span class='ocrx_word' id='word_1_908' title='bbox 2824 5562 3063 5630; x_wconf 86' lang='lat' dir='ltr'><strong>Domini,</strong></span> <span class='ocrx_word' id='word_1_909' title='bbox 3107 5561 3470 5619; x_wconf 86' lang='lat' dir='ltr'><strong>inobedicntia</strong></span> <span class='ocrx_word' id='word_1_910' title='bbox 3496 5557 3591 5614; x_wconf 86' lang='lat' dir='ltr'><strong>de-</strong></span> 
     </span>
    </p>
   </div>
   <div class='ocr_carea' id='block_1_117' title="bbox 2924 5732 3590 5811">
    <p class='ocr_par' dir='ltr' id='par_1_117' title="bbox 2924 5732 3590 5811">
     <span class='ocr_line' id='line_1_117' title="bbox 2924 5732 3590 5811; baseline -0.018 -12"><span class='ocrx_word' id='word_1_911' title='bbox 2924 5743 2970 5776; x_wconf 68' lang='lat'><strong>&quot;</strong></span> <span class='ocrx_word' id='word_1_912' title='bbox 3007 5741 3071 5799; x_wconf 86' lang='lat' dir='ltr'><strong>lli</strong></span> <span class='ocrx_word' id='word_1_913' title='bbox 3106 5741 3237 5811; x_wconf 72' lang='lat' dir='ltr'><strong>Reg.</strong></span> <span class='ocrx_word' id='word_1_914' title='bbox 3268 5753 3360 5803; x_wconf 71' lang='lat' dir='ltr'><strong>sx,</strong></span> <span class='ocrx_word' id='word_1_915' title='bbox 3400 5732 3590 5792; x_wconf 73' lang='lat'><strong>55-58.</strong></span> 
     </span>
    </p>
   </div>
  </div>
