4098 6276
451 438 517 497 51
1467 427 1526 484 S.
1566 424 1843 484 CYBILLI
1878 421 2352 480 ALEXANDRINI
2386 416 2704 474 ARCIHEP.
3620 403 3693 460 '52

455 549 601 612 tendi
660 564 688 604 a
733 548 956 604 crimine
990 561 1090 600 non
1139 549 1369 613 poterat.
1435 541 1684 610 Pepercit
1723 550 1903 593 autem
1963 547 2046 599 et,

2147 539 2219 609 νίῳ
2249 532 2625 608 προ[σ]πεσών
2646 529 2891 596 ;Καίτοι,
2917 525 3034 588 πῶς
3050 524 3146 577 οὐκ
3177 521 3372 593 ἀληθὲς
3392 521 3583 581 εἰπεῖν,
3615 519 3692 584 ῶς

455 610 645 696 Achab
705 639 1006 694 inconsulto
1039 610 1202 700 Ader,
1246 633 1493 702 quamvis
1529 632 1668 686 Deus
1699 631 1847 684 illum
1902 646 2020 698 per-

2147 627 2188 698 ιν
2221 626 2504 688 εὐλαϐείας
2553 621 2760 692 καρπὸς
2802 619 2862 671 τὸ
2909 617 2982 687 μὴ
3013 614 3334 668 καταπαίειν
3380 610 3692 702 ἀποτολμᾷν

457 735 586 786 dere
632 732 899 800 jussis5et,
931 736 986 784 et
1024 744 1121 796 pro
1151 727 1329 779 anima
1369 724 1488 792 ejus
1515 723 1628 792 ipse
1661 721 1889 775 traditus
1917 729 2019 775 est.

2147 720 2278 786 'mov
2306 717 2400 773 καὶ
2446 715 2767 785 προῳήτηη
2821 709 2935 763 ἀλλ’
2966 704 3034 778 ἦν
3075 709 3132 760 ἐν
3170 704 3312 774 λόγῳ
3337 702 3564 774 Κυρίου,
3598 701 3693 753 καὶ

461 795 724 888 Quocirca
788 795 920 874 citra
963 795 1460 887 tergiversationem
1515 821 1566 866 et
1627 813 1936 868 dilationem
1991 826 2020 865 a

2147 810 2514 878 ἰυσδιάςρυκτον
2531 805 2781 875 ἔγκλημα
2797 801 3019 870 γέγονεν
3049 801 3082 869 ἡ
3112 798 3385 868 παρακοή.
3405 795 3694 894 ΪΕφείσατο

459 911 614 965 nobis
643 909 837 964 confici
887 909 1030 977 quod
1070 907 1179 960 Deo
1215 904 1594 974 complacitum
1629 913 1730 968 est,
1785 903 2024 957 necessi-

2147 903 2181 954 ῐέ
2225 901 2320 954 καὶ
2356 899 2558 969 Ἀχαάίὶ
2591 894 2914 968 παραλόγως
2957 891 3052 944 τοῦ
3106 889 3282 959 Ἄδερ,
3328 887 3502 940 καίτοι
3559 885 3692 977 Θεού

461 1014 545 1055 tas
573 1000 844 1069 postulat:
881 975 1023 1052 aliud
1063 997 1314 1066 quiddam
1346 1004 1539 1063 praeter
1561 996 1662 1049 hoc
1694 1003 1787 1048 aut
1827 993 2024 1059 facere,

2147 991 2392 1045 ἰιολλύναι
2444 985 2904 1058 προστεταχότος,
2958 983 3052 1035 καὶ
3099 980 3311 1034 δέδοται
3359 978 3519 1041 αὐτὸς
3574 975 3695 1030 ἀντὶ

466 1101 563 1145 aut
593 1091 855 1161 cogitare,
879 1088 1144 1158 superbiae
1173 1088 1433 1142 maculam
1477 1087 1662 1142 inurit.
1701 1085 1859 1141 Tales
1884 1087 2025 1140 enim

2147 1083 2225 1150 τῆς
2253 1079 2430 1149 ψυχῆς
2458 1077 2641 1131 αὐτοῦ.
2687 1074 2894 1128 Οὐκοῦν
2941 1072 3236 1139 ἀναγκαῖον
3265 1069 3420 1121 δκνου
3468 1083 3528 1118 τε
3576 1066 3698 1134 δίχα

465 1192 674 1236 tantum
717 1197 822 1235 non
877 1181 1039 1234 etiam
1104 1179 1272 1233 Deum
1309 1179 1360 1231 in
1394 1179 1807 1245 reprehensione
1835 1190 2033 1246 ponen-

2147 1173 2223 1225 ιαὶ
2239 1169 2610 1241 μελιηησμῶν
2636 1168 2811 1220 ἀποπε
2821 1163 3098 1234 ραίνεσθαι
3129 1160 3264 1231 πρὸς
3289 1157 3464 1228 ἡμῶν,
3483 1159 3618 1227 ὅπερ
3634 1157 3698 1208 ἂν

467 1275 594 1326 dum
636 1272 988 1338 arbitrantur,
1035 1277 1095 1324 ut
1131 1269 1223 1340 qui
1279 1270 1546 1324 interdum
1598 1282 1703 1322 non
1757 1277 1904 1322 recta
1935 1267 2031 1321 de-

2147 1262 2342 1315 iv6dv0t
2367 1259 2503 1328 Θεῷ*
2540 1258 2601 1310 τὸ
2629 1257 2684 1309 δέ
2714 1255 2898 1324 ἕτερόν
2923 1271 2974 1306 τι
3003 1253 3155 1322 παρά
3182 1248 3342 1303 τοῦτο
3367 1249 3518 1318 δρᾷν,
3546 1247 3578 1317 ἢ
3607 1249 3701 1298 καὶ

468 1371 676 1417 cernat.
1147 1337 1165 1340 _
2131 1354 2366 1424 φρονεῖν,
2409 1348 2708 1422 ὑπεροψίας
2742 1345 2992 1415 ἔγκλημα
3023 1343 3198 1414 φέρει.
3231 1341 3408 1395 Μόνον
3445 1339 3554 1408 γὰρ
3582 1337 3704 1407 οὐχὶ

2132 1444 2226 1498 καὶ
2271 1443 2530 1511 ἐπιτιμᾷν
2582 1438 2884 1506 ἐγνώκασιν
2923 1437 2974 1488 οἰ
3007 1433 3196 1486 τοιοίδε
3249 1431 3455 1494 λοιπὸν,
3492 1429 3568 1491 ὡς
3605 1428 3703 1480 οὐκ

2130 1533 2308 1606 ὀρθῶς
2338 1532 2448 1584 ἔσθ’
2477 1533 2565 1584 ὅτε
2603 1528 2973 1600 βουλευομένῳ
3002 1525 3140 1594 Θεῷ.

2202 1623 2388 1694 Φαμὲν
2416 1616 2509 1674 οὖν
2546 1623 2660 1684 τοῖς
2682 1621 2782 1690 τὴν
2812 1618 3052 1689 ἱστορίαν
3084 1614 3338 1683 διαϐολῆς
3373 1613 3471 1665 οὐκ
3501 1611 3604 1676 ἔξω
3631 1627 3706 1694 τι·

470 1723 779 1781 temereque
834 1711 1269 1766 insimulantibus
1304 1723 1319 1762 :
1355 1708 1495 1763 Ileus
1533 1723 1649 1772 vos,
1693 1707 1892 1762 foedum
1941 1724 2036 1775 pu-

2147 1693 2304 1778 5εῖσι,
2333 1713 2426 1766 καλ.
2451 1710 2692 1772 ἀϐούλως
2723 1707 3161 1777 ἐπαιτιωμένοιςο
3198 1703 3458 1764 Ἀκαλλές
3481 1703 3629 1770 ὑμῖν,
3659 1693 3706 1752 ὧ

471 1803 598 1855 tatis
656 1802 970 1870 prophetam
1031 1799 1469 1856 contubernalem
1533 1814 1654 1854 esse
1737 1798 2035 1852 libidinosa:

2147 1797 2305 1867 οὗτοι,
2337 1803 2672 1872 φαίνεταιτὸ
2705 1801 2961 1871 μαχλώσῃ
2995 1796 3213 1866 γυναικὶ
3247 1795 3520 1847 συνέστιον
3556 1792 3708 1858 γενέ-

471 1867 704 1947 feminae.
756 1867 941 1960 Quid?
994 1907 1174 1947 annon
1227 1891 1392 1945 multo
1426 1889 1622 1945 fmdius
1646 1891 1904 1960 quosdam
1943 1904 2037 1958 per

2147 1896 2264 1950 σθαι
2315 1867 2629 1968 προφήτην.
2665 1867 2730 1946 Τί
2781 1867 2872 1957 se;
3017 1889 3151 1942 πολὺ
3208 1886 3601 1953 ἀκαλλέστερον
3645 1881 3709 1934 τὸ

473 1992 694 2038 sanctos
725 1985 1012 2053 prophetas
1041 1983 1308 2037 interﬁci?
1332 1982 1608 2048 Quomodo
1641 1981 1801 2050 igitur
1819 1981 2037 2034 Samuel

2147 1983 2574 2054 Ξιποσφάττεσθαί
2602 1999 2751 2044 τινας
2781 1982 2868 2034 διά
2910 1977 3204 2049 προφητῶν
3235 1976 3434 2043 ἀγίων;
3467 1975 3590 2035 Πῶς
3617 1967 3708 2025 οὖν

541 1622 946 1691 Respondemus
1008 1622 1170 1691 igitur
1224 1619 1509 1675 historiam
1555 1617 2032 1684 calumniantibus,

471 2075 639 2143 Δίιος,
676 2075 822 2128 Elias
871 2076 1161 2144 prophetas
1216 2073 1364 2136 Baal,
1421 2073 1670 2141 quamvis
1713 2072 1906 2125 multos
1939 2087 2038 2123 nu-

474 2181 642 2227 mero,
678 2165 967 2219 interﬁcit?
997 2165 1134 2230 Quid
1168 2175 1368 2232 autem,
1403 2165 1489 2220 die
1517 2165 1671 2228 mihi,
1697 2173 1749 2218 et
1781 2163 2036 2232 propheta

471 2251 634 2309 Isaias
666 2271 881 2310 saccum
937 2256 1004 2308 de
1059 2255 1256 2309 lumbis
1289 2257 1401 2310 suis
1443 2256 1624 2322 solvit,
1678 2256 1956 2324 nudusque
1985 2265 2041 2310 ct.

471 2345 828 2400 discalceatns
897 2345 1192 2401 Jerusalem
1245 2347 1710 2403 obambulavit“?
1743 2349 1932 2402 Annon
1987 2347 2037 2400 in

473 2436 566 2489 tali
606 2436 788 2490 habitu
823 2447 880 2489 nt
912 2438 1104 2503 levem,
1143 2438 1244 2507 15
1293 2449 1346 2493 et
1400 2440 1694 2507 stupidum,
1748 2450 1802 2490 et
1865 2447 2043 2491 mente

473 2537 688 2596 captum
737 2528 1019 2581 derisisset
1075 2529 1378 2596 quispiam?
1408 2528 1474 2580 Et
1509 2530 1632 2599 quid
1690 2529 1792 2581 ista
1831 2543 1918 2582 res
1947 2529 2038 2580 du-

473 2617 752 2672 bitationis
808 2617 987 2681 habet,
1030 2633 1150 2671 cum
1207 2618 1377 2671 laudis
1414 2619 1628 2686 plenum
1663 2619 1758 2682 sit,
1801 2619 1979 2671 omnia
2005 2634 2033 2672 a

475 2707 632 2762 nobis
662 2707 858 2762 decore
883 2718 936 2762 et
969 2710 1192 2762 honeste
1222 2709 1380 2762 ﬁeri?
1419 2709 1522 2764 Sed
1549 2724 1822 2774 occurres,
1860 2710 2042 2764 divino

476 2799 626 2850 nntui
656 2797 908 2852 cedentes
939 2808 1065 2853 tunc
1098 2799 1222 2852 talia
1257 2799 1469 2855 fecisse.
1502 2801 1636 2867 Quid
1656 2818 1804 2869 ergo,
1839 2817 2040 2870 qmcso,

479 2888 546 2940 de
580 2887 736 2942 beato
786 2889 925 2944 Osca
977 2890 1357 2960 cogitandum?
1401 2908 1526 2944 num
1573 2907 1666 2946 sua
1709 2903 1921 2962 sponte,
1975 2910 2042 2947 an

479 2979 705 3045 imperio
734 2979 827 3032 Dei
877 2981 941 3032 ad
1002 2981 1285 3034 mulierem
1347 2983 1681 3036 meretricem
1731 2985 1956 3047 accedit,
1989 2995 2044 3038 et

478 3069 616 3123 adeo
670 3070 1008 3124 inhonestam
1043 3073 1144 3125 sibi
1187 3075 1627 3130 contubernalem
1668 3076 2045 3131 domesﬁeam-

2137 2078 2378 2149 ἀνῄρηκε
2427 2075 2676 2146 Σαμουὴλ
2717 2074 2814 2144 μὲν
2852 2072 2941 2125 τὸν
2975 2072 3180 2137 Ἀγαγ,
3240 2065 3425 2126 Ἠλίας
3473 2064 3529 2116 δὲ
3583 2063 3709 2125 τοὺς

2139 2169 2423 2239 προφήτας
2449 2166 2542 2218 τοῦ
2587 2166 2754 2226 Βάαλ,
2793 2163 2965 2217 καίτοι
3007 2161 3236 2221 πολλοὺς
3266 2157 3423 2220 ὄντας
3456 2156 3546 2207 τὸν
3590 2156 3711 2224 ἀρι-

2141 2261 2311 2330 θμόν;
2341 2257 2406 2310 Τί
2438 2257 2516 2320 δέ,
2545 2256 2666 2308 εἰπέ
2711 2273 2822 2324 μοι,
2852 2256 2945 2307 καὶ
2976 2256 3004 2306 ὁ
3042 2253 3328 2323 προφήτης
3368 2251 3592 2311 Ἡσαΐας
3618 2248 3708 2300 τὸν

2143 2351 2346 2404 σάκκον
2399 2351 2464 2401 ἐκ
2509 2348 2610 2416 τῆς
2659 2346 2856 2414 ὀσφύος
2904 2343 3210 2414 περιελὼν,
3257 2341 3462 2410 γυμνός
3513 2357 3570 2392 τε
3617 2339 3711 2391 καὶ

2142 2443 2463 2503 ἀνυπόδετος
2519 2438 2786 2508 περιθέων
2847 2437 2944 2506 τὴν
2980 2429 3558 2504 Ἱερουσαλήμ;τΑρα
3605 2433 3712 2502 γὰρ

2141 2530 2262 2600 οὐχὶ
2287 2529 2374 2581 τὸν
2403 2530 2460 2580 ἐν
2485 2526 2672 2597 τοιῷδε
2695 2525 2962 2594 γεγονότα
2993 2529 3231 2594 σχήματι
3260 2524 3710 2593 καταμωμήσαιτ’

2141 2621 2206 2673 ἄν
2235 2637 2317 2682 τις
2363 2617 2522 2679 εὐθὺς
2563 2617 2638 2680 ὡς
2673 2615 2924 2684 ἄσεμνον,
2955 2615 3050 2667 καὶ
3091 2613 3437 2682 ἐξεστηκότα,
3486 2613 3578 2665 καὶ
3615 2612 3712 2682 τήν

2143 2712 2313 2784 φρένα
2347 2708 2852 2780 παρενηνεγμένον;
2896 2706 3020 2771 Πῶς
3071 2707 3227 2760 τοῦτο
3271 2705 3594 2774 ἀμφίϐολον,
3637 2705 3712 2756 είς-

2145 2823 2248 2876 περ
2290 2804 2438 2857 ἐστὶν
2486 2802 2708 2856 ἐπαίνου
2761 2800 2976 2870 μεστὸν,
3022 2799 3082 2855 τὸ
3116 2801 3173 2851 ἐν
3225 2799 3414 2869 κόσμῳ
3460 2797 3538 2868 τῷ
3583 2796 3714 2850 καθο

2143 2894 2327 2962 ήκοντι
2372 2892 2551 2944 πάντα
2592 2890 2927 2960 πράττεσθαι
2970 2889 3107 2959 πρὸς
3152 2889 3342 2960 ήμῶν;
3381 2888 3521 2940 Ἀλλ’
3549 2889 3712 2958 ἐρεῖς,

2143 2983 2222 3035 ὃτι
2256 2984 2368 3044 τοῖς
2413 2981 2574 3045 θείοις
2606 2981 2844 3040 εἴκοντες
2881 2979 3178 3050 νεύμασιν,
3226 2980 3394 3050 ἔδρων
3431 2978 3498 3031 τὰ
3541 2978 3715 3030 τοιάδε

2145 3073 2478 3142 τοτηνικάδε.
2508 3072 2572 3124 Τί
2617 3071 2692 3132 δὲ.
2729 3070 2849 3124 εἰπέ
2894 3088 3003 3140 μοι,
3034 3073 3246 3140 φρονεῖν
3288 3069 3434 3136 ἀξιον
3465 3070 3592 3139 περὶ
3623 3069 3717 3120 τοῦ

479 3171 586 3226 que
622 3158 743 3212 facit
769 3161 792 3213 ?
818 3160 982 3214 Miror
1041 3161 1386 3219 nihilominus
1437 3166 1584 3219 illum
1619 3167 1854 3221 cavillari
1885 3184 2045 3237 super

2152 3162 2422 3232 μακαρίου
2456 3162 2644 3232 Ὡσηέ;
2677 3158 2785 3232 ἆρα
2819 3162 2926 3233 γὰρ
2963 3160 3287 3230 αὐτόκλητος
3324 3160 3458 3231 πρὸς
3488 3162 3718 3228 γυναῖκα

481 3261 546 3301 eo
599 3251 800 3320 scripta
856 3253 1114 3317 voluisse,
1180 3256 1568 3326 historiamque
1627 3269 1686 3311 ut
1738 3258 2044 3313 indecorant

397 3338 400 3342 ’
483 3336 729 3394 lacerare
759 3359 865 3395 non
897 3344 1200 3399 erubuisse.
1244 3346 1510 3415 Rejiciens
1539 3348 1680 3402 enim
1718 3363 1828 3403 rem
1871 3359 1927 3404 ut
1967 3351 2048 3404 in—

483 3432 827 3496 credibilem,
879 3448 1235 3505 asserensque
1286 3439 1666 3506 apertissime,
1732 3443 2047 3510 prophetam

485 3539 590 3576 non
658 3525 906 3580 habuisse
967 3527 1410 3582 consuetudinem
1475 3545 1598 3583 cum
1657 3543 1870 3596 scorto,
1957 3534 2050 3587 sed

485 3625 606 3664 cum
655 3613 940 3668 animabus
999 3614 1305 3670 fornicariis
1356 3617 1450 3670 Dei
1486 3618 1718 3672 Verbum
1765 3620 2050 3688 aliquando

483 3704 746 3772 copulari,
805 3720 910 3759 non
967 3705 1251 3772 intellexit,
1311 3715 1370 3760 ut
1415 3722 1512 3775 par
1577 3708 1698 3774 fuit,
1753 3709 1944 3779 quibus
1993 3727 2051 3766 se

485 3795 704 3864 ineptiis
735 3797 1048 3853 involverat.
1077 3798 1448 3854 Honestiorem
1476 3801 1616 3854 enim
1647 3815 1794 3856 certe
1815 3804 2050 3872 prophe-

487 3893 618 3950 tam,
650 3899 809 3953 quam
843 3885 1009 3940 Deum
1037 3888 1276 3940 omnium
1304 3888 1744 3943 honestissimum
1766 3906 1886 3945 esse
1916 3892 2047 3946 vult.

484 3975 676 4031 Annon
727 3978 895 4040 enim,
951 3979 1196 4042 obsecro,
1244 3979 1483 4043 ejusdem
1521 3980 1734 4049 generis
1784 3983 2050 4050 quispiam

486 4081 607 4120 esse
635 4066 852 4132 dixerit,
889 4083 1010 4122 eum
1047 4068 1291 4136 improba
1349 4068 1572 4122 muliere
1601 4070 1914 4138 prophetam
1963 4087 2054 4126 co-

485 4156 680 4224 pulari,
717 4167 916 4211 etcum
968 4157 1244 4212 immunda
1272 4160 1448 4213 anima
1495 4159 1628 4214 velle
1669 4162 2050 4216 commercium

484 4249 684 4302 habere
719 4247 810 4301 Dei
843 4247 1107 4303 Verbum?
1135 4248 1270 4304 Puto
1313 4265 1442 4305 sane
1470 4251 1604 4305 nihil
1633 4266 1753 4306 esse
1793 4253 2047 4306 medium.

485 4335 594 4388 Aut
618 4335 780 4405 igitur
801 4351 900 4388 una
926 4351 1044 4390 cum
1078 4337 1168 4392 illo
1202 4347 1256 4392 et
1284 4339 1387 4393 hoc
1420 4349 1636 4409 propter
1665 4341 2050 4396 inconvenien-

488 4428 616 4480 tiam
646 4426 962 4495 repudient;
990 4437 1082 4482 aut
1126 4438 1276 4484 certe
1325 4430 1506 4484 divino
1537 4432 1761 4485 consilio
1817 4433 2051 4486 humana

487 4517 680 4572 cedere
718 4518 1011 4586 patiantur.
1063 4518 1277 4588 Aliquid
1333 4535 1497 4588 porro
1527 4522 1688 4574 etiam
1722 4522 1787 4576 de
1819 4539 2048 4592 evange-

487 4609 606 4664 licis
633 4608 854 4663 Litteris
880 4610 1251 4678 apponendum
1275 4611 1690 4668 reor.Accubuit
1719 4627 1839 4666 cum
1873 4615 2050 4684 publi-

486 4699 642 4753 canis
669 4707 724 4753 et
755 4698 1124 4767 peccatoribus
1168 4699 1424 4754 Dominus
1456 4711 1640 4756 noster
1687 4698 1842 4756 Jesus
1888 4703 2048 4758 Cbri-

486 4798 627 4854 stus,
670 4788 810 4856 quod
863 4787 1054 4842 iterum
1093 4789 1470 4843 criminatores
1503 4789 1760 4845 Phariszei
1799 4792 1930 4846 vitio
1957 4793 2050 4846 da-

486 4879 638 4942 bant,
667 4889 721 4934 et
751 4880 817 4933 ad
845 4887 1063 4934 sanctos
1107 4877 1398 4948 discipulos
1427 4880 1543 4948 ejus
1573 4882 1852 4948 adeuntes,
1883 4882 2050 4937 libere

485 4969 809 5036 objiciebant
839 4987 854 5024 :
890 4986 911 5020 ι
973 4970 1152 5036 Quare
1191 4985 1310 5024 cum
1343 4972 1716 5039 peccatoribus
1763 4973 2052 5028 manducat

487 5070 542 5114 et
591 5061 724 5114 bibit
747 5061 1003 5132 magister
1028 5062 1306 5116 vester"?
1331 5082 1351 5116 ι
1377 5062 1512 5128 Quid
1542 5064 1606 5118 ad
1633 5065 1748 5118 haec
1764 5065 2052 5122 Christus?

489 5167 514 5203 η
541 5149 660 5205 Non
691 5162 771 5205 est
804 5167 938 5220 opus
972 5152 1272 5207 valentibus
1320 5155 1582 5218 medicus,
1642 5157 1735 5210 sed
1787 5157 1926 5212 male
1955 5161 2052 5213 ba-

488 5239 740 5294 bentibns
769 5242 834 5294 ⁸⁸.
865 5261 884 5294 ι
916 5243 1050 5297 Eum
1094 5241 1261 5313 igitur
1289 5252 1344 5298 et
1395 5243 1720 5312 inquinatos,
1767 5257 1819 5301 et
1851 5263 1879 5301 a
1923 5263 2050 5317 pec-

489 5340 611 5384 cato
658 5334 891 5386 nondum
946 5334 1178 5401 ablutos,
1237 5348 1304 5388 ex
1383 5333 1644 5390 immensa
1713 5335 2050 5408 benignitate

490 5421 796 5491 admittere,
827 5436 984 5475 nemo
1003 5424 1083 5477 vel
1111 5439 1300 5493 parum
1323 5422 1555 5478 dubitat.

2150 3253 2353 3324 πόρνην
2385 3251 2634 3324 ἔρχεται,
2682 3253 2775 3306 καὶ
2824 3255 3056 3305 ποιεῖται
3107 3251 3354 3304 σύνοικον
3398 3251 3496 3320 τὴν
3551 3251 3719 3314 οὓτως

2148 3343 2403 3414 αἰσχρὰν,
2450 3345 2482 3414 ἢ
2541 3344 2938 3415 προστέτακται
2971 3341 3122 3414 παρὰ
3166 3343 3342 3408 Θεοῦ;
3388 3341 3719 3412 Τεθαύμακα

2148 3437 2204 3490 δὲ
2234 3437 2383 3490 οὐδὲν
2411 3431 2571 3506 ἦττον
2620 3435 2713 3490 τοῦ
2757 3433 3173 3488 κατασκώπτειν
3203 3433 3477 3497 ἐθέλοντος
3522 3434 3592 3486 τὰ
3630 3433 3719 3489 ἐπ’

2150 3527 2297 3597 αὑτῷ
2325 3527 2704 3598 γεγραμμένα,
2747 3527 2838 3580 καὶ
2864 3527 2962 3596 τῆς
2994 3525 3233 3596 ἱστορίας
3259 3525 3320 3577 τὸ
3349 3525 3583 3595 ἀτερπὲς
3612 3526 3720 3577 δια-

2152 3617 2335 3688 σύρειν
2399 3617 2897 3687 ἀποτολμήσαντος.
2955 3615 3218 3687 Ἀναιρῶν
3271 3615 3380 3686 γὰρ
3426 3615 3487 3667 τὺ
3537 3613 3721 3684 χρῆμα

2149 3709 2236 3762 διὰ
2277 3709 2337 3761 τὸ
2369 3709 2586 3774 ἄτοπον,
2627 3709 3090 3780 διισχυριζόμενός
3122 3725 3179 3760 τε
3211 3708 3304 3763 καὶ
3340 3708 3480 3776 μάλα
3516 3706 3722 3774 σαφῶς,

2151 3801 2226 3863 ὡς
2254 3801 2314 3852 ού
2349 3801 2522 3874 πόρνῃ
2552 3802 2770 3869 γυναικὶ
2801 3801 3193 3871 κεκοινώνηκεν
3217 3802 3244 3853 ό
3277 3802 3578 3869 προφήτης,
3608 3797 3721 3850 ἀλλ’

2152 3889 2618 3959 ἐκπορνευσάσαις
2643 3890 2840 3960 ψυχαῖς
2875 3890 2901 3941 ὁ
2943 3889 3083 3952 θεῖος
3117 3888 3227 3941 ἐσθ’
3270 3889 3357 3940 ὅτε
3398 3888 3722 3939 συνάπτεται

2152 3981 2342 4046 Λόγος,
2371 3981 2430 4032 οὐ
2462 3982 2705 4051 νενόηκε,
2737 3982 2875 4034 κατά
2903 3981 2962 4033 τὺ
2987 3980 3150 4044 εἰκὸς,
3179 3980 3274 4049 οἴῳ
3308 3977 3722 4049 περιπέπτωκεν

2155 4068 2315 4137 ὓθλῳ.
2344 4071 2673 4143 Σεμνότερον
2705 4071 2833 4142 γὰρ,
2861 4073 2936 4134 ὡς
2966 4071 3129 4135 ἔοικε,
3157 4071 3248 4123 τὸν
3279 4070 3562 4140 προφήτην
3589 4063 3724 4122 εἶναι

2153 4159 2282 4226 γοῦν
2331 4160 2575 4230 βούλεται
2619 4162 2714 4215 τοῦ
2757 4162 3029 4231 πανάγνου
3074 4160 3230 4214 Θεοῦ.
3264 4161 3335 4212 ’Ἠ
3373 4158 3480 4231 γὰρ
3528 4159 3627 4212 οὐκ
3669 4159 3726 4210 ἐν

2155 4248 2253 4320 ἴσῳ
2275 4249 2416 4322 λόγῳ
2454 4252 2587 4322 φαίη
2619 4270 2704 4316 τις
2733 4251 2820 4313 ἂν,
2853 4253 2973 4306 εἰπέ
3011 4270 3119 4322 μοι,
3146 4252 3360 4320 πονηρᾷ.
3387 4250 3605 4316 γυναικὶ
3637 4248 3727 4299 τὸν

2154 4339 2435 4408 προφήτην
2475 4339 2857 4403 συνάπτεσθαι,
2902 4339 2997 4390 καὶ
3025 4338 3085 4388 τὸ
3119 4337 3412 4404 ἀκαθάρτῳ
3438 4336 3579 4404 ψυχῇ
3615 4352 3726 4386 κοι-

2153 4432 2338 4482 νωνεῖν
2388 4427 2601 4480 ἑλέσθαι
2646 4427 2736 4478 τὸν
2766 4425 2855 4477 τοῦ
2900 4423 3035 4476 Θεοῦ
3069 4422 3270 4489 Λόγον;
3318 4423 3453 4474 Ἀλλ’
3483 4420 3634 4492 οἶμαι
3667 4425 3727 4477 τὸ

2083 4515 2125 4568 D
2157 4519 2360 4589 μεταξὺ
2413 4516 2690 4578 παντελῶς
2737 4515 2909 4568 οὐδέν.
2940 4516 3010 4566 Ἦ
3054 4513 3231 4566 τοίνυν
3270 4515 3727 4585 συναναιρούντων

2153 4611 2346 4680 ἐκείνῳ
2390 4611 2484 4662 καλ⁸
2528 4607 2686 4660 τοῦτο
2724 4606 2811 4658 διὰ
2873 4606 2934 4660 τὸ
2981 4607 3202 4670 ἄτοπον,
3253 4607 3422 4676 ήγουν
3469 4609 3728 4676 ἐφιέντων

2154 4701 2381 4755 κατόπιν
2424 4699 2528 4768 τῆς
2575 4698 2724 4761 θείας
2763 4698 2956 4769 βουλῆς
2998 4697 3252 4768 ἔρχεσθαι
3293 4698 3360 4751 τὰ
3391 4698 3722 4769 ἀνθρώπινα.

2153 4793 2365 4863 Χρῆναι
2393 4791 2448 4845 δὲ
2481 4788 2632 4862 οἶμαι
2662 4790 2752 4843 καί
2781 4809 2831 4844 τι
2862 4791 2968 4844 τῶν
3001 4789 3373 4858 εύαγγελικῶν
3402 4791 3728 4861 παραθεῖναι

2156 4883 2524 4955 Γραμμάτων.
2558 4881 2917 4953 Συνανεκλίθη
2967 4880 3225 4945 τελώναις
3259 4882 3350 4934 καὶ
3387 4883 3728 4953 ἁμαρτωλοῖς

2154 4976 2183 5026 ὁ
2208 4974 2410 5044 Κύριος
2430 4973 2585 5042 ἡμῶν
2614 4971 2817 5042 Ἰησοῦς
2841 4973 3091 5042 Χριστὸς,
3116 4971 3228 5025 ἀλλ’
3251 4973 3546 5045 ἐπῃτιῶντο
3568 4971 3726 5025 πάλιν

2154 5066 2205 5118 οἱ
2237 5063 2661 5135 φιλεγκλήμονες
2698 5065 3013 5134 Φαρισαῖοι,
3056 5064 3148 5117 καὶ
3187 5067 3300 5128 τοῖς
3341 5065 3516 5132 ἁγίοις
3562 5081 3726 5134 προσ-

2159 5157 2308 5209 ίεσαν
2356 5155 2620 5227 μαθηταῖς
2663 5157 2985 5226 ἀναφανδὸν,
3032 5155 3304 5224 λέγοντες·
3343 5175 3361 5205 ι
3391 5154 3541 5207 Διατί
3589 5155 3726 5222 μετά

2155 5247 2455 5318 ἀνθρώπων
2485 5247 2820 5318 ἁμαρτωλῶν
2841 5250 2868 5301 ὁ
2895 5247 3212 5310 διδάσκαλος
3245 5246 3397 5316 ὑμῶν
3431 5244 3600 5297 ἐσθίει
3631 5245 3726 5296 καὶ

2157 5339 2328 5406 πίνει;
2363 5357 2382 5390 ι
2420 5338 2484 5392 Τί
2517 5335 2610 5392 οὗν
2645 5338 2778 5409 πρὸς
2802 5338 2973 5392 ταῦτα
3003 5339 3032 5391 ό
3055 5338 3316 5409 Χριστός;
3354 5355 3371 5385 r
3404 5337 3476 5387 Ού
3516 5335 3722 5404 χρείαν,

2155 5432 2341 5501 φησὶν,
2373 5431 2584 5502 ἔχουσιν
2620 5433 2669 5485 οἱ
2721 5432 2994 5501 ἰσχύοντες
3041 5429 3264 5501 ἰατρῶν,
3311 5427 3426 5480 ἀλλ’
3452 5427 3501 5478 οἱ
3541 5424 3726 5485 κακῶς

489 5509 724 5579 ἔχοντες.
751 5526 770 5560 ι
803 5510 924 5560 Ὅτι
965 5510 1060 5578 μὲν
1088 5507 1180 5565 οὖν
1211 5513 1305 5565 καὶ
1348 5512 1805 5584 μεμολυσμένους,
1858 5515 1952 5568 καὶ
2015 5516 2436 5589 ἐκνενιμμένους
2475 5519 2629 5574 οὔπω
2667 5520 2765 5591 τὴν
2814 5520 3106 5592 ἁμαρτίαν,
3149 5517 3208 5584 ἐξ
3255 5516 3561 5586 ἀμετρήτου
3606 5515 3727 5584 φιλ-

489 5601 807 5671 ανθρωπίας
861 5603 1142 5672 προσίεται
1213 5605 1381 5672 Θεὸς,
1429 5606 1677 5678 ἐνδοιάσῃ
1724 5623 1809 5670 τις
1860 5608 1929 5662 ἂν
1979 5608 2252 5678 οὐδαμῶς.

563 5789 736 5847 “lsa.
777 5804 870 5855 xx,
908 5784 962 5840 Ξ.
1042 5787 1087 5818 δ’
1127 5783 1312 5840 Matth.
1357 5801 1432 5851 Ix,
1475 5785 1560 5839 Η.
1639 5786 1686 5818 ⁸⁸
1723 5784 1853 5840 ibid.
1897 5785 1982 5840 l2.
