4098 6276
371 345 446 401 33

1288 339 1836 396 COMMENTARIUS
1877 339 1942 394 ΙΝ
1981 338 2207 395 OSEAM
2251 339 2692 400 ΡΠΟΡΙΙΕΤᾹΜ.

3548 339 3620 404 54

440 459 650 527 Χρῆναι
698 457 753 511 δὲ
799 458 879 511 δεῖ
914 457 1148 528 μάλιστα
1195 457 1295 529 τῆς
1340 457 1484 512 κατὰ
1531 457 1624 510 τὸν
1675 459 1931 529 μακάριοι

2117 459 2355 515 Historia
2387 471 2570 517 autem
2599 461 2667 516 de
2705 462 2866 517 beato
2893 461 3033 516 Osca
3101 464 3408 532 neutiquam
3451 464 3618 533 turpi-

382 547 540 621 Ὠσηέ
574 549 869 619 γενομένης
918 549 1165 618 ἱστορίας
1215 549 1286 619 μὴ
1340 548 1646 620 καθορίζειν
1684 550 1744 602 τὸ
1773 549 1946 602 ἀκαλ-

368 636 477 704 λὲς,
504 637 819 709 γραφούσης
861 639 991 708 ἡμῖν
1024 639 1110 706 ἐφ’
1131 639 1334 709 ἑαυτῆς
1370 639 1688 707 παγκάλως,
1715 642 1795 694 ὃτι
1827 640 1945 710 βδε-

368 728 548 799 λυροῖς
593 729 688 782 καὶ
718 729 1050 799 ἀκαθάρτοις
1083 724 1232 782 οῦσιν
1283 731 1393 795 ἔτι,
1436 731 1533 801 τὴν
1574 732 1704 801 παρ’
1749 732 1975 796 ἑαυτοῦ,

369 819 740 889 πνευματικὴν
764 821 1044 874 κοινωνίαν
1072 821 1100 872 6
1133 821 1274 884 θεῖος
1299 823 1428 892 ἡμῖν
1452 822 1729 892 χαρίζεται
1748 823 1941 892 Λόγος.

373 914 517 984 Ἔφη
567 915 746 967 τοίνυν
787 916 815 966 6
846 915 954 968 τῶν
988 915 1123 970 ὃλων
1169 915 1300 980 Θεὸς
1351 917 1487 986 πρὸς
1539 917 1629 970 τὸν
1673 919 1942 989 μακάριον

380 1005 564 1074 Ὠσηέ·
595 1024 612 1057 ι
642 1006 852 1069 Βάδιζε,
886 1005 1018 1059 λάϐε
1044 1006 1255 1077 σεαυτῷ
1284 1008 1515 1074 γυναῖκα
1538 1008 1814 1078 πορνείας,
1847 1011 1941 1064 καὶ

363 1094 528 1148 τέκνα
559 1097 834 1168 πορνείας.
861 1115 880 1147 ι
931 1097 1153 1167 Δέχεται
1194 1097 1250 1150 δὲ
1295 1097 1394 1167 τὴν
1427 1098 1627 1169 Γόμερ,
1671 1099 1768 1168 οὑχ
1811 1100 1938 1168 ήδυ-

364 1186 593 1250 παθείας
624 1188 833 1258 εὕρεμα
859 1188 920 1240 τὸ
947 1189 1134 1259 χρῆμα
1166 1188 1506 1258 ποιούμενος,
1531 1190 1642 1243 ἀλλ’
1693 1192 1940 1263 ὑπακοῆς

364 1275 458 1328 καὶ
488 1275 760 1339 διακονίας
805 1276 966 1348 ἔργον
997 1277 1350 1348 ἀποπληρῶν,
1396 1279 1488 1330 καὶ
1537 1280 1814 1350 ὑπηρέτης
1842 1281 1936 1333 τοῦ

361 1365 533 1418 τύπου
557 1367 859 1436 γινόμενος,
889 1367 948 1420 ὃν
979 1367 1142 1420 αὑτὸν
1179 1368 1244 1438 δὴ
1274 1368 1420 1438 μάλα
1453 1369 1709 1439 ἐροῦμεν,
1739 1373 1798 1424 ἐν
1826 1375 1937 1433 τοῖς

363 1460 642 1526 σαρκικοῖς
692 1458 784 1510 καὶ
821 1458 1204 1530 γεωδεστέροις
1259 1459 1685 1529 διαμορφοῦντα,
1713 1460 1788 1524 ὡς
1825 1461 1936 1525 ἔνι,

360 1548 428 1600 τά
478 1535 839 1618 πνευματικά.
873 1548 1106 1618 Ᾱίτιῷτο
1142 1549 1188 1602 δ’
1233 1549 1322 1613 ἂν,
1364 1545 1552 1620 οἶμαι,
1605 1552 1688 1613 τὶς
1731 1552 1830 1604 ούκ
1877 1553 1936 1604 ἐν

361 1641 550 1710 κόσμῳ
578 1641 762 1694 λοιπὸν
791 1642 880 1694 τὸν
909 1642 1002 1696 τοῦ
1034 1643 1314 1712 προφήτου
1346 1643 1563 1698 σκοπόν,
1592 1644 1664 1696 Τὸ
1695 1644 1802 1714 γὰρ
1827 1643 1937 1696 ἐλέ-

362 1731 490 1785 σθαι
525 1734 744 1802 γαμεῖν,
775 1734 867 1785 καὶ
912 1733 1120 1801 γυναίῳ
1171 1732 1554 1795 συνάπτεσθαι,
1604 1734 1698 1785 καὶ
1729 1733 1933 1786 τέκνων

359 1823 512 1894 ἐρᾷν,
539 1824 566 1875 6
591 1823 690 1892 τῆς
729 1823 1082 1876 θεοπνεύστου
1113 1824 1336 1894 Γραφῆς
1359 1825 1458 1877 οὐκ
1489 1823 1720 1894 ἐξείργει
1755 1824 1930 1892 λόγος,

364 1913 562 1984 μᾶλλον
599 1913 655 1966 δέ
693 1913 883 1983 μώμου
923 1915 1016 1967 καὶ
1072 1913 1324 1983 διαϐολῆς
1367 1914 1695 1968 ἀπαλλάττει
1727 1932 1930 1967 πάντα·

358 2007 454 2076 χοῦ
475 2023 487 2036 ·
527 2025 543 2057 ι
574 2006 764 2076 Τίμιος
800 2005 906 2076 γὰρ
933 2007 962 2058 6
997 2005 1196 2075 γάμος,
1224 2007 1316 2058 καὶ
1346 2008 1378 2075 ή
1409 2005 1562 2076 κοίτη
1601 2007 1880 2075 ἀμίαντος,
1909 2026 1926 2058 ι

358 2098 498 2153 κατὰ
538 2098 636 2166 τήν
670 2097 764 2150 τοῦ
805 2097 1076 2168 μακαρίου
1119 2097 1335 2150 Παύλου
1383 2099 1586 2168 φωνήν.
1629 2097 1837 2166 Ἐφειτο
1877 2099 1933 2151 δὲ

357 2190 466 2250 τοῖς
498 2188 737 2240 ἐθέλουσι
776 2186 1054 2239 διαϐιῶναι
1092 2185 1290 2254 ὀρθῶς,
1319 2187 1413 2238 καὶ
1442 2186 1533 2238 τὸν
1562 2185 1815 2256 ἐνάρετόν
1871 2202 1931 2237 τε

357 2277 452 2330 καὶ
477 2276 676 2345 εὐσεδῆ
707 2275 1048 2344 κατορθῶσαι
1075 2273 1210 2343 βίον,
1251 2273 1351 2326 κᾶν
1375 2275 1423 2326 εί
1458 2274 1661 2326 τέκνων
1692 2273 1932 2343 εὔχοιντο

355 2368 537 2437 γονάς.
566 2366 760 2418 Διεϐίω
807 2366 914 2436 γάρ
953 2365 1124 2428 οὕτως
1168 2367 1196 2418 6
1232 2364 1497 2435 μακάριος
1533 2365 1806 2435 Ἀϐραάμ,
1838 2383 1932 2433 γε-

357 2459 544 2527 γόνασι
576 2458 630 2510 δὲ
663 2459 756 2510 καὶ
785 2459 834 2510 οἱ
871 2459 987 2528 μετ’
1016 2456 1180 2510 αὑτὸν
1216 2455 1490 2526 εὐδόκιμοι
1520 2456 1668 2526 παρά
1696 2456 1832 2526 Θεῷ.
1865 2456 1929 2508 Τί

355 2545 466 2614 οὖν,
495 2550 618 2602 είπέ
659 2567 767 2620 μοι,
793 2547 854 2601 τὸ
885 2549 1084 2602 ἄτοπον
1111 2563 1126 2612 ;
1155 2547 1187 2616 ἢ
1221 2547 1339 2608 πῶς
1372 2546 1436 2599 ἂν
1479 2547 1613 2609 ὅλως
1646 2547 1929 2616 διαϐεσλή-

357 2657 509 2693 σεται
538 2641 599 2692 τὸ
632 2640 705 2710 μὴ
753 2639 1051 2708 ἀνήνασθαι
1089 2638 1286 2707 γάμον,
1317 2637 1452 2690 Θεοῦ
1501 2637 1929 2705 προστάττοντος

354 2730 657 2802 γράφεσθαί
689 2749 741 2783 τι
788 2731 896 2783 τῶν
931 2730 1334 2800 πνευματικῶν,
1383 2730 1477 2782 καὶ
1508 2731 1818 2797 ἀναγκαίων
1850 2732 1928 2792 εἰς

353 2823 541 2892 ὄνησιν
578 2825 689 2885 τοῖς
716 2822 1118 2892 ἐντευξομένοις
1146 2827 1203 2876 ἐν
1239 2825 1349 2884 τοῖς
1385 2825 1712 2892 σωματικοῖς
1743 2839 1800 2874 τε
1838 2824 1928 2875 καὶ

353 2911 668 2980 αἰσθητοῖς;
707 2911 875 2982 Φαίην
904 2911 947 2964 δ’
975 2911 1039 2964 ἂν
1077 2911 1252 2980 ἔγωγε
1300 2911 1618 2974 καταδείσας
1647 2913 1816 2974 οὐδὲν,
1847 2913 1926 2965 ὅτι

353 3001 446 3057 καὶ
478 3001 713 3053 σέσωκεν
739 3003 766 3053 6
799 3002 1079 3071 προφήτης
1110 3000 1204 3072 τὴν
1234 3000 1432 3070 Γόμερ.
1477 2999 1700 3053 Γύναιον
1728 3000 1834 3071 γάρ
1866 3001 1927 3053 τὸ

2049 550 2250 606 tudinis
2277 552 2515 606 notanda
2541 562 2646 617 est,
2673 553 2726 607 in
2752 568 2860 622 qua
2892 552 3257 622 pulcherrime
3291 555 3615 615 ostenditur,

2044 655 2152 709 quo
2179 650 2339 708 pacto
2361 641 2518 697 nobis
2547 637 2726 697 adhuc
2775 644 3057 698 sceleratis
3084 653 3138 698 et
3168 644 3460 698 immundis
3500 644 3615 712 spi-

2043 731 2291 786 ritualem
2316 747 2467 786 suam
2502 735 2942 789 communionem
2976 735 3219 790 divinum
3246 734 3480 790 Verbum
3509 733 3616 786 lar-

2041 823 2243 892 giatur.
2283 822 2588 892 Alloquitur
2616 839 2748 894 ergo
2806 826 3182 880 universorum
3224 827 3366 883 Deus
3399 826 3614 881 beatum

2041 913 2233 969 Oscam
2274 915 2326 968 in
2368 915 2511 970 hunc
2547 917 2761 970 modum
2793 932 2807 969 :
2839 935 2858 967 ‹
2903 917 3070 982 Vade,
3113 921 3296 988 accipe
3339 919 3432 974 tibi
3485 934 3615 973 uxo-

2042 1021 2152 1062 rem
2199 1006 2578 1062 fornicationis
2617 1017 2670 1062 et
2721 1007 2858 1061 filios
2922 1006 3312 1064 fornicationis.
3347 1030 3365 1060 ι
3406 1011 3617 1079 Accipit

2041 1105 2223 1152 autem
2281 1095 2503 1163 Gomer,
2550 1113 2656 1150 non
2705 1106 2764 1150 ut
2812 1097 2934 1150 inde
2983 1097 3268 1152 materiam
3326 1101 3614 1168 voluptatis

2037 1188 2485 1251 nancisceretur;
2509 1188 2602 1243 sed
2630 1199 2691 1242 ut
2728 1188 2960 1242 ministri
3007 1189 3362 1264 Obsequentis
3379 1189 3613 1244 cilicium

2038 1278 2308 1346 impleret,
2370 1288 2428 1332 ut
2479 1289 2605 1349 typo
2658 1278 3023 1348 praeservirct,
3075 1295 3234 1349 quem
3281 1281 3451 1349 ipsmn
3493 1297 3615 1337 esse

2039 1369 2378 1438 potissimum
2412 1369 2671 1432 dicemus,
2708 1369 2761 1422 in
2791 1370 3122 1434 carnalibus,
3156 1382 3211 1425 et
3247 1372 3476 1426 terrenis
3501 1373 3614 1442 spio

2039 1459 2278 1524 ritualia,
2336 1469 2392 1513 ut
2438 1460 2581 1524 licet,
2643 1470 3144 1528 repracsentantem.
3187 1463 3292 1533 16
3353 1463 3614 1532 Deinceps

2037 1551 2314 1618 prepheta:
2363 1564 2586 1618 scopum
2614 1548 2667 1602 in
2712 1551 2871 1604 modo
2909 1560 2964 1605 et
2999 1553 3209 1607 ratione
3252 1568 3410 1609 nemo
3454 1570 3614 1610 accu-

2035 1642 2194 1697 sabit.
2238 1640 2388 1696 Velle
2417 1640 2560 1694 enim
2612 1640 2822 1695 uxoriis
2873 1641 3106 1697 vinculis
3162 1642 3393 1714 alligari,
3433 1650 3610 1701 susci-

2036 1730 2460 1800 piendornmque
2501 1729 2792 1784 liberorum
2829 1729 3005 1784 Studio
3057 1732 3253 1795 teneri,
3286 1748 3316 1784 a
3353 1734 3612 1788 divinitus

2037 1822 2296 1890 inspirata
2372 1819 2650 1889 Scriptura
2711 1833 2817 1872 non
2875 1820 3190 1889 prohibetur
3234 1823 3413 1892 :quin
3475 1825 3525 1878 id
3579 1843 3610 1878 ιι

2034 1912 2324 1975 dedecore,
2354 1921 2408 1966 et
2433 1911 2702 1965 calumnia
2754 1910 2952 1980 ubique
2981 1911 3222 1966 defendit
3252 1928 3266 1968 :
3306 1930 3323 1962 ι
3374 1911 3612 1966 Honora.

2034 2002 2140 2056 bile
2175 2004 2318 2058 enim
2351 2002 2705 2068 connubium,
2739 2012 2792 2056 et
2843 2004 3034 2058 thorus
3091 2002 3548 2070 immaculatus“,
3582 2024 3599 2054 ι

2027 2093 2181 2162 juxta
2240 2095 2380 2149 beati
2441 2094 2591 2147 Pauli
2626 2095 2849 2148 dictum.
2919 2096 3253 2148 Concessum
3297 2105 3381 2149 est
3425 2110 3601 2152 autem

2036 2186 2342 2239 volentibus
2376 2195 2522 2240 recte
2553 2185 2757 2250 vivere,
2790 2197 2844 2239 et
2878 2186 3044 2238 vitam
3075 2185 3271 2240 virtute
3304 2202 3367 2242 ac
3407 2189 3604 2256 pietate

2031 2274 2378 2342 conspicuam
2440 2288 2564 2328 cum
2633 2271 2790 2326 laude
2837 2272 3142 2336 traducere,
3199 2273 3362 2327 ctiam
3427 2274 3604 2340 proles

2031 2374 2240 2432 optare.
2283 2364 2375 2418 Sic
2408 2378 2640 2433 namque
2667 2363 2802 2416 vixit
2836 2363 3024 2418 beatus
3065 2363 3363 2426 Abraham,
3391 2375 3447 2418 et
3476 2379 3604 2434 pos~

2034 2459 2132 2512 teri
2159 2457 2279 2527 ejus
2320 2457 2428 2511 Deo
2468 2457 2521 2510 in
2574 2456 2676 2510 hoc
2707 2464 2850 2510 statu
2893 2456 3227 2524 placuerunt.
3270 2454 3410 2520 Quid
3453 2472 3604 2527 ergo,

2031 2549 2117 2603 die
2147 2550 2298 2615 mihi,
2340 2549 2575 2602 alienum
2612 2557 2715 2612 est,
2768 2557 2860 2600 aut
2901 2548 3119 2601 cuinam
3172 2548 3385 2602 tandem
3418 2549 3604 2602 erimi-

2033 2641 2237 2696 nationi
2289 2641 2514 2709 patebit,
2579 2655 2687 2693 non
2743 2639 2982 2692 aversari
3035 2639 3272 2708 nuptias,
3317 2638 3608 2693 cumDeus

2032 2729 2086 2783 in
2122 2731 2205 2784 his
2250 2729 2558 2798 corporeis,
2603 2738 2662 2781 nt
2707 2744 2924 2782 sensum
2962 2727 3301 2782 moventibus
3331 2729 3604 2798 quidpiam

2030 2820 2334 2890 spirituaie,
2356 2829 2410 2872 et
2446 2818 2664 2872 lecturis
2693 2817 2761 2870 ad
2787 2818 2950 2871 animi
2997 2817 3234 2872 fructum
3267 2820 3608 2876 conducibile

2030 2912 2266 2967 describi
2295 2925 2358 2964 ac
2384 2909 2598 2980 depingi
2623 2907 2848 2976 jusserit
2877 2909 2899 2961 ?
2943 2908 3202 2978 Equidem
3237 2926 3342 2965 non
3380 2913 3608 2965 verebor

2030 3006 2320 3071 allirtnare,
2374 3005 2691 3075 prophetam
2737 3000 2935 3057 Gomer
2979 3007 3140 3059 etiam
3207 3005 3371 3060 saluti
3416 3005 3602 3062 fuisse.

351 3092 520 3154 οὕτως
568 3091 793 3162 αἰσχρὸν
831 3093 923 3144 καὶ
967 3091 1302 3155 πολύκοινον,
1346 3092 1428 3144 ἐνὶ
1464 3091 1728 3144 πέπεικεν
1771 3093 1926 3164 ἀνδρὶ

2033 3097 2399 3151 Huiierculam
2447 3095 2588 3151 enim
2644 3094 2778 3150 adeo
2831 3095 3110 3163 infament,
3148 3096 3438 3167 multisque
3467 3113 3610 3150 com-

349 3183 704 3256 προσκεῖσθαι
743 3185 908 3254 μόνῳ,
941 3184 1034 3236 καὶ
1061 3183 1161 3256 τὴν
1205 3185 1370 3238 πάλαι
1403 3185 1496 3238 καὶ
1527 3185 1694 3256 αὐτὴν
1727 3185 1928 3238 λυποῦ-

351 3291 448 3329 σαν
477 3273 574 3345 τὴν
607 3273 766 3341 φύσιν
798 3274 898 3344 (ὃτι
935 3273 1010 3344 μὴ
1033 3273 1237 3328 τέκνων
1271 3274 1525 3326 ὑπέκειτο
1552 3276 1760 3342 γοναῖς,
1793 3274 1927 3328 ἀλλά

350 3367 469 3428 ταῖς
505 3365 612 3417 τῶν
664 3363 1076 3436 προστυχόντων
1123 3363 1479 3434 ἡδυπαθείαις
1529 3365 1782 3418 πωλοῦσα
1826 3367 1926 3435 τὴν

349 3455 517 3530 ὥραν,
554 3456 822 3526 πέταυρον
862 3451 930 3524 ἧν
967 3453 1219 3519 θανάτου,
1247 3455 1342 3506 καὶ
1375 3454 1536 3524 θύρα,
1569 3456 1662 3508 καὶ
1693 3456 1810 3518 ὁδὸς
1847 3458 1926 3518 εἰς

348 3547 480 3601 αὐτό
511 3564 612 3598 που
653 3546 712 3599 τὸ
747 3546 882 3616 βαθὺ
937 3547 1029 3600 καὶ
1059 3545 1268 3599 λοῖσθον
1297 3547 1678 3615 καταφέρουσα
1717 3546 1924 3616 σκότος)

347 3637 681 3708 ἀποσχέσθαι
704 3637 932 3691 πέπεικε
955 3638 1061 3692 τῶν
1081 3639 1224 3691 οῦτω
1246 3639 1648 3709 διεπτυσμένων
1673 3639 1928 3710 ἐπᾳσμά-

346 3747 452 3783 των
479 3747 538 3782 τε
578 3729 694 3799 ἅμα
743 3730 837 3782 καὶ
881 3730 1316 3802 ἐγχειρημάτων,
1374 3730 1470 3783 καὶ
1502 3731 1706 3784 τέκνων
1751 3731 1924 3784 ἐποίει

349 3820 562 3891 μητέρα
596 3820 819 3890 σεμνήν.
864 3818 938 3872 Τὸ
978 3820 1034 3873 δὲ
1061 3819 1123 3890 δὴ
1155 3821 1229 3890 μὴ
1264 3819 1467 3890 σφόδρα
1501 3819 1781 3889 φροντίσαι
1816 3821 1925 3872 τῶν

347 3911 466 3964 καθ’
510 3910 722 3974 ἑαυτὸν,
773 3909 1026 3975 ἐξανύσαι
1073 3928 1137 3979 γε
1189 3911 1294 3982 μὴν
1347 3910 1562 3964 ἑλέσθαι
1613 3911 1812 3981 μᾶλλον
1866 3911 1926 3964 τὸ

347 4001 517 4071 ἑτέρῳ
555 4003 843 4072 χρήσιμον,
875 4003 969 4054 καὶ
998 4003 1296 4069 ἀναγκαῖον
1339 4003 1419 4065 είς
1449 4002 1743 4072 σωτηρίαν,
1776 4003 1926 4069 ἀγιο-

349 4091 556 4160 πρεπές
601 4091 666 4143 ἂν
706 4091 948 4160 φαίνοιτο
999 4093 1093 4144 καὶ
1120 4093 1446 4160 ὰξιάγαστον
1480 4093 1822 4163 σπούδασμα.
1854 4094 1924 4145 Ἦ

348 4180 460 4247 γὰρ
506 4178 604 4246 οὑχ
649 4179 792 4230 οῦτω
839 4181 933 4231 καλ⁸
973 4181 1194 4233 ἐπαίνου
1247 4181 1444 4242 παντὸς
1485 4181 1789 4251 ἀξιώσομεν
1831 4181 1924 4235 τὸν

352 4266 626 4342 μακάριον
653 4270 938 4338 προφήτην
973 4270 1222 4332 Ἡσαΐαν,
1252 4273 1300 4322 εὶ
1329 4271 1418 4323 τὸν
1447 4272 1765 4340 χιτωνίσκον
1794 4273 1925 4326 ἀπο-

345 4359 460 4426 δὺς,
510 4357 920 4428 ὑπολυσάμενος
948 4359 1005 4412 δὲ
1050 4361 1144 4414 καὶ
1184 4361 1249 4414 τὰ
1281 4361 1571 4428 σανδάλια,
1619 4363 1713 4416 καὶ
1743 4363 1921 4432 ὀλίγου

2036 3205 2252 3244 munem
2304 3205 2368 3244 eo
2409 3193 2698 3259 promovit,
2749 3202 2808 3246 ut
2860 3189 2950 3244 uni
3001 3189 3116 3242 viro
3166 3189 3602 3243 adhaeresceret:

2032 3291 2088 3337 et
2119 3297 2238 3350 qua‘
2264 3282 2469 3350 pridem
2520 3283 2687 3349 ipsam
2724 3295 2941 3352 quoque
2972 3289 3219 3333 naturam
3252 3279 3608 3333 contristabat

2033 3372 2243 3444 (neque
2267 3373 2408 3428 en‘im
2442 3373 2608 3443 prolis
2639 3374 2884 3428 tollendze
2931 3387 3094 3426 causa
3125 3370 3177 3425 id
3209 3369 3474 3434 faciebat;
3513 3373 3606 3424 Sed

2033 3465 2403 3520 accedentium
2436 3466 2501 3519 ad
2525 3478 2584 3519 se
2607 3465 2926 3518 libidinibus
2955 3463 3182 3516 formam
3237 3462 3494 3524 vendens,
3530 3461 3608 3514 la-

2033 3572 2204 3626 queus
2232 3567 2352 3610 erat
2384 3557 2597 3623 mortis,
2625 3565 2679 3610 et
2699 3555 2862 3624 janua
2891 3570 2955 3609 ac
2991 3555 3074 3608 via
3114 3555 3166 3607 in
3207 3555 3352 3623 ipsas
3383 3554 3606 3623 profun-

2033 3649 2130 3703 das
2172 3658 2227 3703 et
2272 3657 2545 3703 extremas
2599 3647 2847 3702 tenebras
2891 3643 3236 3715 deducens),
3263 3645 3310 3698 ei
3338 3646 3606 3713 persuasit

2033 3737 2309 3792 abstinere
2333 3739 2398 3792 ab
2437 3739 2572 3790 adeo
2595 3736 2925 3805 despuendis
2953 3733 3376 3789 incantamentis
3400 3742 3453 3787 et
3472 3747 3605 3799 cpe-

2033 3829 2203 3893 ribus,
2265 3828 2653 3896 honestamque
2705 3827 2996 3882 liberorum
3068 3833 3345 3892 parentem
3398 3823 3601 3880 effecit.

2033 3921 2184 3986 Quod
2229 3928 2408 3974 autem
2441 3921 2508 3975 de
2560 3935 2620 3974 se
2663 3934 2852 3990 parum
2904 3917 3189 3982 sollicitus,
3247 3917 3425 3987 potius
3459 3920 3602 3987 quod

2031 4011 2187 4066 alteri
2219 4012 2373 4076 utile,
2417 4020 2471 4066 et
2503 4013 2568 4065 ad
2623 4011 2852 4067 salutem
2910 4011 3274 4066 necessarium
3301 4009 3460 4074 foret,
3490 4026 3604 4063 am-

2031 4100 2221 4168 plexus
2243 4111 2347 4164 est,
2385 4101 2676 4170 praeclarus
2704 4109 2950 4164 conatus,
2978 4109 3239 4153 etsancto
3259 4100 3376 4152 viro
3411 4100 3604 4167 dignus

2029 4189 2149 4244 fuit.
2185 4192 2265 4243 An
2299 4191 2441 4244 enim
2477 4205 2583 4244 non
2625 4192 2697 4243 ita
2737 4191 2886 4242 omni
2927 4189 3310 4257 praedicatione
3366 4189 3604 4243 cohone-

2029 4281 2279 4334 standum
2316 4279 2657 4332 censebimus
2702 4280 2916 4332 beatum
2977 4276 3196 4344 Isaiam,
3241 4278 3406 4347 quod,
3440 4289 3601 4334 exuta

2031 4369 2268 4424 tunicula
2323 4368 2623 4437 solutisque
2666 4369 2945 4434 sandaiiis,
2997 4377 3054 4423 et
3098 4378 3414 4437 contempta
3451 4370 3601 4437 peni-

348 4451 624 4515 παντελῶς
652 4451 892 4518 ἀξιώσας
924 4451 1083 4520 λόγου
1112 4453 1208 4524 τὴν
1255 4455 1570 4525 εὐκοσμίαν,
1604 4457 1925 4527 περιεπάτει

2033 4471 2114 4516 tus
2171 4460 2412 4515 decentia
2463 4470 2796 4529 ornatuque,
2835 4460 3008 4514 nudus
3040 4459 3493 4524 obambulavit",
3545 4470 3599 4512 ut

345 4543 568 4613 γυμνὸς,
601 4543 686 4596 ἵνα
717 4543 818 4613 τῆς
847 4543 1111 4614 ἐσομένης
1157 4546 1531 4615 αἰχμαλωσίας
1563 4551 1675 4610 τοῖς
1722 4547 1779 4613 ἐξ
1823 4550 1924 4600 Ἱσ-

349 4634 484 4705 ραὴλ
496 4633 823 4705 παραδείξας
843 4635 902 4688 τὸ
926 4637 1133 4706 σχῆμα,
1161 4636 1280 4706 Θεῴ
1311 4637 1714 4709 προ[σ1κεῖσθαι
1749 4657 1927 4708 παρα-

349 4727 588 4798 σκευάσῃ
617 4727 836 4794 λοιπόν;
865 4729 929 4780 Τί
957 4729 1034 4794 δὲ,
1077 4729 1198 4782 είπέ
1231 4747 1321 4800 μοι
1343 4769 1356 4793 ,
1396 4731 1492 4784 καὶ
1531 4733 1560 4784 6
1600 4730 1762 4800 σοφὸς
1795 4733 1928 4801 ἡμῖν

347 4817 560 4879 Παῦλος
587 4819 686 4870 οὐκ
714 4819 949 4887 ἔφασκεν
975 4820 1247 4891 ἐναργῶς·
1292 4839 1308 4871 ι
1338 4821 1599 4892 Ηύχόμην
1625 4823 1733 4893 γάρ
1766 4822 1929 4884 αὐτὸς

347 4903 459 4972 ἐγὼ
483 4905 730 4975 ἀνάθεμα
758 4902 894 4960 εἶναι
921 4909 1029 4962 ἀπὸ
1053 4908 1147 4962 τοῦ
1175 4909 1440 4980 Χριστοῦ,
1467 4911 1607 4982 ὑπὲρ
1639 4911 1747 4964 τῶν
1775 4912 1926 4965 ἀδελ·
1953 4943 1956 4948 -

349 4994 465 5062 φῶν
495 5012 616 5064 μου,
644 4995 752 5048 τῶν
779 5000 1048 5066 συγγενῶν
1078 5018 1176 5070 μου
1197 5002 1305 5053 τῶν
1335 5002 1476 5056 κατὰ
1505 5003 1712 5073 σάρκα;
1743 5021 1760 5053 ι
1791 5003 1925 5072 Οὐχὶ

348 5088 404 5142 δὲ
435 5089 530 5141 καὶ
557 5091 672 5152 τοῖς
703 5092 833 5141 πᾶσι
865 5091 1118 5158 γενέσθαι
1145 5092 1212 5145 τὰ
1242 5093 1420 5146 πάντα
1454 5094 1638 5163 φησὶν,
1677 5095 1762 5146 ἵνα
1790 5094 1925 5146 πάν-

348 5195 454 5241 τως
497 5179 649 5242 τινὰς
685 5179 867 5251 σώσῃ,
914 5184 1006 5234 καὶ
1041 5183 1320 5251 γεγονέναι
1359 5185 1456 5253 μὲν
1498 5188 1612 5247 τοῖς
1651 5184 1924 5247 Ἰουδαίοις

349 5266 424 5328 ὡς
461 5265 731 5332 Ἰουδαῖος,
762 5272 872 5332 τοῖς
905 5271 1124 5340 ἀνόμοις
1159 5273 1234 5335 ὡς
1261 5273 1477 5342 ἄνομος,
1522 5274 1596 5342 μὴ
1625 5273 1700 5325 ῶν
1728 5274 1924 5340 ἄνομος

349 5356 486 5426 Θεῷ,
527 5358 639 5410 ἀλλ’
682 5358 903 5428 ἔννομος
947 5359 1187 5430 Χριστῷ,
1267 5361 1352 5413 ἵνα
1431 5362 1577 5432 σώσῃ
1627 5363 1751 5424 τοὺς
1798 5363 1924 5414 ἀνό-

355 5464 514 5516 μους;
564 5449 672 5501 Καὶ
691 5451 743 5501 τί
779 5450 858 5503 ἔτι
889 5450 1061 5504 ταῦτα
1085 5453 1248 5519 λέγω,
1293 5453 1354 5504 τὸ
1385 5451 1464 5504 ἐτι
1503 5453 1684 5520 μεῖζον
1729 5454 1921 5520 ἁφείς;

350 5537 428 5588 ὅτι
461 5539 553 5590 καὶ
582 5541 743 5604 αὐτὸς
772 5543 797 5594 6
828 5542 1127 5614 μονογενής
1164 5541 1255 5595 τοῦ
1285 5543 1418 5595 Θεοῦ
1447 5542 1635 5610 Λόγος,
1659 5544 1740 5596 ἵνα
1775 5543 1921 5614 σώσῃ

423 5713 464 5769 ιι
497 5713 658 5772 llebr.
693 5732 808 5785 χιιι,
842 5720 896 5774 4.
971 5722 1015 5754 ⁵³
1055 5721 1157 5776 isa.
1197 5737 1287 5790 xx,
1347 5722 1400 5776 2.

1482 5725 1524 5754 ⁵³
1565 5723 1721 5777 Rom.
1765 5738 1840 5790 ιγ,
1878 5723 1928 5774 5.

2034 4554 2226 4607 futurze
2277 4552 2610 4621 captivitatis
2655 4552 2842 4606 habitu
2898 4549 3156 4604 lsraelitis
3208 4551 3601 4611 demonstrato,

2028 4644 2136 4698 Deo
2185 4643 2306 4698 illos
2362 4644 2414 4697 in
2470 4655 2744 4712 posterum
2806 4643 3085 4696 adhaerere
3133 4641 3383 4694 faceret?
3414 4638 3600 4705 Quid?

2025 4749 2200 4788 annon
2228 4744 2280 4788 et
2302 4734 2518 4803 sapiens
2557 4733 2645 4786 ille
2689 4729 2891 4787 Paulus
2931 4731 3089 4786 nobis
3131 4741 3317 4800 aperte
3346 4729 3596 4783 dicebat:

2032 4843 2050 4875 ι
2082 4824 2346 4893 Optabam
2391 4825 2534 4878 enim
2561 4839 2660 4894 ego
2691 4824 2806 4894 ipse
2839 4825 3125 4877 anathema
3161 4835 3284 4875 esse
3321 4835 3353 4874 a
3382 4819 3600 4874 Christo

2027 4932 2126 4985 pro
2163 4915 2424 4970 fratribus
2452 4915 2611 4981 meis,
2642 4915 2733 4984 qui
2759 4923 2886 4970 sunt
2927 4914 3138 4980 cognati
3163 4913 3267 4965 mei
3302 4910 3598 4964 secundum

2031 5007 2355 5062 carnem"?
2387 5025 2407 5059 ι
2456 5006 2647 5060 Annon
2687 5006 2850 5061 etiam
2880 5004 3132 5059 omnibus
3174 5001 3355 5056 omnia
3398 4999 3599 5052 factum

2032 5112 2090 5151 se
2125 5096 2432 5163 confitetur,
2482 5103 2542 5150 ut
2586 5110 2777 5150 omnes
2813 5093 3016 5149 faceret
3053 5090 3277 5147 salvos?
3310 5099 3365 5144 et
3392 5087 3592 5141 factum

2031 5187 2248 5256 quidem
2287 5185 2490 5241 Judaiis
2529 5185 2849 5241 utJudaeum
2877 5200 2894 5239 :
2919 5185 2984 5240 iis
3011 5182 3102 5251 qui
3132 5181 3248 5236 sine
3279 5179 3394 5248 lege
3425 5186 3600 5242 erant,

2032 5275 2185 5345 quasi
2227 5276 2342 5330 sine
2359 5276 2473 5346 lege
2498 5287 2665 5341 esset,
2698 5291 2822 5330 cum
2856 5277 2975 5330 sine
3021 5273 3138 5339 lege
3183 5270 3275 5324 Dei
3305 5285 3410 5325 non
3436 5277 3600 5327 esset,

2031 5368 2126 5419 sed
2154 5365 2207 5417 in
2269 5363 2383 5432 lege
2437 5375 2582 5420 esset
2629 5364 2856 5428 Christi,
2908 5371 2966 5417 ut
3005 5358 3343 5417 Iucrifaceret
3379 5375 3476 5414 eos
3511 5358 3601 5425 qui

2029 5455 2148 5508 sine
2184 5454 2302 5522 lege
2353 5455 2588 5508 erant“.
2649 5455 2716 5508 Et
2750 5455 2879 5520 quid
2927 5464 3027 5519 ego
3065 5450 3166 5502 ista
3211 5461 3603 5509 commemoro,

2031 5547 2174 5614 quod
2227 5543 2400 5611 majus
2457 5555 2540 5598 est
2591 5542 2827 5599 relicto?
2864 5541 3040 5610 ipsum
3082 5542 3212 5598 item
3269 5537 3604 5610 unigenitum

1997 5722 2052 5794 ,⁵⁸
2093 5721 2111 5775 l
2147 5724 2271 5778 (lor.
2329 5736 2405 5788 ιιι,
2446 5719 2644 5774 9.0-9.2.
