4098 6276
514 336 587 394 55
1528 333 1588 389 S.
1623 331 1900 388 CYRILLI
1939 329 2409 389 ALEXANDRINI
2445 332 2766 390 ARCHIEP.
3691 339 3761 394 56

514 454 611 511 Dei
662 451 764 524 17
830 449 1085 517 Verbum,
1135 459 1198 506 ut
1246 451 1484 507 salvaret
1535 452 1829 507 humanum
1894 466 2080 523 genus,

2183 452 2245 506 τὸ
2275 451 2615 524 ἀνθρώπινον
2663 452 2839 520 γένος,
2869 470 2889 504 ι
2917 453 3030 524 Οὐχ
3082 450 3376 522 ἁρπαγμὸν
3408 451 3664 524 ,ἡγήσατο
3703 456 3762 509 τὸ

521 563 543 597 ι
576 557 682 599 non
711 541 953 610 rapinam
997 540 1318 594 arbitratum
1366 550 1471 606 est,
1502 555 1625 596 esse
1675 541 1882 610 aequale
1942 541 2082 609 Deo;

520 634 610 689 sed
662 647 723 688 se
754 631 926 699 ipsum
983 630 1304 696 exinanivit,
1337 629 1567 685 formam
1617 631 1758 684 servi
1793 630 2082 700 accipiens,

519 740 570 779 tn
598 719 1004 778 similitudinem
1045 720 1321 775 hominum
1352 721 1581 780 factum.
1627 732 1681 775 et
1726 721 1999 775 inventum
2032 732 2087 776 ut

518 818 673 869 homo
702 813 771 879 ⁸⁸,
817 811 1077 869 sustinuit
1124 827 1343 868 crucem
1370 852 1386 878 ,
1454 812 1771 868 confusione
1843 824 2087 868 content-

516 912 604 973 pta
628 904 695 959 “.
725 922 745 955 ι

581 993 729 1050 Nihil
808 1008 939 1066 ergo
1001 995 1221 1057 mirum,
1281 994 1324 1048 si
1371 993 1586 1063 paulum
1631 1002 1783 1048 extra
1833 993 2085 1049 decorum

512 1100 761 1157 egressus
804 1088 1092 1158 propheta,
1146 1088 1371 1143 salvavit
1418 1087 1641 1152 Gomer,
1691 1099 1745 1143 et
1798 1088 2088 1142 muliercu-

514 1178 619 1231 latn
676 1178 941 1246 perditam
1001 1179 1066 1233 ad
1125 1192 1334 1233 morum
1394 1179 1730 1234 honestatem
1791 1180 2084 1235 revocavit.

518 1268 673 1324 Utilis
699 1278 903 1335 autem,
938 1278 993 1324 et
1030 1271 1346 1325 necessaria:
1410 1271 1486 1324 rei
1542 1284 1704 1324 causa
1751 1271 1912 1324 Deum
1943 1285 2091 1323 man-

515 1359 698 1422 dasse,
738 1360 814 1413 uti
847 1360 1175 1414 muliercula:
1210 1360 1609 1430 conjngaretur,
1648 1362 1829 1414 statim
1871 1361 2085 1431 plenam

515 1451 673 1505 [idem
707 1451 920 1512 astruit.
975 1452 1075 1504 hac
1122 1452 1187 1506 de
1217 1466 1379 1505 causa
1414 1452 1541 1504 illud
1584 1453 1866 1507 mandasse
1889 1452 2087 1507 conﬁr-

513 1553 705 1594 mans:
743 1556 762 1591 t
798 1538 932 1605 Quia
992 1538 1267 1595 fornicans
1331 1540 1687 1595 fornicahitur
1773 1550 1915 1595 terra
1968 1550 2088 1610 post

516 1627 702 1683 Deum.
731 1629 796 1683 Et
825 1629 977 1696 abiit,
1021 1639 1077 1684 et
1101 1630 1307 1698 accepit
1344 1629 1563 1692 Comer,
1603 1630 1762 1684 filiam
1789 1630 2085 1695 Debelaim,

512 1725 568 1769 et
605 1717 876 1784 concepit,
935 1726 990 1771 et
1043 1719 1252 1787 peperit
1302 1719 1351 1773 ei
1400 1719 1588 1775 lilium.
1628 1739 1647 1772 ι
1694 1720 1808 1777 Non
1852 1722 2084 1775 futuram

2184 542 2325 598 εἶναι
2356 545 2446 598 ἴσα
2475 544 2613 615 Θεῷ,
2655 545 2772 599 ἀλλ’
2798 544 2987 600 ἑαυτὸν
3018 546 3277 613 ὲκένωσε,
3327 545 3539 616 μορφὴν
3572 545 3759 600 δούλου

2182 634 2383 698 λαϐὼν,
2412 636 2469 689 ὲν
2498 634 2804 706 ὁμοιώματι
2833 634 3135 707 ἀνθρώπων
3167 636 3475 706 γενόμενος,
3507 637 3601 689 καὶ
3630 639 3759 706 σχήο

2188 744 2317 797 ματι
2363 725 2604 800 εὑρεθεὶς
2648 726 2723 788 ὡς
2761 725 3079 796 ἄνθρωπος,
3120 726 3380 796 ὑπέμεινε
3412 725 3641 809 σταυρδν
3679 728 3763 779 ai-

2186 818 2386 889 σχύνης
2423 819 2859 889 καταφρονήσας.
2891 836 2910 869 ι

2257 997 2423 1050 Οὐδὲν
2450 989 2543 1049 οὖν
2585 995 2694 1066 ἄρα
2737 995 2796 1048 τὸ
2841 994 3174 1064 θαυμαστὸν,
3205 994 3254 1047 εί
3290 994 3465 1063 βραχῦ
3493 993 3586 1047 τοῦ
3619 993 3757 1064 πρέ-

2187 1106 2379 1152 ποντος
2408 1084 2844 1157 ὲκπεφοιτηκὼς,
2886 1088 3126 1140 σέσωκεν
3151 1088 3179 1139 6
3212 1087 3503 1157 προφήτης
3536 1083 3632 1156 τὴν
3661 1085 3757 1137 Γό-

2190 1195 2327 1248 μερ,
2380 1178 2475 1231 καὶ
2518 1176 2798 1239 ἀπολωλὸς
2847 1176 2907 1229 τὸ
2975 1175 3196 1243 γύναιον
3247 1174 3570 1245 ἀνακομίζει
3620 1173 3759 1244 πρὸς

2186 1272 2509 1342 εὐκοσμίαν.
2585 1271 2707 1323 Ὅτι
2756 1269 2812 1322 δὲ
2850 1268 3140 1339 ’χρησίμου
3184 1284 3245 1320 τε
3309 1268 3403 1320 καὶ
3460 1266 3757 1334 ἀναγκαίου

2187 1364 2513 1435 πράγματος
2573 1361 2736 1414 ἕνεκα
2782 1358 3154 1414 συνάπτεσθαι
3203 1358 3280 1429 τῷ
3335 1357 3542 1428 γυναίῳ
3592 1372 3757 1427 προσ-

2187 1455 2376 1510 έταττε
2402 1453 2557 1515 Θεὸς,
2602 1451 3094 1522 πεπληροφόρηκεν
3134 1448 3316 1512 εὐθὺς,
3354 1446 3562 1518 ταύτης
3595 1447 3759 1499 ἕνεκα

2185 1547 2288 1616 τῆς
2316 1544 2493 1608 αἰτίας
2525 1546 2707 1598 ὲκεῖνᾶ
2737 1540 3038 1613 προστάξαι
3078 1538 3578 1609 διαϐεϐαιούμενος.
3614 1538 3757 1590 Διότι

2190 1637 2343 1707 φησὶ,
2368 1656 2386 1688 ι
2409 1616 2846 1706 Ἐκπορνεύουσα
2871 1632 3227 1706 ὲκπορνεύσει
3249 1631 3371 1701 ήγῆ
3396 1629 3504 1683 ἀπὸ
3534 1628 3759 1681 ὄπισθεν

2187 1728 2281 1782 τοῦ
2313 1726 2539 1797 Κυρίου.
2575 1727 2684 1780 Kal
2736 1724 3027 1796 ἐπορεύθη,
3074 1725 3170 1778 καὶ
3225 1721 3384 1776 ἔλαϐε
3436 1720 3535 1789 τὴν
3577 1718 3756 1787 Γὸμερ

514 1818 677 1863 terra:
731 1808 1165 1875 fornicationem,
1244 1809 1338 1864 sed
1395 1810 1508 1881 jam
1543 1811 1737 1867 factam
1802 1813 2080 1882 prophetae

2187 1792 2463 1890 θυγατέρα
2486 1817 2780 1889 Δεϐηλαῒμ,
2824 1792 2920 1872 καὶ
2960 1816 3240 1880 συνέλαϐε,
3268 1815 3362 1869 καὶ
3394 1813 3577 1867 ἔτεκεν
3606 1810 3757 1881 αὐτῷ

514 1898 737 1954 indicat.
789 1899 954 1952 Erant
990 1900 1130 1953 enim
1185 1900 1336 1954 vituli
1391 1901 1467 1955 in-
1502 1901 1636 1969 Dan,
1670 1912 1726 1958 et
1770 1901 1976 1967 Bethel,
2029 1911 2085 1957 et

512 1988 639 2043 Baal
694 1990 889 2059 templa
939 1990 1173 2045 excitata
1231 1992 1531 2059 fuerant",
1564 2003 1619 2047 et
1641 1994 1978 2049 caeremoniae
2015 1994 2084 2048 ab

510 2080 673 2136 lsrael
728 2095 824 2150 per
874 2090 1038 2136 totam
1076 2081 1470 2138 Samaritarum
1526 2084 1799 2155 regionem
1864 2085 2083 2140 adhibe-

510 2173 728 2229 bantur.
778 2172 896 2229 Non
947 2174 1110 2238 igitur
1144 2176 1433 2232 discrimen
1478 2186 1776 2246 temporum
1833 2177 1982 2243 facit,
2021 2192 2084 2233 ac

507 2272 686 2318 servat
711 2264 892 2319 divina
952 2263 1265 2335 Scriptura,
1314 2276 1407 2320 aut
1464 2267 1649 2332 etiam,
1718 2267 1862 2337 quod
1938 2268 2082 2322 dictu

503 2354 687 2410 verius
737 2363 843 2419 est,
900 2354 990 2424 qui
1047 2355 1163 2411 ha-c
1216 2356 1376 2412 nobis
1407 2357 2085 2426 suntinterpretatizsit.»

508 2454 568 2499 ut
620 2446 748 2499 item
780 2456 837 2499 et
877 2444 994 2512 ipsa
1049 2444 1249 2499 Christi
1290 2461 1515 2515 persona
1563 2462 1662 2515 per
1713 2448 1864 2502 Isaiae
1897 2462 2082 2502 vocem

507 2536 778 2590 inducitur
800 2535 1063 2603 loquens:
1103 2553 1123 2588 ι
1157 2536 1388 2591 Dorsum
1407 2551 1585 2590 meum
1623 2537 1830 2592 detliad
1852 2535 2081 2608 ﬂagella,

505 2635 562 2681 et
586 2640 752 2696 genas
782 2641 930 2681 meas
979 2626 1045 2680 ad
1087 2625 1356 2696 alapas".
1397 2644 1417 2679 ι
1455 2627 1522 2681 Et
1572 2626 1685 2697 ipse
1724 2628 1982 2698 prepheta
2018 2630 2083 2684 de

506 2714 667 2783 ipso:
704 2732 723 2766 ι
759 2713 910 2769 Sicut
968 2716 1084 2770 oris
1139 2718 1205 2770 ad
1250 2715 1576 2772 occisionem
1634 2718 1828 2772 ductus
1873 2728 1975 2781 est,
2026 2726 2081 2774 et

504 2814 565 2859 ut
585 2820 761 2875 agnus
809 2819 992 2860 coram
1036 2806 1294 2861 tondente
1320 2821 1379 2861 se
1407 2809 1791 2864 obmutescens
1816 2823 1832 2875 ;
1864 2809 1943 2864 sic
1973 2823 2079 2863 non

507 2897 682 2965 aperit
713 2911 777 2951 os
809 2909 988 2950 suum.
1018 2896 1075 2950 In
1109 2897 1411 2952 humilitate
1450 2898 1620 2967 ipsius
1669 2898 1928 2966 judicium
1964 2900 2082 2970 ejus

504 2986 777 3041 sublatum
834 2987 1042 3043 est”.s
1100 2987 1294 3043 Cernis
1343 2989 1620 3057 quomodo
1685 2991 1830 3060 quod
1884 2991 2082 3047 futuris

505 3074 840 3143 temporibus
894 3087 1212 3131 eventurum
1269 3086 1408 3145 erat,
1477 3089 1538 3133 ιιι
1589 3080 1701 3149 jam
1751 3089 2078 3136 transactum

2187 1912 2351 1965 υἱόν.»
2385 1911 2498 1965 Kal
2525 1911 2627 1964 οὐκ
2655 1909 2920 1980 ἐσομένην
2951 1909 3208 1979 πορνείαν
3232 1908 3331 1977 τῆς
3357 1906 3482 1973 γῆς,
3498 1902 3633 1957 ἀλλά
3658 1900 3757 1972 τὴν

2183 2002 2283 2074 ἤδη
2323 2002 2699 2072 γεγενημένην
2727 1999 2806 2070 τῷ
2851 2000 3104 2070 προφήτῃ
3143 1998 3293 2068 φησί.
3328 1997 3439 2051 Kal
3470 1993 3580 2064 γὰρ
3617 1989 3759 2065 ἦσαν

2182 2094 2240 2148 αἱ
2282 2093 2545 2164 δαμάλεις
2580 2092 2660 2154 είς
2715 2091 2822 2144 Δάν
2866 2089 2963 2144 καὶ
2995 2087 3198 2159 Βηθὴλ,
3245 2085 3438 2141 καὶτὰ
3480 2085 3575 2138 τοῦ
3610 2083 3758 2138 Βάαλ

2182 2184 2452 2255 ἐγήγερτο
2479 2182 2716 2253 τεμένη,
2749 2181 2843 2234 καὶ
2872 2180 2927 2232 αἱ
2973 2177 3186 2231 τελεταὶ
3219 2175 3315 2229 τοῦ
3366 2173 3582 2246 Ἰσραὴλ
3614 2171 3754 2227 κατά

2182 2276 2367 2329 πᾶσαν
2425 2273 2757 2343 ὲπράττοντο
2811 2273 2919 2324 τῶν
2973 2266 3331 2339 Σαμαρειτῶν
3395 2267 3491 2336 τὴν
3545 2264 3751 2336 χώραν.

2195 2364 2506 2434 ’Δδιαφορεῖ
2530 2359 2820 2432 τοιγαροῦν
2858 2359 3000 2413 κατὰ
3029 2360 3159 2421 τοὺς
3187 2358 3409 2430 χρόνους
3438 2358 3469 2428 ή
3496 2355 3750 2408 θεόπνευο

2184 2472 2308 2519 στος
2356 2454 2568 2525 Γραφὴ,
2599 2452 2632 2523 ἢ
2676 2451 2792 2516 καὶ,
2831 2451 2965 2521 ὅπερ
2995 2451 3143 2502 ἐστὶν
3171 2447 3533 2517 ἀληθέστερον
3556 2446 3750 2507 εἰπεῖν,

2181 2546 2232 2598 ol
2284 2543 2487 2613 ταύτην
2533 2544 2667 2613 ἡμῖν
2707 2538 3200 2610 διηρμηνευκότεςο
3257 2535 3508 2607 καθάπερ
3556 2533 3758 2604 ἀμέλει

2181 2634 2276 2689 καὶ
2320 2632 2452 2687 αὐτὸ
2476 2631 2538 2685 τὸ
2561 2631 2656 2684 τοῦ
2695 2627 2929 2701 Χριστοῦ
2961 2627 3249 2698 πρόσωπον
3277 2624 3364 2679 διὰ
3392 2626 3491 2694 τῆς
3532 2623 3752 2676 Ἡσαΐου

2181 2724 2365 2795 φωνῆς
2396 2723 2705 2794 εἰσφέρεται
2734 2721 2911 2789 λέγοψ
2944 2737 2965 2770 ι
2989 2720 3091 2772 Τὸν
3114 2716 3283 2771 νῶτόν
3306 2733 3407 2786 μου
3433 2715 3644 2768 δέδωκα
3669 2713 3753 2775 είς

2184 2815 2454 2887 μάστιγας
2477 2854 2491 2876 ,
2525 2814 2623 2877 τὰς
2672 2812 2729 2865 δὲ
2769 2811 3027 2881 σιαγόνας
3072 2826 3172 2880 μου
3222 2809 3302 2871 εἰς
3332 2807 3685 2876 ⁵ῥαπίσματα.
3724 2821 3745 2855 ι

2181 2903 2292 2956 Kal
2331 2902 2492 2964 αὐτὸς
2518 2900 2574 2953 δέ
2612 2916 2775 2969 φησιν
2817 2901 2846 2951 6
2892 2900 3178 2969 προφήτης
3212 2898 3342 2966 περὶ
3367 2895 3559 2949 αὐτοῦ·
3599 2912 3618 2945 ι
3663 2893 3752 2956 Ὠς

2182 2993 2452 3065 πρόϐατον
2477 2992 2570 3044 ἐπὶ
2601 2989 3022 3063 σφαγὴν-ἢχθη,
3051 2987 3146 3040 καὶ
3177 2986 3254 3049 ὡς
3293 2986 3463 3056 ἀμνὸς
3509 2984 3751 3039 ἐναντίον

2180 3082 2274 3137 τοῦ
2303 3082 2577 3154 κείροντος
2606 3080 2788 3142 αὑτὸν,
2822 3078 3034 3147 ἄφωνος
3054 3092 3066 3107 ’
3099 3074 3273 3136 οὕτως
3306 3074 3406 3127 οὐκ
3452 3072 3659 3139 ἀνοίγει
3689 3072 3753 3125 τὸ

508 3166 854 3236 propheticus
873 3182 1054 3223 sermo
1078 3168 1234 3223 nobis
1259 3169 1660 3225 introduxerit?
1689 3170 1869 3238 Quare
1903 3172 2031 3227 illud
2058 3190 2072 3226 :

2181 3171 2354 3241 στόμα
2378 3167 2564 3233 αὑτοῦ,
2595 3169 2652 3221 ἐν
2676 3171 2745 3238 τῇ
2770 3164 3098 3220 ταπεινώσει
3119 3162 3284 3216 αὐτοῦ
3316 3164 3349 3232 ή
3376 3160 3559 3232 κρίσις
3584 3161 3751 3215 αὑτοῦ

509 3274 532 3309 ι
561 3255 859 3313 Foruieans
891 3256 1247 3314 fornicahitur
1282 3270 1448 3326 terra,
1480 3280 1499 3314 ι
1528 3276 1647 3333 pro,
1672 3261 1938 3317 fornicata
1969 3271 2077 3328 est,

507 3346 731 3416 intelligi
763 3349 944 3403 debet.
977 3349 1222 3415 Quonam
1254 3359 1432 3407 autem
1464 3352 1620 3406 modo
1662 3352 1926 3408 fornicata
1960 3353 2080 3408 est?

515 3453 537 3489 ι
569 3436 699 3494 Post
730 3439 1035 3505 Dominum,
1072 3458 1091 3491 s
1138 3441 1189 3495 id
1212 3450 1316 3507 est,
1349 3443 1625 3509 sequelam
1659 3452 1942 3512 aspernata
1977 3452 2079 3508 est,

510 3542 617 3597 qua
644 3528 768 3598 quis
797 3529 951 3598 quasi
983 3530 1050 3583 ad
1078 3531 1243 3585 Deum
1277 3533 1465 3586 tendit.
1498 3532 1770 3602 Scriptum
1793 3541 1874 3588 est
1900 3535 2077 3588 enim:

508 3618 693 3675 «Post
775 3620 1056 3675 Dominum
1120 3622 1507 3688 ambulabis“,
1547 3643 1567 3677 ι
1603 3624 1706 3680 hoc
1769 3635 1874 3689 est,
1936 3625 2079 3681 Citra

502 3694 911 3766 conversionem
947 3727 1213 3781 supernas
1271 3722 1325 3768 et
1359 3729 1388 3768 ιι
1419 3713 1526 3769 Deo
1560 3715 1902 3785 prmscriptas
1938 3715 2081 3785 leges

503 3802 769 3869 sequeris.
815 3801 1104 3858 Foruicata
1141 3814 1224 3858 est
1264 3806 1427 3875 igitur
1457 3815 1577 3876 post
1602 3805 1919 3871 Dominum,
1967 3822 2073 3861 non

503 3889 777 3944 sustinens
815 3893 987 3961 sequi.
1019 3893 1252 3948 Deseivit
1299 3896 1466 3962 enim,
1492 3905 1548 3949 et
1568 3896 1937 3950 contaminata
1973 3905 2076 3963 est,

504 3990 559 4035 et
600 3981 867 4037 idolorum
937 3984 1170 4039 cultibus
1230 3986 1436 4051 dedita,
1497 3986 1782 4042 Dominum
1827 3986 2077 4043 ollendit.

504 4069 618 4127 llac
649 4072 814 4143 igitur
857 4073 926 4127 de
965 4088 1132 4129 causa
1197 4073 1399 4131 Gomer
1464 4078 1721 4146 propheta
1763 4076 1933 4132 Oseas
1962 4079 2077 4133 vin-

499 4162 623 4218 culo
667 4163 933 4234 coniugali
979 4165 1253 4230 sociatur,
1296 4168 1422 4236 quia
1476 4170 1741 4225 fornicata
1799 4180 1881 4225 est
1933 4181 2076 4224 terra

502 4263 625 4323 post
664 4253 968 4309 Dominum.
1000 4255 1188 4311 Potest
1226 4258 1370 4312 enim
1399 4262 1541 4329 quod
1591 4260 1670 4323 lit,
1723 4277 1820 4332 pro
1883 4262 2075 4333 nsysti-

503 4358 581 4396 cte
614 4344 690 4398 rei
740 4353 864 4414 typo
894 4346 1089 4414 accipi.
1146 4354 1206 4401 ut
1267 4348 1535 4406 dicebam.
1601 4352 1802 4428 Deinde
1867 4355 2077 4423 peperit

501 4432 722 4488 Gomer.

2181 3261 2345 3333 ήρθη.
2386 3280 2406 3313 ι
2449 3261 2631 3330 Ὀρᾶς,
2671 3259 2821 3321 ὅπως
2851 3257 2912 3311 τὸ
2941 3256 3198 3326 ἐσόμενον
3231 3254 3289 3307 ἐν
3318 3254 3527 3322 καιροῖς
3547 3251 3620 3315 ὡς
3649 3252 3751 3322 ἤδη

2179 3351 2548 3423 γεγενημένον
2578 3352 2606 3403 6
2638 3352 2737 3421 τῆς
2766 3347 3102 3421 προφητείας
3134 3346 3267 3416 ἡμῖν
3293 3344 3642 3412 είσκεκόμικε
3664 3341 3753 3394 λό-

2179 3457 2308 3510 γος;
2362 3439 2569 3494 Οὐκοῦν
2609 3439 2671 3492 τὸ
2698 3479 2712 3505 ,
2770 3455 2788 3488 ι
2835 3434 3269 3508 Ἐκπορνεύουσα
3315 3432 3668 3503 ὲκπορνεύσει
3716 3432 3749 3502 ἡ

2181 3530 2275 3600 γ’ἡ,
2310 3549 2330 3581 ι
2360 3529 2479 3582 ἀντὶ
2507 3526 2622 3593 τοῦ,
2655 3526 3030 3597 Πεπόρνευκεν
3071 3529 3104 3595 ἡ
3149 3525 3244 3595 γῆ,
3267 3523 3504 3593 νοητέον.
3535 3522 3751 3591 Πεπόρ-

2179 3637 2340 3676 νευκε
2367 3620 2424 3674 δὲ
2454 3619 2576 3674 τίνα
2602 3619 2838 3689 τρόπον;
2876 3635 2895 3669 ι
2918 3617 3049 3670 Ἀπὸ
3070 3617 3293 3669 ὄπισθεν
3319 3614 3413 3668 τοῦ
3449 3614 3678 3686 Κυρίου,
3724 3630 3743 3663 ι

2178 3711 2450 3778 τουτέστι,
2481 3710 2578 3781 τὴν
2607 3709 2965 3779 ἀκολούθησιν
2993 3708 3326 3778 ἀθετήσασα,
3350 3707 3415 3778 ἣν
3444 3707 3510 3761 ἂν
3544 3705 3749 3759 ποιοῖτό

2178 3818 2283 3865 τις,
2320 3801 2397 3864 ὡς
2419 3800 2553 3870 πρὸς
2585 3799 2736 3853 Θεόν.
2767 3799 3082 3870 Γέγραπται
3113 3799 3242 3869 γὰρ,
3266 3799 3347 3852 ὅτι
3387 3817 3404 3848 ι
3428 3797 3632 3850 Ὀπίσω
3653 3796 3748 3849 τοῦ

2179 3895 2389 3965 Κυρίου
2438 3891 2703 3963 πορεύσῃ,
2736 3911 2755 3942 ι
2793 3891 3091 3956 τουτέστιν,
3121 3889 3506 3960 ἀκολουθήσεις
3535 3888 3746 3957 ἀμετα-

2179 3984 2375 4057 τρεπτὶ
2400 3987 2513 4047 τοῖς
2543 3982 2748 4038 ἀνωθεν
2778 3981 2929 4053 παρά
2976 3981 3111 4036 Θεοῦ
3144 3982 3348 4051 νόμοις.
3397 3978 3747 4047 Πεπὸρνευκε

2178 4078 2356 4132 τοίνυν
2401 4077 2507 4131 ἀπὸ
2541 4076 2762 4130 ὄπισθεν
2810 4075 2903 4129 τοῦ
2937 4076 3164 4147 Κυρίου,
3195 4072 3610 4128 κατακολουθεῖν
3647 4072 3747 4125 οὐκ

2177 4169 2501 4239 ἀνεχομένη.
2533 4168 2727 4236 Γέγονε
2757 4167 2865 4239 γὰρ
2892 4169 3202 4238 ἀποστάτης
3236 4167 3332 4219 καὶ
3372 4164 3618 4235 βέϐηλος,
3652 4162 3748 4216 καὶ

2176 4262 2296 4323 ταῖς
2325 4259 2433 4313 τῶν
2486 4259 2720 4313 εἰδώλων
2762 4259 3121 4328 προστεθεῖσα
3167 4258 3466 4327 λατρείαις,
3517 4253 3749 4326 προσκέο

2177 4368 2379 4421 κρουκε
2406 4350 2484 4420 τῷ
2513 4351 2786 4419 Δεσπότῃ.
2822 4349 3039 4414 Ταύτης
3086 4343 3180 4398 οὖν
3233 4347 3396 4398 ἕνεκα
3437 4346 3535 4413 τῆς
3568 4343 3749 4406 αἰτίας

2179 4444 2513 4497 συνάπτεται
2539 4443 2604 4509 τῇ
2632 4440 2810 4509 Γόμερ
2834 4440 2863 4490 ὁ
2895 4438 3183 4508 προφήτης
3221 4436 3401 4504 Ὠσηὲ,
3430 4435 3512 4486 ὅτι
3540 4434 3747 4503 πεπόρ-

500 4543 692 4581 νευκεν
718 4530 752 4600 ὴ
774 4530 847 4601 γῆ
875 4529 985 4585 ἀπὸ
1007 4529 1228 4584 ὄπισθεν
1252 4514 1359 4585 τοῦ
1377 4532 1603 4605 Κυρίου.
1634 4533 1913 4588 Μυστικοῦ
1970 4535 2101 4606 γὰρ,
2142 4536 2218 4600 ὡς
2255 4536 2412 4609 ἔφην,
2479 4534 2802 4605 πράγματος
2828 4530 2999 4593 τύπος
3026 4528 3099 4618 ἂν¹
3127 4529 3300 4581 νοοῖτο
3343 4527 3405 4579 τὸ
3447 4524 3743 4597 δρώμενον.

501 4618 634 4677 Εἶτα
668 4625 889 4680 τέτοκεν
918 4629 953 4698 ἡ
982 4628 1182 4698 Γόμερ.

574 4712 682 4783 18
704 4713 865 4768 Vnus.
890 4715 1005 4783 4,5.
1029 4716 1097 4769 Et
1125 4717 1256 4771 dixit
1274 4718 1530 4774 Dominus
1554 4720 1622 4774 ad
1638 4736 1790 4778 eum;
1812 4719 1953 4774 Voca
1978 4738 2075 4776 no-

2252 4716 2363 4772 Kal
2423 4712 2555 4771 εἷπε
2603 4714 2821 4782 Κύριος
2872 4710 3023 4780 πρὸς
3083 4710 3300 4764 αὐτόν’
3339 4708 3620 4763 Κάλεσον
3677 4711 3745 4763 τὸ

498 4804 741 4873 meuejus
763 4804 997 4872 Jezrael;
1020 4808 1268 4877 quoniam
1294 4810 1467 4864 adhuc
1493 4813 1754 4864 modicth
1771 4822 1817 4865 el
1848 4812 2072 4866 ulciscar

497 4895 805 4964 sanguinem
832 4895 1042 4951 Jesrael
1068 4915 1223 4966 super
1253 4899 1465 4953 domum
1499 4900 1668 4965 Iuda,
1730 4912 1776 4955 el
1805 4903 2069 4972 quiescere

499 4983 690 5053 faciam
715 5002 930 5056 regnum
952 4988 1135 5044 domus
1161 4990 1351 5045 Israel.
1386 4989 1456 5044 Et
1473 4993 1590 5056 erit,
1619 4993 1673 5047 in
1705 4995 1788 5048 die
1821 4993 1913 5048 illa
1944 5010 2070 5048 cou-

499 5084 667 5130 teram
689 5093 875 5132 arcum
904 5076 1080 5134 Israel
1109 5080 1165 5135 in
1206 5080 1339 5136 ualle
1365 5081 1599 5138 Jesrael.

568 5244 659 5304 IV.
696 5232 795 5304 Hic
837 5264 1019 5308 sermo
1063 5252 1334 5325 duplicem
1379 5258 1536 5314 nobis
1569 5261 2064 5317 considerationem

2177 4807 2365 4875 ὄνομα
2393 4805 2581 4861 αὐτοῦ
2622 4802 2895 4872 Ἰεζοαὲλ,
2933 4802 3081 4857 διότι
3114 4801 3202 4854 ἔτι
3243 4801 3480 4870 μικρὸν,
3525 4800 3621 4854 καὶ
3651 4801 3746 4853 ἐκ·

2175 4895 2403 4963 δικήσω
2444 4895 2510 4948 τὸ
2537 4889 2680 4963 αἷμα
2706 4893 2812 4946 τοῦ
2850 4889 3102 4959 Ἰεζραὲλ
3124 4887 3223 4941 ἐπὶ
3260 4887 3368 4941 τὸν
3398 4883 3568 4941 οἶκον
3596 4886 3742 4939 Ἰού-

2173 4986 2287 5050 δα,
2329 4985 2427 5039 καὶ
2466 4984 2832 5040 καταπαύσω
2875 4980 3205 5046 ,ϐασιλείαν
3240 4978 3412 5032 οἴκου
3472 4975 3740 5044 Ἰσραήλ.

2173 5079 2283 5134 Kal
2318 5077 2512 5142 ἔσται,
2536 5076 2606 5128 ἐν
2642 5073 2716 5143 τῇ
2749 5073 2940 5144 ἡμέρᾳ
2978 5072 3178 5139 ἐκείνῃ
3211 5069 3526 5138 συντρίψω
3555 5067 3621 5121 τὸ
3645 5068 3740 5121 τό·

2170 5169 2282 5234 εον
2304 5167 2410 5223 τοῦ
2443 5165 2693 5234 Ἰσραὴλ
2717 5166 2786 5219 ἐν
2817 5161 3049 5218 κοιλάδι
3076 5160 3187 5214 τοῦ
3223 5158 3499 5228 Ἰεζραέλ.

2239 5262 2312 5312 Δ¹.
2331 5260 2420 5313 Ἐν
2452 5256 2663 5321 τούτοις
2688 5258 2821 5328 ἡμῖν
2847 5258 2875 5309 6
2893 5254 3049 5323 λόγος
3067 5253 3249 5325 διττὴν
3286 5246 3464 5305 ὠδίνει
3495 5248 3592 5320 τὴν
3614 5248 3742 5302 θεω-

497 5337 658 5404 parit.
697 5338 779 5395 Ab
809 5343 929 5401 aliis
951 5346 1097 5402 enim
1124 5346 1227 5403 alia
1274 5350 1543 5422 scriptura
1590 5352 1814 5407 aliertur
1835 5392 1850 5417 ,
1905 5355 2063 5425 cujus

2181 5351 2313 5408 θίαν.
2342 5350 2572 5421 Φέρεται
2598 5347 2657 5401 δὲ
2691 5347 2786 5401 καὶ
2830 5346 2993 5416 ἑτέρα
3025 5344 3210 5416 γραφὴ
3258 5341 3410 5414 παρά
3448 5357 3588 5394 τισιν
3609 5378 3623 5399 ,
3663 5338 3744 5424 ὡς

495 5439 642 5483 nunc
668 5441 892 5488 necesse
920 5442 1007 5491 est
1040 5437 1354 5495 meminisse
1374 5479 1391 5508 ,
1444 5455 1551 5510 quo
1578 5443 1894 5498 accuratius
1928 5456 2063 5513 aga-

565 5602 623 5676 ".
641 5599 881 5676 Philipp.
922 5622 984 5676 II,
1023 5609 1142 5668 6-8.

492 5685 570 5740 ιι,
603 5670 689 5727 10.

1247 5613 1294 5647 ³⁸
1327 5612 1492 5671 Hebr.
1518 5629 1614 5683 xu,
1649 5615 1707 5675 2,
1797 5616 1841 5648 ⁵⁷
1866 5613 1930 5669 lll
1966 5614 2095 5686 Reg.
2137 5631 2235 5684 xu,
2266 5613 2355 5668 29.

2164 5443 2466 5513 ἀναγκαῖον
2528 5436 2930 5510 ἐπιμνησθῆναι
2990 5435 3084 5489 νῦν
3140 5433 3231 5487 διά
3279 5449 3344 5502 γε
3383 5431 3445 5485 τὸ
3490 5426 3742 5499 ἀκριϐέςω

3518 5604 3563 5639 θ’
3601 5603 3735 5662 (λδοο

2465 5613 2509 5646 ⁸⁸
2548 5612 2652 5668 lsa.
2681 5628 2735 5678 L,
2770 5609 2822 5665 ϐ.
2900 5610 2945 5642 δ’
2979 5611 3083 5666 lsa.
3116 5624 3232 5674 Lm,
3266 5606 3313 5671 7,
3348 5604 3401 5661 8.

4090 2710 4098 2919 Ι
