4098 6276
429 349 496 409 37
1347 343 1903 402 COMMENTARIUS
1939 343 2005 399 IN
2045 341 2274 402 OSEAM
2316 342 2757 401 PROPHETAM.
3609 348 3682 406 58

445 462 684 532 Ὀνίνησι
711 462 817 532 γὰρ
855 460 916 513 οὐ
969 458 1224 532 μετρίως,
1257 458 1319 513 τὸ
1354 461 1554 532 ἀμφοῖν
1584 463 1732 531 ἡμᾶς
1770 462 2007 532 ἐπιμνη-

2111 476 2250 517 mus.
2277 461 2564 532 Capiemus
2592 461 2734 516 enim
2763 475 3010 528 magnam
3043 460 3353 525 utilitatem,
3387 462 3430 515 si
3466 471 3678 516 utram-

435 554 630 624 σθῆναι
675 555 786 608 τοῖν
828 553 1031 622 λόγοιν.
1072 552 1138 606 Ἥ
1168 551 1265 623 μὲν
1292 549 1385 606 οὖν
1417 554 1538 607 καθ’
1582 555 1732 624 ἡμᾶς
1777 553 2004 619 ἐκδοσις,

433 647 730 712 τουτέστιν,
749 647 782 717 ή
800 645 908 698 τῶν
925 643 1344 714 Ἐὁδομήκοντα,
1371 661 1388 694 ι
1408 644 1517 696 Καὶ
1533 645 1824 716 ἐκδικήσω,
1851 645 2005 715 φησὶ,

431 737 491 791 τὸ
522 732 661 809 αἷμα
708 736 804 790 τοῦ
844 734 1114 805 Ἰεζραέλ,
1164 733 1256 788 ἐπὶ
1285 733 1376 787 τὸν
1404 729 1551 788 οἷκον
1588 734 1776 788 Ἰούδα.
1799 754 1818 786 ›
1860 735 1923 787 Ἡ
1950 734 2006 787 δὲ

433 830 595 900 ἐτέρα
638 829 812 899 φησί’
857 846 877 879 ι
911 827 1022 882 Καὶ
1060 826 1331 896 ἐκδικήσω
1366 825 1428 878 τὸ
1479 821 1617 896 αἷμα
1645 825 1738 878 τοῦ
1775 827 2008 896 Ἰεζραέλ

432 920 527 971 ἐπὶ
582 919 674 970 τὸν
733 913 882 970 οἷκον
913 914 1118 985 Ἰηοῦ·
1169 932 1187 966 ι
1262 914 1355 968 καὶ
1411 914 1462 967 εί
1524 915 1622 983 μὲν
1677 913 1819 968 οὕτω
1869 918 2008 967 νοεῖν

433 1008 638 1062 ἐλοιντό
663 1025 824 1071 τινες,
869 1005 1294 1077 ίστορικωτέραν
1343 1005 1556 1075 ἀνάγκη
1600 1004 1872 1057 ποιεῖσθαι
1910 1003 2008 1076 τήν

439 1101 734 1170 ἀφήγησιν.
772 1097 924 1168 Ἔχει
959 1097 1016 1150 δέ
1061 1095 1267 1159 οὕτως’
1302 1096 1496 1167 Γέγονε
1545 1097 1643 1166 μέν
1681 1096 1882 1166 Ἀχαάϐ
1913 1096 2006 1165 βα-

439 1191 618 1252 σιλεὺς
646 1191 701 1243 ἐν
738 1189 973 1259 Ἰσραὴλ,
999 1190 1027 1241 6
1056 1188 1150 1242 καὶ
1185 1188 1430 1240 σύνοικον
1457 1187 1596 1257 ἔχων
1619 1188 1716 1258 τὴν
1747 1187 2002 1250 Ἰεζάϐελ.

450 1280 662 1351 Ἐπειδὴ
695 1281 751 1334 δέ
775 1281 956 1350 ἐζήτει
996 1279 1086 1334 τὸν
1114 1279 1414 1350 ἀμπελῶνα
1439 1279 1532 1332 τοῦ
1558 1279 1862 1344 Ναϐουθαὶ,
1896 1283 1923 1333 6
1951 1281 2006 1333 δέ

436 1371 570 1442 πρὸς
609 1370 766 1424 τοῦτο
800 1373 1036 1440 ἀπήντα,
1071 1372 1264 1440 λέγων’
1300 1390 1317 1424 ι
1355 1374 1443 1441 Μή
1474 1389 1563 1440 μοι
1585 1372 1794 1440 γένοιτο
1825 1372 2004 1424 δοῦναι

434 1462 735 1532 ἀμπελῶνα
764 1463 971 1533 πατρός
1009 1480 1108 1533 μου
1139 1463 1242 1516 σοι’
1289 1482 1309 1515 ι
1355 1463 1702 1531 πεφόνευται,
1750 1466 1870 1526 ταῖς
1907 1465 2006 1533 τῆς

448 1552 685 1617 Ἰεζάϐελ
706 1553 1058 1625 δυστροπίαις
1082 1555 1413 1624 περιπεσών.
1458 1555 1674 1624 Ἐπειδὴ
1704 1555 1882 1607 τοίνυν
1910 1573 2004 1607 πε-

437 1646 687 1712 φόνευτο,
722 1644 1201 1714 κεκληρονόμηκεν
1246 1645 1448 1714 ’Δχαάϐ
1478 1645 1568 1699 τὸν
1590 1645 1890 1714 ἀμπελῶνα
1911 1645 2002 1698 τοῦ

436 1736 733 1789 Ναϐουθαί.
773 1736 1098 1806 Προσέκειτο
1135 1737 1190 1788 δὲ
1237 1738 1330 1790 καὶ
1364 1736 1562 1808 ἑτέρως
1602 1740 1719 1800 ταῖς
1753 1737 1858 1789 τῶν
1893 1738 2004 1790 δαι-

2109 567 2212 621 que
2243 554 2709 622 perpenderimus.
2740 551 2936 606 Nostra
2976 553 3138 620 igitur
3192 553 3377 617 editio,
3431 554 3533 607 hoc
3567 566 3675 621 est,

2101 645 2400 696 secundum
2456 642 2806 713 Septuaginta
2862 644 2941 696 sic
2992 644 3154 696 habet
3197 662 3209 696 :
3277 663 3294 694 t
3347 644 3413 697 Et
3447 645 3680 699 ulciscar

2108 734 2425 802 sanguinem
2448 733 2660 788 Jezrael
2679 751 2843 802 super
2871 735 3086 788 domum
3123 735 3281 789 Juda.
3313 753 3331 785 ι
3359 737 3474 790 Alia
3507 755 3520 790 :
3561 755 3579 786 ι
3613 737 3679 790 Et

2109 824 2339 878 ulciscar
2369 825 2683 893 sanguinem
2715 823 2930 878 Jezrael
2966 841 3129 894 super
3183 827 3401 881 domum
3447 825 3606 881 Jehu.
3648 845 3667 878 ι

2106 916 2276 982 Quam
2317 919 2360 970 si
2391 917 2482 985 qui
2523 917 2938 985 amplectantur,
2996 919 3306 985 explanatio
3369 922 3540 988 magis
3590 921 3674 973 hi-

2106 1008 2308 1062 storica
2348 1009 2420 1062 sit
2455 1020 2687 1075 oportet,
2732 1011 2785 1062 in
2822 1009 2966 1062 hunc
2999 1010 3210 1061 modum
3241 1027 3254 1062 :
3310 1010 3431 1066 Fuit
3479 1011 3670 1066 Achab

2108 1114 2201 1152 rex
2257 1099 2448 1164 Israel,
2489 1101 2772 1169 conjugem
2834 1101 3038 1154 habens
3085 1099 3321 1154 Jezabel.
3392 1102 3491 1168 Qui
3545 1119 3668 1158 cum

2106 1187 2381 1243 aﬂ‘ectaret
2409 1191 2618 1243 vineam
2650 1189 2888 1254 Naboth,
2935 1202 2989 1244 et
3023 1191 3108 1244 ille
3140 1192 3209 1244 ita
3237 1203 3570 1255 occurreret,
3615 1203 3675 1249 ut

2107 1281 2311 1335 diceret
2337 1298 2349 1333 :
2374 1300 2390 1332 ι
2412 1282 2681 1349 Propitius
2694 1283 2761 1336 sit
2782 1283 2909 1335 mihi
2932 1283 3092 1345 Dens,
3121 1297 3185 1334 ne
3207 1283 3326 1336 dem
3350 1282 3441 1335 tibi
3461 1285 3670 1338 vineam

2106 1373 2274 1441 patris
2293 1373 2418 1435 mei,
2462 1391 2479 1424 ι
2526 1374 2885 1440 perversitate
2915 1372 3184 1426 Jezabelis
3205 1373 3479 1436 irretitus,
3506 1373 3674 1428 vitam

2105 1465 2307 1516 amisit.
2338 1463 2412 1516 Eo
2441 1465 2641 1527 occiso,
2677 1465 2888 1517 vineam
2938 1463 3148 1518 Naboth
3185 1465 3426 1531 possedit
3456 1465 3670 1532 Achab,

2104 1554 2192 1622 qui
2219 1553 2416 1619 alioqui
2457 1553 2675 1605 infando
2722 1555 3022 1607 daunonum
3059 1554 3221 1606 cultui
3255 1554 3498 1608 addictus
3533 1540 3690 1610 erata

2105 1644 2414 1712 Indignatus
2485 1645 2649 1713 igitur
2693 1647 3066 1698 universorum
3118 1645 3293 1712 Deus,
3333 1648 3671 1714 postmodum

2107 1736 2378 1788 mandavit
2410 1733 2587 1788 Elis'eo
2637 1734 2908 1802 prephette
2941 1773 2955 1798 ,
3015 1734 3089 1787 uti
3139 1733 3273 1787 Jehu
3302 1750 3479 1802 regem
3513 1748 3676 1804 super

441 1828 616 1897 μόνων
665 1800 964 1898 λατρείαις,
1025 1827 1119 1880 καὶ
1163 1827 1320 1880 τοῦτο
1369 1800 1631 1891 ἐκτόπως.
1682 1829 2004 1896 Ἦγανάκτει

2111 1822 2270 1877 Israel
2302 1816 2546 1892 unigeret.
2601 1800 2772 1877 Misso
2798 1823 2992 1877 dehinc
3020 1823 3218 1876 famulo
3250 1800 3488 1876 divinum
3525 1800 3678 1878 man-

436 1916 621 1970 λοιπὸν
655 1919 683 1969 ὁ
721 1917 828 1968 τῶν
876 1917 1012 1968 ὅλων
1044 1915 1195 1978 Θεός.
1241 1911 1378 1967 Εἶτα
1425 1916 1792 1987 προστέταχεν
1835 1918 2004 1970 Ἑλισ-

436 2006 557 2059 σαιὲ
587 2004 663 2074 τῷ
696 2005 950 2076 προφήτῃ
979 2007 1166 2075 χρῖσαι
1200 2004 1287 2057 τὸν
1334 2004 1473 2073 Ἰηοὺ
1495 2045 1509 2070 ,
1540 2004 1768 2072 βασιλέα
1800 2008 1891 2060 ἐπὶ
1914 2008 2005 2060 τὸν

449 2093 683 2166 Ἰσραήλ.
735 2095 1084 2157 Ἀποστείλας
1109 2095 1167 2146 δὲ
1194 2093 1255 2146 τὸ
1295 2094 1578 2164 παιδάριον
1625 2097 1652 2147 6
1700 2097 2002 2166 προφήτης,

433 2185 497 2239 τὸ
530 2185 672 2238 θεῖον
697 2185 938 2254 ἐπλήρου
967 2185 1264 2254 θέσπισμα.
1293 2179 1427 2236 Εἶτα
1453 2186 1807 2254 κεχρισμένος
1847 2185 2003 2256 Ἰηοῦ,

435 2275 678 2330 κάτεισιν
709 2275 773 2328 ἐκ
812 2275 1147 2346 Σαμαρείας,
1181 2274 1274 2327 καὶ
1305 2275 1394 2327 τὸν
1429 2275 1570 2328 θεῖον
1597 2277 1690 2328 ἐπὶ
1721 2279 1832 2339 τοῖς
1854 2276 2003 2328 λελυ-

435 2368 669 2440 πηκόσιν
694 2367 932 2438 ἐπλήρου
961 2367 1152 2437 θυμόν.
1169 2365 1508 2429 Ἀπεκτονὼς
1539 2367 1648 2438 γάρ
1673 2368 1763 2420 τὸν
1780 2368 2002 2438 Ἀχαάϐ,

434 2460 657 2533 ἔρριψεν
693 2461 752 2514 ἐν
778 2459 855 2530 τῷ
882 2459 1164 2530 ἀμπελῶνι
1213 2458 1306 2512 τοῦ
1352 2459 1654 2513 Ναϐουθαί.
1697 2457 1831 2514 Εἶτα
1865 2461 2007 2531 μετά

434 2554 590 2607 τοῦτο
615 2553 712 2624 τὴν
738 2551 992 2617 Ἰεζάϐελ,
1029 2551 1271 2622 ἀνῄρηκε
1307 2551 1364 2604 δὲ
1395 2554 1486 2605 καὶ
1512 2553 1885 2624 ἐϐδομήκοντα
1911 2553 2005 2606 τοῦ

449 2644 651 2714 Ἀχαάϐ
679 2645 987 2708 υίοὺς,τοὺς
1012 2643 1116 2697 ἀνὰ
1145 2644 1327 2696 πᾶσαν
1354 2643 1512 2706 ὄντας
1544 2644 1642 2714 τὴν
1665 2646 2004 2714 Σαμάρειαν.

439 2736 824 2806 Προσετίθειδέ
852 2736 1060 2799 τούτοις
1077 2737 1172 2788 καὶ
1193 2737 1285 2788 τὸν
1306 2734 1472 2788 Βάαλ·
1494 2737 1763 2806 ἐνέπρησε
1787 2736 1893 2806 γὰρ
1910 2737 2008 2798 τὰς

441 2826 642 2896 στήλας
673 2825 856 2889 αὑτοῦ,
898 2826 990 2878 καὶ
1012 2826 1294 2878 κατέσεισε
1332 2825 1400 2877 τά
1427 2824 1650 2895 τεμένη,
1693 2827 1784 2878 καὶ
1814 2827 2010 2889 αὐτοὺς

439 2918 774 2985 ἀποσφάττει
804 2917 928 2980 τοὺς
961 2917 1144 2988 ἱερεῖς.
1177 2915 1298 2969 Ἐπὶ
1331 2915 1542 2978 τούτοις
1568 2916 1730 2969 αὑτὸν
1753 2917 2012 2986 ἀποδέχε-

435 3025 528 3061 ται
573 3009 602 3060 ὁ
640 3007 805 3070 Θεόςο
848 3006 943 3058 καὶ
980 3006 1044 3077 δὴ
1090 3006 1183 3058 καὶ
1230 3004 1644 3073 ἐπαγγέλλεται,
1688 3005 1879 3074 λέγων,
1929 3007 2010 3058 ὅτι

444 3116 464 3151 ι
500 3098 620 3151 Υἱοὶ
649 3097 894 3151 τέταρτοι
933 3096 1263 3151 καθήσονται
1292 3097 1386 3151 ἐπὶ
1415 3096 1602 3151 θρόνου
1645 3114 1758 3148 σου.
1803 3116 1822 3147 ι
1867 3096 2005 3148 Ἀλλ’

783 3114 894 3168 ρτοι
933 3098 1263 3167 καθήσονται
1292 3098 1386 3151 ἐπὶ
1415 3098 1602 3167 θρόνου
1645 3114 1758 3148 σου.
1803 3116 1822 3147 ι
1867 3098 2005 3148 Ἀλλ’
2034 3135 2077 3193 ί,
2115 3101 2312 3153 hensus
2364 3109 2470 3152 est.
2542 3099 2741 3152 Deinde
2802 3116 2866 3153 ex
2918 3099 3051 3154 Jehu
3106 3101 3310 3169 primus
3371 3112 3531 3155 natus
3595 3113 3680 3158 est

783 3187 969 3256 εγονὼς
1017 3188 1303 3258 εὐδόκιμος
1357 3188 1518 3258 Ἰηοὺ,
1563 3187 2006 3258 προσκέκρουκεν
2059 3173 2079 3195 ⁸
2112 3188 2364 3250 Joachaz,
2406 3188 2565 3243 homo
2607 3198 2658 3241 et
2713 3188 2826 3258 ipse
2872 3189 3174 3254 idololatra,
3203 3199 3258 3246 et
3300 3191 3494 3246 vitulos
3547 3194 3680 3246 ado-

436 3191 466 3242 6
514 3189 682 3253 οὖτως
730 3187 969 3256 γεγονὼς
1017 3188 1303 3258 εὐδόκιμος
1357 3188 1518 3258 Ἰηοὺ,
1563 3187 2006 3258 προσκέκρουκεν

438 3281 588 3336 οὐδὲν
629 3274 791 3353 ἦττον
839 3279 988 3351 Θεῷο
1035 3281 1093 3333 οὐ
1143 3279 1252 3351 γάρ
1299 3279 1538 3350 περιεῖλε
1585 3281 1684 3343 τὰς
1726 3280 2004 3350 δαμάλεις,

439 3373 794 3442 κατεφωρᾶτο
821 3371 879 3424 δὲ
923 3371 1018 3424 καὶ
1047 3370 1209 3433 αὐτὸς
1237 3370 1296 3422 ἐν
1338 3372 1460 3432 ταῖς
1505 3370 1800 3440 ἁμαρτίαις
1843 3370 2005 3440 Ἰερο-

441 3462 584 3533 ϐοάμ
611 3463 839 3525 ἀνοσίως
868 3462 1294 3532 πεπορευμένος.
1333 3458 1470 3515 Εῐτα
1498 3462 1718 3530 γέγονεν
1764 3461 1824 3525 ἐξ
1864 3462 2004 3532 Ἰηοὺ

441 3553 656 3622 πρῶτος
689 3551 800 3614 υἱὸς
831 3549 1073 3620 ’ῐωάχας,
1108 3551 1248 3622 ἀνὴρ
1279 3552 1374 3604 καὶ
1401 3551 1566 3614 αὐτὸς
1595 3550 2002 3622 εἰδωλολάτρης,

441 3645 535 3699 καὶ
573 3647 694 3708 ταῖς
732 3643 995 3714 δαμάλεσι
1033 3645 1371 3715 προσκυνῶν.
1410 3645 1548 3699 Ἀλλ’
1579 3647 1636 3698 ἐν
1657 3647 1768 3708 τοῖς
1798 3649 2006 3716 καιροῖς

440 3735 634 3802 αὑτοῦ,
685 3737 884 3804 φησὶν,
946 3753 964 3787 ι
1012 3735 1268 3807 Ὠργίσθη
1319 3734 1475 3806 θυμῷ
1529 3735 1731 3807 Κύριος
1779 3736 1872 3788 ἐπὶ
1915 3736 2007 3790 τὸν

453 3826 685 3899 Ἰσραὴλ,
730 3826 825 3880 καὶ
853 3827 1054 3880 ἔδωκεν
1091 3827 1288 3890 αὐτοὺς
1321 3828 1378 3879 ἐν
1413 3828 1558 3899 χειρὶ
1609 3827 1806 3898 Ἀζαὴλ
1852 3827 2009 3896 βασι-

440 3917 576 3980 λέως
617 3916 834 3987 Συρίας,
884 3917 978 3969 καὶ
1021 3919 1079 3970 ἐν
1125 3917 1272 3987 χειρὶ
1321 3917 1517 3987 Ἀδερ,
1567 3917 1687 3970 υίοῦ
1733 3914 1949 3987 ’Λζαήλ
1986 3934 2006 3968 ι

441 4007 706 4078 Δεύτερος
739 4006 799 4070 ἐξ
833 4008 1058 4076 Ἰωάχας
1088 4007 1468 4078 βεϐασίλευκεν
1513 4008 1686 4074 Ίωάς,
1737 4008 1830 4062 καὶ
1858 4004 2012 4071 οὗτος

443 4097 583 4167 ἀνὴρ
613 4097 870 4166 πονηρός.
902 4098 1098 4167 Τρίτος
1140 4098 1443 4170 Ἰεροϐοάμ,
1477 4095 1537 4154 οὗ
1568 4101 1660 4153 καὶ
1697 4099 2008 4169 βασιλεύον-

444 4203 535 4250 τος
572 4188 798 4257 ἀρχεται
837 4185 936 4255 τῆς
965 4190 1298 4258 προφητείας
1342 4190 1518 4258 Ὦσηέ.
1551 4191 1814 4260 ’Τέταρτος
1850 4192 2006 4256 Ἀζα-

449 4278 572 4350 ρίας
600 4276 659 4342 ἐξ
698 4276 997 4348 Ἱεροϐοάμ,
1044 4277 1135 4329 καὶ
1168 4277 1330 4340 αὐτὸς
1371 4277 1776 4351 εἰδωλολάτρης.
1809 4282 2007 4334 Τοῦτον

444 4370 764 4424 ἀπέκτεινεν
807 4371 835 4422 6
876 4369 1106 4436 Σελούμ,
1158 4368 1367 4420 Οὐκοῦν
1415 4369 1714 4441 ἐπειδήπερ
1759 4371 2009 4440 κέχριστο

2107 1915 2289 1968 datum
2351 1915 2607 1984 prepheta
2651 1915 2924 1983 implevit.
2986 1915 3188 1969 Deinde
3243 1925 3439 1970 unctus
3485 1915 3622 1971 Jehu
3656 1956 3675 1984 ,

2107 2006 2383 2060 descendit
2422 2020 2490 2058 ex
2534 2006 2804 2072 Samaria,
2848 2006 3150 2076 divinaeque
3200 2006 3294 2061 irae
3329 2007 3380 2060 in
3432 2007 3678 2064 sontibus

2106 2079 2392 2164 puniendis
2432 2095 2720 2149 satisfecit.
2765 2094 2897 2149 Nam
2923 2097 3118 2150 occidit
3144 2097 3350 2161 Achab,
3378 2106 3430 2150 et
3451 2099 3678 2154 cadaver

2107 2185 2225 2255 ejus
2254 2185 2305 2238 in
2341 2185 2552 2240 vineam
2605 2184 2815 2240 Naboth
2866 2186 3083 2254 abjecit.
3121 2187 3312 2242 Postea
3345 2185 3674 2256 Jezabelem,

2108 2287 2162 2331 et
2197 2275 2541 2348 septuaginta
2591 2277 2733 2332 ﬁlios
2778 2280 2987 2345 Achab,
3034 2282 3122 2350 qui
3162 2282 3214 2335 in
3271 2291 3377 2336 tota
3429 2280 3677 2339 Samaria

2107 2380 2284 2435 erant,
2323 2371 2437 2424 neci
2472 2370 2638 2424 dedit.
2675 2369 2883 2436 Quibus
2911 2371 3073 2424 etiam
3099 2371 3227 2424 Baal
3249 2373 3487 2438 addidit;
3522 2374 3678 2441 cujus

2109 2471 2319 2516 statuas
2359 2463 2676 2526 combussit,
2715 2473 2769 2517 et
2809 2463 3029 2518 delubra
3065 2465 3250 2528 diruit,
3277 2475 3330 2518 et
3363 2466 3510 2534 ipsos
3553 2467 3673 2533 ejus

2109 2556 2423 2608 sacerdotes
2465 2555 2752 2623 jugulavit.
2814 2554 2893 2608 Ob
2919 2570 3038 2624 qua:
3081 2555 3407 2609 Deus-illum
3443 2556 3673 2624 laudat;

2107 2647 2237 2715 quin
2267 2647 2428 2699 etiam
2463 2647 2748 2716 promittit,
2784 2647 2866 2700 his
2893 2646 3072 2700 verbis
3112 2664 3125 2700 :
3167 2665 3185 2696 ι
3223 2647 3346 2700 Filii
3385 2648 3459 2700 tui
3489 2651 3680 2718 'usque

2111 2739 2175 2790 ad
2207 2748 2454 2806 quartam
2481 2739 2884 2804 generationem
2918 2739 3182 2792 sedebunt
3211 2753 3372 2806 super
3420 2739 3675 2793 thronum

2113 2838 2261 2882 tuum
2293 2830 2360 2882 “.
2419 2829 2437 2880 ὸ
2475 2827 2674 2882 Verum
2725 2829 2794 2881 ita
2834 2827 3062 2882 celebris
3103 2828 3236 2882 Jehu
3263 2864 3282 2893 ,
3324 2829 3678 2885 nihilominus

2117 2920 2280 2973 Deum
2316 2919 2473 2974 laesit.
2504 2919 2612 2973 Nec
2638 2920 2780 2972 enim
2802 2919 3000 2973 vitulos
3027 2920 3250 2973 abstulit
3278 2935 3292 2970 :
3317 2930 3370 2974 et
3400 2921 3514 2989 ipse
3541 2936 3680 2990 quo-

2111 3024 2216 3077 que
2268 3009 2319 3062 in
2356 3009 2592 3076 peccatis
2640 3007 2926 3062 Jeroboam
2980 3009 3140 3077 impie
3177 3010 3453 3064 ambulare
3487 3013 3681 3081 depre-

2115 3101 2312 3153 hensus
2364 3109 2470 3152 est.
2542 3099 2741 3152 Deinde
2802 3116 2866 3153 ex
2918 3099 3051 3154 Jehu
3106 3101 3310 3169 primus
3371 3112 3531 3155 natus
3595 3113 3682 3158 est

2115 3296 2239 3333 rans
2269 3280 2332 3332 ".
2366 3277 2563 3334 Verum
2613 3278 2727 3347 ejus
2765 3280 3114 3348 temporibus,
3159 3281 3334 3349 inquit
3370 3280 3678 3352 Scriptura,

2118 3389 2136 3422 ‹
2181 3370 2353 3424 lratus
2394 3381 2480 3424 est
2517 3369 2665 3423 furor
2710 3371 2924 3424 Domini
2971 3385 3130 3439 super
3169 3370 3351 3437 lsrael,
3407 3383 3461 3426 et
3511 3375 3680 3428 tradi-

2113 3463 2192 3517 dit
2243 3477 2337 3518 eos
2394 3463 2445 3517 in
2498 3478 2656 3516 manu
2694 3462 2878 3526 Azael,
2939 3463 3078 3531 regis
3123 3462 3310 3532 Syria;
3343 3474 3396 3518 et
3430 3465 3481 3518 in
3519 3481 3682 3520 manu

2114 3553 2256 3605 Ader
2291 3553 2385 3606 ﬁlii
2422 3553 2582 3607 Azael
2611 3553 2674 3605 ".
2719 3571 2737 3603 ι
2799 3552 2904 3622 19
2957 3553 3112 3608 Alter
3157 3567 3221 3606 ex
3272 3553 3507 3609 Joachaz
3555 3573 3682 3626 pro-

2116 3649 2332 3709 gnatus,
2365 3657 2557 3709 nempe
2586 3639 2734 3704 Joas,
2772 3643 3037 3709 regnavit,
3079 3643 3193 3710 ipse
3228 3658 3440 3712 quoque
3477 3646 3681 3714 impro-

2115 3733 2251 3799 bus;
2289 3733 2478 3786 tertius
2507 3733 2811 3797 Jeroboam,
2847 3734 2946 3785 sub
2977 3734 3130 3800 cujus
3170 3748 3332 3801 regno
3365 3732 3518 3788 Osere
3557 3751 3682 3804 pro-

2114 3825 2291 3894 phetia
2318 3825 2527 3876 initium
2555 3824 2738 3877 sumit.
2768 3824 3004 3889 Quartus
3023 3824 3247 3877 Azarias
3279 3824 3438 3894 (alias
3466 3825 3679 3881 Zacha-

2124 3915 2252 3982 rias)
2279 3911 2584 3967 Jeroboami
2615 3913 2780 3977 filius,
2807 3913 2973 3967 etiam
3006 3913 3306 3968 idololatra.
3341 3913 3494 3970 Hunc
3515 3920 3682 3973 truci--

2117 4005 2264 4061 davit
2297 4003 2520 4059 Selium.
2555 4004 2818 4069 Quoniam
2879 4003 3040 4072 igitur
3096 4013 3288 4060 unctus
3339 4013 3458 4060 erat
3508 4005 3677 4073 Jehu,

2115 4110 2172 4152 ut
2203 4098 2553 4152 ulcisceretur
2592 4096 2908 4163 sanguinem
2945 4095 3154 4149 Naboth
3216 4096 3520 4150 Jezraclitaa
3560 4097 3682 4162 (fuit

2114 4187 2374 4240 Samaria:
2405 4187 2657 4254 oppidum
2692 4183 2948 4252 Jezrael),
2987 4194 3042 4236 et
3091 4195 3146 4235 ut
3193 4184 3407 4239 lsraelis
3457 4186 3681 4242 idolola-

2119 4277 2216 4330 tria
2239 4290 2448 4338 eversa,
2503 4274 2570 4326 de
2602 4284 2797 4327 caetero
2842 4289 2936 4326 eos
2973 4288 3094 4326 cum
3149 4274 3256 4329 Deo
3299 4277 3674 4348 coniungeret,

2116 4368 2228 4435 ipse
2250 4379 2375 4419 vero
2400 4372 2580 4432 postea
2617 4363 2812 4417 vitulos
2842 4362 3102 4426 adoravit,
3126 4376 3180 4418 et
3208 4364 3300 4419 lilii
3322 4366 3439 4435 ejus
3471 4378 3675 4437 patrem

446 4463 542 4534 μὲν
570 4464 598 4514 6
636 4462 796 4530 Ἰηοὺ,
832 4461 918 4512 ἵνα
953 4459 1214 4530 ἐκδικήσῃ
1250 4459 1308 4511 τὸ
1334 4453 1473 4529 αἷμα
1502 4459 1595 4511 τοῦ
1622 4461 1917 4525 Ναϐουοαὶ,
1948 4460 2005 4523 ὃς

2111 4473 2262 4512 suum
2296 4456 2569 4524 impietate
2600 4465 2901 4523 aquarum,
2957 4472 2975 4505 ι
3028 4455 3288 4519 Ulciscar,
3324 4458 3515 4528 inquit,
3552 4474 3680 4512 san-

441 4550 508 4623 ἦν
554 4551 612 4619 ἐξ
656 4550 890 4621 Ἰεζραὲλ
922 4550 1099 4618 (πόλις
1131 4549 1187 4602 δὲ
1233 4548 1369 4619 αὕτη
1405 4550 1503 4619 τῆς
1547 4549 1879 4620 Σαμαρείας)
1914 4549 2008 4603 καὶ

441 4646 531 4698 ἵνα
558 4645 657 4712 τὴν
689 4642 780 4696 τοῦ
824 4642 1042 4713 Ἰσραὴλ
1074 4640 1484 4710 είδωλολατρίαν
1515 4640 1797 4710 περιελὼν,
1821 4641 2008 4694 λοιπὸν

442 4733 707 4805 ἀναπείσῃ
738 4734 1093 4803 προσκεῖσθαι
1141 4731 1278 4802 Θεῷ,
1326 4728 1444 4784 εἶτα
1488 4731 1677 4799 γέγονε
1722 4732 1813 4784 καὶ
1847 4731 2009 4794 αὐτὸς

445 4825 730 4894 δαμάλεων
763 4824 1170 4894 προσκυνητὴς,
1201 4823 1484 4885 δυσσεϐεῖς
1507 4823 1563 4874 δέ
1593 4823 1744 4874 οὐδὲν
1769 4817 1930 4894 ἦττον
1958 4824 2008 4875 οἱ

446 4918 504 4983 ἐξ
545 4915 708 4968 αὑτοῦ
757 4917 1008 4983 γεγόνασι
1054 4915 1261 4978 παῖδες,
1313 4931 1330 4963 ι
1382 4912 1705 4983 Ἐκδικήσω,
1748 4913 1906 4982 φησὶ,
1949 4913 2010 4966 τὸ

445 5003 585 5076 αἷμα
609 5005 702 5058 τοῦ
740 5005 972 5076 Ίεζραὲλ
1018 5004 1108 5056 ἐπὶ
1132 5005 1222 5056 τὸν
1249 4997 1393 5055 οἷκον
1430 5000 1589 5072 Ἰηού.
1631 5019 1648 5052 ι
1683 5002 1793 5054 Καὶ
1822 5001 2009 5073 ῶσπερ

446 5099 552 5169 γὰρ
600 5097 944 5166 ἐκδεδίκηκεν
987 5099 1050 5149 ἐκ
1085 5095 1178 5148 τοῦ
1211 5095 1361 5148 οῐκου
1403 5094 1496 5146 τοῦ
1540 5094 1739 5164 Ἀχαάϐ
1786 5093 1874 5147 διὰ
1909 5093 2009 5161 τῆς

461 5188 596 5258 Ἰηοὺ
643 5185 938 5256 βασιλείας,
983 5185 1153 5248 οὕτως
1199 5184 1475 5253 ἐκδικήσει
1503 5184 1596 5237 καὶ
1625 5186 1690 5235 ἐκ
1729 5181 1823 5234 τοῦ
1858 5183 2005 5233 οἴκου

458 5278 615 5349 Ἰηού.
655 5279 744 5332 Ἐν
777 5277 884 5346 γὰρ
913 5277 1030 5338 ταῖς
1061 5275 1295 5345 ήμέραις
1338 5274 1445 5328 τῶν
1484 5273 1613 5325 υἱῶν
1641 5271 1805 5325 αὑτοῦ
1839 5289 2007 5324 πεπο-

445 5373 681 5442 λέμηκεν
711 5369 909 5439 ’Δζαὴλ
944 5368 1195 5438 βασιλεὺς
1225 5368 1444 5439 Συρίας,
1490 5366 1584 5419 καὶ
1605 5364 1793 5434 μέντοι
1823 5365 2004 5434 Ἄδερ,

448 5463 540 5516 καὶ
569 5465 885 5532 νενικήκασι
905 5458 997 5511 τὸν
1033 5459 1266 5530 Ἰσραὴλ,
1294 5458 1552 5518 πλείστας
1581 5455 1636 5506 δέ
1665 5455 1795 5517 ὅσας
1817 5454 1925 5506 τῶν
1952 5455 2010 5505 ἐν

448 5553 730 5624 Σαμαρείᾳ
779 5550 1157 5622 πεπορθήκασι
1188 5550 1392 5612 πόλεις.
1433 5548 1686 5600 Τίκτεται
1736 5546 1913 5598 τοίνυν
1934 5544 2010 5613 τῷ

524 5730 565 5762 ⁸¹
598 5730 661 5786 Ν
689 5732 821 5804 Reg.
853 5749 961 5799 xvi,
1002 5733 1088 5787 12.
1168 5732 1212 5762 ⁶¹
1245 5728 1307 5782 IV
1346 5729 1474 5798 Reg.
1511 5742 1632 5793 xm,
1671 5725 1725 5778 2.
1809 5725 1854 5756 ⁸³
1889 5719 2019 5777 ibid.
2057 5720 2108 5773 ὅ.

2110 4549 2323 4620 guinem
2351 4546 2556 4600 Jezrael
2591 4560 2751 4614 super
2791 4547 3007 4599 dunmm
3059 4544 3216 4602 Jelm.
3266 4564 3285 4598 ι
3346 4546 3498 4599 Sicut
3537 4549 3680 4601 enim

2110 4639 2254 4693 ultus
2303 4646 2387 4692 est
2437 4639 2504 4691 de
2556 4637 2719 4690 domo
2763 4636 2949 4690 Achab
2981 4651 3077 4704 per
3121 4651 3342 4706 regnum
3389 4635 3556 4699 .Iehu;
3603 4637 3682 4691 sic

2111 4729 2398 4783 ulciscatur
2424 4727 2586 4781 etiam
2618 4728 2681 4780 de
2712 4728 2869 4780 domo
2893 4725 3050 4780 Jehu.
3085 4727 3454 4794 Regnantibus
3500 4727 3675 4796 siqui-

2111 4819 2390 4872 demiiliis
2419 4819 2555 4886 ejus,
2589 4817 2751 4870 Azael
2787 4828 2841 4871 et
2867 4819 3030 4884 Ader,
3073 4834 3166 4872 seu
3211 4818 3487 4879 Benedad,
3529 4833 3682 4887 rcges

2118 4909 2290 4981 Syria:
2347 4909 2544 4964 bellum
2598 4909 2732 4977 ipsis
2792 4910 3056 4975 fecerunt,
3105 4921 3159 4963 et
3213 4910 3438 4963 subacto
3487 4909 3684 4965 lsracle

2117 5003 2278 5054 urbes
2301 5000 2564 5054 Samaria:
2591 5001 3022 5069 quamplurimas
3045 5008 3378 5054 everterunt.
3425 4998 3685 5054 Nascitur

2117 5103 2245 5158 ergo
2274 5089 2545 5157 prOpheta:
2583 5089 2862 5158 puerulus,
2896 5089 2980 5143 cui
3010 5098 3064 5143 et
3094 5103 3286 5142 nomen
3320 5088 3523 5143 inditur
3555 5088 3684 5144 Jez-

2117 5179 2250 5243 rael,
2309 5179 2472 5234 veluti
2513 5179 2624 5234 Deo
2661 5180 3010 5235 commissum
3053 5180 3105 5232 in
3146 5177 3355 5232 Naboth
3397 5191 3682 5248 peccatum

2118 5271 2454 5326 recordante.
2488 5270 2617 5326 Viro
2643 5285 2876 5338 namque
2917 5271 3064 5340 justo
3093 5277 3148 5339 et
3187 5269 3436 5337 religioso
3481 5271 3686 5340 injuste

2120 5363 2390 5418 trucidato
2416 5403 2432 5429 ,
2490 5362 2763 5432 quomodo
2798 5362 3071 5430 justorum
3116 5369 3262 5415 tutor
3302 5376 3367 5416 ac
3418 5369 3682 5429 patronus

2117 5453 2462 5520 quievisset?
2513 5449 3114 5518 Contriturum.igitur
3175 5452 3443 5522 promittit
3497 5463 3682 5502 arcum

2119 5545 2281 5600 Israel
2315 5548 2366 5601 in
2399 5545 2536 5600 valle
2560 5540 2792 5599 Jezrael.
2838 5541 3011 5597 Victa‘:
3062 5553 3187 5598 sunt
3238 5544 3384 5600 enim
3407 5578 3423 5606 ,
3461 5548 3518 5592 ut
3547 5538 3682 5601 dixi,
