4098 6276
403 323 478 384 39
1421 313 1481 370 s.
1519 308 1793 367 crtum
1833 302 2306 362 ALEXANDRINI
2345 301 2665 361 ARClllEP.
3586 290 3656 348 ιο

409 449 478 500 ab
505 446 704 502 Azaele
751 455 808 502 et
835 443 984 499 Ade‘r
1027 440 1202 498 tribus
1259 436 1448 494 Israel.
1495 435 1562 490 Et
1587 434 1704 489 haec
1753 430 1969 500 quidem

2080 431 2327 501 προφήτῃ
2379 428 2611 493 παιδίον,
2661 420 2708 494 ᾧ
2751 426 2846 481 καὶ
2876 425 3048 495 ὄνομα
3088 421 3151 475 τὸ
3205 415 3464 489 Ἰεζραέλ,
3495 413 3659 466 οἱονεί

409 535 688 592 historice.
845 563 858 576 -
2077 535 2195 582 πως
2223 516 2362 571 Θεοῦ
2388 518 2488 586 τὴν
2510 514 2604 569 ἐπὶ
2636 515 2715 586 τῷ
2741 514 3022 569 Ναϐουθαὶ
3047 508 3347 580 γενομένην
3378 504 3658 574 ἁμαρτίαν

408 628 936 700 ἀναμιμνήσκοντος.
980 623 1196 694 Ἀνδρὸς
1219 621 1327 692 γὰρ
1347 621 1559 675 δικαίου
1610 618 1710 671 καὶ
1772 615 2034 680 εὐλαϐοὔς
2069 615 2270 677 ἀδίκως
2337 613 2700 684 ἀνῃρημένου,
2751 610 2868 674 πῶς
2915 610 2980 664 ἂν
3032 607 3311 700 ἠρέμησεν
3355 601 3549 700 ὁητῶν-
3578 601 3660 700 δι’

411 692 597 776 καίων’
642 692 983 791 προστάτης
1020 692 1343 789 Συντρίψειν
1414 709 1507 767 οὖν
1546 711 1940 781 ἐπαγγέλλεται
1999 709 2151 776 τόξον
2191 707 2286 762 τοῦ
2327 707 2541 779 Ἰσραὴλ
2587 710 2644 760 ἐν
2717 708 2782 776 τῇ
2817 702 3021 757 κοιλάδι
3065 701 3160 754 τοῦ
3203 695 3458 767 Ἰεζραέλ.
3499 692 3659 791 διενι-

409 831 600 883 κηνται
642 786 768 885 γάρ,
802 815 878 878 ὡς
913 813 1071 882 ἔφην,
1102 786 1208 864 ὑπό
1249 826 1309 862 τε
1339 809 1432 862 τοῦ
1475 806 1694 879 Ἀξαὴλ,
1741 806 1836 859 καὶ
1909 804 2092 877 μέντοι
2169 803 2264 858 τοῦ
2291 803 2454 874 Ἀδερ
2477 805 2532 857 αἱ
2561 800 2726 872 φυλαὶ
2787 797 2883 853 τοῦ
2913 795 3148 867 Ἰσραήλ.
3172 792 3284 847 Καὶ
3315 793 3343 844 ὁ
3380 790 3477 861 μὲν
3499 786 3657 853 λόγος

409 910 466 960 ἐν
492 906 698 970 τούτοις
729 906 838 960 τῶν
874 903 1162 974 ίστορικῶς
1185 901 1613 974 πεπραγμένων.

474 1000 586 1070 Age
615 1014 797 1069 porro,
825 970 1078 1052 etiam-in
1133 970 1359 1049 alteram
1405 970 1734 1064 seripturam
1771 1003 1972 1048 conve-

2149 988 2286 1060 Φέρε
2317 987 2374 1040 δέ
2407 987 2503 1041 καὶ
2542 987 2624 1049 είς
2648 983 2746 1055 τὴν
2776 983 2966 1050 ἑτέραν
2995 977 3210 1050 γραφὴν
3237 975 3304 1028 τὰ
3345 973 3529 1028 εἰκότα
3568 970 3652 1023 λέ-

406 1069 610 1145 nientia
639 1089 903 1152 dicamus,
940 1089 1006 1141 ad
1051 1085 1386 1156 spiritualem
1425 1084 1968 1149 commentationem,

2080 1091 2288 1152 γωμεν,
2333 1077 2757 1148 ἀνακομίζοντες
2795 1075 2897 1145 ἤδη
2930 1073 3064 1142 πρὸς
3091 1069 3323 1139 Θεωρίαν
3354 1082 3652 1134 πνευματι-

406 1180 522 1236 sive
552 1193 772 1234 sensum
823 1192 855 1231 a
887 1175 999 1231 Deo
1026 1175 1166 1230 dicta
1217 1183 1557 1230 revocantes.
1608 1173 1814 1229 Nobilis
1846 1187 1972 1243 pro-

2080 1174 2177 1244 κὴν
2204 1172 2274 1225 τὰ
2305 1171 2571 1242 είρημένα
2601 1167 2752 1238 παρὰ
2787 1166 2921 1219 Θεοῦ
2942 1199 2958 1216 .
2981 1162 3221 1230 Εὐγενὴς
3257 1159 3354 1230 μέν
3399 1157 3486 1209 διὰ
3525 1156 3652 1217 τοὺς

412 1278 536 1335 pter
595 1267 830 1336 majores
891 1265 1199 1322 Iudaeorum
1287 1264 1593 1336 Synagoga.
1650 1264 1971 1320 Serviemnt

2080 1264 2322 1335 πατέρας
2367 1265 2400 1332 ὴ
2449 1260 2559 1315 τῶν
2602 1257 2866 1312 Ἰουδαίων
2898 1253 3212 1322 Συναγωγή.
3247 1246 3650 1318 Λελατρεύκαςι

407 1356 552 1411 enim
589 1356 883 1420 Abraham,
919 1364 972 1410 et
999 1353 1090 1408 ﬁlii
1127 1369 1191 1408 ac
1216 1365 1440 1424 nepotes
1472 1355 1589 1424 ejus
1617 1355 1727 1409 Deo
1771 1354 1974 1410 viventi

2080 1356 2184 1426 γὰρ
2215 1357 2264 1409 oi
2293 1354 2437 1426 ἀμφὶ
2473 1353 2564 1406 τὸν
2595 1349 2886 1404 θεσπέσιον
2918 1343 3169 1416 Ἀϐραὰμ
3200 1341 3320 1412 Θεῷ
3347 1339 3513 1404 ζῶντι
3554 1338 3649 1389 καλ⁵

407 1457 462 1501 et
496 1460 624 1501 vero
653 1463 667 1512 ;
693 1446 822 1515 quin
859 1445 1024 1498 etiam
1062 1441 1288 1510 iustitiae
1328 1443 1556 1498 studiosi
1608 1442 1872 1506 cultores,
1921 1450 1976 1497 et

2080 1445 2332 1518 ἀληθινῷ,
2372 1445 2468 1498 καὶ
2513 1444 2618 1513 μὴν
2643 1441 2737 1495 καὶ
2766 1437 3113 1506 δικαιοσύνης
3140 1433 3426 1503 γεγόνασιν
3454 1431 3650 1499 ἐπιμεο

405 1536 656 1590 omnibus
687 1535 946 1588 virtutum
976 1547 1357 1602 germanarum
1385 1532 1688 1587 actionibus
1733 1532 1975 1600 insignes

2080 1536 2234 1607 ληταὶ
2260 1577 2274 1601 ,
2328 1535 2421 1587 καὶ
2470 1533 2708 1595 ἁπάσαις
2757 1526 3176 1598 ἀγαθοεργείαις
3221 1522 3281 1577 εὖ
3330 1521 3472 1594 μάλα
3516 1535 3648 1572 κατ-

404 1627 695 1682 admodum
735 1633 790 1678 et
825 1623 958 1678 clari
985 1614 1225 1686 luerunt,
1273 1623 1406 1678 etin
1436 1621 1893 1694 lideimmobiles,
1923 1630 1977 1676 et

2080 1623 2424 1694 ἐστεμμένοι,
2446 1622 2542 1674 καὶ
2561 1618 2876 1688 γνησιότητι
2906 1614 3299 1685 διαπρέποντες
3321 1651 3336 1676 ,
3368 1609 3463 1663 καὶ
3492 1607 3644 1660 ἀκλύ-

406 1716 462 1770 in
496 1715 646 1770 omni
678 1727 884 1782 genere
926 1711 1186 1767 bonitatis
1216 1713 1522 1767 exercitati.
1545 1693 1665 1766 Ἀεὶ
1715 1711 1805 1766 ubi
1836 1709 1977 1766 fame

2080 1728 2228 1784 νητοι
2259 1713 2359 1782 τὴν
2393 1712 2575 1765 πίστιν
2593 1751 2607 1773 ,
2637 1710 2734 1763 καὶ
2768 1710 2877 1762 πᾶν
2905 1702 3050 1768 εῐδος
3071 1702 3371 1764 ἐπιεικείας
3400 1701 3645 1768 ἐπησκη-

407 1804 670 1874 compulsi
695 1803 965 1874 Egyptiis
987 1818 1047 1859 se
1074 1803 1568 1868 commiscuerunt,
1596 1802 1778 1870 ibique
1816 1801 1977 1870 longo

2080 1807 2251 1868 κότες.
2313 1803 2528 1874 Ἐπειδὴ
2575 1801 2633 1854 δὲ
2681 1799 2843 1870 λιμοῦ
2907 1795 3322 1865 κατωθήσαντος
3381 1787 3645 1859 ἐπέμιξαν

409 1905 648 1966 tempore
675 1903 1109 1965 permanserunt,
1156 1908 1342 1949 eorum
1389 1894 1590 1962 posteri
1631 1893 1766 1948 alios
1797 1906 1975 1946 mores

409 1985 720 2050 induerunt,
770 1984 1014 2054 aliosque
1040 1999 1235 2040 sensus
1285 1992 1338 2038 et
1370 1983 1731 2052 cogitationes
1768 1996 1976 2036 assum-

407 2085 648 2144 pserunt,
680 2075 961 2145 indigenas
1005 2074 1073 2130 de
1117 2083 1318 2129 cmtero
1369 2073 1568 2128 imitari
1619 2081 1920 2128 statuentes
1955 2112 1972 2139 ,

406 2172 783 2234 consuetaeque
809 2165 1050 2234 patribus
1071 2203 1087 2229 ,
1132 2174 1186 2219 et
1217 2165 1477 2235 praeclare
1507 2165 1764 2235 praestitze
1793 2165 1970 2234 pieta-

409 2253 480 2308 tis
515 2268 738 2322 parvam
787 2253 1010 2308 omnino
1056 2253 1324 2308 rationem
1371 2253 1649 2308 ducentes.
1702 2255 1974 2309 Adoravc-

405 2353 532 2398 runt
554 2343 698 2398 enim
736 2361 756 2395 σ
799 2354 1106 2398 creaturam
1152 2343 1334 2413 potius
1366 2359 1528 2413 quam
1557 2343 1866 2398 Creatorem
1889 2345 1972 2409 “,

405 2445 462 2488 et
487 2450 654 2502 opera
688 2449 946 2488 manuum
972 2449 1194 2488 suarum
1234 2436 1302 2500 ⁸⁸,
1339 2453 1357 2485 ι
1402 2435 1544 2488 sicut
1572 2435 1830 2503 scriptum
1873 2443 1973 2488 cst.

408 2523 488 2578 Eo
519 2532 701 2577 autem
750 2521 1174 2576 abominationis
1229 2522 1482 2575 abierunt
1529 2529 1583 2575 et
1627 2523 1700 2574 ita
1755 2521 1978 2589 profane

409 2615 576 2667 vitam
615 2612 967 2677 transierunt,
1000 2619 1060 2665 ut
1108 2610 1197 2664 vix
1246 2609 1412 2664 ullum
1466 2609 1824 2678 improbitatis
1871 2611 1980 2680 20

411 2703 628 2756 inodum
681 2702 890 2757 discere
938 2711 993 2756 et
1043 2700 1342 2758 consectari
1386 2700 1849 2769 praetermiserim.
1899 2704 1979 2756 Ac

408 2793 540 2847 mihi
573 2807 705 2848 sane
732 2793 873 2846 idem
905 2791 1010 2846 illis
1060 2793 1273 2846 videtur
1320 2791 1626 2857 accidisse,
1679 2792 1822 2860 quod
1861 2807 1978 2846 mu-

408 2885 529 2940 lieri
558 2884 789 2950 sapienti
828 2899 928 2938 nec
955 2883 1200 2953 ignobili,
1231 2897 1352 2951 qua:
1409 2882 1652 2938 moribus
1695 2884 1806 2938 suis
1848 2885 1974 2938 teli-

2075 1890 2416 1964 Αἰγυπτίοις,
2450 1889 2568 1946 εῐτα
2602 1892 2847 1963 μακροὺς
2879 1891 3057 1943 ἐκεῖσε
3091 1882 3492 1939 διατετελέκασι
3518 1878 3647 1950 χρό-

2075 2004 2220 2052 νους,
2245 1984 2592 2056 ἐτερότροποί
2619 2000 2677 2036 τε
2734 1981 2828 2035 καὶ
2855 1982 2940 2036 ἐτε
2951 1977 3288 2049 ρογνώμονες
3309 1974 3357 2025 οἱ
3382 1971 3440 2037 ἐξ
3465 1970 3646 2023 αὐτῶν

2075 2079 2351 2150 γεγόνασι,
2385 2079 2500 2140 τοῖς
2523 2076 2632 2128 τῶν
2655 2071 3009 2128 ἐνοικούντων
3045 2068 3225 2120 ἔθεσιν
3257 2063 3483 2152 ἕπεσθαι
3506 2063 3644 2132 ᾑρη-

2079 2171 2232 2239 μένοι
2253 2169 2461 2231 λοιπὸν,
2496 2168 2591 2220 καὶ
2624 2165 2782 2232 ὀλίγα
2809 2161 3084 2224 παντελῶς
3109 2159 3210 2228 τῆς
3232 2160 3344 2220 τοῖς
3374 2155 3644 2224 πατράσιν

2075 2257 2358 2330 ὲντριϐοὖς
2401 2258 2496 2310 καὶ
2528 2254 2820 2324 ἐξαιρέτως
2871 2248 3312 2320 κατορθουμένης
3364 2242 3645 2303 εὐσεϐείας

2077 2347 2522 2419 πεφροντικότες.
2578 2341 3066 2414 Προσκεκυνὴκασι
3112 2337 3221 2407 γὰρ
3280 2354 3298 2387 t
3333 2336 3412 2404 Τῇ
3471 2332 3644 2386 κτίσει

2077 2438 2232 2509 παρὰ
2255 2437 2350 2490 τὸν
2373 2435 2654 2500 κτίσαντα,
2682 2434 2776 2487 καὶ
2820 2434 2932 2495 τοῖς
2962 2431 3145 2501 ἔργοις
3169 2427 3278 2480 τῶν
3309 2425 3508 2496 χειρῶν
3545 2423 3643 2476 αὐ-

2076 2533 2208 2597 τῶν,
2249 2551 2268 2582 ι
2313 2529 2459 2583 καθὰ
2509 2529 2838 2599 γέγραπται.
2887 2522 3212 2592 Κατῴχοντο
3262 2520 3319 2573 δὲ
3365 2516 3644 2588 βδελυρίας

2080 2625 2160 2686 είς
2183 2620 2342 2675 τοῦτο
2395 2621 2490 2674 καὶ
2520 2618 2748 2691 βεϐήλου
2782 2617 2949 2685 ζωῆς,
2981 2615 3055 2677 ὡς
3083 2613 3222 2681 τάχα
3246 2629 3349 2664 που
3381 2609 3646 2680 φαυλότη-

2077 2732 2168 2777 τος
2211 2714 2413 2784 τρόπον
2455 2713 2598 2783 ἔχειν
2648 2709 3065 2779 ἀνεπιτήδευτον
3111 2703 3390 2766 παντελῶς
3435 2703 3642 2755 οὐδένα.

2079 2805 2187 2859 Καί
2223 2805 2312 2876 μοί
2358 2818 2413 2857 τι
2451 2803 2646 2856 παθεῖν
2685 2800 2901 2854 δοκοῦσι
2951 2799 3179 2860 τοιοῦτο,
3213 2799 3350 2866 ὅπερ
3383 2796 3451 2848 ἂν
3484 2791 3648 2846 πάθοι

2079 2895 2216 2965 γυνὴ
2256 2899 2393 2964 σοφὴ
2426 2912 2485 2946 τε
2520 2894 2614 2947 καὶ
2647 2891 2892 2960 εὐγενὴς,
2929 2891 3020 2942 τὸν
3055 2891 3153 2958 μὲν
3181 2887 3377 2955 ἑαυτῆς
3419 2883 3649 2953 μεθεῖσα

409 2977 533 3037 etis,
595 2984 650 3028 et
689 2974 988 3029 honestatis
1023 2988 1085 3028 ac
1117 2973 1397 3028 modestiae
1439 2974 1631 3027 studiis
1661 2975 1823 3028 etiam
1884 2989 1977 3027 va-

2082 2986 2302 3056 τρόπον,
2339 2986 2498 3054 μόνον
2527 2983 2583 3036 δὲ
2624 2982 2745 3051 οὐχὶ
2796 2981 2890 3033 καὶ
2930 2977 3206 3050 ἐρρῶσθαι
3240 2975 3495 3045 φράσασα
3533 2975 3646 3034 τοῖς

411 3066 523 3120 lere
575 3064 765 3134 jussis,
811 3065 988 3132 potius
1047 3065 1102 3118 in
1143 3065 1322 3134 specie
1365 3073 1418 3119 et
1454 3064 1694 3119 vestibus
1739 3065 1980 3120 meretri-

409 3157 510 3212 c‘iis
546 3155 782 3225 conspici
805 3154 1064 3218 instituit.
1103 3155 1222 3222 Quo
1258 3155 1401 3209 enim
1434 3156 1594 3211 modo
1644 3157 1838 3210 mulier
1859 3156 1979 3212 talis

409 3245 650 3305 omnium
703 3244 1076 3313 voluptatibus
1121 3245 1318 3313 servitj,
1364 3247 1541 3300 omnis
1593 3246 1857 3300 molestiae
1894 3263 1979 3302 se-

417 3349 574 3401 cura,
595 3333 782 3388 eodem
823 3334 983 3387 modo
1014 3333 1190 3387 anima
1223 3334 1455 3388 hominis
1482 3333 1642 3388 simul
1673 3349 1737 3388 ac
1769 3349 1797 3386 a
1818 3334 1980 3388 ratio-

413 3427 572 3481 nibus
606 3423 826 3494 pietatis
851 3423 1148 3490 deﬂexerit,
1197 3425 1628 3495 cbaritatemque
1657 3441 1784 3494 erga
1817 3427 1979 3480 Deum

410 3517 561 3572 ﬂocci
593 3517 860 3586 penderit,
895 3524 950 3570 et
1010 3517 1076 3570 ad
1129 3515 1388 3588 Satanam
1443 3516 1810 3581 inclinaverit,
1866 3531 1980 3569 ma-

411 3608 678 3676 lignorum
701 3607 985 3676 spirituum
1005 3607 1392 3674 cupiditatibus
1412 3607 1769 3676 obtemperat.
1794 3607 1982 3676 Itaque

413 3697 680 3752 fornicata
748 3707 830 3750 est
885 3697 1245 3766 spiritualiter
1297 3698 1352 3751 in
1397 3696 1636 3768 x’Egypto
1676 3695 1978 3752 Iudaeorum

413 3788 723 3860 Synagoga.
765 3787 1055 3844 Prostabat
1093 3790 1259 3855 cnim,
1295 3801 1354 3844 ut
1401 3789 1536 3853 dixi,
1572 3790 1870 3844 daemonum
1897 3791 1984 3846 de-

411 3881 648 3943 sideriis,
691 3889 744 3933 et
769 3881 834 3934 ad
867 3895 1030 3934 omne
1069 3881 1431 3948 quodcunque
1471 3879 1577 3934 illis
1611 3879 1972 3945 eollibnisset,

413 3984 521 4025 non
578 3968 797 4024 dillicile
852 3969 1182 4038 rapiebatur.
1240 3968 1508 4024 Caeterum
1565 3970 1642 4022 ita
1688 3970 1980 4038 projectam

410 4059 658 4115 visitavit
709 4058 1000 4113 miseratus
1024 4058 1187 4124 Deus,
1239 4067 1296 4113 et
1344 4059 1521 4114 denuo
1561 4059 1811 4128 pudicam
1863 4062 1985 4114 red-

409 4151 539 4205 dere
561 4149 778 4204 molitus
804 4157 909 4216 est,
926 4160 980 4203 et
1003 4149 1392 4219 propemodum
1420 4150 1858 4205 contubernalem
1886 4151 1984 4204 im-

2081 3079 2162 3140 είς
2194 3076 2494 3146 εὐκοσμίαν
2518 3073 2946 3143 ἐπιτηδεύμασιν
2967 3085 2979 3098 ⁸
3013 3066 3331 3138 ἀνῃρημένη
3356 3067 3412 3117 δὲ
3447 3063 3646 3134 μᾶλλον

2080 3166 2141 3218 τὸ
2170 3169 2228 3220 ἐν
2260 3167 2390 3219 εἴδει
2448 3166 2542 3218 καὶ
2573 3166 2846 3233 σχήμασιν
2874 3160 3100 3230 ὁρᾶσθαι
3133 3156 3647 3229 πορνικοῖς.”ονπερ

2079 3257 2187 3327 γὰρ
2216 3257 2416 3326 τρόπον
2446 3257 2478 3325 ἡ
2521 3255 2700 3308 τοιάδε
2731 3252 2870 3323 γυνὴ
2905 3251 3004 3316 τὰς
3041 3251 3296 3304 ἁπάντων
3329 3246 3522 3317 ἡδονὰς
3560 3246 3646 3317 ἐφ’

2079 3349 2244 3418 ἑαυτῇ
2273 3348 2491 3416 πληροῖ,
2515 3345 2832 3416 δυσχερείας
2866 3343 3087 3414 ἁπάσης
3111 3339 3473 3414 ἐξῃρημένης,
3506 3338 3649 3394 οὕτω

2079 3440 2174 3492 καὶ
2208 3437 2493 3508 ἀνθρώπου
2528 3437 2696 3507 ψυχὴ,
2728 3436 2836 3489 τῶν
2865 3436 2966 3504 τῆς
2992 3434 3273 3497 εὐσεϐείας
3301 3432 3647 3486 ἀπονέύσασα

2083 3531 2540 3601 σπουδασμάτων,
2560 3530 2656 3582 καὶ
2688 3531 2908 3598 ἀγάπης
2925 3528 3022 3596 τῆς
3052 3528 3130 3590 είς
3149 3527 3280 3579 Θεὸν
3309 3526 3645 3596 ἀλογήσασα,

2080 3624 2174 3678 καὶ
2207 3623 2657 3692 προσκεκλημένη
2691 3620 2768 3690 τῷ
2800 3621 3046 3688 Σατανᾷ,
3095 3618 3194 3680 τὰς
3239 3618 3346 3670 τῶν
3395 3615 3648 3686 πονηρῶν

2081 3716 2410 3786 πνευμάτων
2453 3713 2749 3784 ἐπιθυμίας
2799 3711 3124 3782 ἀποπληροῖ.
3178 3709 3387 3762 Οὐκοῦν
3445 3707 3647 3776 πεπόρ-

2082 3824 2272 3861 νευκεν
2295 3808 2352 3859 ἐν
2373 3806 2634 3875 Αἰγύπτῳ
2661 3804 2867 3875 νοητῶς
2898 3805 2933 3872 ἡ
2959 3803 3066 3854 τῶν
3101 3800 3365 3852 Ἰουδαίων
3395 3801 3648 3866 Συναγω-

2081 3899 2175 3968 γή.
2228 3896 2530 3968 Προύκειτο
2565 3896 2696 3966 γὰρ,
2745 3895 2820 3956 ὡς
2867 3893 3026 3962 ἔφην,
3060 3891 3182 3951 ταῖς
3209 3888 3316 3941 τῶν
3347 3888 3648 3956 ’δαιμονίων

2084 3990 2399 4060 ἐπιθυμίαις
2441 3991 2521 4052 είς
2574 3989 2682 4040 πᾶν
2726 3983 2905 4039 ὁτιοῦν
2933 3983 3042 4035 τῶν
3073 3982 3256 4042 αὐτοῖς
3299 3978 3420 4031 καθ’
3455 3976 3647 4046 ἡδονὴν

2082 4081 2468 4152 ἀποφερομένη
2508 4079 2764 4140 εὐκόλως.
2825 4073 2964 4126 Ἀλλ’
3015 4069 3385 4124 ἐπεσκέπτετὸ
3438 4085 3498 4121 τε
3556 4068 3650 4120 καὶ

2080 4171 2228 4241 ἠλέει
2273 4172 2404 4234 Θεὸς
2475 4168 2572 4240 τὴν
2619 4167 2759 4222 οὔτω
2805 4163 3215 4237 διερῤιμμένην,
3264 4160 3354 4212 καὶ
3401 4159 3650 4230 σώφρονα

410 4254 602 4307 puram
637 4238 805 4300 illam,
843 4237 936 4304 qui
980 4248 1064 4293 est
1109 4240 1352 4294 omnium
1403 4241 1738 4296 castissimus
1783 4251 1838 4296 et
1879 4257 1977 4311 pu-

2083 4237 2244 4316 πάλιν
2294 4264 2462 4331 αὐτὴν
2505 4237 2820 4328 ἀποφαίνειν
2863 4256 3052 4327 ἤθελε·
3086 4255 3246 4324 μόνον
3286 4251 3343 4304 δέ
3392 4251 3513 4320 οὐχὶ
3555 4247 3648 4344 καέ

411 4329 685 4392 rissimus,
744 4335 798 4380 et
853 4337 1082 4381 matrem
1130 4329 1360 4385 ﬁliorum
1409 4331 1558 4394 fecit,
1612 4341 1668 4385 et
1708 4335 1977 4387 cliaritate

2086 4353 2330 4406 σύνοικον
2377 4329 2548 4402 ἐποίει
2591 4351 2689 4418 τὴν
2740 4346 2965 4416 βέϐηλον
3028 4344 3057 4394 ὁ
3111 4341 3385 4408 πάναγνός
3449 4356 3508 4391 τε
3555 4338 3649 4393 καὶ

411 4419 662 4487 dignatus
695 4426 799 4481 cst,
840 4430 1060 4488 propter
1090 4428 1273 4474 natum
1328 4435 1396 4475 ex
1439 4436 1504 4476 ea
1535 4423 1974 4491 primogenitum,

412 4509 514 4562 hoc
545 4517 630 4563 est
663 4506 898 4574 Jezrael,
961 4509 1102 4576 quod
1150 4508 1342 4565 Latine
1385 4522 1561 4577 sonat,
1621 4529 1794 4567 semen
1853 4512 1974 4567 Dei.

413 4599 554 4669 Ergo
593 4597 788 4654 Oscam
828 4600 880 4652 in
918 4599 1229 4667 imaginem,
1256 4610 1312 4655 et
1351 4612 1532 4673 typum
1559 4604 1975 4672 sapientissimae

411 4691 570 4761 bujns
603 4691 1098 4745 administrationis
1132 4690 1224 4744 Dei
1277 4693 1545 4747 delectum
1593 4695 1828 4750 intuere.
1868 4696 1980 4751 Co-

411 4783 630 4851 pulatur
657 4780 864 4836 Gomcr
893 4781 1103 4837 mulieri
1132 4784 1406 4837 meretrici
1436 4786 1694 4854 pr0plteta
1720 4797 1974 4855 sanctus;

411 4873 502 4927 illa
534 4874 582 4927 ei
615 4873 824 4942 peperit
858 4871 1089 4928 Jesrael.
1116 4871 1193 4926 Ita
1222 4874 1360 4928 Deus
1389 4890 1485 4944 per
1512 4877 1974 4944 sapientissimum

410 4962 632 5034 Moysen
681 4962 990 5019 Judazorum
1052 4960 1397 5033 Synagogam
1461 4965 1530 5017 ad
1583 4965 1878 5020 amicitiam
1925 4976 1982 5021 et

411 5053 848 5110 communionem
901 5052 1242 5123 spiritualem
1300 5056 1556 5116 vocabat,
1615 5066 1837 5126 prepter
1884 5073 1982 5111 na-

415 5143 680 5197 sciturum
713 5157 781 5196 ex
813 5157 878 5197 ea
911 5141 1356 5212 primogenitum,
1405 5143 1652 5198 videlicet
1677 5144 1980 5212 Christum,

413 5232 506 5301 qni
528 5244 716 5284 revera
747 5240 830 5286 est
857 5246 1044 5288 semen
1077 5231 1190 5286 Dei.
1225 5228 1400 5287 Natus
1427 5241 1512 5288 est
1549 5234 1693 5288 enim
1723 5248 1790 5289 ex
1823 5235 1983 5291 Patre

413 5321 610 5390 Filius,
634 5322 884 5391 quamvis
904 5337 1034 5380 caro
1051 5317 1232 5380 factus
1253 5322 1346 5380 sit.

489 5695 718 5756 “Rom.
743 5713 784 5768 ι,
811 5695 903 5754 25.
979 5699 1024 5733 σι
1064 5698 1224 5758 Micb.
1259 5716 1312 5770 ν,
1349 5702 1434 5758 ιε.

2083 4443 2341 4512 καθαρὸς,
2391 4441 2484 4494 καὶ
2533 4441 2738 4493 τέκνων
2784 4437 2955 4489 ἐποίει
3008 4433 3239 4504 μητέρα,
3287 4432 3378 4484 καὶ
3427 4432 3646 4501 ἀγάπης

2081 4533 2253 4602 ἠξίου,
2287 4532 2376 4586 διὰ
2400 4534 2491 4585 τὸν
2519 4531 2577 4595 ἐξ
2606 4530 2776 4599 αὐτῆς
2803 4528 3093 4597 γενόμενον
3117 4524 3476 4596 πρωτότοκον,
3494 4539 3650 4574 τουτ-

2084 4627 2198 4680 έστι
2231 4625 2321 4679 τὸν
2397 4623 2658 4693 Ἰεζραέλ,
2705 4621 2764 4685 ὃς
2833 4617 3191 4690 ἑρμηνεύεται
3234 4614 3430 4682 σπορὰ
3476 4613 3644 4666 Θεοῦ.

2083 4721 2226 4789 Ὅρα
2266 4717 2331 4788 δὴ
2369 4711 2460 4769 οὖν
2494 4717 2574 4779 είς
2606 4715 2788 4767 είκόνα
2831 4713 2927 4764 καὶ
2969 4709 3137 4762 τύπον
3181 4706 3288 4760 τῶν
3331 4705 3473 4758 οὕτω
3513 4721 3648 4756 παν-

2083 4812 2259 4878 σόφως
2300 4805 2764 4878 οίκονομηθέντων
2807 4801 2958 4872 παρὰ
3010 4798 3145 4852 Θεοῦ
3194 4794 3503 4865 τεθειμένον
3557 4793 3646 4845 τὸν

2093 4902 2269 4972 Ὠσηέ.
2322 4899 2656 4952 Συνάπτεται
2695 4899 2762 4965 τῇ
2793 4893 2994 4962 Γόμερ,
3032 4889 3204 4960 πόρνῃ
3233 4886 3474 4954 γυναικὶ,
3515 4900 3648 4972 προ-

2079 4971 2254 5060 φήτης
2282 4987 2455 5057 ἅγιος.
2473 4987 2537 5039 Ἦ
2564 4985 2621 5038 δὲ
2650 4984 2869 5037 τέτοκεν
2895 4979 3045 5049 αὐτῷ
3073 4978 3165 5031 τὸν
3206 4975 3462 5046 Ἰεζραέλ.
3490 4971 3648 5026 Οὕτω

2079 5081 2172 5134 καὶ
2196 5079 2326 5143 Θεὸς
2358 5077 2541 5132 ἐκάλει
2571 5075 2708 5146 πρὸς
2757 5071 3066 5140 οἰκειότητα
3109 5065 3195 5120 διὰ
3239 5065 3329 5118 τοῦ
3372 5063 3644 5130 πανσόφου

2079 5173 2341 5235 Μωσέως,
2408 5171 2505 5240 τὴν
2554 5168 2662 5220 τῶν
2708 5163 2974 5217 Ἰουδαίων
3026 5157 3371 5228 Συνανωγὴν,
3422 5155 3515 5209 καὶ
3567 5154 3646 5215 είς

2080 5265 2366 5317 κοινωνίαν
2405 5257 2805 5330 πνευματικὴν,
2849 5253 2938 5308 διὰ
2987 5252 3077 5306 τὸν
3105 5251 3163 5318 ἐξ
3194 5249 3363 5319 αὐτῆς
3392 5247 3644 5316 ἐσόμενον

2081 5355 2442 5427 πρωτότοκον,
2467 5352 2732 5416 τουτέστι,
2765 5346 3022 5420 Χριστὸν,
3054 5347 3112 5410 ὃς
3144 5346 3257 5396 ἐστι
3306 5339 3483 5408 σπορὰ
3510 5335 3644 5390 Θεοῦ

2083 5445 2225 5500 κατὰ
2267 5445 2328 5498 τὸ
2356 5444 2573 5514 ἀληθές.
2620 5441 2915 5512 Γεγένηται
2959 5438 3067 5515 γὰρ
3098 5438 3159 5489 ἐκ
3203 5431 3414 5503 Πατρὺς
3440 5433 3467 5484 ὁ
3497 5428 3643 5494 Υἱὸς,

2084 5539 2179 5595 καὶ
2207 5538 2254 5590 εί
2283 5536 2475 5606 γέγονε
2509 5536 2662 5605 σάρξ.
