4098 6276
319 329 383 386 ιι
611 335 624 345 ·
1238 317 1786 380 COMMENTARIUS
1828 318 1894 372 IN
1936 279 2169 375 eseam
2210 319 2648 376 pnopus'rsu.
3493 326 3566 378 ιιι

400 440 622 511 Ἐπειδὴ
649 441 705 496 δὲ.
733 442 832 494 οὐκ
857 440 923 494 ἂν
953 440 1154 512 ἑτέρως
1185 442 1393 508 γένοιτο
1443 441 1620 510 σαφὴς
1682 440 1774 492 καὶ
1804 440 1891 491 εὖ·

2066 438 2328 504 Quoniam
2375 453 2498 492 vero
2529 435 2824 507 spiritualis
2860 432 3308 491 considerationis
3350 431 3569 489 collatio

324 533 646 606 κρινεστάτη
676 533 777 602 τῆς
825 533 1204 603 πνευματικῆς
1231 533 1463 604 Θεωρίας
1495 534 1530 603 ή
1565 531 1889 602 παράθεσις,

329 625 403 694 μὴ
420 623 853 693 παρενεχθέντων
864 624 948 686 εἰς
964 623 1129 693 μέσον
1153 621 1251 676 τῶν
1270 623 1555 694 ίστορικῶς
1571 623 1892 690 γεγονότων,

325 714 477 784 φέρε,
508 712 671 767 πάλιν
705 712 884 766 αὐτῶν
914 715 1310 785 ἐπιμνήσομαι.
1340 711 1465 769 Ὅτι
1496 713 1594 782 μὲν
1626 707 1718 766 οῦν
1741 712 1894 774 πόλις

325 804 358 870 ὴ
401 800 659 872 Ἱεζραὲλ,
696 803 1154 874 προαπήγγελκεν
1202 805 1336 874 ἡμῖν
1381 801 1630 874 ἐναργῶς
1669 801 1892 871 ὁλόγος.

337 891 478 943 Ἀλλ’
509 891 584 955 ὡς
613 894 678 946 ἐκ
716 893 924 955 πόλεως
951 894 1050 963 τῆς
1087 892 1327 964 Ἰεζραὲλ
1383 893 1633 963 σημαίνει
1664 891 1756 945 τὸν
1789 892 1912 945 Να-“

323 983 536 1049 ϐουθαὶ,
561 983 726 1048 τύπος
757 985 802 1038 δ’
836 984 904 1038 ἂν
929 985 1141 1053 γένοιτο
1169 984 1264 1036 καὶ
1283 983 1445 1046 αὐτὸς
1473 983 1574 1054 τῆς
1601 985 1659 1037 ὲν
1676 981 1895 1053 Χριστῷ

323 1073 619 1143 νοουμένης
658 1071 994 1142 οἰκονομίας.
1042 1071 1440 1143 Ἐρμηνεύεται
1469 1072 1526 1125 δὲ
1571 1072 1666 1125 καὶ
1710 1072 1892 1136 αὐτὸς,

321 1164 612 1234 ἐρχόμενος
632 1179 647 1194 ·
678 1164 902 1234 ὀνόματι
950 1163 1008 1216 δὲ
1055 1162 1134 1233 τῷ
1173 1163 1360 1235 τοιῷδε
1406 1163 1498 1218 τὸν
1551 1164 1896 1236 Ἐμμανουήλ

325 1255 584 1325 σημαίνει
625 1255 942 1318 πλειστάκις
971 1254 1032 1307 τὸ
1063 1254 1303 1326 Γράμμα
1344 1254 1409 1309 τὸ
1455 1254 1618 1326 ἱερόν.
1667 1255 1895 1326 Εἴρηται

325 1345 428 1414 μὲν
465 1340 556 1398 οὖν
593 1345 730 1415 πρὸς
775 1345 866 1398 τὸν
897 1344 1164 1416 μακάριον
1198 1347 1486 1418 προφήτην
1542 1347 1892 1418 ’Δεϐακούμο

327 1437 485 1487 (Ἔτι
521 1435 733 1506 μικρὸν,
778 1437 808 1488 ὁ
856 1436 1150 1506 ἐρχόμενος
1189 1435 1332 1506 ἥξει,
1371 1437 1466 1492 καὶ
1502 1437 1564 1491 οὐ
1611 1441 1833 1508 χρονιεῖ.
1869 1457 1889 1491 ι

323 1522 532 1577 Ψάλλει
553 1525 608 1577 δέ
631 1542 734 1578 που
779 1525 871 1578 καὶ
895 1526 924 1578 ὁ
948 1525 1133 1592 Δαϐὶδ,
1164 1543 1182 1576 ι
1208 1526 1586 1598 Εὐλογημένος
1605 1530 1632 1581 ὁ
1667 1529 1897 1600 ἐρχόμε-

323 1632 416 1677 νος
447 1617 504 1669 ὲν
531 1615 754 1685 ὀνόματι
782 1616 1008 1687 Κυρίου.
1049 1633 1067 1668 ι
1123 1617 1233 1671 Καὶ
1260 1617 1368 1689 μὴν
1415 1618 1511 1672 καὶ
1556 1619 1719 1683 αὐτὸς
1741 1622 1769 1674 ὁ
1813 1621 1896 1674 θε-

326 1708 552 1770 σπέσιος
574 1708 880 1779 Βαπτιστὴς
909 1709 1226 1766 ἀποστέλλει
1257 1713 1410 1775 τινὰς
1430 1712 1540 1766 τῶν
1566 1713 1759 1766 ἑαυτοῦ
1785 1731 1892 1785 μα-

324 1795 507 1866 θητῶν
535 1798 672 1868 πρὸς
714 1799 802 1852 τὸν
838 1773 1038 1868 Κύριον
1067 1799 1223 1871 ήμῶν
1257 1773 1462 1872 Ἰησοῦν
1505 1803 1760 1873 Χριστὸν,
1785 1773 1896 1858 ’καὶ
1926 1773 1969 1828 Β

323 1887 392 1958 δὴ
423 1889 806 1943 διεπυνθάνετο
834 1890 1027 1958 λέγων,
1089 1911 1108 1944 ‹
1138 1893 1210 1946 Σὺ
1239 1889 1291 1946 εἴ
1317 1896 1345 1948 ὁ
1377 1894 1690 1964 ἐρχόμενος,
1717 1897 1750 1967 ἢ
1782 1897 1900 1951 ἓτε-

329 1995 422 2048 ρον
451 1978 872 2049 προσδοκῶμεν;
906 2000 926 2032 »
963 1983 1086 2036 Ὅτι
1130 1984 1188 2036 δὲ
1217 1979 1286 2056 ἦν
1318 1985 1399 2047 είς
1433 1986 1614 2039 εἰκόνα
1638 1985 1897 2058 Χριστοῦ,

325 2071 422 2123 καὶ
440 2070 595 2123 τοῦτο
616 2070 803 2140 σαφῶς
825 2073 889 2125 ὲκ
910 2073 1019 2126 τῶν
1039 2076 1125 2127 ἐπ’
1148 2074 1299 2145 αὐτῷ
1320 2077 1724 2148 γεγραμμένων
1754 2079 1899 2132 εἰσό-

326 2161 490 2230 μεθα.
532 2161 828 2234 Ἐπεθύμει
867 2161 966 2234 μὲν
996 2165 1105 2236 γὰρ
1130 2166 1159 2219 ὁ
1201 2166 1406 2236 Ἀχαὰϐ
1453 2169 1900 2240 κατακτήσασθαι

322 2251 416 2304 τὸν
447 2251 742 2319 ἀμπελῶνα
787 2250 982 2315 αὐτοῦ,
1014 2252 1107 2304 καὶ
1141 2253 1220 2315 είς
1246 2253 1420 2323 κῆπον
1450 2253 1697 2324 λαχάνων
1733 2271 1900 2324 μετα-

337 2343 605 2396 σκευάσαι
648 2343 708 2395 τὸ
735 2342 907 2406 οὕτως
954 2343 1232 2414 ἐξαίρετον
1268 2344 1484 2416 χωρίον.
1525 2346 1583 2400 '0
1612 2346 1672 2398 δὲ
1729 2348 1901 2415 ἠγαν-

303 2432 483 2486 άκτει
518 2432 652 2502 πρὸς
667 2431 844 2496 τοῦτο,
865 2434 957 2487 καὶ
983 2433 1057 2498 ὡς
1077 2435 1176 2488 οὐκ
1201 2437 1266 2490 ἂν
1291 2440 1530 2511 προῖοιτο
1548 2451 1676 2490 ποτε
1701 2436 1790 2490 τὸν
1804 2435 1898 2490 τοῦ

325 2523 533 2595 πατρὸς
578 2524 910 2594 ἀμπελῶνα,
949 2526 1310 2598 διισχυρίζετο
1354 2529 1560 2596 σαφῶς.
1623 2546 1642 2580 ι
1679 2529 1770 2599 Μή
1809 2546 1899 2598 μοι

328 2613 439 2685 γὰρ
467 2615 698 2682 γένοιτο,
728 2616 882 2685 φησὶ,
909 2617 1199 2688 προδοῦναι
1232 2617 1529 2686 ἀμπελῶνα
1562 2619 1770 2690 πατρός
1795 2619 1898 2690 μού

334 2720 439 2756 σοι.
474 2723 492 2755 ι
536 2705 752 2776 Ἐπειδὴ
787 2707 845 2760 δὲ
876 2707 1035 2767 τοῦτο
1073 2707 1388 2778 μεμάθηκεν
1419 2710 1452 2778 ἡ
1479 2708 1736 2781 θεομισὴς
1807 2712 1901 2764 καὶ

336 2793 562 2863 βέϐηλος
602 2795 859 2860 Ἰεζάϐελ,
899 2797 932 2866 ἡ
982 2798 1106 2858 τοὺς
1141 2798 1426 2868 προφήτας
1466 2797 1756 2864 διώκουσα,
1809 2801 1900 2854 καὶ

332 2885 448 2947 τοῖς
472 2885 695 2948 δικαίοις
720 2886 1160 2953 ἐπιϐουλεύουσα,
1191 2888 1508 2960 δυστρόφοις
1538 2893 1900 2964 ἐπιχειρήμα-

331 2994 418 3030 σιν
470 2978 842 3048 ἐξεμηχανᾶτο
879 2979 958 3049 τῷ
1001 2979 1192 3050 δικαίῳ
1217 2983 1307 3037 τὸν
1333 2984 1510 3052 φόνον.
1564 2985 1673 3039 Καὶ
1713 2984 1776 3057 δὴ
1809 2988 1902 3040 καὶ

325 3069 674 3139 ἀναιρεθῆναι
723 3071 1214 3141 παρασκευάσασα,
1261 3074 1614 3145 κληρονομεῖν
1678 3076 1901 3131 ἐκέλευε
1930 3100 1970 3155 c

1997 529 2276 598 perspicua
2327 528 2727 598 dijudicatuquc
2753 525 3006 583 facillima
3031 527 3188 582 aliter
3221 526 3334 581 ﬁeri
3361 525 3566 593 nequit,

1996 621 2098 676 nisi
2116 635 2293 674 rerum
2316 630 2587 689 gestarum
2607 620 2847 674 historiae
2864 619 3165 673 inmedium
3185 616 3567 687 producantur,

1996 725 2116 780 age,
2139 710 2333 765 iterum
2373 723 2561 763 earum
2607 707 2932 762 mentionem
2964 708 3246 763 faciamus.
3271 703 3568 761 Jezraelem

1996 799 2161 856 fuisse
2183 800 2485 864 civitatem,
2508 804 2668 853 antea
2693 797 2842 853 clare
2879 797 3182 855 docuimus.
3211 798 3317 853 Sed
3339 801 3480 866 quod
3500 811 3567 851 ex

1995 897 2214 952 civitate
2256 893 2468 952 Jezrael
2507 892 2715 948 Naboth
2764 893 3054 962 signiﬁcat,
3086 893 3250 946 etiam
3285 893 3372 948 hic
3413 902 3570 963 typus

1996 1003 2116 1044 esse
2135 997 2299 1056 queat
2318 984 2658 1049 oeconomiae,
2683 998 2842 1053 quam
2872 983 2924 1037 in
2957 982 3172 1038 Christo
3204 983 3567 1052 intelligimus.

1996 1078 2129 1132 Nam
2167 1087 2221 1134 et
2289 1077 2404 1146 ipse
2449 1074 2662 1130 Nabuth
2732 1073 2976 1129 redditur
3043 1069 3236 1128 Latine
3284 1081 3529 1126 venturus
3562 1117 3577 1137 ,

1997 1183 2102 1238 quo
2121 1168 2338 1222 nomine
2355 1165 2760 1221 Emmanuelem
2785 1165 2942 1219 toties
2966 1163 3246 1232 Scriptura
3275 1171 3460 1218 sancta
3504 1163 3582 1216 in-

1997 1259 2138 1312 dicat
2161 1257 2225 1312 “.
2248 1257 2460 1312 Dictum
2487 1265 2574 1313 est
2599 1269 2728 1325 ergo
2756 1255 2822 1309 ad
2842 1254 3061 1309 beatum
3089 1251 3372 1308 Habacuc:
3413 1267 3432 1302 ι
3463 1253 3580 1304 Ad-

1997 1347 2102 1402 huc
2123 1347 2415 1413 modicum,
2437 1355 2492 1404 et
2516 1347 2734 1402 veniens
2755 1345 2951 1408 veniet,
2978 1351 3032 1398 et
3053 1357 3156 1398 non
3182 1342 3414 1398 tardabit
3441 1341 3509 1392 θ’.
3552 1359 3571 1392 ι

1996 1438 2180 1494 Psallit
2199 1449 2252 1494 et
2277 1438 2443 1492 David
2466 1437 2697 1507 quodam
2719 1438 2836 1492 loco
2865 1453 2880 1489 :
2914 1454 2934 1486 ι
2963 1435 3288 1491 Benedictus
3305 1434 3394 1504 qui
3423 1433 3575 1488 venit

1998 1529 2050 1581 in
2079 1529 2296 1583 nomine
2323 1527 2534 1582 Domini
2560 1527 2625 1580 ⁸⁸.
2669 1547 2690 1580 ι
2724 1527 2862 1594 Quin
2895 1535 2950 1580 et
2983 1528 3097 1595 ipse
3134 1527 3288 1582 divus
3333 1525 3570 1595 Baptista

1997 1619 2252 1685 quosdam
2285 1632 2316 1689 ο
2340 1617 2621 1687 discipulis
2651 1617 2762 1671 suis
2794 1617 2897 1686 21
2918 1619 2984 1670 ad
3016 1615 3300 1671 Dominum
3323 1626 3570 1671 nostrum

1997 1704 2178 1762 Jesum
2199 1706 2476 1760 Christum
2503 1706 2624 1762 ideo
2653 1707 2822 1760 mittit
2843 1714 3248 1776 percunctatum
3283 1719 3298 1761 :
3342 1723 3360 1755 ι
3405 1703 3484 1759 Tu
3513 1720 3573 1760 es

1998 1799 2086 1866 qui
2116 1806 2372 1852 venturus
2402 1811 2484 1860 es,
2506 1811 2587 1852 an
2626 1796 2788 1851 alium
2818 1808 3196 1865 exspectamus
3220 1795 3305 1850 σιτ
3332 1815 3351 1849 ι
3379 1793 3574 1851 Fuisse

1998 1901 2175 1943 autem
2192 1900 2245 1944 et
2265 1888 2400 1944 hanc
2428 1889 2654 1960 ﬁguram
2677 1888 2898 1954 Christi,
2919 1887 3072 1958 plane
3094 1901 3159 1942 ex
3189 1886 3257 1943 iis
3278 1901 3394 1955 quae
3417 1886 3482 1940 de
3506 1901 3573 1940 eo

1999 1981 2200 2049 scripta
2223 1989 2349 2034 sunt
2376 1981 2679 2050 perspicere
2703 1981 2850 2035 licet.
2869 1979 3188 2048 Concupivit
3214 1979 3357 2033 enim
3385 1980 3572 2033 Achab

2001 2070 2278 2139 possidere
2323 2073 2538 2127 vineam
2577 2071 2715 2140 ejus,
2765 2082 2820 2125 et
2853 2072 3030 2126 locum
3072 2080 3182 2124 tam
3220 2070 3477 2125 eximium
3517 2070 3571 2124 in

2001 2168 2213 2218 hortum
2234 2163 2506 2220 olitorium
2526 2175 2864 2220 convertere.
2885 2161 3094 2218 Naboth
3123 2163 3340 2233 indigne
3368 2161 3569 2224 ferens,

2000 2269 2105 2309 non
2137 2268 2198 2308 se
2219 2255 2426 2309 vineam
2450 2255 2617 2325 patris
2641 2253 2723 2310 sui
2747 2254 3099 2310 dimissurum
3123 2269 3379 2323 expresse
3408 2256 3573 2326 proﬁ-

2002 2350 2176 2396 tetur:
2218 2362 2237 2395 ‹
2267 2340 2540 2413 Propitius
2562 2345 2633 2399 sit
2655 2343 2786 2399 mihi
2815 2343 2978 2411 Deus,
3011 2343 3206 2414 inquit,
3241 2359 3309 2399 ne
3349 2346 3570 2413 prodam

1999 2432 2210 2488 vineam
2239 2433 2406 2501 patris
2429 2433 2534 2488 mei
2563 2433 2681 2490 tibi.
2726 2453 2746 2486 ι
2783 2433 2838 2489 Id
2862 2442 3146 2505 postquam
3177 2434 3402 2489 rescivit
3449 2433 3561 2490 Deo

2009 2522 2179 2578 invisa
2211 2564 2228 2592 ,
2277 2531 2330 2579 et
2379 2525 2541 2596 impia
2585 2524 2823 2592 Jezabel,
2875 2527 3257 2596 prophetarum
3311 2541 3570 2596 persecu-

2004 2613 2114 2669 trix
2142 2623 2200 2670 et
2222 2613 2495 2683 justorum
2532 2615 2860 2681 insidiatrix,
2895 2617 3172 2686 perversis
3203 2615 3571 2672 molitionibus

1994 2709 2144 2781 justo
2177 2710 2378 2765 caedem
2407 2718 2491 2764 est
2517 2710 2842 2765 machinata.
2900 2709 3069 2777 Quem
3105 2721 3227 2765 cum
3257 2710 3429 2765 occidi
3472 2725 3574 2766 cu-

2003 2805 2179 2854 rasset
2201 2836 2217 2864 ,
2257 2797 2511 2852 maritum
2541 2798 2728 2853 Achab
2750 2799 3026 2868 possidere
3071 2801 3281 2854 vineam
3304 2797 3469 2868 jussit
3491 2800 3564 2853 ⁷⁸.

2003 2887 2182 2956 Quare
2220 2889 2413 2944 merito
2461 2888 2774 2959 indignatus
2833 2889 2998 2954 Deus,
3053 2890 3291 2944 ulturtun
3347 2905 3408 2945 se
3447 2905 3574 2946 san-

2003 2981 2219 3048 guinem
2257 2978 2519 3034 Jezraclis
2550 2980 2816 3048 promisit.
2856 2980 3084 3036 Occisus
3124 2989 3206 3036 est
3233 2994 3361 3050 ergo
3387 2980 3574 3034 Achab

2005 3085 2035 3124 a
2064 3068 2226 3134 Jehu,
2257 3079 2314 3124 ut
2357 3071 2616 3137 diximus,
2669 3081 2724 3126 et
2755 3071 2915 3126 simul
2961 3071 3118 3143 longe
3159 3055 3561 3140 improbissima

326 3160 406 3229 τῷ
451 3162 803 3232 συνῳκηκότι,
869 3164 1011 3234 φημὶ
1049 3165 1114 3236 δὴ
1146 3165 1224 3236 τῷ
1263 3165 1484 3236 Ἀχαάϐ.
1535 3168 1658 3222 Ἐπὶ
1695 3167 1901 3233 τούτοις

2013 3157 2254 3213 Jezabel.
2289 3160 2404 3228 Age
2433 3160 2614 3230 igitur,
2664 3159 2731 3214 ad
2768 3154 3044 3214 Christum
3079 3159 3576 3223 accominodemus,

326 3252 550 3314 εἰκότως
582 3251 880 3321 ἠγανάκτει
909 3255 1060 3318 Θεὸς,
1094 3258 1187 3309 καὶ
1216 3256 1280 3327 δὴ
1327 3259 1420 3310 καὶ
1463 3259 1774 3329 ὲκδικήσειν
1807 3261 1901 3313 ὲπ-

2006 3266 2126 3318 quae
2162 3251 2436 3306 veteribus
2471 3249 2617 3305 velut
2655 3251 2706 3306 in
2757 3260 2884 3322 typo
2923 3263 3074 3321 geSta
3113 3260 3259 3307 sunt.
3307 3248 3572 3318 Propheta

327 3341 650 3409 αγγέλ).εται
695 3343 755 3396 τὸ
801 3339 940 3414 αἷμα
982 3345 1076 3397 τοῦ
1121 3345 1378 3416 Ἰεζραὲλ.
1444 3348 1734 3418 Ἀνῄρηται
1774 3349 1901 3416 γοῦν

2006 3343 2150 3396 enim
2186 3342 2356 3396 Isaias
2381 3343 2453 3396 ait
2487 3361 2500 3397 :
2533 3360 2552 3394 ι
2585 3342 2754 3397 Vinea
2777 3342 2920 3397 facta
2945 3349 3028 3396 est
3073 3340 3270 3395 dilecto
3293 3341 3343 3393 in
3376 3355 3570 3405 cornu,

345 3427 550 3496 ’Λχαὰὸ
580 3430 684 3482 ὑπὸ
733 3433 893 3500 Ἰηοῦ,
932 3433 1184 3504 καθάπερ
1217 3435 1318 3505 ἤδη
1349 3437 1706 3506 προείπομεν,
1733 3452 1901 3507 προσ-

2009 3442 2059 3494 in
2101 3441 2220 3495 loco
2246 3441 2428 3512 pingui
2459 3442 2526 3495 “.
2576 3461 2599 3494 ι
2631 3441 2698 3496 Ει
2721 3449 2840 3498 erat
2866 3441 3021 3496 vinea
3063 3442 3224 3497 homo
3245 3439 3404 3506 Juda,
3435 3456 3574 3496 nova

331 3518 488 3589 ετέοη
523 3520 579 3573 δὲ
611 3521 758 3592 αὐτῷ
792 3524 883 3577 καὶ
911 3525 942 3594 ή
974 3525 1331 3596 παμπόνηρος
1380 3526 1634 3590 Ἰεζάϐελ.
1664 3527 1798 3598 Φέρε
1837 3528 1900 3599 δὴ

2003 3534 2218 3600 planta,
2281 3533 2499 3590 dilecta.
2557 3533 2756 3589 Verum
2833 3534 3001 3589 duces
3054 3533 3262 3598 Israel,
3339 3547 3572 3601 quorum

328 3605 445 3670 οὖν,
493 3613 571 3674 είς
617 3612 848 3680 Χριστὸν
874 3614 1232 3685 ἀναφέρωμεν
1276 3616 1342 3670 τὰ
1375 3617 1451 3680 ὼς
1497 3619 1554 3669 ἐν
1597 3618 1752 3687 τύπῳ
1790 3621 1901 3681 τοῖς

2005 3621 2172 3691 ﬁgura
2231 3635 2351 3676 esse
2400 3624 2575 3692 possit
2622 3621 2812 3678 Achab
2859 3636 3130 3692 regnans,
3200 3621 3577 3676 desiderarunt

332 3698 499 3751 πάλαι
543 3703 903 3772 γεγενημένα.
955 3705 1012 3756 Ὀ
1043 3705 1140 3774 μὲν
1170 3706 1277 3776 γὰρ
1327 3708 1614 3776 προφήτης
1652 3708 1896 3770 ’1-1σαῒας,

2004 3710 2205 3766 habere
2238 3712 2448 3764 vineam
2474 3711 2612 3780 ejus,
2644 3726 2749 3766 non
2778 3719 2836 3765 ut
2865 3719 3010 3765 esset
3056 3708 3344 3765 haereditas
3381 3712 3572 3772 electa,

327 3789 415 3840 ὅτι
449 3808 466 3839 r
513 3791 796 3861 Ἀμπελὼν
828 3793 1061 3863 ἐγενήθη
1091 3794 1168 3863 τῷ
1197 3796 1541 3865 ἠγαπημένῳ
1587 3798 1642 3848 ἐν
1689 3797 1898 3867 κέρατι,

2015 3801 2066 3855 id
2107 3811 2224 3864 est,
2272 3801 2428 3856 vinea
2463 3820 2478 3856 :
2511 3803 2603 3856 sed
2649 3813 2707 3857 ut
2739 3802 2951 3856 deserta
2999 3809 3053 3854 et
3106 3799 3304 3856 inculta
3388 3799 3575 3854 hortus

330 3881 392 3930 ὲν
429 3881 574 3952 τόπῳ
605 3881 770 3935 πίονι.
807 3902 826 3934 ι
886 3885 996 3936 Καὶ
1022 3881 1089 3954 ἦν
1129 3887 1157 3937 ὁ
1199 3885 1456 3954 άμπελὼν
1490 3886 1774 3957 ἄνθρωπος
1806 3887 1899 3940 τοῦ

2003 3891 2207 3946 olerum
2238 3893 2406 3956 ﬁeret,
2424 3894 2524 3948 hoc
2544 3902 2646 3958 est,
2665 3903 2881 3964 propter
2908 3891 3269 3948 conditionem
3295 3893 3410 3947 sine
3426 3907 3574 3946 com-

343 3970 534 4034 Ἰούδα,
567 3973 847 4043 νεόφυτον,
878 3976 1256 4046 ἠγαπημένον.
1296 3978 1435 4030 Ἀλλ’
1470 3980 1518 4030 oi
1548 3977 1643 4030 τοῦ
1691 3979 1901 4049 Ἰσραὴλ

2004 3987 2286 4054 paratione
2319 3987 2630 4042 inferiorem
2656 3988 3016 4056 dejiceretur:
3049 3985 3248 4039 etenim
3317 3983 3470 4038 vinea
3511 3986 3578 4035 ab

331 4059 647 4128 ἡγούμενοι,
698 4057 770 4116 ὧν
824 4064 890 4116 ἂν
939 4064 1023 4134 εἴη
1071 4068 1162 4120 καὶ⁵
1204 4067 1371 4130 τύπος
1421 4069 1448 4118 ὁ
1509 4067 1711 4137 ’Δχαὰϐ
1747 4068 1900 4137 βασι-

2006 4077 2160 4129 horto
2185 4075 2401 4130 olitorio
2441 4076 2670 4130 nimium
2702 4083 2966 4143 quantum
3002 4072 3201 4127 dill'ert.
3252 4071 3319 4124 Et
3353 4072 3494 4139 quod
3523 4072 3574 4124 in

334 4144 532 4209 λεύων,
563 4149 911 4217 ἐπεθύμησαν
941 4151 1080 4219 ἔχειν
1123 4153 1214 4204 τὸν
1257 4155 1552 4222 ἀμπελῶνα
1583 4156 1745 4208 αὑτοῦ
1764 4173 1778 4186 ·
1805 4158 1901 4227 οὐχ

2005 4165 2088 4219 his
2115 4167 2292 4219 adhuc
2341 4168 2562 4231 eminet,
2608 4169 2713 4220 nbn
2763 4175 2848 4219 est
2895 4165 3208 4220 obscurum.
3249 4161 3364 4218 Sub
3417 4163 3576 4218 Chri-

333 4233 427 4286 l'va.
525 4235 726 4306 κλῆρος
778 4237 1070 4307 ἐξαίρετος,
1115 4242 1414 4306 τουτέστιν,
1459 4244 1748 4313 ἁμπελών·
1787 4246 1900 4298 ἀλλ’

2005 4263 2144 4308 stum
2173 4255 2372 4323 quippe
2431 4255 2636 4309 redacti
2672 4254 2979 4310 Iudaeorum
3023 4254 3255 4325 pepuli,
3312 4257 3577 4325 quomodo

329 4326 422 4377 ἵνα
455 4329 800 4397 χερσὼμενος
856 4330 1032 4400 κῆπος
1059 4331 1267 4398 γένοιτο
1298 4332 1576 4403 λαχανίας,
1606 4337 1898 4405 τουτέστιν,

2008 4362 2114 4398 non
2149 4344 2321 4398 vineis
2362 4345 2642 4412 palmitum
2703 4347 2859 4418 copia
2897 4346 3217 4402 ﬂorentibus
3258 4358 3314 4401 et
3360 4348 3577 4400 fertilis-

325 4417 425 4469 ἐπὶ
478 4417 555 4488 τῷ
599 4420 915 4491 ἁσυγκρίτῳ
963 4421 1182 4475 ἔλαττον
1233 4426 1616 4496 καταφέροιτο·
1671 4429 1896 4502 πλείστη

2004 4434 2156 4488 simis
2190 4433 2398 4488 similes
2427 4445 2584 4489 erant
2610 4435 2801 4500 futuri,
2832 4436 3170 4504 habendique
3196 4435 3263 4489 ab
3287 4433 3575 4487 euntibus?

323 4507 440 4576 γὰρ
483 4509 581 4579 ὅση
627 4510 804 4581 κήπου
861 4512 1108 4582 λαχάνων
1142 4514 1276 4584 πρὸς
1309 4517 1608 4586 ἀμπελῶνα
1645 4519 1894 4590 διαφορά.

2007 4518 2265 4577 Viventes
2298 4531 2476 4576 autem
2508 4521 2902 4577 Pharisaeorum
2922 4523 3187 4578 institutis
3225 4530 3280 4574 et
3311 4519 3575 4579 moribus,

320 4599 440 4651 Καὶ
498 4600 556 4653 τὸ
609 4599 689 4654 ἔτι
749 4602 934 4672 μεῖζον
987 4605 1044 4657 ὲν
1127 4605 1336 4669 τούτοις
1404 4609 1505 4660 οὐκ
1556 4609 1895 4678 ἀσυμφανές.

2011 4612 2390 4680 dzscentesque
2419 4613 2696 4668 doctrinas
2726 4629 2791 4667 ac
2814 4614 3069 4670 mandata
3098 4611 3402 4677 hominum,
3442 4609 3576 4662 nihil

323 4689 365 4741 Γ
368 4691 620 4756 εγονότες
668 4694 764 4762 μὲν
814 4696 922 4764 γὰρ
970 4693 1077 4748 ὑπὸ
1123 4696 1346 4768 Χριστῷ
1388 4697 1496 4752 τῶν
1545 4699 1813 4754 Ἰουδαίων
1849 4704 1898 4755 οἱ

2008 4715 2228 4767 prorsus
2283 4703 2574 4758 dissimiles
2623 4704 2806 4760 herbis
2854 4705 3022 4759 humo
3063 4698 3532 4774 propinquissimis
3561 4736 3575 4758 ,

315 4781 512 4850 δῆμοι,
563 4781 678 4844 πῶς
711 4783 811 4834 οὐκ
843 4783 1066 4852 ἔμελλον
1105 4783 1170 4837 ἂν
1212 4786 1686 4856 εύκληματούσαις
1715 4790 1896 4859 ἀμπέ-

2009 4806 2128 4857 quae
2159 4800 2212 4846 et
2241 4791 2397 4846 facile
2425 4795 2785 4849 succumbunt
2814 4803 2977 4864 atque
3011 4800 3373 4849 marcescunt.

315 4875 462 4937 λοις,
515 4875 610 4926 καὶ
653 4875 758 4944 μὴν
807 4880 900 4930 καὶ
944 4884 1342 4949 γονιμωτάταις
1421 4884 1478 4934 ἐν
1525 4883 1624 4952 ίσῳ
1666 4902 1724 4937 τε
1767 4882 1907 4937 εἶναι
2010 4885 2099 4937 καὶ
2148 4885 2468 4952 epuli/actim;
2522 4887 2826 4951 Διαζῶντες
2867 4887 2923 4939 δὲ
2963 4888 3076 4950 τοῖς
3121 4885 3228 4939 τῶν
3274 4879 3578 4951 Φαρισαίων

313 4968 476 5022 ἔθεσί
527 4983 587 5018 τε
670 4967 764 5020 καὶ
809 4970 1061 5039 τρόποις,
1109 4974 1202 5026 καὶ
1250 4973 1615 5043 μανθάνοντες
1705 4976 2051 5038 διδασκαλίας
2079 5021 2092 5041 ,
2149 4976 2456 5047 ἐντάλματα
2544 4977 2877 5048 ἀνθρώπων,
2932 4976 3054 5031 κατ’
3110 4973 3300 5028 οὐδένα
3377 4971 3578 5038 τρόπον

309 5059 626 5125 διενεγκεῖν
674 5056 783 5110 τῶν
829 5060 1265 5130 χθαμαλωτάτων
1315 5064 1584 5133 λαχάνων,
1611 5065 1647 5118 ἃ
1681 5067 1774 5119 καὶ
1812 5065 1935 5119 λίαν
1972 5066 2208 5128 εὐκόλως
2277 5068 2464 5120 πίπτει
2502 5070 2598 5121 καὶ
2635 5067 2973 5139 μαραίνεται.

387 5150 611 5206 Οὐκοῦν
649 5152 923 5222 ἐγλίχοντο
948 5156 1043 5224 μὲν
1072 5158 1120 5208 οἱ
1141 5157 1247 5210 τῶν
1291 5158 1561 5211 Ἰουδαίων
1591 5158 1901 5228 καθηγηταί

2081 5160 2340 5225 Quocirca
2367 5164 2688 5230 appetebant
2713 5161 2926 5231 quidem
2965 5159 3272 5215 Judaeorum
3307 5155 3578 5226 primores

306 5246 407 5298 τὸν
441 5242 748 5312 ἀμπελῶνα
777 5245 1014 5312 Χριστοῦ
1044 5247 1241 5318 κλῆρον
1275 5246 1406 5301 ἴδιον
1461 5249 1625 5318 ἔχειν,
1679 5250 1771 5301 καὶ¹
1824 5250 1901 5311 είς

2006 5253 2217 5304 vineam
2246 5250 2466 5316 Christi,
2501 5262 2558 5305 ut
2583 5262 2786 5306 sortem
2831 5252 3128 5321 propriam,
3157 5256 3213 5302 et
3253 5247 3306 5301 in
3363 5249 3577 5301 hortum

309 5338 501 5404 κῆπον
561 5333 838 5403 λαχανίας·
891 5336 1005 5389 ἀλλ’
1057 5340 1156 5390 οὐκ
1207 5339 1422 5392 ἔπειθον
1471 5339 1901 5410 καταπροδοῦναι

2007 5342 2256 5396 olerum:
2298 5358 2481 5397 verum
2527 5344 2852 5412 persuadere
2889 5341 2962 5394 illi
3011 5353 3116 5392 non
3171 5347 3484 5408 potuerunt,
3521 5347 3578 5390 ut

311 5429 475 5498 σφίσι
506 5425 601 5478 τὸν
622 5426 714 5478 τοῦ
745 5427 958 5497 Πατρὸς
986 5429 1307 5499 ἀμπελῶνα.
1354 5426 1510 5497 Εἷτα,
1539 5431 1594 5483 τί
1643 5431 1900 5500 δέδρακεν

2008 5432 2182 5486 Patris
2207 5433 2286 5486 sui
2310 5434 2522 5487 vineam
2562 5435 2690 5502 ipsis
2712 5435 2981 5502 proderet.
3007 5428 3148 5495 Quid
3177 5431 3371 5487 deinde
3385 5427 3580 5495 occipit

392 5616 442 5646 “
478 5625 585 5676 asa.
618 5636 711 5686 vn,
737 5623 829 5687 la;
860 5624 1049 5678 Matth.
1086 5642 1123 5691 ι,
1148 5626 1238 5680 25.

306 5693 357 5727 ἰ
398 5694 511 5746 lsa.
555 5705 606 5748 ν’
647 5693 690 5744 it

579 5785 844 5845 PATROL.
900 5788 1012 5847 GR.
1058 5789 1259 5847 LXXI.
3159 5783 3197 5837 2

1318 5631 1359 5659 ⁸⁷
1407 5629 1603 5682 Hahae.
1634 5643 1692 5689 ιι,
1731 5627 1783 5678 5.
1864 5626 1907 5656 “8
1942 5624 2082 5680 Psal.
2116 5641 2280 5694 cxvn,
2305 5627 2392 5682 26.
2473 5627 2515 5660 ⁶⁹
2541 5626 2726 5681 Matth.
2767 5642 2839 5691 χι,
2871 5623 2926 5678 5.
3002 5622 3139 5678 "Ill
3165 5626 3301 5694 Reg.
3342 5630 3461 5678 XXI,
3494 5614 3580 5670 ίῦι
