4098 6276
583 368 658 428 43
1604 360 1661 414 S.
1703 356 1978 416 CYRILLI
2018 355 2484 412 ALEXANDRINI
2524 356 2846 415 ARCHIEP.
3764 370 3834 424 ις

587 489 697 546 Deo
718 501 880 544 exosa
911 483 1262 550 Jezabel,ltoc
1283 489 1386 545 est,
1425 479 1668 550 gregaria
1692 479 1996 542 multitudo.
2025 480 2132 534 sub

2263 475 2574 547 ήθεομισὴς
2620 477 2886 543 Ἰεζ-άϐελ;
2922 479 3217 543 τουτέστιν,
3261 482 3294 549 ή
3342 479 3572 544 ἀγελαία
3601 482 3831 553 πληθὺς.

587 584 697 637 dita
733 579 1085 652 principibus,
1125 576 1176 630 id
1203 585 1308 641 est,
1341 573 1661 644 Synagoga?
1697 571 1830 628 Cum
1856 571 2132 642 principun

2264 567 2296 636 ή
2330 567 2436 619 ὑπὸ
2459 570 2616 637 χεῖρα
2639 569 2748 621 τῶν
2765 570 3104 638 ἡγουμένων,
3130 571 3346 640 ἦγουνή
3373 571 3690 642 Συναγωγή,
3715 577 3837 638 ταῖς

585 671 821 740 nequitia
845 677 894 722 et
920 667 1040 722 dolo
1064 666 1402 735 conspirans,
1454 665 1654 732 justum
1677 672 1732 717 et
1755 672 1999 718 sanctum
2053 663 2159 718 Na-

583 762 710 814 both
757 757 1122 828 persequitur,
1155 757 1258 810 hoc
1293 765 1397 819 est,
1436 771 1456 806 ι
1497 754 1590 820 qui
1638 753 1807 818 venit,
1838 771 1856 806 ι
1889 753 2158 824 efﬁcitque

581 860 638 905 ut
677 857 853 905 morte
883 847 1159 903 multetur.
1189 845 1296 916 22
1343 845 1675 900 lnterlicitur
1695 843 1837 898 enim
1876 845 2156 900 calumniis

578 939 848 1010 appetitus
880 938 1215 992 Emmanuel.
1247 937 1374 990 Eam
1411 950 1522 990 rem
1566 935 1674 989 Deo
1704 933 1871 989 visam
1901 933 2156 988 intolera-

575 1033 762 1096 bilem,
793 1030 1002 1100 liquere
1032 1039 1209 1098 potest
1241 1029 1386 1093 inde,
1415 1027 1557 1098 quod
1587 1025 1739 1082 Oscae
1762 1027 2037 1097 pr0pheta3
2069 1025 2150 1080 di-

577 1125 752 1178 citur:
782 1139 799 1173 ι
829 1118 1039 1176 Idcirco
1078 1119 1253 1174 adhuc
1287 1119 1574 1182 modicum,
1599 1125 1651 1172 et
1687 1117 1918 1173 ulciscar
1937 1106 2153 1188 sa‘bgui-

578 1227 700 1269 netu
729 1210 940 1267 Jezrael
973 1225 1132 1279 super
1163 1210 1377 1264 domum
1401 1206 1624 1274 Juda,et
1649 1208 1928 1277 quiescere
1957 1205 2150 1261 faciam

578 1317 800 1374 regnum
826 1302 1018 1356 domus
1041 1299 1225 1356 Israel.
1260 1318 1279 1352 ι
1307 1297 1623 1354 Vindicatns
1647 1307 1730 1353 est
1750 1298 1988 1366 enim,ut
2014 1295 2147 1362 dixi,

576 1393 796 1462 sanguis
811 1391 1012 1448 Christi
1037 1403 1104 1446 ex
1133 1399 1242 1446 toto
1263 1389 1730 1454 lsrael.Quoniam
1761 1402 1890 1444 vero
1910 1397 2150 1458 tempore

574 1487 688 1549 illo,
719 1500 824 1555 quo
846 1486 1030 1541 datum
1068 1492 1151 1539 est
1191 1485 1291 1539 hoc
1320 1482 1652 1546 vaticinium,
1691 1480 1941 1536 distincte
1968 1479 2148 1533 nomi-

574 1577 861 1644 nabantur,
891 1575 1056 1632 Judas
1076 1574 1289 1644 quidem
1309 1574 1397 1643 qui
1431 1579 1744 1628 manserant
1774 1570 2145 1640 Jerosolymis,

574 1669 738 1725 Israel
762 1676 941 1723 autem
972 1665 1064 1737 qui
1089 1673 1244 1720 erant
1272 1665 1326 1718 in
1355 1663 1602 1719 Samaria
1627 1677 1640 1714 :
1668 1673 1724 1718 ut
1749 1661 1998 1717 lsraelem
2027 1660 2142 1714 uni-

571 1773 728 1816 verse
750 1758 1058 1829 significare
1090 1755 1358 1819 videatur,
1401 1753 1582 1808 dicere
1610 1752 1794 1807 debuit
1819 1753 2056 1806 ulturum
2086 1763 2144 1804 sc

573 1850 888 1921 sanguinem
911 1845 1118 1903 chrael
1141 1861 1206 1902 ex
1231 1846 1390 1900 domo
1415 1842 1641 1907 Juda,et
1667 1841 1826 1898 linem
1857 1842 2139 1912 impositu-

571 1957 690 1996 rum
737 1953 902 2010 regno
939 1938 1129 1994 domus
1173 1933 1355 1991 Israel.
1394 1931 1508 1988 Hoc
1556 1932 1684 1988 item
1727 1931 1939 1986 divinus
1975 1929 2140 1985 Jacob

570 2040 694 2088 ante
738 2030 1022 2100 expressit,
1065 2028 1149 2082 his
1189 2025 1452 2080 verbiszt
1482 2022 1598 2078 Non
1639 2022 1853 2078 deficiet
1891 2020 2140 2091 princeps

567 2138 635 2180 ex
661 2121 817 2189 Juda,
843 2132 900 2178 et
943 2122 1048 2177 dux
1087 2121 1153 2174 de
1202 2117 1406 2174 femore
1451 2115 1587 2184 ejus,
1616 2114 1790 2170 donec
1829 2115 2013 2169 veniat
2054 2113 2137 2167 cui

567 2205 861 2285 repositum
888 2223 1008 2281 est;
1041 2222 1094 2269 et
1116 2213 1232 2281 ipse
1263 2209 1598 2280 exspectatio
1625 2209 1865 2278 gentium
1901 2207 1968 2261 τ’.
1990 2225 2010 2259 ι
2040 2206 2136 2262 Ubi

564 2307 708 2362 enim
735 2302 1056 2358 Emmanuel
1077 2299 1268 2368 illuxit,
1289 2309 1436 2365 tunc,
1469 2306 1615 2367 tunc,
1643 2297 1887 2368 inquam,
1919 2297 2082 2351 etiam
2107 2310 2139 2352 e

567 2395 746 2452 medio
775 2393 1042 2451 sublatum
1078 2402 1163 2449 est
1199 2405 1423 2463 regnum
1460 2390 1644 2450 Israel.
1678 2389 1866 2459 Itaque
1900 2387 2139 2442 Herodes

563 2486 832 2556 Antipatri
859 2485 1000 2540 illius
1018 2485 1383 2548 Ascalonites,
1407 2483 1604 2539 Judaeae
1617 2481 1838 2535 Christo
1857 2489 1981 2533 nato
1997 2492 2136 2547 prae-

563 2578 686 2634 lltit.
702 2577 1046 2633 Contriturus
1063 2573 1226 2630 etiam
1254 2574 1428 2644 ipsum
1449 2587 1632 2628 arcum
1657 2571 1820 2626 Israel
1843 2571 1896 2624 in
1923 2569 2011 2624 illa
2030 2569 2134 2636 die,

565 2671 666 2723 hoc
708 2676 810 2731 est,
852 2664 942 2721 illo
985 2673 1226 2734 tempore
1287 2663 1642 2734 promittitur.
1702 2680 1721 2712 ι
1750 2662 1948 2716 Arcum
1993 2659 2135 2713 enim

561 2759 784 2814 fortium
829 2757 1124 2812 inlirmavit
1177 2756 1248 2821 ",
1281 2774 1299 2808 ι
1352 2765 1411 2810 ut
1439 2753 1700 2824 scriptum
1753 2762 1878 2818 est;
1925 2751 2134 2806 tametsi

562 2850 963 2906 Emmanuelem
1016 2863 1077 2905 se
1125 2849 1445 2904 subacturos
1496 2846 1955 2901 cxistimaverant.
2021 2860 2038 2893 ι
2071 2842 2136 2897 Ει

562 2940 902 2994 inimicorum
926 2939 1144 3009 quidem
1170 2936 1332 3008 gladii
1368 2935 1684 2991 defecerunt
1723 2936 1776 2990 in
1820 2935 1980 2989 linem
2012 2933 2077 2997 ⁷⁸,
2109 2953 2128 2986 ι

560 3037 614 3081 et
658 3028 978 3082 dissolutum
1012 3035 1100 3082 est
1137 3026 1304 3081 robur
1339 3025 1686 3080 brachiorum
1731 3025 1988 3094 ipsorum.
2018 3023 2132 3079 Non

560 3119 704 3174 enim
740 3119 986 3174 vicerunt
1012 3118 1298 3173 invictum.
1331 3115 1739 3184 Quodammodo
1765 3126 1944 3171 autem
1970 3117 2130 3187 spiri-

563 3214 718 3269 tualis
748 3213 1204 3270 considerationis
1233 3211 1657 3284 profunditatem
1681 3228 1906 3283 parans,
1934 3214 1998 3267 ad
2055 3214 2129 3268 hi-
2157 3215 2199 3273 C

532 3307 756 3383 hstorice
779 3315 929 3374 gesta
952 3321 1074 3361 mox
1101 3305 1397 3371 descendit,
1425 3315 1480 3362 et
1512 3307 1620 3360 ait:
1649 3325 1667 3358 ι
1688 3307 1820 3373 Quia
1853 3314 2129 3361 conteram

559 3412 742 3450 arcum
776 3396 942 3452 Israel
981 3395 1036 3450 in
1072 3396 1208 3451 valle
1235 3396 1467 3453 Jezrael.
1499 3415 1518 3449 ι
1549 3397 1621 3452 lbi
1657 3398 1926 3468 siquidem
1963 3398 2131 3453 Azael

559 3483 733 3559 Syriae
765 3502 858 3543 rex
893 3485 1144 3544 lsraelem
1172 3489 1362 3544 contra
1390 3490 1573 3559 copias
1601 3491 1921 3544 educentem
1954 3490 2131 3545 debel-

558 3579 704 3634 lavit.
731 3578 796 3635 Ει
824 3581 952 3650 quia
972 3581 1270 3636 convenire
1299 3581 1506 3652 judico,
1531 3597 1560 3636 a
1597 3583 1858 3652 praecipua
1892 3591 1944 3637 et
1966 3583 2125 3652 spiri-

557 3671 685 3726 tuali
725 3673 1185 3733 commentatione
1215 3682 1523 3730 sermonem
1551 3690 1653 3730 non
1679 3676 1966 3743 abducere,
1999 3676 2125 3730 illud

559 3764 667 3831 aio,
700 3763 835 3819 nihil
875 3777 998 3821 esse
1036 3765 1383 3832 incommodi,
1417 3783 1536 3822 mea
1577 3767 1864 3833 sententia,
1902 3767 2122 3838 intelligi

553 3869 646 3923 per
687 3854 877 3907 vallem
926 3854 1136 3910 Jezrael
1188 3857 1332 3925 (hoc
1387 3867 1506 3919 est,
1557 3858 1782 3912 seminis
1838 3860 1964 3924 Dei,
2013 3860 2126 3913 sive

551 3946 776 4016 CitriSIi)
807 3955 1210 4000 monumentum
1238 3949 1290 4000 in
1326 3948 1505 4008 horto,
1544 3949 1594 4000 in
1637 3963 1746 4017 quo
1772 3961 1824 4003 ct
1876 3965 2122 4004 resurre-

549 4038 658 4092 ctio
689 4038 990 4106 passionem
1013 4048 1328 4103 c0nsccuta,
1369 4040 1435 4093 de
1468 4039 1611 4093 omni
1643 4054 1841 4109 genere
1859 4041 2121 4095 malorum

549 4127 849 4190 facinorum
897 4134 926 4183 a
958 4127 1157 4184 Judazis
1198 4142 1572 4200 susceptorum
1619 4131 1989 4202 triumphavit.
2018 4131 2122 4187 Per

552 4223 1000 4276 resurrectionem
1027 4223 1292 4294 siquidem
1322 4240 1506 4280 eorum
1521 4241 1704 4297 prava,
1720 4237 1775 4282 et
1797 4226 1905 4282 Deo
1933 4242 2116 4294 exosa,

545 4319 602 4364 et
627 4321 848 4366 cruenta
881 4314 1103 4367 consilia
1137 4316 1444 4370 adnihilum
1474 4319 2118 4388 reciderunt.Sperabant

544 4402 685 4457 enim
703 4418 762 4457 se
779 4418 936 4472 posse
957 4417 988 4458 e
1011 4405 1182 4459 medio
1204 4405 1392 4459 tollere
1433 4407 1644 4474 Filium,
1659 4419 1716 4461 ut
1731 4409 2114 4463 etiamvineam

545 4495 660 4562 ejus
709 4497 809 4550 sibi
844 4497 1119 4567 propriam
1153 4505 1351 4552 sortem
1387 4497 1667 4552 haberent.
1699 4497 1804 4552 Sed
1853 4499 1904 4551 itt
1940 4499 2116 4567 sepul-

542 4602 636 4641 cro
685 4587 977 4642 collocatus
1024 4588 1238 4652 revixit,
1284 4597 1339 4642 et
1388 4588 1677 4642 meditatas
1714 4589 1948 4658 ipsorum
1986 4590 2117 4642 insi—

541 4677 656 4732 dias
700 4675 1002 4732 inellicaces
1061 4679 1314 4742 reddidit,
1368 4687 1419 4732 et
1462 4679 1615 4746 quasi
1665 4693 1823 4734 arcus
1865 4681 2117 4734 contriv.t

539 4784 632 4836 per
658 4768 733 4834 id,
764 4769 906 4837 quod
936 4769 1168 4836 amplius
1198 4771 1307 4838 pati
1334 4769 1467 4822 nihil
1499 4778 1697 4836 potest.
1738 4769 1803 4822 Et
1829 4769 1974 4836 ipsos
1992 4770 2114 4839 qui-

539 4860 660 4916 dcm
689 4875 721 4916 ε
750 4862 926 4922 vinea.
963 4869 1022 4914 ut
1066 4858 1176 4914 Deo
1203 4861 1564 4926 detestandos,
1598 4860 1704 4931 23
1746 4871 1799 4916 et
1831 4861 2111 4929 scelestos,

536 4964 590 5008 et
612 4953 826 5007 Domini
866 4949 1242 5006 interfectores
1266 4948 1450 5019 ejicit,
1492 4964 1726 5021 eamque
1755 4951 1874 5007 aliis
1903 4953 2112 5022 agrico-

536 5043 627 5107 lis,
655 5042 1090 5112 bonisetgratis,
1135 5051 1188 5096 et
1228 5043 1408 5111 operis
1451 5041 1681 5097 faciendi
1723 5043 2108 5114 cupidissimis,

528 5131 681 5200 juxta
719 5131 1028 5200 parabolam
1063 5130 1538 5202 evangelicam’“,
1570 5132 1730 5188 locat.

2259 657 2369 710 τῶν
2397 658 2715 728 ἡγουμένων
2745 659 3146 729 συνδραμοῦσα,
3207 660 3317 732 [ton
3344 664 3688 735 κακονοίαις]
3738 666 3837 718 καὶ

2257 746 2411 817 δόλῳ.
2445 748 2670 801 Μέτεισι
2691 747 2785 800 τὸν
2811 747 3037 814 δίκαιον,
3061 749 3152 801 τὸν
3183 750 3326 802 ὅσιον
3345 750 3643 816 Ναϐουθαὶ,
3674 769 3834 805 τουτ-
3891 803 3896 807 .

2257 836 2392 902 ἐστι,
2434 855 2452 889 ι
2502 835 2596 891 τὸν
2661 838 2976 908 ἐρχόμενον,
3014 857 3032 890 ι
3085 839 3180 892 καὶ
3228 841 3294 910 δὴ
3341 842 3433 893 καὶ
3480 841 3831 912 ἀναιρεθῆναι

2255 928 2691 998 παρεσκεύασεν.
2739 928 3034 1000 Ἀνῄρηται
3089 929 3197 1000 γάρ
3251 931 3752 1002 συκοφαντούμενος
3803 937 3832 987 ό

2266 1018 2629 1090 Ἐμμανουήλ.
2679 1019 2816 1072 Ἀλλ’
2844 1021 2925 1074 ὅτι
2991 1019 3065 1091 μὴ
3107 1021 3330 1074 ἀνεκτὸν
3371 1021 3434 1074 τὺ
3476 1023 3661 1092 χρῆμα
3688 1023 3826 1090 Θεῷ,

2255 1110 2421 1179 σαφὲς
2441 1109 2506 1164 ἂν
2535 1111 2744 1178 γένοιτο
2790 1111 2868 1180 τῷ
2915 1109 3168 1180 λέγεσθαι
3226 1111 3304 1183 τῷ
3351 1115 3604 1184 προφήτῃ
3645 1115 3825 1184 Ὼσηέ·

2256 1219 2275 1253 ι
2317 1201 2461 1254 Διότι
2488 1200 2570 1254 ἐτι
2608 1201 2822 1271 μικρὸν,
2859 1202 2953 1254 καὶ
3012 1202 3285 1272 ἐκδικήσω
3318 1203 3377 1254 τὸ
3409 1201 3545 1272 αἷμα
3573 1205 3666 1256 τοῦ
3703 1204 3828 1268 Ἰεζ-

2252 1292 2381 1364 ραέλ
2406 1294 2498 1346 ἐπὶ
2519 1293 2610 1346 τὸν
2640 1290 2787 1346 οἷκον
2828 1293 3020 1356 Ἰούδα,
3051 1294 3144 1347 καὶ
3167 1295 3504 1348 καταπαύσω
3551 1296 3827 1364 βασιλείαν

2247 1382 2396 1435 οῐκου
2437 1381 2672 1452 Ἰσραήλ.
2708 1400 2728 1433 ι
2761 1382 3128 1452 Ἐκδεδίκηται
3157 1383 3286 1454 γὰρ,
3317 1385 3393 1447 ὡς
3416 1384 3572 1455 ἔφην,
3603 1386 3663 1438 τὺ
3689 1381 3824 1455 αἷμα

2247 1472 2483 1543 Χριστοῦ
2545 1473 2611 1526 ἐκ
2668 1473 2871 1538 παντὸς
2918 1474 3151 1545 Ἰσραήλ.
3213 1476 3429 1547 Ἐπειδὴ
3479 1480 3598 1530 κατ’
3650 1479 3826 1531 ἐκεῖνο

2248 1562 2468 1634 καιροῦ,
2506 1563 2630 1616 καθ’
2661 1564 2690 1617 δ
2742 1565 2836 1618 κοιλ¹
2870 1565 2904 1635 ή
2946 1565 3251 1636 προφητεία
3309 1567 3552 1635 γέγονεν,
3603 1568 3820 1638 ὠνομά-

2245 1652 2402 1717 ζοντο
2448 1653 2812 1724 διῃρημένως,
2884 1656 3083 1718 Ἰούδας
3124 1656 3221 1726 μὲν
3249 1657 3299 1708 oi
3350 1659 3719 1728 μεμενηκότες
3765 1660 3822 1709 ἐν

2245 1745 2357 1807 τοῖς
2397 1743 2814 1816 Ἱεροσολύμοις,
2866 1745 3082 1817 Ἰσραὴλ
3131 1745 3189 1798 δὲ
3233 1747 3397 1800 πάλιν
3439 1750 3489 1801 οἱ
3530 1751 3587 1800 ἐν
3621 1752 3685 1818 τῇ
3713 1750 3820 1800 Σα-

2248 1834 2470 1906 μαρείᾳο
2490 1822 2593 1889 ’ἵνα
2621 1837 2681 1888 τὸ
2710 1837 2773 1889 ἐκ
2811 1837 3012 1900 παντὸς
3050 1837 3265 1909 Ἰσραὴλ
3291 1839 3465 1910 ὁρῷτο
3500 1841 3816 1910 σημαίνειν,

2245 1931 2410 1996 φησιν
2437 1926 2771 1994 ἀναγκαίως,
2830 1920 3139 1998 ἐκδικήσειν
3183 1929 3244 1982 τὸ
3292 1925 3429 2000 αἷμα
3477 1921 3711 2003 Ἰεζραέλ
3753 1933 3818 1985 ἐκ

2239 2015 2337 2069 τοῦ
2369 2016 2518 2070 οἴκου
2553 2016 2750 2081 Ἰούδα,
2801 2019 3173 2072 καταπαύσειν
3213 2019 3269 2071 δὲ
3295 2021 3390 2072 καὶ
3421 2020 3517 2090 τὴν
3545 2022 3817 2090 βασιλείαν

2238 2105 2332 2160 τοῦ
2358 2105 2508 2160 οίκου
2568 2107 2812 2177 Ἰσραήλ.
2867 2107 3037 2160 Τοῦτο
3079 2108 3173 2160 καὶ
3215 2110 3244 2161 ό
3299 2108 3585 2172 θεσπέσιος
3621 2112 3816 2165 Ἰακὼϐ

2239 2199 2797 2265 προκαταμεμήνυκε,
2827 2195 3033 2263 λέγων’
3072 2213 3092 2247 ι
3118 2197 3232 2249 Οὐκ
3265 2196 3503 2264 ἐκλείψει
3532 2197 3715 2268 ἄρχων
3757 2200 3815 2267 ἐξ

2251 2284 2441 2348 Ἰούδα,
2471 2285 2565 2338 καὶ
2597 2285 2894 2356 ἡγούμενος
2919 2287 2983 2338 ἐκ
3010 2286 3120 2339 τῶν
3163 2287 3352 2358 μηρῶν
3405 2287 3591 2349 αὑτοῦ,
3613 2289 3716 2352 ἕως
3748 2288 3815 2343 ἂν

2237 2373 2366 2446 ἔλθῃ
2492 2375 2804 2428 ἀπόκειταν
2861 2376 2956 2429 καὶ
3001 2377 3160 2440 αὐτὸς
3219 2378 3515 2448 προσδοκία
3563 2380 3749 2434 ἐθνῶν.
3789 2399 3808 2431 ι

2251 2464 2687 2534 Ἐπιλάμψαντος
2718 2465 2828 2537 γὰρ
2858 2469 2989 2537 ἡμῖν
3037 2468 3131 2521 τοῦ
3179 2469 3553 2540 Ἐμμανουήλ,
3581 2471 3702 2524 τότε
3747 2470 3812 2543 δὴ

2237 2553 2359 2607 τότε
2392 2555 2485 2607 καὶ
2515 2557 2580 2608 ἐκ
2620 2556 2786 2626 μέσου
2818 2557 3040 2626 γέγονεν
3085 2561 3118 2630 ή
3151 2558 3398 2628 βασιλεία
3425 2561 3534 2614 τῶν
3573 2561 3807 2633 Ἰσραήλ.

2237 2643 2348 2700 Καὶ
2386 2643 2517 2712 γοῦν
2544 2645 2790 2716 Ἡρώδης
2818 2648 3174 2719 Ἀντιπάτρου
3200 2653 3348 2716 παῖς,
3388 2651 3809 2721 Ἀσκαλωνίτης,

2235 2733 2331 2803 τῆς
2368 2734 2633 2789 Ἰουδαίων
2668 2739 2854 2806 ἠγεῖτο
2888 2739 3092 2809 χώρας,
3117 2743 3518 2812 γεγεννημένου
3543 2742 3806 2813 Χριστοῦ.

2236 2826 2551 2899 Συντρίψειν
2596 2831 2652 2884 δὲ
2719 2832 2814 2887 καὶ
2863 2834 2996 2886 αὐτὸ
3039 2834 3100 2888 τὸ
3146 2834 3300 2901 τόξον
3324 2837 3418 2890 τοῦ
3479 2838 3695 2910 Ἰσραὴλ
3749 2840 3807 2891 ἐν

2235 2917 2415 2988 ἐκείνῃ
2448 2921 2511 2990 τῇ
2542 2921 2744 2992 ἡμέρᾳ,
2802 2926 3323 2992 κατεπαγγέλλεται,
3383 2929 3653 2991 τουτέστι,
3687 2931 3808 2982 κατ’

2233 3009 2406 3062 ἐκεῖνο
2429 3010 2524 3064 τοῦ
2555 3013 2771 3082 καιροῦ.
2811 3033 2829 3065 ι
2865 3015 3029 3081 Τόξον
3056 3016 3164 3088 γὰρ
3191 3017 3428 3071 δυνατῶν
3457 3019 3742 3090 ἠσθένησε,
3784 3041 3802 3071 ι

2233 3098 2377 3152 κατά
2399 3099 2458 3153 τὸ
2481 3104 2886 3173 γεγραμμένον,
2907 3106 3084 3160 καίτοι
3109 3108 3402 3178 κρατήσειν
3432 3108 3808 3180 ὑπειληφότων

2232 3186 2326 3240 τοῦ
2373 3189 2736 3261 Ἐμμανουήλ.
2776 3211 2795 3243 ‹
2824 3195 2932 3248 Καὶ
2981 3195 3074 3248 τοῦ
3109 3197 3207 3266 μὲν
3242 3197 3436 3269 ἐχθροῦ
3466 3199 3712 3264 ἐξέλιπον
3752 3203 3806 3254 αί

2237 3279 2501 3348 ρομφαῖαι
2548 3283 2626 3346 είς
2683 3284 2855 3351 τέλος,
2899 3305 2919 3338 ›
2949 3286 3173 3359 ἐξελύθη
3227 3289 3282 3342 δὲ
3311 3288 3478 3362 νεῦρα
3511 3291 3806 3363 βραχιόνων

2233 3368 2432 3422 αὐτῶν.
2475 3372 2550 3425 Οὐ
2618 3373 2728 3445 γάρ
2781 3377 3096 3446 νενικήκασι
3142 3379 3232 3432 τὸν
3279 3380 3559 3452 ἀνίκητον.
3623 3385 3806 3437 Κατα-

2233 3461 2513 3526 σκευάζων
2555 3465 2610 3518 δὲ
2666 3465 2854 3538 ὥσπερ
2907 3470 3006 3539 τῆς
3056 3472 3434 3542 πνευματικῆς
3474 3473 3702 3544 θεωρίας
3745 3471 3807 3524 τὸ

2234 3551 2392 3620 βαθὺ,
2425 3554 2670 3608 κάτεισιν
2696 3558 2858 3621 εὐθὺς
2889 3559 2981 3612 ἐπὶ
3011 3561 3078 3614 τά
3106 3563 3390 3633 ίστορικῶς
3422 3565 3802 3634 πεπραγμένα,

2228 3643 2426 3711 λέγων,
2463 3646 2546 3699 ὅτι
2611 3666 2628 3698 r
2656 3648 2935 3720 Euv'rpidw
2988 3651 3050 3704 τὸ
3092 3653 3243 3718 τόξον
3281 3653 3373 3706 τοῦ
3407 3654 3622 3724 Ἰσραὴλ
3652 3656 3709 3707 ἐν
3738 3658 3802 3726 τῇ

2234 3735 2442 3789 κοιλάδι
2474 3735 2567 3790 τοῦ
2598 3738 2853 3809 Ἰεζραέλ.
2894 3760 2912 3792 ι
2958 3739 3108 3795 Ἐκεῖ
3140 3744 3248 3814 γάρ
3285 3744 3564 3814 νενίκηκεν
3605 3744 3804 3814 Ἀζαὴλ

2224 3828 2253 3880 ὁ
2284 3826 2532 3896 βασιλεὺς
2553 3830 2752 3900 Συρίας
2789 3833 3150 3902 ἀντεξάγοντα
3170 3835 3261 3888 τὸν
3304 3836 3536 3906 Ἰσραήλ.
3585 3837 3802 3908 Ἐπειδὴ

2224 3917 2280 3969 δὲ
2303 3920 2602 3989 προσήκειν
2625 3920 3011 3989 ὑπολαμϐάνω,
3047 3924 3143 3992 τῆς
3173 3925 3476 3991 ἀναγκαίας
3514 3926 3606 3978 καὶ
3637 3943 3799 3980 πνευ-

2228 4007 2462 4076 ματικῆς
2491 4007 2723 4079 θεωρίας
2751 4011 2851 4063 οὐκ
2885 4011 3242 4082 ἀποκομίζειν
3277 4013 3368 4066 τὸν
3418 4014 3594 4083 λόγον,
3625 4016 3801 4068 ἐκεῖνό

2225 4112 2407 4167 φημι,
2437 4097 2499 4152 τὸ
2555 4098 2757 4154 λυποῦν
2791 4101 2963 4167 οὐδὲν,
2997 4103 3244 4174 καθάπερ
3297 4099 3531 4175 ἐγῷμαι,
3580 4105 3802 4160 κοιλάδα

2221 4189 2454 4244 νοεῖσθαι
2475 4189 2570 4244 τοῦ
2600 4191 2851 4262 Ἰεζραέλ,
2874 4193 3140 4261 τουτέστι,
3164 4195 3265 4266 τῆς
3288 4197 3380 4250 τοῦ
3396 4196 3530 4250 Θεοῦ
3591 4198 3800 4266 σπορᾶς

2220 4277 2338 4346 ήτοι
2369 4281 2628 4351 Χριστοῦ,
2651 4282 2713 4336 τὸ
2755 4287 2812 4337 ἐν
2843 4285 2918 4354 τῷ
2955 4287 3116 4355 κήπῳ
3157 4292 3439 4356 μνημεῖον,
3474 4290 3531 4338 ἐν
3562 4283 3605 4353 ᾧ
3640 4288 3732 4338 καὶ
3765 4289 3796 4356 ή

2219 4367 2514 4431 ἀνάστασις
2545 4371 3027 4440 ἐπακολουθήσασα
3047 4376 3124 4442 τῷ
3141 4375 3324 4435 πάθει,
3343 4376 3596 4444 νενίκηκε
3624 4378 3797 4430 πάντα

2220 4454 2421 4522 τρόπον
2459 4458 2764 4510 Ἰουδαϊκῶν
2789 4460 3172 4529 τολμημάτων.
3221 4462 3449 4514 Λέλυται
3477 4464 3586 4535 γὰρ
3617 4466 3795 4520 αὐτῶν

2076 4541 2117 4628 ξ-
2148 4557 2191 4610 ι)
2217 4541 2304 4595 διὰ
2331 4544 2430 4613 τῆς
2456 4547 2807 4610 ἀναστάσεως
2837 4550 2906 4602 τὰ
2927 4549 3223 4621 δυστροπά,
3265 4553 3358 4606 καὶ
3385 4552 3668 4628 θεοστυγῆ,
3697 4561 3791 4612 καὶ

2222 4634 2481 4702 μιαιφόνα
2512 4638 2851 4708 τολμήματα.
2873 4642 3060 4711 ᾯοντο
3085 4643 3183 4712 μὲν
3210 4645 3318 4715 γὰρ
3337 4646 3401 4698 ἐκ
3432 4648 3595 4716 μέσου
3621 4656 3793 4703 ποιεῖν

2217 4723 2475 4780 δύνασθαι
2510 4727 2600 4781 τὸν
2644 4727 2788 4798 Υίὸν,
2826 4732 2913 4786 ἵνα
2959 4735 3052 4786 καὶ
3085 4735 3282 4806 κλῆρον
3339 4738 3468 4791 ἴδιον
3503 4740 3674 4811 ἔχοιεν
3705 4744 3793 4794 τὸν

2216 4814 2514 4884 ἀμπελῶνα
2543 4819 2728 4874 αὐτοῦ.
2767 4823 2905 4876 Ἀλλ’
2944 4826 3001 4876 ἐν
3055 4827 3303 4897 μνημείῳ
3353 4829 3549 4897 τεθεὶς,
3595 4833 3792 4885 ἀνεϐίω

2217 4906 2401 4974 πάλιν,
2436 4911 2694 4981 ἄπρακτα
2744 4915 2842 4984 τῆς
2883 4915 3105 4969 ἐκείνων
3145 4918 3437 4988 ἐπιϐουλῆς
3477 4922 3789 4989 ἀποφαίνων

2213 4997 2283 5051 τὰ
2317 5000 2628 5072 σκέμματα,
2667 5006 2758 5058 καὶ
2781 5009 3062 5077 μονονουχὶ
3088 5011 3387 5080 συντρίϐων
3413 5012 3480 5064 τά
3506 5013 3653 5077 τόξα,
3701 5013 3788 5067 διὰ

2214 5089 2309 5142 τοῦ
2347 5092 2513 5163 μηδὲν
2543 5094 2622 5147 ἔτι
2675 5095 2934 5150 δύνασθαι
2992 5099 3202 5154 παθεῖν,
3235 5101 3346 5153 Καὶ
3393 5100 3643 5153 ἐκϐάλλει
3689 5103 3787 5172 μὲν

2219 5180 2416 5248 αὐτοὺς
2446 5186 2540 5238 τοῦ
2569 5187 2890 5256 ἀμπελῶνος
2915 5189 2990 5252 ὼς
3022 5188 3317 5260 θεομισεῖς,
3353 5190 3449 5243 καὶ
3480 5193 3748 5263 πονηροὺς
3770 5236 3781 5257 ,

534 5251 658 5351 καὶ.
685 5252 1086 5351 κιξριοκξόδξξθς·
1112 5254 1361 5351 έδξδίδωσι
1403 5255 1459 5308 δὲ
1477 5347 1496 5351 _
1524 5259 1790 5351 γεωργοῖς
1837 5256 2049 5330 ἑτέροις
2113 5267 2294 5336 αὐτὸν,
2370 5277 2592 5344 ἀγαθοῖς
2609 5251 2623 5256 ν
2646 5279 2739 5332 καὶ¹
2781 5251 3129 5350 εύγνὼμοσιξ
3157 5282 3252 5334 καὶ
3277 5251 3288 5254 ν
3305 5251 3786 5351 ιριλεργεστάτοις,

532 5343 672 5398 κατά
695 5345 794 5414 τὴν
822 5343 916 5399 τοῦ
949 5345 1281 5416 Εὑαγγελίου
1314 5347 1651 5419 παραϐολήν.

606 5435 766 5491 Vlns.
795 5437 847 5503 6,
873 5437 927 5490 7.
961 5437 1026 5491 Et
1057 5441 1293 5508 concepit
1315 5439 1508 5504 adhuc,
1544 5450 1590 5494 et
1616 5441 1809 5509 peperit
1834 5440 2024 5510 ﬁliam,
2053 5455 2103 5498 et

527 5527 666 5580 dixit
709 5530 752 5582 ei
786 5545 803 5583 :
839 5528 980 5584 Voca
1031 5548 1216 5586 nomen
1275 5533 1390 5599 ejus
1447 5532 1664 5601 Absque
1703 5533 2095 5602 misericordia,

525 5620 650 5686 quia
683 5637 1008 5692 nequaquam
1033 5625 1227 5679 addam
1253 5624 1391 5678 ultra
1421 5626 1656 5680 misereri
1681 5626 1861 5679 domui
1891 5626 2096 5694 Israel;

593 5791 640 5826 "
668 5793 802 5851 Gen.
834 5813 982 5856 xux-
1018 5800 1103 5856 10.
1177 5800 1224 5834 ⁷³
1261 5803 1279 5856 Ι
1321 5801 1452 5872 Reg.
1486 5819 1544 5868 ll,
1573 5804 1626 5860 4.
1705 5804 1747 5834 ⁷⁵
1781 5803 1922 5859 Psal.
1959 5820 2034 5870 tv,
2071 5805 2122 5858 7.

2279 5451 2390 5506 Kal
2423 5455 2763 5508 συνέλαϐεν
2785 5456 2894 5521 ἔτι,
2947 5457 3048 5510 καὶ
3085 5458 3292 5510 ἔτεκεν
3329 5455 3638 5528 θυγατέρα,
3671 5457 3765 5509 καὶ

2205 5534 2375 5593 εἶπεν
2438 5543 2632 5608 αὐτῷ’
2698 5545 2975 5600 Κάλεσον
3036 5548 3102 5599 τὸ
3175 5547 3359 5613 ὄνομα
3414 5547 3602 5612 αὐτῆς
3643 5549 3766 5601 Οὐκ

2204 5631 2521 5700 ήλεημένη·
2593 5633 2740 5687 διότι
2802 5639 2874 5690 οὺ
2907 5635 2994 5705 μὴ
3052 5636 3374 5704 προσθήσω
3417 5637 3496 5691 ἔτι
3515 5637 3759 5705 ἐλεῆσαι

2201 5807 2268 5837 ⁷³⁸
2307 5805 2495 5862 Matth.
2520 5824 2629 5874 ut,
2675 5810 2766 5863 9.3.
