4098 6276
561 431 664 484 -.t7
1615 431 1669 487 s.
1712 432 1985 497 CYRILLI
2024 432 2496 490 ALEXANDRINI
2534 432 2852 491 ARClllEP.
3775 425 3842 499 is

593 550 762 607 mlllla
795 551 860 602 ⁷⁸.
891 568 909 600 ι
971 547 1172 602 Salvatl
1227 555 1337 601 tum
1384 549 1700 615 cantabant,
1727 561 1779 604 et
1825 551 2038 605 modum
2082 568 2140 607 re

2265 556 2321 607 ἐν
2367 554 2654 625 Σαμαρείᾳ
2701 554 2853 618 Osci);
2913 553 3189 621 ἐξελέσθαι
3235 558 3360 621 τοὺς
3416 559 3644 617 ἑαυτῶν.
3705 565 3841 619 Ἀλλ’

589 652 699 698 tam
736 641 969 710 ingentis
991 640 1045 693 itt
1083 653 1144 694 se
1171 650 1492 708 perpetrata:
1524 644 1841 706 narrabant,
1877 642 2116 697 dicentes
2144 661 2156 695 :

592 753 610 786 t
638 733 701 787 lli
750 733 804 786 itt
844 731 1115 797 curribus,
1145 737 1202 784 et
1233 731 1286 784 lti
1318 731 1373 785 in
1400 733 1574 800 equis,
1626 747 1726 787 nos
1755 742 1934 786 autem
1972 733 2025 786 itt
2066 747 2161 785 no-

585 827 728 879 mine
753 823 845 878 Dei
870 822 1042 878 nostri
1079 823 1685 894 magnilieabimuersi
1712 825 1854 877 velut
1884 823 2159 892 compedi-

581 917 678 970 bus
702 914 959 984 implicati
989 923 1136 977 sunt,
1161 922 1217 967 et
1247 913 1592 979 ceciderunt;
1634 928 1730 968 nos
1761 925 1942 968 autem
1983 928 2157 967 resur-

559 1008 843 1076 ‘reximus,
891 1013 945 1064 et
978 1005 1148 1060 erecti
1182 1018 1368 1060 sumus
1388 1004 1454 1057 τ’.
1489 1023 1508 1056 ι
1547 1005 1738 1060 Verum
1792 1006 1891 1060 ista
1922 1020 1952 1058 a
2001 1005 2154 1059 nobis

551 1077 835 1199 {historice
865 1092 1009 1151 dicta
1039 1104 1221 1150 sunto.

2269 643 2504 706 ἐσώζετο
2556 644 2874 714 παραδόξως
2933 647 2962 697 6
3027 647 3245 710 Ἰούδας,
3292 650 3592 716 τουτέστιν,
3651 657 3708 709 αί
3746 656 3844 730 τὴν

2271 734 2622 805 Ἰερουσαλὴμ
2643 735 2889 790 οίκοῦσαι
2918 737 3011 790 δύο
3043 738 3226 804 φυλαί.
3280 760 3298 791 t
3339 739 3562 811 Ἐξῆλθε
3601 744 3712 817 γάρ
3740 746 3839 815 ἀγ-

2257 826 2413 893 γελος
2436 827 2664 897 Κυρίου,
2703 829 2890 896 φησὶν,
2927 829 3018 881 καὶ
3040 829 3250 882 ἀνεῖλεν
3268 832 3332 883 ἐκ
3357 831 3460 902 τῆς
3488 835 3841 906 παρεμϐολῆς

2254 919 2364 969 τῶν
2407 917 2702 991 Ἀσσυρίων
2747 921 2845 990 μιᾷ
2884 921 3056 984 νυκτὶ,
3082 921 3274 977 ἑκατὸν
3311 924 3636 996 ὀγδοήκοντα
3677 928 3837 981 πέντε

2261 1004 2526 1074 χιλιάδας.
2564 1025 2582 1057 ι
2619 1003 2786 1077 ⁷ῌδόν
2818 1025 2875 1061 τε
2899 1007 3070 1072 οὕτως
3095 1010 3144 1062 οί
3182 1014 3550 1083 σεσωσμένοι·
3601 1017 3695 1070 καὶ
3737 1017 3837 1085 τῆς

2261 1094 2351 1145 ἐπ’
2380 1095 2565 1158 αὐτοῖς
2598 1096 2972 1168 γεγενημένης
3000 1100 3400 1170 μεγαλουργίας
3443 1104 3572 1167 τοὺς
3603 1105 3834 1176 τρόπους

577 1187 902 1259 ἀφηγοῦντο,
927 1186 1195 1254 λέγοντες·
1231 1204 1249 1238 ι
1285 1181 1442 1242 Οὗτοι
1468 1189 1525 1240 ὲν
1569 1187 1798 1258 ἀρμασι,
1858 1185 1952 1238 καὶ
1987 1179 2130 1239 οὗτοι
2169 1186 2225 1237 ὲν
2292 1186 2503 1248 ἵπποις
2548 1187 2708 1255 ἡμεῖς
2755 1186 2810 1239 δὲ
2841 1188 2900 1238 ὲν
2965 1190 3189 1260 ὀνόματι
3235 1191 3442 1262 Κυρίου
3496 1192 3631 1245 Θεοῦ
3675 1193 3836 1264 ἡμῶν

578 1278 1120 1348 μεγαλυνθησόμεθα.
1139 1278 1301 1331 Αὐτοὶ
1317 1279 1904 1349 συνεποδίσθησανμα)⁸
1929 1277 2143 1332 ἔπεσον·
2185 1280 2348 1349 ἡμεῖς
2378 1279 2434 1332 δὲ
2497 1279 2820 1350 ἀνέστημεν,
2845 1282 2937 1334 καὶ
3000 1283 3421 1355 ἀνωρθώθημεν.
3447 1303 3467 1336 ι
3515 1286 3652 1340 Ἀλλ’
3687 1288 3830 1339 ἱστο-

577 1370 744 1442 ρικῶς
766 1371 862 1440 μὲν
892 1371 1022 1440 ἡμῖν
1044 1371 1282 1442 εἰρήσθω
1305 1373 1481 1426 ταυτί.

644 1465 1003 1519 Procedamus
1022 1465 1088 1520 ad
1118 1465 1250 1520 alios
1277 1466 1571 1530 sensus,ad
1594 1465 1891 1530 Christum,
1909 1467 2150 1535 inquam.

574 1559 698 1614 Post
734 1569 917 1612 natum
943 1559 1140 1628 quippe
1180 1557 1499 1623 Jezraelem,
1547 1559 1599 1612 id
1647 1569 1750 1623 est,
1798 1557 1893 1613 Dei
1947 1574 2150 1626 semen,

574 1655 655 1720 (ιιι
688 1651 959 1718 intelligas
987 1651 1417 1714 Emmanuelem,
1457 1648 1611 1719 cujus
1658 1663 1711 1705 et
1736 1652 2052 1720 sanguinem
2086 1667 2147 1706 se

2336 1466 2536 1534 Ἴωμεν
2568 1464 2622 1516 δὲ
2647 1459 2713 1518 αὖ
2740 1465 2833 1517 καλ⁵
2858 1465 2943 1532 ἐφ’
2972 1465 3164 1535 ἐτέρας
3205 1467 3433 1532 ἐννοίας,
3462 1471 3605 1540 φημὶ
3643 1471 3697 1524 δὲ
3729 1475 3833 1526 πά-

2260 1556 2342 1608 λιν
2375 1555 2474 1618 τὰς
2521 1556 2605 1608 ἐπ’
2632 1555 2779 1625 αὐτῷ
2807 1555 2884 1626 τῷ
2915 1557 3156 1627 Χριστῷ.
3186 1558 3340 1611 Μετά
3387 1560 3493 1630 γάρ
3541 1578 3621 1614 τοι
3651 1563 3712 1614 τὸ
3743 1579 3832 1615 τε·

2260 1647 2452 1716 χθῆναι
2487 1646 2576 1699 τὸν
2620 1645 2877 1717 Ἰεζραὲλ,
2936 1648 3200 1711 τουτέστι,
3263 1649 3363 1717 τὴν
3407 1649 3499 1702 τοῦ
3530 1650 3664 1703 Θεοῦ
3698 1669 3830 1705 σπο-

575 1742 810 1795 ttlturttm
843 1742 1153 1810 promittit),
1191 1743 1333 1811 parit
1366 1741 1568 1798 Gomer
1602 1742 1724 1811 (hoc
1748 1751 1848 1805 est,
1887 1741 2145 1796 fornicata

2262 1739 2395 1808 ρὰν,
2465 1740 2553 1792 ἵνα
2588 1742 2714 1809 νοῇς
2742 1739 2832 1792 τὸν
2895 1740 3262 1810 Ἐμμανουὴλ,
3300 1733 3360 1792 οῦ
3409 1741 3502 1794 καὶ
3525 1743 3829 1811 ὲκδικήσειν

575 1831 876 1888 Iudaeorum
903 1831 1416 1903 Synagoga)liliam,
1446 1833 1561 1887 sive
1593 1832 2145 1900 multitudinem,quae

2252 1829 2314 1880 τὸ
2333 1823 2470 1898 αἷμα
2496 1829 2985 1899 κατεπηγγέλλετο,
3000 1831 3240 1884 τίκτεται
3261 1834 3326 1901 τῇ
3347 1833 3485 1901 Γόμε
3495 1850 3544 1901 ρ,
3563 1833 3827 1898 τουτέστι,

575 1926 828 1980 decenter
884 1925 1064 1978 vocari
1115 1926 1286 1993 possit
1325 1926 1542 1992 Absque
1593 1925 1988 1979 misericordia.
2027 1925 2143 1993 Ipsa

2251 1924 2315 1990 τῇ
2348 1922 2759 1991 πεπορνευμένῃ
2790 1921 2897 1974 τῶν
2922 1921 3187 1974 Ἰουδαίων
3217 1925 3540 1993 Συναγωγῇ,
3559 1923 3825 1995 θυγάτηρ,

573 2018 766 2086 quippe
794 2017 989 2070 occidit
1008 2015 1243 2082 Jezrael,
1268 2017 1542 2073 Christum
1569 2017 1996 2086 puta.Quocirca
2021 2017 2143 2086 jure

2251 2013 2366 2081 ἢτοι
2405 2013 2635 2082 πληθὺς,
2740 2014 2831 2066 καὶ
2865 2013 3075 2082 πρέπον
3113 2013 3177 2064 ἂν
3210 2014 3294 2081 εἴη
3327 2013 3387 2064 τὸ
3413 2015 3692 2067 καλεῖσθαι
3715 2018 3828 2069 Οὶκ

571 2104 846 2159 inimicum
871 2114 924 2159 et
980 2106 1402 2161 iul'ensissitnum
1441 2108 1542 2161 sibi
1580 2107 1742 2162 Deum
1775 2108 2001 2172 invenit,
2031 2118 2143 2162 sta-

571 2197 772 2263 timque
799 2195 1137 2250 calamitates
1163 2197 1610 2260 immedicabiles,
1639 2213 1667 2251 a
1696 2199 1957 2252 Romanis
1980 2211 2141 2252 exer-

506 2341 514 2349 ,
571 2287 766 2342 citibus
797 2287 1097 2354 devastata,
1132 2296 1187 2341 et
1235 2286 1432 2342 bellum
1461 2287 1620 2357 longe
1659 2289 1870 2357 lateque
1899 2288 2139 2340 auditum

569 2393 818 2449 perpessa
849 2378 1122 2441 sustinuit,
1159 2378 1374 2446 quando
1400 2389 1459 2432 et
1489 2378 1743 2433 mulieres
1767 2377 2006 2452 infantes
2016 2391 2142 2431 suos

570 2470 943 2533 comederunt,
983 2476 1037 2522 et
1076 2477 1134 2520 ut
1167 2476 1252 2522 est
1294 2467 1432 2534 apud
1465 2468 1785 2536 prophetam
1830 2466 2139 2530 Jerentiam,

575 2559 810 2616 «Manus
859 2559 1145 2614 mulierum
1205 2557 1636 2614 misericordium
1685 2567 1948 2613 coxerunt
2003 2559 2142 2614 lilios

571 2668 695 2707 suos
716 2651 784 2719 ³⁸,
818 2670 837 2702 ι
870 2663 922 2705 ct
959 2652 1106 2720 leges
1136 2659 1344 2705 natura:
1378 2650 1626 2705 humana:
1657 2662 1997 2717 spreverunt,
2017 2665 2141 2704 cum

569 2741 740 2797 fames
775 2758 868 2798 eas
911 2743 1345 2812 philostorgiam,
1389 2738 1590 2810 alioqui
1649 2741 2138 2810 inexpugnabilem,

569 2834 838 2903 negligere
872 2833 1241 2903 compelleret.
1290 2831 1459 2887 Porro
1491 2832 1603 2886 lucc
1639 2832 1821 2886 omnia
1845 2834 1916 2887 ob
1951 2833 2143 2900 impie~

570 2936 711 2979 tates
741 2924 1046 2992 designatas
1080 2923 1188 2978 illis
1205 2930 1524 2978 evenerunt.
1549 2921 1656 2992 25
1676 2921 1914 2991 Spondet
1965 2931 2140 2978 autem

570 3030 629 3070 se
645 3014 1018 3068 titisericcrdia
1055 3013 1193 3068 ﬁlios
1241 3010 1378 3066 Juda
1419 3023 1855 3080 prosecuturum,
1891 3013 1992 3069 huc
2036 3023 2138 3077 est,

2246 2101 2542 2172 ήλεημὲνη.
2572 2102 2718 2172 Αὐτὴ
2740 2101 2847 2172 γὰρ
2875 2102 3161 2154 ἀπέκτεινε
3184 2101 3274 2152 τὸν
3303 2101 3562 2168 Ἰεζραὲλ,
3583 2104 3826 2157 τουτέστι

2249 2195 2504 2264 Χριστόν.
2530 2194 2800 2264 Ταύτῃτοι
2822 2194 3046 2256 δικαίως
3071 2193 3262 2263 ἐχθρὸν
3305 2195 3397 2246 καὶ
3425 2191 3826 2262 πολεμιώτατον

2248 2285 2492 2356 εὑρίσκει
2531 2285 2687 2346 Θεὸν,
2723 2285 2818 2337 καὶ
2866 2285 3195 2353 ἀνηκέστους
3229 2283 3392 2346 εὐθὺς
3439 2284 3824 2354 ύπομεμένηκε

2251 2374 2553 2444 συμφορὰς,
2601 2377 2721 2437 ταῖς
2769 2375 3060 2445 Ῥωμαίων
3094 2374 3386 2444 δυνάμεσιν
3410 2374 3826 2444 ἐκπεπορθημέ-

2249 2481 2334 2536 νη,
2413 2466 2508 2517 καὶ
2539 2463 2629 2516 τὸν
2662 2464 2945 2534 διαϐόητον
2982 2448 3278 2517 ὑποστᾶσα
3313 2464 3569 2534 πόλεμον,
3609 2467 3696 2519 ὅτε
3729 2465 3824 2518 καὶ

2249 2559 2504 2624 γυναῖκες
2551 2556 2662 2609 τῶν
2717 2557 2860 2610 ίδίων
2891 2556 3100 2627 ἥψαντο
3125 2557 3350 2619 τέκνων,
3403 2558 3498 2610 καὶ
3602 2575 3768 2628 φησιν
3793 2557 3825 2610 6

2248 2651 2532 2722 προφήτης
2575 2648 2863 2719 Ἱερεμίας,
2895 2667 2912 2700 t
2941 2650 3135 2720 Χεῖρες
3175 2649 3444 2716 γυναικῶν
3464 2651 3823 2721 οίκτιρμόνων

2246 2741 2463 2813 ἥψησαν
2495 2742 2562 2795 τὰ
2585 2743 2776 2795 παιδία
2801 2740 3028 2808 ἑαυτῶν,
3054 2760 3072 2793 ι
3115 2742 3208 2794 καὶ
3234 2741 3448 2810 φύσεως
3472 2742 3824 2813 ἀνθρωπίνης

2247 2833 2582 2902 ἁλογήσασαι
2614 2832 2815 2903 νόμων,
2868 2833 2961 2886 καὶ
3003 2825 3382 2904 φιλοστοργίας
3416 2834 3627 2904 ἀμάχου
3655 2833 3824 2904 ῥᾳθυ-

2251 2928 2368 2994 μεῖν
2399 2924 2566 2987 αὑτάς
2597 2923 2994 2991 ἀναγκάζοντος
3017 2921 3109 2975 τοῦ
3141 2923 3322 2992 λιμοῦ.
3357 2911 3518 2977 ’Ᾱλλά
3539 2925 3633 2977 καὶ
3662 2924 3824 2977 ταυτὶ

2251 3017 2348 3086 μὲν
2376 3017 2590 3070 ἅπαντα
2617 3017 2730 3079 τοῖς
2767 3014 3068 3084 ἠσεϐηκόσι
3117 3014 3483 3085 συμϐέϐηκεν.
3549 3015 3824 3086 Ἐλεήσειν

570 3105 682 3173 qui,
710 3102 1004 3158 secundum
1074 3100 1414 3172 disciplinam
1453 3110 1508 3156 et
1545 3103 2007 3172 regenerationem
2051 3118 2144 3173 per

2251 3107 2303 3160 δὲ
2337 3107 2462 3168 τοὺς
2488 3107 2636 3168 υἱοὺς
2673 3103 2844 3158 Ἰούδα
2870 3102 3388 3170 κατεπαγγέλλεται,
3412 3103 3676 3168 τουτέστι,
3695 3107 3824 3170 τοὺς

571 3195 850 3261 Spiritum,
883 3192 1086 3250 Christi
1132 3194 1227 3248 ﬁlii
1277 3203 1590 3260 evaserunt,
1615 3195 1709 3265 qui
1741 3194 1807 3249 de
1839 3195 1978 3248 tribu
2009 3193 2145 3249 Juda

572 3286 689 3339 fuit.
715 3284 770 3338 Si
801 3284 944 3339 enim
981 3298 1076 3354 per
1106 3284 1458 3355 Evangelium
1487 3285 1704 3354 quidam
1754 3285 1954 3341 sanctis
2013 3299 2145 3353 apo-

572 3378 720 3432 stolis
747 3377 801 3432 in
827 3377 1046 3432 Christo
1066 3386 1410 3447 generantur,
1426 3381 1696 3446 quomodo
1715 3392 1818 3432 non
1855 3378 2024 3447 magis
2051 3393 2148 3445 per

571 3468 844 3524 Christum
887 3467 1102 3537 ipsum?
1137 3467 1204 3522 de
1233 3466 1427 3536 quibus
1467 3467 1631 3520 etiam
1679 3468 1787 3520 ait:
1827 3484 1844 3518 t
1876 3466 2016 3521 Ecce
2048 3481 2147 3535 ego

569 3572 623 3613 et
653 3559 804 3628 pueri
840 3573 980 3626 quos
1016 3558 1166 3612 dedit
1194 3557 1565 3612 mihiDcus'”.
1595 3574 1614 3607 ι
1644 3555 1932 3611 Salvantur
1969 3557 2147 3625 itaque

571 3655 622 3704 in
657 3650 872 3704 Christo
914 3649 1136 3703 Domino
1184 3659 1239 3704 et
1271 3649 1381 3704 Deo
1411 3649 1814 3713 universorum,
1855 3663 1960 3704 non
1995 3663 2145 3703 arma

572 3746 845 3792 moventes
899 3739 1174 3793 terrestria
1231 3746 1286 3792 et
1348 3736 1586 3793 carnalia
1616 3736 1704 3803 ⁸²;
1767 3737 1860 3792 sed
1921 3737 1976 3792 in
2035 3738 2147 3792 vir-

577 3839 688 3884 tute
723 3827 1000 3895 salvantis,
1051 3837 1102 3882 et
1127 3829 1489 3884 concutientis
1529 3827 1746 3895 quidem
1811 3828 2146 3897 principatus

575 3930 627 3989 ct
659 3919 880 3972 thronos
899 3919 968 3982 ⁸³,
1018 3915 1595 3986 triumphautisautem
1627 3930 1788 3971 cruce
1811 3933 1909 3972 sua
1955 3917 2144 3972 adver-

573 4013 842 4066 Sitl'lOl‘unl
875 4017 1146 4073 catervas,
1174 4017 1226 4062 et
1250 4006 1518 4078 malignas
1535 4014 1828 4077 potestates
1847 4011 2164 4076 evertentis,

571 4113 622 4156 ct
652 4103 830 4158 dantis
863 4098 1208 4169 diligentibus
1249 4111 1311 4154 se
1347 4117 1366 4150 ι
1395 4097 1604 4154 calcare
1646 4112 1810 4168 super
1845 4111 2142 4169 serpentes,

571 4203 625 4247 et
646 4191 982 4259 scorpiones,
1005 4199 1060 4244 et
1090 4203 1250 4258 super
1269 4201 1484 4243 omnem
1509 4187 1762 4242 virtutem
1796 4188 2002 4243 inimici
2022 4188 2088 4244 “.
2120 4209 2139 4241 ι

572 4280 988 4352 Appositissime
1032 4289 1210 4334 autem
1249 4277 1584 4334 incredulum
1611 4319 1626 4344 ,
1667 4289 1725 4334 et
1757 4279 2013 4335 eﬂ'renem
2037 4320 2052 4342 ,
2093 4291 2147 4334 et

573 4375 782 4430 Domini
837 4371 1238 4427 interfectorem
1281 4369 1538 4439 populum
1581 4367 1888 4423 Judacorum
1933 4370 2143 4424 mulieri

2249 3198 2389 3251 κατὰ
2413 3196 2648 3267 μάθησίν
2674 3212 2735 3248 τε
2783 3195 2876 3249 καὶ
2901 3192 3366 3263 ἀναγέννησιντὴν
3400 3193 3487 3247 διὰ
3522 3192 3616 3246 τοῦ
3646 3195 3821 3248 Ilvati-

2252 3306 2418 3357 ματος
2441 3289 2590 3350 υἱοὺς
2619 3288 2914 3356 γεγονότας
2937 3284 3306 3355 Χριστοῦ,τοῦ
3332 3287 3396 3338 ὲκ
3422 3285 3594 3355 φυλῆς
3630 3286 3819 3341 Ἰούδα.

2249 3379 2312 3431 Ei
2333 3381 2442 3447 γὰρ
2471 3377 2558 3430 διὰ
2591 3376 2684 3429 τοῦ
2724 3375 3058 3444 Εὐαγγελίου
3097 3375 3390 3442 γεννῶνταί
3421 3393 3566 3440 τινες
3597 3378 3654 3429 ἐν
3689 3379 3823 3448 Χρισ-

2249 3470 2358 3540 στῷ
2391 3471 2506 3531 τοῖς
2543 3468 2716 3536 ἁγίοις
2745 3467 3094 3530 ἀποστόλοις,
3117 3467 3232 3529 πῶς
3263 3467 3383 3538 οὐχι
3416 3469 3614 3539 μᾶλλον
3637 3469 3702 3521 δι’
3726 3469 3822 3522 αύ-

2247 3559 2339 3612 τοῦ
2363 3559 2456 3612 τοῦ
2489 3556 2757 3629 Χριστοῦ;
2786 3558 2912 3628 περί
2935 3551 3009 3611 ὧν
3034 3557 3126 3610 καί
3158 3569 3312 3626 φησι·
3351 3576 3370 3609 ι
3406 3557 3539 3611 Ἰδοὺ
3575 3556 3704 3625 ἐγὼ,
3729 3555 3822 3609 καὶ

2246 3649 2314 3703 τὰ
2344 3649 2530 3703 παιδία
2555 3649 2590 3702 ἀ
2627 3665 2715 3718 μοι
2732 3647 2931 3701 ἔδωκεν
2959 3649 2986 3700 ὁ
3015 3646 3165 3709 Θεός.
3206 3666 3224 3697 ι
3261 3645 3529 3708 Σώζονται
3559 3647 3734 3699 τοίνυν
3764 3649 3821 3699 ὲν

2247 3740 2466 3813 Χριστῷ
2510 3739 2586 3810 τῷ
2616 3740 2805 3810 Κυρίῳ
2867 3739 2962 3792 καὶ
3009 3737 3127 3806 Θεῴ
3174 3737 3282 3789 τῶν
3336 3736 3496 3800 ὅλων,
3535 3738 3632 3805 οὐχ
3683 3735 3822 3788 ὅπλα

2247 3833 2520 3895 κινοῦντες
2549 3830 2768 3898 ὲπίγειά
2813 3846 2873 3882 τε
2929 3829 3023 3880 καὶ
3051 3827 3309 3897 σαρκικὰ,
3356 3826 3471 3879 ἀλλ’
3506 3828 3562 3878 ὲν
3593 3825 3820 3892 δυνάμει

2246 3921 2339 3977 τοῦ
2369 3921 2654 3985 σώζοντος,
2686 3919 2781 3980 καὶ
2806 3915 3187 3976 κατασείοντος
3230 3913 3329 3983 μὲν
3367 3913 3540 3982 ἀρχὰς
3569 3914 3663 3966 καὶ
3693 3912 3820 3982 096-

2247 4028 2392 4074 νους,
2418 4005 2842 4080 Θριαμϐεύοντος
2867 4002 2925 4056 δὲ
2951 4002 3027 4072 τῷ
3060 4001 3174 4071 ίδίῳ
3213 4000 3430 4072 σταυρῷ
3458 4001 3566 4054 τῶν
3589 4001 3822 4054 ἀντικει-

2250 4102 2424 4173 μένων
2463 4099 2534 4152 τὰ
2573 4097 2756 4168 στίφη,
2787 4096 2880 4149 καὶ
2921 4093 3178 4163 δυνάμεις
3227 4094 3693 4164 καταστρέφοντος
3720 4108 3822 4143 πο·-

2246 4193 2440 4265 νηράς,
2463 4191 2558 4246 καὶ
2608 4189 2841 4252 διδόντος
2901 4188 3012 4248 τοῖς
3057 4186 3341 4255 ἀγαπῶσιν
3380 4185 3541 4238 αὑτὸν
3575 4203 3593 4234 ι
3631 4184 3822 4236 πατεῖν

2246 4287 2429 4339 ὲπάνω
2447 4285 2622 4352 ὄφεων
2683 4281 2777 4335 καὶ
2809 4278 3106 4348 σκορπίων,
3135 4279 3228 4330 καὶ
3270 4277 3363 4329 ἐπὶ
3397 4276 3576 4327 πᾶσαν
3604 4274 3701 4338 τὴν
3729 4271 3822 4322 δύ-

2248 4391 2411 4443 ναμιν
2448 4373 2542 4424 τοῦ
2570 4371 2785 4438 ἐχθροῦ.
2827 4388 2844 4418 ι
2885 4365 2958 4419 Εὖ
2990 4368 3046 4416 δὲ
3101 4366 3164 4432 δὴ
3223 4364 3424 4430 σφόδρα
3473 4360 3571 4428 τὴν
3624 4360 3821 4432 ἀπειθῆ

571 4465 921 4536 comparavit,
983 4463 1081 4528 illi,
1135 4463 1380 4532 inquam,
1432 4475 1552 4531 qua:
1595 4460 1738 4514 dicta
1801 4469 1884 4514 est
1931 4460 2145 4528 Absque

2255 4464 2348 4514 καὶ
2377 4460 2606 4528 ὲξήνιον,
2638 4456 2732 4508 καὶ
2776 4452 3121 4522 κυριοκτόνον
3169 4451 3276 4502 τῶν
3321 4449 3588 4502 Ἰουδαίων
3613 4450 3822 4518 πληθὺν

574 4556 964 4613 misericordia.
1009 4554 1264 4609 lndiciunt
1298 4554 1442 4608 enim
1501 4549 1885 4605 imbecillitatis
1907 4560 1989 4604 est
2022 4568 2142 4605 mu-

573 4648 694 4710 lier,
727 4654 779 4700 et
814 4643 978 4698 animi
1012 4643 1155 4698 haud
1204 4641 1379 4695 virilis
1432 4651 1594 4707 atque
1645 4637 1801 4691 fracti
1843 4640 2143 4707 symbolum

575 4737 855 4812 aptissime
884 4733 1103 4803 intelligi
1127 4741 1311 4802 queat.
1345 4724 1504 4784 Tales
1529 4737 1654 4783 sunt
1690 4743 1902 4795 omnes,
1942 4730 2031 4798 qui
2065 4730 2148 4783 in-

571 4827 904 4884 Stitutionem
932 4837 1030 4894 per
1042 4822 1316 4876 Christum
1339 4833 1445 4873 non
1479 4829 1855 4888 susceperunt,
1877 4834 1975 4873 nec
1991 4820 2043 4873 itt
2061 4821 2144 4873 di-

571 4918 712 4971 vinis
747 4925 802 4968 et
832 4911 1038 4966 sanctis
1061 4908 1327 4963 mandatis
1355 4906 1470 4975 ejus
1508 4907 1714 4976 ingredi
1754 4909 2142 4964 sustinuerunt.

574 5005 936 5072 Quamobrem
971 4998 1138 5075 Oscas
1195 4999 1458 5067 propheta
1499 4989 1712 5065 inquit:
1749 5017 1767 5050 ι
1799 5001 2143 5066 Convertere,

573 5093 757 5155 Israel,
781 5091 846 5146 ad
873 5087 1154 5144 Dominum
1179 5085 1340 5140 Deum
1368 5095 1540 5150 tuutn,
1561 5077 1686 5156 quia
1709 5089 1976 5142 inlirtttata
1999 5105 2059 5143 es
2091 5091 2143 5143 itt

574 5163 1079 5253 iniquitatibustuis
1099 5176 1168 5234 ⁸⁵.
1201 5197 1221 5230 »
1243 5177 1520 5232 Etiterum
1569 5179 1638 5233 de
1668 5181 1930 5235 mandatis
1957 5179 2145 5236 Salva—

550 5267 708 5329 itoris
740 5274 880 5328 idem
907 5289 922 5327 :
952 5289 970 5323 t
991 5269 1126 5338 Quia
1160 5279 1321 5323 recta:
1340 5267 1436 5322 via:
1464 5269 1694 5334 Domini,
1718 5279 1771 5325 et
1797 5271 1928 5339 justi
1963 5271 2148 5325 ambu-

576 5364 762 5419 labunt
795 5363 848 5417 in
870 5362 989 5426 eis;
1017 5361 1165 5432 impii
1191 5370 1368 5415 autem
1410 5358 1893 5415 inﬁrmabunturin
1929 5361 2088 5415 eis”.
2125 5382 2141 5413 ι

578 5457 720 5510 Idem
765 5455 962 5509 alicubi
994 5457 1058 5508 de
1103 5453 1168 5508 iis
1199 5451 1621 5521 quioccideruttt
1655 5448 1895 5515 Jezrael,
1950 5453 2001 5506 id
2040 5465 2142 5521 est,

575 5546 874 5610 Christum,
915 5564 933 5598 ι
959 5543 1023 5598 Ει
1045 5545 1414 5599 humiliabitur
1441 5542 1690 5612 superbia
1731 5541 1895 5599 Israel
1931 5545 1980 5598 in
2012 5545 2145 5601 facie

649 5742 697 5772 ⁷⁸
723 5738 986 5809 lV.'Reg.
1018 5754 1130 5809 xix,
1157 5737 1246 5790 35.

1340 5735 1385 5765 ⁷⁸
1430 5735 1571 5788 l'sal.
1603 5752 1676 5797 ιχ,
1712 5735 1745 5787 8
1778 5777 1792 5799 ,
1835 5736 1886 5790 9.
1965 5738 2008 5769 ⁸ο
2048 5737 2145 5792 ΤΙιι

2287 5750 2359 5800 ιν,
2384 5736 2469 5790 10.
2546 5734 2588 5765 ⁶¹
2621 5724 2722 5788 lsa.
2761 5747 2878 5796 vm,
2911 5732 2992 5784 l8.
3071 5728 3116 5757 ⁸¹
3154 5726 3190 5781 ll
3237 5726 3360 5779 Cor.
3394 5743 3444 5788 Χ,
3477 5725 3529 5778 4.

2249 4546 2468 4614 γυναικὶ
2503 4543 2845 4613 παρεικάζει,
2878 4540 3021 4610 φημὶ
3047 4538 3203 4610 δὴτῇ
3244 4538 3355 4595 Οὐκ
3401 4537 3691 4610 ἠλεημένῃ,
3719 4539 3823 4606 Ση..

2256 4639 2403 4706 μεῖον
2438 4635 2535 4704 μὲν
2561 4633 2670 4704 γὰρ
2694 4633 2727 4702 ὴ
2749 4631 2888 4701 γυνὴ
2918 4629 3012 4683 καὶ
3037 4630 3383 4700 φρονήματος
3403 4628 3688 4698 ἀνάνδρου,
3729 4629 3822 4681 καὶ

2253 4729 2626 4798 κεκλασμένου
2679 4725 2848 4787 τύπος
2906 4723 2971 4778 ἂν
3021 4723 3192 4775 νοοῖτο
3217 4761 3232 4784 ,
3290 4721 3382 4775 κιιιλ⁵
3420 4721 3562 4790 μάλα
3612 4720 3814 4790 σαφῶς.

2252 4823 2295 4874 Τ
2298 4822 2455 4875 οιοίδε
2480 4820 2538 4873 δὲ
2564 4818 2785 4880 πάντες,
2816 4817 2931 4869 ὅσοι
2955 4813 3050 4883 τὴν
3086 4812 3174 4866 διὰ
3218 4809 3451 4882 Χριστοῦ
3482 4809 3557 4879 μὴ
3591 4807 3820 4877 παρεδέ-
3877 4863 3890 4878 ,

2253 4914 2408 4978 ξαντο
2441 4912 2750 4975 παίδευσιν,
2805 4907 2943 4978 μήτε
2988 4905 3091 4975 μὴν
3119 4904 3404 4973 ἠνέσχοντο
3433 4900 3658 4954 κατόπιν
3685 4900 3820 4951 ἱέναι

2250 5002 2357 5055 τῶν
2383 5001 2541 5054 Θείων
2566 4997 2730 5051 αὑτοῦ
2799 4996 2892 5049 καὶ
2913 4993 3082 5060 ἁγίων
3112 4990 3518 5060 θεσπισμάτων.
3555 4987 3663 5039 Καὶ
3691 4985 3821 5052 γοῦν

2252 5096 2279 5146 ό
2318 5094 2601 5163 προφήτης
2645 5087 2824 5157 Ὠσηὲ,
2866 5104 2882 5136 t
2924 5080 3340 5151 Ἑπιστράφηθι,
3369 5077 3554 5149 φησιν,
3586 5074 3819 5145 Ἰσραὴλ,

2256 5180 2390 5251 πρὸς
2422 5179 2626 5249 Κύριον
2662 5177 2752 5230 τὸν
2785 5175 2916 5228 Θεόν
2948 5190 3040 5225 σου
3062 5210 3076 5236 ,
3102 5172 3234 5224 διότι
3284 5167 3586 5237 ἠσθένησας
3621 5167 3678 5217 έν
3705 5167 3824 5227 ταῖς

2253 5273 2487 5334 ἀδικίαις
2519 5287 2635 5324 σου.
2671 5288 2689 5322 ι
2723 5267 2832 5321 Καὶ
2863 5265 3024 5319 πάλιν
3052 5261 3304 5333 περὶτῶν
3323 5258 3418 5311 τοῦ
3452 5258 3702 5327 Σωτῆρος
3735 5258 3822 5308 ἐν·
3878 5288 3885 5341 ξ

2252 5363 2592 5434 ταλμάτωνό
2620 5359 2800 5424 αὐτὸς,
2860 5379 2876 5410 ι
2913 5357 3060 5410 Διότι
3110 5353 3336 5415 εὐθεῖαι,
3386 5349 3570 5418 φησιν,
3609 5348 3665 5401 αί
3712 5345 3825 5401 ὁδοὶ
3878 5353 3882 5361 ’

2254 5455 2346 5510 τοῦ
2368 5455 2599 5526 Κυρίου,
2635 5452 2730 5504 καὶ
2765 5450 2963 5505 δίκαιοι
3015 5444 3371 5516 πορεύσονται
3399 5443 3455 5491 ὲν
3503 5439 3716 5501 αὑταῖς,
3773 5437 3824 5488 οἱ

2252 5548 2308 5601 δὲ
2325 5547 2539 5609 ἀσεϐεῖς
2561 5543 2949 5612 ἀσθενήσουσιν
2970 5541 3026 5590 ὲν
3043 5536 3249 5597 αὑταῖς.
3265 5552 3282 5584 ι
3300 5530 3410 5585 Κιιιλ⁸
3428 5533 3454 5582 6
3470 5530 3627 5592 αὐτὸς
3647 5529 3702 5584 δέ
3719 5546 3822 5583 που

3637 5722 3682 5754 ⁸³
3716 5718 3823 5775 Co-

579 5811 708 5868 loss.
735 5826 794 5875 tt,
829 5810 915 5864 10.
941 5805 962 5809 ⁷
990 5809 1036 5839 ⁸⁸
1057 5807 1188 5861 Luc.
1220 5821 1273 5872 Χ,
1315 5806 1398 5858 19.
1474 5805 1518 5836 ⁸⁸
1549 5806 1687 5859 Osee
1716 5821 1826 5871 ιιν,
1859 5807 1912 5862 ‘2.
1988 5809 2032 5842 ⁸⁸
2065 5808 2196 5863 ibid.
2236 5806 2320 5859 l0.
