4098 6276
260 448 335 505 49
1190 441 1741 501 COMMENTARIUS
1774 440 1841 497 IN
1881 436 2116 497 OSEAM
2154 434 2601 491 PROPHETAM.
3453 426 3524 487 ου

261 561 445 638 φησὶν
489 560 645 632 Ὠσηὲ
702 559 830 630 περὶ
878 559 982 612 τῶν
1029 559 1405 613 ἀπεκτονότων
1451 560 1544 614 τὸν
1577 558 1846 631 ’1εζραὲλ,

1968 556 2089 625 ejus.
2126 554 2192 608 Et
2222 552 2403 614 Israel,
2430 563 2485 606 et
2513 549 2768 620 Ephraitn
2799 544 3221 601 inlirmabuntur
3250 541 3303 597 in
3327 540 3528 612 iniqui-

265 652 519 708 τουτέστι
552 651 805 724 Χριστόν·
832 671 850 702 ι
888 651 997 705 Kal
1030 651 1503 723 ταπεινωθήσεται
1523 653 1557 722 ἡ
1582 649 1740 722 ὕϐρις
1757 650 1851 703 τοῦ

279 745 498 817 Ἰσραήλ
554 744 631 806 εἰς
698 743 988 813 πρόσωπον
1043 742 1230 799 αὐτοῦ.
1315 743 1427 797 Kal
1492 740 1707 811 Ἰσραὴλ
1760 741 1854 794 καὶ

280 831 526 904 Ἑφραῒμ
556 830 943 902 ἁσθενήσουσιν
968 833 1027 886 ἐν
1052 835 1172 896 ταῖς
1187 832 1422 896 ἀδικίαις
1442 831 1675 886 αὐτῶν.»

341 924 457 978 Καὶ
496 920 942 991 ἀπεγαλάκτισε
987 921 1103 991 τὴν
1153 924 1279 977 Οὐκ
1323 922 1697 992 ἠλεημένην.
1742 921 1853 976 Kal.

270 1013 620 1070 συνέλαϐεν
650 1014 760 1080 ἔτι,
781 1014 881 1068 καὶ
919 1014 1126 1069 ἔτεκεν
1152 1016 1311 1069 υιόν.
1335 1015 1445 1069 Καὶ
1469 1010 1623 1079 εἷπε,
1665 1013 1855 1069 Κάλε-

270 1124 399 1162 σον
428 1108 496 1162 τὸ
531 1107 717 1176 ὄνομα
732 1107 941 1172 αὐτοῦ,
968 1108 1052 1161 Οὐ
1076 1106 1229 1170 λαός
1255 1124 1394 1174 μου.
1413 1106 1569 1160 Διότι
1589 1105 1759 1175 ὑμεῖς
1782 1107 1855 1159 οὐ

269 1199 431 1266 λαός
448 1188 590 1269 μου,
609 1199 710 1253 καί
887 1199 1000 1252 οὐκ
1020 1197 1140 1268 εἰμί
1174 1197 1363 1266 ὑμῶν.

349 1377 443 1443 ς’.
482 1375 736 1429 Τίκτεται
764 1377 908 1429 κατὰ
956 1375 1123 1440 πόδας
1158 1376 1254 1429 καὶ
1296 1374 1396 1429 οὐκ
1425 1376 1507 1439 είς
1541 1375 1759 1445 μακρὰν
1786 1375 1855 1444 τῇ

275 1465 460 1536 Γόμερ
483 1464 693 1520 παιδίον
708 1466 963 1537 ἒτερον,ὃ
981 1467 1094 1520 δεῖν
1143 1467 1249 1538 ἔφη
1283 1464 1566 1519 καλεῖσθαι
1586 1464 1740 1531 Θεὸς,
1780 1465 1857 1517 Οὐ

272 1556 407 1620 λαός
440 1574 566 1628 μου.
623 1557 737 1612 Kal
766 1559 964 1627 γείτων
994 1558 1160 1622 εὐθὺς
1193 1559 1261 1628 τῇ
1278 1555 1616 1627 τοιᾷδελῦσει
1647 1555 1858 1609 τίθεται

274 1648 447 1702 πάλιν
505 1648 803 1717 πρόφασις.
859 1649 1051 1720 Ὑμεῖς
1082 1650 1215 1721 γὰρ,
1252 1650 1436 1719 φησὶν,
1470 1649 1530 1703 οὐ
1567 1648 1694 1712 λαός
1730 1664 1855 1719 μου,

277 1739 380 1792 καὶ
407 1738 521 1808 ἐγὼ
551 1740 653 1794 οὐκ
700 1741 820 1810 είμὶ
868 1741 1041 1811 ὑμῶν.
1071 1742 1240 1811 Δῆλον
1278 1741 1324 1796 δ’
1348 1740 1415 1795 ἂν
1440 1740 1526 1812 εἴη
1555 1742 1665 1794 κάκ
1704 1738 1859 1794 τοῦδε

274 1829 490 1893 λοιπὸν,
519 1830 596 1892 ὡς
649 1829 730 1894 είς
773 1829 993 1902 ἐλεγχον
1027 1831 1137 1885 τῶν
1185 1831 1603 1902 ἡμαρτηκότων,
1636 1831 1732 1884 καὶ
1777 1831 1859 1894 εἰς

1960 646 2158 701 tatibus
2183 644 2296 700 suis
2314 643 2424 695 ".i

2026 928 2190 984 Vens.
2263 928 2318 991 8,
2371 925 2431 982 9.
2486 922 2557 979 Et
2612 920 2895 977 oblectavit
2970 935 3087 974 eam
3139 934 3257 989 qua:
3316 918 3527 985 Absque

1955 1019 2324 1076 misericordia
2362 1018 2654 1075 dicebatur.
2689 1012 2757 1066 Et
2806 1011 3037 1080 concepit
3092 1010 3281 1073 adhuc,
3323 1019 3371 1063 et
3439 1023 3532 1075 pe-

1954 1114 2089 1180 perit
2107 1111 2296 1182 filium.
2320 1108 2387 1163 Et
2418 1107 2552 1161 dixit
2578 1128 2591 1158 :
2631 1103 2772 1158 Voca
2802 1116 2989 1157 nomen
3006 1098 3143 1169 ejus,
3164 1098 3286 1153 Non
3307 1097 3530 1167 papulas

1957 1218 2122 1258 meus.
2169 1200 2308 1267 Quia
2336 1215 2426 1254 vos
2456 1213 2559 1252 non
2594 1192 2817 1267 populus
2848 1207 3018 1257 meus,
3049 1200 3095 1245 et
3127 1205 3219 1259 ego
3274 1203 3378 1242 non
3417 1203 3531 1240 sum

1958 1304 2142 1349 vester.

2029 1383 2119 1438 Vl.
2182 1382 2433 1438 Nascitur
2488 1378 2689 1434 Gomer
2741 1376 2896 1447 quasi
2942 1372 3202 1444 evestigio
3302 1383 3403 1425 nec
3461 1367 3532 1423 ita

1961 1474 2127 1530 multo
2159 1483 2282 1543 post
2311 1470 2490 1527 infans
2515 1469 2673 1532 alius,
2702 1482 2861 1538 quem
2941 1464 3083 1521 Deus
3132 1462 3314 1518 vocari
3374 1459 3536 1531 jussit

1958 1562 2076 1617 Non
2123 1560 2352 1632 populus
2417 1573 2587 1612 meus.
2655 1555 2755 1610 Rei
2823 1553 3037 1609 occasio
3094 1566 3214 1606 mox
3271 1547 3533 1605 solutione

1960 1652 2325 1722 hujuscemodi
2351 1650 2666 1718 exponitur:
2733 1645 2839 1701 Vos
2890 1644 3058 1711 enim,
3083 1643 3274 1713 inquit,
3306 1656 3412 1696 non
3435 1653 3531 1708 po-

1960 1743 2114 1813 pulus
2149 1755 2321 1805 meus,
2337 1748 2390 1794 et
2420 1753 2520 1808 ego
2548 1751 2655 1791 non
2683 1750 2802 1790 sum
2823 1743 3021 1789 vester.
3079 1731 3342 1788 Constare
3372 1729 3534 1798 igitur

1960 1835 2121 1889 etiam
2159 1832 2288 1887 hinc
2322 1838 2519 1901 potest,
2554 1827 2621 1882 ad
2645 1824 3119 1895 reprehensionem
3164 1827 3533 1890 peccatorum,

277 1919 659 1992 ἐπανόρθωσιν
688 1921 906 1992 ἀσφαλῆ
925 1922 1033 1978 τῶν
1058 1927 1417 1993 καταφρονεῖν
1435 1922 1745 1995 ᾑρημένων,
1766 1921 1862 1976 καὶ

1968 1934 2016 1979 et
2054 1925 2119 1979 ad
2143 1931 2348 1979 certam
2380 1919 2772 1977 correctionem
2798 1924 3256 1985 contemptorum,
3324 1924 3538 1966 errore-

276 2011 363 2074 είς
400 2010 668 2082 πλάνησιν
702 2012 1145 2067 ἀπονενευκότων
1184 2013 1489 2085 ἐπράττετο
1522 2013 1622 2084 μὲν
1658 2013 1860 2083 ίστορι-

279 2100 398 2165 κῶς
429 2101 498 2155 τὰ
543 2102 742 2170 τοιάδε,
784 2103 948 2157 τύποι
988 2104 1045 2157 δὲ
1085 2101 1227 2175 ἦσαν
1270 2104 1381 2158 τῶν
1433 2103 1860 2174 συμϐησομένων

279 2193 427 2247 κατὰ
447 2195 676 2265 καιροὺς
702 2198 818 2259 τοῖς
844 2195 905 2260 ὲξ
932 2195 1172 2267 Ἰσραήλ,
1206 2195 1727 2267 ὲνανθρωπήσαντος
1758 2194 1859 2265 ήδη

276 2282 377 2336 τοῦ
410 2283 771 2352 Μονογενοῦς,
798 2287 896 2345 καὶ
923 2285 1015 2339 τὸν
1036 2284 1215 2356 τίμιον
1250 2285 1387 2357 ὑπὲρ
1421 2286 1577 2357 ήμῶν
1601 2284 1861 2339 ἅνατλάν-

277 2392 375 2439 τος
402 2376 655 2446 σταυρόν.
695 2378 760 2431 El
810 2378 869 2431 δὲ
914 2378 978 2450 δὴ
1010 2379 1116 2449 χρὴ
1152 2377 1261 2449 πρὸ
1304 2377 1414 2431 τῶν
1471 2378 1861 2450 πνευματικῶν

278 2468 677 2539 ἀφηγήσασθαι
699 2469 766 2523 τὰ
798 2469 1066 2540 ἱστορικὰ,
1092 2470 1291 2541 φαμὲν,
1312 2471 1396 2525 ὅτι
1427 2469 1860 2542 μετοικισθέντος

278 2561 378 2614 τοῦ
413 2562 627 2633 Ἰσραὴλ
661 2565 726 2617 ἐκ
757 2563 856 2633 τῆς
888 2562 1223 2634 Σαμαρείας,
1245 2565 1326 2627 είς
1374 2564 1443 2618 τὰ
1467 2564 1590 2636 ὅρια
1632 2566 1859 2636 Περσῶν

285 2652 382 2707 καὶ
436 2653 637 2724 Μήδων
693 2654 800 2707 ὑπό
854 2670 916 2707 τε
973 2653 1066 2707 τοῦ
1108 2654 1544 2727 Θεγλαφαλασὰρ
1596 2657 1862 2727 βασιλέως

298 2744 625 2812 Ἀσσυρίων,
644 2745 740 2798 καὶ
773 2745 872 2814 μέν
891 2762 976 2797 τοι
1000 2745 1391 2819 Σαλμανασὰρ,
1414 2751 1465 2801 οἱ
1494 2748 1865 2819 περιλειφθέν-

287 2851 383 2898 τες
408 2834 511 2901 ἔτι,
557 2834 654 2888 καὶ
687 2835 799 2889 τῶν
824 2836 1318 2891 κεκινδυνευκότων
1348 2837 1411 2890 τὸ
1443 2838 1713 2907 λείψανον,
1758 2840 1862 2893 ἀπ·

287 2925 518 2980 ώλισθον
537 2927 818 2991 παντελῶς
835 2927 928 2981 τοῦ
963 2929 1055 2983 καὶ
1082 2928 1207 2993 λαὸς
1228 2929 1362 2983 Θεοῦ
1374 2929 1753 3001 ὀνομάζεσθαι,
1772 2930 1863 2985 διά

284 3034 367 3072 τοι
396 3018 458 3070 τὸ
501 3018 612 3072 τῶν
657 3018 842 3074 αὐτῶν
885 3020 1104 3091 ἔχεσθαι
1140 3021 1575 3091 σπουδασμάτων
1608 3024 1688 3086 είς
1728 3023 1860 3077 ἁπό-

283 3126 477 3164 στασιν
525 3110 626 3182 τὴν
676 3110 787 3165 ἀπὸ
828 3111 983 3166 Θεοῦ.
1037 3111 1411 3165 Διαλελοίπασι
1461 3115 1570 3184 γὰρ
1606 3114 1858 3184 οὐδαμῶς

280 3204 405 3266 ταῖς
432 3205 854 3277 μυσαρωτόιταις
905 3204 1014 3259 τῶν
1064 3205 1331 3275 δαιμόνων
1371 3205 1645 3276 λατρείαις
1692 3224 1860 3276 προσ-

286 3294 549 3364 κείμενοι.

359 3387 504 3458 Πρὸς
539 3388 776 3442 διάνοιαν
804 3388 862 3442 δὲ
895 3387 992 3460 τήν
1020 3388 1193 3461 ἁληθῆ
1214 3428 1229 3451 .
1266 3389 1361 3442 καὶ
1404 3387 1499 3444 ἐπὶ
1524 3387 1745 3460 Χριστῷ
1782 3388 1867 3442 λόο

288 3495 385 3546 γον
415 3480 667 3550 συνήσεις
698 3480 918 3548 ἑτέρως.
947 3479 1101 3533 Μετὰ
1130 3480 1238 3549 γάρ
1259 3495 1345 3533 τοι
1371 3478 1470 3549 τὴν
1501 3479 1714 3533 ἀνόσιον
1734 3478 1873 3532 ὲκεί-

290 3586 389 3642 νην
421 3570 648 3640 πληθὺν,
684 3571 783 3642 τὴν
814 3571 1036 3634 δικαίως
1081 3572 1183 3624 οὐκ
1230 3570 1546 3641 ἡλεημένην
1585 3575 1871 3641 (κεκυριο-

291 3663 522 3733 κτόνηκε
556 3662 727 3734 γὰρ),
757 3664 806 3716 οἱ
834 3662 950 3733 μετ’
983 3662 1222 3726 ἐκείνους
1245 3661 1534 3742 εὐθὺςθυίοὶ
1563 3662 1869 3732 γεγονότες,

291 3753 326 3823 ἢ
345 3754 437 3807 καὶ
466 3753 619 3817 ὄντες
647 3754 750 3824 ἤδη
769 3756 869 3824 τῆς
891 3770 1164 3823 πεπορνευ
1173 3753 1340 3824 μένης
1360 3753 1715 3824 Συναγωγῆς,
1737 3754 1872 3807 ἀπο-

290 3845 646 3902 πεπτὼκασιν
677 3846 929 3917 ἐναργῶς
962 3844 1058 3899 τοῦ
1098 3840 1240 3900 εἶναί
1277 3861 1339 3898 τε
1391 3846 1484 3899 καὶ
1512 3844 1873 3916 ὀνομάζεσθαι

289 3936 416 4000 λαὸς
444 3936 603 3991 Θεοῦ.
657 3938 732 3991 Οὐ
764 3938 872 4007 γὰρ
903 3937 1046 3992 ἆπαν
1078 3937 1139 3991 τὸ
1171 3937 1282 3992 τῶν
1325 3937 1595 3991 Ἰουδαίων
1637 3936 1873 3990 δεδαπάο

289 4044 421 4095 νηκε
452 4027 658 4097 πλῆθος
689 4030 718 4081 ό
743 4029 1028 4098 Ῥωμαίων
1058 4030 1322 4099 πόλεμος·
1357 4029 1494 4082 ἀλλὰ
1518 4028 1743 4098 πλείστη
1774 4028 1874 4098 μὲν

296 4113 397 4182 ὅση
454 4116 547 4166 καὶ
570 4116 807 4184 ἀριθμοῦ
846 4117 1108 4186 κρείττων
1136 4117 1353 4172 διόλωλε
1374 4118 1586 4188 πληθύς
1608 4135 1621 4149 ’
1649 4121 1698 4173 oi
1727 4118 1784 4172 δὲ
1816 4115 1875 4183 ἐξ

300 4201 480 4254 αὐτῶν
508 4203 969 4273 ἁνασεσωσμένοι,
998 4207 1092 4258 καλ¹
1118 4208 1179 4259 τὸ
1224 4207 1317 4260 τοῦ
1352 4208 1582 4262 θανάτου
1616 4209 1875 4276 φυγόντες

299 4293 463 4357 λίνον,
496 4295 877 4377 διεσπάρησαν
916 4298 993 4361 είς
1034 4299 1215 4351 πάντα
1248 4300 1477 4369 ἄνεμον,
1511 4300 1649 4353 κατὰ
1685 4302 1745 4352 τὸ
1782 4317 1875 4369 γε-

294 4387 633 4457 γραμμένον.
669 4388 764 4441 καὶ
787 4389 849 4440 ὲν
876 4391 996 4451 ταῖς
1025 4388 1137 4442 τῶν
1167 4389 1338 4444 ἐθνῶν
1366 4391 1874 4462 κατεσκεδάσθησαν

294 4478 517 4549 χώραις,
548 4479 730 4533 οὐκέτι
774 4478 922 4544 λαὸς,
957 4480 1034 4543 ὡς
1075 4480 1232 4551 ἔφην,
1259 4482 1687 4553 χρηματίζοντες
1712 4483 1869 4538 Θεοῦ.

292 4569 748 4640 Μεταπεφοίτηκε
785 4570 893 4641 γὰρ
920 4572 1001 4635 είς
1047 4571 1177 4635 τοὺς
1220 4573 1278 4639 ἐξ
1310 4573 1480 4628 ἐθνῶν
1510 4576 1543 4644 ή
1576 4575 1757 4646 χάρις,
1786 4571 1869 4639 οἷς

291 4660 554 4733 ἀνεμίχθη
584 4662 764 4716 καὶτὸ
793 4663 1145 4735 κατάλειμμα
1176 4664 1270 4718 τοῦ
1305 4667 1541 4739 Ἰσραὴλ,
1564 4668 1864 4734 τουτέστιν,

289 4755 338 4806 οἱ
371 4752 457 4807 διὰ
490 4754 720 4818 πίστεως
750 4755 853 4825 τῆς
882 4756 961 4820 είς
991 4756 1229 4826 Χριστὸν
1267 4758 1727 4829 ἀνασεσωσμένοι.
1760 4761 1866 4812 Ile-

172 4884 189 4895 ,
292 4844 617 4898 πιστεύκασι
635 4845 740 4916 γὰρ
756 4847 851 4901 καὶ
879 4848 944 4902 ὲκ
961 4847 1155 4901 τούτου
1177 4849 1277 4901 οὑκ
1298 4848 1469 4917 ὀλίγοι
1493 4849 1581 4901 τὸν
1611 4849 1736 4920 ἀριο
1746 4850 1865 4918 μὸν.

291 4937 413 4990 Ὅτι
444 4935 498 4988 δὲ
529 4935 987 5001 ἁπολακτίσαντος
1026 4938 1121 4991 τοῦ
1159 4939 1394 5010 Ἰσραὴλ,
1429 4940 1529 5010 τῆς
1562 4943 1640 5004 είς
1672 4943 1869 5004 αὐτοὺς

289 5026 615 5094 οἰκειότητος
634 5025 1042 5096 ἀπο-πεφοίτηκε
1069 5026 1162 5078 καὶ
1191 5026 1352 5089 αὐτὸς
1376 5027 1404 5077 ό
1425 5027 1531 5080 τῶν
1551 5027 1686 5080 ὅλων
1707 5026 1859 5092 Θεὸς,

289 5118 319 5169 ὑ
335 5117 583 5186 πέφηνεν,
616 5113 786 5168 εἰπὼν
806 5154 823 5179 ,
855 5116 915 5169 οὐ
957 5116 1139 5185 μόνον,
1174 5117 1255 5169 ὅτι
1290 5117 1383 5169 καὶ
1428 5117 1615 5188 Ὑμεῖς
1641 5119 1701 5171 οὐ
1734 5117 1863 5179 λαός

292 5222 417 5273 μου,
453 5204 894 5277 προσεπαγαγὼν
920 5206 977 5258 δὲ
1008 5205 1220 5270 τούτοις
1250 5206 1589 5274 ἀναγκαίως,
1611 5208 1701 5270 τὸ,
1756 5207 1865 5259 Kal

292 5296 399 5365 ἐγὼ
461 5298 562 5350 οὐκ
606 5296 725 5368 sip).
765 5296 939 5366 ὑμῶν.
988 5296 1124 5350 Ἀλλ’
1156 5298 1313 5368 ήμῶν
1345 5313 1409 5366 γε
1453 5297 1601 5366 πέρι,
1666 5298 1775 5351 τῶν
1809 5299 1867 5350 ὲν

294 5386 507 5458 Χριστῷ
526 5385 982 5456 δεδικαιωμένων,
1001 5387 1094 5439 καὶ
1117 5387 1464 5458 ήγιασμένων
1488 5389 1545 5440 ὲν
1564 5388 1864 5458 Πνεῦματι,

291 5478 382 5531 καὶ
412 5479 508 5547 τὴν
555 5477 693 5547 πρὸς
726 5476 891 5530 αὑτὸν
924 5477 1231 5547 οἰκειότητα
1270 5479 1745 5547 πεπλουτηκότων,
1780 5478 1868 5532 διὰ

291 5564 475 5634 φωνῆς
519 5568 798 5637 προφήτου
833 5566 993 5636 φησί’
1018 5584 1036 5617 ι
1075 5567 1184 5620 Kal
1215 5566 1327 5636 ἐγὼ
1355 5566 1552 5637 ἔσομαι
1580 5568 1762 5630 αὐτοῖς
1791 5570 1867 5631 είς

290 5656 445 5715 Θεὸν,
470 5656 563 5709 καὶ
586 5657 740 5710 αὐτοὶ
765 5656 977 5711 ἔσονταί
1004 5674 1093 5727 μοι
1125 5659 1202 5720 είς
1240 5658 1389 5720 υἱοὺς
1424 5658 1515 5710 καὶ
1541 5657 1864 5728 θυγατέρας,

358 5834 402 5863 ⁸⁷
433 5836 586 5886 (Lor.
634 5852 722 5895 \‘ll,
766 5835 841 5887 I0.

922 5837 966 5867 ⁸⁸
999 5836 1157 5889 Ζανὶι
1199 5851 1256 5897 li,
1294 5837 1340 5883 ti.
1428 5836 1469 5861 “‘
1499 5833 1603 5884 .Im‘.
1639 5847 1782 5889 χχχι,
1820 5834 1862 5883 ι.

1961 2028 2066 2085 que
2097 2015 2453 2069 abductorum
2486 2012 2601 2066 haec
2626 2009 2884 2064 historice
2923 2007 3064 2063 facta
3126 2019 3287 2069 esse;
3342 1999 3534 2068 imagi-

1962 2122 2058 2163 nes
2087 2115 2267 2161 autem
2316 2110 2474 2159 erant
2528 2115 2739 2165 eorum,
2789 2114 2909 2169 quae
2958 2094 3356 2166 Jerosolymitis
3409 2090 3537 2145 olim

1961 2208 2216 2253 eventura
2254 2195 2454 2260 forent,
2485 2192 2777 2263 Unigenito
2816 2192 3106 2245 humanam
3143 2193 3395 2241 naturam
3423 2181 3536 2253 jam

1962 2285 2172 2349 induto,
2207 2283 2317 2355 26
2344 2291 2399 2337 et
2426 2281 2675 2352 pretiosa:
2720 2279 2903 2335 crucis
2948 2286 3176 2332 mortem
3236 2289 3336 2344 pro
3385 2272 3540 2327 nobis

1961 2386 2238 2445 perpesso.
2271 2370 2425 2438 Quod
2469 2370 2513 2425 si
2542 2377 2668 2424 ante
2706 2364 3009 2437 spiritualia
3058 2360 3540 2420 commemoranda

1962 2475 2089 2523 sunt
2113 2463 2393 2530 historica,
2426 2462 2677 2527 dicimus,
2708 2458 2906 2514 lsraele
2923 2473 2991 2513 ex
3009 2455 3255 2512 Samaria
3285 2454 3353 2508 ad
3389 2467 3539 2506 mon-

1964 2567 2044 2613 tes
2065 2556 2350 2612 Persarum
2372 2565 2426 2610 et
2451 2551 2726 2607 Medorum
2755 2564 2785 2603 a
2808 2544 3309 2619 Theglatphalasar,
3330 2552 3384 2598 et
3409 2540 3545 2596 Sal—

1963 2660 2220 2700 ntanasar
2255 2641 2605 2712 Assyriorum
2632 2636 2854 2708 regibus
2881 2631 3169 2697 translato,
3200 2630 3291 2699 qui
3319 2641 3537 2684 reman-

1962 2746 2167 2797 serant,
2204 2732 2632 2801 aﬂlictorumque
2663 2726 2921 2796 reliquias
2948 2740 2978 2778 a
3016 2722 3256 2786 nomine,
3330 2728 3390 2773 ut
3440 2732 3541 2787 po-

1963 2830 2121 2900 pulus
2153 2827 2247 2881 Dei
2295 2832 2639 2886 vocarentur,
2682 2820 2905 2875 omnino
2955 2816 3350 2886 degenerasse,
3400 2807 3543 2878 quod

1965 2923 2031 2977 iis
2050 2920 2245 2974 studiis
2267 2923 2447 2973 essent
2473 2913 2666 2976 dediti,
2692 2925 2790 2981 per
2812 2924 2932 2980 qua:
2956 2924 2987 2963 a
3017 2906 3125 2963 Deo
3157 2892 3540 2959 desciscerent.

1964 3011 2292 3078 Neutiquam
2346 3007 2490 3063 enim
2539 3003 2780 3059 maxime
2851 2998 3171 3056 detestando
3241 2995 3542 3051 daemonum

1966 3100 2131 3158 cultui
2174 3100 2437 3155 inhaerere
2463 3094 2893 3151 intermiserunt.

2043 3389 2121 3443 Ad
2152 3400 2331 3441 veram
2369 3392 2551 3439 autem
2584 3380 2873 3440 rationem,
2904 3385 2958 3431 et
2982 3376 3047 3431 ad
3077 3374 3354 3429 Christum
3402 3370 3545 3439 quod

1973 3482 2185 3544 attinet,
2255 3477 2412 3531 aliter
2467 3472 2758 3542 intelliges.
2814 3469 2941 3524 Post
2977 3465 3295 3523 sceleratam
3350 3462 3548 3532 quippe

1975 3570 2370 3627 multitudinem
2406 3564 2578 3629 illam,
2610 3573 2667 3619 et
2692 3562 2887 3618 merito
2958 3556 3388 3614 misericordiam
3440 3568 3545 3607 non

1973 3669 2341 3724 consecutam,
2372 3657 2497 3727 quia
2528 3656 2815 3710 Dominum
2849 3649 3143 3714 interfecit,
3181 3646 3364 3700 statim
3423 3643 3546 3698 illo-

1975 3771 2093 3811 rum
2123 3752 2216 3807 ﬁlii
2246 3760 2365 3820 post
2394 3763 2508 3812 eos,
2535 3755 2630 3801 aut
2661 3746 2749 3813 qui
2768 3743 2877 3811 jam
2919 3749 3078 3795 erant
3114 3739 3207 3792 ﬁlii
3240 3734 3547 3790 fornicaria:

1975 3845 2291 3915 Synagogae,
2326 3839 2499 3909 palam
2530 3852 2588 3892 se
2616 3838 2685 3890 ita
2710 3840 3014 3906 gesserunt,
3057 3838 3118 3884 ut
3169 3825 3400 3899 populus
3452 3824 3545 3879 Dei

1975 3951 2075 3993 nec
2113 3943 2313 3997 essent,
2342 3946 2440 3987 nec
2472 3928 2901 3985 nominarentur.
2935 3921 3121 3993 Neque
3150 3921 3293 3976 enim
3327 3919 3546 3972 univcr-

1975 4040 2089 4081 sam
2130 4022 2436 4078 Judazorum
2469 4019 2741 4072 nationem
2771 4014 2973 4069 bellum
3006 4029 3037 4067 a
3107 4007 3363 4064 Romanis
3424 4005 3546 4060 illa-

1978 4125 2087 4172 tum
2157 4111 2493 4181 absumpsit;
2557 4108 2649 4163 sed
2719 4108 2952 4159 maxima
3048 4110 3103 4156 et
3168 4096 3547 4152 innumerabili

1974 4205 2319 4261 multitudine
2347 4201 2542 4261 deleta,
2574 4199 2640 4251 de
2669 4197 2800 4264 ipsis
2826 4190 3054 4256 servati,
3096 4198 3150 4244 et
3194 4186 3287 4257 qui
3354 4185 3548 4240 mortis

1978 4297 2109 4352 retia
2149 4294 2467 4363 ell'ugerant,
2524 4290 2591 4343 ad
2634 4302 2820 4340 omnes
2853 4293 3063 4346 ventos,
3089 4280 3246 4351 juxta
3302 4277 3548 4349 Scriptu-

1977 4404 2113 4453 ram,
2175 4383 2427 4454 dispersi,
2489 4391 2544 4433 et
2582 4395 2676 4448 per
2723 4376 2961 4447 gentium
3005 4374 3250 4443 regiones
3303 4369 3546 4438 dissipati

1976 4490 2102 4533 sunt
2125 4478 2193 4541 ⁸⁸,
2230 4491 2333 4531 non
2359 4472 2615 4541 amplius,
2634 4468 2849 4531 ut,dixi,
2880 4464 3105 4537 populus
3142 4462 3234 4516 Dei
3265 4458 3539 4529 appellati.

1977 4569 2250 4625 Transivit
2278 4567 2419 4622 enim
2472 4564 2537 4616 ad
2585 4570 2769 4632 gentes
2818 4556 3012 4628 gratia,
3073 4554 3266 4624 quibus
3295 4547 3538 4619 reliquiae

1977 4662 2138 4716 Israel
2169 4660 2438 4730 permista’
2465 4662 2612 4716 sunt,
2670 4656 2769 4706 hoc
2836 4656 2939 4714 est,
2992 4646 3084 4716 qui
3134 4658 3231 4715 per
3292 4642 3449 4697 ﬁdem
3493 4639 3546 4692 in

1974 4753 2247 4808 Christum
2278 4749 2467 4805 salvati
2493 4754 2636 4807 sunt.
2670 4742 3026 4797 Crediderunt
3077 4736 3221 4792 enim
3273 4733 3436 4787 etiam
3480 4744 3547 4782 ex

1977 4842 2060 4896 his
2096 4855 2200 4893 non
2223 4838 2377 4908 pauci
2412 4849 2659 4889 numero.
2699 4829 2935 4898 liepnlsa
2962 4836 3143 4882 autem
3178 4817 3548 4877 familiaritate

1974 4929 2089 4997 ejus
2120 4929 2188 4983 ab
2221 4924 2756 4991 lsrael,abscessisse
2779 4922 2939 4975 etiam
2966 4919 3034 4975 ab
3068 4932 3134 4986 eo
3171 4912 3545 4968 universorum

1968 5023 2157 5086 Detun,
2176 5022 2308 5074 satis
2319 5018 2576 5081 ostendit,
2594 5031 2714 5069 cum
2734 5014 2891 5079 dixit,
2911 5026 3014 5065 non
3035 5009 3229 5069 solum,
3249 5002 3312 5059 Et
3333 5016 3424 5057 vos
3439 5014 3545 5055 non

1969 5113 2193 5184 populus
2230 5109 2540 5174 meus;£sed
2554 5107 2714 5164 etiam
2732 5121 2852 5161 cutn
2884 5100 3146 5170 adjunxit,
3166 5094 3307 5165 quod
3323 5089 3548 5147 omnino

1970 5202 2316 5274 sequebatur,
2350 5202 2415 5255 Et
2439 5215 2539 5269 ego
2571 5215 2678 5254 non
2704 5212 2823 5253 sum
2857 5204 3054 5249 vester.
3080 5190 3153 5243 De
3183 5184 3337 5241 nobis
3364 5192 3546 5237 autem

1973 5300 2025 5354 in
2062 5299 2278 5354 Christo
2308 5296 2619 5366 justiﬁcatis
2666 5303 2718 5349 et
2764 5294 2818 5347 in
2858 5290 3060 5358 Spiritu
3087 5282 3454 5347 sanctiﬁcatis,
3489 5287 3547 5335 et

1971 5391 2087 5461 ejus
2127 5389 2508 5458 conjunctione
2552 5384 2898 5455 pollentibus,
2928 5393 3025 5448 per
3061 5391 3123 5431 os
3152 5374 3429 5443 prophetae

1971 5457 2083 5534 cit:
2122 5495 2141 5529 ι
2175 5457 2241 5531 Et
2260 5492 2360 5546 ego
2398 5492 2490 5532 ero
2528 5474 2635 5528 illis
2664 5474 2718 5526 in
2749 5470 2940 5532 Deum,
2976 5475 3029 5519 et
3057 5465 3155 5534 ipsi
3189 5471 3351 5520 erunt
3410 5457 3544 5514 mihi

1972 5571 2025 5623 in
2059 5568 2197 5623 ﬁlios
2240 5578 2293 5621 et
2344 5567 2503 5629 ﬁlias,
2549 5564 2678 5617 dicit
2714 5561 2971 5614 Dominus
3024 5556 3368 5625 omnipotens
3415 5548 3481 5602 ”.
3515 5563 3540 5602 ι

1972 5661 2047 5714 Ac
2063 5657 2259 5714 Judaeis
2281 5658 2492 5725 quidem
2513 5654 2686 5707 aiebat
2701 5650 2968 5712 Christus,
2991 5645 3276 5715 aliquando
3295 5639 3542 5710 quidem:
