4098 6276
533 481 594 542 51
1555 474 1612 528 S.
1653 468 1928 528 CYRlLl.|
1972 460 2445 520 ALEXANDRINI
2485 456 2811 514 ARCHIEP.
3723 441 3796 491 52’.

533 620 557 654 ι
576 600 768 656 Adhuc
780 597 1044 654 modicum
1063 604 1272 664 tempus
1289 592 1569 647 vobiscum
1588 606 1706 646 sum
1720 590 1767 622 ”
1787 607 1802 657 ;
1824 607 1841 640 ι
1867 586 2110 656 aliquan-

2217 581 2363 651 λέγει
2388 578 2593 652 Κύριος
2628 573 3045 645 παντοκράτωρ.
3069 587 3086 620 ι
3119 567 3231 621 Καὶ
3259 563 3530 624 Ἰουδαίοις
3568 559 3624 614 δὲ
3657 558 3794 648 ἔφα·-

528 695 600 750 do
630 701 842 747 autem:
875 707 894 741 ι
933 687 1072 743 Ecce
1121 685 1459 755 relinquetur
1488 680 1642 736 vobis
1692 681 1884 735 domus
1926 686 2104 732 vestra

529 783 744 837 deserta
771 781 838 834 εί.
876 798 896 830 ι
927 777 1000 833 De
1026 776 1306 832 conversis
1335 789 1466 829 vero
1488 789 1552 827 ex
1587 770 1873 840 gentibus:
1917 786 1936 822 ι
1963 767 2105 824 Oves

530 890 664 930 meae
693 887 874 929 vocem
906 887 1082 927 meam
1119 869 1368 932 audiunt,
1417 875 1473 921 et
1505 880 1607 934 ego
1667 876 1936 934 cognosco
1987 875 2104 924 eas,

527 976 582 1019 et
648 973 955 1034 sequuntur
1025 977 1138 1026 me,
1193 970 1250 1018 et
1305 975 1406 1032 ego
1465 961 1631 1014 vitam
1703 965 1961 1012 aeternam
2037 950 2108 1009 do

528 1058 609 1115 eis
634 1059 705 1115 ".
741 1076 761 1111 ι

603 1227 711 1307 2³1
742 1235 908 1294 Vsus.
939 1231 1032 1290 10.
1065 1230 1135 1288 Et
1192 1234 1291 1289 erit
1353 1245 1600 1286 numerus
1647 1228 1882 1297 ﬁliorum
1937 1220 2109 1278 Israel

532 1326 666 1382 sicut
702 1342 862 1381 arena
884 1324 1072 1389 maris,
1111 1339 1228 1394 qua:
1251 1339 1352 1376 non
1369 1319 1784 1381 mensurabitur,
1817 1331 1980 1384 neque
2005 1329 2108 1367 nu-

535 1417 843 1473 merabitur.

605 1510 710 1567 Vll.
739 1508 854 1565 Hoc
881 1507 1180 1578 alio‘modo
1213 1505 1368 1562 nobis
1399 1503 1655 1574 explanat
1692 1501 1883 1556 beatus
1917 1495 2108 1552 lsaias.

539 1621 556 1654 ι
580 1602 646 1656 Ει
672 1601 715 1656 si
749 1600 930 1664 fuerit,
960 1599 1158 1669 inquit,
1183 1595 1412 1668 populus
1435 1594 1600 1650 Israel
1625 1603 1685 1648 ut
1711 1605 1876 1647 arena
1911 1588 2100 1652 maris,

536 1692 775 1764 reliquize
793 1705 977 1747 eorum
1003 1689 1373 1745 salvabuntur.
1404 1685 1638 1742 Verbum
1677 1683 1821 1738 enim
1858 1695 2112 1737 consum-

535 1799 708 1850 maus,
735 1793 792 1841 et
821 1782 1143 1839 abbreviaus
1173 1780 1225 1836 in
1246 1779 1478 1850 iustitia,
1503 1778 1628 1849 quia
1651 1775 1876 1831 verbum
1919 1773 2111 1828 abbre-

2209 631 2648 742 νόνλίριστός
2671 683 2685 699 ⁸
2713 631 2853 720 ποτὲ.
2878 631 3006 733 μὲν,
3034 661 3116 714 ὅτι
3146 678 3164 710 ι
3196 658 3320 710 Ἔτι
3357 653 3553 725 μικρὰν
3597 631 3795 742 χρόνὸν

2210 761 2328 832 μεθ’
2361 739 2514 830 ὑμῶν
2557 757 2696 826 εἰμι,
2730 772 2750 806 ι
2790 752 2922 805 ποτὲ
2950 751 3036 813 δὲ,
3081 767 3100 800 ι
3146 744 3277 800 Ἰδοὺ
3321 744 3544 814 ἀφίεται
3588 740 3717 808 ὑμῖν
3763 739 3796 790 ὁ

2205 828 2354 910 οἶκος
2385 828 2560 916 ἀμῶν.
2594 862 2612 892 ι
2647 841 2780 912 Περὶ
2823 839 2930 892 τῶν
2958 835 3018 902 ἐξ
3058 834 3225 889 ἐθνῶν
3251 833 3331 897 δὲ,
3369 849 3388 883 ι
3433 830 3514 883 Τὰ
3545 828 3798 899 πρόϐατα

2205 936 2275 990 τὰ
2309 936 2420 1007 ὲμά
2447 938 2544 1006 τῆς
2583 933 2766 1002 φωνῆς
2799 947 2901 1000 μου
2923 926 3134 988 ἀκούει,
3167 923 3324 993 κάγὼ
3351 921 3604 992 γινώσκω
3629 916 3792 982 αὐτὰ,

2207 1029 2302 1082 καὶ
2327 1024 2680 1084 ἀκολουθοῦσί
2717 1039 2831 1095 μοι,
2860 1019 3016 1090 κάγὼ
3047 1018 3241 1088 δίδωμι
3270 1015 3454 1078 αὐτοῖς
3489 1012 3634 1083 ζωὴν
3660 1009 3795 1064 αἰώ-

2208 1139 2338 1176 νιον.
2368 1140 2385 1173 ι

2277 1212 2388 1267 Καὶ
2419 1207 2499 1282 ἦν
2516 1214 2548 1266 ὀ
2576 1209 2822 1279 ἀριθμὸς
2839 1206 2960 1262 τῶν
2983 1202 3132 1258 υιῶν
3163 1197 3411 1268 Ἰσραὴλ
3433 1199 3514 1265 ὡς
3535 1195 3574 1263 ἢ
3597 1195 3794 1265 ἅμμος

2207 1302 2317 1371 τῆς
2364 1301 2707 1369 θαλάσσης,
2743 1297 2781 1368 ἢ
2815 1299 2924 1352 οὐκ
2952 1289 3483 1363 ἑκμετρηθήονεται,
3518 1285 3662 1341 οὐδὲ
3686 1284 3792 1347 ἐξ·

2208 1394 2693 1464 αριθμηθήσεται.

2280 1489 2353 1542 Ζ¹.
2413 1485 2584 1540 Τοῦτο
2673 1483 2796 1538 καθ’
2843 1481 3030 1552 ἕτερον
3080 1479 3214 1549 ἡμῖν
3265 1474 3541 1545 ἐξηγεῖται
3589 1468 3791 1541 τρόπον

2207 1581 2238 1634 ό
2272 1579 2543 1650 μακάριος
2580 1576 2856 1640 Ἡσαΐας,‹
2877 1573 2988 1628 Καὶ
3018 1573 3115 1626 ἐὰν
3143 1569 3389 1639 γένηται,
3419 1564 3572 1634 φησι,
3604 1564 3634 1615 ό
3660 1559 3792 1624 λαὸς

2222 1670 2438 1742 Ἰσραὴλ
2460 1669 2538 1734 ὡς
2572 1670 2606 1740 ἡ
2644 1667 2828 1738 ἄμμος
2863 1666 2962 1736 τῆς
2991 1663 3290 1732 Θαλάσσης,
3327 1656 3389 1715 τὸ
3437 1655 3791 1723 κατάλειμμα

2212 1761 2538 1834 σωθήσεται.
2569 1761 2742 1828 Λόγον
2783 1758 2891 1830 γὰρ
2922 1754 3212 1816 συντελῶν,
3254 1752 3351 1806 καὶ⁹
3381 1747 3694 1818 συντέμνων
3734 1746 3794 1798 ὲν

534 1877 738 1931 viatum
768 1873 928 1930 faciet
967 1871 1226 1928 Dominus
1246 1838 1309 1926 in
1339 1879 1450 1926 toto
1465 1838 1674 1924 'm-undo
1688 1867 1759 1920 ”.
1797 1885 1815 1920 ι
1854 1864 1962 1921 Sed
1995 1863 2111 1919 sive

2217 1854 2541 1926 δικαιοσύνῃ,
2597 1854 2680 1908 ὅτι
2753 1851 2912 1919 λόγον
2973 1845 3412 1917 συντετμημένον
3476 1840 3695 1910 ποιήσει
3761 1838 3793 1890 ὁ

536 1968 679 2022 hunc
710 1966 764 2022 in
798 1967 1016 2022 modum
1063 1964 1223 2030 forte,
1253 1962 1370 2017 sive
1412 1959 1569 2016 aliter
1616 1957 1838 2026 intelligi
1899 1964 2103 2026 queat:

2217 1947 2360 2012 Θεὸς,
2392 1949 2451 2000 ὲν
2477 1925 2543 2017 τῇ
2569 1943 2868 2015 οἰκουμένῃ
2893 1940 3013 2013 ὅλῃ.
3029 1959 3046 1992 ι
3071 1938 3212 1991 Ἀλλ’
3243 1935 3339 1990 εἴτ’
3372 1929 3465 1989 οὖν
3483 1925 3587 1987 ὧδε
3619 1931 3794 1984 νοοῖτο

535 2073 752 2130 nempe,
779 2058 1025 2128 quamvis
1053 2020 1251 2112 multus
1281 2063 1337 2110 et
1375 2020 1887 2110 innumerabilis'sit
1915 2020 2106 2114 israel,

2217 2039 2390 2111 τυχὸν,
2423 2039 2534 2092 εἴτε
2576 2037 2670 2092 καὶ
2722 2035 2924 2106 ἑτέρως
2947 2049 2960 2064 ο
2994 2031 3162 2094 πολὺς
3234 2029 3331 2082 καὶ
3363 2024 3734 2096 ἀναρίθμητος
3763 2020 3793 2073 ό

534 2159 588 2205 et
620 2114 1156 2209 aisais-littoralibus
1197 2145 1614 2216 comparandus,
1645 2158 1752 2199 non
1779 2151 1959 2197 tamen
2001 2140 2112 2197 Deo

2223 2129 2459 2202 Ἰσραὴλ,
2485 2129 2582 2183 καὶ
2601 2127 2853 2198 ψάμμοις
2871 2126 2993 2189 ταῖς
3031 2121 3273 2182 ὲναλίαις
3302 2117 3605 2188 ἰσομέτρως
3632 2114 3790 2184 ἔχων,

532 2241 817 2297 admodum
845 2255 989 2297 cura
1042 2243 1192 2304 'sunt,
1257 2205 1693 2308 quandoquidem
1743 2230 2008 2299 impi‘etati
2050 2243 2113 2286 se

2217 2224 2271 2278 οὐ
2298 2223 2466 2285 πολὺς
2496 2220 2676 2274 αὐτῶν
2709 2218 2863 2290 παρὰ
2905 2215 3027 2288 Θεῷ
3053 2215 3234 2284 λόγος,
3263 2209 3547 2266 δυσσεϐεῖν
3575 2205 3792 2279 ᾑρημέρ

533 2331 892 2386 dediderunt:
947 2325 1578 2394 contra,uuumjustum
1611 2337 1674 2376 ac
1729 2321 1876 2392 pium
1930 2317 2113 2374 chari-

533 2430 644 2478 tale
675 2419 772 2478 Sua
798 2429 851 2477 et
885 2418 1219 2489 indulgentia
1277 2417 1476 2473 eximie
1522 2415 1794 2484 dignatur.
1868 2409 2114 2481 Respicit

536 2513 699 2587 igitur
720 2512 884 2568 etiam
923 2531 944 2567 ι
979 2525 1142 2580 super
1177 2523 1345 2564 unum
1401 2507 1681 2570 humilem,
1733 2512 1790 2558 et
1847 2503 2112 2574 quietum,

535 2613 593 2660 et
622 2612 944 2660 trementem
974 2613 1258 2656 sermones
1288 2597 1406 2667 ejus
1429 2597 1501 2653 “.
1531 2614 1551 2649 ›
1585 2594 1696 2650 Nec
1741 2593 1886 2649 istud
1931 2590 2110 2658 bonis,

535 2701 591 2748 et
631 2692 869 2758 mitibus,
919 2695 975 2745 et
1004 2687 1320 2744 timentibus
1345 2693 1489 2751 eum,
1531 2693 1586 2741 et
1617 2683 1827 2738 sincere
1849 2681 1950 2752 ipsi
1998 2695 2115 2737 ser-

535 2783 808 2840 vientibus
837 2780 1070 2847 sufﬁcit;
1138 2778 1232 2835 sed
1293 2777 1417 2834 aliis
1478 2777 1640 2832 etiam
1707 2775 1990 2846 prodesse,
2059 2783 2117 2829 et

535 2874 740 2945 peccati
785 2872 840 2928 in
907 2872 1075 2927 Deum
1133 2884 1258 2926 reos
1327 2867 1675 2936 impendente
1729 2877 2113 2932 nonnunquam

538 2964 804 3035 supplicio
830 2962 1067 3018 liberare
1101 2967 1348 3029 possunt.
1398 2957 1476 3012 Ad
1502 2955 1656 3025 cujus
1709 2955 1788 3009 rei
1841 2953 2118 3025 probatio-

537 3071 661 3110 nem
693 3055 879 3122 accipe
924 3053 1066 3122 quotl
1105 3051 1172 3106 de
1210 3049 1510 3106 Sodomitis
1553 3045 1840 3109 scribitur,
1900 3044 2118 3114 quando

535 3146 881 3217 omnipotens
909 3146 1048 3199 Deus
1079 3143 1220 3214 ignis
1240 3145 1458 3212 pinnam
1526 3153 1586 3195 se
1616 3136 1723 3193 illis
1779 3137 2117 3192 condonatu-

537 3253 659 3295 rum
688 3237 1066 3308 pollicebatur,
1107 3236 1152 3291 si
1189 3234 1348 3290 modo
1375 3229 1757 3304 quinquejusti
1783 3230 1923 3284 inter
1991 3227 2117 3283 illos

539 3329 936 3394 invenirentur.
994 3327 1181 3397 Itaque
1218 3323 1321 3380 Lot
1379 3338 1484 3377 una
1517 3337 1640 3378 cum
1672 3333 1843 3376 uxore
1884 3330 1939 3374 et
1971 3318 2113 3373 tilia-

541 3421 642 3478 bus
675 3429 921 3476 servatus
945 3427 1030 3476 est
1058 3419 1128 3474 ".
1193 3417 1263 3472 Et
1289 3415 1417 3487 quid
1456 3415 1578 3470 dico
1643 3412 1885 3484 quinque
1947 3412 2122 3481 iustos

543 3521 600 3570 et
635 3511 846 3569 bonos?
877 3513 1093 3582 quando
1144 3517 1200 3565 et
1232 3505 1588 3578 .lerosolymis
1645 3506 1781 3560 iram
1823 3502 2116 3567 intentans,

551 3620 573 3658 ι
603 3603 924 3670 Discurrite,
962 3600 1161 3672 inquit,
1190 3614 1289 3670 per
1315 3599 1432 3654 vias
1468 3593 1792 3662 Jerusalem,
1822 3601 1877 3649 et
1919 3591 2120 3656 videte,

543 3706 598 3753 et
636 3696 967 3767 cognoscite,
1005 3702 1060 3750 et
1089 3692 1318 3766 quaerite
1349 3692 1402 3747 in
1439 3689 1633 3762 plateis
1676 3686 1818 3758 ejus,
1866 3693 1921 3741 et
1945 3685 1989 3741 si
2039 3683 2125 3738 in-

542 3791 807 3851 veneritis
832 3789 1101 3855 virum,si
1127 3797 1210 3845 est
1264 3786 1472 3853 iaciens
1521 3782 1802 3854 judicium,
1873 3787 1929 3834 et
1974 3791 2124 3848 qua:-

544 3899 674 3940 rens
705 3884 886 3949 ﬁdem,
909 3890 974 3938 et
1001 3881 1265 3952 prOplitius
1289 3895 1384 3936 ero
1411 3879 1513 3944 eis,
1537 3875 1670 3932 dicit
1700 3872 1959 3929 Dominus
1998 3871 2066 3925 ".
2099 3887 2120 3922 ι

547 3975 812 4046 intelligis
845 3988 974 4045 ergo
999 3987 1106 4042 quo
1133 3981 1293 4042 pacto
1327 3971 1411 4026 vel
1437 3985 1604 4023 unum
1631 3968 1836 4040 iustum
1866 3964 2124 4019 tuendum

550 4066 834 4136 suscipiat,
875 4074 928 4122 et
966 4079 1066 4133 pro
1098 4071 1206 4118 tota
1234 4061 1456 4117 civitate
1501 4067 1748 4117 orantem
1796 4069 1901 4110 non
1955 4053 2128 4122 despi-

547 4159 678 4217 ciat.
713 4155 1169 4215 lnnumerabilem
1203 4164 1382 4218 autem
1398 4149 1792 4212 multitudinem
1815 4161 1924 4202 non
1953 4151 2125 4212 curat,

548 4260 610 4306 ut
638 4251 772 4316 dixi,
802 4249 850 4306 si
904 4249 1155 4304 videatur
1213 4245 1461 4318 profana,
1513 4251 1564 4299 et
1591 4243 1660 4306 ad
1729 4237 2126 4312 improbitatem

550 4339 807 4406 declinet,
837 4349 892 4395 et
935 4354 995 4394 se
1047 4341 1349 4400 daemonum
1410 4337 1844 4406 importunorum
1902 4328 2130 4387 fallaciis

551 4428 756 4488 involvi
780 4427 1038 4502 patiatur.
1502 4407 1506 4413 ’

620 4521 692 4577 Et
720 4523 838 4587 erit,
866 4519 1054 4574 inloco
1077 4518 1132 4572 in
1177 4532 1279 4586 quo
1311 4515 1509 4568 dictum
1539 4521 1614 4567 est
1651 4511 1778 4575 illis,
1817 4508 1942 4562 Non
1966 4521 2133 4576 popu-

550 4615 635 4672 lus
663 4630 810 4672 metu.
839 4628 952 4678 vos,
994 4610 1318 4668 vocabuntur
1355 4615 1404 4659 et
1432 4604 1531 4673 ipsi
1574 4602 1674 4689 ﬁlii
1699 4600 1798 4656 Dei
1821 4599 2058 4665 viventis.

625 4789 764 4846 Vili.
797 4785 1142 4844 Vicinissima
1173 4793 1256 4842 est
1282 4784 1378 4838 ira:
1400 4781 1755 4840 severissimae
1800 4791 1982 4834 rerum
2039 4776 2136 4831 tri-

2142 3280 2189 3343 ϐ

2211 2329 2353 2369 νων*
2385 2312 2562 2368 καίτοι
2602 2312 2722 2375 ἑνὸς
2743 2311 2957 2365 δικαίου
2988 2310 3081 2362 καὶ
3115 2305 3396 2368 εὐσεϐοῦς,
3439 2302 3535 2358 καὶ
3573 2301 3796 2370 ἀγάπης

2211 2405 2312 2476 τῆς
2344 2404 2476 2475 παρ’
2520 2401 2710 2468 αὐτοῦ,
2753 2400 2847 2454 καὶ
2900 2397 3119 2468 φειδοῦς
3157 2396 3430 2467 ὲκκρίτως
3462 2393 3792 2467 ἠξιωμένου.

2228 2494 2541 2549 Ἐπιϐλέπει
2570 2492 2721 2562 γοῦν,
2749 2491 2844 2550 καὶ
2883 2508 2900 2543 ι
2940 2492 3026 2558 ἐφ’
3055 2489 3153 2542 ἕνα
3185 2488 3447 2542 ταπεινὸν
3469 2528 3484 2553 ,
3517 2487 3612 2546 καὶ
3658 2483 3795 2556 ήσύτ

2215 2603 2350 2659 χιον,
2391 2587 2486 2640 καὶ
2533 2585 2807 2656 τρέμοντα
2853 2583 2979 2645 τοὺς
3020 2582 3212 2649 λόγους
3250 2579 3434 2633 αὐτοῦ.
3464 2597 3483 2629 ι
3539 2578 3647 2632 Καὶ
3696 2578 3797 2631 οὐκ

2215 2677 2427 2750 ἀπόχρη
2449 2677 2607 2732 τοῦτο
2633 2678 2747 2740 τοῖς
2777 2675 3020 2744 ἀγαθοῖς.
3049 2675 3144 2728 καὶ
3175 2671 3466 2736 ἐπιεικέσι,
3504 2673 3600 2726 καὶ
3627 2671 3799 2726 δεδιόη

2218 2789 2302 2826 σιν
2327 2770 2512 2835 αὑτὸν,
2535 2769 2631 2824 καὶ
2661 2768 2900 2840 γνησίως
2925 2767 3285 2820 δουλεύουσιν.
3325 2763 3488 2819 Ἀλλά
3535 2763 3630 2818 καὶ
3679 2762 3799 2816 ἐτέ-

2221 2881 2346 2937 ρους
2395 2864 2532 2917 εὶσὶν
2579 2860 2813 2933 ὠφελεῖν
2851 2855 2954 2915 οἷοί
3001 2877 3082 2926 τε,
3137 2863 3232 2913 καὶ
3284 2856 3802 2930 προσκεκρουκότας

2218 2955 2578 3011 ἀπαλλάττειν
2607 2955 2706 3024 τῆς
2734 2952 3123 3025 ὲπηρτημένης
3163 2950 3274 3004 ἔσθ’
3307 2952 3396 3004 ὅτε
3443 2951 3655 3018 ποινῆς.
3687 2948 3803 3001 Δάν

2219 3049 2332 3112 σοις
2359 3048 2405 3102 δ’
2448 3047 2516 3102 ἂν
2549 3049 2629 3111 είς
2657 3045 2930 3113 ἀπόδειξιν
2962 3045 3057 3099 τοῦ
3091 3043 3296 3098 τοιοῦδε
3322 3043 3644 3112 πράγματος
3674 3041 3804 3103 τοὺς

2219 3139 2311 3194 ἐπί
2338 3157 2403 3208 γε
2442 3139 2759 3210 Σοδομίταις
2812 3138 3022 3206 λόγους,
3078 3138 3167 3190 ὅτε
3216 3135 3311 3188 καὶ
3357 3134 3578 3204 ἀνήσειν
3614 3133 3802 3196 αὐτοῖς

2219 3230 2592 3302 ἐπηγγέλλετο
2639 3229 2740 3301 τὴν
2787 3229 2874 3283 διὰ
2908 3227 3080 3298 πυρὸς
3109 3226 3266 3296 δίκην
3306 3226 3335 3278 ὁ
3368 3223 3546 3276 πάντα
3602 3221 3807 3293 ἰσχύων

2219 3324 2369 3388 Θεὸς,
2411 3324 2571 3378 πέντε
2606 3323 2782 3394 μόνων
2836 3324 2894 3374 ὲν
2950 3320 3137 3383 αὐτοῖς
3168 3319 3392 3372 δικαίων
3443 3315 3800 3388 ηὑρημένων.

2219 3413 2331 3467 Καὶ
2361 3412 2492 3482 γοῦν
2520 3412 2754 3476 ἐσώζετο
2786 3412 2911 3466 Λὼτ
2931 3452 2945 3475 ,
2986 3411 3121 3482 ὁμοῦ
3152 3409 3376 3480 γυναικὶ
3426 3409 3522 3463 καὶ
3569 3409 3798 3469 τέκνοις.

2220 3503 2332 3557 Καὶ
2360 3503 2412 3558 τί
2437 3505 2598 3558 πέντε
2626 3505 2769 3572 λέγω
2793 3503 3034 3567 δικαίους
3096 3503 3191 3556 καὶ
3217 3499 3455 3571 ἀγαθούς
3478 3517 3492 3565 ;
3528 3500 3662 3552 ὅπου
3709 3497 3805 3551 καὶ

2221 3596 2335 3657 τοῖς
2367 3594 2759 3666 Ἰεροσολύμοις
2791 3594 2960 3665 ὀργὴν
3000 3595 3338 3664 ὲπαρτήσας,
3379 3612 3397 3643 ι
3432 3589 3805 3661 Προδράμετε,

2224 3687 2380 3758 φησὶ,
2405 3687 2461 3739 ὲν
2485 3689 2607 3750 ταῖς
2631 3687 2771 3748 ὁδοῖς
2799 3684 3174 3756 Ἰερουσαλὴμ,
3193 3685 3287 3737 καὶ
3315 3685 3470 3747 ἴδετε,
3492 3683 3586 3735 καὶ
3609 3681 3804 3750 γνῶτε,

2224 3781 2320 3834 καὶ
2346 3779 2618 3849 ξητήσατε
2651 3779 2707 3830 ὲν
2747 3778 2866 3840 ταῖς
2896 3777 3181 3840 πλατείαις
3215 3775 3406 3844 αὐτῆς,
3452 3773 3547 3826 καὶ
3588 3773 3683 3824 ἐὰν
3716 3771 3806 3824 εὓ-

2229 3887 2358 3944 ρητε
2381 3869 2571 3940 ἄνδρα,
2611 3870 2660 3922 εί
2686 3867 2801 3920 ἔστι
2833 3866 3004 3920 ποιῶν
3025 3865 3223 3937 κρίμα,
3259 3865 3353 3917 καὶ
3383 3862 3562 3931 ζητῶν
3600 3860 3805 3920 πίστιν,

2227 3943 2324 4017 καὶ
2354 3961 2511 4024 ἵλεως
2539 3959 2733 4029 ἔσομαι
2767 3958 2976 4022 αὐτοῖς,
3003 3957 3152 4026 λέγει
3183 3955 3406 4026 Κύριος.
3441 3972 3460 4006 ι
3495 3951 3688 4019 Συνίης
3714 3943 3809 4003 οὖν

2226 4054 2376 4116 ὅπως
2407 4051 2501 4106 κα)⁸
2533 4049 2650 4114 ένὸς
2689 4048 2974 4119 ἀντέχεται
3017 4046 3250 4110 δικαίου,
3297 4043 3391 4098 καὶ
3431 4041 3638 4103 πόλεως
3682 4039 3808 4107 ὅλης

2228 4145 2666 4219 ὑπερευχόμενον
2696 4142 2759 4197 οὐ
2793 4142 3029 4214 περιορᾷ
3049 4155 3063 4171 ·
3100 4139 3214 4193 ἀλλ’
3242 4138 3417 4199 οὐδεὶς
3457 4132 3608 4203 αὐτῴ
3655 4132 3810 4199 λόγος

2228 4240 2324 4296 καὶ
2367 4237 2738 4312 ἀναριθμήτου
2769 4234 3028 4307 πληθύος,
3059 4232 3133 4296 ὡς
3175 4230 3330 4301 ἔφην,
3359 4229 3406 4281 εί
3444 4224 3618 4297 ὁρῷτο
3647 4221 3811 4293 βέὸηο

2229 4334 2340 4398 λος,
2373 4334 2468 4387 καὶ
2505 4330 2854 4384 ἀπονεύσασα
2886 4326 3026 4397 πρὸς
3049 4325 3110 4378 τὸ
3145 4323 3381 4392 φαῦλον,
3413 4321 3508 4372 καὶ
3535 4320 3658 4381 ταῖς
3705 4314 3813 4368 τῶν

2231 4421 2524 4492 δαιμονίων
2556 4421 2796 4484 ἀπάταις
2820 4417 3029 4484 ἀγρίως
3059 4411 3449 4481 ὲνειλημμένη.

2303 4510 2414 4564 Καὶ
2464 4509 2658 4572 ἔσται,
2695 4507 2764 4560 ἐν
2784 4505 2866 4569 τῷ
2894 4505 3058 4570 τόπῳ
3098 4499 3170 4558 οὗ
3213 4502 3423 4571 ἐρῤέθη
3467 4502 3691 4569 αὐτοῖς,
3731 4502 3809 4556 Οὐ

2161 4621 2208 4680 ι)
2233 4601 2384 4665 λαός
2408 4615 2526 4668 μου
2555 4596 2748 4667 ὑμεῖς,
2777 4591 3189 4662 κληθήσονται
3217 4591 3315 4646 καὶ
3335 4591 3502 4647 αὐτοὶ
3527 4591 3648 4647 υἱοὶ
3665 4588 3811 4646 Θεοῦ

2267 4706 2474 4744 ωντορ.

2267 4706 2418 4744 carro
2461 4726 2474 4741 .

2238 4689 2278 4752 ζ
2312 4780 2395 4833 H'.
2423 4709 2645 4846 C‘E'yyb;
2671 4776 2736 4847 δὴ
2770 4775 2975 4846 σφόδρα
3007 4775 3125 4836 ταῖς
3153 4773 3604 4844 ἀποτομωτάταις
3627 4774 3813 4845 ὀργαῖς

555 4883 721 4940 stium
757 4877 1032 4949 depulsio,
1068 4884 1123 4933 et
1177 4874 1544 4936 calamitatum
1599 4872 1722 4926 linis
1791 4867 2116 4924 continente!

2238 4869 2349 4925 τῶν
2376 4868 2615 4942 ἀνιαρῶν
2661 4871 2695 4940 ἠ
2744 4867 2920 4932 λύσις,
2963 4864 3058 4918 καὶ
3093 4863 3200 4918 τῶν
3233 4864 3572 4934 σκυθρωπῶν
3609 4864 3670 4918 τὸ
3716 4864 3814 4916 πέ-
3913 4891 3918 4894 -

554 4972 875 5044 spondetur.
927 4966 1232 5037 Aliquando
1291 4965 1434 5019 enim
1488 4963 1758 5033 abiectum
1789 4973 1853 5015 ac
1883 4959 2137 5029 repudia-

558 5079 674 5124 tum
722 5065 787 5122 iri
809 5061 979 5122 'lsrael
1008 5062 1209 5117 diserte
1243 5056 1646 5130 prwnuutiavit,
1683 5063 1741 5110 ut
1767 5053 1928 5112 modo
1957 5060 2116 5109 ostent

2237 5053 2391 5107 ἔσται
2427 5050 2569 5106 κατὰ
2598 5051 2823 5122 καιροὺς
2853 5049 3158 5118 ἀπόϐλητος
3189 5047 3218 5100 ό
3256 5047 3488 5118 Ἰσραὴλ,
3540 5064 3814 5116 προκατα⁴

559 5159 778 5225 (limus;
819 5164 875 5211 at
901 5169 1007 5216 non
1039 5161 1212 5210 totum
1243 5149 1474 5205 deletum
1504 5147 1592 5213 iri,
1636 5161 1701 5212 ac
1737 5144 1974 5200 funditus
2017 5158 2112 5214 per

2245 5147 2559 5217 μεμήνυκεν
2589 5143 2832 5216 ἐναργῶς
2852 5184 2866 5208 ,
2909 5142 2998 5195 διὰ
3027 5141 3134 5196 τῶν
3181 5142 3384 5213 ἀρτίως
3417 5141 3547 5209 ἡμῖν
3591 5139 3815 5210 εἰρημέ-

561 5249 922 5316 iturum;sed
963 5255 1251 5307 venturum
1313 5251 1544 5310 tempus,
1601 5255 1711 5309 quo
1775 5238 1842 5292 ad
1898 5244 2116 5292 vetereu

2245 5249 2372 5294 νων⁶
2399 5236 2481 5288 ὃτι
2512 5234 2569 5288 δὲ
2619 5234 2720 5288 οὐκ
2769 5232 3002 5286 εἰσάπαν
3051 5233 3329 5302 οἰχήσεται
3357 5272 3372 5296 ,
3406 5231 3500 5284 καὶ
3537 5231 3815 5284 ἀπολεῖται

562 5349 768 5398 statum
797 5339 1077 5411 dignitatis
1133 5340 1499 5396 revertantur,
1551 5329 1756 5400 Deique
1805 5328 2114 5383 charitateu

2235 5324 2537 5390 παντελῶς,
2569 5325 2683 5379 ἀλλ’
2723 5323 2872 5377 ἔσται
2898 5341 2982 5387 τις
3017 5323 3202 5385 αὐτοῖς
3234 5322 3335 5391 τῆς
3376 5323 3456 5384 εἰς
3489 5322 3551 5374 τὸ
3594 5323 3805 5391 ἀρχαῖοι

562 5391 995 5504 τεςίρὶειιι,σι)ει-
1033 5429 1190 5485 (idem
1220 5427 1318 5494 .in
1375 5391 1972 5484 Christum-videlicet,
2030 5417 2116 5488 ξε

2236 5419 2549 5489 ἀναδρομῆς
2570 5420 2598 5472 ό
2620 5417 2830 5488 καιρὸς,
2865 5418 2959 5471 καὶ
2983 5417 3082 5482 τῆς
3107 5417 3188 5476 είς
3203 5416 3336 5468 Θεὸν
3369 5414 3591 5485 ἀγάπης
3621 5391 3827 5482 ἀνάλτε.

563 5537 781 5588 rursum
814 5529 962 5575 certo
1003 5522 1304 5590 pollicetur.
1341 5516 1618 5571 Debebant
1649 5514 1818 5576 cnim,
1877 5512 2114 5566 ilclieban

2236 5509 2349 5579 ψις,
2380 5511 2469 5564 διὰ
2515 5510 2748 5571 πίστεως
2773 5509 2974 5578 δηλαδὴ
3004 5508 3104 5578 τῆς
3142 5509 3221 5569 εἰς
3250 5507 3504 5575 Χριστὸν,
3539 5505 3818 5574 πεπληρο-

561 5613 914 5688 propheticos
950 5627 1230 5676 sermones,
1278 5607 1518 5672 audituri
1593 5617 1764 5668 totum
1819 5604 2116 5675 mystcrinn

2241 5601 2447 5674 φόρηκε
2505 5602 2686 5656 πάλιν.
2737 5601 2883 5654 Ἔδει
2928 5600 3070 5671 γὰρ,
3131 5597 3238 5650 ἔδει
3289 5598 3413 5659 τοὺς
3467 5593 3819 5667 προφητικῶν

2243 4980 2362 5033 ρας,
2401 4963 2525 5015 ὅσον
2555 4961 2682 5030 ἥκει
2715 4960 2795 5023 εἰς
2824 4959 3037 5026 λόγους,
3070 4957 3132 5010 οὐ
3165 4957 3400 5028 μακράν.
3435 4957 3553 5010 Ὅτι
3579 4956 3680 5026 μὲν
3709 4955 3815 5028 γὰρ

633 5815 686 5849 ⁸⁸
723 5813 880 5872 Joan.
922 5823 1016 5878 vlt,
1044 5812 1135 5868 55.
1215 5812 1258 5842 ⁹¹
1294 5810 1484 5866 Matth.
1520 5822 1676 5874 χχιιι,
1708 5807 1796 5876 58.
1871 5808 1916 5842 ’³
1937 5805 2090 5861 Joan.

2217 5804 2289 5873 Π,
2321 5804 2410 5858 28.
2490 5803 2651 5858 "lsn.
2687 5818 2745 5874 χ,
2777 5800 2868 5865 22,
2909 5798 2997 5851 Ξῦ.
3074 5795 3242 5850 "lsa.
3288 5810 3428 5862 ιλιι-ι,
3472 5793 3526 5846 2.
3607 5794 3650 5824 ⁹⁵
3680 5791 3818 5858 Gen.

565 5895 682 5952 xu.
717 5870 834 5951 15.7
867 5870 1146 5949 “·οιέτοω.
1176 5896 1230 5956 v,_
1269 5881 1321 5947 1.
1661 5870 1669 5874 ⁷
1758 5871 1761 5876 ’
