4098 6276
262 452 339 512 ss
789 454 797 461 ·
1196 434 1748 499 COMMENTARIUS
1781 432 1854 493 IN
1893 431 2126 491 ossam
2160 386 2610 491 Ριιορηιετὲιι.
3466 429 3543 515 5;,
3587 503 3590 505 Α

270 565 573 638 μᾶλλοντας
609 558 935 616 ἀκούσεσθαι
964 556 1157 627 λόγων,
1186 557 1305 611 ὅλον
1344 557 1540 611 εἰδέναι
1582 553 1765 623 σαφῶς
1788 552 1851 605 τὸ

1958 551 2123 621 probe
2167 551 2554 620 perspicueque
2583 562 2949 619 cognoscere,
2972 555 3026 605 et
3063 549 3260 604 divina:
3320 564 3542 609 «θεομυ-

272 658 596 729 μυστήριον,
634 653 729 707 καὶ
754 652 880 715 τοὺς
905 651 1004 722 τῆς
1037 649 1188 712 θείας
1212 647 1523 719 οἰκονομίας
1556 646 1631 717 μὴ
1656 643 1856 715 ἀγνοῆο

272 768 370 804 σαι
400 748 655 820 τρόπους.
709 745 906 798 Ἔσται
962 741 1163 805 τοίνυν,
1199 741 1384 812 φησιν,
1419 741 1477 795 ὲν
1504 738 1584 811 τῷ
1620 739 1769 808 τόπῳ
1794 730 1855 792 οὗ

269 840 477 914 ὲρῤἐθη
501 840 706 901 αὐτοῖς,
734 836 810 890 Οὐ
840 834 970 901 λαός
1010 851 1112 904 μου
1148 834 1323 905 ὑμεῖς,
1347 832 1442 887 καὶ
1470 831 1624 885 αὐτοὶ
1652 828 1859 899 κληθή-

270 949 462 987 σονται
491 931 602 985 υἱοὶ
637 928 775 984 Θεοῦ
803 927 1025 994 ζῶντος.
1061 926 1155 992 Τὸ,
1182 943 1202 977 ι
1229 925 1289 979 ὲν
1345 923 1427 996 τῷ
1466 923 1638 994 τόπῳ,
1666 940 1684 972 ι
1716 919 1769 974 τί
1789 918 1856 973 ἂν

270 1025 525 1095 βούλοιτο
569 1021 794 1095 δηλοῦν,
827 1021 964 1095 φερε
991 1017 1242 1088 λέγωμεν
1282 1015 1549 1087 ἀκριϐῶς.
1592 1012 1857 1083 Γεγόνασι

272 1116 381 1187 μὲν
414 1115 528 1187 γὰρ
566 1116 620 1168 oi
669 1112 731 1178 ἐξ
775 1110 992 1184 Ἰσραὴλ
1037 1110 1374 1203 αἰχμάλωτοι
1416 1106 1556 1203 κατὰ
1608 1104 1855 1203 καιροὺς,

267 1204 372 1259 καὶ
423 1204 506 1266 είς
567 1201 666 1274 τὴν
714 1200 828 1255 τῶν
875 1200 1177 1272 ’Δσσυρίων
1224 1195 1674 1266 ἀπεκομίσθησαν
1728 1195 1854 1263 γῆν.

286 1292 434 1347 Ἀλλ’
460 1289 602 1363 ἦσαν
628 1294 747 1346 ἐκεῖ
782 1291 1057 1355 κλαίοντες
1116 1291 1210 1344 καὶ
1248 1286 1577 1360 οἰμώζοντες
1606 1286 1733 1357 περὶ
1765 1284 1857 1339 τὸν

271 1382 465 1455 νόμον,
489 1385 584 1438 καὶ
616 1382 778 1438 τοῦτο
802 1384 935 1454 ἡμῖν
961 1384 1190 1455 ἐναργὲς
1210 1381 1384 1436 εποίει
1419 1381 1595 1449 λέγων
1616 1382 1645 1433 ό
1674 1380 1859 1449 μακά-

271 1491 391 1546 ριος
413 1475 595 1529 Δαϐίδο
625 1494 643 1526 ι
686 1475 810 1529 Ἐπὶ
831 1475 922 1528 τὸν
951 1474 1196 1546 ποταμὸν
1234 1472 1551 1535 Βαϐυλῶνος
1583 1472 1702 1526 ἐκεῖ
1729 1474 1858 1525 ὲκα-

268 1565 528 1634 θίσαμεν,
550 1566 647 1620 καὶ
679 1564 1021 1636 ἑκλαύσαμεν
1050 1567 1109 1618 ὲν
1139 1563 1219 1636 τῷ
1251 1563 1553 1635 μνησθῆναι
1575 1563 1724 1633 ἡμᾶς
1755 1561 1857 1634 τὴν

269 1655 437 1710 Σιών.
472 1676 492 1708 ι
524 1656 671 1727 ’Ἐφη
702 1655 759 1708 δὲ
793 1656 955 1709 πάλιν
984 1674 1025 1706 ·ι
1055 1653 1180 1719 Πῶς
1203 1652 1542 1726 ᾅσωμεντὴν
1570 1653 1714 1724 ᾠδὴν
1743 1654 1857 1706 Κυ-

271 1750 395 1821 ρίου
428 1747 523 1803 ἐπὶ
548 1750 652 1818 γῆς
685 1746 1004 1818 ἀλλοτρίας;
1035 1765 1054 1799 ι
1096 1746 1234 1800 Ἀλλ’
1280 1747 1747 1816 ὑπονοστήσαντες
1776 1745 1856 1809 είς

277 1841 664 1913 Ἰεροσόλυμα,
685 1838 821 1894 Θεοῦ
846 1839 1330 1911 κατοικτείροντος,
1353 1839 1505 1893 οὐδὲν
1522 1833 1686 1911 ἦττον
1712 1832 1857 1908 ἦσάν

1957 640 2079 698 mite
2146 640 2333 695 modos
2408 657 2512 697 non
2574 643 2841 713 ignorare.
2908 640 3024 696 Erit
3098 637 3299 714 igitur,~
3342 644 3538 714 inquit,

1956 734 2010 787 in
2051 731 2190 797 loco,
2232 730 2320 786 ubi
2356 732 2557 787 dictqu
2604 742 2688 789 est
2733 734 2867 799 illis,
2921 732 3035 788 Non
3084 736 3317 806 populus
3383 751 3538 792 meus

1955 836 2073 885 vos.
2106 832 2161 878 et
2207 821 2307 891 ipsi
2347 823 2686 879 vocabuntur
2734 823 2830 878 ﬁlii
2894 823 2990 878 Dei
3044 826 3295 882 virentis.
3373 825 3532 894 Illud,

1961 931 1982 965 ι
2028 913 2083 968 in
2117 912 2257 979 loco,
2304 931 2323 965 ι
2359 913 2485 983 quid
2514 914 2617 968 sibi
2660 913 2809 980 velit,
2829 927 2928 983 age
2968 917 3335 975 enucleemus.
3403 920 3527 974 Fue

1957 1015 2083 1059 runt
2114 1004 2257 1059 enim
2289 1003 2543 1060 israelitae
2588 1005 2881 1075 aliquando
2917 1006 3119 1076 captivi
3177 1006 3329 1076 facti,
3382 1023 3438 1068 et
3482 1013 3536 1068 in

1955 1094 2232 1166 Assyriam
2294 1095 2563 1161 translati,
2600 1096 2691 1151 ubi
2740 1095 2943 1153 ﬂebant
2990 1106 3044 1155 et
3095 1099 3539 1159 lamentabantur

1958 1184 2012 1239 iu
2046 1185 2236 1256 pratis,
2269 1185 2322 1241 id
2347 1187 2490 1257 quod
2521 1187 2676 1243 nobis
2724 1188 3012 1246 manifeste
3071 1191 3277 1246 indicat
3347 1190 3538 1255 beatus

1960 1276 2181 1332 David:
2250 1294 2270 1330 ι
2309 1277 2483 1348 Super
2524 1277 2724 1337 ﬂumen
2774 1279 3065 1353 Babylonis
3136 1282 3246 1339 illic
3302 1285 3539 1343 sedimus

1957 1378 2011 1423 et
2040 1367 2310 1437 llevimus,
2368 1371 2495 1425 dum
2539 1371 2956 1428 recordaremur
2990 1374 3091 1440 tui,
3133 1371 3266 1430 Sion
3299 1375 3370 1430 ’⁷.
3418 1394 3436 1428 ι
3471 1376 3540 1432 Ει

1959 1459 2152 1513 iterum
2183 1477 2195 1491 -
2234 1479 2253 1512 ‹
2283 1460 2564 1527 Quomodo
2612 1462 2952 1521 cantabimus
2988 1468 3257 1525 canticum
3326 1467 3537 1524 Domini

1959 1547 2012 1600 iu
2045 1558 2186 1605 terra
2224 1549 2401 1603 aliena
2432 1548 2518 1603 ’°?
2550 1568 2568 1604 ι
2610 1550 2807 1607 Verum
2840 1553 2948 1611 Deo
2975 1557 3269 1612 miserante
3315 1557 3537 1614 ieroso-

1958 1637 2155 1710 lytuam
2191 1639 2418 1709 reversi,
2450 1655 2602 1712 aeque
2642 1652 2701 1698 ut
2730 1643 2857 1700 olim
2886 1655 3045 1702 erant
3104 1657 3159 1704 et
3210 1652 3539 1705 vocabantur

1959 1729 2184 1798 populus
2229 1729 2345 1797 Dei,
2374 1731 2426 1786 in
2456 1731 2713 1789 continua
2736 1734 2999 1794 felicitate
3036 1738 3311 1807 vivebant,
3371 1741 3539 1799 libere

1958 1819 2127 1875 Deum
2172 1820 2431 1889 colentes,
2477 1822 2824 1896 legitimaque
2877 1828 3141 1884 sacrificia
3191 1841 3535 1909 peragentes.

263 1949 329 1985 τε
358 1909 483 1987 -καὶ
521 1909 862 2004 ὠνομάζοντο
903 1931 1029 1995 λαὸς
1052 1909 1211 1999 Θεοῦ,
1240 1932 1336 1985 καὶ
1375 1909 1641 1986 διετέλουν
1690 1931 1750 1985 ὲν
1773 1930 1857 1984 εὑ-

1966 1911 2084 1969 Νοιι
2135 1915 2278 1969 enim
2310 1913 2437 1969 alibi
2472 1916 2702 1984 uspiam,
2763 1929 3122 1992 praeterquam
3190 1920 3538 1996 Jerosolymis

267 2039 382 2091 ημε
392 2021 537 2092 ρίαις
559 2020 913 2091 λατρεύοντες
945 2020 1270 2092 ἐλευθέρως,
1291 2022 1505 2084 καὶτὰς
1530 2020 1672 2076 κατὰ
1698 2019 1861 2090 νόμον

265 2111 556 2176 τελοῦντες
587 2112 800 2175 θυσίας.
850 2112 926 2164 Οὐ
958 2111 1068 2183 γὰρ
1100 2110 1233 2182 ἐξῆν
1271 2113 1406 2177 ὅλως
1453 2113 1674 2183 ἐτέροσε
1723 2112 1860 2165 ἁπο·

267 2202 519 2275 πληροῦν
550 2204 620 2258 τὰ
651 2202 1006 2275 διωρισμένα,
1038 2203 1154 2258 ἁλλ’
1184 2205 1246 2261 ὲν
1279 2206 1461 2276 μόνοις
1487 2209 1601 2269 τοῖς
1637 2205 1861 2276 Ἰεροσο-

267 2294 491 2366 λύμοις.
514 2296 609 2351 καὶ
630 2296 690 2350 ὲν
714 2294 796 2367 τῷ
830 2294 965 2367 ναῷ,
996 2295 1184 2366 σαφῶς
1205 2296 1301 2352 τοῦ
1325 2296 1412 2351 διὰ
1443 2297 1688 2360 Μωσέως
1713 2312 1859 2367 παρ-

267 2388 584 2456 εγγυῶντος
621 2391 813 2460 νόμου⁸
850 2408 869 2443 ι
902 2389 1145 2462 Πρόσεχε
1194 2389 1426 2460 σεαυτῷ,
1460 2389 1535 2461 μὴ
1564 2389 1860 2462 ἀνενέγκῃς

267 2479 341 2533 τὰ
385 2480 820 2553 ὁλοκαυτώματα
841 2500 961 2548 σου,
992 2482 1108 2538 ἀλλ’
1135 2482 1179 2553 ἢ,
1221 2483 1300 2545 εις
1341 2480 1434 2534 τὸν
1466 2481 1654 2544 τόπον,
1692 2479 1751 2533 ὃν
1792 2478 1859 2533 ἂν

270 2568 563 2639 ἐκλέξηται
606 2572 811 2642 Κύριος
857 2576 887 2629 ὁ
914 2574 1048 2638 Θεός
1091 2589 1210 2636 σου,
1257 2573 1377 2626 ἐκεῖ
1406 2570 1766 2640 ἐπικληθῆναι
1796 2570 1860 2625 τὸ

270 2659 455 2729 ὄνομα
468 2661 656 2726 αὐτοῦ,
673 2664 790 2717 ἐκεῖ
817 2663 987 2728 οἴσεις
1005 2663 1075 2718 τὰ
1094 2660 1519 2732 ὁλοκαυτώματα
1541 2677 1655 2715 σου.
1668 2679 1688 2713 ι
1721 2661 1860 2715 Οὐκ-

278 2750 380 2803 οῦν
431 2751 866 2823 ὑποστρέφοντες
897 2756 1039 2810 κατὰ
1073 2754 1300 2824 καιροὺς
1325 2755 1384 2808 ὲν
1409 2757 1524 2818 τοῖς
1563 2752 1859 2824 Ἱεροσολύ-

279 2854 427 2907 μοις,
460 2838 556 2892 καὶ
588 2840 689 2911 τὴν
717 2840 829 2895 τῶν
855 2841 1169 2910 ἀλλοφύλων
1203 2841 1704 2912 καταλιμπάνοντες
1731 2841 1853 2912 γῆν,

275 2924 442 2977 πάλιν
460 2925 739 2998 ἐπλήρουν
781 2927 851 2982 τὰ
887 2929 1247 3000 νενομισμένα
1287 2928 1375 2982 διὰ
1407 2931 1671 2995 Μωσέως,
1700 2933 1856 3002 ἐχρη-

273 3014 507 3084 μάτιζόν
531 3034 591 3070 τε
621 3017 748 3082 λαὸς
769 3018 927 3074 Θεοῦ.
958 3019 1117 3074 Μετὰ
1142 3020 1201 3073 δέ
1239 3037 1303 3089 γε
1341 3021 1433 3074 τὸν
1460 3020 1553 3074 τοῦ
1601 3021 1854 3092 Σωτῆρος

272 3104 528 3176 σταυρὸν,
555 3107 651 3160 καὶ
675 3108 774 3179 τὴν
801 3110 1103 3181 γενομένην
1126 3111 1310 3175 αὐτοῖς
1332 3110 1644 3182 πολιορκίαν
1671 3128 1733 3164 τε
1759 3113 1852 3165 καὶ

1963 2007 2092 2061 etin
2126 2007 2325 2078 templo
2385 2009 2676 2064 constituta
2711 2020 2972 2080 prazstare
3013 2013 3234 2083 licebat,
3281 2017 3399 2088 lege
3443 2033 3539 2088 per

1961 2095 2178 2170 Moysen
2222 2097 2398 2169 planis
2462 2100 2640 2157 verbis
2688 2101 2982 2159 hortante:
3027 2123 3047 2157 ι
3108 2106 3339 2163 Attende
3414 2109 3535 2175 tibi,

1962 2204 2031 2244 ne
2067 2187 2266 2246 offeras
2327 2184 2764 2247 boloeautomata
2796 2202 2908 2263 tua,
2968 2196 3072 2252 nisi
3105 2196 3162 2252 in
3204 2198 3323 2253 loco
3374 2216 3534 2271 quem

1959 2280 2183 2351 elegerit
2216 2281 2475 2339 Dominus
2509 2281 2649 2339 Deus
2683 2291 2824 2351 tuus,
2885 2292 2944 2340 ut
2992 2287 3064 2342 ibi
3108 2288 3387 2344 invocetur
3440 2306 3537 2346 no-

1961 2388 2082 2430 men
2108 2373 2244 2442 ejus.
2292 2374 2367 2429 Eo
2394 2375 2647 2431 conferes
2676 2377 2993 2435 holocausta
3063 2389 3151 2435 tua
3206 2380 3273 2435 ”.
3309 2400 3327 2432 ι
3383 2380 3537 2436 Unde

1958 2472 2199 2534 tempore
2237 2481 2356 2532 suo,
2395 2468 2820 2539 alienigenarum
2857 2472 3079 2540 regione
3130 2472 3341 2538 relicta,
3372 2471 3535 2529 Jero-

1958 2557 2220 2627 solymam
2252 2560 2476 2629 reversi,
2509 2576 2697 2618 rursus
2735 2576 2834 2632 per
2869 2561 3086 2634 Moysen
3114 2568 3322 2622 sancita
3378 2565 3535 2623 facti-

1959 2649 2164 2714 tabent,
2191 2659 2246 2706 et
2273 2651 2503 2721 populus
2547 2651 2642 2707 Dei
2697 2654 3053 2710 vocabantur.
3116 2655 3244 2712 Post
3313 2672 3532 2714 crucem

1956 2749 2135 2794 autem
2165 2740 2466 2799 Salvatoris
2498 2745 2692 2811 nostri,
2721 2744 3167 2818 obsidionemque
3196 2757 3251 2804 et
3295 2748 3536 2806 eversio-

1958 2844 2102 2897 nem,
2132 2846 2228 2900 per
2250 2833 2489 2900 gentium
2521 2835 2682 2890 urbes
2728 2845 2893 2903 atque
2915 2837 3224 2907 provincias
3263 2838 3389 2893 totis
3408 2854 3534 2894 cum

1958 2921 2176 2978 familiis
2202 2923 2430 2994 dispersi
2482 2936 2629 2982 sunt.
2661 2926 2941 2994 Quomodo
3005 2925 3171 3000 igitur
3219 2939 3380 2985 erunt
3431 2930 3535 2987 ali-

1954 3015 2167 3082 quando
2190 3015 2418 3085 populus
2462 3018 2595 3074 Dei?
2646 3015 2785 3073 Num
2812 3016 3205 3090 Jenosolymam
3237 3019 3416 3079 denuo
3448 3039 3538 3083 re-

1956 3106 2117 3171 versi,
2149 3109 2285 3162 etin
2323 3111 2522 3180 templo
2577 3119 2936 3190 congregati?
2992 3136 3062 3176 an
3124 3129 3405 3179 versantes
3478 3116 3535 3173 in

272 3196 563 3264 πόρθησιν,
590 3201 648 3252 ὲν
678 3202 803 3263 ταῖς
833 3200 941 3254 τῶν
968 3200 1141 3255 ἐθνῶν
1170 3200 1357 3255 πόλεσι
1390 3218 1449 3255 τε
1510 3203 1607 3256 καὶ
1643 3200 1851 3272 χώραις

1960 3196 2065 3297 illis
2115 3197 2275 3265 locis,
2309 3201 2509 3299 inqua:
2547 3204 2743 3277 singuli
2803 3210 3033 3281 dispersi
3081 3212 3335 3271 fuerint?
3396 3216 3536 3282 Quid

273 3285 497 3338 πανοικὶ
529 3286 929 3360 διεσπάρησαν.
973 3291 1100 3354 Πῶς
1127 3286 1219 3344 οῦν
1247 3291 1460 3345 ἔσονται
1491 3292 1632 3346 κατὰ
1667 3294 1855 3364 καιρὸν

275 3375 355 3434 εἰς
381 3373 510 3427 λαὸν
537 3375 671 3429 Θεοῦ
696 3393 712 3443 ;
740 3373 891 3449 *Αρα
932 3379 996 3449 δὴ
1033 3380 1198 3434 πάλιν
1237 3383 1294 3434 ὲν
1323 3384 1435 3444 τοῖς
1465 3382 1859 3453 Ἱεροσολύμοις

278 3464 772 3535 ύπονοστήσαντες,
845 3472 941 3523 καὶ
1004 3472 1063 3525 ὲν
1122 3471 1203 3543 τῷ
1260 3471 1373 3543 ναῷ
1418 3474 1859 3545 συνηγερμένοι;

277 3556 447 3623 ἤγουν
477 3558 537 3609 ὲν
564 3558 793 3623 ἐκείνοις
815 3560 969 3624 ὄντες
990 3563 1104 3626 τοῖς
1130 3561 1336 3628 τόποις,
1370 3562 1611 3635 ἔνθαπερ
1649 3561 1759 3619 εἷεν
1793 3567 1861 3621 ἂν

278 3641 496 3698 ἔκαστοι
541 3650 1078 3721 κατεσκευασμένοι;
1135 3651 1200 3705 Τί
1257 3670 1424 3724 φησιν
1463 3655 1493 3707 ὁ
1538 3657 1858 3728 προφήτης;

292 3733 379 3787 Ἐν
412 3735 488 3806 τῷ
518 3732 771 3811 τόπῳ,οῦ
803 3741 1006 3813 ιρρέθη
1042 3743 1227 3808 αὐτοῖς
1248 3783 1265 3810 ,
1295 3746 1369 3799 ού
1394 3745 1522 3811 λαός
1552 3764 1656 3818 μου
1678 3747 1857 3817 ὑμεῖς,

278 3825 370 3879 καὶ
415 3828 569 3882 αὐτοὶ
602 3830 969 3904 κληθήσονται
1019 3834 1127 3887 υἱοὶ
1165 3835 1301 3890 Θεοῦ
1353 3836 1576 3901 ζῶντος.
1626 3837 1857 3893 ’Δπώλι-

276 3915 402 3971 σθον
457 3920 557 3989 μὲν
615 3921 723 3994 γὰρ
759 3922 855 3977 τοῦ
904 3920 1045 3979 εἶναι
1102 3925 1229 3991 λαὸς
1267 3928 1423 3993 Θεοῦ,
1476 3931 1573 3984 καὶ
1626 3931 1686 3985 ὲν
1740 3933 1860 3992 ταῖς

276 4002 383 4056 τῶν
426 4005 593 4060 ἐθνῶν
641 4009 1012 4083 διεσπάρησαν
1072 4013 1315 4085 χώραις,
1358 4016 1388 4068 ὃ
1427 4018 1523 4071 καὶ
1563 4018 1645 4082 εἰς
1703 4018 1862 4093 δεῦρο

283 4093 584 4163 σωζόμενον
638 4100 845 4153 κατίδοι
885 4119 971 4165 τις
1019 4103 1109 4158 ἄν.
1170 4105 1309 4158 Ἀλλ’
1347 4107 1406 4160 ἐν
1461 4108 1713 4179 ἐσχάτοις
1762 4109 1858 4165 τοῦ

281 4183 475 4247 αίῶνος
508 4191 739 4262 καιροῖς,
771 4207 791 4240 t
818 4192 949 4245 ὅταν
1003 4193 1067 4246 τὸ
1117 4194 1388 4266 πλήρωμα
1417 4198 1525 4253 τῶν
1556 4199 1723 4253 ἐθνῶν
1752 4203 1862 4255 είσ-

283 4273 433 4349 έλθῃ,
459 4296 479 4329 ι
506 4276 631 4331 τότε
658 4280 753 4333 καὶ
773 4282 937 4347 αὐτὸς
957 4284 986 4337 ό
1008 4284 1315 4357 ἀπόϐλητος
1345 4287 1561 4359 Ἰσραὴλ
1608 4292 1688 4354 είς
1714 4293 1861 4357 υἱοὺς

278 4368 751 4441 παραδεχθήσεται
785 4372 954 4439 Θεοῦ,
1000 4375 1177 4430 καίτοι
1214 4376 1508 4449 διατρίϐων
1548 4383 1607 4436 ἐν
1652 4383 1855 4451 τόποις,

272 4455 506 4531 ἔνθαπερ
529 4461 600 4515 ἂν
627 4456 740 4516 εἷεν
763 4464 857 4518 καὶ
877 4464 1217 4535 εὑρίσκοιντο
1242 4469 1421 4539 τυχόν.
1451 4471 1523 4523 Τὸ
1547 4471 1654 4544 γὰρ
1687 4474 1857 4544 ἀναγ-

1960 3287 2036 3340 ait
2074 3290 2373 3360 propheta?
2432 3292 2489 3346 lu
2524 3293 2663 3362 loco,
2730 3298 2820 3352 ubi
2865 3299 3067 3357 dictum
3097 3313 3180 3359 est
3232 3305 3359 3368 illis,
3417 3306 3534 3363 Non

1960 3378 2188 3449 populus
2216 3395 2371 3437 meus
2404 3397 2521 3449 vos,
2568 3394 2623 3439 et
2652 3386 2753 3456 ipsi
2792 3391 3127 3448 vocabuntur
3163 3395 3257 3450 lilii
3304 3396 3395 3451 Dei
3453 3399 3535 3451 vi-

1959 3467 2151 3523 ventis.
2229 3468 2551 3527 Deciderunt
2601 3474 2749 3530 enim
2777 3477 2842 3532 de
2871 3479 3065 3550 gradu,
3097 3482 3150 3537 in
3212 3497 3323 3553 quo
3379 3497 3537 3541 erant

1960 3560 2186 3630 populus
2225 3561 2342 3630 Dei,
2390 3573 2446 3620 et
2479 3579 2576 3635 per
2626 3569 2867 3638 gentium
2899 3581 3072 3627 terras
3103 3574 3333 3645 dispersi
3387 3588 3535 3642 sunt,

1960 3651 2101 3718 quod
2146 3652 2423 3724 hucusque
2461 3666 2729 3712 servatura
2787 3660 3138 3717 animadverti
3166 3674 3363 3734 potest.
3420 3667 3537 3722 Cte-

1964 3750 2141 3798 ternm
2211 3748 2474 3802 extremis
2545 3749 2727 3804 seaculi
2806 3755 3158 3823 temporibus,
3214 3774 3233 3807 ι
3321 3759 3536 3828 quando

1958 3833 2233 3903 plenitudo
2275 3836 2516 3905 gentium
2543 3838 2825 3894 intraverit
2872 3843 2912 3907 ⁸,
2950 3862 2971 3896 ι
3029 3855 3156 3902 tunc
3233 3863 3364 3904 sane
3410 3860 3536 3909 tunc

1959 3929 2014 3975 et
2056 3921 2167 3993 ipse
2201 3922 2447 3995 abiectus
2472 3926 2641 3982 Israel
2710 3925 2765 3981 in
2823 3928 2963 3988 filios
3022 3933 3117 3989 Dei
3171 3939 3531 4007 cooptabitur,

1957 4028 2266 4084 quanquam
2300 4033 2640 4077 commorans
2672 4022 2723 4079 in
2792 4022 2923 4080 locis
2965 4025 3052 4081 ubi
3102 4028 3295 4084 vixerit
3347 4041 3403 4086 et
3452 4035 3535 4085 in-

1958 4117 2149 4162 ventus
2179 4107 2321 4165 forte
2349 4109 2529 4167 fuerit.
2549 4111 2691 4169 Nibil
2720 4115 2863 4170 enim
2883 4127 3037 4185 coget
3058 4121 3348 4174 ascendere
3378 4120 3534 4177 leno-

1958 4197 2244 4269 solymam.
2311 4210 2366 4257 et
2419 4201 2688 4272 lapideum
2744 4206 2922 4260 adhuc
2972 4207 3226 4276 templum
3264 4226 3530 4279 quaerere.

1958 4287 2223 4354 Quoniam
2249 4307 2421 4362 neque
2451 4292 2690 4348 moribus
2735 4299 3010 4355 veteribus
3037 4298 3177 4355 colet
3201 4300 3389 4367 Deum,
3424 4302 3536 4376 29

1958 4379 2142 4445 boum,
2191 4382 2434 4451 inquam,
2463 4386 2750 4443 sacriﬁciis
2780 4398 2835 4444 et
2878 4391 3059 4445 ovium
3085 4392 3529 4462 mactationibus;

1958 4486 2142 4528 verum
2222 4476 2410 4533 modus
2476 4476 2753 4550 religionis
2813 4483 3052 4552 ipsorum
3117 4486 3222 4539 erit
3268 4487 3399 4541 fides
3478 4489 3529 4542 in

272 4548 433 4612 κὰζον
491 4552 644 4606 οὐδὲν
673 4554 987 4610 ἀναϐαίνειν
1015 4558 1097 4620 εις
1129 4557 1495 4630 Ἱεροσόλυμα,
1546 4563 1643 4617 καὶ
1670 4563 1762 4617 τὸν
1793 4568 1852 4619 ὲν

1958 4565 2253 4634 Christum,
2295 4577 2348 4623 et
2382 4569 2498 4636 ejus
2529 4548 2713 4627 divina
2744 4577 3024 4642 mandata,
3066 4587 3123 4633 et
3166 4580 3530 4634 sanctificatio

271 4639 432 4705 λίθοις
450 4640 531 4696 ἔτι
551 4642 783 4715 ζητῆσαι
816 4648 964 4702 ναόν.
995 4647 1117 4702 Ὀτι
1149 4650 1283 4721 μηδὲ
1302 4655 1416 4716 τοῖς
1436 4653 1685 4723 ἀρχαίοις
1703 4655 1849 4711 ἔθεσι

1960 4655 2012 4708 ἰη
2053 4654 2278 4726 Spiritu,
2311 4666 2366 4713 et
2390 4674 2485 4727 per
2553 4674 2770 4715 sacrum
2829 4663 3097 4733 baptisma
3165 4669 3527 4737 regeneratio,

267 4733 485 4802 τιμήσει
504 4734 654 4798 Θεὸν,
689 4736 996 4807 βουθυσίαις
1016 4740 1072 4793 δὲ
1091 4740 1233 4810 λέγω
1288 4743 1383 4795 καὶ
1402 4746 1688 4814 προϐάτων
1714 4764 1851 4815 σφα-

270 4824 417 4887 γαῖς,
449 4821 561 4875 ἀλλ’
594 4825 622 4877 ὁ
647 4827 744 4895 τῆς
771 4827 1027 4899 λατρείας
1063 4830 1244 4893 αὐτοῖς
1268 4831 1421 4886 ἔσται
1445 4835 1643 4903 τρόπος
1668 4837 1850 4902 πίστις

1957 4749 2262 4817 adoptionis
2301 4750 2534 4805 filiorum
2570 4753 2796 4823 gloriam
2843 4759 3053 4814 sanctis
3095 4759 3227 4828 ipsis
3250 4759 3315 4813 ad
3359 4760 3460 4814 hoc
3499 4776 3527 4813 a

1956 4837 2066 4892 Deo
2115 4842 2319 4894 vocalis
2360 4843 2678 4897 concilians.

265 4916 350 4977 εἰς
380 4915 634 4984 Χριστὸν,
676 4919 867 4975 καὶτὰ
895 4922 1061 4976 αὑτοῦ
1090 4924 1457 4998 θεσπίσματα,
1496 4930 1589 4982 καὶ
1627 4930 1897 5001 ἁγιασμὸς
1961 4934 1989 4983 ὁ
2021 4934 2079 4985 ὲν
2123 4934 2413 5003 πνεύματι,
2475 4936 2568 4989 καὶ
2630 4938 2663 5007 ἡ
2702 4937 2791 4991 διὰ
2826 4938 2919 4992 τοῦ
2958 4942 3112 5011 ἁγίου
3159 4943 3529 5018 βαπτίσματος

263 5006 645 5077 ἁναγέννησις,
672 5010 771 5081 τῆς
800 5012 1069 5079 υἱοθεσίας
1123 5020 1482 5088 περιποιοῦσα
1517 5023 1614 5094 τὴν
1661 5023 1818 5089 δόξαν
1852 5026 1963 5089 τοῖς
1996 5027 2178 5090 αὐτοῖς
2216 5028 2390 5095 ἁγίοις
2437 5030 2791 5102 κεκλημένοις
2822 5034 2902 5098 είς
2933 5006 3091 5091 τοῦτο
3122 5006 3270 5109 παρὰ
3293 5006 3520 5114 Κύρίουί

336 5101 449 5154 Kal
470 5103 962 5171 συναχθήσονται
990 5112 1107 5165 υἱοὶ
1134 5112 1340 5179 Ἰούδα,
1378 5116 1477 5169 καὶ
1503 5118 1557 5169 οὶ
1584 5117 1702 5171 υἱοὶ
1741 5118 1848 5171 Ἰσ-

2029 5118 2188 5174 νειιε.
2231 5121 2318 5175 ll.
2362 5121 2431 5174 Et
2475 5125 2929 5194 congregabantur
2967 5130 3069 5198 [itii
3110 5130 3288 5199 Iuda,
3331 5146 3380 5189 et
3416 5124 3521 5206 lilii

254 5188 422 5257 pahl
477 5191 827 5259 ἐπιτοαυτὸ,
866 5199 965 5253 καὶ
1019 5200 1309 5268 θήσονται
1362 5206 1590 5271 ἑαυτοῖς
1649 5205 1844 5275 ἀρχὴν

1958 5209 2122 5265 Israel
2167 5213 2344 5275 simul,
2375 5226 2421 5267 et
2462 5229 2653 5284 ponent
2699 5218 2799 5272 sibi
2846 5223 3198 5289 principatum
3233 5242 3429 5294 unum,
3475 5246 3520 5287 ει

253 5282 422 5350 μίαν,
462 5283 561 5336 καὶ
610 5285 1015 5355 ἀναϐήσονται
1044 5292 1114 5347 ἐκ
1170 5293 1281 5362 τῆς
1312 5294 1447 5365 γῆς,
1484 5296 1569 5351 ὅτι
1607 5296 1841 5366 μετ-ἀνίη

1958 5304 2224 5356 tscendent
2257 5305 2320 5357 de
2350 5315 2509 5369 terra,
2541 5310 2794 5375 quoniam
2831 5326 3044 5378 magnus
3075 5311 3184 5365 dies
3217 5314 3447 5373 Jezrael.

254 5369 293 5433 ἠ
325 5370 514 5438 ἡμέρα
546 5373 653 5427 τοῦ
698 5374 960 5443 Ἰεζῖοαέλ.

332 5451 408 5510 Θ¹υ
436 5463 546 5515 Καὶ
572 5463 785 5529 τούτοις
813 5468 989 5538 πέρας
1026 5470 1324 5543 ἐκϐεϐηκὸς
1358 5474 1659 5545 εὑρήσομεν
1698 5476 1841 5528 ἱστο-

256 5548 431 5621 ρικῶς
479 5568 539 5603 τε
580 5556 675 5607 καὶ
722 5560 1128 5627 πνευματικῶς.
1162 5558 1342 5617 Ἦσαν
1373 5565 1474 5634 μὲν
1504 5565 1613 5634 γὰρ
1642 5566 1699 5618 ἐν
1730 5569 1842 5628 τοῖς

2014 5478 2104 5536 ΙΧ.
2143 5480 2209 5535 Ει
2255 5482 2369 5537 lucc
2414 5484 2976 5550 evenisseJiistorice
3049 5498 3103 5542 et
3168 5495 3520 5563 spirituatite:

1944 5580 2176 5625 constat.
2213 5572 2376 5627 Erant
2406 5573 2551 5627 enim
2587 5573 2639 5626 in
2676 5574 2873 5628 finibus
2904 5572 3193 5636 Persarum
3237 5598 3289 5640 et
3335 5588 3515 5647 Medo-

250 5637 428 5713 ζρίοις
453 5641 674 5711 Περσῶν
696 5663 757 5699 τε
791 5648 884 5703 καὶ
907 5651 1109 5721 Μήδων
1138 5654 1190 5707 οἵ
1211 5671 1270 5708 τε
1303 5657 1366 5709 ἐκ
1398 5659 1498 5727 τῆς
1532 5656 1841 5728 Σαμαρείας

1958 5674 2065 5713 rum
2096 5662 2298 5732 quique
2337 5678 2367 5716 c
2395 5662 2641 5715 Samaria
2676 5664 2813 5718 bello
2845 5669 2988 5731 eapti
3017 5665 3254 5739 fuerant,
3287 5676 3388 5731 hoc
3410 5686 3516 5744 est,

337 5816 380 5848 ’7
411 5814 554 5872 Psal.
593 5834 808 5886 cxxxvt,
856 5826 903 5880 1.
981 5829 1026 5860 ⁸⁸
1062 5830 1187 5884 ibid~
1224 5831 1274 5885 4.
1314 5833 1357 5864 θ’
1398 5834 1547 5887 Deut.
1585 5849 1678 5896 xu,
1722 5835 1773 5887 (ἰ.

1878 5834 1890 5860 ²
1925 5830 2077 5887 ilum.
2113 5849 2184 5897 si,
2219 5836 2308 5890 9.5.
