4098 6276
567 487 673 543 55.

1589 477 1648 534 s.
1689 435 1969 533 CYRILLl
2008 470 2473 528 anns-mnam:
2516 469 2835 526 ARCHIEP.

3738 463 3826 524 FG

565 607 757 673 Israel,
799 604 998 676 quique
1040 618 1104 658 ex
1152 599 1522 674 Jerosolymis,
1560 600 1665 654 hoc
1711 606 1830 661 est,
1870 596 2037 651 ludas
2083 605 2135 648 et

2239 591 2557 662 δορύληπτοι
2576 592 2874 660 γεγονότες,
2907 590 3207 656 τουτέστιν,
3229 589 3257 640 ὁ
3293 586 3526 656 Ἰσραὴλ,
3545 588 3638 640 καὶ
3657 589 3818 642 αὐτοὶ

568 696 871 766 Benjamin.
903 697 971 749 At
996 704 1278 764 postquam
1309 693 1485 764 Cyrus
1520 691 1806 758 Cambysae
1836 686 2001 752 ﬁlius,
2031 683 2129 738 Ba-

567 789 761 860 bylone
793 788 1041 852 subacta,
1064 785 1354 841 Persarum
1383 781 1668 852 imperium
1701 781 1944 848 adeptus,
1973 777 2131 831 liber-

569 887 679 932 tate
727 876 894 932 lsrael
941 884 998 930 et
1039 873 1231 929 Judam
1272 871 1520 935 donavit,
1590 869 1916 935 domumque
1958 864 2135 919 redire

563 982 668 1020 una
697 981 821 1021 cum
849 963 996 1018 vasis
1021 961 1192 1017 sacris
1218 959 1402 1028 jussit,
1424 956 1817 1029 Jerosolymam
1847 963 2130 1019 venerunt,

564 1073 665 1112 nec
685 1057 796 1124 jam
822 1053 1057 1123 dispersi
1089 1050 1426 1115 habitarunt,
1445 1049 1586 1104 sicut
1615 1057 1906 1116 antequam
1936 1043 2133 1114 captivi

566 1147 1003 1209 abducerentur;
1047 1156 1148 1198 nec
1193 1140 1408 1209 utrique
1451 1153 1545 1193 sua
1598 1152 1764 1207 regna
1809 1135 2128 1191 habuerunt.

563 1237 768 1292 Omnes
800 1236 998 1306 quippe
1027 1234 1373 1291 concorditer
1400 1232 1569 1287 solam
1600 1229 1900 1285 Jerusalem
1935 1227 2133 1282 incole-

561 1331 718 1395 bant,
751 1330 887 1385 duce
916 1344 981 1384 ac
1013 1327 1252 1398 principe
1287 1334 1414 1380 tunc
1442 1322 1794 1387 Zorobabele,
1823 1319 2133 1376 Salathieiis

565 1423 699 1486 ﬁlio,
728 1420 820 1491 qui
851 1430 972 1474 erat
999 1419 1066 1474 de
1101 1417 1239 1472 tribu
1281 1414 1437 1482 Juda,
1472 1421 1528 1469 et
1571 1411 1877 1468 sacerdotio
1921 1423 2132 1465 summo

564 1512 819 1582 fungente
849 1496 976 1565 Iesu
1023 1508 1133 1563 lilio
1173 1503 1435 1561 Josedech
1459 1543 1474 1568 ,
1512 1501 1726 1574 quando
1775 1509 1829 1556 et
1874 1497 2129 1568 templum

564 1602 802 1657 divinum
858 1599 1264 1660 instaurabant,
1312 1603 1368 1650 et
1413 1608 1527 1648 rem
1578 1590 1899 1646 familiarem
1944 1587 2131 1644 sedqu

561 1692 850 1747 curabant.
908 1689 1090 1758 lnquit
1161 1687 1381 1758 igitur:
1465 1682 1950 1752 Congregabuntur
2034 1678 2130 1734 ﬁlii

563 1782 702 1840 Juda
763 1791 818 1840 et
854 1780 946 1837 ﬁlii
979 1778 1278 1837 Jerusalem
1325 1776 1516 1842 simul,
1553 1784 1606 1830 et
1651 1773 1982 1830 constituent
2028 1770 2130 1826 sibi

563 1873 926 1943 principatum
979 1885 1182 1934 unum,
1259 1876 1315 1924 et
1368 1865 1664 1921 ascendent
1706 1863 1774 1918 de
1818 1871 1992 1927 terra;
2073 1868 2132 1914 ut

2235 683 2293 736 δὲ
2323 685 2460 754 πρὸς
2491 683 2719 750 τούτοις,
2763 683 2812 735 oi
2851 685 2916 734 ἐκ
2962 682 3059 752 τῆς
3117 677 3489 751 Ἰερουσαλὴμ,
3536 677 3817 730 τουτέστιν

2247 775 2443 839 Ἰούδας
2483 774 2578 827 καὶ
2610 773 2886 844 Βενιαμίν.
2940 771 3158 842 Ἐπειδὴ
3200 769 3259 822 δέ
3296 767 3478 836 Κῦρος
3522 767 3551 819 ό
3582 765 3816 837 Καμϐύ-

2234 883 2329 918 σου
2349 865 2451 936 ’τὴν
2481 864 2772 919 Βαϐυλῶνα
2801 863 2959 928 ἐλὼν,
2995 862 3093 916 καὶ
3138 861 3198 914 τὸ
3242 857 3468 930 Περσῶν
3499 856 3700 928 κράτος
3732 859 3816 920 είς

2233 957 2425 1012 ἐαυτὸν
2459 958 2823 1029 μεταστήσας,
2863 956 3030 1026 ἀνῆκε
3057 955 3157 1026 τῆς
3209 949 3585 1022 αἰχμαλωσίας
3625 949 3716 1002 τόν
3750 965 3813 1001 τε

2245 1048 2458 1120 Ἰσραὴλ
2505 1048 2600 1102 καὶ
2626 1049 2718 1102 τὸν
2767 1047 2988 1111 Ἰούδαν,
3017 1045 3154 1098 οῐκοι
3184 1060 3242 1097 τε
3277 1041 3414 1096 ίέναι
3443 1039 3812 1112 προστέταχεν

2231 1139 2366 1209 ὁμοῦ
2391 1142 2503 1204 τοῖς
2526 1138 2742 1192 σκεύεσι
2770 1139 2884 1200 τοῖς
2915 1136 3100 1207 ἱεροῖς,
3131 1133 3388 1203 ἀφίκοντο
3417 1131 3514 1202 μὲν
3536 1131 3615 1194 είς
3647 1130 3811 1200 Ἱερο-

2232 1230 2462 1301 σόλυμα,
2495 1231 2851 1300 κατῳκήσασι
2881 1227 2938 1280 δὲ
2967 1225 3152 1279 λοιπὸν
3181 1223 3281 1276 οὐκ
3323 1221 3404 1274 ἔτι
3441 1219 3808 1292 διῃρημένως,

2231 1318 2373 1372 καθά
2398 1319 2493 1373 καὶ
2522 1319 2628 1390 πρὸ
2647 1318 2746 1388 τῆς
2770 1313 3149 1386 αἰχμαλωσίας
3171 1328 3185 1344 ο
3213 1308 3337 1364 ούτε
3361 1309 3467 1380 μὴν
3503 1307 3667 1371 ἰδίους
3687 1306 3812 1361 ἐκα-

2233 1427 2347 1463 στοι
2377 1408 2630 1480 βασιλέας
2665 1409 2954 1478 ἐσχήκασι.
2991 1403 3186 1474 Διῆγον
3219 1400 3276 1454 δὲ
3324 1401 3523 1462 πάντες
3575 1399 3634 1451 ἐν
3683 1399 3811 1466 ὀμο-

2229 1499 2400 1572 ψυχίᾳ
2430 1499 2573 1553 κατά
2613 1498 2780 1570 μόνην
2838 1495 2938 1566 τὴν
2985 1491 3358 1563 Ἰερουσαλὴμ,
3409 1488 3713 1561 ἡγουμένου
3745 1487 3810 1541 τδ

2229 1591 2481 1662 τηνικάδε
2537 1589 2838 1661 Ζοροϐάϐελ
2883 1587 2979 1642 τοῦ
3019 1584 3309 1656 Σαλαθιὴλ,
3355 1582 3417 1646 ὃς
3442 1578 3510 1652 ἦν
3541 1582 3605 1634 ἐκ
3635 1579 3808 1650 φυλῆς

2243 1683 2430 1749 Ἰούδα,
2479 1684 2570 1736 καὶ
2622 1680 2988 1752 ίερατεύοντος
3041 1677 3217 1748 Ἰησοῦ
3261 1674 3358 1729 τοῦ
3412 1673 3680 1736 Ἰωσεδὲκ,
3709 1669 3806 1724 τοῦ

2233 1775 2489 1846 μεγάλου,
2537 1775 2626 1828 ὅτε
2660 1773 2752 1826 καὶ
2802 1772 2892 1826 τὸν
2931 1771 3071 1824 θεῖον
3117 1769 3466 1838 ἀνεδείμαντο
3515 1765 3674 1830 ναὸν,
3709 1763 3806 1816 καὶ

2229 1865 2339 1920 τῶν
2385 1867 2464 1929 είς
2530 1865 2622 1918 τὸν
2672 1859 2828 1917 οἷκον
2885 1863 3093 1932 εἴχοντο
3156 1857 3605 1928 σπουδασμάτων.
3675 1855 3807 1906 Συν-

567 1964 992 2034 alienigenarum
1031 1960 1302 2030 regionem
1335 1956 1621 2026 intelligas,
1661 1954 1712 2008 in
1740 1967 1899 2022 quam
1933 1951 2126 2021 captivi

2239 1957 2552 2027 ιιχθήσονται
2573 1955 2775 2018 τοίνυν,
2807 1953 2991 2025 φησὶν,
3025 1954 3071 2005 οἱ
3107 1951 3214 2004 υἱοὶ
3257 1949 3451 2013 Ἰούδα,
3496 1948 3592 2000 καὶ
3621 1946 3671 1998 οἱ
3701 1943 3807 1997 uiui.

565 2054 782 2111 abducti
809 2062 954 2111 sunt.
977 2050 1098 2106 Jam
1120 2050 1269 2117 illud,
1310 2047 1436 2118 quia
1482 2060 1710 2117 magnus
1732 2044 1848 2101 dies
1896 2040 2127 2106 Jezrael,

565 2161 687 2205 Cum
743 2144 966 2200 historia
1022 2157 1127 2198 non
1181 2140 1471 2198 consentit.
1535 2139 1720 2208 Itaque
1776 2136 1850 2192 ibi
1899 2135 2131 2191 dicimus

564 2235 820 2293 lsraelem
848 2244 1100 2291 vocatum
1125 2234 1190 2290 iri
1218 2231 1473 2305 populum
1499 2229 1616 2294 Dei,
1637 2228 1885 2299 quamvis
1911 2235 2132 2297 propter

564 2330 896 2399 impietatem
958 2329 1118 2398 longe
1162 2326 1454 2381 maximam
1495 2333 1718 2379 vocatus
1759 2323 1830 2376 sit
1874 2318 1991 2374 Non
2039 2333 2131 2388 po-

565 2419 746 2490 pulus,
781 2430 838 2474 ut
858 2418 970 2487 jam
999 2419 1300 2474 docuimus.
1329 2417 1481 2470 Tune
1507 2413 1977 2484 congregabuntur
2005 2411 2128 2481 ipsi,

565 2519 623 2565 et
662 2509 754 2564 lilii
790 2507 949 2572 Juda,
985 2509 1086 2563 hoc
1124 2517 1228 2573 est,
1262 2507 1438 2562 omnis
1481 2507 1734 2572 deinceps
1784 2505 1835 2558 in
1870 2503 2132 2557 extremis

570 2598 906 2669 temporibus
929 2597 1239 2654 Iudaeorum
1270 2595 1486 2649 inventa
1521 2591 1824 2647 multitudo.
1856 2591 1921 2645 Et
1944 2604 2132 2644 omnes

569 2688 670 2747 sub
703 2704 811 2744 uno
863 2687 1168 2764 principatu
1217 2695 1397 2751 erunt,
1440 2685 1544 2739 hoc
1589 2692 1689 2746 est,
1737 2680 1959 2736 Christi.
2003 2678 2132 2734 Tale

568 2783 696 2853 quid
725 2782 887 2838 etiam
925 2796 1024 2851 per
1059 2778 1392 2835 Ezechielem
1433 2774 1809 2846 praenuntiavit
1853 2773 2133 2827 universo-

569 2887 692 2928 rum
725 2872 886 2937 Deus,
921 2872 986 2928 de
1013 2871 1227 2926 Christo
1253 2869 1434 2924 dicens
1466 2885 1479 2921 :
1513 2885 1530 2917 ι
1571 2866 1636 2920 Ει
1670 2864 1941 2920 suscitabo
1970 2877 2133 2931 super

570 2977 666 3018 808
694 2973 966 3032 pastorem
992 2976 1179 3026 unum,
1207 2969 1263 3015 et
1287 2968 1469 3028 pascet
1493 2971 1608 3021 COS,
1637 2965 1693 3010 ct
1717 2970 1928 3010 servum
1953 2968 2132 3008 meum

569 3052 762 3120 David,
793 3062 848 3108 et
884 3053 991 3106 erit
1028 3065 1212 3106 eorum
1251 3051 1489 3121 pastor’.
1514 3067 1533 3101 ι
1572 3046 1738 3101 David
1783 3045 2016 3116 appellat
2065 3058 2133 3098 ex

569 3145 779 3201 semine
809 3142 979 3199 David
1021 3141 1294 3198 Christum
1338 3149 1524 3195 natum
1570 3138 1863 3194 secundum
1891 3150 2130 3192 carnem.
2165 3140 2173 3149 ‘

2243 2047 2455 2119 Ἰσραὴλ
2514 2047 2822 2110 ἐπιτοαυτὺ,
2877 2045 2973 2098 καὶ
3047 2042 3304 2113 θήσονται
3361 2041 3575 2102 ἑαυτοῖς
3633 2034 3808 2108 ἀρχὴν

2234 2140 2383 2210 μίαν,
2431 2141 2525 2193 καὶ
2569 2139 2938 2209 ἀναϐήσονται
2980 2137 3045 2189 ἐκ
3070 2135 3174 2205 τῆς
3213 2136 3336 2205 γῆς.
3402 2133 3518 2185 Ἵνα
3573 2129 3672 2201 τὴν
3701 2127 3808 2181 τῶν

2229 2231 2538 2300 ἀλλοφύλων
2571 2232 2778 2301 ἐννοῇς,
2801 2231 2881 2292 εἰς
2913 2229 2981 2298 ἣν
3012 2227 3104 2281 καὶ⁴
3146 2217 3599 2293 ἀπεκομίσθησαν
3642 2220 3808 2288 οιίχμ-

2232 2323 2425 2376 ἀλωτοι
2475 2321 2775 2389 γεγονότες.
2829 2319 2903 2372 Τὸ
2929 2319 3007 2383 δέ,
3050 2319 3133 2371 ὅτι
3169 2315 3378 2386 μεγάλη
3417 2314 3451 2383 ἠ
3503 2311 3687 2382 ἡμέρα
3715 2308 3808 2363 τοῦ

2241 2410 2499 2484 Ἰεζραέλ,
2553 2411 2631 2480 τῷ
2663 2410 2763 2479 τῆς
2821 2407 3063 2478 ἱστορίας
3097 2407 3194 2476 οὐχ
3221 2403 3450 2475 ἁρμόζει
3477 2402 3642 2471 λόγῳ.
3669 2401 3809 2453 Οὐκ-

2231 2505 2324 2559 οῦν
2345 2507 2460 2558 ἐκεῖ
2484 2520 2663 2573 φαμεν
2690 2503 2771 2554 ὅτι
2810 2500 3136 2569 κεκλήσεται
3174 2497 3302 2560 λαὸς
3333 2495 3468 2548 Θεοῦ
3495 2497 3524 2547 ὁ
3575 2491 3806 2564 Ἰσραὴλ,

2231 2594 2409 2648 καίτοι
2461 2591 2550 2645 διὰ
2591 2590 2854 2658 πλείστην
2891 2589 3022 2658 ὅσην
3074 2586 3391 2641 δυσσέϐειαν
3426 2583 3811 2654 ὠνομασμένος

2231 2684 2305 2738 Οὐ
2325 2681 2471 2747 λαὸς,
2500 2679 2752 2751 καθάπερ
2771 2679 2870 2750 ἤδη
2902 2679 3262 2748 προείπομεν.
3289 2676 3421 2728 Τότε
3452 2673 3812 2744 συναχθήσον-

2230 2790 2319 2827 ται
2354 2771 2506 2825 αύτοί
2545 2789 2603 2824 τε
2641 2773 2735 2825 καὶ
2756 2772 2804 2823 οἱ
2831 2769 2937 2822 υἱοὶ
2975 2768 3167 2833 Ἰούδα,
3199 2765 3470 2830 τουτέστι,
3513 2766 3662 2817 πᾶσα
3700 2763 3813 2816 λοι-

2233 2865 2332 2917 πὸν
2365 2866 2398 2934 ἡ
2420 2865 2479 2918 ἐν
2501 2863 2753 2934 ἐσχάτοις
2778 2863 2988 2933 καιροῖς
3017 2860 3129 2914 τῶν
3176 2859 3444 2913 Ἰουδαίων
3481 2854 3811 2927 εὑρισκομέ-

2232 2978 2296 3029 νη
2345 2959 2573 3029 πληθύς.
2605 2958 2742 3038 ’Καὶ
2791 2956 2896 3008 ὑπὸ
2946 2955 3074 3025 μίαν
3113 2953 3324 3007 ἔσονται
3370 2952 3573 3014 πάντες
3617 2949 3810 3020 ἀρχὴν,

2233 3050 2496 3113 τουτέστι,
2546 3046 2801 3120 Χριστόν.
2877 3045 3070 3097 Καίτοι
3117 3043 3361 3096 τοιοῦτον
3397 3041 3576 3095 δὲδιά
3634 3043 3815 3110 φωνῆς

2248 3139 2502 3212 Ἰεζεχιὴλ
2541 3134 3050 3208 προαναπεφώνηκε
3095 3135 3272 3202 λέγων
3304 3135 3332 3186 ὁ
3364 3133 3471 3185 τῶν
3505 3133 3641 3186 ὅλων
3683 3131 3814 3194 Θεὸς

569 3237 749 3305 Quare
797 3243 987 3290 vocato
1030 3233 1141 3302 jam
1190 3231 1428 3306 gentium
1472 3244 1654 3301 grege,
1707 3229 1918 3282 tandem
1966 3224 2134 3281 Israel

2239 3235 2364 3303 περὶ
2395 3227 2654 3301 Χριστοῦ·
2692 3247 2710 3280 ι
2750 3227 2865 3282 Καὶ
2909 3228 3201 3298 ἀναστήσω
3231 3225 3534 3288 ἐπάύτοὺς
3579 3223 3814 3294 ποιμένα

567 3329 964 3391 introducetur,
1012 3333 1066 3381 et
1109 3338 1272 3379 unum
1322 3323 1682 3394 principatum
1731 3332 1920 3374 omnes
1966 3329 2133 3387 agno-

569 3432 743 3477 scent.
781 3419 890 3498 30
941 3418 1008 3473 Et
1055 3417 1349 3474 ascendent
1403 3415 1471 3470 de
1528 3422 1696 3476 terra,
1743 3409 1938 3479 inquit.
1982 3407 2134 3473 Quod

571 3524 717 3570 recte
779 3509 1239 3582 iutelligentibus,
1302 3505 1521 3579 opinor,
1574 3500 1845 3572 signiﬁcat
1903 3507 1996 3552 aut
2046 3498 2134 3566 qui

563 3608 750 3678 jugmn
779 3602 1078 3659 Salvatoris
1104 3598 1466 3660 admiserunt,
1499 3594 1566 3648 de
1595 3600 1791 3647 caetero
1816 3590 2138 3646 omnimodis

569 3698 840 3755 desituros
885 3703 1100 3750 terrena
1147 3703 1363 3760 sapere,
1399 3695 1454 3742 et
1492 3682 1776 3755 prudentia
1812 3683 1993 3737 carnis
2042 3695 2136 3736 su-

566 3790 813 3865 periores
867 3787 1002 3853 fore,
1046 3783 1204 3855 (tales
1234 3779 1378 3835 enim
1425 3789 1642 3842 omnes,
1685 3775 1779 3845 qui
1828 3772 2046 3834 Christo
2081 3787 2138 3826 se

568 3862 948 3950 subiecerunt;
997 3886 1050 3929 et
1084 3875 1243 3926 Iidem
1273 3870 1440 3923 faciet
1477 3867 1670 3922 beatus
1705 3865 1872 3920 David
1901 3883 1912 3917 :
1949 3881 1968 3916 ι
2001 3862 2135 3930 Quia

571 3973 666 4028 Dei
697 3971 866 4028 fortes
907 3975 1063 4020 terrae
1087 3964 1440 4016 vehementer
1478 3957 1672 4015 elevati
1719 3967 1848 4011 sunt
1870 3956 1913 4021 ³;
1949 3975 1968 4008 ›
2002 3955 2132 4024 quin

571 4071 629 4118 et
652 4057 891 4116 Paulus:
933 4073 951 4106 ι
982 4053 1082 4121 Qui
1131 4062 1306 4106 autem
1349 4060 1471 4105 sunt
1497 4049 1695 4105 Christi
1739 4047 1888 4112 Jesu,
1920 4061 2136 4102 carnem

572 4168 726 4210 suam
756 4148 1290 4212 cruciﬁxeruntcum
1323 4144 1464 4199 vitiis
1490 4151 1545 4197 et
1573 4137 2134 4211 concupiscentiis‘p)

572 4255 667 4304 aut
697 4251 846 4299 certe
880 4249 934 4294 et
962 4242 1110 4318 ipsos
1142 4238 1542 4298 resurrectione
1574 4245 1908 4290 mortuorum
1935 4229 2138 4302 potitu-

2238 3324 2353 3390 ἕνα,
2384 3322 2477 3375 καὶ
2497 3321 2752 3391 ποιμανεῖ
2782 3320 3002 3384 αὐτοὺς,
3027 3318 3118 3372 τὸν
3150 3316 3334 3371 δοῦλόν
3367 3333 3466 3386 μου
3495 3314 3678 3375 Δαϐὶδ,
3717 3312 3814 3365 καὶ

2239 3415 2389 3468 ἔσται
2427 3413 2602 3468 αὐτῶν
2639 3413 2865 3484 ποιμήν.
2919 3430 2937 3463 ι
2986 3411 3272 3480 Ὀνομάξει
3317 3409 3373 3460 δὲ
3421 3405 3584 3460 Δαϐὶδ
3627 3404 3716 3457 τὸν
3749 3405 3815 3455 ἐκ

2240 3507 2551 3578 σπέρματος
2582 3505 2747 3559 Δαϐὶδ
2793 3503 3054 3572 γεγονότα
3116 3501 3259 3554 κατά
3309 3499 3488 3567 σάρκα
3555 3495 3811 3566 Χριστόν.

2239 3597 2442 3654 Οὐκοῦν
2503 3596 2848 3666 κεκλημένης
2899 3593 2998 3665 ήδη
3056 3593 3155 3659 τῆς
3211 3593 3320 3643 τῶν
3381 3590 3548 3642 ἐθνῶν
3590 3587 3813 3655 ἀγέλης,

2239 3685 2712 3759 είσκομισθήσεται
2744 3684 3048 3744 τελευταῖος
3071 3683 3099 3733 ό
3138 3680 3372 3751 Ἰσραὴλ,
3407 3679 3501 3730 καὶ
3548 3677 3652 3730 ὑπὸ
3684 3677 3819 3745 μίαν

2239 3775 2456 3828 ἔσονται
2486 3775 2686 3835 πάντες
2740 3772 2937 3843 ἀρχήν.
2995 3769 3104 3820 Καὶ
3129 3768 3504 3835 ἀναϐήσονται,
3544 3765 3726 3832 φησιν,
3751 3765 3818 3816 ἐκ

2237 3863 2336 3932 τῆς
2365 3863 2489 3932 γῆς.
2530 3861 2690 3930 Δηλοῖ
2721 3860 2798 3922 δὲ,
2830 3855 3003 3925 οἶμαι,
3033 3855 3186 3905 τουτὶ
3227 3855 3340 3913 τοῖς
3374 3849 3583 3903 νοοῦσιν
3613 3849 3812 3917 ὀρθῶς,

2237 3954 2272 4025 ἢ
2299 3955 2381 4007 ὅτι
2406 3955 2578 4020 πάντη
2631 3967 2692 4002 τε
2751 3947 2844 4000 καὶ
2892 3944 3114 4004 πάντως
3164 3943 3222 4002 ἐς
3277 3939 3368 3992 τὸν
3423 3937 3516 3989 τοῦ
3562 3936 3816 4004 Σωτῆρος

2240 4024 2649 4116 προσηκάμενοι
2687 4035 2868 4101 ζυγὸν,
2903 4031 3305 4101 ἀποστήσονται
3340 4027 3526 4080 λοιπὸν
3555 4024 3650 4078 τοῦ
3683 4041 3819 4095 φρο-

2238 4137 2349 4189 νεῖν
2381 4131 2449 4185 τὰ
2476 4129 2567 4182 ἐπὶ
2591 4127 2686 4198 τῆς
2712 4125 2836 4195 γῆς,
2873 4124 2966 4176 καὶ
2998 4121 3257 4191 ἀμείνους
3280 4119 3492 4172 ἔσονται
3527 4116 3812 4188 φρονήμα-

2237 4242 2328 4288 τος
2356 4217 2640 4293 σαρκικοῦ,
2671 4213 2922 4286 (τοιοῦτοι
2941 4212 3048 4282 γὰρ
3069 4211 3270 4273 πάντες
3288 4210 3337 4261 οἱ
3364 4207 3469 4261 ὑπὸ
3484 4204 3704 4276 Χριστῷ
3727 4221 3822 4274 γε-

571 4351 686 4392 ros.
740 4333 882 4389 Dixit
934 4295 1076 4386 edim
1123 4331 1316 4389 alicubi
1373 4331 1532 4386 etiam
1577 4327 1872 4382 Christus:
1904 4295 2136 4377 (-Amen

2240 4315 2477 4381 γονότες,
2515 4311 2608 4364 καὶ
2653 4307 2983 4362 πιστώσεται
3013 4302 3188 4371 λέγων
3222 4304 3249 4354 ὁ
3301 4301 3573 4370 μακάριος
3622 4295 3816 4348 Δαϐίδ-

574 4428 697 4482 dico
736 4423 919 4488 vobis,
960 4422 1086 4495 quia
1117 4420 1294 4476 omnis
1335 4421 1425 4486 qui
1468 4418 1639 4473 credit
1681 4417 1735 4469 in
1779 4430 1885 4478 me,
1927 4411 2136 4465 etiamsi

2248 4406 2404 4456 ι”Οτι
2438 4401 2532 4453 τοῦ
2554 4399 2688 4451 Θεοῦ
2719 4400 2766 4450 οἱ
2802 4396 3070 4466 κραταιοὶ,
3099 4395 3198 4462 τῆς
3228 4393 3332 4459 γῆς
3352 4391 3556 4458 σφόδρα
3584 4386 3824 4458 ἐπῄρθη-

571 4527 819 4574 morwus
853 4473 1034 4577 fuerit,
1067 4509 1273 4564 vivct".
1306 4526 1324 4559 ι
1356 4507 1509 4575 Quod
1549 4505 1594 4558 si
1635 4513 1854 4556 coactus
1895 4500 1968 4552 ita
2008 4498 2136 4564 obji-

2247 4509 2364 4556 σαν,
2380 4510 2397 4541 ι
2426 4489 2518 4542 καὶ
2533 4487 2636 4557 μὴν
2653 4487 2747 4538 καλ¹
2769 4488 2796 4538 ὁ
2818 4485 3042 4546 Παῦλος·
3070 4500 3087 4532 ι
3117 4483 3179 4533 0i
3199 4481 3254 4530 δὲ
3278 4476 3369 4529 τοῦ
3382 4477 3617 4547 Χριστοῦ
3650 4473 3821 4545 Ἰησοῦ

574 4612 688 4664 (-ias
714 4624 730 4662 :
757 4609 826 4660 At
858 4606 1003 4661 enim
1064 4616 1169 4657 non
1203 4601 1508 4662 credentes,
1538 4596 1625 4650 dic
1661 4592 1815 4657 mihi,
1848 4588 2136 4643 manebunt

2248 4582 2346 4650 τὴν
2378 4580 2554 4647 σάρκα
2590 4577 2938 4646 ἐσταύρωσαν
2983 4574 3078 4624 σὺν
3111 4571 3222 4630 τοῖς
3263 4566 3549 4636 παθήμασι
3583 4565 3677 4617 καὶ
3705 4567 3823 4626 ταῖς

578 4697 800 4761 mortui,
851 4709 950 4751 nec
1001 4708 1122 4746 cum
1178 4692 1300 4746 aliis
1344 4685 1679 4751 ascendent?
1723 4683 1838 4753 ipse
1873 4679 2136 4743 Salvator,

2251 4669 2646 4742 ἐπιθυμίαις»)
2665 4669 2848 4739 ἤγουν,
2879 4667 2962 4718 ὅτι
2984 4659 3262 4723 τεύξονται
3287 4659 3380 4709 καὶ
3409 4657 3560 4710 αὐτοὶ⁹
3587 4657 3684 4726 τῆς
3705 4657 3826 4708 ἁνα-

575 4791 704 4859 quid
739 4787 970 4856 amplius
1001 4783 1235 4842 habituri
1273 4781 1404 4843 sint,
1444 4777 1536 4847 qui
1580 4774 1948 4834 crediderunt,
1987 4769 2136 4824 nobis

2255 4765 2496 4826 στάσεως
2514 4761 2620 4814 τῶν
2644 4757 2872 4829 νεκρῶν.
2907 4753 3053 4820 Ἔφη
3095 4749 3207 4819 γάρ
3241 4764 3342 4800 που
3370 4748 3464 4802 καὶ
3493 4749 3521 4800 ὁ
3551 4746 3819 4818 Χριστός·

2442 4857 2450 4859 Α
2553 4854 2564 4859 -
2598 4856 2605 4859 .
2752 4851 2764 4859 .
2822 4850 2842 4859 .-
2921 4845 2944 4859 η
3063 4842 3116 4859 ης
3203 4842 3215 4859 c
3279 4858 3290 4859 ν.
3344 4839 3539 4859 -..ρ’..η
3586 4841 3658 4859 -9-
3706 4837 3800 4859 La

577 4880 988 4944 demonstravit,
1023 4879 1095 4934 ita
1142 4876 1371 4951 loquens
1394 4886 1409 4924 :
1438 4889 1456 4922 ι
1493 4868 1602 4925 Fur
1635 4882 1742 4921 non
1771 4864 1922 4920 venit
1956 4863 2056 4918 nisi
2089 4871 2148 4916 ut

579 4978 810 5040 rurctur,
849 4980 902 5029 et
939 4971 1150 5042 perdat.
1186 4967 1298 5039 Ego
1335 4963 1457 5019 veni
1493 4971 1551 5016 ut
1578 4960 1742 5015 vitam
1789 4957 2052 5022 habeant,
2086 4966 2141 5009 et

577 5070 944 5130 abundantius
1001 5068 1236 5129 habeant
1277 5064 1320 5117 ⁸.
1385 5078 1409 5115 ι
1457 5057 1819 5126 Quamobrem
1865 5058 2146 5132 resurgent

577 5165 795 5234 quidem
841 5175 1050 5224 omnes,
1089 5155 1243 5228 probi
1278 5164 1326 5210 et
1369 5151 1632 5222 improbi;
1671 5148 1764 5202 sed
1805 5161 1910 5200 non
1957 5157 2147 5199 omnes

578 5255 855 5311 habebunt
888 5253 1017 5308 illud
1055 5269 1074 5303 ι
1104 5245 1488 5306 abundantius.
1529 5260 1548 5296 ι
1578 5241 1680 5323 Qui
1710 5239 1854 5294 enim
1886 5251 1991 5290 non
2022 5242 2150 5287 sunt

580 5347 803 5412 Christi,
864 5360 998 5413 quos
1035 5338 1368 5396 inﬁdelitatis
1403 5333 1699 5391 sceleribus
1728 5327 2000 5382 involutos
2029 5335 2151 5377 esse

579 5445 816 5497 constat,
877 5437 927 5488 in
972 5433 1232 5488 extremis
1261 5431 1427 5491 vitam
1473 5432 1648 5486 morte
1681 5419 1953 5474 duriorem
1986 5414 2150 5477 habeo

581 5529 737 5584 bunt.
755 5522 1039 5578 Rationem
1062 5525 1204 5583 enim
1233 5529 1287 5575 et
1315 5515 1728 5573 commissorum
1743 5503 2152 5562 etinﬁdelitatis

581 5617 831 5674 reddent.
886 5613 987 5678 Qui
1039 5622 1217 5665 autem
1267 5613 1396 5668 sunt
1441 5603 1588 5671 elus,
1637 5599 1837 5668 quique
1885 5589 2151 5662 spirituali

579 5723 706 5767 cum
747 5708 858 5762 Deo
903 5701 1139 5757 amicitia
1185 5693 1497 5765 locupletati
1545 5700 1686 5756 sunt,
1721 5700 1776 5744 et
1823 5698 2032 5742 morum
2074 5682 2154 5736 in-

2257 4879 2278 4915 α
2331 4857 2502 4929 Ἀμὴν
2553 4854 2696 4921 λέγω
2744 4850 2892 4916 ὑμῖν,
2919 4845 3000 4896 ὅτι
3041 4842 3148 4902 πᾶς
3193 4842 3221 4893 ὁ
3271 4839 3540 4892 πιστεύων
3580 4841 3659 4901 εἰς
3702 4837 3824 4905 ἐμὲ,
3911 4895 3920 4908 ι

2249 4955 2352 5010 κᾶν
2372 4947 2641 5017 ἀποθάνῃ,
2697 4941 2943 5011 ζήσεται.
2985 4953 3001 4984 ι
3036 4933 3228 4986 Καίτοι
3257 4932 3372 4994 πῶς
3403 4932 3504 4983 οὐκ
3535 4930 3830 4996 ἀναγκαῖον

2253 5046 2448 5105 εἰπεῖν,
2504 5039 2567 5091 Οἱ
2631 5033 2739 5101 γὰρ
2766 5029 2840 5099 μὴ
2879 5025 3246 5088 πιστεύοντες,
3287 5022 3408 5075 εἰπέ
3455 5038 3564 5092 μοι,
3607 5019 3827 5089 μενοῦσι

2253 5132 2459 5204 νεκροὶ,
2497 5129 2595 5180 οὐκ
2629 5121 2987 5190 ἀναϐήσονται
3017 5117 3073 5169 δὲ
3111 5117 3218 5178 τοῖς
3263 5114 3442 5176 ἄλλοις
3471 5110 3635 5182 ὁμοῦ;
3672 5112 3830 5162 Ποῖον

2254 5201 2478 5293 οῦν-ἀρα
2507 5219 2618 5279 τοῖς
2662 5209 3049 5266 πεπιστευκόσι
3097 5207 3158 5259 τὸ
3199 5206 3472 5276 περιττὸν,
3505 5201 3667 5263 αὐτὸς
3695 5201 3829 5269 ἡμῖν

2256 5289 2533 5375 ὑπέδειξεν
2590 5309 2619 5360 ὁ
2655 5301 2865 5373 Σωτὴρ,
2892 5299 3034 5353 οὕτω
3063 5297 3236 5366 λέγων
3257 5313 3270 5326 ·
3302 5311 3322 5345 ι
3364 5294 3423 5347 '0
3465 5292 3705 5359 κλέπτης
3735 5289 3828 5342 οὑν

2260 5406 2499 5476 ἔρχεται,
2525 5401 2574 5452 εἰ
2606 5397 2681 5468 μὴ
2702 5396 2788 5448 ἵνα
2813 5391 3005 5463 κλέψῃ,
3035 5389 3130 5444 καὶ
3161 5385 3423 5454 ἀπολέσῃ.
3459 5382 3602 5450 Ἐγὼ
3644 5377 3848 5462 ἦλθον.)

2260 5497 2346 5550 ἵνα
2405 5492 2547 5562 ζωὴν
2609 5489 2812 5560 ἔχωσι,
2860 5485 2952 5539 καὶ
3004 5479 3261 5552 περισσὸν
3317 5476 3530 5546 ἔχωσιν.
3567 5491 3585 5522 ι
3621 5469 3822 5524 Οὐκοῦ1

2260 5588 2651 5654 ἀναστήσονται
2693 5579 2791 5648 μὲν
2825 5578 3086 5638 ἅπαντες,
3133 5569 3356 5638 πονηροί
3389 5583 3448 5618 τε
3487 5564 3580 5618 καὶ
3612 5560 3828 5629 ἀγαθοὶ,

2260 5678 2373 5734 ἀλλ’
2412 5651 2472 5730 ού
2499 5675 2697 5735 πάντες
2725 5671 2906 5741 ἔχουσι
2950 5686 2969 5718 ι
3008 5665 3070 5717 τὸ
3092 5659 3366 5732 περιττόν.
3422 5677 3438 5708 ι
3481 5657 3544 5708 Οἱ
3587 5654 3684 5724 μὲν
3723 5651 3834 5720 γὰρ

649 5887 688 5924 ’⁸
722 5885 920 5943 Ειοοιι.
953 5897 1136 5948 xulv,
1168 5879 1259 5934 2'5.
1339 5877 1357 5907 ⁸
1391 5871 1528 5929 Psal.
1568 5884 1711 5936 XLVI,
1744 5867 1830 5922 10.
1907 5864 1929 5898 ⁸
1953 5864 2127 5922 Galat.

2243 5862 2332 5916 ‘2}.
2411 5861 2430 5890 ⁸
2458 5857 2608 5912 Joatt.
2649 5870 2721 5916 xx,
2756 5852 2845 5904 ‘25.
2928 5850 2946 5878 θ
2976 5845 3126 5900 Joan.
3170 5857 3222 5903 ι,
3253 5839 3331 5890 10.
