4098 6276
457 391 526 448 37
1364 388 1918 450 COMMENTARIUS
1951 395 2022 451 IN
2057 396 2287 452 OSEAM
2337 392 2781 454 PROPHETAM.
3628 389 3695 445 58

456 506 559 560 οὐκ
590 506 739 567 ὄντες
769 499 1026 573 Χριστοῦ,
1059 501 1148 556 διὰ
1170 501 1234 554 τὸ
1264 505 1373 567 τοῖς
1392 503 1492 573 τῆς
1521 503 1804 568 ἀπειθείας
1829 507 2018 576 ἐγκλή-

2134 512 2381 580 tegritale
2413 516 2694 578 praestant,
2724 512 2920 574 praeter
2951 514 3294 556 communem
3337 505 3693 555 resurrectio-

463 611 626 665 μασιν
655 591 1072 663 ἐνειλημμένους
1093 593 1342 664 ὁρᾶσθαι,
1379 595 1608 649 θανάτου
1642 596 2028 665 χαλεπωτέραν

455 686 554 756 τὴν
583 686 641 738 ἐν
659 683 985 747 τελευταίοις
1012 682 1198 747 ἕξουσι
1217 683 1384 754 ζωήν.
1425 685 1766 740 Ἀποτίσουσι
1795 687 1904 758 γὰρ
1943 688 2029 742 λό-

455 791 585 843 γους
612 774 706 828 καὶ
733 774 843 826 τῶν
869 774 1246 845 ἐπταισμένων
1303 775 1398 829 καὶ
1421 777 1519 847 τῆς
1550 777 1853 841 ἀπειθείας.
1877 779 1941 832 Ol
1965 779 2026 834 δέ

454 883 517 934 γε
545 866 696 928 ὄντες
731 865 919 931 αὐτοῦ,
947 867 1042 919 καὶ
1083 867 1197 919 ὅσοι
1230 866 1324 919 τοῦ
1365 867 1676 937 πνεύματος
1719 871 2026 942 οἰκειότητα

453 955 552 1025 τὴν
585 954 723 1026 πρὸς
747 955 878 1008 Θεὸν
908 955 1368 1027 πεπλουτηκότες,
1407 958 1501 1012 καὶ
1529 959 1724 1026 ἀγαθοὶ
1747 963 1870 1024 τοὺς
1899 962 2027 1033 τρόο

455 1063 612 1109 πους,
650 1046 785 1117 πρὸς
830 1049 895 1117 τῇ
947 1047 1241 1101 ἀναστάσει
1269 1051 1337 1120 τῇ
1391 1052 1567 1120 κοινῇ,
1609 1051 1704 1104 καὶ
1738 1050 1815 1121 τῷ
1843 1052 2028 1106 παλιν-

453 1138 720 1208 δρομῆσαι
745 1138 878 1208 πρὸς
913 1137 1078 1208 ζωὴν,
1128 1140 1307 1211 πάντη
1335 1157 1396 1193 τε
1440 1141 1542 1194 καὶ
1593 1143 1810 1206 πάντως
1841 1143 2023 1210 ’ἐξουσι

453 1229 522 1282 τά
548 1230 810 1300 ἑπόμενα,
845 1231 1115 1298 τουτέστι,
1140 1231 1210 1285 τὰ
1237 1232 1405 1302 δῶρα,
1431 1231 1538 1296 τὰς
1553 1233 1741 1304 τιμὰς,
1770 1236 1895 1298 τοὺς
1913 1253 2027 1288 στε-

453 1319 674 1388 φάνους,
703 1321 805 1386 τὰς
830 1322 1081 1391 ἀμοιϐὰς,
1109 1323 1209 1393 τὴν
1247 1323 1624 1395 λαμπρότητα.
1675 1326 1786 1378 Καὶ
1817 1343 2024 1398 μαρτυ-

453 1410 611 1479 ρήσει
645 1409 820 1477 λέγων
842 1411 870 1462 ό
902 1411 1133 1476 Παῦλος,
1161 1430 1180 1464 ι
1214 1412 1346 1466 Ἰδοὺ
1376 1415 1669 1484 μυστήριον
1693 1415 1819 1485 ὑμῖν
1845 1416 1986 1482 λέγω
2006 1435 2021 1451 ο

451 1499 662 1564 Πάντες
699 1502 798 1571 μὲν
825 1501 886 1555 οὐ
923 1502 1400 1574 κοιμηθησόμεθα·
1449 1505 1496 1558 οί
1541 1504 1740 1568 πάντες
1775 1506 1832 1559 δὲ
1864 1505 2026 1560 ἀλλα-

451 1589 755 1660 γησόμεθα,
807 1592 866 1645 ἐν
911 1591 1122 1662 ἀτόμῳ,
1178 1593 1236 1646 ἐν
1291 1595 1426 1665 ῥιπῇ
1489 1593 1790 1665 ὀφθαλμοῦ,
1855 1597 1915 1649 ἐν
1954 1598 2022 1666 τῇ

452 1680 659 1753 ἐσχάτῃ
699 1681 979 1751 σάλπιγγι’
1014 1683 1263 1737 σαλπίσει
1297 1683 1424 1755 γὰρ,
1448 1684 1542 1738 καὶ
1561 1686 1611 1738 οἱ
1640 1687 1826 1756 νεκροὶ
1864 1687 2022 1757 ἐγερ-

453 1771 710 1841 θήσονται
783 1771 1073 1844 ἄφθαρτοι,
1141 1773 1236 1827 καὶ
1282 1776 1440 1845 ἡμεῖς
1495 1775 1934 1845 ἀλλαγησόμεθα.
1997 1795 2016 1828 ι

2131 615 2253 655 nem
2325 609 2380 654 et
2434 599 2664 653 reditum
2723 597 2776 650 in
2816 597 3016 658 vitam,
3065 592 3226 664 plane
3275 591 3550 646 habebunt
3579 608 3694 662 qua

2127 699 2548 759 consequuntur,
2606 689 2709 742 hoc
2767 697 2870 752 est,
2923 688 3084 752 dona,
3138 684 3392 752 honores,
3439 698 3695 750 coronas,

2128 779 2608 843 remunerationes,
2639 777 2943 832 claritatem
2967 815 2981 840 ,
3015 775 3156 845 quod
3200 774 3399 829 Paulus
3440 773 3695 830 testiﬁca-

2128 881 2260 926 tur:
2291 889 2311 923 ι
2359 870 2498 925 Ecce
2559 867 2882 938 mysterium
2939 881 3040 936 ego
3091 868 3247 922 vobis
3296 865 3696 922 diho:0mnes

2125 961 2346 1032 quidem
2393 975 2497 1015 non
2541 960 2891 1024 dormiemus,
2925 972 3112 1011 omnes
3155 970 3334 1012 autem
3385 957 3694 1012 immutabio

2126 1068 2268 1118 mur,
2323 1053 2377 1107 in
2427 1061 2734 1116 momento,
2781 1050 2837 1105 in
2906 1051 3012 1104 ictu
3058 1049 3198 1104 oculi
3231 1089 3246 1112 ,
3287 1049 3339 1103 in
3403 1049 3693 1104 novissima

2128 1145 2252 1199 tuba
2289 1161 2304 1198 :
2335 1152 2495 1199 canet
2523 1143 2669 1197 enim
2704 1141 2854 1206 tuba,
2883 1149 2938 1196 et
2973 1140 3172 1195 mortui
3209 1149 3488 1209 resurgent
3514 1141 3694 1194 incor-

2126 1233 2289 1304 rupti,
2318 1243 2373 1290 et
2399 1247 2501 1288 nos
2535 1233 2942 1288 immutabimur
2962 1231 3040 1284 ⁷.»
3071 1229 3464 1298 Inquitigitur:
3494 1229 3695 1282 Ascen.

2125 1323 2252 1378 dent
2295 1325 2362 1380 de
2407 1333 2548 1378 terra
2577 1363 2592 1390 ,
2638 1324 2740 1379 hoc
2779 1332 2895 1387 est,
2949 1329 3255 1376 sanctorum
3295 1319 3457 1372 vitam
3509 1329 3562 1372 et
3597 1319 3694 1386 ipsi

2127 1417 2328 1481 vivent,
2379 1418 2502 1485 quia
2550 1429 2774 1484 magnus
2813 1414 2926 1469 dies
2975 1411 3206 1466 Jezrael.
3290 1410 3510 1478 Magnus
3551 1409 3693 1463 enim

2126 1521 2312 1560 revera
2345 1507 2460 1560 dies
2487 1504 2712 1568 Christi,
2741 1520 2847 1572 quo
2879 1519 3066 1558 omnes
3100 1504 3204 1555 vita
3238 1502 3454 1555 functos
3487 1500 3692 1554 excita-

2123 1595 2222 1652 bit.
2262 1596 2329 1651 Et
2365 1597 2653 1651 descendet
2682 1597 2902 1665 quidem
2946 1597 3012 1650 de
3058 1594 3194 1648 ctelo
3217 1633 3233 1659 ,
3269 1592 3479 1648 sedebit
3511 1600 3693 1644 autem

2123 1703 2288 1758 super
2335 1687 2530 1742 throno
2581 1687 2764 1754 gloria».
2820 1700 2952 1751 suae,
3005 1701 3024 1734 ι
3061 1692 3118 1757 et
3168 1684 3355 1736 reddet
3405 1681 3694 1750 unicuique

2121 1778 2270 1847 juxta
2296 1792 2460 1846 opera
2485 1777 2656 1831 suam
2690 1776 2840 1843 Quod
2868 1777 2912 1831 si
2941 1776 3064 1844 quis
3093 1789 3187 1844 per
3219 1760 3360 1826 diem
3394 1771 3695 1841 intelligere

465 1861 854 1934 ’Δναϐἡσονται
895 1863 1108 1931 τοίνυν,
1169 1864 1323 1934 φησὶ,
1368 1864 1481 1918 ἀπὸ
1538 1865 1635 1934 τῆς
1676 1867 1810 1936 γῆς,
1863 1883 2018 1920 τουτι-

2124 1870 2274 1924 malit
2321 1881 2532 1940 tempus
2575 1871 2860 1933 adventus,
2897 1885 3004 1938 quo
3052 1867 3300 1922 remissio
3347 1874 3693 1934 peccatorum

453 1951 592 2018 ἐστι,
637 1953 736 2024 τὴν
798 1953 908 2008 τῶν
949 1955 1120 2022 ἁγίων
1163 1955 1258 2009 καὶ
1302 1955 1457 2008 αὐτοὶ
1518 1953 1773 2025 ζήσονται
1839 1957 2017 2028 ζωὴν,

449 2045 532 2099 ὅτι
567 2046 774 2116 μεγάλη
806 2046 840 2117 ἡ
868 2045 1052 2117 ἡμέρα
1084 2045 1178 2100 τοῦ
1221 2045 1481 2117 Ἰεζραὲλ.
1519 2046 1744 2118 Μεγάλη
1792 2047 1900 2118 γὰρ
1930 2048 2019 2102 6v-

447 2153 556 2199 τως
583 2137 616 2206 ἡ
647 2135 829 2207 ἡμέρα
857 2136 1117 2207 Χριστοῦ,
1159 2136 1282 2190 καθ’
1313 2137 1378 2208 ἢν
1408 2135 1650 2200 ἅπαντας
1681 2139 1864 2207 ἐγερεῖ
1893 2137 2020 2202 τοὺς

446 2227 692 2298 νεκρούς.
734 2227 844 2282 Kal.
883 2228 1251 2300 καταϐήσεται
1290 2227 1389 2298 μὲν
1429 2228 1488 2295 ἐξ
1514 2229 1764 2298 οὐρανοῦ,
1808 2229 2018 2282 καθίσει

443 2319 504 2376 δὲ
535 2320 628 2373 ἐπὶ
668 2319 855 2392 θρόνου
884 2320 1041 2392 δόξης
1069 2321 1258 2376 αὐτοῦ.
1295 2340 1315 2374 ι
1355 2321 1464 2375 Καὶ
1500 2320 1768 2375 ἀποδώσει
1805 2322 2020 2393 ἑκάστῳ

2126 1961 2325 2016 tributa
2368 1971 2450 2018 est
2486 1976 2515 2015 a
2562 1961 2781 2016 Christo
2824 1960 3028 2016 Graecis
3058 1968 3112 2015 et
3157 1957 3376 2020 Judaris,
3411 1966 3465 2011 et
3499 1956 3587 2024 qui
3639 1955 3691 2006 in

2123 2051 2296 2118 ipsum
2341 2059 2730 2119 peccaverunt,
2770 2051 2931 2106 etiam
2977 2051 3140 2104 hic.a
3173 2049 3261 2102 via
3295 2047 3536 2101 veritatis
3585 2059 3692 2098 non

2124 2142 2420 2196 aberrabit.
2473 2142 2606 2196 Nam
2640 2151 2693 2196 et
2724 2141 2890 2196 David
2925 2141 3004 2196 sic
3040 2143 3105 2195 de
3152 2151 3389 2207 tempore
3431 2139 3694 2192 adventus

2124 2231 2348 2300 loquens
2377 2232 2452 2286 ait
2479 2250 2492 2286 :
2519 2251 2536 2283 ι
2564 2231 2688 2287 llzec
2711 2232 2848 2297 dies,
2868 2247 3027 2299 quam
3054 2230 3180 2284 fecit
3207 2231 3486 2294 Dominus,
3515 2227 3694 2282 exsul-

2124 2334 2297 2380 tentus
2328 2333 2381 2379 et
2414 2327 2656 2379 lmtemur
2690 2327 2742 2379 in
2770 2325 2881 2379 ea.’
2909 2345 2928 2377 ι

446 2412 590 2466 κατά
624 2412 693 2466 τὰ
738 2411 875 2483 ἔργα
923 2411 1107 2467 αὐτοῦ.
1161 2431 1181 2466 s
1248 2411 1311 2466 Εί
1353 2411 1411 2465 δὲ
1455 2412 1518 2483 δὴ
1563 2412 1806 2482 βούλοιτό
1853 2429 1935 2476 τις
1997 2415 2209 2484 ἡμέραν
2269 2417 2412 2468 νοεῖν
2464 2416 2554 2468 τὸν
2623 2417 2722 2486 τῆς
2783 2415 3079 2485 ἐπιδημίας
3136 2413 3348 2484 καιρὸν,
3401 2411 3521 2466 καθ’
3551 2411 3608 2464 ὃν
3659 2411 3692 2478 ἡ

446 2500 641 2570 ἄφεσις
671 2501 780 2555 τῶν
799 2503 1206 2574 ἡμαρτημένων
1229 2504 1409 2558 δέδοτο
1452 2505 1602 2575 παρά
1627 2503 1865 2574 Χριστοῦ
1889 2505 2114 2577 Ἕλλησί
2133 2525 2192 2559 τε
2231 2509 2324 2560 καὶ
2365 2508 2657 2572 Ἰουδαίοις,
2688 2509 2782 2560 καὶ
2809 2511 2922 2570 τοῖς
2986 2509 3066 2570 εἰς
3138 2507 3300 2560 αὑτὸν
3367 2505 3694 2574 πεπλημμε-

443 2592 654 2663 ληκόσι,
680 2593 909 2646 κατευθὺ
937 2595 1029 2647 καὶ
1065 2587 1218 2658 οὗτος
1241 2595 1347 2646 τῶν
1379 2595 1479 2664 τῆς
1517 2595 1773 2664 ἀληθείας
1812 2594 2074 2664 βαδιεῖται
2137 2595 2328 2665 λόγων.
2362 2595 2523 2652 Οὕτω
2583 2597 2677 2650 καὶ
2709 2598 2738 2649 ὁ
2771 2597 2934 2650 Δαϐὶδ
2997 2597 3099 2666 τῆς
3139 2594 3232 2649 τοῦ
3259 2594 3507 2664 Σωτῆρος
3536 2591 3692 2662 ἡμῶν

446 2683 735 2754 ἐπιδημίας
771 2686 862 2738 τὸν
909 2685 1096 2756 καιρὸν
1136 2686 1419 2755 ὑποφαίνει
1472 2687 1677 2755 λέγων·
1728 2704 1746 2738 ι
1787 2684 1935 2756 Αὕτη
1976 2689 2009 2759 ἡ
2049 2687 2229 2760 ἡμέρα
2289 2689 2355 2759 ἢν
2411 2689 2666 2760 ἐποίησεν
2706 2690 2736 2742 ό
2795 2687 3022 2758 Κύριος,
3073 2687 3548 2758 ἀγαλλιασώμεθα,
3596 2683 3692 2740 καὶ

449 2777 842 2848 εὐφρανθῶμεν
873 2781 930 2831 ἐν
953 2779 1113 2850 αὐτῇ.
1151 2798 1171 2831 ι

1043 2868 1296 2922 ΚΕΦΑΛ.
1348 2868 1424 2923 B'.

512 2955 737 3010 Εἴπατε
784 2955 866 3021 τῷ
908 2955 1144 3027 ἀδελφῷ
1198 2957 1383 3025 ὑμῶν,
1414 2957 1574 3026 Ααός
1606 2976 1748 3028 μου,
1795 2959 1894 3014 καί
1940 2957 2018 3029 τῇ

441 3043 681 3114 ἀδελφῇ
708 3043 893 3114 ὑμῶν,
937 3044 1281 3114 Ἠλεημένη.

511 3136 570 3188 ι’.
637 3134 973 3202 Ἀναγκαίως
1031 3136 1235 3206 σφόδρα
1279 3137 1392 3200 τοῖς
1449 3136 1549 3209 ἡδη
1601 3140 2019 3210 προειρημένοις

443 3224 694 3296 ἐπιφέρει
727 3226 820 3280 καὶ
849 3223 1037 3278 ταῦτα.
1098 3225 1315 3298 Ἐπειδὴ
1347 3227 1456 3300 γὰρ
1488 3229 1731 3300 εἴρηκεν,
1784 3231 1860 3293 ὼς
1914 3231 2020 3284 ὑπὸ

449 3315 576 3386 μίαν
609 3315 822 3370 ἔσονται
855 3317 1051 3380 πάντες
1068 3317 1264 3389 ἀρχὴν,
1283 3319 1496 3383 οὐδενὸς
1510 3321 1589 3373 ἔτι
1606 3321 2020 3392 διατειχίζοντος

446 3408 480 3478 ἢ
493 3406 862 3477 διατέμνοντος
874 3408 953 3469 είς
966 3408 1249 3478 διχόνοιαν,
1276 3411 1585 3482 κρατούσης
1599 3411 1656 3464 δὲ
1683 3412 1882 3483 μᾶλλον
1899 3413 2022 3483 ὁμο-

447 3498 666 3568 ψυχίας,
696 3499 788 3552 καὶ
807 3501 885 3562 εἰς
917 3499 1144 3569 ἐνότητα
1167 3499 1266 3570 τὴν
1285 3502 1342 3554 ἐν
1364 3500 1636 3572 πνεύματι
1653 3501 2020 3574 συλλεγούσης

445 3587 692 3650 ἅπαντας
722 3589 819 3657 τῆς
850 3589 930 3651 εἰς
949 3589 1181 3659 Χριστὸν
1214 3590 1468 3656 πίστεως,
1498 3592 1684 3645 λοιπὸν
1706 3593 2019 3662 ἀναγκαίως

442 3678 503 3730 τὸ
524 3676 736 3748 πνεῦμα
760 3678 1096 3749 προστέταχε
1121 3683 1232 3743 τοῖς
1250 3680 1349 3751 ἡδη
1377 3681 1477 3752 τὴν
1498 3683 1679 3737 πίστιν
1708 3684 2014 3754 πεπλουτη-

447 3767 686 3829 κόσι,καὶ
713 3768 990 3835 γεγονόσιν
1006 3768 1108 3820 ὑπὸ
1132 3768 1371 3838 Χριστῷ,
1391 3771 1588 3841 μηκέτι
1609 3772 1709 3842 τὴν
1725 3772 1861 3843 πρὸς
1873 3769 2019 3825 ὲκεί-

443 3875 566 3919 νους
596 3857 1182 3927 εἰρήνηνξάποσείεσθαι
1210 3859 1402 3927 φιλεῖν,
1429 3860 1478 3913 οἶ
1497 3861 1723 3925 δικαίως
1753 3863 2018 3932 κέκληντο

453 3947 656 4010 ’Υλαός
686 3964 810 4016 μου,
828 3947 924 4000 κα)⁸
956 3947 1280 4019 Ἠλεημένη.
1303 3951 1724 4022 Είσδεδεγμένου
1741 3953 1848 4023 γὰρ
1871 3954 2016 4020 ἀπαξ

447 4038 540 4091 τοῦ
584 4041 820 4111 Ἰσραὴλ,
845 4043 939 4094 καὶ
971 4044 1334 4113 νομισαμένου
1366 4045 1464 4114 τὴν
1493 4047 1708 4114 ἄφεσιν,
1735 4048 1828 4100 καὶ
1855 4064 2016 4116 γεγο-

453 4127 599 4189 νότος
620 4129 724 4181 ὐπδ
759 4131 1004 4200 Χριστῷ,
1036 4133 1148 4194 πῶς
1177 4130 1242 4200 ἦν
1289 4135 1578 4190 ἀκόλουθον
1611 4138 1867 4207 διχονοεῖν
1913 4140 2012 4203 ἔτι,

453 4216 544 4268 καὶ
575 4217 694 4286 οὐχὶ
721 4217 785 4289 δὴ
815 4218 1014 4288 μᾶλλον
1037 4222 1092 4272 ἐν
1119 4223 1343 4292 ὁμονοίᾳ
1361 4223 1626 4278 διατελεῖν
1654 4229 1781 4289 τοὺς
1818 4229 1898 4282 ἐνὶ
1939 4229 2016 4300 τῷ

447 4308 546 4376 τῆς
575 4307 848 4372 υίοθεσίας
890 4309 1158 4380 πνεύματι
1208 4313 1574 4383 κεκλημένους
1614 4317 1692 4380 είς
1720 4317 2014 4389 ἀδελφότη-

2195 2958 2356 3012 Vens.
2390 2957 2440 3011 1.
2486 2955 2653 3010 Dicite
2696 2866 3101 3024 ﬁajllrictilry,‘
3138 2953 3371 3021 Pupulus
3417 2975 3588 3025 meus,
3641 2972 3690 3016 et

2047 3079 2089 3138 α
2123 3049 2290 3102 sorori
2326 3058 2528 3113 vestrae,
2566 3045 2983 3100 Misericordiam
3017 3056 3310 3100 consecuta.

2191 3138 2258 3192 Χ.
2291 3137 2458 3192 Dictis
2516 3136 2619 3190 ista
2655 3136 2925 3204 subjicere
2967 3135 3186 3190 omnino
3224 3136 3484 3204 oportuit.
3531 3137 3689 3191 Post-

2120 3243 2278 3296 quam
2300 3227 2443 3281 enim
2472 3226 2626 3286 dixit,
2651 3226 2750 3279 sub
2775 3239 2881 3277 uno
2903 3224 3204 3294 principatu
3231 3239 3420 3280 omnes
3451 3225 3690 3292 futuros,

2121 3318 2335 3373 nemine
2389 3316 2441 3370 in
2492 3323 2766 3385 posterum
2807 3315 2874 3368 ad
2923 3314 3244 3368 discordiam
3292 3314 3580 3371 dirimente
3625 3332 3689 3373 ac

2129 3410 2434 3475 divellente,
2465 3408 2644 3478 potius
2683 3406 2988 3462 animorum
3021 3405 3376 3462 consensione
3405 3405 3689 3462 dominan-

2121 3513 2202 3569 te,
2240 3511 2294 3556 et
2343 3502 2410 3556 ad
2467 3500 2724 3554 unionem
2769 3497 2823 3552 in
2869 3497 3062 3567 spiritu
3135 3495 3262 3551 ﬁdei
3309 3498 3363 3552 in
3412 3495 3688 3552 Christum

2118 3607 2307 3649 omnes
2355 3589 2678 3659 colligente,
2744 3589 2810 3642 de
2860 3598 3054 3641 caetero
3101 3591 3413 3641 necessario
3465 3587 3688 3656 spiritus

2113 3684 2294 3754 jussit,
2323 3684 2424 3738 ﬁde
2446 3684 2554 3751 jam
2591 3680 2863 3749 praeditos,
2899 3687 2954 3733 et
2985 3679 3084 3732 sub
3125 3678 3398 3732 Christum
3461 3678 3688 3746 subjun-

2122 3788 2264 3841 ctos,
2287 3790 2393 3830 non
2418 3772 2650 3840 amplius
2668 3770 2902 3825 studium
2931 3769 3080 3838 pacis
3107 3784 3232 3837 erga
3257 3769 3375 3824 illos
3401 3771 3686 3839 repellere,

2119 3868 2209 3936 qui
2248 3867 2370 3936 jure
2411 3863 2588 3918 vocati
2638 3863 2746 3917 sint
2785 3859 3010 3930 populus
3053 3874 3225 3927 meus,
3268 3870 3322 3915 et
3374 3863 3685 3917 misericor-

2117 3960 2260 4012 diam
2291 3963 2607 4012 consecuta.
2642 3953 2934 4021 Postquam
2965 3950 3107 4005 enim
3148 3952 3314 4007 semel
3360 3950 3523 4008 Israel
3567 3970 3687 4008 sus-

2118 4059 2304 4117 ceptus
2332 4056 2436 4110 est,
2467 4044 2954 4111 remissionemque
2985 4043 3317 4111 impetravit,
3345 4051 3398 4096 et
3431 4043 3496 4097 ad
3528 4045 3686 4097 Chri-

2120 4151 2259 4192 stum
2302 4151 2360 4192 se
2408 4136 2687 4204 adjunxit,
2725 4149 2832 4202 quo
2881 4141 3040 4200 pacto
3074 4132 3248 4184 adhuc
3291 4131 3584 4195 dissidere,
3633 4141 3685 4186 et

2119 4243 2225 4281 non
2270 4228 2447 4293 potius
2483 4227 2536 4278 in
2579 4222 2872 4278 concordia
2919 4230 3196 4289 perstare,
3251 4221 3304 4274 in
3344 4235 3449 4274 uno
3498 4223 3685 4288 spiritu

2121 4315 2425 4386 adoptionis
2480 4314 2710 4368 ﬁliorum
2765 4311 2858 4366 Dei
2904 4311 2971 4366 ad
3023 4310 3415 4365 fraternitatem
3467 4322 3686 4366 vocatus

441 4413 545 4463 ca;
581 4392 651 4451 Ὦ
677 4398 880 4467 τοίνυν,
905 4401 1089 4472 φησὶν,
1123 4404 1169 4455 oi
1208 4403 1384 4457 πίστει
1406 4407 1469 4477 τῇ
1506 4408 1586 4470 είς
1602 4404 1832 4480 Χριστὸν
1858 4410 2013 4462 ἐκλε-

2122 4414 2538 4460 consentaneum
2600 4401 2739 4456 fuit?
2787 4399 2964 4470 lnquit
3016 4413 3146 4468 ergo
3185 4417 3199 4454 :
3243 4400 3286 4453 Ο
3329 4401 3419 4468 qui
3475 4400 3575 4453 ﬁde
3632 4401 3683 4454 iu

441 4487 877 4562 λαμπρυσμένοι,
907 4492 1002 4544 καὶ
1025 4491 1094 4545 τὰ
1124 4492 1222 4562 τῆς
1243 4495 1593 4567 γνησιότητος
1633 4497 1887 4569 λαχόντες
1913 4500 2012 4552 αὑ-

442 4581 684 4652 χήματα,
721 4581 800 4652 τῷ
842 4581 1056 4653 ἀδελφῷ
1109 4583 1282 4653 ὑμῶν,
1348 4585 1427 4656 τῷ
1472 4587 1641 4641 πάλαι
1671 4588 1895 4653 δικαίως
1937 4591 2011 4642 Οὐ

442 4671 567 4734 λαός
596 4689 698 4741 μου
728 4671 1072 4744 κεκλημένῳ,
1085 4673 1272 4744 λέγετε
1292 4677 1717 4746 λοιπδντὸ,Λαός
1750 4697 1849 4749 μου
1870 4697 1884 4712 ·
1916 4681 2012 4734 καὶ

441 4765 507 4833 τῇ
566 4764 765 4836 ἀδελφῇ
806 4765 980 4835 ὑμῶν,
1053 4769 1117 4838 τῇ
1173 4768 1286 4821 Οὐκ
1328 4769 1625 4842 ἡλεημένη,
1688 4772 1874 4840 λέγετε
1930 4771 2012 4838 τὸ,

427 4842 755 4926 Ἠλεημένη.
779 4857 889 4909 Καὶ
918 4857 1028 4928 γάρ
1055 4859 1202 4911 ἐστιν
1243 4861 1559 4929 ἀναγκαῖον,
1595 4862 1910 4934 σύμφρονας
1937 4861 2014 4932 τῷ

443 4944 688 5016 Δεσπότῃ
719 4947 842 5010 τοὺς
872 4948 974 5000 ὑπὸ
997 4951 1154 5020 χεῖρα
1185 4951 1469 5018 φαίνεσθαι
1501 4952 1681 5017 λαοὺς,
1710 4955 1805 5007 καὶ
1842 4953 2013 5006 ταὺτά

445 5034 728 5105 βούλεσθαι
759 5037 835 5106 τῷ
873 5039 1062 5109 πατρὶ,
1102 5041 1228 5103 τοὺς
1270 5042 1349 5104 εἰς
1382 5042 1608 5113 ἑνότητα
1644 5044 2013 5114 κεκλημένους

439 5128 525 5180 διὰ
554 5128 656 5198 τῆς
690 5128 944 5199 χάριτος·
984 5131 1209 5200 ἥδεσθαί
1253 5150 1310 5185 τε
1353 5134 1572 5204 μᾶλλον,
1615 5135 1696 5188 ὅτι
1744 5136 2012 5188 σέσωσται

440 5220 498 5272 τὸ
523 5222 871 5292 κατάλειμμα
920 5223 1026 5275 τῶν
1069 5223 1129 5288 ἐξ
1174 5226 1407 5297 Ἰσραὴλ,
1457 5227 1552 5280 καὶ
1603 5228 1650 5279 oi
1701 5226 1867 5279 πάλαι
1928 5225 2014 5278 διὰ

442 5310 639 5382 πολλὴν
674 5311 958 5366 ἀπείθειαν
980 5315 1376 5386 ἀπερριμμένοι
1414 5314 1508 5370 νῦν
1533 5316 1787 5383 γεγόνασι
1809 5315 2010 5378 δεκτοὶ,

441 5403 534 5454 καὶ
569 5404 885 5474 ἡγιασμένοι
926 5405 1108 5458 λοιπὸν
1153 5408 1210 5460 ἐν
1249 5406 1494 5476 Χριστῷ,
1540 5406 1607 5458 δι’
1634 5400 1714 5472 οὗ,
1758 5407 1854 5459 καὶ
1895 5406 2013 5475 μεθ’

441 5486 500 5543 οὗ
523 5493 598 5563 τῷ
625 5495 740 5564 Θεῷ
763 5497 856 5548 καὶ
898 5497 1074 5565 Πατρὶ
1109 5499 1142 5565 ἡ
1189 5497 1333 5563 δόξα,
1398 5497 1494 5549 σὺν
1543 5495 1620 5565 τῷ
1659 5496 1798 5565 ἁγίῳ
1846 5495 2017 5548 Πνεῦ-

450 5600 595 5652 ματι,
616 5588 693 5650 εἰς
715 5589 840 5650 τοὺς
871 5589 1075 5651 αἰῶνας
1100 5589 1210 5641 τῶν
1246 5589 1479 5641 αἰώνων.
1520 5589 1711 5658 Ἀμήν.

519 5786 536 5814 '
567 5785 583 5838 Ι
610 5787 729 5841 Cor.
760 5803 842 5851 xv,
874 5791 956 5851 Si,
1001 5791 1088 5844 5‘2.
1170 5791 1188 5820 ⁸
1227 5790 1413 5844 Matth.
1452 5805 1555 5851 xu,
1591 5792 1674 5843 ‘27.

2119 4497 2392 4553 Christum
2442 4493 2727 4548 illuminati
2771 4503 3260 4561 germanorumque
3304 4489 3535 4543 ﬁliorum
3566 4491 3680 4560 glo-

2121 4591 2255 4644 riam
2288 4588 2463 4642 sortiti
2505 4586 2660 4649 estis,
2693 4583 2842 4637 lratri
2877 4591 3078 4646 vestro,
3117 4583 3208 4649 qui
3261 4583 3530 4649 quondam
3573 4597 3682 4638 me-

2123 4680 2245 4745 rito,
2282 4677 2396 4733 Non
2415 4677 2639 4746 populus
2673 4688 2846 4739 meus,
2879 4673 3194 4737 vocabatur,
3221 4672 3381 4727 dicite
3429 4673 3682 4727 tandem:

2124 4769 2355 4837 Populus
2393 4782 2577 4834 meus;
2612 4774 2666 4820 et
2704 4765 2877 4820 sorori
2915 4772 3128 4826 vestras,
3171 4777 3288 4830 qua:
3317 4761 3430 4814 Non
3477 4761 3682 4815 miseri-

2122 4861 2359 4914 cordiam
2406 4865 2728 4921 consecuta,
2774 4854 2933 4908 dicite
2965 4871 2977 4906 :
3007 4851 3436 4906 Misericordiam
3495 4864 3682 4904 conse-

2120 4962 2262 5004 cuta.
2313 4948 2550 5017 Subjecti
2596 4948 2739 5002 enim
2785 4961 2907 5000 cum
2954 4945 3184 4999 Domino
3225 4941 3507 4996 sententiis
3553 4955 3681 4994 con-

2120 5054 2312 5109 gruere
2342 5042 2622 5093 videantur
2659 5049 2880 5092 necesse
2927 5046 3046 5100 est,
3081 5044 3135 5087 et
3165 5033 3350 5087 eadem
3399 5030 3534 5084 velle
3568 5045 3681 5098 quae

2120 5139 2294 5198 pater,
2328 5129 2384 5193 ii,
2417 5128 2507 5198 qui
2539 5127 2592 5180 in
2623 5126 2880 5180 unitatem
2923 5124 3154 5178 ﬁliorum
3199 5135 3294 5189 per
3322 5119 3548 5189 gratiam
3587 5133 3680 5171 vo-

2121 5221 2226 5276 cati
2262 5227 2411 5284 sunt;
2441 5227 2496 5272 et
2538 5217 2712 5274 laetari
2744 5215 2948 5284 magis,
2985 5213 3220 5267 salvatas
3258 5225 3378 5265 esse
3426 5211 3680 5278 reliquias

2119 5313 2309 5376 Israel,
2344 5320 2397 5366 ct
2427 5311 2515 5379 qui
2549 5311 2674 5364 olim
2703 5316 2922 5377 propter
2956 5317 3207 5373 magnam
3243 5301 3681 5355 incredulitatem

2124 5402 2306 5468 rejecti
2338 5400 2570 5464 fuerant,
2596 5412 2736 5452 nunc
2766 5395 3055 5457 admissos,
3079 5401 3134 5445 et
3162 5395 3227 5446 de
3249 5400 3446 5446 caetero
3474 5389 3681 5444 sancti-

2127 5492 2312 5545 ﬁcatus
2341 5505 2460 5544 esse
2495 5491 2548 5542 in
2577 5491 2819 5550 Christo,
2855 5500 2951 5553 per
2983 5499 3164 5551 quem,
3211 5493 3264 5536 et
3293 5497 3412 5535 cum
3447 5495 3552 5548 quo
3582 5480 3681 5529 lico

2128 5590 2180 5632 et
2217 5579 2360 5633 Patri
2390 5579 2577 5646 gloria,
2607 5593 2727 5632 cum
2756 5583 2942 5632 sancto
2969 5574 3167 5642 Spiritu
3201 5575 3254 5628 iu
3288 5571 3477 5628 scccula
3511 5581 3680 5621 szecu-

2128 5673 2321 5723 lorum.
2368 5669 2557 5721 Amen.

1755 5791 1773 5818 9
1814 5786 1951 5838 i‘sal
1979 5801 2141 5847 cvm,
2177 5788 2263 5838 Ἡ.
