4098 6276
391 349 462 406 ss
1417 347 1474 404 s.
1517 347 1792 406 CYRILLI
1828 330 2304 406 ALEXA'NDRINI
2341 345 2661 406 ARCHIEP.
3573 357 3642 414 ω

619 494 1020 587 TOMUS
1093 497 1748 592 SECUNDUS.
1997 475 2042 529 Α

1997 475 2042 529 Α
2324 495 2706 582 ΤΟΜΟΣ
2787 491 3367 580 ΔΕΥΤΕΡΟΣ.

465 703 628 761 Vens.
671 707 722 760 2.
769 707 989 777 Litigale
1017 727 1132 763 cum
1169 722 1334 766 matre
1361 723 1561 777 vestra,
1596 715 1816 785 tiligate,
1840 716 1964 784 quia

2137 711 2387 779 Κρίθητε
2416 709 2564 778 πρὸς
2592 707 2706 774 τὴν
2749 709 2969 787 μητέρα
3012 709 3200 776 ὑμῶν,
3250 708 3510 774 κρίθητε,
3556 707 3639 760 ὅτι

390 792 504 861 ipsa
535 814 633 850 non
667 815 798 851 uxor
832 816 966 866 utea,
993 811 1038 852 cl
1067 818 1157 870 ego
1195 817 1298 855 non
1328 803 1406 855 vir
1439 803 1576 873 ejus.

2065 801 2215 868 αὓτη
2246 803 2318 854 οὐ
2367 800 2518 868 γυνή
2564 818 2706 868 μου,
2747 801 2844 854 καὶ
2879 799 2993 870 ἐγὼ
3020 801 3131 854 οὐκ
3166 798 3323 866 ἀνὴρ
3355 798 3566 866 αὐτῆς.

462 945 550 1000 Kl.
589 947 724 1001 Cum
763 951 914 1017 prius
949 949 1196 1014 dixisset,
1239 951 1494 1020 rejectum
1535 955 1599 1009 iri
1643 957 1830 1020 lsracl,
1863 974 1964 1016 nec

2133 957 2237 1009 ΙΝ.
2279 955 2650 1027 Προειρηκὼς,
2679 957 2759 1010 ὅτι
2792 955 2887 1009 καὶ
2912 955 3218 1026 ἀπόϐλητος
3239 954 3391 1008 ἔσται
3421 956 3642 1016 δικαίως

390 1037 692 1103 immerito,
730 1049 785 1093 et
819 1041 1038 1109 insuper
1085 1053 1331 1098 vocatum
1398 1045 1460 1099 iri
1523 1063 1626 1103 non
1687 1051 1959 1119 pepulum,

2061 1047 2090 1098 ό
2130 1046 2362 1118 Ἰσραὴλ,
2389 1047 2713 1117 κεκλήσεται
2760 1048 2816 1100 δὲ
2857 1047 2993 1118 πρὸς
3033 1049 3207 1118 τούτῳ
3241 1047 3334 1100 καὶ
3363 1049 3424 1100 οὐ
3473 1048 3599 1110 λαός
3625 1066 3637 1078 ·

387 1131 682 1196 quinetiam
767 1133 1164 1188 multitudinem
1250 1135 1460 1191 Domini
1541 1139 1958 1198 interfectricem

2061 1135 2154 1188 καὶ
2191 1135 2294 1204 μὴν
2315 1136 2396 1187 ὅτι
2425 1137 2518 1188 καὶ
2540 1137 2573 1205 ἡ
2606 1135 2815 1205 πληθὺς
2849 1137 2882 1206 ἡ
2911 1136 3260 1208 κυριοκτόνος
3293 1135 3446 1188 ἔσται
3470 1137 3639 1208 δήπου

389 1220 505 1274 fore
550 1222 771 1275 omnino
821 1225 1026 1292 absque
1091 1227 1486 1293 misericordia,
1535 1241 1589 1284 et
1639 1232 1760 1298 jure
1815 1238 1957 1306 cpti-

2061 1225 2278 1289 πάντως
2332 1226 2433 1278 οὐκ
2490 1225 2790 1296 ἡλεημένη,
2831 1226 2926 1280 καὶ
2984 1227 3193 1297 σφόδρα
3224 1227 3452 1289 είκότως
3478 1244 3490 1256 ο
3525 1223 3640 1280 εἶτα

388 1328 532 1380 ιιιο;
589 1313 780 1369 deinde
830 1316 1011 1370 statim
1073 1319 1462 1385 subjunxisset,
1521 1323 1724 1379 ultimis
1774 1330 1956 1382 szeculi

2058 1317 2267 1378 τούτοις
2294 1317 2626 1384 ἐπενεγκὼν,
2653 1317 2747 1370 καὶ
2777 1318 2876 1382 οὐκ
2903 1319 2983 1380 εἰς
3017 1317 3255 1388 μακρὰν,
3285 1317 3382 1388 τὴν
3407 1319 3464 1369 ὲν
3490 1318 3643 1387 ἑσχά-

389 1406 724 1474 temporibus
779 1406 1012 1462 futuram
1063 1413 1471 1468 conversionem
1526 1429 1625 1483 per
1684 1416 1842 1471 ﬁdem
1903 1422 1954 1474 in

2059 1425 2170 1470 τοις
2216 1408 2310 1461 τοῦ
2354 1408 2548 1471 αἰῶνος
2600 1411 2814 1479 καιροῖς
2861 1410 3126 1479 ἐσομένην
3176 1409 3511 1478 ἐπιστροφὴν
3554 1409 3642 1462 διά

387 1495 694 1576 Christum,
734 1513 855 1551 cum
885 1499 1132 1557 diceret:
1172 1521 1191 1554 ι
1227 1505 1295 1559 Εῑ
1337 1511 1812 1577 congregabuntur
1860 1514 1954 1567 lilii

2059 1499 2295 1562 πίστεως
2337 1502 2415 1562 εἰς
2445 1497 2698 1570 Χριστὸν,
2731 1499 2818 1553 διά
2861 1515 2923 1567 γε
2966 1497 3062 1551 τοῦ
3088 1498 3274 1568 φάναι,
3304 1517 3322 1549 ι
3363 1499 3472 1552 Καὶ
3514 1516 3638 1552 συν-

384 1587 555 1655 Juda,
621 1597 675 1644 et
728 1588 822 1644 ﬁlii
877 1590 1038 1646 lsrael
1093 1595 1278 1660 simul,
1337 1608 1392 1650 et
1450 1601 1778 1655 constituent
1855 1605 1954 1659 sibi

2058 1591 2383 1662 αχθήσονται
2408 1594 2455 1644 οἱ
2477 1592 2583 1644 υἱοὶ
2611 1590 2799 1655 Ἰούδα,
2817 1591 2910 1644 καὶ
2925 1592 2972 1644 οί
2987 1591 3094 1643 υἱοὶ
3109 1591 3323 1662 Ἰσραὴλ
3335 1591 3639 1658 ὲπιτοαυτὸ,

385 1678 746 1750 principatum
793 1698 960 1736 unum
989 1684 1054 1748 ⁸⁸,
1117 1704 1136 1736 ι
1176 1695 1454 1758 totamque
1495 1706 1522 1743 a
1573 1692 1838 1762 principio
1867 1712 1956 1751 us-

2059 1685 2152 1736 καὶ
2199 1682 2451 1754 θήσονται
2489 1684 2722 1746 ἑαυτοῖς
2759 1683 2932 1762 ἀρχὴν
2957 1682 3107 1753 μίαν,
3146 1701 3162 1733 ι
3193 1683 3411 1737 ἅπασάν
3436 1701 3495 1738 τε
3547 1685 3640 1737 ἀπ’

381 1787 489 1841 que
516 1773 581 1827 ad
630 1774 789 1828 linem
817 1777 1174 1832 oeconomiam
1222 1791 1562 1838 enarrasset:
1597 1786 1788 1840 transit
1821 1774 1943 1853 'jam
1986 1804 1999 1858 ι

2019 1809 2028 1855 ι
2059 1775 2233 1846 ἀρχῆς
2270 1763 2429 1846 μέχρι
2461 1775 2646 1838 τέλους
2692 1775 2792 1844 τὴν
2841 1775 3154 1845 οἰκονομίαν
3184 1776 3637 1846 ἀφηγησάμενος,

385 1859 440 1913 in
474 1861 558 1915 his
589 1863 654 1914 ad
694 1864 988 1932 detegenda
1034 1867 1262 1921 crimina
1309 1884 1517 1939 eorum,
1547 1871 1654 1943 32
1680 1874 1769 1942 qui
1810 1875 1957 1945 juste

2061 1866 2268 1938 μέτεισι
2299 1867 2479 1920 λοιπον
2505 1870 2561 1920 ὲν
2587 1865 2797 1929 τούτοις
2835 1867 2928 1919 ἐπὶ
2957 1868 3019 1920 τὸ
3063 1867 3306 1938 γυμνοῦν
3346 1866 3415 1920 τὰ
3440 1867 3639 1938 ἐγκλή-

385 1951 569 2019 rejecti
609 1952 845 2022 fuerunt,
876 1966 929 2011 et
956 1972 1184 2026 quorum
1212 1974 1376 2015 causa
1411 1976 1473 2017 ea
1510 1966 1619 2032 pati
1651 1966 1796 2035 ipsos
1826 1983 1955 2023 cou-

2061 1975 2204 2028 ματα
2228 1958 2336 2010 τῶν
2385 1957 2546 2020 ὁσίως
2585 1957 3068 2026 ἀποὸεόλημένων,
3101 1958 3195 2011 καὶ
3214 1957 3282 2011 τά
3310 1960 3393 2025 ἐφ’
3429 1952 3508 2021 οἷς
3542 1959 3640 2011 αύ-

386 2043 588 2112 tigerit,
639 2045 690 2100 in
728 2048 964 2103 medium
1004 2051 1286 2120 perspicue
1319 2053 1558 2112 adducit.
1609 2055 1844 2115 Proinde
1878 2061 1955 2115 ait

2055 2050 2181 2112 τοὺς
2210 2050 2390 2102 ἐκεῖνα
2431 2049 2626 2103 παθεῖν
2679 2047 3051 2118 συμῆέὸηκεν,
3077 2049 3156 2110 είς
3189 2048 3351 2118 μέσον
3380 2049 3501 2116 ἄγει
3547 2066 3642 2101 σα-

383 2133 451 2185 ad
487 2131 914 2190 misericordiam
942 2151 1284 2208 consecutos,
1319 2151 1373 2197 et
1401 2155 1670 2213 receptos,
1696 2157 1751 2202 et
1788 2164 1956 2218 popu-

2057 2139 2190 2208 φῶς.
2244 2140 2533 2211 Τοίγαρτοί
2597 2157 2733 2208 φησι
2790 2139 2926 2212 πρὸς
2965 2139 3091 2202 τοὺς
3132 2139 3468 2210 ὴλεημένους
3520 2140 3639 2210 μὲν,

384 2221 490 2276 lum
527 2223 617 2279 Dei
655 2224 848 2288 factos.
883 2228 1236 2285 nihilominus
1271 2246 1334 2286 ex
1369 2229 1658 2306 Synagoga
1699 2246 1952 2306 tanquam

2057 2233 2151 2284 καὶ
2199 2231 2657 2300 είσδεδεγμένους,
2714 2230 2808 2283 καὶ
2854 2232 2933 2293 είς
2982 2230 3113 2283 λαόν
3155 2230 3446 2299 γεγονότας
3483 2231 3638 2296 Θεοῦ,

381 2328 448 2368 ex
484 2315 773 2373 fornicaria
811 2321 1042 2390 quadam
1091 2333 1270 2391 natos,
1335 2323 1568 2396 Litigate
1613 2342 1737 2382 cum
1783 2339 1956 2385 matre

2058 2321 2194 2392 πλὴν
2223 2317 2312 2375 οἷά
2342 2339 2483 2386 τινος
2511 2323 2717 2392 πόρνης
2743 2320 3124 2389 ὲκπεφυκότας
3152 2320 3251 2390 τῆς
3290 2322 3637 2390 Συναγωγῆς,

384 2417 588 2470 vestra,
637 2409 861 2479 litigate.
980 2412 1041 2468 Si
1093 2416 1238 2469 enim
1283 2431 1502 2472 causam
1565 2419 1726 2474 vultis
1773 2435 1953 2486 nosse,

2057 2413 2297 2484 Κρίθητε
2339 2413 2474 2482 πρὸς
2529 2411 2628 2482 τὴν
2677 2407 2891 2482 μητέρα
2923 2411 3100 2481 ὑμῶν,
3148 2411 3395 2483 κρίοητε,
3440 2414 3501 2466 Ei
3536 2414 3642 2484 γὰρ

384 2495 581 2566 inquit,
613 2515 781 2569 quare
813 2499 930 2556 Non
958 2505 1186 2573 populus
1209 2520 1381 2573 meus,
1411 2515 1466 2562 ct
1493 2507 1712 2576 Absque
1740 2510 1956 2564 miseri-

2056 2504 2120 2574 δὴ
2150 2502 2424 2574 βούλεσθε,
2475 2503 2663 2572 φησὶν,
2720 2499 3019 2572 ἀναμαθεῖν
3067 2500 3166 2565 τάς
3199 2503 3395 2565 αἰτίας,
3441 2504 3528 2572 ἐφ’
3555 2500 3642 2566 αἷς

383 2590 568 2642 cordia
614 2590 827 2647 fueritis
887 2603 943 2648 et
979 2598 1155 2650 vocati
1189 2596 1310 2653 sitis
1355 2607 1484 2653 ante
1517 2601 1953 2665 conversionem,

2059 2596 2119 2649 ού
2179 2596 2304 2658 λαός
2336 2612 2461 2666 μου,
2495 2595 2589 2648 καὶ
2635 2595 2735 2646 οὐκ
2783 2592 3061 2665 ὴλεημένη
3110 2595 3371 2662 γεγόνατέ
3420 2612 3478 2647 τε
3549 2596 3641 2648 καὶ

386 2694 493 2732 ιιοιι
542 2693 626 2735 me
671 2682 722 2735 in
783 2697 878 2738 vos
917 2675 1295 2742 inclementem
1345 2696 1398 2743 et
1441 2688 1508 2743 ab
1556 2703 1741 2744 amore
1790 2692 1955 2746 vestri

2058 2686 2323 2758 κέκλησθε
2351 2686 2493 2740 κατά
2519 2702 2583 2754 γε
2608 2685 2734 2748 τοὺς
2774 2684 3000 2756 χρόνους
3043 2686 3170 2748 τοὺς
3223 2685 3329 2755 πρὸ
3376 2686 3476 2755 τῆς
3533 2687 3641 2738 ἑπι-

384 2769 770 2826 abhorrentem
804 2771 1117 2830 invenietis.
1149 2775 1384 2847 Litigate
1414 2788 1593 2832 autem
1622 2795 1744 2835 cum
1783 2789 1958 2836 matre

2060 2780 2322 2850 στροφῆς,
2381 2778 2481 2832 οὐκ
2510 2777 2610 2847 ἐμὲ
2648 2778 2908 2846 γεγονότα
2944 2775 3073 2846 περὶ
3123 2776 3266 2846 ὑμᾶς
3313 2776 3494 2846 ἀπηνῆ
3551 2775 3642 2830 καὶ

385 2870 588 2929 vestra,
612 2864 867 2932 quoniam
897 2881 1207 2935 germanam
1237 2883 1364 2940 erga
1394 2885 1480 2924 me
1505 2871 1824 2928 cbaritatem
1850 2890 1955 2930 non

2058 2871 2320 2941 ὀλίγωρον
2367 2872 2446 2932 είς
2499 2869 2884 2940 φιλοστοργίαν
2957 2870 3239 2940 εὑρήσετε.
3295 2868 3538 2940 Κρίθητε
3586 2868 3642 2920 δὲ

384 2951 642 3016 servavit,
695 2960 748 3005 et
820 2954 1242 3012 familiaritatem
1307 2958 1614 3029 abnegavit,
1677 2972 1732 3017 et
1809 2965 1958 3033 puri-

2059 2961 2196 3032 πρδς
2242 2961 2340 3030 τὴν
2389 2959 2598 3013 ἑαυτῶν
2642 2959 2874 3030 μητέρα,
2911 2961 2992 3014 ὅτι
3035 2961 3108 3030 μὴ
3152 2960 3390 3013 σέσωκεν
3425 2959 3644 3029 ἀγάπης

386 3049 551 3095 tatem
652 3044 951 3114 spiritualis
1035 3063 1248 3102 mecum
1331 3053 1725 3111 communionis
1797 3055 1957 3112 mini~

2058 3052 2157 3122 τῆς
2179 3053 2260 3114 εἰς
2285 3051 2384 3121 ἐμὲ
2405 3051 2464 3103 τὸ
2487 3051 2729 3120 γνήσιον,
2771 3053 3046 3122 ἠρνήσατο
3071 3051 3126 3103 δὲ
3157 3052 3256 3123 τὴν
3287 3052 3601 3120 οίκειότητα
3625 3090 3637 3110 .

386 3130 458 3183 ιιιί
519 3131 708 3199 duxit,
761 3147 860 3189 nec
939 3135 1106 3190 voluit
1172 3137 1503 3195 voluntatum
1547 3158 1788 3200 mearum
1846 3127 2004 3200 ηιμ(

2025 3128 2156 3196 ἶκαὶ
2203 3141 2384 3209 ὀλίγου
2416 3159 2516 3193 που
2567 3141 2844 3205 παντελῶς
2889 3141 3090 3212 ἠξίωσε
3129 3142 3287 3209 λόγου
3360 3143 3459 3212 τῆς
3508 3141 3643 3210 πρὸς

385 3229 508 3276 ctus
577 3237 790 3290 parere.
833 3223 952 3296 lpsa
1022 3244 1128 3283 non
1207 3229 1311 3284 fuit
1353 3248 1489 3288 uxor
1562 3249 1710 3304 mea,
1761 3244 1814 3291 et
1856 3252 1958 3306 ego

2059 3235 2160 3304 ἐμὲ
2210 3233 2588 3304 πνευματικῆς
2653 3233 2938 3297 κοινωνίας
2983 3235 3082 3306 τὴν
3131 3235 3515 3306 καθαρότητα,
3545 3235 3644 3287 οὐκ

385 3311 642 3382 deinceps
683 3329 789 3369 non
831 3317 914 3370 vir
939 3317 1074 3386 ejus.
1099 3318 1218 3376 Non
1251 3322 1340 3376 illa
1386 3337 1482 3378 vos
1522 3325 1676 3389 mihi,
1708 3328 1802 3381 sed
1835 3327 1956 3382 aliis

2057 3325 2293 3396 ἠθέλησέ
2317 3343 2376 3378 τε
2402 3325 2527 3388 τοὺς
2559 3323 2665 3378 τῶν
2705 3325 2852 3396 ὲμῶν
2902 3325 3222 3397 θελημάτων
3253 3325 3465 3379 ὠδίνειν
3510 3341 3643 3395 καρο

386 3406 616 3491 peperit.
646 3406 805 3464 Certe
832 3410 975 3464 enim
1007 3413 1344 3482 agnovissem
1375 3430 1544 3473 meos.
1583 3415 1700 3471 Non
1739 3428 1824 3475 est
1849 3429 1960 3474 tar-

2059 3416 2214 3480 πούς.
2245 3416 2393 3486 Αὕτη
2422 3417 2643 3485 γέγονεν
2687 3417 2748 3470 οὐ
2782 3417 2918 3488 γυνή
2969 3434 3094 3488 μου,
3149 3416 3304 3486 κάγὼ
3349 3417 3436 3470 διὰ
3485 3416 3643 3469 τοῦτο

387 3496 488 3550 dus
519 3496 588 3552 ad
626 3499 988 3556 miserendum
1019 3512 1210 3560 natura
1239 3517 1420 3576 pater;
1450 3519 1506 3562 at
1538 3510 1589 3563 iu
1623 3512 1822 3578 prolem
1850 3528 1956 3569 non

2059 3507 2242 3561 λοιπὸν
2272 3507 2373 3560 οὐκ
2403 3507 2542 3579 ἀνὴρ
2581 3507 2772 3577 αὐτῆς.
2798 3507 2916 3561 Οὐκ
2941 3507 3064 3577 ἐμοὶ
3087 3507 3313 3560 τέτοκεν
3339 3509 3506 3577 ὑμᾶς,
3527 3507 3641 3559 ἀλλ’

389 3586 687 3655 legitimam
713 3595 1061 3650 cunctantior
1094 3596 1214 3667 ejus
1248 3598 1461 3655 lenitas.
1507 3601 1685 3672 Atque
1714 3603 1815 3659 ista
1848 3605 1958 3661 for-

2058 3599 2285 3671 ἑτέροις.
2331 3600 2403 3653 Ἦ
2433 3599 2542 3670 γὰρ
2568 3599 2634 3654 ἂν
2684 3599 2930 3668 ἐπέγνων
2958 3601 3084 3662 τοὺς
3117 3597 3303 3666 ἐμούς.
3341 3599 3414 3649 Ub
3442 3597 3640 3665 βραδὺς

388 3677 527 3730 sitan
572 3687 826 3749 tanquam
856 3697 923 3738 ex
965 3699 1194 3754 persona
1239 3685 1334 3742 Dei
1365 3689 1640 3746 dicuntur.
1686 3691 1958 3764 Cogitabit

2059 3692 2139 3754 είς
2168 3690 2314 3743 ἔλεον
2340 3691 2368 3743 ό
2391 3690 2552 3760 φύσει
2578 3691 2762 3761 πατήρ
2783 3708 2796 3720 ”
2841 3691 2990 3742 ὀκνεῖ
3020 3689 3076 3741 δὲ
3107 3683 3245 3739 εῖναι
3277 3686 3509 3756 χρηστὸς
3545 3687 3638 3738 ἐπὶ

388 3769 655 3837 quispiam
706 3782 762 3826 et
791 3773 974 3829 animo
995 3777 1173 3832 volvet
1203 3793 1436 3846 rursum,
1464 3782 1625 3852 idque
1656 3799 1763 3839 non
1795 3785 1954 3854 male,

2059 3781 2186 3852 νόθῃ
2236 3783 2383 3852 γονῇ.
2418 3781 2527 3834 Καὶ
2551 3781 2723 3834 ταῦτα
2772 3779 2869 3849 μὲν
2921 3777 3050 3840 ἴσως
3088 3777 3220 3846 φαίη
3252 3794 3336 3839 τις
3371 3776 3435 3828 ἂν
3467 3775 3543 3837 ὡς
3575 3775 3639 3826 ἑκ

390 3859 673 3933 Synagoga
709 3864 775 3917 ad
821 3865 1176 3946 deiectionem
1219 3883 1250 3923 ι
1300 3869 1410 3926 Deo
1449 3888 1730 3942 conversa,
1763 3887 1817 3932 et
1849 3881 1958 3934 dae-

2059 3873 2348 3944 προσώπου
2371 3872 2466 3926 τοῦ
2501 3871 2656 3925 Θεοῦ.
2688 3870 2964 3937 Λογιεῖται
2985 3867 3040 3919 δὲ
3073 3862 3138 3920 αὖ
3202 3867 3296 3919 καὶ
3325 3865 3638 3936 περινοήσει

389 3965 606 4004 ιιιοιιιιιιι
635 3953 781 4007 cultu
827 3968 1099 4026 suscepto,
1136 3968 1190 4013 et
1222 3959 1327 4015 illis
1369 3970 1576 4017 tantum
1621 3981 1728 4020 non
1782 3983 1956 4024 mere-

2058 3966 2259 4030 καλῶς,
2282 3967 2364 4019 ὅτι
2387 3961 2770 4034 τετραμμένης
2799 3959 2900 4028 τῆς
2925 3959 3254 4027 Συναγωγῆς
3287 3960 3366 4020 είς
3396 3958 3635 4010 ἀποστα-

389 4041 542 4098 tricis
569 4043 739 4100 instar
770 4047 1023 4104 cruribus
1049 4050 1381 4118 divaricatis,
1407 4063 1562 4109 natos
1593 4070 1660 4111 ex
1686 4072 1750 4112 ea
1783 4075 1958 4131 neque

2059 4059 2178 4113 σίαν
2201 4058 2298 4129 τὴν
2345 4055 2453 4110 ἀπὸ
2485 4053 2642 4115 Θεοῦ,
2686 4053 2780 4105 καὶ
2806 4050 2904 4121 τὴν
2946 4050 3055 4105 τῶν
3081 4049 3351 4119 δαιμόνων
3385 4045 3640 4116 λατρείαν

386 4137 600 4194 sincere
660 4148 826 4211 atque
879 4155 1196 4200 constanter
1250 4145 1418 4202 Deum
1473 4165 1719 4220 amasse,
1781 4171 1956 4227 neque

2057 4149 2426 4224 ἀνῃρημένης,
2473 4146 2631 4219 μόνον
2665 4145 2721 4198 δὲ
2767 4145 2888 4215 οὐχὶ
2918 4143 3124 4214 πόρνης
3168 4142 3325 4210 δίκην
3363 4138 3641 4209 ἀπλούσης

385 4229 542 4285 bonis
582 4234 822 4288 moribus
855 4233 1048 4302 fuisse;
1091 4238 1219 4305 quin
1260 4240 1438 4308 potius
1471 4254 1750 4308 parentum
1785 4249 1954 4302 mori-

2057 4243 2238 4304 αὐτοῖς
2269 4241 2336 4293 τά
2369 4241 2559 4310 σκέλη,
2593 4238 2883 4306 γεγόνασιν
2906 4236 2955 4288 οἱ
2986 4235 3043 4300 ἐξ
3065 4233 3234 4298 αὐτῆς
3262 4230 3385 4284 οὗτε
3408 4229 3641 4299 φιλόθεοι

386 4317 487 4374 bus
533 4321 815 4385 educatos,
854 4325 970 4379 sine
1007 4327 1212 4394 pudore
1249 4329 1358 4385 Deo
1402 4333 1742 4402 displicentia
1794 4337 1953 4395 facti-

2058 4331 2313 4401 καθαρῶς
2358 4332 2453 4382 καὶ
2473 4327 2902 4398 ὲρηρεισμένως,
2929 4324 3053 4377 οὔτε
3099 4322 3205 4391 μὴν
3232 4323 3494 4384 ἐπιεικεῖς
3518 4321 3641 4384 τοὺς

389 4420 552 4476 tasse,
586 4414 780 4482 partim
829 4413 960 4470 Baal
1002 4424 1056 4472 et
1100 4417 1284 4475 vitulis
1330 4424 1509 4478 aureis
1557 4427 1950 4497 sacriﬁcantes,
1987 4465 2007 4519 ι

2022 4476 2030 4511 ι
2057 4421 2290 4493 τρόπους
2311 4437 2322 4448 ·
2372 4416 2802 4486 ὲντεθραμμένοι
2833 4414 2889 4464 δὲ
2937 4413 3137 4482 μᾶλλον
3179 4413 3301 4519 ,τοῖς
3332 4410 3488 4519 ἤθεσι
3513 4411 3640 4514 ⁹τῶν

386 4502 582 4570 partim
607 4505 768 4559 etiam
799 4507 850 4560 in
875 4522 1034 4562 omne
1056 4523 1221 4578 genus
1245 4510 1570 4580 impuritatis
1595 4532 1689 4585 per
1713 4533 1951 4588 praeceps
1989 4500 2004 4519 ³

2023 4500 2029 4510 ’
2063 4509 2490 4579 γεγεννηκότων,
2533 4505 2860 4572 ἀφυλάκτως
2907 4503 3076 4572 ᾔεσαν
3110 4500 3203 4554 ἑπ¹ι
3243 4500 3314 4553 τὰ
3371 4501 3641 4555 λυποῦντα

385 4594 1010 4652 αιιθυιιιεε..1ιιειίεδίιιιθ
1047 4606 1226 4654 autem
1268 4611 1494 4656 matrem
1544 4619 1693 4659 suam
1735 4621 1958 4661 accusa-

2054 4606 2221 4659 Θεόν·
2263 4601 2422 4655 τοῦτο
2452 4599 2551 4670 μὲν
2590 4597 2808 4659 θύοντες
2840 4594 2916 4665 τῷ
2952 4593 3120 4654 Βάαλ,
3169 4594 3264 4645 καὶ
3302 4596 3424 4656 ταῖς
3470 4594 3642 4663 δαμά-

386 4685 523 4739 bttut
563 4687 752 4755 magis,
796 4702 956 4756 quam
1003 4691 1222 4746 virtutis
1265 4702 1536 4750 amantem
1588 4711 1823 4767 vereque
1869 4714 1958 4753 ca-

2055 4697 2172 4749 λεσι
2219 4696 2341 4756 ταῖς
2383 4692 2610 4762 χρυσαῖς
2631 4731 2646 4754 ,
2679 4688 2836 4742 τοῦτο
2861 4685 2917 4738 δὲ
2953 4687 3044 4738 καὶ
3075 4686 3154 4747 εἰς
3185 4685 3294 4736 πᾶν
3328 4679 3468 4746 εἶδος
3508 4685 3643 4738 ἀκα-

387 4777 685 4832 stissimum
716 4779 1131 4852 Dominum,qui
1155 4781 1510 4842 fornicatione
1534 4791 1956 4844 contaminatam

2057 4786 2282 4856 θαρσίας
2318 4781 2740 4853 ἀπερισκέπτως
2789 4778 3114 4840 διάττοντες.
3178 4775 3521 4830 Δίτιόισονται
3561 4776 3640 4840 δὲ,

386 4866 828 4922 contubernalem
863 4870 971 4939 pati
1004 4871 1220 4941 refugit.
1254 4873 1350 4929 Est
1381 4891 1543 4945 porro
1575 4877 1766 4931 modus
1793 4875 1958 4931 forni-

2066 4879 2161 4931 καὶ
2198 4875 2404 4946 σφόδρα
2433 4873 2677 4934 εἰκότως,
2703 4870 2802 4940 τὴν
2831 4868 3041 4922 ἑαυτῶν
3065 4868 3292 4939 μητέρα,
3319 4869 3411 4920 καὶ
3435 4868 3554 4935 οὐχὶ
3579 4867 3650 4936 δὴ

386 4956 624 5012 cationis
661 4959 960 5029 spiritualis
1003 4964 1182 5033 plane,
1214 4967 1463 5036 quamvis
1499 4976 1560 5022 ut
1591 4967 1658 5021 de
1699 4982 1958 5038 corporea

2068 4968 2266 5038 μᾶλλον
2299 4969 2389 5018 τὸν
2423 4963 2709 5034 φιλάρετόν
2759 4979 2818 5014 τε
2854 4961 2949 5014 καὶ
2991 4959 3263 5026 πάναγνον
3293 4958 3507 5028 ἀληθῶς
3548 4959 3640 5010 Δεο

387 5061 571 5102 sermo
601 5047 882 5105 habeatur.

2074 5061 2297 5128 σπότην,
2330 5057 2387 5120 ὃς
2419 5055 2663 5109 σύνοικον
2694 5054 2838 5124 ἔχειν
2879 5052 2979 5105 οὐκ
3021 5052 3162 5117 ἀξιοῖ
3207 5051 3304 5120 τὴν
3347 5064 3643 5117 πεπορνευ-

391 5141 580 5213 μένην.
611 5142 830 5214 Νοητῶς
885 5145 942 5200 δὲ
991 5148 1205 5212 πάντως
1238 5149 1335 5219 τῆς
1375 5147 1629 5218 πορνείας
1656 5150 1684 5200 ό
1709 5149 1926 5218 τρόπος,
1968 5150 2069 5202 κᾶν
2100 5153 2148 5204 εί
2200 5151 2410 5203 λαλοῑτο
2435 5149 2783 5218 σωματικῶς.

463 5278 627 5334 νεεδ.
667 5281 722 5335 3.
747 5279 816 5336 Et
875 5285 1117 5353 auferam
1169 5285 1569 5353 fornicationem
1614 5283 1727 5351 ejus
1763 5301 1795 5336 a
1831 5285 1963 5351 {acie

2146 5280 2252 5334 Kal
2281 5277 2473 5347 ἑξαρῶ
2502 5277 2615 5345 τὴν
2657 5276 2942 5345 πορνείαν
2989 5270 3178 5338 αὐτῆς
3213 5271 3281 5323 ἐκ
3321 5267 3644 5335 προσώπου

391 5388 541 5435 mea,
582 5384 629 5428 et
659 5375 976 5431 adulterium
1018 5377 1132 5445 ejus
1164 5378 1228 5428 de
1257 5376 1426 5427 medio
1453 5377 1671 5427 uberum
1699 5376 1872 5440 illius,
1909 5387 1964 5431 ut

2068 5391 2206 5443 μου,
2241 5373 2339 5426 καὶ
2385 5371 2500 5438 τὴν
2531 5369 2809 5438 μοιχείαν
2854 5364 3044 5432 αὐτῆς
3081 5363 3148 5416 ἐκ
3177 5363 3368 5430 μέσου
3395 5357 3646 5428 μαστῶν

392 5481 584 5520 exuam
612 5483 725 5521 eam
761 5471 978 5536 nudant,
1009 5481 1056 5521 et
1090 5467 1360 5521 restituam
1391 5481 1504 5519 eam
1539 5466 1672 5520 sicut
1718 5470 1825 5522 dies
1865 5485 1961 5521 na-

2070 5464 2279 5532 αὐτῆς,
2317 5463 2474 5526 ὅπως
2503 5459 2578 5515 ἂν
2605 5459 2840 5513 ἐκδύσω
2861 5456 3053 5522 αὐτὴν
3084 5452 3339 5524 γυμνὴν,
3374 5451 3468 5504 καὶ
3501 5451 3645 5503 ἀπο-

393 5555 610 5612 “vitatis
641 5559 776 5628 ejus.

2071 5555 2427 5621 καταστήσω
2451 5552 2643 5619 αὐτὴν
2677 5551 2866 5618 καθὼς
2892 5548 3097 5619 ἡμέραι
3130 5543 3418 5617 γενέσεως
3433 5541 3645 5609 αὐτῆς.

471 5773 517 5818 ⁸⁸
545 5775 611 5830 IV
653 5775 788 5845 Reg.
823 5791 935 5844 χιιι,
975 5775 1068 5832 2|.
