4098 6276
384 413 447 469 6i
1312 403 1864 463 COSIMENTARIUS
1904 403 1974 458 ΙΝ

2084 405 2185 460 iEA
2196 406 2242 461 Μ
2277 404 2724 463 PROPIIETAM.
3578 402 3648 460 ΒΩ

452 527 554 582 iB'.
575 526 700 589 Τοῖς
729 524 836 577 ἀπὸ
873 521 1098 593 γνώμης
1121 520 1257 586 ἰδίας
1283 524 1383 576 οὐκ
1408 526 1795 595 ἐπιστρέφουσι
1823 526 1957 596 πρὸς

2132 525 2357 594 Xll.Qui
2375 542 2403 581 a
2423 528 2699 582 voluntate
2717 538 2814 582 sua
2829 526 2896 581 ad
2920 526 3089 581 Deum
3103 539 3163 583 se
3175 540 3280 582 non
3297 534 3645 598 convertunt,

384 619 534 682 Θεὸν,
589 615 715 669 οὔτε
778 615 886 686 μὴν
953 614 1302 685 ἀνεχομένοις
1360 615 1431 668 τὰ
1491 617 1638 687 αὐτῷ
1704 617 1966 672 δοκοῦντα

388 708 644 778 πληροῦν,
709 706 850 762 ἀλλά
899 709 1033 770 τοῖς,
1069 707 1169 759 οὐκ
1232 702 1328 759 οἷδ’
1386 707 1534 771 ὅπως
1559 709 1966 779 ,τετιμημένης

2077 632 2177 671 nec
2202 615 2395 671 adduci
2422 627 2675 687 possunt,
2700 627 2756 671 ut
2778 632 2899 687 quae
2925 617 2998 672 illi
3022 617 3235 688 placent
3257 627 3645 689 exsequantur,

2073 722 2261 763 verum
2292 709 2345 762 in
2378 708 2597 778 ﬂagitiis
2627 709 2742 764 suis
2769 710 2911 779 (qua;
2952 711 3134 765 nescio
3168 710 3437 782 quomodo
3472 713 3649 782 suspi-

383 802 559 863 αὐτοῖς
589 798 924 870 φαυλότητος
954 796 1128 869 ἀπρὶξ
1162 796 1450 868 ἡμμένοις,
1484 797 1642 870 ποινὴ
1674 800 1770 852 καὶ
1807 799 1970 855 κόλα-

2084 798 2246 869 ciunt)
2271 799 2623 869 pertinaciter
2652 798 2881 862 luerent,
2915 798 2980 854 iis
3015 814 3174 867 prima
3214 802 3650 872 suppliciumque

382 910 466 955 σις
501 892 816 944 ἐπινοεῖται.
856 888 982 954 Τίς;
1017 887 1135 956 Ἐφ’
1162 889 1303 960 ὅπερ
1344 885 1413 960 ἦν
1464 890 1687 960 ἄμεινον
1726 890 1786 957 ἐξ
1832 892 1970 956 ἰδίας

2084 891 2414 964 proponitur.
2448 888 2736 958 Quodnam
2769 889 2940 945 illud?
2967 890 3041 947 Ut
3081 893 3147 946 ad
3179 896 3319 962 quod
3362 909 3420 948 se
3456 902 3650 964 sponte

382 981 646 1052 φέρεσθαι
675 980 922 1050 γνώμης,
973 981 1061 1033 ἐπ’
1090 979 1226 1033 αὐτὸ
1268 979 1335 1051 δὴ
1385 979 1544 1034 τοῦτο
1612 982 1970 1053 μετατεθῆναι

378 1069 588 1136 λοιπὸν,
613 1070 689 1132 ὡς
715 1069 774 1135 ἐξ
805 1068 1072 1139 ἀνάγκης,
1101 1070 1195 1123 καὶ
1241 1070 1428 1139 φόϐου.
1465 1071 1676 1142 Ὀνπερ
1713 1071 1821 1146 γὰρ
1847 1073 1970 1144 τρόο

383 1178 488 1219 πον
516 1160 626 1216 τῶν
658 1163 717 1213 ὲν
772 1163 888 1224 τοῖς
914 1159 1130 1231 σώμασι
1156 1160 1487 1231 τραυμάτων
1520 1161 1587 1215 τὰ
1612 1162 1850 1234 δυσχερῆ
1879 1163 1973 1217 καὶ

382 1253 911 1324 δυσμεταχείριστα,
956 1252 1062 1307 κᾶν
1101 1254 1151 1306 εἰ
1213 1251 1288 1325 μὴ
1339 1252 1465 1316 ταῖς
1507 1252 1616 1305 τῶν
1663 1252 1973 1323 φαρμάκων

384 1345 678 1416 δυνάμεσιν
702 1344 923 1400 εἴκοντα
960 1341 1201 1414 δέχοιντο
1234 1359 1358 1397 τινα
1396 1342 1496 1415 τὴν
1538 1343 1620 1406 εἰς
1660 1343 1723 1396 τὸ
1750 1324 1974 1414 ἄμεινον

388 1436 805 1510 μετατροπὴν,ῆ
834 1435 1041 1507 σιδήρῳ
1071 1432 1350 1505 τέμνεται,
1377 1436 1476 1506 τῆς
1506 1433 1618 1488 τῶν
1643 1434 1842 1505 ἰατρῶν
1881 1438 1977 1507 έμ-

383 1528 605 1600 πειρίας
654 1530 736 1592 εἰς
786 1526 984 1593 ,τοῦτον
1033 1523 1308 1595 καλούσης
1360 1525 1460 1595 τῆς
1518 1525 1837 1597 ἐπικουρίας
1880 1527 1976 1581 τὸν

384 1619 606 1691 τρόπον,
646 1619 814 1690 ἦγουν
870 1618 1087 1674 νικᾶται
1145 1618 1318 1690 πυρί·
1358 1617 1502 1673 οὕτω
1549 1618 1643 1672 καὶ
1684 1618 1975 1690 ἀνθρώπου

384 1712 534 1784 ψυχὴ
575 1710 714 1766 πολὺ
735 1710 1068 1766 διανεύσασα
1110 1710 1246 1782 πρὸς
1283 1710 1584 1764 ἀπόστασιν
1623 1711 1724 1782 τὴν
1747 1710 1806 1776 ἐξ
1841 1711 1978 1780 ἀγα-

387 1804 518 1867 θῶν,
547 1804 653 1858 κᾶν
683 1804 733 1856 εί
762 1802 840 1872 μὴ
869 1804 989 1866 ταῖς
1016 1801 1126 1856 τῶν
1158 1801 1553 1856 νουθετούντων
1579 1803 1718 1856 εῖκοι
1745 1804 1972 1872 φωναῖς,

2072 999 2168 1041 sua
2193 985 2609 1040 accommodare
2636 978 2743 1054 33
2770 982 2961 1038 melius
2986 983 3187 1050 fuerat,
3224 986 3291 1037 ad
3319 986 3419 1041 hoc
3448 986 3647 1055 ipsum,

2072 1087 2332 1146 tanquam
2376 1091 2444 1130 ex
2500 1076 2830 1130 necessitate
2880 1084 2935 1129 et
2965 1075 3158 1129 timore
3197 1090 3257 1128 se
3300 1079 3646 1135 transferant.

2075 1163 2230 1221 Sicut
2280 1165 2425 1221 enim
2474 1165 2698 1220 vulnera
2746 1179 3034 1235 corporum
3084 1176 3277 1220 sanatu
3321 1166 3552 1223 diﬂiciiia
3595 1177 3652 1224 et

2075 1255 2466 1323 intractabilia,
2495 1254 2600 1311 nisi
2628 1255 3156 1312 medicamentorum
3188 1256 3375 1311 virtuti
3404 1258 3650 1314 cedentia

2075 1351 2426 1407 mutationem
2491 1348 2557 1403 ad
2611 1348 2909 1404 sanitatem
2961 1347 3288 1412 admittant,
3349 1356 3443 1403 aut
3507 1347 3653 1405 ferro

2075 1451 2350 1508 secantur,
2398 1441 2594 1512 peritia
2640 1439 2970 1495 medicorum
3009 1438 3155 1493 hunc
3196 1437 3382 1492 auxilii
3433 1438 3650 1493 modum

2075 1535 2366 1598 suadente,
2404 1541 2497 1587 aut
2531 1540 2680 1587 certe
2717 1531 2825 1603 igni
2859 1530 3150 1586 vincuntur
3171 1572 3186 1597 ,
3227 1530 3299 1586 ita
3331 1540 3387 1586 et
3418 1530 3653 1586 hominis

2076 1627 2282 1691 anima,
2298 1626 2365 1680 ad
2391 1623 2800 1680 desciscendum
2828 1635 2858 1675 a
2881 1623 3156 1692 probitate
3177 1638 3435 1694 perquam
3460 1638 3652 1693 prona,

2075 1716 2181 1772 nisi
2224 1714 2450 1772 vocibus
2499 1713 2909 1769 admouentium
2960 1713 3137 1769 locum
3179 1715 3494 1785 reliquerit,
3532 1725 3587 1771 et
3621 1729 3651 1768 a

2079 1806 2414 1877 turpitudine
2443 1805 2509 1860 ad
2540 1804 2878 1861 honestatem
2919 1805 3155 1860 transire
3185 1805 3505 1872 instituerit,
3540 1822 3655 1875 pm-

392 1896 532 1966 μήτε
576 1894 685 1968 μὴν
728 1894 904 1948 ἕλοιτο
942 1894 1275 1965 μεταφοιτᾷν
1307 1894 1372 1947 ὲκ
1400 1893 1509 1947 τῶν
1554 1893 1844 1965 αἰσχιόνων
1877 1894 1974 1948 ἐπὶ

2084 1876 2452 1963 ηἰείνὶηοῐιιιιυ,
2493 1905 2548 1952 et
2599 1895 2849 1966 supplicii
2904 1895 3117 1966 laqueis
3165 1895 3473 1968 implicata,
3529 1897 3654 1952 velit

389 1984 451 2039 τὸ
480 1985 725 2056 ἄμεινον.
760 1987 980 2040 νικᾶται
1023 1989 1147 2051 ταῖς
1188 1986 1386 2053 δίκαις,
1414 1988 1515 2041 καὶ
1550 1989 1665 2051 τοῖς
1689 1988 1792 2058 τῆς
1814 1987 1975 2042 κολά-

391 2092 528 2140 σεως
583 2076 849 2131 ἑναλοῢσα
901 2076 1118 2149 βρόχοις
1141 2119 1157 2143 ,
1212 2079 1524 2148 ἀναγκαίαν
1578 2082 1816 2135 ποιεῖται
1873 2082 1975 2152 τὴν

389 2169 745 2240 ἐπιστροφήν.
789 2169 1000 2225 Ὀποῖόν
1045 2171 1162 2223 ἐστι
1215 2170 1277 2224 τὸ
1331 2170 1418 2225 διὰ
1450 2172 1636 2244 φωνῆς
1666 2172 1929 2244 Ἱερεμίου
1955 2191 1973 2209 ·

397 2277 417 2311 ι
445 2259 704 2329 Πόνῳκαί
725 2260 950 2331 μάστιγι
976 2261 1351 2335 παιδευθείσῃ,
1382 2263 1758 2335 Ἰερουσαλήμ.
1785 2285 1804 2319 ι
1834 2266 1978 2321 Ψάλ-

389 2348 472 2401 λει
503 2348 562 2402 δέ
592 2365 646 2403 τι
672 2349 917 2404 τοιοῦτον
945 2352 1038 2405 καὶ
1076 2352 1105 2406 δ
1156 2352 1441 2417 θεσπέσιος
1482 2355 1668 2421 Δαδὶδ,
1705 2355 1835 2430 περὶ
1867 2358 1977 2413 τῶν

391 2439 758 2511 ἡγαπηκότων
784 2442 846 2495 τὸ
874 2443 1009 2497 πολὺ
1034 2443 1097 2515 δὴ
1126 2443 1248 2499 λίαν
1277 2445 1507 2514 ἄγεσθαι
1538 2447 1676 2519 πρὸς
1696 2447 1759 2501 τὸ
1794 2448 1978 2521 πλημ-

398 2531 609 2603 μελεῖνο
649 2551 669 2584 ι
706 2532 797 2586 Ἐν
827 2533 994 2605 κημῷ
1037 2536 1134 2589 καὶ
1158 2537 1362 2608 χαλινῷ
1388 2537 1489 2602 τὰς
1506 2540 1761 2609 σιαγόνας
1795 2540 1977 2595 αὐτῶν

394 2623 587 2691 ἀγξαις
643 2623 753 2678 τῶν
790 2625 864 2696 μὴ
914 2627 1242 2696 ἐγγιζόντων
1271 2631 1408 2700 πρὸς
1442 2631 1521 2685 σέ.
1554 2652 1574 2684 ι
1629 2633 1712 2687 Τά
1751 2634 1860 2704 γάρ
1894 2651 1978 2688 τοι

400 2711 612 2783 σκληρά
640 2730 701 2767 τε
753 2715 850 2768 καὶ
879 2715 1240 2786 ἀστοιχβίωτα
1276 2718 1385 2770 τῶν
1411 2720 1622 2788 ἀλόγων
1651 2720 1804 2785 ζώων
1830 2722 1980 2792 χαλι-

399 2804 511 2867 νοῖς
562 2803 981 2875 περιτρέπουσιν
1007 2808 1087 2869 είς
1114 2806 1175 2859 τὸ
1202 2802 1261 2861 εὖ
1313 2809 1459 2879 ἔχειν
1485 2809 1673 2863 δοκοῦν
1714 2812 1764 2863 oi
1806 2811 1980 2865 πωλο-

398 2892 623 2965 δαμνεῖν
651 2894 906 2960 εἰωθότες
924 2911 938 2926 ·
962 2895 1104 2951 οὕτω
1133 2899 1228 2952 καὶ
1258 2898 1392 2963 Θεὸς
1414 2902 1701 2973 χρησίμως
1736 2903 1979 2974 προσφέ-

399 3000 554 3056 ρεται
611 2989 725 3051 τοῖς
776 2987 1271 3059 φιλαμαρτήμοσιν.
1323 2991 1534 3044 Οὐκοῦν
1596 2993 1980 3049 συνεϐούλευον

2074 1990 2209 2047 nolit
2246 1990 2606 2047 convertitur.
2645 1990 2819 2055 Quale
2861 1999 2948 2045 est
2987 1990 3133 2060 quod
3176 1991 3314 2059 apud
3361 1988 3652 2046 Jeremiam

2075 2080 2303 2151 legimus
2327 2094 2372 2135 :t
2400 2080 2591 2137 Dolore
2610 2091 2662 2137 et
2685 2080 2899 2153 ﬂagello
2919 2080 3210 2146 erudieris,
3232 2079 3531 2137 Jerusalem
3550 2082 3615 2137 ".
3630 2101 3650 2136 ι

2078 2174 2268 2231 Simile
2293 2175 2421 2244 quid
2470 2171 2650 2244 psallit
2695 2180 2752 2229 et
2779 2172 2972 2229 beatus
3014 2171 3185 2227 David
3230 2172 3297 2229 tle
3333 2173 3423 2240 iis,
3458 2174 3658 2244 quibus

2074 2266 2272 2337 volupe
2314 2275 2399 2322 est
2441 2268 2494 2321 in
2540 2270 2759 2337 peccata
2805 2278 2966 2321 ruere
3003 2287 3015 2322 :
3051 2284 3070 2317 ι
3102 2265 3158 2320 in
3188 2279 3347 2321 camo
3390 2274 3445 2320 et
3496 2265 3653 2322 freno

2077 2357 2327 2413 maxillas
2346 2373 2534 2413 eorum
2559 2359 2895 2429 constringe,
2928 2357 3020 2428 qui
3051 2373 3155 2412 non
3183 2358 3565 2428 approximaut
3588 2359 3656 2412 ad

2078 2458 2132 2507 te
2154 2451 2221 2504 “.
2260 2468 2279 2502 ι
2316 2449 2550 2520 Asperas
2590 2450 2735 2505 enim
2816 2459 2872 2506 et
2923 2450 3100 2504 adhuc
3151 2449 3313 2503 rudes
3351 2449 3659 2503 animantes

2076 2554 2177 2610 pro
2237 2539 2466 2594 arbitrio
2511 2552 2612 2594 suo
2663 2538 2962 2594 domitores
3026 2538 3196 2593 frenis
3245 2538 3655 2604 circumagunt;

2080 2631 2333 2686 similiter
2358 2632 2601 2697 peccatis
2629 2629 2843 2686 deditos
2876 2628 3017 2687 Deus
3050 2631 3117 2685 ad
3151 2644 3337 2684 eorum
3371 2628 3656 2683 utilitatem

2081 2730 2300 2777 tractat.
2344 2721 2608 2789 Quocirca
2647 2722 2933 2777 consilium
2972 2722 3173 2776 dabant
3208 2720 3505 2793 Synagoga:
3532 2734 3659 2791 pro-

2081 2814 2257 2883 pheta:
2285 2824 2341 2868 et
2370 2812 2527 2881 justi,
2555 2813 2630 2866 uti
2668 2826 2727 2867 se
2755 2812 2823 2868 ab
2849 2812 3118 2867 ldolorum
3154 2811 3301 2866 cultu
3333 2818 3658 2873 removeret,

2080 2910 2136 2956 et
2166 2901 2235 2956 ab
2260 2916 2471 2968 errore,
2503 2902 2689 2957 nescio
2715 2901 2854 2955 unde
2883 2900 3105 2955 invento
3135 2909 3191 2955 et
3232 2899 3568 2962 introducto,
3599 2913 3661 2953 se

2081 2994 2410 3052 contineret.
2453 2991 2641 3063 Neque
2676 2993 2731 3047 hi
2765 3001 2997 3055 tantum,
3038 2993 3131 3048 sed
3167 2991 3331 3045 etiam
3372 2991 3487 3059 ipse
3520 2989 3660 3045 Deus

399 3079 497 3150 μὲν
539 3081 603 3150 τῇ
640 3079 936 3152 Συναγωγῇ
986 3082 1262 3152 προφῆται
1308 3084 1404 3137 καὶ
1455 3083 1673 3150 δίκαιοι,
1726 3085 1829 3154 τῆς
1868 3087 1978 3140 τῶν

2089 3084 2419 3152 minabatur,
2468 3085 2785 3140 foedissimis
2818 3099 2911 3139 eos
2943 3098 3002 3139 se
3040 3084 3199 3139 malis
3236 3084 3657 3151 exagitaturum,

400 3167 628 3233 εἰδώλων
656 3171 1024 3243 ἀποφοιτῆσαι
1054 3173 1328 3245 λατρείας,
1352 3176 1445 3229 καὶ
1469 3177 1567 3247 τῆς
1590 3177 1690 3231 οὐκ
1736 3173 1832 3232 οἶδ’
1861 3179 1986 3234 ὅθεν

398 3257 777 3332 ἑξηυρημένης
809 3263 1145 3335 ἀποσχέσθαι
1172 3266 1404 3337 πλάνης.
1447 3268 1557 3321 Καὶ
1577 3269 1637 3321 ού
1672 3269 1834 3341 μέχρι
1858 3271 1984 3324 τού-

397 3368 506 3405 των
534 3368 547 3381 ·
580 3353 717 3407 ἀλλὰ
747 3356 842 3408 καὶ
867 3356 1029 3421 αὐτὸς
1056 3357 1271 3427 ἠπείλει
1308 3358 1445 3423 Θεὸς
1485 3360 1767 3432 ἐπιθήσειν
1805 3364 1988 3429 αὐτοῖς

398 3443 469 3498 τὰ
496 3445 711 3501 πάντων
732 3448 987 3519 αἴσχιστα
1020 3449 1129 3504 τῶν
1153 3451 1363 3515 κακῶν,
1384 3455 1434 3506 εί
1465 3452 1538 3524 μὴ
1563 3453 1767 3509 ἕλοιντο
1790 3455 1985 3511 παλιν-

401 3533 622 3607 δρομεῖν
641 3538 724 3601 είς
746 3537 807 3592 τὸ
837 3542 1054 3609 φρονεῖν
1073 3559 1155 3607 τε,
1175 3543 1268 3597 καὶ
1293 3544 1427 3615 δρᾷν
1444 3544 1513 3598 τά
1535 3546 1682 3617 αὐτῷ
1702 3547 1983 3614 δοκοῦντα,

401 3628 497 3685 καὶ
531 3628 675 3696 φίλα.
717 3631 782 3683 Οί
816 3630 872 3684 δὲ
899 3628 1038 3704 ἦσαν
1071 3633 1152 3687 ἔτι
1202 3635 1364 3689 δεινοί
1409 3653 1468 3690 τε
1499 3639 1592 3691 xci.
1654 3640 1989 3711 ἀτεράμονες

400 3719 495 3772 καὶ
542 3719 667 3792 τὴν,
702 3721 943 3778 διάνοιαν
992 3725 1290 3794 ἀκαμπεῖς.
1341 3728 1609 3802 Ταύτῃτοι
1658 3730 1987 3802 δορύληπτοι

399 3812 704 3879 γεγονότες,
759 3815 841 3878 εἰς
903 3816 1222 3889 Ἀσσυρίους
1302 3822 1397 3873 καὶ
1459 3821 1679 3892 Μήδους
1743 3826 1988 3895 μακροὺς

399 3902 807 3958 διατετελέκασι
842 3906 1086 3979 χρόνους.
1136 3901 1214 3961 Οὗ
1268 3912 1577 3979 γεγονότες,
1632 3914 1729 3967 καὶ
1774 3914 1850 3985 τῷ
1885 3915 1989 3987 τῆς

400 3990 643 4058 δουλείας
676 3994 1105 4066 κατηχθισμένοι
1138 3998 1307 4067 ζυγῷ,
1344 4000 1499 4055 ἔθυον
1539 4001 1637 4074 μὲν
1664 4006 1783 4067 ταῖς
1814 4005 1990 4076 δαμά-

405 4081 551 4135 λεσιν
604 4085 815 4138 οὐκέτιο
875 4087 993 4150 πῶς
1047 4087 1176 4161 γὰρ,
1236 4091 1270 4161 ἢ
1333 4092 1519 4157 πόθεν,
1568 4096 1619 4148 οἰ
1653 4094 1709 4148 δὲ
1746 4090 1888 4167 ἦσαν
1930 4098 1989 4152 ὲν

410 4170 674 4240 ἀφύκτοις
715 4177 939 4241 κακοῖς;
987 4176 1103 4230 ἀλλ’
1145 4179 1264 4232 οὐδὲ
1299 4182 1458 4234 αὐτὸν
1494 4185 1990 4243 ἐπεκαλοῦντοητόν

409 4262 580 4327 Βάαλ,
607 4263 882 4317 διετέλουν
914 4265 968 4318 δὲ
1001 4266 1201 4336 μᾶλλον
1242 4269 1343 4332 τὰς
1366 4270 1575 4327 ἑαυτῶν
1603 4275 1989 4347 ἀνοιμώζοντες

407 4357 715 4427 συμφοράς.
767 4356 939 4410 Τοῦτό
979 4358 1065 4411 τοί
1106 4377 1270 4431 φησιν
1294 4364 1322 4415 ό
1352 4361 1461 4418 τῶν
1510 4364 1646 4421 ὅλων
1670 4370 1950 4441 Δεσπότης
1970 4389 1985 4403 ⁸

2089 3176 2190 3230 nisi
2229 3184 2436 3230 mutata
2485 3186 2689 3243 mente,
2736 3179 2802 3231 ad
2840 3176 3125 3244 cositanda
3164 3186 3219 3231 et
3263 3175 3509 3230 facienda
3542 3188 3663 3245 qua:

2088 3267 2188 3336 ipsi
2223 3275 2375 3337 grata
2434 3277 2489 3322 et
2512 3269 2683 3322 amica
2710 3278 2915 3335 essent,
2958 3267 3392 3338 regrederentur.
3429 3266 3507 3320 Illi
3533 3279 3663 3322 vero

2088 3359 2265 3413 adhuc
2294 3360 2468 3428 asperi
2495 3370 2551 3415 et
2577 3359 2849 3422 indomiti,
2875 3370 2928 3414 et
2956 3360 3139 3414 animo
3172 3358 3455 3428 praefracto
3483 3366 3658 3411 erant.

2089 3451 2268 3518 Quare
2303 3451 2445 3507 bello
2490 3452 2633 3520 capti
2681 3453 2821 3523 apud
2856 3451 3107 3522 Assyrios
3142 3461 3196 3505 et
3242 3450 3426 3506 Medos
3473 3432 3661 3520 p'erdin

2088 3545 2357 3615 vigeruut.
2398 3542 2501 3601 Ubi
2543 3559 2666 3599 cum
2701 3554 2921 3609 essent,
2965 3555 3018 3598 et
3060 3543 3191 3614 jugo
3224 3543 3501 3598 servitutis
3535 3556 3662 3608 gra-

2089 3647 2367 3707 varentur,
2405 3638 2590 3694 vitulis
2620 3638 2693 3692 illi
2726 3637 2944 3707 quidem
2981 3652 3087 3691 non
3120 3636 3349 3704 amplius
3384 3649 3496 3689 rem
3526 3633 3664 3687 divi-

2091 3743 2216 3782 nam
2265 3727 2542 3783 faciebant
2585 3728 2700 3797 (qui
2743 3729 2920 3791 enim,
2951 3737 3042 3780 aut
3079 3727 3220 3779 unde
3265 3724 3530 3790 facerent,
3571 3724 3663 3795 qui

2091 3820 2250 3872 malis
2322 3820 2708 3888 premebantur
2780 3815 3299 3887 incvitabilibus‘l),
3330 3816 3421 3871 sed
3492 3830 3666 3885 neque

2091 3911 2263 3979 ipsius
2311 3910 2439 3965 Baal
2493 3924 2647 3980 opem
2695 3909 3089 3980 implorabant;
3134 3908 3264 3979 quin
3312 3922 3437 3963 suas
3486 3906 3666 3976 potius

2091 4002 2429 4056 calamitates
2457 4002 2675 4056 assiduo
2706 4000 3166 4055 lamentabantur.
3209 3999 3321 4054 lloc
3362 3999 3526 4069 igitur
3557 4006 3662 4061 est,

2089 4092 2231 4161 quod
2269 4092 2647 4145 universorum
2704 4090 2983 4144 'Domiuus
3016 4091 3135 4142 ait:
3190 4089 3445 4142 Attferam
3494 4087 3665 4140 forni-

2092 4183 2360 4236 cationem
2414 4184 2530 4248 ejus
2562 4196 2590 4233 a
2625 4181 2761 4235 facie
2807 4194 2948 4243 mea,
2983 4192 3037 4233 et
3082 4179 3404 4233 adulterium
3446 4178 3565 4247 ejus
3602 4181 3670 4235 de

2093 4276 2271 4328 medio
2307 4275 2532 4328 uberum
2567 4256 2723 4338 ejus.
2752 4271 2940 4325 Abibit
3001 4271 3147 4326 enim
3198 4269 3435 4339 captiva,
3469 4268 3669 4340 inquit,

2092 4379 2191 4420 nec
2231 4366 2426 4420 videbo
2474 4365 2528 4419 in
2581 4372 2856 4434 posterqu
2906 4360 3311 4418 sacrificantem
3359 4361 3523 4427 Baal,
3570 4375 3669 4416 nec

402 4447 512 4504 Kal.
548 4445 729 4519 ὲεαρῶ
757 4447 854 4517 τὴν
893 4449 1152 4519 πορνείαν
1189 4452 1359 4524 αὐτῆς
1394 4454 1460 4509 ὲκ
1508 4456 1801 4528 προσώπου
1852 4479 1978 4532 μου,

2086 4457 2265 4511 vitulis
2313 4458 2492 4511 aureis
2536 4457 2680 4510 ultra
2729 4455 3042 4511 oﬂ‘eteutem
3080 4454 3395 4509 holocausta
3418 4494 3433 4517 ,
3470 4464 3525 4509 et
3558 4468 3668 4521 prae

399 4536 495 4597 καὶ
523 4535 620 4609 τὴν
667 4536 916 4608 μοιχείαν
990 4539 1164 4610 αὐτῆς
1220 4543 1286 4596 ὲκ
1316 4543 1480 4613 μέσου
1534 4548 1756 4618 μαστῶν
1792 4551 1982 4624 αὐτῆς.

398 4628 692 4701 Οἰχήσεται
735 4629 846 4700 γὰρ
880 4630 1246 4707 αἰχμάλωτος,
1301 4634 1458 4706 φησὶ,
1503 4639 1600 4691 καὶ
1637 4639 1737 4693 οὐκ
1786 4640 1989 4713 ὄψομαι

400 4719 633 4775 θύουσαν
652 4720 733 4774 ἔτι
757 4721 836 4793 τῷ
867 4723 1013 4781 Βάαλ
1033 4762 1049 4787 ,
1090 4722 1214 4779 οὒτε
1246 4730 1370 4791 ταῖς
1400 4729 1664 4800 δαμάλεσι
1705 4737 1826 4798 ταῖς
1853 4754 1987 4806 χρυ-

404 4813 522 4875 σαῖς
571 4811 652 4864 Ξτι
706 4811 963 4867 τελοῦσαν
1008 4813 1475 4886 ὁλοκαυτώματα,
1532 4821 1625 4873 καὶ
1675 4823 1738 4875 ἐκ
1786 4823 1986 4894 πολλῆς

401 4900 541 4967 ἄγαν
588 4901 896 4972 ἀγερωχίας
941 4906 1225 4975 μονονουχὶ
1272 4908 1365 4959 καὶ
1410 4909 1834 4982 ἀπογυμνοῦσαν
1873 4918 1985 4979 τοῖς

404 4991 555 5054 ἰδίοις
585 4992 842 5061 ἐρασταῖς
872 4993 998 5056 τοὺς
1020 4994 1278 5064 μαστούς.
1325 4996 1733 5069 Ἐφησθήσομαι
1758 5000 1815 5053 δὲ
1850 5003 1986 5070 μᾶλ-

401 5083 491 5135 λον
522 5081 761 5154 ἀλυούσῃ
789 5100 871 5148 τε,
906 5085 1001 5139 καὶ
1021 5085 1530 5159 ταλαιπωρουμένῃ,
1570 5090 1662 5143 καὶ
1685 5092 1988 5160 ἀνήκεστον

403 5168 599 5247 ἐχούσῃ
626 5171 933 5242 συμφορὰν,
982 5173 1039 5227 ἐν
1079 5177 1149 5245 γῇ
1196 5175 1297 5228 οὐκ
1349 5177 1474 5247 ἰδίᾳ,
1508 5180 1601 5233 καὶ
1634 5181 1738 5233 ὑπὸ
1796 5183 1989 5247 δεινοῖς

401 5262 495 5315 καὶ
525 5266 743 5333 πικροῖς
765 5266 1103 5337 γεγενημένῃ
1124 5267 1431 5332 δεσπόταις.
1451 5268 1687 5324 Ἐποίσω
1717 5271 1773 5325 δὲ
1794 5275 1988 5339 ταῦτα,

400 5356 496 5425 τῆς
524 5356 660 5426 ἐμῆς
685 5356 1009 5427 ἐπικουρίας
1034 5359 1436 5430 ἀπογυμνώσας
1465 5360 1654 5433 αὐτὴν,
1691 5365 1783 5417 καὶ
1819 5366 1990 5435 ἀσχή-

404 5463 537 5516 {uva
571 5446 1003 5512 καταλελοιπὼς,
1030 5449 1105 5512 ὼς
1128 5449 1187 5503 ἐν
1221 5444 1302 5515 οἷς
1336 5448 1404 5523 ἦν
1433 5453 1491 5504 ὲν
1527 5453 1721 5523 ἀρχαῖς
1758 5455 1989 5524 ὁρᾶσθαι

403 5539 799 5612 γεγενημένην,
866 5541 956 5594 ὅτε
1018 5541 1109 5594 τὸν
1154 5546 1254 5611 τῆς
1308 5544 1625 5612 Αἰγυπτίων
1677 5545 1990 5610 πλεονεξίας

404 5629 778 5704 ἁχθοφοροῦσα
817 5633 1004 5704 ζυγὸν,
1037 5638 1221 5708 γυμνὴ
1272 5636 1498 5690 διετέλει
1543 5637 1641 5709 τῆς
1684 5640 1814 5710 παρ’
1854 5640 1989 5711 ἐμοῦ

479 5811 519 5849 ιι
552 5807 662 5877 λετ.
706 5826 778 5879 νι,
819 5810 871 5867 8.
952 5814 996 5846 ¹¹
1031 5812 1174 5871 Psal.
1220 5829 1373 5882 aut,
1413 5814 1468 5872 9.

2095 4551 2262 4604 multa
2296 4550 2548 4616 superbia
2594 4559 2801 4604 tantum
2838 4564 2942 4604 non
2985 4548 3150 4603 etiam
3186 4546 3521 4600 amatoribus
3557 4545 3669 4601 suis

2096 4642 2260 4696 ubera
2303 4643 2613 4696 undantem.
2648 4641 2899 4695 Laetabor
2940 4641 3119 4710 potius
3159 4653 3322 4709 super
3365 4645 3578 4704 moesta,
3615 4645 3669 4691 et

2096 4734 2311 4801 atilicta,
2335 4745 2389 4789 et
2408 4735 2664 4789 aerumnis
2691 4735 3059 4788 circumventa
3086 4731 3420 4802 gravissimis
3445 4730 3496 4783 in
3525 4739 3668 4783 terra

2095 4843 2197 4879 lltllt
2231 4842 2346 4889 sua,
2371 4828 2751 4896 [crucibusque
2780 4835 2836 4880 et
2866 4827 3079 4880 acerbis
3110 4824 3343 4879 dominis
3375 4822 3663 4876 serviente.

2091 4919 2199 4991 34
2235 4918 2477 4973 inferant
2515 4929 2693 4973 autem
2737 4918 2851 4974 bzec
2889 4919 3111 4987 privata:
3155 4914 3373 4969 auxiliis
3418 4915 3575 4972 meis.
3616 4920 3663 4969 tt

2096 5011 2296 5063 relicta:
2323 5011 2374 5062 iu
2415 5010 2772 5077 turpitudine,
2806 5019 2864 5063 ut
2902 5010 3082 5063 videre
3121 5007 3281 5060 liceat
3314 5005 3661 5059 constitutam

2095 5100 2146 5150 in
2182 5100 2281 5165 iis,
2329 5101 2381 5153 in
2426 5104 2624 5171 quibus
2671 5099 2773 5154 fuit
2802 5117 2830 5154 ti
2866 5101 3166 5171 principio,
3215 5095 3433 5166 quando
3480 5097 3658 5165 jugutt

2093 5190 2361 5261 {Egyptian
2396 5192 2701 5262 tyrannidis
2735 5204 2980 5261 portans,
3019 5189 3191 5260 gratia
3229 5202 3369 5253 mea,
3410 5200 3466 5242 et
3531 5186 3667 5239 dile-

2093 5283 2294 5349 ctione,
2332 5294 2389 5338 et
2418 5283 2575 5353 legali
2612 5284 2879 5352 sapientia
2910 5283 3163 5336 destituta
3195 5280 3466 5333 manebat.
3488 5277 3669 5346 Itaque

2097 5378 2243 5427 velut
2276 5382 2424 5429 retro
2462 5390 2706 5445 regressa
2740 5375 3046 5444 Synagoga,
3082 5387 3299 5426 rursum
3331 5371 3431 5426 fuit
3460 5372 3511 5424 in
3545 5370 3670 5437 qui-

2097 5466 2196 5519 bus
2230 5465 2429 5529 fuerat,
2455 5466 2615 5520 medii
2648 5465 2906 5532 temporis
2928 5465 3131 5516 honore
3158 5472 3212 5516 et
3238 5461 3409 5532 gloria
3443 5468 3669 5530 propter

2097 5570 2250 5607 suam
2284 5555 2569 5610 stultitiam
2620 5552 2867 5605 multata.
2900 5549 3013 5605 line
3055 5565 3153 5605 nos
3182 5560 3237 5605 et
3272 5552 3385 5618 ipse
3417 5547 3673 5601 Salvator

2098 5644 2348 5713 docebat,
2383 5660 2503 5700 cum
2553 5643 2761 5699 diceret
2792 5663 2804 5699 ;
2835 5663 2856 5696 ι
2897 5642 3034 5697 Cum
3086 5640 3395 5696 immundus
3447 5631 3678 5704 spiritus
