4098 6276
419 394 491 454 63
1078 423 1093 441 ι
1443 398 1500 456 S.
1537 399 1815 456 CYRILLI
1857 401 2330 457 ALEXANDRINI
2369 399 2695 457 ARCHIEP.
3597 400 3662 459 64

420 509 624 568 exierit
651 508 720 565 ab
744 509 983 579 homine,
1003 510 1239 567 ambulat
1266 527 1359 583 per
1393 514 1509 571 loca
1540 517 1819 586 inaquosa,
1843 531 1993 585 quae-

2097 514 2313 584 χάριτὸς
2341 531 2400 568 τε
2459 515 2554 568 καί
2585 514 2826 583 ἀγάπης,
2855 512 2947 567 καὶ
2963 511 3153 583 σοφίας
3181 514 3433 586 νομικῆς.
3460 514 3668 569 Οὐκοῦν

421 613 548 655 rens
575 599 837 670 requiem,
869 609 925 656 et
956 616 1059 655 non
1093 601 1316 657 invenit.
1351 602 1503 660 Tunc
1526 605 1657 659 dicit
1687 623 1701 659 :
1734 604 1995 660 Revertar

421 690 475 747 in
521 691 735 746 domum
782 704 988 758 meam,
1026 693 1167 748 unde
1211 696 1384 760 exivi;
1427 705 1483 750 et
1515 696 1738 751 veniens
1790 696 1995 750 invenit

418 787 720 843 vacantem,
745 780 923 848 scopis
950 783 1264 835 mumlatam
1294 792 1350 835 et
1378 794 1652 837 ornatam.
1680 783 1833 839 Tunc
1857 783 1990 846 abit,

420 882 475 926 et
514 871 741 926 assumit
786 881 991 940 septem
1040 870 1174 927 alios
1217 873 1439 941 spiritus
1486 873 1776 942 nequiores
1811 889 1903 939 se,
1939 884 1995 930 et

422 963 650 1034 ingressi
694 963 941 1018 habitant
982 963 1091 1026 ibi,
1134 971 1189 1017 et
1229 962 1367 1017 ﬁunt
1415 965 1705 1019 novissima
1757 965 1992 1021 hominis

419 1050 564 1107 illius
614 1050 797 1122 pejora
843 1051 1136 1121 prioribus.
1191 1051 1283 1107 Sic
1329 1053 1432 1106 erit
1481 1054 1816 1122 generationi
1868 1053 1992 1107 huic

420 1145 669 1211 pessimae
695 1143 760 1196 ⁸³.
777 1161 796 1195 ›
822 1143 1011 1197 Adhuc
1029 1142 1172 1197 enim
1205 1142 1255 1197 in
1284 1142 1518 1214 Egypto
1538 1144 1991 1198 commorantibus

417 1233 678 1290 lsraelitis
701 1233 925 1303 spiritus
948 1249 1176 1303 nequam
1209 1233 1262 1288 in
1296 1234 1448 1303 ipsis,
1490 1234 1862 1291 utidololatris
1896 1233 1991 1290 ha.-

422 1327 649 1380 hitabat.
693 1324 801 1381 Sed
833 1325 1036 1394 eiectus
1074 1334 1157 1380 est
1187 1334 1406 1395 postea;
1440 1341 1537 1395 per
1582 1327 1798 1397 Moysen
1845 1329 1988 1380 enim

419 1418 485 1471 ad
521 1416 879 1487 cognitionem
926 1416 1021 1471 Dei
1070 1417 1242 1471 vocati
1287 1427 1433 1470 sunt.
1484 1416 1773 1487 Postquam
1807 1428 1986 1471 autem

419 1506 706 1563 Dominum
757 1507 1102 1568 occiderunt,
1157 1515 1213 1561 et
1259 1507 1405 1562 mille
1442 1498 1510 1562 se
1556 1508 1849 1563 sceleribus
1891 1508 1990 1562 ob-

420 1598 779 1663 strinxerunt,
804 1597 949 1652 facta
980 1605 1105 1652 sunt
1134 1597 1239 1652 illis
1264 1598 1555 1653 novissima
1586 1597 1766 1667 pejora
1792 1599 1988 1667 priori-

419 1688 543 1754 bus,
574 1700 679 1741 non
712 1700 822 1740 uno
861 1694 1096 1752 tantum,
1139 1687 1233 1740 sed
1277 1699 1440 1755 grege
1478 1683 1789 1740 dmmonum
1844 1687 1990 1756 ipsos

424 1777 786 1832 inhabitante.
818 1776 1011 1830 Anima
1043 1776 1188 1830 enim
1217 1790 1338 1831 cum
1370 1774 1611 1845 caelestis
1642 1776 1829 1846 gratia:
1870 1792 1988 1831 mu-

420 1867 719 1922 nituentum
758 1865 1041 1938 abiecerit,
1074 1864 1332 1922 facillime
1367 1882 1395 1920 a
1427 1866 1627 1923 Satana
1653 1867 1913 1935 capietur.

2096 604 2176 666 εἰς
2209 603 2575 674 ὑποστροφὴν,
2615 603 2708 656 καὶ
2731 603 2924 656 ἀνόπιν
2961 602 3149 674 ὥσπερ
3179 603 3354 669 ἰοῦσα,
3402 604 3562 659 πάλιν
3611 607 3669 659 ὲν

2094 689 2175 757 οἷς
2201 690 2270 764 ἦν
2301 694 2522 763 γέγονεν
2580 696 2613 763 ἡ
2647 692 2964 765 Συναγωγὴ,
3007 692 3107 764 τὴν
3153 691 3357 764 μεταξὺ
3401 696 3566 765 τιμήν
3608 712 3670 750 τε

2093 785 2188 839 καὶ
2213 785 2370 849 δόξαν
2401 786 2461 851 ἐξ
2490 785 2728 856 ἀμαθίας
2760 784 3121 857 ζημιουμένη.
3165 785 3334 840 Τοῦτο
3387 788 3481 841 καί
3509 786 3670 850 αὐτὸς

2093 877 2241 947 ἡμᾶς
2300 878 2577 931 ἐδίδασκεν
2634 877 2663 929 ὁ
2709 877 2921 948 Σωτὴρ,
2952 877 3160 947 λέγων’
3230 895 3251 929 ‹
3277 878 3448 933 Ὅταν
3497 878 3556 931 δὲ
3611 877 3672 932 τὸ

2093 967 2402 1038 ἀκάθαρτον
2435 967 2652 1039 πνεῦμα
2682 966 2873 1041 ἐξέλθῃ
2900 968 3010 1023 ἀπὸ
3039 966 3133 1022 τοῦ
3170 967 3484 1039 ἀνθρώπου,
3520 968 3668 1038 διέρ-

2092 1075 2244 1128 χεται
2269 1057 2337 1110 δι’
2367 1058 2610 1129 ἀνύδρων
2641 1058 2841 1121 τόπων,
2865 1058 3063 1130 ζητοῦν
3096 1059 3420 1123 ἀνάπαυσιν,
3445 1060 3539 1113 καί⁵
3572 1060 3670 1130 οὐχ

2091 1146 2355 1217 εὑρίσκει.
2389 1147 2522 1200 Τότε
2555 1146 2727 1216 λέγει,
2766 1147 3115 1219 Ἐπιστρέψω
3135 1150 3216 1212 εἰς
3242 1148 3340 1202 τὸν
3379 1143 3532 1202 οἶκόν
3568 1165 3673 1218 μου

2091 1237 2209 1290 ὅθεν
2231 1237 2474 1305 ἐξῆλθον·
2518 1239 2613 1292 καὶ
2643 1238 2795 1293 ἐλθὸν
2824 1239 3069 1310 εὑρίσκει
3105 1239 3454 1311 σχολάζοντα,
3501 1257 3668 1294 σεσα-

2093 1329 2354 1399 ρωμένον,
2402 1330 2498 1383 καὶ
2549 1332 2981 1402 κεκοσμημένον.
3037 1332 3172 1385 Τότε
3217 1331 3529 1403 πορεύεται,
3579 1332 3675 1387 καὶ

2091 1419 2509 1489 παραλαμϐάνει
2571 1421 2710 1475 ἑπτά
2765 1422 2929 1494 ἔτερα
2994 1421 3283 1491 πνεύματα
3335 1423 3674 1495 πονηρότερα

2091 1510 2308 1572 ἑαυτοῦ,
2338 1510 2431 1564 καὶ
2461 1509 2770 1566 εἰσελθόντα
2792 1515 3041 1566 κατοικεῖ
3071 1514 3187 1568 ἐκεῖ
3207 1529 3222 1545 ·
3255 1513 3351 1567 καὶ
3378 1512 3589 1581 γίνεται
3607 1513 3676 1565 τὰ

2091 1599 2293 1670 ἔσχατα
2321 1601 2415 1654 τοῦ
2449 1602 2735 1673 ἀνθρώπου
2765 1602 2973 1657 ἐκείνου
3003 1602 3223 1675 χείρονα
3271 1602 3379 1657 τῶν
3420 1601 3675 1672 πρώτων.

2094 1689 2281 1755 Οὕτως
2310 1692 2463 1745 ἔσται
2487 1693 2729 1764 τῇγενεᾷ
2759 1691 2932 1765 ταύτῃ
2960 1696 3026 1764 τῇ
3064 1694 3302 1764 πονηρᾷ.
3334 1712 3353 1744 ι
3414 1694 3538 1745 Ἔτι
3578 1692 3681 1762 μὲν·

2091 1780 2199 1850 γὰρ
2226 1782 2284 1833 ὲν
2315 1779 2575 1851 Αἰγύπτῳ
2624 1781 2960 1852 διατρίϐουσι
3000 1782 3115 1844 τοῖς
3175 1780 3236 1846 ἐξ
3295 1779 3532 1850 Ἰσραὴλ,
3588 1780 3676 1831 ὲν-

2016 1868 2058 1922 Β
2086 1871 2304 1944 ᾤκησεν
2336 1874 2411 1938 ὡς
2440 1874 2855 1947 εἰδωλολάτραις
2887 1875 2948 1928 τὸ
2978 1875 3264 1946 πνεῦματὺ
3279 1874 3538 1946 πονηρὸν,
3560 1870 3674 1927 ἀλλ’

419 1960 743 2032 ὲκϐέϐληται
786 1957 1023 2031 μεταξύ’
1072 1958 1364 2030 κέκληνται
1406 1960 1514 2031 γάρ
1559 1960 1642 2023 είς
1695 1959 2026 2028 θεογνωσίαν
2065 1963 2153 2019 διὰ
2215 1967 2478 2030 Μωσέως.
2519 1966 2737 2038 Ἐπειδὴ
2775 1967 2832 2021 δὲ
2876 1968 3134 2036 γεγόνασι
3174 1967 3536 2038 κυριοκτόνοι,
3584 1955 3680 2017 καὶ

422 2051 635 2121 μυρίοις
663 2052 1001 2123 ἐγκλήμασιν
1019 2050 1214 2123 ἔνοχοι,
1237 2051 1460 2120 γέγονεν
1483 2053 1669 2116 αὐτοῖς
1689 2052 1758 2106 τὰ
1824 2053 2027 2123 έσγατα
2067 2057 2287 2129 χείρονα
2326 2061 2434 2114 τῶν
2482 2060 2736 2131 πρώτων,
2777 2060 3072 2131 δαιμονίων
3143 2059 3366 2129 ἀγέλης,
3417 2059 3515 2128 οὐχ
3562 2054 3678 2117 ἑνὸς

418 2143 497 2197 ἔτι
534 2144 1090 2217 μόνου,κατοικούσης
1116 2148 1174 2201 ὲν
1207 2146 1410 2210 αὐτοῖς.
1477 2146 1589 2216 Τῆς
1632 2147 1741 2218 γὰρ
1777 2147 2029 2219 οὐρανίου
2104 2154 2325 2225 χάριτος
2365 2156 2466 2227 τὴν
2506 2156 2832 2227 περιστολὴν
2884 2153 3234 2210 ἀποϐαλοῦσα
3279 2152 3449 2224 ψυχὴ,
3503 2149 3676 2217 πάντη

417 2253 477 2288 τε
509 2236 602 2289 καὶ
632 2236 845 2300 πάντως
871 2238 1142 2302 εὐάλωτος
1176 2236 1327 2291 ἔσται
1348 2237 1427 2309 τῷ
1456 2238 1689 2308 Σατανᾷ.

490 2330 652 2387 Vens.
684 2332 737 2387 4.
767 2331 835 2385 Et
884 2347 1073 2401 ponam
1102 2349 1218 2388 eam
1255 2333 1311 2387 in
1333 2333 1619 2399 desertum,
1667 2342 1717 2387 et
1765 2344 1995 2388 statuam

417 2440 527 2478 eam
551 2425 683 2478 sicut
719 2435 912 2478 terram
935 2426 1047 2480 sine
1067 2441 1226 2495 aqua,
1254 2435 1301 2479 et
1338 2426 1575 2479 occidam
1623 2426 1772 2480 illam
1798 2428 1853 2480 in
1888 2429 1998 2490 siti;

419 2525 466 2568 et
500 2515 731 2581 ﬁliorum
762 2513 874 2583 ejus
901 2530 1002 2567 non
1025 2515 1327 2581 miserebor,
1353 2516 1475 2583 quia
1512 2515 1612 2584 ﬁlii
1636 2516 2002 2584 fornicationis

418 2616 577 2669 sunt;
604 2605 728 2674 quia
756 2603 1016 2668 fornicata
1055 2613 1131 2659 est
1176 2615 1344 2660 mater
1366 2606 1617 2676 ipsorum,
1641 2618 1687 2660 et
1707 2606 1993 2661 dedecora-

421 2695 491 2748 υἱ(
513 2710 599 2747 eos
630 2710 747 2763 qua:
768 2695 964 2762 peperit
990 2710 1098 2752 eos.

490 2782 626 2838 Xlll.
666 2784 931 2840 ‘Sterilem
984 2784 1101 2840 fore
1151 2785 1227 2841 ait
1271 2784 1695 2853 fornicatricem,
1759 2786 1988 2851 aridam,

422 2876 605 2944 spinas
634 2878 954 2945 parientem,
985 2877 1322 2935 siticulosam
1349 2888 1402 2934 et
1437 2879 1783 2949 inaquosam,
1846 2880 1992 2935 haud

427 2967 680 3032 terrenis,
714 2967 902 3032 credo,
942 2970 1097 3039 aquis
1117 2969 1424 3038 spoliatam,
1463 2969 1560 3025 sed
1601 2984 1832 3039 superna
1878 2984 1993 3026 cte-

2165 2335 2274 2389 Kai
2297 2335 2556 2403 θήσομαι
2586 2334 2782 2402 αὐτὴν
2806 2335 2892 2400 εἰς
2912 2332 3156 2402 ἔρημον,
3183 2330 3283 2385 καί
3306 2329 3466 2393 τάξω
3487 2330 3681 2398 αὐτὴν

2095 2425 2175 2492 ὡς
2197 2423 2313 2493 γῆν
2343 2426 2627 2494 ἄνυδρον,
2678 2426 2776 2479 καί
2801 2421 3115 2479 ἀποκτενῶ
3146 2421 3342 2490 αὐτὴν
3379 2422 3451 2475 ἐν
3492 2422 3676 2490 δίψει,

2098 2517 2198 2570 καὶ
2240 2518 2314 2570 τὰ
2357 2517 2538 2572 τέκνα
2583 2517 2773 2585 αὐτῆς
2825 2519 2896 2570 οὺ
2933 2515 3019 2583 μὴ
3058 2514 3311 2582 ἐλεήσω,
3368 2513 3457 2567 ὅτι
3501 2514 3681 2567 τέχνα

2101 2608 2385 2675 πορνείας
2461 2608 2665 2661 ἐστίν·
2740 2607 2830 2661 ὅτι
2888 2605 3332 2672 ἐξεπόρνευσεν
3385 2604 3424 2671 ἡ
3482 2602 3680 2672 μήτηρ

2099 2699 2319 2764 αὐτῶν,
2355 2699 2455 2754 καί
2487 2700 2878 2768 κατῄσχυνεν
2907 2699 2946 2766 ἡ
2976 2696 3239 2751 τεκοῦσα
3260 2694 3431 2751 αὐτά.

2170 2789 2268 2843 ll".
2302 2790 2585 2861 Ἀκαρπον
2633 2787 2853 2842 ἔσεσθαί
2896 2804 3028 2857 φησι
3066 2787 3166 2859 τὴν
3210 2784 3680 2857 πεπορνευμένην,

2099 2879 2271 2952 ξηράν
2332 2882 2428 2935 καὶ
2469 2879 2869 2943 ἀκανθοτόκον,
2911 2879 3107 2948 διψάδα
3159 2880 3254 2932 καὶ
3298 2876 3546 2948 ἄνυδρον,
3585 2875 3684 2944 οὐχ

2102 2969 2312 3024 ὑδάτων
2365 2970 2506 3041 τάχα
2567 2987 2671 3023 που
2722 2969 2830 3023 τῶν
2865 2969 3068 3039 γηΐνων
3115 2969 3506 3040 ἐστερημένην,
3548 2964 3685 3020 ἀλλά

427 3058 658 3128 lestique
717 3060 1069 3130 pinguedine,
1097 3061 1200 3116 hoc
1227 3069 1331 3129 est,
1364 3061 1677 3132 erogatione
1729 3062 1993 3117 donorum

2097 3061 2200 3131 τῆς
2230 3062 2436 3117 ἀνωθεν
2485 3062 2545 3126 ἐξ
2572 3060 2803 3132 οὐρανοῦ
2835 3063 3113 3133 πιότητος,
3143 3061 3412 3125 τουτέστι,
3444 3059 3543 3129 τῆς
3593 3057 3685 3112 διὰ

424 3165 522 3218 per
556 3148 840 3219 Spiritum,
885 3166 1006 3221 quae
1028 3150 1081 3205 in
1110 3150 1409 3221 quamlibet
1440 3151 1675 3207 animam
1697 3152 1994 3222 sapientem

424 3256 491 3298 ac
544 3243 737 3298 bonam
789 3241 1016 3298 confert.
1062 3243 1248 3299 Psallit
1286 3242 1429 3299 enim
1479 3243 1710 3314 quodam
1761 3244 1880 3300 loco
1929 3245 1995 3299 ad

428 3332 713 3387 Dominum
736 3334 926 3390 beatus
950 3332 1140 3403 David,
1162 3344 1217 3390 et
1255 3335 1329 3390 ait
1358 3353 1371 3389 :
1412 3354 1431 3387 ι
1456 3334 1577 3389 Filii
1608 3349 1789 3391 autem
1826 3337 1995 3392 homi-

428 3441 555 3479 num
588 3426 639 3479 in
668 3426 900 3496 tegmine
936 3426 1140 3480 alarum
1165 3435 1376 3482 tuarum
1407 3426 1727 3496 sperabunt.
1758 3428 1999 3484 Inebria-

427 3515 713 3571 bunturab
737 3515 982 3571 ubertate
1021 3516 1211 3572 domus
1263 3526 1385 3585 tuac,
1440 3526 1494 3574 et
1557 3528 1793 3575 torrente
1842 3520 1997 3574 volu-

429 3608 594 3679 ptatis
635 3618 737 3662 tuae
762 3607 972 3677 potabis
1018 3623 1134 3675 eos,
1162 3609 1419 3679 quoniam
1460 3612 1600 3680 apud
1637 3621 1688 3666 te
1738 3623 1823 3666 est
1878 3611 1997 3668 fons

429 3698 552 3752 vitae
569 3698 633 3752 ιθ.
656 3716 675 3750 ι
709 3697 856 3753 Adeo
877 3708 1055 3755 autem
1080 3699 1408 3765 veneranda,
1430 3708 1484 3756 et
1512 3700 1656 3773 larga
1688 3705 2001 3773 erogatione

430 3789 573 3860 digiti
612 3790 817 3845 censeri
849 3789 1044 3845 debent
1067 3791 1307 3859 germani
1340 3789 1456 3855 lilii,
1484 3792 1576 3861 qui
1619 3809 1743 3848 cum
1771 3793 1997 3864 integri-

430 3888 540 3934 tate
575 3879 841 3947 vixerunt,
875 3879 1177 3949 divinzeque
1215 3882 1465 3936 cbaritati
1498 3882 1632 3937 nihil
1688 3898 1998 3953 prteposue-

430 3980 579 4024 runt.
613 3969 985 4026 Fornicariam
1031 3981 1210 4026 autem
1238 3973 1549 4041 inaquosam
1580 3973 1798 4040 factam,
1838 3986 1892 4029 et
1945 3976 1999 4030 iu

429 4060 517 4114 siti
544 4058 651 4130 35
681 4059 995 4114 morituram
1027 4058 1272 4114 atIirmat.
1314 4061 1493 4130 Atque
1542 4060 1664 4128 hoc,
1717 4063 1770 4116 ni
1823 4062 1997 4128 fallor,

428 4161 530 4219 est,
559 4151 698 4221 quod
727 4167 819 4221 per
845 4151 980 4206 alios
1008 4153 1298 4222 prophetas
1334 4152 1401 4209 de
1434 4153 1547 4223 ipsa
1585 4154 1806 4209 dicitur.
1864 4153 1999 4222 Qui-

430 4244 552 4298 dam
577 4244 720 4298 enim
750 4246 863 4299 sic:
893 4265 910 4298 ι
936 4246 1074 4302 Ecce
1135 4246 1250 4302 dies
1283 4245 1520 4313 venient,
1555 4246 1683 4301 dicit
1718 4246 1998 4316 Dominus,

430 4345 485 4389 et
507 4335 748 4390 emittam
774 4333 969 4390 famem
989 4351 1150 4407 super
1180 4345 1400 4404 terram,
1452 4352 1557 4392 non
1587 4335 1782 4393 famem
1819 4339 1997 4407 panis,

430 4441 605 4495 neque
632 4426 777 4482 sitim
803 4441 956 4496 aqua:
978 4466 992 4489 ,
1027 4428 1121 4481 sed
1144 4425 1340 4482 famem
1366 4428 1618 4482 audiendi
1645 4429 1866 4483 verbum
1893 4429 1997 4482 Do-

431 4515 583 4570 mini.
623 4515 686 4570 Et
718 4515 786 4571 ab
805 4515 1011 4570 oriente
1035 4528 1206 4583 usque
1224 4516 1291 4569 ad
1317 4515 1650 4571 occidentem
1674 4516 1997 4571 circumcur-

430 4605 961 4675 sabunt,‘qua:rentes
984 4606 1206 4660 verbum
1236 4604 1470 4672 Domini,
1508 4616 1684 4660 etnon
1720 4606 2000 4662 invenient

434 4697 498 4752 ³⁸.
525 4716 544 4749 ι
581 4697 648 4752 Et
667 4695 952 4762 Jeremias,
978 4695 1132 4765 quasi
1158 4709 1225 4750 ex
1251 4709 1484 4765 persona
1542 4695 1639 4751 Dei
1674 4713 1688 4751 :
1751 4715 1769 4748 ι
1805 4697 2000 4753 Dolore

431 4796 483 4841 et
500 4784 710 4853 ﬂagello
733 4784 1014 4851 erudieris,
1028 4783 1349 4849 Jerusalem,
1366 4800 1435 4841 ne
1455 4787 1670 4841 recedat
1684 4786 1860 4842 anima
1881 4802 1997 4841 mea

432 4889 461 4927 ο
494 4885 565 4935 te,
592 4890 658 4928 ne
682 4874 874 4930 faciam
918 4883 969 4927 te
995 4886 1191 4926 terram
1221 4874 1442 4938 inviam,
1474 4889 1593 4945 qua:
1629 4891 1732 4929 non
1789 4876 2001 4930 habita-

434 4967 578 5023 bitur
614 4967 676 5021 “.
705 4985 725 5019 ι
752 4965 1053 5035 Unicuique
1077 4966 1219 5020 enim
1255 4978 1521 5030 nostrum,
1552 4978 1611 5020 ut.
1637 4968 1993 5030 dixi,scrmo-

433 5072 528 5113 nes
564 5073 661 5128 per
689 5058 946 5129 Spiritum
969 5058 1211 5111 immittit
1234 5056 1395 5122 Deus,
1425 5058 1517 5127 qui
1578 5069 1802 5128 possunt
1859 5058 2004 5113 alere

431 5151 642 5207 animos
670 5151 736 5205 ad
765 5151 931 5206 vitam
974 5158 1256 5216 :eternam,
1320 5158 1421 5204 'aut
1477 5150 1646 5205 etiam
1682 5164 1779 5219 per
1841 5165 2004 5205 voces

433 5251 744 5300 sanctorum
769 5242 964 5314 sapius
991 5240 1337 5312 pinguefacit.
1359 5241 1491 5296 Cum
1516 5241 1808 5298 fornicaria
1838 5241 2007 5313 igitur

432 5343 607 5389 matre
636 5332 774 5389 filios
804 5349 909 5388 una
937 5334 1056 5391 sine
1114 5334 1487 5388 misericordia
1535 5334 1807 5403 perituros
1851 5334 2002 5388 dicit.

431 5426 602 5493 Quam
621 5424 691 5479 ob
716 5438 935 5479 causam
960 5426 983 5479 ἲ
1008 5425 1141 5492 Quia
1182 5426 1274 5480 ﬁlii
1307 5424 1680 5481 fornicationis
1722 5434 1866 5480 sunt.
1904 5424 2011 5479 Nec

431 5528 566 5568 sane
594 5514 824 5569 dicimus
856 5515 1079 5568 materni
1147 5515 1352 5585 peccati
1411 5528 1572 5568 reum.
1637 5528 1757 5569 esse
1814 5513 2006 5566 ﬁlium.

433 5603 685 5661 Occurrit
715 5603 858 5659 enim
881 5604 1058 5672 nobis,
1085 5608 1226 5675 quod
1258 5606 1459 5662 alicubi
1498 5616 1679 5661 exstat
1707 5606 1847 5674 apud
1881 5604 2013 5658 Eze-

2099 3150 2194 3206 τοῦ
2222 3151 2533 3221 Πνεῦματος
2577 3151 2860 3222 χορηγίας,
2907 3151 2974 3223 ἢν
3025 3151 3230 3223 ἑκάστῃ
3297 3152 3433 3221 σοφῇ
3486 3166 3546 3202 τε
3593 3148 3686 3202 καὶ

2102 3240 2281 3313 ἀγαθῇ
2324 3241 2569 3312 διανέμει
2615 3241 2782 3313 ψυχῇ.
2823 3242 3029 3296 Ψάλλει
3062 3242 3170 3314 γάρ
3222 3259 3326 3295 που
3362 3240 3501 3313 πρὸς
3533 3241 3686 3307 Θεὸν,

2103 3333 2195 3386 καί
2225 3349 2387 3403 φησιν
2419 3335 2448 3387 ὁ
2485 3332 2752 3405 μακάριος
2777 3334 2963 3388 Δαϐίδ’
3001 3355 3019 3386 ‹
3040 3335 3103 3387 Oi
3131 3334 3186 3387 δὲ
3211 3333 3319 3386 uici.
3342 3332 3451 3385 τῶν
3480 3331 3685 3405 ἀνθρώο

2103 3439 2222 3476 πων
2244 3424 2301 3476 ἐν
2336 3422 2512 3494 σκέπῃ
2536 3424 2646 3477 τῶν
2671 3423 2955 3494 πτερύγων
2988 3439 3081 3476 σου
3105 3420 3370 3478 ὲλπιοῦσι.
3404 3420 3688 3489 Μεθυσθήι

2105 3531 2288 3581 σονται
2316 3515 2425 3568 ἀπὸ
2456 3515 2709 3585 πιότητος
2748 3514 2899 3570 οἴκου
2935 3533 3051 3569 σου.
3099 3515 3211 3569 Καὶ
3238 3514 3328 3567 τὸν
3353 3513 3688 3584 χειμάρρουν

2103 3608 2204 3677 τῆς
2242 3605 2455 3678 τρυφῆς
2484 3622 2579 3659 σου
2610 3609 2816 3670 tractet;
2846 3607 3063 3670 αὐτοὺς,
3104 3606 3187 3660 ὅτι
3227 3605 3382 3676 παρά
3421 3604 3507 3657 σοὶ
3537 3602 3688 3673 πηγὴ

2105 3694 2273 3767 ζωῆς.
2302 3714 2320 3748 t
2358 3697 2534 3764 Ἀξιοι
2585 3697 2642 3750 δὲ
2696 3697 2797 3768 τῆς
2839 3697 2981 3751 οὕτω
3025 3696 3231 3765 σεπτῆς
3302 3695 3397 3746 καὶ
3446 3693 3687 3762 ἀμφιλα-

2105 3788 2240 3857 φοῦς
2272 3789 2535 3861 χορηγίας
2580 3783 2690 3842 εἷεν
2732 3789 2798 3842 ἂν
2849 3789 2897 3841 oi
2931 3787 3171 3854 γνήσιοι,
3226 3783 3319 3835 καὶ
3363 3780 3687 3851 βεϐιωκότες

2105 3881 2299 3952 ὀρθῶς,
2339 3883 2435 3935 καὶ
2469 3881 2694 3951 ἀγάπης
2738 3881 2836 3950 τῆς
2882 3878 2960 3939 εἰς
2999 3875 3132 3927 Θεὸν
3178 3870 3470 3943 προθέντες
3508 3869 3682 3922 οὐδέν.

2107 3971 2217 4044 Τὴν
2246 3973 2303 4026 δέ
2332 3990 2396 4042 γε
2440 3970 2886 4042 πεπορνευμένην
2929 3967 3152 4036 ἄνυδρον
3190 3961 3539 4032 γεγενῆσθαι,
3593 3959 3687 4012 καὶ

2111 4063 2216 4133 μὴν
2239 4062 2333 4116 καί
2367 4064 2425 4116 ἐν
2451 4062 2579 4133 δίψῃ
2602 4057 2952 4130 τεθνήξεσθαι
2973 4056 3154 4124 λέγει’
3184 4054 3279 4108 καὶ
3301 4052 3482 4116 τοῦτο,
3510 4046 3685 4122 οἶμαι,

2107 4156 2224 4208 ἐστὶ
2268 4159 2329 4209 τὸ
2377 4154 2466 4210 διὰ
2513 4153 2700 4225 φωνῆς
2752 4151 2954 4222 ἐτέρων
3003 4147 3300 4220 προφητῶν
3343 4147 3472 4217 περὶ
3518 4147 3690 4216 αὐτῆς

2107 4247 2412 4318 εἰρημένον.
2484 4245 2544 4299 'O
2601 4246 2700 4316 μὲν
2758 4243 2866 4315 γὰρ
2929 4240 3187 4310 ἔφασκεν,
3246 4257 3265 4289 ι
3297 4237 3430 4290 Ἰδοὺ
3487 4236 3690 4307 ἡμέραι

2108 4336 2377 4408 ειρχονται,
2413 4338 2562 4404 λέγει
2596 4336 2824 4403 Κύριος,
2866 4333 2961 4385 καὶ
3000 4328 3346 4394 ἐξαποστελῶ
3392 4327 3549 4393 λιμὸν
3595 4326 3692 4379 ἐπὶ

2031 4410 2074 4465 Ῐ)
2100 4426 2200 4498 τὴν
2233 4427 2369 4496 γῆν·
2414 4425 2474 4477 οὐ
2511 4421 2670 4491 λιμὸν
2712 4420 2898 4489 ἄρτου.
2938 4417 3060 4470 οὐδὲ
3089 4415 3248 4484 δίψαν
3280 4413 3473 4477 ὓδατος
3497 4452 3513 4476 ,
3558 4410 3693 4466 ἀλλά

2096 4517 2254 4589 λιμὸν
2281 4515 2374 4570 τοῦ
2408 4512 2641 4568 ἀκοῦσαι
2673 4510 2829 4577 λόγον
2855 4506 3063 4579 Κυρίου
3083 4525 3097 4538 ο
3143 4506 3237 4561 καὶ
3277 4505 3384 4559 ἀπὸ
3411 4502 3688 4558 ἀνατολῶν

2097 4603 2202 4666 ἕως
2256 4599 2476 4670 δυσμῶν
2524 4595 3006 4669 περιδραμοῦνται,
3052 4594 3345 4665 ζητοῦντες
3395 4593 3482 4647 τὸν
3533 4593 3693 4662 λόγον

2095 4694 2323 4765 Κυρίου,
2360 4693 2453 4745 καὶ
2480 4691 2542 4744 οὑ
2572 4691 2648 4760 μὴ
2680 4688 2933 4761 εὕρωσιν.
2965 4708 2983 4741 ι
3040 4686 3307 4757 Ἱερεμίας
3343 4685 3401 4737 δὲ
3430 4683 3593 4738 πάλιν
3615 4684 3691 4746 ὡς

2104 4788 2170 4839 ὲκ
2198 4784 2489 4858 προσώπου
2515 4782 2608 4836 τοῦ
2638 4781 2797 4835 Θεοῦο
2846 4800 2865 4833 ι
2892 4780 3047 4851 Πόνῳ
3074 4779 3168 4833 καὶ
3200 4776 3425 4848 μάστιγι
3471 4775 3695 4829 παιδευο

2107 4878 2267 4949 θήσῃ,
2306 4875 2765 4950 Ἰερουσαλὴμ,μὴ
2797 4875 3009 4943 ἀποστῇ
3040 4872 3074 4941 ἡ
3112 4870 3257 4940 ψυχή
3301 4885 3401 4939 μου
3436 4866 3544 4920 ἀπὸ
3579 4864 3695 4930 σοῦ,

2113 4968 2187 5040 μὴ
2216 4971 2427 5039 ποιήσω
2457 4985 2516 5019 σε
2550 4966 2749 5020 ἄϐατον
2776 4965 2899 5035 γῆν,
2928 4963 3051 5034 ἥτις
3080 4960 3141 5013 οῦ
3165 4959 3645 5029 κατοικηθήσεται.
3675 4974 3692 5005 ι

2121 5061 2366 5129 Ἐκάστῳ
2407 5058 2517 5128 γὰρ
2548 5056 2727 5128 ἡμῶν,
2757 5055 2834 5118 ὡς
2866 5052 3025 5123 ἔφην,
3068 5050 3260 5119 λόγους
3302 5050 3383 5113 εἰς
3418 5047 3540 5101 νοῦν
3574 5046 3697 5110 τοὺ,

2109 5150 2196 5203 διὰ
2222 5148 2315 5202 τοῦ
2353 5148 2667 5218 Πνεύματος
2690 5146 2863 5212 ἐνίησι
2883 5144 3035 5208 Θεὸς,
3063 5139 3391 5211 ἀποτρέψειν
3419 5136 3700 5208 ἰσχύοντας

2103 5244 2184 5307 εἰς
2237 5240 2381 5313 ζωὴν
2427 5238 2663 5301 αἰώνιον,
2706 5236 2739 5307 ἢ
2790 5235 2885 5289 καὶ¹
2940 5233 3029 5286 διὰ
3081 5232 3265 5302 φωνῆς
3318 5229 3488 5299 ἁγίων
3536 5244 3701 5281 κατα-

2107 5332 2311 5387 πιαίνει
2330 5329 2611 5392 πολλάκις.
2646 5323 3047 5379 Συνδιολεῖσθαι
3078 5320 3143 5391 δὴ
3167 5316 3259 5374 οῦν
3287 5321 3352 5390 τῇ
3394 5331 3701 5387 πεπορνευ-

2112 5426 2251 5498 μένῃ
2287 5424 2453 5495 μητρί
2479 5422 2548 5475 τὰ
2580 5422 2748 5473 τέκνα
2782 5418 2892 5471 δεῖν
2929 5415 3057 5486 ἔφη,
3094 5415 3191 5468 καὶ
3223 5409 3523 5482 οἰκτιρμῶν
3556 5408 3699 5498 δίχα.

2110 5515 2209 5569 Διά
2226 5497 2393 5567 ποίαν
2407 5514 2616 5577 αἰτίαν;
2649 5511 2770 5563 ’Ότι
2793 5507 2960 5561 τέκνα
2985 5505 3241 5577 πορνείας
3270 5502 3397 5556 εἰσί.
3415 5501 3523 5555 Καὶ
3551 5499 3610 5553 οὑ
3638 5497 3701 5566 δή

2116 5605 2216 5660 πού
2243 5622 2422 5676 φαμεν
2450 5606 2531 5659 ὅτι
2563 5604 2662 5675 τῆς
2683 5600 2888 5674 μητρὸς
2914 5595 3389 5670 πλημμελήμασιν
3410 5592 3700 5646 ὑπόκειται

509 5782 559 5863 ,⁸³
587 5781 774 5839 Matth.
799 5799 895 5850 xu,
937 5783 1137 5837 43-15.
1218 5782 1259 5813 υ
1288 5783 1425 5836 Ρωῑ.
1463 5798 1618 5845 xxxv,
1671 5783 1817 5834 840:
1900 5784 1938 5810 "‘
1980 5784 2162 5834 Aluus.
2199 5795 2305 5840 rut
2349 5779 2428 5837 ll,
2465 5778 2524 5829 ll
2602 5780 2642 5807 τε
2675 5776 2784 5831 Jet'.
2821 5793 2891 5841 vv,
2925 5776 2979 5828 8.
