4098 6276
450 384 520 439 (3'5
1365 378 1918 438 COMMENTMHUS
1961 377 2022 430 IN
2068 379 2292 432 USEA—M
2346 376 2785 431 l‘ROl‘IlETAM.
3636 378 3703 432 66

453 497 668 551 τέκνον·
715 494 970 565 βαδιεῖται
999 495 1106 565 γὰρ
1145 495 1274 564 ἡμῖν
1305 495 1426 547 ὅποι
1474 495 1604 548 ποτὲ
1642 495 1702 547 τὸ
1734 495 1820 548 διὰ
1850 497 2030 565 φωνῆς

2145 492 2363 548 chielem
2393 513 2406 548 :
2443 513 2460 545 ι
2483 493 2597 547 Νοη
2631 490 2927 545 morientur
2987 497 3165 558 patres
3198 504 3293 559 pro
3327 491 3472 560 ﬁliis,
3530 507 3706 562 neque

465 585 761 655 Ίεζεχιήλ·
840 603 858 635 ι
888 586 1006 640 Οὐκ
1093 584 1488 639 ἀποθανοῦνται
1581 586 1812 657 πατέρες
1892 586 2031 656 ὑπὲρ

453 677 659 732 τέκνων
685 717 701 742 ,
737 675 856 729 οὐδὲ
887 676 1052 730 τέκνα
1080 676 1219 747 ὐπέρ
1253 675 1534 747 πατέρων·
1579 677 1806 740 ἕκαστος
1838 680 1902 747 τῇ
1930 677 2033 747 ἰδίᾳ

457 765 701 838 ἁμαρτίᾳ
741 765 1160 821 ἀποθανεῖται.»
1217 766 1410 820 Ἱστέον
1446 766 1504 818 δέ
1546 767 1764 837 μᾶλλον,
1806 768 1886 820 ὅτι
1932 766 2033 820 κᾶν

453 858 735 926 ἐπινοῆται
784 857 1074 926 πρόσωπον
1124 856 1489 926 πορνευούσης
1548 856 1783 928 μητρὸς,
1855 857 1931 919 ὡς
1978 857 2035 907 ἐν

453 948 610 1018 τύπῳ
643 949 740 1018 τῆς
779 947 1127 1016 Συναγωγῆς,
1174 946 1287 1000 ἁλλ’
1318 947 1469 1000 οὐδὲν
1491 942 1651 1018 ἦττον
1693 947 1844 1000 αὐτοὶ
1875 946 2036 1000 πάλιν

458 1042 523 1093 ἂν
557 1037 666 1092 εἷεν
696 1040 743 1091 οἱ
785 1037 842 1102 ἐξ
889 1038 1078 1107 αὐτῆς.
1129 1037 1320 1105 Λέγων
1370 1037 1446 1100 δὲ,
1504 1039 1586 1091 ὃτι
1637 1038 1890 1108 πορνείας
1931 1038 2037 1090 εἰσὶ

456 1132 642 1192 τέκνα,
672 1129 986 1198 παρέδειξεν
1017 1128 1278 1200 ἐναργῶς,
1305 1130 1386 1182 δτι
1405 1131 1517 1192 τοῖς
1545 1130 1642 1198 τῆς
1671 1130 1865 1200 νοητῆς
1904 1145 2038 1198 πορ-

458 1221 604 1282 νείας
630 1221 966 1289 ἐγκλήμασιν
994 1220 1166 1290 ἔνοχοι
1209 1219 1605 1290 καθεστήκασι,
1661 1220 1756 1273 καὶ
1792 1221 1947 1272 τοῦτο
1979 1219 2039 1282 ἐξ

458 1311 636 1364 αὐτῶν
685 1312 853 1364 οἱονεὶ
925 1312 1252 1381 σπαργάνων
1309 1313 1400 1364 καὶ
1453 1313 1672 1382 μήτρας
1725 1310 2041 1379 δεδυσσεϐη-

458 1403 634 1466 κότες,
686 1403 781 1456 καὶ
821 1403 941 1456 οὐδέ
987 1403 1206 1456 πώποτε
1251 1404 1358 1456 τῶν
1411 1405 1490 1466 εἰς
1534 1401 1814 1455 εὐσέϐειαν
1863 1401 2039 1472 ἔργων

457 1494 750 1563 ἁψάμενοι,
813 1494 1227 1564 ἀνεπιτήδευτον
1270 1494 1327 1546 δὲ
1382 1493 1660 1555 παντελῶς
1702 1492 1800 1563 τὴν
1842 1490 2040 1562 ἀρετὴν

459 1586 774 1655 ἐσχηκότες,
806 1585 904 1654 τὴν
937 1585 1262 1638 ἁνδάνουσαν
1298 1585 1377 1656 τῷ
1413 1585 1530 1655 Θεῷ
1570 1584 1753 1655 τρίϐον
1797 1585 1858 1636 οὐ
1896 1600 2040 1635 τετι-

465 1679 718 1747 μηκότες.
756 1675 912 1729 Οῦτω
943 1677 1037 1728 καὶ
1064 1677 1092 1728 ό
1118 1676 1345 1730 Ψάλ).ων
1376 1678 1559 1746 φησὶν,
1609 1695 1628 1726 ι
1653 1674 2041 1746 Ἀπηλλοτριώο

463 1770 635 1837 (θησαν
677 1769 724 1819 οξ
772 1766 1085 1836 ἁμαρτωλοὶ
1111 1767 1218 1819 ἀπὸ
1251 1769 1478 1838 μήτρας,
1524 1767 1902 1837 ἐπλανήθησαν
1937 1765 2044 1819 ἀπὸ

2135 585 2229 638 filii
2257 599 2354 654 pro
2379 585 2661 652 patribus;
2689 581 3061 650 unusquisque
3097 580 3150 634 in
3181 592 3400 650 peccato
3456 596 3556 637 suo
3584 597 3704 636 mo-

2135 676 2305 730 rietur
2335 676 2399 730 ".
2435 694 2453 726 ι
2481 673 2795 728 Tenendum
2851 675 3052 742 potius,
3102 674 3345 742 quamvis
3396 675 3704 742 excogitata

2134 767 2206 823 sit
2268 780 2494 835 persona
2545 764 2861 819 fornicantis
2907 766 3118 831 matris,
3172 775 3230 818 ut
3287 775 3441 835 typus
3484 764 3704 834 quidam

2137 858 2434 929 Synagogte
2471 894 2486 920 ,
2544 853 2902 910 nihilominus
2980 870 3133 924 aeque
3188 855 3508 911 fornicarios
3559 869 3702 920 esse,

2136 951 2227 1018 qui
2258 963 2324 1003 ex
2379 961 2441 1001 ea
2476 947 2822 1001 exstiterunt.
2853 945 2989 1000 Cum
3015 954 3194 998 autem
3225 946 3353 1000 dicit
3397 961 3515 1002 esse
3566 947 3704 1000 filios

2138 1039 2522 1102 fornicationis,
2553 1036 2834 1092 manifeste
2893 1035 3148 1100 ostendit,
3168 1034 3537 1092 fornicationis
3583 1051 3705 1106 quae

2139 1131 2486 1201 intelligentia
2517 1129 2813 1199 percipitur
2838 1127 3065 1181 crimine
3098 1125 3268 1180 teneri
3297 1139 3313 1178 :
3340 1137 3393 1181 et
3425 1129 3527 1182 hoc
3570 1143 3703 1197 qua-

2139 1225 2182 1278 si
2220 1225 2287 1276 ab
2317 1221 2447 1291 ipsis
2476 1220 2656 1274 fasciis
2685 1227 2740 1274 et
2771 1227 2926 1272 utero
2979 1217 3124 1286 impii
3180 1214 3400 1280 fuerint,
3458 1233 3558 1272 nec
3605 1234 3704 1272 uu-

2139 1327 2298 1382 quam
2338 1324 2498 1380 0pera
2545 1309 2757 1378 pietatis
2789 1308 3084 1376 attigerint,
3153 1305 3465 1375 nullamque
3519 1307 3704 1362 virtuti

2139 1417 2352 1472 operam
2389 1402 2631 1456 dederint
2661 1440 2675 1464 ,
2711 1414 2807 1456 nec
2864 1400 3006 1454 viam
3030 1400 3138 1452 Deo
3175 1397 3476 1467 placentem
3529 1398 3705 1467 magni

2140 1493 2387 1549 fecerint.
2416 1493 2558 1546 Idem
2583 1491 2830 1547 Psaltes:
2873 1509 2893 1543 ι
2929 1491 3160 1546 Alienati
3207 1500 3333 1545 sunt
3395 1499 3708 1561 peccatores

2142 1599 2171 1637 a
2195 1584 2372 1648 vulva,
2407 1593 2727 1638 erraverunt
2751 1585 2818 1636 ab
2849 1593 3025 1647 utero,
3052 1582 3209 1637 locuti
3240 1591 3366 1636 sunt
3421 1582 3552 1637 falsa
3577 1582 3643 1647 ¹⁸,
3681 1599 3701 1633 ι

2143 1689 2262 1728 cum
2293 1684 2480 1728 contra
2506 1674 2723 1743 quilibet
2743 1674 2862 1744 pius
2887 1682 2944 1728 et
2959 1673 3210 1742 operibus
3227 1673 3450 1742 justitiae
3473 1675 3708 1731 innutri-

2148 1775 2230 1819 tus
2249 1765 2554 1820 exclamare
2578 1766 2641 1818 ad
2659 1765 2827 1819 Deum
2852 1764 3118 1821 luculente
3148 1767 3345 1835 possit:
3376 1785 3394 1817 ι
3431 1767 3485 1821 In
3515 1777 3566 1822 te
3582 1781 3708 1836 pro-

469 1857 720 1928 γαστρὸς,
753 1858 1015 1927 ἐλάλησαν
1033 1857 1201 1926 ψευδῆ
1227 1874 1240 1887 °
1272 1878 1288 1910 ι
1323 1859 1500 1911 καίτοι
1529 1858 1724 1921 παντὸς
1749 1856 2026 1922 εὐσεϐοῦς,

2149 1863 2299 1907 ectus
2322 1869 2436 1907 sum
2465 1869 2529 1908 ex
2565 1863 2751 1922 utero;
2779 1857 2844 1908 de
2859 1862 3044 1910 ventre
3056 1855 3245 1910 matris
3258 1870 3387 1910 mea:
3405 1857 3541 1911 Deus
3556 1872 3709 1912 meus

469 1948 563 2001 καὶ
624 1951 736 2011 τοῖς
788 1949 890 2018 τῆς
943 1948 1288 2020 δικαιοσύνης
1332 1947 1512 2019 ἔργοις
1572 1949 2028 2020 ἐντεθραμμένου,

464 2039 725 2110 λαμπρῶς
753 2040 1051 2107 ἀναφωνεῖν
1086 2040 1382 2110 δυναμένου
1415 2041 1550 2110 πρὸς
1577 2040 1728 2104 Θεὸν,
1751 2059 1770 2090 ι
1815 2039 1936 2092 Ἐπὶ
1983 2038 2040 2091 σὲ

474 2131 772 2201 ἑπερρίφην
819 2131 883 2184 ἐκ
935 2132 1179 2201 μήτρας’
1237 2131 1345 2184 ἀπὸ
1396 2132 1632 2200 γαστρὸς
1687 2129 1892 2200 μητρός
1937 2145 2038 2198 μου

472 2219 600 2284 Θεός
656 2238 759 2290 μου
801 2215 852 2272 εἷ
907 2221 990 2274 σύ.
1019 2239 1038 2272 ι
1093 2221 1303 2291 Ὥσπερ
1353 2222 1407 2275 δὲ
1435 2222 1540 2274 είσὶ
1573 2221 1765 2288 φωτὸς,
1804 2219 1898 2272 καὶ
1933 2218 2037 2270 υἱοὶ

465 2311 671 2382 ἡμέρας
699 2312 885 2364 νοοῖντ’
912 2311 979 2364 ἂν
1007 2311 1249 2375 εἰκότως,
1279 2312 1328 2364 oi
1357 2313 1433 2375 ὡς
1461 2314 1518 2364 ἐν
1547 2310 1685 2379 φωτὶ
1737 2312 1828 2362 καὶ
1859 2309 2040 2381 ήμέρα

465 2400 868 2473 πολιτευόμενοι
899 2402 1168 2474 λαμπρῶς
1218 2422 1277 2457 τε
1323 2405 1418 2457 καὶ
1454 2403 1838 2473 εὐσχημόνωςο
1895 2401 2037 2454 οὐτω

464 2493 566 2548 κᾶν
610 2495 658 2546 εί
695 2494 938 2562 λέγοιντο
985 2496 1240 2565 πορνείας
1287 2495 1452 2548 τέκνα
1491 2495 1655 2559 τινὲς,
1691 2494 1814 2556 τοὺς
1860 2492 1935 2554 ὼς
1977 2493 2036 2544 ἐν

465 2587 714 2657 πορνείῳ,
744 2587 839 2640 καὶ
857 2589 924 2658 τῇ
954 2586 1072 2639 λίαν
1097 2588 1453 2657 ἐκτοπωτάτῃ
1475 2585 1587 2656 ζωῇ
1606 2586 1822 2654 νοήσεις
1851 2583 2034 2646 πάλιν.

467 2676 558 2739 οὒς
586 2678 980 2747 κατοικτείρειν
1027 2677 1126 2729 οὐκ
1178 2677 1338 2742 ἀξιοῖ,
1378 2696 1395 2728 ‹
1426 2677 1560 2730 διότιι
1603 2675 1967 2744 πεπόρνευκεν
2003 2674 2037 2742 ἡ

473 2767 652 2835 μήτηρ
680 2765 882 2828 αὐτῶν,
911 2766 1250 2836 κατῄσχυνεν
1303 2768 1338 2836 ή
1384 2765 1621 2819 τεκοῦσα
1647 2764 1805 2817 αὐτά.
1832 2781 1850 2814 ι
1904 2764 2045 2816 Κατ-

469 2855 668 2926 ῄσχυνε
692 2855 749 2908 δὲ
773 2855 968 2927 ἑαυτὴν
994 2858 1253 2928 δηλονότι,
1280 2857 1374 2910 καὶ
1397 2857 1465 2910 τὰ
1487 2855 1546 2920 ἐξ
1573 2853 1744 2923 αὐτῆς
1764 2851 2042 2920 ἀναφύντα

2137 1959 2195 1997 es
2234 1953 2287 1998 tu
2311 1945 2406 1999 η.»
2429 1945 2882 2011 Quemadmodum
2898 1945 2988 2001 filii
3015 1947 3235 2013 lucis,et
3267 1947 3357 2001 filii
3379 1948 3482 2003 diei
3515 1949 3710 2003 merito

2147 2047 2345 2102 queant
2370 2035 2615 2104 intelligi,
2643 2037 2734 2104 qui
2766 2047 2822 2091 ut
2853 2038 2904 2092 in
2951 2038 3072 2093 luce
3117 2048 3172 2094 et
3223 2039 3310 2094 die
3354 2040 3608 2107 pratclare
3653 2050 3710 2096 et

2141 2123 2364 2180 honeste
2406 2126 2567 2179 vitam
2596 2127 2834 2197 degunt;
2871 2127 2942 2182 ita
2967 2129 3129 2183 etiam
3165 2130 3209 2184 si
3262 2132 3353 2200 qui
3391 2131 3483 2184 lilii
3535 2131 3706 2186 forni-

2144 2217 2372 2270 cationis
2416 2217 2682 2283 dicantur,
2739 2218 3004 2288 intelliges
3052 2220 3288 2274 vicissim
3345 2229 3598 2289 tanquam
3651 2221 3706 2276 in

2144 2306 2408 2375 lupanari,
2441 2319 2496 2363 et
2524 2308 2576 2361 in
2623 2323 2821 2378 genere
2866 2310 2990 2366 vita:
3055 2312 3364 2381 turpissimo
3408 2323 3706 2379 versantes,

2143 2413 2279 2466 quos
2336 2399 2702 2454 misericordia
2736 2416 2842 2456 non
2889 2401 3158 2470 dignatur,
3217 2421 3235 2454 ι
3265 2403 3387 2471 quia
3446 2403 3708 2458 fornicata

2141 2496 2225 2542 est
2254 2497 2427 2542 mater
2473 2503 2698 2555 eorum;
2747 2491 2952 2559 pudore
2992 2491 3169 2547 affecit
3203 2507 3294 2546 eos
3332 2508 3450 2560 qua:
3501 2495 3711 2562 peperit

2144 2592 2254 2632 eos.
2294 2596 2312 2629 ι
2353 2578 2629 2634 l‘udefecit
2656 2591 2834 2635 autem
2871 2582 3102 2650 seipsam
3142 2584 3408 2648 videlicet,
3462 2595 3517 2637 et
3572 2587 3711 2640 tilios

2144 2685 2206 2724 ex
2240 2686 2297 2725 se
2323 2681 2498 2726 natos.
2531 2673 2683 2726 Sicut
2721 2674 2862 2727 enim
2890 2674 3034 2741 justo
3060 2690 3156 2729 sua
3198 2677 3370 2729 virtus
3423 2677 3604 2730 decori
3655 2687 3712 2732 et

2143 2773 2480 2824 ornamento,
2521 2764 2590 2815 ita
2615 2764 2786 2818 cuivis
2807 2764 3072 2820 scelerato
3096 2780 3193 2819 sua
3227 2766 3428 2820 scelera
3459 2766 3711 2821 dedecori

2145 2868 2207 2905 ac
2241 2855 2431 2921 pudori
2483 2864 2628 2908 sunt.

468 2947 651 3002 τέκνα.
689 2949 896 3019 Ὥσπερ
924 2949 1031 3020 γάρ
1059 2951 1203 3003 ἐστιν
1233 2951 1289 3002 ἐν
1314 2949 1592 3020 αὐχήμασι
1611 2948 1720 3009 τοῖς
1775 2947 1854 3008 είς
1909 2945 2108 3015 ἀρετὴν
2145 2946 2173 2997 ὁ
2220 2945 2456 3008 δίκαιος·
2524 2945 2695 3009 οὕτως
2743 2947 2804 2999 tv
2849 2947 3098 3019 αἰσχύνῃ,
3159 2948 3252 3002 καὶ
3305 2949 3538 3020 ἐντροπῇ
3605 2946 3715 3001 πᾶς

465 3038 526 3091 δυ
537 3038 746 3108 σσεϐής.

528 3125 673 3182 Bias
731 3130 862 3197 γὰρ,
918 3130 1292 3198 Πορεύσομαι
1350 3128 1543 3180 ὀπίσω
1603 3128 1723 3182 τῶν
1773 3122 2042 3193 ἐραστῶν

2214 3122 2323 3192 36
2352 3119 2513 3175 Vens.
2537 3121 2590 3176 5.
2630 3121 2778 3176 Dixit
2841 3125 3017 3178 enim:
3063 3125 3262 3179 Vadam
3323 3129 3393 3181 ad
3450 3142 3710 3186 amatores

464 3236 602 3286 μου,
629 3216 749 3270 τῶν·
773 3218 1062 3272 διδόντων
1091 3237 1190 3288 μοι
1229 3220 1370 3285 τοὺς
1413 3219 1629 3286 ἄρτους
1667 3235 1806 3285 μου,
1839 3215 1936 3268 καὶ
1978 3215 2045 3267 τὸ

465 3307 620 3376 ὕδωρ
636 3326 773 3376 μου,
813 3309 911 3362 καὶ
956 3309 1025 3362 τὰ
1053 3308 1254 3378 ἱμάτιά
1286 3327 1426 3377 μου,
1459 3310 1556 3362 καὶ
1583 3309 1655 3362 τὰ
1679 3306 1882 3361 ὀθόνιὰ
1905 3323 2044 3375 μου,

468 3399 564 3452 καὶ
592 3399 656 3450 τὸ
684 3399 892 3451 ἔλαιόν
916 3415 1054 3466 μου,
1086 3398 1184 3451 καὶ
1216 3398 1415 3452 πάντα
1438 3397 1553 3451 ὅσα
1575 3415 1676 3468 μοι
1707 3397 1973 3462 καθήκει.

539 3489 635 3541 1Δ’.
687 3488 951 3556 Ἐραστάς
981 3489 1150 3557 αὐτῆς
1176 3486 1311 3542 εἶναί
1366 3505 1499 3557 φησι
1535 3488 1660 3552 τοὺς
1703 3487 2046 3557 ἀκαθάρτους

467 3576 746 3646 δαίμονας,
778 3579 904 3648 περὶ
931 3578 1023 3641 οὒς
1054 3579 1262 3646 λέγοιτο
1309 3579 1337 3630 ό
1385 3580 1486 3649 τῆς
1522 3580 1777 3648 πορνείας
1813 3578 2050 3630 πεποιεῖ-

470 3665 591 3719 σθαι
621 3667 841 3738 τρόπος.
889 3669 962 3721 Τὸ
987 3669 1095 3740 γὰρ
1124 3671 1244 3731 ταῖς
1269 3669 1492 3723 ἐκείνων
1521 3669 1752 3722 ⁹ἐπεσθαι
1780 3667 2046 3739 γνώμαις,

466 3756 560 3809 καὶ
591 3757 658 3809 τά
681 3757 862 3820 αὐτοῖς
891 3757 1152 3811 δοκοῦντα
1200 3757 1462 3829 πληροῦν,
1500 3757 1678 3822 τοῦτο,
1715 3752 1897 3826 οἶμαι,
1924 3757 2047 3812 ἐστὶ

464 3845 526 3898 τὸ
547 3847 885 3913 ἀσελγαίνειν
915 3849 1235 3918 ἁμαρτίαις,
1265 3849 1361 3902 καὶ
1385 3848 1623 3901 διαϐιοῦν
1658 3849 1920 3917 αἰσχρῶς,
1953 3848 2048 3900 καὶ

465 3937 563 4006 τῆς
596 3938 830 4007 ἐσχάτης
876 3937 1206 4007 φαυλότητος
1241 3938 1737 4010 ἀναπίμπλασθαι,
1791 3939 1948 4008 μόνον
1991 3937 2047 3990 δὲ

471 4027 593 4094 οὐχὶ
639 4027 734 4079 καὶ
791 4031 848 4079 ἐν
909 4028 1092 4082 ὠδῖσιν
1133 4029 1278 4098 ἔχειν
1330 4031 1437 4082 πᾶν
1493 4026 1633 4092 εἶδος
1681 4027 2043 4099 ἀκαθαρσίας.

477 4112 687 4184 Ὥσπερ
715 4118 822 4186 γὰρ
848 4118 896 4168 οἱ
925 4119 1014 4172 τὸν
1045 4120 1187 4170 θεῖον
1221 4120 1498 4183 ὡδίνοντες
1525 4121 1706 4188 φόϐον,
1741 4120 2045 4190 ἀνακεκρα-

481 4219 608 4272 γασι
657 4206 791 4275 πρὸς
840 4207 992 4272 Θεὸν,
1039 4209 1178 4260 (Διὰ
1237 4209 1327 4260 τὸν
1372 4211 1531 4277 φόϐον
1576 4227 1689 4271 σου,
1741 4210 1928 4279 Κύριε,
1989 4210 2047 4262 ὲν

479 4298 675 4366 γαστρὶ
703 4297 988 4368 ἐλάϐομεν,
1045 4302 1140 4368 καὶ
1196 4301 1552 4372 ὼδινήσαμεν,
1623 4305 1714 4356 καὶ
1767 4305 2042 4374 ἐτέκομεν,

473 4386 691 4455 πνεῦμα
720 4391 989 4458 σωτηρίου
1025 4408 1116 4443 σου
1145 4393 1457 4462 ἐκυήσαμεν
1484 4393 1576 4445 ἐπὶ
1605 4396 1703 4463 τῆς
1731 4395 1882 4463 γῆς’»
1906 4393 2046 4447 οὕτω

2149 3231 2312 3277 meos,
2334 3214 2420 3280 qui
2454 3214 2581 3266 dant
2626 3216 2753 3266 mihi
2783 3231 2939 3281 panes
3001 3233 3160 3283 meos,
3195 3230 3241 3272 et
3280 3236 3471 3290 aquam
3520 3240 3710 3289 meam,

2146 3315 2192 3358 et
2225 3306 2524 3358 vestimenta
2548 3319 2745 3371 mea,et
2777 3307 2935 3360 lintea
2964 3324 3098 3372 mea,
3144 3321 3191 3363 et
3223 3313 3392 3366 oleant
3412 3329 3602 3378 meum,
3662 3325 3712 3369 et

2147 3395 2324 3446 omnia
2351 3410 2670 3464 quwcunque
2703 3396 2829 3448 milii
2856 3400 3191 3452 conveniunt.

2219 3483 2356 3538 XIV.
2387 3486 2670 3538 Amatores
2699 3485 2813 3550 ejus
2854 3487 2928 3540 ait
2953 3502 3074 3542 esse
3131 3489 3366 3554 impuros
3419 3494 3710 3556 daunouas.

2146 3590 2265 3629 cmn
2291 3576 2488 3644 quibus
2543 3576 2828 3630 t'ornit-atio
2869 3577 3261 3645 quodammodo
3299 3583 3584 3636 commissa
3609 3585 3712 3638 dici

2147 3678 2341 3737 potest.
2375 3668 2585 3722 Illorum
2620 3669 2762 3722 enim
2793 3670 2941 3736 sequi
2973 3671 3322 3733 voluntatem,
3361 3681 3552 3740 etqum
3584 3674 3712 3741 ipsis

2146 3761 2359 3829 placent
2390 3771 2722 3829 perpetrare,
2761 3762 2862 3815 huc
2891 3771 2994 3826 est,
3031 3772 3088 3814 ut
3118 3763 3387 3828 existimo,
3411 3767 3712 3832 protervius

2147 3850 2394 3905 lascivire
2421 3851 2474 3902 in
2497 3851 2752 3920 peccatis,
2783 3859 2837 3904 et
2867 3852 3096 3920 turpiter
3117 3853 3318 3918 vivere,
3353 3863 3408 3908 et
3437 3870 3494 3910 se
3531 3869 3715 3912 extre-

2147 3955 2232 3994 ma
2265 3940 2501 4008 nequitia
2539 3940 2892 4010 ingurgitare.
2928 3951 2982 3995 et
3009 3952 3214 3996 tantum
3244 3946 3530 3999 nonetiam
3552 3963 3714 4002 omne

2145 4045 2314 4102 genus
2337 4031 2690 4086 immunditize
2718 4034 3006 4101 parturire.
3040 4034 3498 4099 Quemadmodum
3562 4040 3707 4091 enim

2145 4123 2236 4190 qui
2272 4123 2517 4177 timorem
2547 4122 2783 4176 divinum
2815 4123 3137 4190 parturiunt,
3157 4123 3392 4178 clamant
3426 4129 3492 4179 ad
3524 4128 3709 4181 Deum:

2152 4231 2170 4263 ι
2205 4212 2429 4282 Propter
2464 4213 2706 4266 timorem
2730 4221 2900 4274 tuum,
2936 4211 3178 4276 Domine,
3213 4212 3264 4265 in
3295 4222 3452 4268 utero
3504 4221 3713 4286 accepi-

2148 4319 2288 4370 mus,
2321 4314 2374 4358 et
2395 4303 2795 4372 parturit-imus,
2821 4312 2874 4356 et
2897 4304 3204 4372 peperimus
3221 4349 3236 4373 ,
3256 4309 3502 4377 spiritum
3526 4311 3712 4366 salutis

2151 4401 2252 4445 tuae
2272 4391 2576 4460 peperimus
2591 4405 2750 4460 super
2779 4401 2977 4445 terram
3007 4395 3083 4460 '°;
3121 4413 3140 4446 ι
3175 4398 3247 4450 ita
3294 4399 3382 4465 qui
3411 4400 3709 4456 daemonum

471 4477 563 4529 καὶ
583 4478 701 4538 ταῖς
728 4477 838 4530 τῶν
866 4479 1134 4550 δαιμόνων
1196 4482 1511 4552 ἐπιθυμίαις
1541 4483 1757 4547 ἀνέντες
1799 4484 1887 4536 τὸν
1923 4485 2042 4537 νοῦν

2151 4484 2532 4549 cupiditatibus
2557 4483 2774 4548 cedunt,
2809 4484 2951 4540 illico
2999 4496 3229 4540 mentem
3264 4490 3408 4542 omni
3441 4491 3713 4560 impietate

469 4568 688 4638 ἀπάσης
729 4569 892 4634 εὐθὺς
921 4571 1174 4636 ἀσεϐείας
1229 4573 1519 4644 ἐπίμεστον
1569 4575 1803 4644 ἔχουσιν,
1849 4577 1896 4627 οἱ
1937 4574 2042 4626 τῶν

469 4657 629 4711 θείων
693 4661 1097 4728 ἁποφοιτῶντες
1170 4666 1374 4735 νόμων,
1432 4666 1651 4736 ἁπάσης
1710 4666 2044 4734 φαυλότητος

470 4748 835 4818 ἐπιτηδευταί.
878 4753 1135 4822 Ἐρασταὶ
1167 4755 1230 4825 δὴ
1248 4751 1339 4808 οὖν
1372 4759 1598 4827 πονηροί
1626 4775 1684 4809 τε
1735 4758 1828 4811 καὶ
1858 4758 2042 4828 ἁλιτή-

476 4853 580 4905 ριοι
608 4838 715 4890 τῶν
750 4842 828 4903 είς
874 4843 1127 4897 ἀσέϐειαν
1162 4846 1599 4900 ἀπονενευκότων
1642 4849 1691 4900 οἱ
1740 4849 2045 4902 ἀποστάται

472 4926 746 4996 δαίμονες,
798 4927 878 4994 οἷς
907 4934 959 4985 εῐ
991 4952 1076 4998 τις
1107 4935 1283 4989 ἕλοιτο
1335 4937 1622 5007 προσέχειν
1658 4938 1822 5000 θεοῖς,
1857 4939 2046 4990 δυσσε-

471 5017 629 5088 ϐήσει
658 5018 864 5084 δεινῶς.
909 5025 1216 5096 Ἀνατίθησι
1255 5028 1363 5098 γὰρ
1401 5029 1582 5092 αὐτοῖς
1612 5029 1705 5081 καὶ
1730 5023 1803 5081 ὧν
1842 5029 1905 5082 ἂν
1933 5029 2044 5098 ἔχοι

470 5106 567 5176 τὴν
594 5106 788 5179 χάριν,
831 5113 923 5165 καὶ
946 5118 1067 5177 ταῖς
1095 5117 1392 5186 εὐφημίαις
1429 5118 1818 5188 καταγεραίρει
1845 5117 2044 5170 πολλά-

471 5213 578 5260 κις,
628 5200 724 5252 καὶ
767 5202 1028 5274 ἀναφέρει
1058 5207 1127 5258 τὰ
1174 5211 1528 5279 χαριστήρια,
1554 5209 1687 5261 Θεὸν
1719 5208 1810 5260 τὸν
1834 5208 1928 5260 ἕνα
1958 5208 2052 5260 καὶ

471 5287 632 5358 φύσει
679 5291 1104 5360 καταλελοιπὼς,
1161 5296 1253 5350 τὸν
1302 5297 1640 5370 χορηγοῦντα
1685 5297 1751 5350 τὰ
1804 5297 2051 5368 ζωαρκῆν

469 5375 562 5429 -ιὸν
602 5373 691 5432 οἷά
727 5397 872 5435 τισιν
900 5383 1174 5455 ἐσθήμασι
1221 5387 1698 5458 καταμφιεννύντα
1737 5392 1802 5458 τῇ
1848 5388 2052 5458 χάριτι,

472 5467 566 5520 καὶ
591 5472 709 5534 ταῖς
735 5471 944 5528 ἀνωθεν
1009 5478 1343 5551 ἐπικουρίαις
1401 5481 1494 5533 καὶ
1548 5479 1670 5533 νοῦν
1699 5481 1792 5532 καὶ
1834 5481 2054 5548 καρδίαν

474 5567 930 5636 κατασκιάζοντα,
980 5572 1072 5628 τὸν
1110 5567 1196 5629 οἷά
1241 5592 1345 5645 περ
1389 5574 1555 5645 ἐλαίῳ
1607 5573 2052 5636 καταπιαίνοντα,

550 5741 570 5773 '-'
599 5742 786 5800 Ezech.
822 5763 976 5812 xvm,
1014 5750 1105 5803 ΞΟ.
1188 5752 1230 5783 ⁸⁸
1260 5751 1398 5805 Psal.
1440 5767 1569 5814 Lvn,
1607 5751 1662 5804 4.

1742 5751 1782 5780 ‘9
1821 5747 1957 5800 l‘sal.
2006 5759 2118 5801 ut.
2157 5743 2238 5794 ll.

2152 4574 2404 4628 refertam
2438 4575 2659 4638 habent,
2686 4585 2742 4629 et
2775 4589 2806 4628 a
2861 4576 3058 4632 divinis
3107 4577 3312 4648 legibus
3350 4580 3711 4649 discedentes,

2149 4667 2488 4734 omnigenam
2522 4666 2918 4733 improbitatem
2947 4678 3345 4724 consectantur.
3376 4671 3572 4727 Eorum
3617 4675 3713 4742 igi-

2151 4767 2256 4823 tur,
2310 4757 2397 4824 qui
2437 4757 2503 4810 ad
2547 4758 2872 4825 impietatem
2933 4760 3289 4827 deﬂexerunt,
3349 4765 3586 4831 perversi
3649 4781 3712 4820 ac

2150 4849 2462 4916 pestilentes
2495 4859 2761 4904 amatores
2792 4859 2918 4904 sunt
2947 4853 3218 4908 daemones
3273 4863 3528 4921 apostatae
3554 4872 3568 4919 ;
3596 4858 3713 4924 qui-

2151 4940 2251 4994 bus
2291 4941 2334 4994 si
2371 4940 2490 5008 quis
2512 4948 2763 5009 tanquam
2789 4942 2892 4995 diis
2923 4943 3225 4999 auscultare
3273 4945 3521 5007 voluerit,
3583 4947 3713 5001 insi-

2152 5032 2324 5100 gniter
2358 5032 2553 5099 impius
2592 5033 2802 5088 evadet.
2833 5033 2941 5088 Illis
2978 5035 3120 5087 enim
3156 5044 3373 5102 accepta
3411 5037 3713 5106 refertquae

2154 5121 2349 5185 habet,
2406 5130 2462 5174 et
2510 5119 2822 5191 frequenter
2871 5139 2964 5179 eos
3002 5125 3246 5178 laudibus
3268 5136 3554 5180 veneratur
3589 5168 3603 5189 ,
3663 5141 3715 5180 et

2150 5211 2346 5264 oblatis
2371 5213 2684 5266 muneribus
2705 5214 2908 5281 gratias
2929 5214 3058 5283 agit,
3087 5213 3271 5266 relicto
3301 5231 3406 5270 uno
3436 5227 3491 5270 et
3515 5227 3703 5268 natum

2152 5299 2558 5368 Deo:quivit:e
2579 5304 2942 5358 sustentandae
2980 5301 3121 5370 quod
3174 5303 3404 5360 sutIiciat
3454 5307 3713 5374 largitur,

2154 5392 2244 5460 qui
2304 5408 2402 5447 nos
2451 5393 2729 5450 beneﬁciis
2788 5397 2952 5450 veluti
3013 5399 3297 5465 convestit,
3367 5409 3421 5454 et
3475 5400 3721 5466 supernis

2153 5480 2368 5534 auxiliis
2398 5493 2451 5534 et
2482 5493 2712 5536 mentem
2737 5495 2789 5538 et
2812 5501 2906 5540 cor
2941 5485 3235 5541 obumbrat
3261 5528 3275 5553 ,
3304 5490 3394 5558 qui
3431 5487 3578 5542 velut
3603 5485 3720 5538 oleo

2154 5569 2532 5638 pinguedinem
2586 5576 2872 5642 conciliat,
2938 5585 2992 5629 et
3015 5588 3158 5642 pane
3185 5578 3276 5646 qui
3297 5572 3722 5636 subintelligeu‘

2318 5744 2361 5774 ¹⁰
2389 5741 2490 5795 lsa.
2527 5755 2670 5807 xxvt,
2711 5745 2795 5814 l7,
2830 5749 2908 5802 18.
