4098 6276
385 328 454 388 67
1414 333 1471 389 S.
1513 332 1790 391 CYRILLI
1833 333 2311 390 ALEXANDRINI
2351 329 2648 394 ARCHIEP
3584 330 3655 387 68

383 451 513 506 tiam
540 461 748 506 tantum
777 453 941 516 cadit,
1002 451 1170 508 nutrit
1227 451 1292 505 ad
1321 453 1485 506 vitam
1534 453 1850 521 gloriosam,
1908 461 1954 504 et

2065 452 2217 522 ἄρτῳ
2239 451 2319 522 τῷ
2336 449 2513 522 νοητῷ
2533 450 2804 521 τρέφοντα
2836 446 2970 512 πρὸς
2993 446 3136 519 ζωὴν
3169 445 3269 518 τὴν
3328 447 3528 500 εὐκλεᾶ
3557 454 3652 501 καὶ

381 544 546 600 nullis
593 544 806 599 saeculis
842 544 1128 598 finiendam
1156 561 1170 598 :
1201 545 1291 613 qui
1327 560 1464 612 aqua
1498 543 1708 598 vivifica
1758 546 1826 598 ad
1866 543 1963 597 bo~

382 649 506 690 nam
555 645 610 690 et
639 636 972 706 spiritualem
1013 652 1109 691 nos
1144 637 1517 692 habitudinem
1552 635 1666 688 alit.
1710 634 1810 701 Qui
1867 651 1963 688 au-

385 740 492 784 tem
524 728 592 781 ad
625 728 950 798 impietatem
978 727 1289 788 declinavit.
1322 728 1462 781 sicut
1488 727 1742 780 nimirum
1793 726 1963 781 forni-

381 819 552 876 catrix
579 818 881 891 Synagoga,
916 823 1061 875 hunc
1123 820 1298 888 inquit
1329 834 1456 873 suos
1494 831 1766 875 amatores
1809 820 1960 888 sequi

379 921 650 980 oportere,
675 921 731 967 et
765 911 870 966 illis
900 911 1108 980 gratias
1134 910 1360 971 referre.
1394 919 1690 982 putareque
1737 911 1960 977 victum,

379 1000 756 1071 vestitumque
793 1000 862 1055 ab
886 1000 993 1055 illis
1023 1001 1314 1070 accepisse.
1354 999 1466 1056 Hoc
1498 1003 1697 1071 quippe
1745 1009 1848 1067 est,
1907 1001 1959 1057 ni

381 1090 572 1155 fallor,
620 1091 765 1158 quod
818 1090 917 1145 ait.
989 1091 1133 1145 Dixit
1207 1091 1349 1146 enim
1384 1109 1397 1145 :
1428 1091 1636 1161 Sequar
1689 1101 1963 1148 amatores

380 1199 532 1238 meos
563 1182 657 1252 qui
687 1182 818 1236 dant
852 1182 983 1236 mihi
1032 1197 1198 1253 panes
1223 1197 1394 1249 meos,
1421 1192 1475 1236 et
1542 1197 1733 1252 aquam
1762 1197 1957 1247 meam,

379 1285 435 1328 et
463 1274 786 1329 vestimenta
812 1288 948 1339 mea,
984 1281 1039 1329 et
1080 1273 1262 1338 lintea,
1317 1282 1374 1328 et
1422 1274 1597 1328 oleum
1637 1289 1840 1337 meum,
1908 1284 1963 1328 et

379 1364 560 1420 omnia
600 1379 720 1433 qua;
775 1365 905 1419 mihi
966 1366 1318 1420 conveniunt.
1403 1362 1596 1420 Verum
1647 1365 1960 1437 prudentes,

379 1466 435 1510 et
461 1456 606 1523 boni,
637 1466 692 1510 et
730 1458 838 1510 Deo
861 1457 970 1512 noti
1009 1457 1438 1527 amicissimique
1469 1458 1536 1510 ad
1570 1458 1747 1529 ipsum
1782 1460 1962 1513 omni-

383 1563 451 1600 nn
473 1547 774 1602 caelestium
801 1549 1060 1602 bonorum
1101 1549 1462 1618 largitionem,
1515 1559 1962 1621 terrenorumque

381 1641 867 1710 suppeditationem
933 1642 1240 1698 retulerint.
1320 1643 1511 1698 Dicent
1573 1645 1744 1708 enim,
1800 1645 1961 1714 idque

380 1730 690 1798 sapienter:
726 1749 745 1781 ι
775 1730 1045 1801 Numquid
1074 1740 1157 1787 est
1185 1733 1240 1786 in
1269 1733 1426 1787 idolis
1453 1734 1700 1803 gentium
1729 1735 1963 1804 pluens?

2064 545 2372 616 ἀμήρυτον,
2399 543 2494 597 τὸν
2518 541 2674 597 ῦδατι
2700 541 2778 613 τῷ
2815 540 3064 611 ζωοποιῷ
3094 541 3229 612 πρὸς
3263 539 3476 604 εὐεξίαν
3507 540 3650 610 ὑμᾶς

2063 634 2333 706 τρέφοντα
2366 635 2466 705 τὴν
2495 634 2888 705 πνευματικήν.
2921 633 3061 687 Ἀλλ’
3093 633 3122 686 ὃ
3146 649 3210 701 γε
3235 631 3374 703 πρὸς
3395 632 3651 687 ἀσέϐειαν

2063 721 2448 789 διανενευιιὼς,
2489 722 2743 795 καθάπερ
2785 723 2978 794 ἀμέλει
3015 723 3110 776 καὶ
3149 725 3183 793 ἠ
3233 722 3648 794 πεπορνευμένη

2064 814 2386 885 Συναγωγὴ,
2419 817 2534 878 τοῖς
2560 815 2712 878 ίδίοις
2739 816 2997 887 ἐρασταῖς
3019 814 3124 885 ἔφη
3147 815 3254 868 δεῖν
3273 815 3522 879 ἕπεσθαι,
3555 812 3650 868 καὶ

2063 906 2249 969 αὐτοῖς
2305 905 2570 959 ἀνάπτειν
2623 905 2696 960 τὰ
2736 908 3084 979 χαριστήρια,
3145 907 3242 961 καὶ
3292 905 3423 978 παρ’
3469 907 3649 960 αὐτῶν

2061 997 2316 1066 ἡγεῖσθαι
2370 997 2554 1050 λαϐεῖν
2587 998 2653 1052 τά
2684 1016 2745 1054 τε
2790 999 2871 1061 εἰς
2923 997 3132 1069 τροφὴν
3213 998 3309 1050 καὶ¹
3355 997 3644 1068 ἀμφίασιν.

2063 1089 2226 1143 Τουτὶ
2265 1089 2393 1161 γὰρ,
2421 1086 2596 1159 οἶμαι,
2638 1091 2757 1144 ἐστὶ
2789 1091 2874 1158 τὸ,
2923 1087 3056 1143 Eine
3091 1089 3223 1161 γὰρ,
3267 1091 3646 1160 Ἀκολουθήσω

2062 1179 2237 1233 ὀπίσω
2283 1180 2393 1232 τῶν
2440 1180 2692 1252 ἐραστῶν
2744 1198 2869 1251 μου,
2924 1179 3032 1234 τῶν
3075 1180 3326 1233 διδόντων
3375 1197 3466 1250 μοι
3523 1180 3651 1242 τοὺς

2063 1272 2260 1342 ἄρτους
2294 1288 2418 1342 μου,
2453 1272 2550 1325 καὶ
2586 1271 2648 1325 τὸ
2698 1271 2844 1342 ὕδωρ
2886 1287 3011 1342 μου,
3057 1273 3153 1323 καὶ
3185 1271 3256 1326 τά
3285 1269 3480 1340 ἰμάτιά
3512 1285 3639 1338 μου,

2063 1362 2159 1415 καὶ
2200 1360 2271 1414 τὰ
2301 1361 2486 1415 ὀθόνιά
2527 1379 2652 1430 μου,
2692 1362 2787 1414 καὶ
2833 1362 2894 1415 τὸ
2939 1361 3119 1414 ἔλαιόν
3158 1379 3278 1431 μου,
3330 1362 3425 1414 καὶ
3469 1361 3646 1414 πάντα

2063 1452 2163 1504 ὅσα
2213 1469 2303 1522 μοι
2333 1453 2588 1523 καθήκει.
2641 1453 2784 1505 Ἀλλ’
2846 1453 2902 1506 οῖ
2926 1469 2990 1522 γε
3032 1453 3184 1522 σοφοί
3216 1470 3276 1506 τε
3333 1452 3428 1506 καὶ
3453 1453 3669 1520 ἀγαθοὶ,

2064 1546 2158 1598 καὶ
2180 1543 2300 1615 Θεῷ
2337 1544 2626 1617 γνώριμοι,
2662 1546 2755 1600 καὶ
2787 1546 3134 1610 οἰκειότατοι,
3163 1545 3313 1616 αύτῷ
3344 1545 3408 1618 δὴ
3430 1547 3648 1608 πάντως

2064 1635 2313 1690 ἀναθεῖεν
2335 1636 2403 1690 ἂν
2429 1636 2537 1690 τῶν
2566 1636 2833 1706 οὐρανίων
2877 1637 3096 1706 ἀγαθῶν
3125 1637 3226 1705 τὴν
3259 1637 3524 1700 ἐπίδοσιν,
3552 1638 3647 1691 καὶ

2064 1727 2172 1782 τῶν
2218 1729 2477 1798 ἐπιγείων
2524 1730 2624 1800 τὴν
2653 1730 2936 1800 χορηγίαν.
2991 1729 3205 1800 Ἐροῦσι
3257 1727 3367 1800 γὰρ
3412 1729 3498 1799 δὴ,
3551 1729 3646 1782 καὶ

377 1822 498 1876 etsi
522 1823 718 1876 coelum
742 1823 889 1878 dabit
911 1825 1210 1879 satietatem
1243 1840 1416 1888 suam,
1435 1841 1611 1879 nonne
1640 1835 1693 1880 tu
1727 1826 1840 1894 ipse
1861 1829 1954 1882 es?

2059 1819 2177 1872 λίαν
2195 1821 2506 1892 ἐμφρόνωςο
2536 1839 2556 1872 ι
2585 1823 2675 1891 Μή
2709 1822 2856 1874 ἐστιν
2875 1822 2932 1875 ἐν
2945 1821 3310 1885 τοῖςείδώλοις
3340 1821 3447 1874 τῶν
3476 1820 3645 1874 ἐθνῶν

378 1920 436 1966 et
463 1914 898 1981 exspectabimus
932 1923 1002 1980 te,
1030 1915 1138 1985 37
1157 1917 1280 1984 quia
1311 1925 1365 1968 tu
1409 1915 1586 1971 fecisti
1617 1918 1732 1972 haec
1765 1920 1946 1973 omnia

379 2004 448 2056 ³³.
484 2003 595 2058 sEt
618 2004 926 2060 clamabunt
960 2021 1082 2060 eum
1135 1999 1323 2060 divino
1383 2007 1585 2062 David:
1651 2027 1672 2061 ι
1716 2007 1959 2066 Visitasti

380 2101 605 2161 terram,
640 2107 693 2151 et
723 2096 999 2153 inebriasti
1022 2111 1143 2153 eam
1175 2113 1190 2164 ;
1227 2097 1598 2169 multiplieasti
1623 2100 1956 2173 locupletare

377 2186 586 2241 eam”.
618 2204 638 2239 ι

385 2365 548 2421 Vens.
587 2365 642 2430 6,
675 2367 728 2420 7.
769 2366 992 2436 Propter
1024 2385 1086 2424 ea
1125 2387 1240 2425 ecce
1276 2387 1368 2442 ego
1401 2375 1544 2443 sepia
1583 2376 1718 2429 viam
1757 2376 1870 2446 ejus
1908 2379 1961 2432 in

445 2455 688 2518 sudibus,
711 2465 758 2508 et
787 2457 1056 2512 obstruam
1080 2460 1192 2514 vias
1219 2461 1386 2526 illius,
1411 2473 1458 2516 et
1485 2465 1727 2518 semitam
1753 2467 1887 2535 ejus,
1913 2478 1960 2522 et

449 2560 554 2599 non
589 2547 812 2601 inveniet
846 2563 865 2602 :
897 2559 945 2602 et
980 2550 1281 2619 iusequetur
1307 2561 1570 2608 amatores
1602 2571 1744 2623 suos,
1778 2567 1824 2610 et
1858 2575 1960 2613 non

447 2639 796 2705 appreltendet
842 2656 929 2696 eos
972 2657 994 2697 .'
1032 2653 1080 2698 et
1122 2653 1319 2713 qureret
1362 2660 1471 2712 eos,
1508 2654 1560 2700 et
1601 2662 1702 2701 non
1740 2649 1959 2705 inveniet

446 2728 590 2786 ὅπου.
963 2795 968 2798 _

447 2817 565 2875 XV.
603 2820 896 2894 Postquam
925 2825 1095 2893 enim,
1125 2827 1323 2898 inquit,
1353 2829 1408 2884 in
1462 2829 1694 2902 seipsam
1723 2832 1962 2889 decrevit

376 2912 552 2979 mala,
601 2922 655 2968 et
711 2916 846 2969 nihil
897 2927 1092 2972 natura
1139 2933 1237 2975 sua
1290 2921 1558 2976 nefarium
1609 2927 1960 2992 praetermisit

375 3001 538 3070 (dixit
566 3002 736 3067 enim,
766 3006 1074 3074 sequendos
1099 3007 1206 3063 sibi
1234 3018 1510 3067 amatores
1536 3027 1687 3077 suos,
1716 3014 1820 3069 hoc
1847 3023 1954 3079 est,

375 3094 641 3163 improbis
685 3097 1033 3152 sedne-torum
1076 3102 1367 3157 sententiis
1413 3104 1795 3173 applicandum
1836 3107 1954 3162 ani—

2066 1910 2326 1978 ὑετίζων;
2369 1911 2463 1965 καὶ
2501 1912 2550 1965 εί
2580 1913 2609 1965 ὁ
2642 1910 2872 1983 οὐρανὸς
2906 1910 3068 1964 δώσει
3102 1909 3419 1982 πλησμονὴν
3455 1909 3642 1974 αὑτοῦ,

2061 2002 2182 2072 οὐχὶ
2236 2003 2301 2057 σὺ
2350 1998 2402 2057 εἴ
2431 2005 2462 2056 ό
2505 2003 2701 2068 αύτός;
2750 2003 2848 2056 καὶ
2900 2001 3278 2073 ὑπομενοῦμεν
3333 2019 3414 2066 σε,
3455 2002 3538 2056 ὅτι
3577 2000 3642 2054 σὺ

2061 2092 2324 2164 ἐποίησας
2347 2094 2520 2148 ταῦτα
2569 2095 2766 2150 πάντα.
2816 2114 2835 2147 s
2867 2094 3372 2164 Συνανακράξονται
3431 2093 3489 2147 δέ
3549 2093 3642 2148 καὶ

2060 2188 2211 2260 αὐτῷ
2238 2189 2316 2260 τῷ
2347 2189 2620 2261 θεσπεσίῳ
2647 2191 2810 2244 Δαϐῖδ
2829 2207 2876 2242 οι
2919 2189 3237 2260 Ἐπεσκέψω
3265 2187 3364 2256 τὴν
3393 2188 3516 2258 γῆν.
3549 2187 3644 2242 καὶ

2060 2280 2333 2351 ἐμέθυσας
2360 2281 2549 2352 αὐτὴν,
2579 2280 2886 2352 ἐπλήθυνας
2916 2280 3008 2333 τοῦ
3040 2279 3338 2348 πλουτῆσαι
3373 2279 3567 2350 αὐτήν.
3619 2297 3636 2329 s

2133 2373 2235 2427 Διὰ
2255 2373 2431 2428 τοῦτο
2459 2372 2587 2427 ίδοὺ
2619 2373 2733 2443 ἐγὼ
2757 2371 3011 2441 φράσσαι
3042 2372 3159 2440 τὴν
3188 2372 3334 2426 ὁδὸν
3359 2372 3548 2440 αὐτῆς
3573 2371 3643 2424 ἐν

2061 2464 2349 2531 σκόλοψι,
2381 2464 2481 2517 καί
2512 2463 2974 2533 ἀνοικοδομήσω
3008 2465 3116 2530 τὰς
3147 2461 3349 2530 ὁδοὺς,
3385 2463 3486 2518 καί
3526 2462 3644 2530 τὴν

2061 2556 2263 2624 τρίϐον
2292 2555 2503 2624 αὐτῆς,
2541 2556 2637 2610 καὶ
2670 2558 2742 2611 οὐ
2766 2555 2852 2625 μὴ
2882 2555 3026 2624 εὕρῃ
3049 2571 3062 2584 ·
3089 2555 3188 2608 καί
3220 2554 3643 2620 καταδιώξεται

2060 2646 2202 2712 τοὺς
2219 2646 2477 2714 ἐραστὰς
2497 2644 2707 2714 αὐτῆς,
2731 2647 2829 2700 καὶ
2855 2648 2927 2701 οὐ
2949 2647 3030 2714 μὴ
3057 2646 3364 2716 καταλάϐῃ
3388 2648 3639 2714 αὐτούς’

2059 2739 2160 2793 καί
2192 2738 2433 2808 ζητήσει
2459 2739 2702 2805 αὐτοὺς,
2728 2739 2827 2792 καὶ
2857 2740 2932 2794 οὐ
2959 2739 3046 2808 μὴ
3072 2739 3219 2809 εὕρῃ
3253 2741 3496 2806 αὐτούς.

2129 2828 2231 2883 1Ε’.
2275 2828 2494 2901 Ἐπειδὴ
2525 2832 2636 2901 γὰρ
2689 2830 3059 2899 βεϐούλευται,
3093 2832 3248 2900 φησὶ,
3279 2831 3492 2902 πονηρά
3519 2825 3645 2885 καθ’

2060 2921 2297 2992 ἐαυτῆς,
2332 2922 2426 2976 καὶ
2467 2921 2574 2975 τῶν
2628 2921 2836 2974 ἀδικεῖν
2872 2920 3196 2991 πεφυκότων
3239 2923 3639 2995 παραλέλοιπεν

2057 3012 2249 3066 οὐδέν·
2303 3011 2408 3083 ἐφη
2454 3011 2595 3084 γὰρ,
2649 3013 2761 3067 δεῖν
2813 3014 3231 3069 κατακολουθεῖν
3279 3015 3494 3081 ἑλέσθαι
3528 3019 3640 3080 τοῖς

2061 3102 2212 3168 ίδίοις
2253 3105 2532 3174 ἐρασταῖς,
2582 3105 2850 3166 τουτέστι,
2897 3107 3017 3168 ταῖς
3062 3106 3170 3159 τῶν
3213 3107 3638 3179 πεπλανηκότων

375 3197 548 3246 mum,
565 3193 619 3236 ut
641 3183 747 3238 illis
772 3194 979 3240 tantum
1003 3187 1441 3261 obsequeretur);
1467 3192 1671 3258 adbazc,
1699 3195 1954 3264 quoniam

2060 3195 2297 3258 ἀνοσίοις
2321 3195 2568 3266 γνώμαις
2595 3197 2891 3267 ἀπονέμειν
2928 3197 3027 3268 τῆς
3053 3197 3294 3264 διανοίας
3311 3201 3412 3271 τὴν
3443 3201 3635 3274 ῥοπὴν,

372 3284 474 3340 pro
508 3271 574 3325 iis
608 3289 726 3341 quin
757 3289 861 3344 ego
891 3275 1089 3330 donavi
1127 3276 1240 3343 illi,
1280 3279 1398 3343 bis,
1437 3281 1528 3350 qui
1568 3282 1699 3337 nihil
1735 3284 1955 3352 profue-

375 3375 524 3428 runt,
555 3363 916 3429 daemonibus,
949 3367 1192 3438 inquam,
1223 3372 1428 3440 gratias
1459 3373 1592 3443 agit,
1623 3375 1830 3431 idcirco
1863 3393 1957 3434 co-

374 3453 669 3520 gitationes
691 3457 809 3524 ejus
833 3456 1026 3514 inanes
1051 3460 1307 3527 reddam,
1331 3464 1693 3535 resistamque
1719 3467 1952 3525 fortiter.

375 3544 590 3614 Sepiam
625 3549 769 3602 enim
800 3548 918 3603 vias
953 3550 1072 3621 ejus
1109 3551 1356 3618 sudibus,
1387 3565 1443 3609 et
1480 3572 1636 3612 muro
1669 3557 1952 3615 obstruam

371 3637 649 3703 semitam,
686 3651 742 3693 ut
779 3655 958 3711 neque
992 3649 1255 3711 sequatur
1286 3655 1559 3702 amatores
1591 3663 1742 3718 suos,
1778 3667 1954 3723 neque

372 3725 474 3780 sibi
509 3727 884 3789 t-onthtcibiles
915 3733 1152 3801 reperiat
1184 3735 1502 3793 seductores
1539 3751 1701 3808 suos,
1733 3743 1950 3800 etiamsi

369 3819 522 3887 sequi
557 3834 651 3874 eos
685 3819 942 3887 fortasse,
978 3823 1082 3880 hoc
1120 3834 1231 3892 est,
1263 3827 1508 3884 studiose
1541 3831 1608 3886 ad
1643 3847 1739 3888 eos
1774 3834 1950 3892 hono-

369 3913 571 3966 randos
615 3911 982 3982 colendosque
1009 3917 1323 3972 incumbere
1345 3919 1598 3975 voluerit.
1648 3921 1949 3992 Sudesfseu

368 4001 522 4070 palos
566 4013 870 4072 praeacutos
912 4007 1148 4075 appellat
1190 4023 1354 4063 casus
1396 4025 1532 4080 quos
1571 4028 1828 4083 expertus
1871 4030 1953 4074 est

367 4089 568 4161 Israel;
605 4093 746 4148 bella
782 4094 936 4160 dico,
972 4097 1352 4167 captivitates,
1391 4101 1632 4172 famem,
1672 4108 1946 4177 pericula,

367 4183 675 4240 diuturnam
713 4189 1048 4244 servitutem.
1082 4189 1219 4246 Nam
1257 4195 1425 4248 semel
1455 4211 1484 4248 a
1514 4195 1697 4254 Persis
1749 4211 1805 4255 et
1836 4200 1948 4259 Me-

365 4277 450 4332 dis
485 4278 784 4348 subjugati,
812 4295 918 4334 non
953 4297 1050 4350 per
1075 4284 1251 4338 otium
1287 4289 1354 4339 ad
1386 4285 1534 4354 Baal,
1569 4305 1741 4360 neque
1772 4295 1838 4348 ad
1868 4295 1947 4350 vi-

2057 3286 2135 3349 ὼς
2182 3287 2318 3357 μόνα
2375 3286 2658 3358 πληροῦσα
2703 3288 2771 3341 τὰ
2817 3287 3074 3342 ἐκείνων·
3119 3291 3212 3344 καὶ
3271 3291 3460 3364 ἐπειδὴ
3503 3294 3638 3364 πρὶς

2055 3378 2230 3448 τούτῳ
2257 3377 2366 3431 τῶν
2394 3379 2783 3450 δεδωρημένων
2815 3379 2952 3452 αὐτῇ
2999 3381 3129 3452 παρ’
3158 3382 3294 3452 ἐμοῦ
3335 3387 3449 3447 τοῖς
3485 3385 3638 3438 οὐδὲν

2055 3471 2364 3541 ὠφεληκόσι
2403 3475 2516 3535 τοῖς
2567 3471 2817 3543 δαίμοσιν
2872 3472 3103 3526 ἀνάπτει
3151 3474 3222 3528 τὰ
3267 3476 3634 3546 χαριστήρια,

2055 3562 2312 3634 ταύτῃτοι
2356 3563 2592 3634 ματαίαν
2626 3563 2796 3634 αὐτῆς
2837 3565 3105 3633 ἀποφανῶ
3136 3565 3235 3638 τὴν
3281 3567 3493 3637 σκέψιν,
3541 3568 3634 3619 καὶ

2053 3654 2407 3726 ἀντιτάξομαι
2441 3655 2692 3724 γενικῶς.
2724 3655 2920 3727 Φράξω
2951 3656 3061 3727 γὰρ
3106 3657 3276 3728 αὐτῆς
3299 3657 3398 3721 τὴν
3422 3658 3538 3710 ὁδὸν
3575 3660 3631 3710 ἐν

2055 3745 2299 3816 σκόλοψι,
2341 3746 2438 3800 καὶ
2469 3747 2654 3818 τειχιῶ
2682 3747 2782 3819 τὴν
2828 3747 3035 3820 τρίϐον,
3067 3748 3141 3813 ὡς
3187 3749 3254 3802 ἂν
3303 3748 3443 3818 μήτε
3495 3763 3626 3800 κατ-

2052 3839 2397 3914 ακολουθήσῃ
2418 3843 2530 3904 τοῖς
2553 3840 2704 3904 ἰδίοις
2733 3841 3010 3909 ἐρασταῖς.
3042 3842 3175 3912 μήτε
3205 3839 3307 3909 μὴν
3335 3838 3470 3909 εὕρῃ
3491 3853 3624 3908 χρη·-

2054 3931 2246 4001 σίμους
2265 3933 2392 3996 τοὺς
2405 3934 2844 4006 πεπλανηκότας,
2858 3937 2960 3991 κᾶν
2977 3939 3025 3988 εί
3046 3933 3257 3987 διώκειν
3271 3931 3444 3985 ἕλοιτο
3464 3931 3624 4001 τυχὸν

2052 4022 2281 4088 αὐτοὺς,
2317 4023 2614 4089 τουτέστιν,
2638 4025 2918 4094 ἐγκεῖσθαι
2950 4023 3249 4086 σπουδαίως
3283 4023 3400 4086 ταῖς
3423 4025 3502 4086 εἰς
3528 4025 3627 4074 αὑ·-

2049 4111 2178 4175 τοὺς
2199 4115 2385 4182 τιμαῖς
2425 4115 2518 4168 καὶ
2549 4114 2849 4187 λατρείαις.
2873 4114 3145 4177 Σκόλοπας
3167 4113 3225 4166 δέ
3253 4108 3393 4166 εἷναί
3417 4113 3630 4183 φησιτά

2050 4203 2434 4274 συμϐεϐηκότα
2472 4205 2550 4276 τῷ
2583 4207 2799 4278 Ἰσραὴλ
2822 4205 3080 4278 δυσχερῆ,
3109 4206 3237 4269 τοὺς
3266 4203 3532 4275 πολέμους
3564 4202 3630 4274 δὴ

2047 4295 2210 4365 λέγω,
2229 4298 2326 4358 τὰς
2347 4299 2746 4368 αἰχμαλωσίας,
2761 4298 2853 4353 τὸν
2872 4299 3049 4368 λιμὸν,
3068 4298 3194 4361 τοὺς
3211 4296 3508 4359 κινδύνους,
3531 4294 3629 4366 τὴν

368 4369 512 4424 tulos
538 4383 736 4426 aureos
761 4373 1125 4441 accedebant;
1154 4377 1248 4430 sed
1278 4392 1498 4433 necesse
1523 4391 1664 4444 erat,
1691 4393 1750 4437 ut
1777 4400 1805 4437 a
1838 4385 1945 4441 Deo

2057 4388 2105 4440 ἐν
2116 4388 2331 4460 δουλείᾳ
2346 4389 2560 4461 τριϐήν.
2577 4390 2864 4459 Γεγονότες
2889 4391 2997 4461 γὰρ
3009 4388 3156 4453 ἅπαξ
3172 4387 3276 4441 ὑπὸ
3291 4387 3498 4457 Μήδοις
3536 4387 3629 4440 καὶ

363 4475 622 4517 concessa
680 4471 736 4517 et
776 4464 1104 4520 charissima
1146 4467 1400 4523 libertate
1444 4471 1660 4539 privati,
1697 4483 1753 4527 et
1792 4488 1943 4544 quae-

2057 4478 2308 4550 Πέρσαις,
2326 4479 2426 4532 οὐκ
2445 4481 2502 4534 ἐν
2527 4480 2688 4551 σχολῇ
2714 4480 3023 4553 προσῄεσαν
3047 4479 3125 4551 τῷ
3154 4477 3301 4533 Βάαλ
3326 4520 3341 4545 ,
3367 4477 3488 4531 ούδέ
3508 4480 3629 4541 ταῖς

364 4561 548 4608 rentes
596 4553 814 4623 quidem
861 4569 982 4623 quae
1030 4555 1174 4611 domi
1222 4559 1562 4625 habuerant,
1614 4537 1722 4616 illis
1765 4537 1944 4620 autem

2057 4537 2310 4640 δαμάλεσί
2339 4573 2460 4634 ταῖς
2485 4537 2713 4642 χρῦσαῖς
2733 4537 2892 4626 ’.ἀλλί
2915 4568 2984 4643 ἦν
3027 4537 3146 4634 πῶς
3168 4537 3406 4640 ἀνάγκη,
3426 4568 3507 4631 τὸ,
3531 4537 3628 4621 καί

361 4653 617 4714 egentes,
652 4652 708 4699 et
752 4645 1147 4700 dominantium
1187 4647 1318 4717 jugo
1356 4651 1635 4719 oppressi,
1670 4656 1947 4711 consuetis
2042 4658 2212 4729 αὐτῆς
2231 4659 2331 4730 τῆς
2351 4660 2691 4725 ἀνωθεν,καὶ
2712 4661 2974 4732 φιλτάτης
2995 4658 3308 4730 ἐλευθερίας
3325 4657 3625 4728 ἐστερημέ-

361 4735 429 4790 de
466 4745 666 4791 caetero
707 4735 857 4806 fungi
905 4751 1012 4790 non
1058 4749 1301 4806 possent,
1382 4742 1474 4796 sed
1520 4742 1946 4802 lamentarentur

2057 4769 2185 4818 ρους,
2215 4753 2310 4807 καὶ
2329 4753 2624 4825 ζητοῦντας
2644 4755 2741 4825 μὲν
2760 4754 2830 4808 τὰ
2851 4755 3010 4816 οἴκοι,
3033 4751 3414 4822 πτωχεύοντας
3433 4749 3508 4813 δέ,
3531 4749 3626 4805 καὶ

361 4825 562 4894 potius,
590 4835 648 4881 et
676 4825 835 4884 malis
863 4828 1223 4885 atrocissimis
1253 4830 1402 4886 velut
1435 4833 1593 4899 ebrii,
1627 4835 1946 4894 damnarent

2057 4844 2160 4907 ταῖς
2183 4843 2292 4897 τῶν
2324 4844 2668 4916 κρατούντων
2692 4843 3028 4908 πλεονεξίαις
3059 4841 3484 4912 πεπιεσμένους,
3507 4841 3628 4892 οὐκ·

357 4914 466 4984 lam
508 4917 858 4984 seductores;
895 4921 1335 4990 quandoquidem
1371 4937 1436 4978 ex
1472 4923 1674 4980 frustra
1712 4929 1942 4997 Speratis

2057 4933 2121 4986 ἑτι
2146 4934 2243 5003 μὲν
2263 4914 2521 4988 δύνασθαι
2541 4936 2610 4988 τὰ
2633 4934 2835 5007 συνήθη
2864 4930 3108 5004 πληροῦν
3131 4945 3144 4959 ⁸
3178 4929 3539 4999 ὀλοφύρεσθαι
3567 4928 3624 4980 δὲ

342 5007 652 5098 .utilitatem
684 5010 888 5066 nullam
924 5026 1120 5082 capere
1153 5013 1412 5070 licuisset.
1440 5014 1588 5070 Nihil
1617 5017 1814 5089 quippe
1842 5021 1938 5077 ad-

2057 5025 2266 5093 μᾶλλον,
2297 5028 2392 5079 καὶ
2421 5030 2540 5092 ταῖς
2563 5027 2880 5098 ἀνηκέστοις
2907 5021 3274 5094 καταμεθύειν
3294 5022 3620 5093 συμφοραῖς,

343 5097 455 5167 Ῑιιιί
473 5110 599 5154 sunt
618 5112 709 5156 aut
737 5102 863 5158 Baal
887 5118 982 5159 eos
1005 5104 1358 5172 defendente,
1388 5107 1538 5176 (quid
1564 5109 1706 5164 enim
1733 5110 1935 5182 lignum

2057 5118 2554 5189 ιαταγινὼσκοντας
2582 5097 2685 5190 ἤδη
2722 5119 2832 5174 τῶν
2882 5115 3331 5185 πεπλανηκότων,
3368 5115 3444 5180 ὡς
3473 5113 3625 5167 οὐδὲν

358 5201 564 5246 mutum
602 5193 862 5266 faceret?)
915 5207 1010 5251 aut
1046 5206 1196 5252 certe
1233 5197 1415 5254 vitulis
1453 5199 1684 5268 aliquem
1722 5217 1817 5257 eos
1844 5202 1936 5273 ju-

2057 5212 2341 5267 ίπόνασθαι
2384 5212 2545 5284 μετὸν
2568 5212 2751 5276 αὐτοῖς
2777 5212 2885 5266 τῶν
2927 5213 2985 5265 ἐν
3016 5209 3199 5263 ἐλπίσι
3230 5209 3434 5270 κεναῖς.
3475 5204 3626 5276 Ὀφέ-

359 5283 519 5337 vandi
557 5285 774 5340 modum
809 5289 1270 5359 excogitantibus.
1303 5289 1472 5346 Erant
1503 5293 1646 5348 enim
1685 5313 1704 5345 ι
1745 5311 1933 5350 aurum

2057 5319 2224 5372 ,ηνται
2263 5303 2370 5376 γὰρ
2388 5283 2627 5374 οὐδένμῆ
2662 5303 2756 5357 τοῦ
2791 5303 2940 5357 Βάαλ
2984 5300 3362 5372 ἐπαμύνοντος
3384 5316 3400 5332 ο
3432 5297 3487 5351 τί
3516 5296 3622 5368 γὰρ

2035 5391 2101 5446 ἂν
2131 5391 2324 5463 ἔδρασε
2357 5392 2417 5445 τὸ
2464 5393 2678 5462 ἄφωνον
2713 5391 2904 5456 ξύλονς
2953 5393 3122 5461 ἤγουν
3165 5388 3280 5442 τῶν
3336 5387 3622 5458 δαμάλεων

2037 5483 2354 5553 ἐπικουρίας
2380 5481 2903 5546 αύτοῖςέπινοουσῶν
2925 5499 3044 5533 τινα
3061 5482 3282 5551 τρόπον.
3306 5499 3322 5530 ‹
3347 5480 3390 5531 Χ
3400 5478 3581 5550 ρυσὸς,
3597 5496 3615 5528 ι

2036 5573 2144 5642 γὰρ
2176 5567 2266 5642 ἦν,
2304 5591 2322 5623 ι
2347 5572 2482 5642 ἔργα
2515 5572 2714 5643 χειρῶν
2745 5569 3107 5642 ἀνθρώπων,ι
3139 5569 3357 5624 κατὰτὸ
3375 5585 3620 5640 γεγραμ-

3633 4977 3644 5015 1

357 5388 518 5441 opera
551 5391 805 5431 manuum
835 5379 1134 5451 hominum,
1174 5403 1194 5436 ι
1233 5393 1290 5438 ut
1321 5384 1580 5455 scriptum
1613 5395 1697 5441 est
1723 5389 1790 5444 ".
1822 5387 1935 5444 Ob-

355 5474 637 5521 struuntur
671 5467 854 5538 itaque
885 5471 1009 5535 viae,
1051 5475 1158 5530 Deo
1199 5491 1430 5544 peccare
1473 5493 1534 5532 so
1558 5477 1647 5534 itis
1685 5481 1932 5534 semitam

355 5558 422 5611 ad
467 5557 868 5628 improbitatem
925 5562 1066 5618 haud
1116 5567 1497 5636 complanante
1527 5608 1542 5635 ,
1594 5572 1687 5626 sed
1734 5572 1936 5626 utiliter

428 5725 470 5758 "
507 5731 701 5790 Jerem.
737 5751 844 5802 stv,
881 5737 973 5792 22.
1050 5740 1116 5772 ²¹⁹
1155 5739 1573 5806 Psal.1.xtv,l0.
1653 5748 1698 5776 “
1735 5744 1875 5799 PSul.
1907 5760 2060 5814 CXIII,
2091 5747 2141 5801 4.
