4098 6276
353 352 420 405 li!)
1263 341 1814 402 COMMENTARIUS
1849 341 1914 396 lN

2023 340 2187 396 58AM
2224 337 2674 397 ΡιιοΡΗετΑΜ.
3531 334 3603 390 70

350 467 533 541 μένον.
577 462 1041 537 ’Λποφράττονται
1072 462 1252 517 τοίνυν
1287 440 1343 516 αί
1376 462 1488 516 ὁδοὶ
1522 461 1679 525 Θεοῦ,
1714 461 1790 532 μὴ
1828 478 1920 512 κα-

2033 471 2349 529 asperante,
2385 474 2483 513 nec
2515 472 2609 513 eos
2645 455 2990 526 permittente
3021 453 3268 521 expedite
3303 450 3465 517 ferri,
3497 446 3609 520 qud

347 555 745 619 ταλειαίνοντος
772 557 887 619 τοῖς
917 553 1363 625 φιλαμαρτήμοσι
1389 553 1488 624 τὴν
1512 554 1591 616 είς
1618 552 1929 621 φαυλότητα

346 648 553 720 τρίὸον,
582 645 1046 717 ἀποτραχύνοντος
1070 645 1126 698 δὲ
1155 645 1463 716 χρησίμως,
1500 645 1596 698 καὶ
1621 645 1720 697 οὐκ
1751 643 1929 711 ἐφιέν-

346 756 437 801 τος
487 738 674 800 αὐτοῖς
725 736 792 791 δι’
842 735 1144 807 εὐμαρείας
1192 734 1369 788 ἵεσθαι
1401 735 1497 788 ἐπὶ
1525 734 1587 787 τὸ
1635 733 1931 804 φληνάφως

2036 554 2200 606 stulte
2227 554 2653 620 concupiscunt;
2684 558 2739 602 ut
2769 548 3016 602 nolentes
3044 544 3428 614 impediantur,
3454 552 3507 596 et
3535 542 3605 595 ad

2036 638 2246 704 frugem
2283 645 2595 698 transeant.
2630 637 2719 691 ubi
2756 638 2871 705 ipsa
2907 634 3241 704 experientia
3277 631 3601 697 didicerint,

2033 728 2309 783 neminem
2344 736 2657 796 peccantem
2691 728 2909 796 impune
2936 726 3192 781 laturum.

345 827 556 882 δοκοῦν.
591 827 677 891 Ὠς
717 827 783 881 ἀν
812 827 912 899 οὐχ
937 827 1156 889 ἑκόντες
1204 826 1571 894 ὲγκόπτοιντο,
1633 825 1729 879 καὶ
1790 821 2156 894 μεταχωρεῖεν
2206 818 2301 872 ἐπὶ
2342 816 2406 871 τὸ
2442 817 2698 888 ἄμεινον,
2736 813 2826 869 διά
2894 816 3089 886 πείρας
3146 814 3316 885 αὐτῆς
3358 816 3604 885 ἐκμεμα-

348 917 596 987 θηκότες,
626 917 701 979 ὡς
746 916 859 970 ἔστι
902 916 1067 971 παντί
1095 933 1178 987 τῳ
1213 917 1276 970 τὸ
1320 915 1662 987 πλημμελεῖν
1690 915 1791 968 οὐκ
1827 914 2077 985 ἀζήμιον.

415 1008 525 1063 Καὶ
551 1007 690 1077 ἐρεῖ,
725 1009 1123 1077 Πορεύσομαι,
1148 1006 1247 1062 καὶ
1275 1007 1618 1076 ἐπιστρέψω
1648 1006 1797 1075 πρὸς
1824 1005 1934 1059 τὸν

348 1101 538 1170 ἄνδρα
553 1118 672 1171 μου
702 1101 808 1155 τόν
840 1101 1148 1171 πρότερον,
1168 1101 1259 1154 ὅτι
1296 1098 1497 1167 καλῶς
1511 1116 1614 1170 μοι
1640 1095 1719 1170 ἦν
1738 1099 1871 1152 τότε
1890 1095 1930 1166 ἢ

350 1211 485 1248 νυν.

422 1286 546 1354 lg".
586 1284 759 1351 Σώξει
802 1284 899 1355 μὲν
936 1284 966 1337 ό
1010 1283 1166 1351 λόγος
1213 1280 1292 1335 ἔτι
1326 1280 1417 1336 τὸν
1476 1280 1627 1353 αὖτῷ
1652 1280 1930 1352 πρέποντα

347 1379 547 1450 τρόπον
564 1395 579 1407 ·
612 1378 688 1441 ὡς
716 1376 826 1449 γὰρ
854 1378 947 1429 ἐπὶ
974 1376 1180 1446 πόρνης
1210 1373 1468 1442 γυναικὸς
1487 1372 1582 1426 ἀπ’
1609 1374 1784 1444 ἀρχῆς
1807 1386 1928 1424 συν-

345 1468 582 1523 τέθειται
617 1469 780 1541 μέχρι
830 1467 1041 1530 τέλους.
1094 1466 1193 1521 Διά
1223 1465 1400 1530 τοῦτο,
1445 1467 1597 1534 φησὶ,
1636 1464 1719 1516 ὅτι
1757 1480 1919 1534 μετα-

347 1558 636 1627 γνώσεται,
665 1558 760 1611 καὶ
786 1558 924 1628 ὲρεῖ.
958 1556 1304 1628 Πορεύσομαι
1332 1556 1466 1627 πρὸς
1498 1556 1587 1607 τὸν
1620 1553 1790 1625 ἄνδρα
1821 1570 1923 1624 μου

348 1650 441 1704 τὸν
486 1649 773 1722 πρότερον,
830 1649 913 1704 δτι
944 1647 1123 1713 καλῶς
1161 1667 1252 1719 μοι
1288 1643 1355 1719 ἦν
1392 1647 1511 1700 τότε
1543 1645 1576 1718 ἢ
1605 1645 1723 1699 νῦν.
1778 1643 1925 1715 Πλὴν

2026 1002 2139 1074 38
2166 999 2234 1055 Et
2260 1001 2395 1055 dicet
2419 1015 2438 1053 :
2482 997 2717 1064 Vadam,
2747 1008 2797 1052 et
2840 1006 3074 1051 revertar
3109 996 3179 1050 ad
3217 1013 3388 1051 atrum
3428 1012 3600 1051 meum

2076 1095 2330 1165 priorem,
2357 1095 2482 1164 quia
2512 1092 2700 1146 melius
2729 1090 2857 1144 mihi
2885 1099 3009 1143 tunc
3034 1097 3172 1154 erat,
3200 1104 3358 1159 quam
3389 1106 3548 1144 nunc.

2097 1262 2236 1318 XVI.
2279 1263 2476 1319 Servat
2503 1263 2678 1317 adhuc
2705 1262 2883 1317 oratio
2909 1261 3321 1317 convenientem
3352 1261 3455 1315 sibi
3487 1276 3603 1314 mo-

2030 1354 2156 1409 dum
2189 1371 2203 1409 :
2236 1356 2303 1409 de
2336 1354 2561 1412 muliere
2597 1353 2865 1421 siquidem
2900 1351 3189 1406 meretrice
3223 1350 3293 1405 ab
3326 1349 3486 1404 initio
3517 1364 3607 1402 us-

2030 1461 2135 1514 que
2160 1447 2228 1499 ad
2249 1445 2417 1499 'Iinem
2452 1445 2823 1499 instituta‘est.
2849 1442 3074 1508 Idcirco,
3099 1441 3296 1511 inquit,
3323 1439 3609 1511 pmnitebit

2029 1549 2149 1588 eam
2194 1534 2435 1599 consilii,
2485 1541 2541 1588 et
2582 1533 2769 1587 dicet:
2816 1529 3021 1586 Vadam
3097 1532 3165 1585 ad
3207 1530 3385 1584 virum
3426 1542 3605 1583 meum

2032 1627 2298 1692 priorem,
2330 1624 2455 1692 quia
2491 1624 2685 1678 melius
2713 1622 2845 1676 mibi
2879 1632 3007 1676 tunc
3062 1632 3183 1676 erat
3212 1635 3375 1691 quam
3437 1633 3601 1673 nunc.

349 1741 504 1811 ἄθρει
531 1711 636 1795 κάν
658 1711 834 1810 ⁸τούτῳ
868 1739 959 1794 τὸν
985 1739 1092 1795 τῶν
1105 1711 1250 1795 ήδλων
1269 1711 1402 1792 Θεὸν
1429 1737 1521 1790 καὶ
1550 1711 1609 1788 έν
1629 1735 1766 1807 ὀργῇ

2034 1714 2419 1770 Verumtamen
2443 1714 2609 1769 etiam
2639 1715 2691 1769 in
2721 1714 2823 1768 hoc
2848 1713 3226 1768 universorum
3254 1711 3444 1778 Deum,
3466 1724 3522 1767 et
3552 1712 3603 1764 in

346 1833 592 1900 δεύοντα,
622 1832 718 1886 καὶ
748 1830 1061 1902 ὠφελοῦντα
1087 1830 1369 1897 ποικίλως,
1403 1830 1497 1883 καὶ
1523 1832 1640 1893 ταῖς
1671 1829 1780 1881 τῶν
1820 1826 1930 1881 δει-

349 1923 455 1977 νῶν
478 1924 797 1992 ἐπαγωγαῖς
850 1920 1279 1992 ἀνασειράζοντα
1303 1920 1431 1983 τοὺς
1464 1916 1930 1988 πεπλανημένους,

349 2014 445 2070 καὶ
495 2011 892 2085 μεταποιοῦντα
946 2012 1082 2086 πρὸς
1111 2011 1175 2066 τὸ
1219 2011 1515 2083 συμφέρον.
1562 2010 1731 2064 Ὅταν
1783 2006 1928 2077 γὰρ,

348 2105 540 2175 φησὶν,
573 2101 1083 2172 ἀποπεφραγμένας
1135 2100 1223 2174 ἴδῃ
1275 2099 1374 2162 τὰς
1436 2099 1633 2169 ἑαυτῆς
1680 2096 1831 2159 ὁδοὺς
1871 2095 1931 2148 ὲν

348 2195 592 2263 σκόλοψι,
640 2192 765 2245 τότε
814 2190 879 2261 δὴ
918 2188 1041 2243 τότε
1082 2184 1610 2259 μεταδουλεύσεται,
1660 2182 1756 2236 καὶ
1792 2182 1929 2249 ὅπερ

344 2272 411 2349 ἦν
438 2280 661 2350 ἄμεινον
706 2277 923 2331 ἑλέσθαι
964 2276 1116 2347 δρᾷν,
1150 2273 1305 2328 οῦπω
1343 2274 1452 2328 τῶν
1492 2272 1729 2345 ἀνιαρῶν
1758 2268 1931 2325 είσσε-

346 2371 647 2442 δληκότων,
678 2370 783 2425 κᾶν
807 2369 939 2439 γοῦν
961 2368 1080 2439 ὀψὲ,
1118 2369 1211 2422 καὶ
1239 2367 1377 2440 μετὰ
1421 2369 1617 2437 πεῖραν
1664 2364 1889 2435 ἁρπάσῃ
1910 2376 1925 2392 ο

347 2464 620 2535 ἀγαπήσει
652 2461 761 2534 γὰρ
802 2461 925 2515 τότε
973 2459 1044 2514 τά
1072 2458 1226 2531 παρά
1270 2457 1411 2529 Θεῷ,
1443 2458 1536 2512 καὶ
1567 2454 1678 2509 τῶν
1722 2452 1925 2525 μεταξὺ

349 2552 835 2625 πλημμελημάτων
869 2551 943 2616 ὡς
982 2551 1047 2605 ὲκ
1074 2547 1334 2621 λογισμοῦ
1362 2547 1454 2602 τοῦ
1490 2546 1765 2616 σώφρονος
1799 2542 1925 2597 ἀλο-

350 2646 589 2715 γήσασα,
624 2644 1000 2715 μεταχωρήσει
1037 2642 1223 2695 λοιπὸν
1262 2639 1398 2709 πρὸς
1427 2638 1489 2691 τὸ
1531 2636 1755 2707 θελῆσαι
1782 2634 1842 2687 τὸ
1869 2635 1927 2687 ὲν

352 2737 570 2806 ἀρχαῖς,
597 2735 695 2789 καὶ
729 2734 1000 2806 θαυμάσει
1028 2734 1098 2786 τὰ
1128 2731 1280 2803 παρὰ
1298 2730 1437 2800 Θεῷ,
1462 2729 1556 2783 καὶ
1579 2726 1926 2798 ἀσυγκρίτοις

354 2822 496 2876 αὐτά
531 2822 876 2891 διενεγκόντα
904 2821 1203 2892 διαφοραῖς,
1241 2819 1489 2889 καθάπερ
1518 2820 1582 2870 ὲκ
1605 2817 1776 2886 μέθης
1799 2815 1926 2868 ἀνα-

351 2910 569 2983 νήψασα
616 2911 910 2981 κατόψεται
956 2909 1124 2980 μόλις.
1166 2908 1376 2963 Οὐκοῦν
1421 2908 1523 2961 οὐκ
1563 2906 1818 2976 ἀνόνητον
1865 2903 1927 2957 τὸ

350 3000 723 3068 παιδεύεσθαι,
748 3002 854 3057 κᾶν
873 3003 921 3055 εί
943 3001 1054 3071 ἔχοι
1080 3000 1240 3072 τυχὸν
1266 2999 1328 3054 τδ
1348 3000 1482 3072 παρ’
1510 2997 1675 3053 αὐτοῦ
1696 2994 1921 3050 λυποῦν.

2033 1810 2111 1863 ira
2154 1806 2570 1877 corripientem,
2616 1814 2671 1862 et
2720 1804 3052 1859 multi-nodis
3098 1804 3507 1867 consulentem,
3549 1810 3606 1856 et

2032 1901 2201 1972 plagis
2237 1899 2559 1955 adhibendis
2597 1913 2691 1954 eos
2727 1899 2819 1967 qui
2860 1900 3280 1961 aberraverunt,
3322 1895 3605 1951 retrahen-

2030 2002 2159 2058 tem,
2180 2005 2236 2048 et
2255 1993 2323 2047 ad
2348 1991 2605 2046 salutaria
2631 1992 3003 2046 immutantem
3028 1989 3257 2044 intuere.
3275 1986 3411 2043 Cum
3434 1987 3602 2049 enim,

2030 2085 2225 2154 inquit,
2250 2085 2363 2139 vias
2387 2097 2512 2139 suas
2535 2083 2757 2139 sudibus
2805 2097 2902 2137 seu
2925 2081 3059 2150 palis
3084 2080 3338 2149 obseptas
3361 2077 3605 2133 animad-

2029 2176 2270 2242 verterit,
2295 2184 2424 2229 tunc
2451 2183 2579 2229 tunc
2606 2175 2833 2228 mutabit
2856 2172 3175 2237 consilium;
3199 2180 3253 2225 et
3273 2171 3417 2241 quod
3442 2183 3604 2239 agere

2029 2267 2163 2321 velle
2194 2265 2503 2334 pmstatbat,
2537 2266 2780 2321 tristibus
2813 2265 3048 2320 nondum
3085 2263 3311 2333 illapsis,
3342 2260 3425 2315 vel
3481 2265 3606 2316 seio

2027 2372 2083 2417 et
2117 2369 2236 2429 post
2270 2360 2657 2430 experientiam
2700 2356 2944 2426 arripiet.
2985 2356 3181 2427 Diliget
3223 2355 3365 2410 enim
3403 2363 3533 2409 tunc
3573 2368 3603 2407 a

2026 2450 2138 2507 Deo
2167 2453 2513 2521 praescripta,
2545 2459 2599 2505 et
2629 2450 2867 2519 peccatis
2898 2450 3076 2505 medio
3107 2449 3159 2503 in
3190 2457 3431 2518 tempore
3456 2462 3602 2503 com-

2027 2543 2224 2602 missis.
2280 2551 2342 2595 ut
2388 2543 2638 2611 prudenti
2686 2541 3102 2597 ratiocinatione
3144 2540 3491 2608 posthabitis,
3535 2539 3605 2595 ad

2027 2634 2358 2689 voluntatem
2396 2632 2609 2702 pristini
2646 2631 2822 2688 cultus
2856 2647 2915 2688 se
2949 2635 3293 2701 postmodum
3332 2631 3602 2701 recipiet:

2025 2734 2079 2779 et
2105 2739 2225 2795 quas
2253 2724 2346 2779 Dei
2372 2734 2497 2779 sunt
2526 2724 2913 2791 admirabitur;
2945 2724 3368 2792 tliscrimineque
3396 2723 3604 2777 incom-

2024 2814 2254 2885 parabili
2274 2814 2821 2886 prarcellentiaJvelut
2842 2830 2905 2870 ex
2932 2830 2991 2870 se
3009 2816 3272 2872 ebrietate
3305 2816 3601 2887 recipiens,

2024 2906 2115 2960 vix
2140 2911 2355 2961 tandem
2382 2906 2694 2977 perspiciet.
2715 2906 3077 2973 Quamobrem
3101 2907 3357 2978 castigari
3382 2907 3604 2964 minime

2026 2997 2411 3062 incommodat,
2447 2997 2549 3053 etsi
2593 2999 2735 3054 forte
2775 3012 2873 3068 per
2904 3013 2963 3054 se
3007 2996 3310 3053 molestiam
3353 3007 3600 3070 generat.

345 3090 628 3161 Kalcoiico
654 3090 855 3155 είδότες
873 3093 921 3144 οί
940 3090 1210 3162 προφῆται
1237 3108 1419 3159 φασι,‹
1439 3088 1732 3143 Παίδευσον
1754 3088 1920 3159 ἡμᾶς,

2029 3088 2181 3157 Quod
2251 3089 2529 3160 propheta:
2568 3091 2838 3154 scientes,
2908 3091 3132 3145 dicunt:
3170 3107 3191 3142 ι
3219 3089 3441 3161 Corrige
3481 3106 3601 3156 nos,

343 3181 538 3252 Κύριε.
559 3199 579 3233 ι
604 3181 813 3252 Γράφει
844 3181 901 3234 δὲ
927 3182 956 3234 ό
984 3180 1272 3246 θεσπέσιος
1293 3181 1555 3244 Παῦλος’‹
1582 3179 1646 3233 Ei
1670 3177 1922 3232 παιδείαν

347 3273 667 3345 ὑπομένετε,
711 3274 789 3338 ὡς
821 3274 957 3338 υίοῖς
985 3273 1115 3344 ὑμῖν
1156 3274 1528 3345 προσφέρεται
1559 3272 1588 3325 δ
1627 3269 1790 3333 Θεόςο
1837 3268 1922 3332 τίς

350 3365 457 3435 γάρ
492 3366 642 3419 ἐστιν
669 3365 699 3417 ὁ
727 3365 861 3430 υίὸς,
904 3364 963 3418 δν
992 3365 1053 3418 ού
1088 3363 1334 3417 παιδεύει
1372 3364 1598 3433 πατήρ;
1625 3381 1642 3414 ι
1671 3362 1921 3416 Δείκνυσι

348 3455 407 3509 δὲ
441 3454 501 3508 τὸ
543 3457 608 3510 ὲκ
636 3454 731 3509 τοῦ
762 3455 1110 3509 παιδεύεσθαι
1131 3453 1304 3523 γλυκύ
1335 3471 1396 3507 τε
1447 3456 1541 3507 καὶ¹
1577 3452 1916 3523 ὀνησιφόρον,

349 3549 522 3613 οὕτως
546 3550 752 3619 λέγων·
793 3567 811 3600 ι
835 3549 991 3604 Πᾶσα
1014 3548 1231 3603 παιδεία
1262 3547 1399 3618 πρὸς
1433 3547 1531 3616 μὲν
1563 3546 1623 3599 τὸ
1652 3545 1824 3617 παρὸν
1856 3545 1918 3598 οὐ

345 3642 494 3696 δοκεῖ
517 3643 690 3714 χαρᾶς
721 3637 880 3708 εἶναι,
903 3640 1039 3696 ἀλλά
1062 3640 1265 3712 λύπηςο
1292 3639 1516 3712 ὕστερον
1549 3639 1731 3708 μέντοι
1785 3654 1919 3708 καρ-

348 3731 448 3784 πὸν
476 3731 750 3803 εἰρηνικὸν
783 3734 898 3797 τοῖς
924 3731 993 3785 δι’
1022 3731 1193 3803 αὐτῆς
1226 3730 1701 3803 γεγυμνασμένοις
1728 3728 1917 3782 ἀποδί-

343 3819 474 3875 δωσι
502 3821 868 3892 δικαιοσύνης.
904 3840 921 3872 ι

416 3913 522 3966 Καὶ
559 3913 709 3980 αῦτη
752 3916 863 3966 οὐκ
890 3913 1065 3982 ἔγνω,
1108 3912 1199 3967 δτι
1242 3912 1356 3982 ἐγὼ
1396 3910 1588 3964 ἔδωκα
1630 3908 1784 3978 αὐτῇ
1813 3909 1919 3967 τόν

347 4002 540 4062 σῖτον,
570 4003 667 4056 καὶ
692 4002 799 4055 τόν
821 3999 1011 4066 οἷκον,
1036 4001 1225 4055 καὶτὸ
1255 4001 1479 4065 ἔλαιον,
1508 3999 1605 4053 καὶ
1638 3998 1919 4067 ἀργύριον

352 4089 660 4156 ὲπλήθυνα
713 4089 886 4158 αὐτῇ.
942 4091 1103 4157 Αὕτη
1156 4090 1229 4147 δὲ
1258 4089 1485 4160 ἀργυρᾶ
1563 4089 1664 4143 καί
1715 4088 1917 4157 χρυσᾶ

351 4181 603 4246 ἐποίησε
622 4176 704 4246 ’τῇ
730 4178 917 4232 Βάαλ.

423 4272 520 4324 ΙΖ¹.
556 4271 675 4323 Ὅτι
708 4268 808 4339 μὲν
857 4264 949 4323 οὖν
978 4269 1079 4322 οὐκ
1107 4269 1173 4322 ἀν
1203 4268 1398 4332 ἕλοιτο,
1433 4268 1584 4339 φησὶ,
1616 4271 1727 4333 τοῖς
1770 4269 1916 4333 ίδίοις

343 4360 423 4414 ἔτι
463 4358 881 4414 κατακολουθεῖν
921 4362 1197 4432 ἐρασταῖς,
1248 4359 1346 4413 οὐκ
1374 4358 1440 4412 ἂν
1480 4357 1768 4412 ἐνδοιάσειέ
1806 4378 1908 4423 τις.

2025 3182 2253 3237 Domine
2271 3180 2371 3236 θ’.»
2397 3182 2462 3237 Et
2477 3181 2668 3238 scribit
2698 3181 2931 3237 Paulus:
2955 3200 2974 3234 ι
3004 3182 3061 3237 Si
3083 3181 3420 3254 disciplinam
3439 3183 3602 3238 susti-

2022 3275 2187 3340 netis,
2214 3282 2471 3344 tanquam
2502 3273 2629 3329 ﬁliis
2654 3276 2808 3330 vobis
2832 3274 2993 3330 ollert
3019 3288 3079 3329 se
3111 3273 3272 3330 Deus.
3297 3273 3428 3341 Quis
3458 3275 3600 3328 enim

2022 3364 2188 3429 ﬁlius,
2220 3378 2379 3434 quem
2421 3379 2528 3420 non
2569 3365 2795 3435 corripit
2836 3376 2988 3434 pater
3010 3364 3098 3418 “i
3136 3382 3156 3415 ι
3198 3363 3399 3420 Deinde
3439 3365 3600 3420 disci-

2021 3454 2180 3522 plinze
2216 3455 2545 3510 suavitatem
2592 3464 2648 3510 et
2685 3455 3124 3510 commoditatem
3169 3455 3251 3509 his
3287 3455 3467 3510 verbis
3505 3471 3599 3509 ex-

2019 3547 2203 3617 planat
2238 3564 2252 3601 :
2292 3566 2313 3600 ι
2349 3547 2538 3603 Omnis
2569 3547 2857 3618 disciplina
2893 3547 2944 3602 in
2984 3548 3235 3618 prmsenti
3270 3547 3489 3616 quidem
3521 3547 3598 3602 vi-

2019 3637 2176 3691 detur
2205 3652 2313 3692 non
2354 3650 2475 3692 esse
2511 3637 2714 3707 gaudii,
2746 3638 2841 3692 sed
2879 3637 3160 3702 mmroris;
3192 3647 3377 3705 postea
3416 3647 3597 3691 autem

2019 3727 2254 3784 fructum
2296 3729 2706 3797 pacatissimum
2750 3727 3066 3783 exercitatis
3108 3740 3204 3797 per
3255 3742 3374 3783 eam
3423 3728 3599 3784 reddit

2011 3819 2239 3888 iustitiae
2258 3822 2325 3876 ³⁸.
2360 3839 2380 3873 ι

2087 3913 2253 3970 Vens.
2292 3914 2345 3971 8.
2384 3912 2452 3968 Et
2494 3915 2611 3984 ipsa
2653 3930 2756 3968 non
2793 3914 3052 3985 cognovit,
3089 3914 3215 3983 quia
3253 3930 3346 3984 ego
3389 3914 3509 3967 dedi
3550 3915 3598 3966 ei

2016 4008 2361 4079 frumentum,
2392 4015 2444 4061 et
2480 4007 2678 4074 vinum,
2713 4017 2760 4060 et
2797 4006 2986 4071 oleum,
3026 4014 3077 4060 et
3111 4019 3383 4075 argentum
3418 4006 3597 4059 multi-

2012 4099 2204 4169 plicari
2233 4099 2301 4152 ei.
2336 4097 2467 4152 Hazc
2499 4109 2677 4151 autem
2711 4107 2955 4166 argentea
3014 4105 3060 4147 et
3090 4111 3252 4148 aurea
3282 4094 3409 4163 fecit
3438 4093 3592 4149 Baal.

2066 4271 2229 4328 XVII.
2250 4272 2387 4339 Quin
2407 4272 2570 4343 igitur
2590 4273 2723 4327 nolit
2738 4274 2969 4341 amplius
2985 4275 3134 4344 sequi
3157 4284 3425 4332 amatores
3444 4292 3592 4345 suos,

2015 4367 2214 4435 inquit,
2246 4380 2404 4421 nemo
2437 4365 2789 4421 dubitaverit.
2825 4364 2937 4420 lloc
2965 4367 3108 4420 enim
3165 4370 3333 4437 probe
3359 4379 3414 4422 et
3444 4368 3597 4424 fat-il-

341 4447 678 4520 Κατορθώσῃ
702 4447 810 4517 γὰρ
831 4447 1011 4509 τοῦτο,
1036 4448 1129 4500 καὶ
1162 4447 1277 4501 λίαν
1306 4447 1559 4510 εὐκόλως,
1583 4447 1661 4519 τῷ
1685 4450 1918 4519 φράττε-

2023 4460 2149 4514 lime
2183 4459 2302 4523 flet,
2332 4459 2375 4511 si
2410 4458 2723 4527 obsepiatur
2749 4458 2831 4511 via
2865 4456 3010 4526 ejus,
3041 4470 3093 4514 et
3128 4460 3482 4515 obstrnantur
3511 4476 3595 4516 se-

343 4540 464 4594 σοαι
498 4540 597 4611 μὲν
628 4540 729 4611 τὴν
756 4539 874 4593 ὁδὸν
910 4540 1104 4608 αὐτῆς,
1136 4538 1353 4602 καὶτὰς
1385 4538 1602 4609 τρίϐους
1640 4539 1916 4609 ἀνατειχί-

340 4635 546 4700 ζεσθαι,
583 4632 679 4687 καὶ
727 4635 849 4686 κατ’
884 4630 1077 4686 οὐδένα
1112 4631 1389 4695 παντελῶς
1428 4629 1742 4684 εὐοδοῦσθαι
1789 4630 1913 4701 τρό-

339 4743 460 4778 πον.
507 4728 724 4799 Ἐπειδὴ
755 4728 809 4781 δὲ
853 4728 989 4800 πρὸς
1017 4727 1097 4799 τῷ
1122 4728 1253 4782 Θεὸν
1296 4727 1558 4799 ὑπάρχειν
1584 4726 1790 4780 οίεσοαι
1822 4726 1914 4778 τὸν

338 4818 508 4882 Βάαλ,
543 4819 890 4876 ἀνατέθεικεν
917 4822 1067 4893 αὐτῷ
1095 4821 1190 4875 καὶ
1211 4820 1319 4874 τῶν
1351 4822 1480 4891 παρ’
1512 4820 1647 4889 ὲμοῦ
1679 4837 1911 4890 κεχορη-

336 4909 596 4979 γημένων
630 4912 766 4983 αὐτῇ
793 4912 861 4966 τὰ
905 4916 1256 4986 χαριστήρια,
1294 4915 1390 4968 καὶ
1424 4912 1561 4984 πρὸς
1600 4913 1757 4967 τοῦτο
1784 4913 1910 4983 βου-

335 4999 601 5070 λεύσομαι
638 5001 706 5055 τά
744 5004 956 5069 εἰκότα,
987 5005 1061 5067 ὼς
1104 5004 1170 5057 ἂν
1196 5003 1464 5074 ἀναμάθοι
1488 5046 1502 5067 ,
1538 5004 1622 5067 τίς
1651 5006 1679 5056 ό
1713 5002 1908 5066 διδοὺς,

337 5090 430 5142 καὶ
460 5091 569 5144 τῶν
595 5092 732 5146 ὅλων
762 5093 898 5164 ἔχων
922 5094 1019 5166 τὴν
1049 5094 1315 5158 ἐξουσίαν.
1338 5094 1555 5147 Δέδωκα
1581 5096 1677 5165 μὲν
1707 5094 1813 5164 γὰρ
1845 5093 1913 5145 τά

336 5180 589 5253 ζωαρκῆ·
627 5186 792 5244 σῖτον,
829 5184 922 5237 καὶ
951 5180 1113 5250 οἶνον,
1148 5185 1242 5239 καὶ
1286 5184 1484 5246 ἔλαιον,
1522 5184 1615 5238 καὶ
1647 5184 1911 5255 ἀργύριον

334 5269 610 5340 ἐπλήθυνε
631 5273 791 5343 αὐτῇ.
831 5271 990 5324 Ἀλλὰ
1004 5276 1122 5336 ταῖς
1145 5274 1303 5344 ἐμαῖς
1334 5273 1663 5343 φιλοτιμίαις
1696 5273 1907 5342 εὐχαριο

336 5360 434 5431 στῆ
443 5379 530 5414 σαι
546 5362 681 5423 δέον.
701 5367 780 5427 είς
797 5363 957 5429 δόξαν
972 5364 1108 5417 αύτά
1121 5365 1412 5437 πεποίηται
1428 5368 1492 5435 τῇ
1513 5363 1677 5425 Βάαλ,
1692 5364 1720 5417 ὃ
1734 5365 1799 5436 δὴ
1815 5364 1915 5434 τῆς

336 5451 574 5522 ἐσχάτης
597 5454 745 5507 ἐστὶν
782 5453 1141 5524 ἀναισθησίας
1166 5472 1226 5508 τε
1267 5455 1403 5526 όμοῦ
1457 5454 1551 5507 καὶ
1588 5455 1911 5525 ἀχαριστίας

336 5539 610 5609 ἀπόδειξις
636 5544 905 5616 ἐναργής⁹
937 5546 1031 5599 καὶ
1067 5548 1167 5601 οὐκ
1206 5547 1474 5609 ἀνικάνως
1500 5546 1559 5599 τὸ
1585 5547 1773 5617 χρῆμα
1802 5545 1913 5616 ἔχει

412 5719 457 5749 ⁸⁸
485 5717 686 5778 Jerem.
715 5737 770 5787 x,
798 5722 889 5792 ΞΔ,
964 5724 1010 5756 ⁸⁸
1044 5723 1211 5779 Ilebr.
1244 5739 1339 5791 xu,
1375 5723 1425 5774 7.
1501 5723 1545 5754 ³⁸
1577 5723 1705 5778 ibid.
1746 5724 1834 5776 II.

2022 4552 2186 4611 inita},
2229 4560 2275 4604 et
2328 4549 2491 4603 rebus
2539 4559 2721 4603 utatur
2766 4551 2988 4604 minime
3035 4550 3276 4605 omnium
3322 4554 3590 4608 secundis.

2023 4641 2284 4707 Queniam
2308 4656 2431 4695 vero
2458 4651 2817 4710 prmterquam
2845 4642 2986 4709 quod
3013 4640 3136 4695 Baal
3167 4657 3265 4712 pro
3295 4640 3405 4696 Deo
3435 4657 3593 4712 repu-

2016 4734 2168 4795 tavit,
2193 4733 2356 4786 etiam
2385 4747 2504 4800 quae
2535 4746 2565 4786 a
2597 4747 2683 4786 me
2708 4734 3045 4802 suppeditata
3077 4734 3310 4798 fuerant,
3333 4735 3506 4787 eidem
3537 4736 3590 4788 in

2016 4822 2251 4891 acceptis
2290 4821 2509 4887 retttlit,
2549 4822 2709 4891 eique
2748 4824 2953 4892 gratias
2991 4824 3131 4892 egit,
3171 4824 3331 4877 etiam
3374 4835 3591 4892 propter

2014 4914 2119 4969 hoc
2146 4922 2379 4968 statuam
2412 4925 2775 4969 consentanea
2796 4954 2811 4978 ,
2844 4924 2901 4967 ut
2930 4915 3101 4969 discat
3130 4914 3251 4984 quis
3281 4913 3350 4966 sit
3378 4915 3468 4982 qui
3502 4917 3590 4967 de-

2014 5007 2156 5058 derit
2197 5022 2210 5058 :
2250 5013 2304 5058 et
2348 5020 2513 5074 penes
2556 5019 2714 5074 quem
2763 5005 2835 5060 sit
2877 5006 3117 5059 omnium
3164 5014 3421 5074 potestas.
3461 5006 3589 5058 Dedi

2013 5099 2157 5153 enim
2188 5099 2310 5152 vitae
2344 5099 2709 5154 sustentandae
2742 5098 3085 5163 necessaria;
3123 5097 3475 5159 frumentum,
3507 5099 3588 5151 vi—

2016 5207 2176 5256 nmn,
2217 5190 2426 5256 oleum,
2469 5201 2522 5246 et
2564 5201 2843 5259 argentum
2888 5188 3239 5258 multiplicavi
3284 5188 3355 5241 ei.
3391 5189 3588 5243 Verum

2013 5281 2281 5351 395nm
2324 5282 2706 5338 nutnificentia!
2748 5296 2878 5335 mea:
2919 5280 3122 5349 gratias
3161 5280 3402 5343 deberet,
3435 5293 3495 5334 ea
3536 5280 3589 5332 in
3628 5326 3633 5337 .

2017 5374 2180 5428 decus
2211 5382 2262 5427 et
2288 5371 2510 5442 gloriam
2542 5372 2670 5427 Baal
2701 5369 2995 5435 convertit,
3027 5371 3169 5438 quod
3202 5371 3433 5425 extremi
3462 5384 3593 5423 sane

2016 5463 2251 5532 stuporis
2293 5462 2452 5515 simul
2501 5469 2556 5515 el.
2622 5461 2785 5516 animi
2832 5461 3181 5527 ingratissimi
3224 5467 3474 5529 apertum
3513 5464 3595 5509 est

2018 5561 2393 5623 argumentum
2426 5571 2438 5607 :
2470 5560 2525 5606 et
2558 5552 2624 5607 ad
2657 5553 2823 5607 Deum
2850 5555 3197 5620 quantumvis
3225 5550 3411 5608 omnis
3440 5560 3596 5602 man-
