4098 6276
483 336 545 397 Ἰί
1503 335 1563 390 S.
1599 332 1874 393 CYRILLI
1911 332 2386 392 ALEXANDRINI
2426 332 2748 394 ARCHIEP.
3669 338 3742 395 72

485 450 788 509 suetudinis
819 450 1021 505 fontem
1066 458 1121 504 et
1161 445 1418 517 originem
1454 448 1807 505 meritissimo
1835 459 2063 504 exacer-

2171 448 2306 520 πρός
2343 466 2406 518 γε
2458 450 2520 503 τὸ
2567 450 2678 504 δεῖν
2708 449 2802 504 καὶ
2857 447 3062 520 σφόδρα
3121 449 3345 514 δικαίως
3402 462 3744 524 παροτρῡναι

484 539 720 597 bandutu
749 537 968 594 sufﬁcit.

556 735 947 793 Gravissimum
979 744 1065 792 est
1098 736 1266 806 igitur
1319 745 1375 791 et
1403 750 1564 807 poena
1597 735 1840 807 dignum,
1871 736 2068 793 libera-

485 827 687 882 litatem
736 825 1123 883 beneficiorum
1172 842 1203 881 a
1253 825 1365 882 Deo
1415 827 1779 897 praestitornm
1826 828 1892 883 iis
1932 827 2069 882 velle

485 918 772 983 ascribere,
794 917 888 987 qui
915 918 1033 985 ejus
1060 916 1292 988 gloriam
1322 918 1655 974 imminuunt
1676 932 1739 974 ac
1761 917 2065 990 proﬂigant,

485 1011 586 1063 hoc
612 1020 717 1072 est,
748 1010 1041 1063 immundis
1073 1007 1428 1073 daemonibus,
1457 1010 1601 1078 quod
1631 1009 1847 1078 quidam
1881 1010 1933 1064 in
1963 1020 2070 1067 ter-

484 1101 561 1153 ris
595 1099 827 1164 faciunt,
859 1097 1034 1153 Graeci
1069 1108 1226 1167 puta,
1264 1108 1321 1154 et
1352 1098 1613 1154 haeretici.
1643 1098 1776 1153 Nam
1808 1100 1916 1166 illi,
1946 1117 2066 1157 cum

487 1185 628 1240 Deus
662 1185 865 1240 homini
899 1188 1215 1256 sapientiam
1251 1196 1306 1244 et
1337 1189 1637 1243 oralionem
1695 1189 2065 1261 impertiverit,

486 1275 814 1343 eloquentiae
844 1291 954 1331 suae
985 1277 1298 1333 facultatem
1326 1280 1631 1335 daemonum
1663 1280 1955 1337 honoribus
1979 1297 2067 1338 ce-

487 1363 758 1419 lebrandis
778 1364 1096 1434 largiuntur.
1122 1366 1508 1423 Haereticorum
1530 1378 1711 1425 autem
1734 1370 1845 1425 Deo
1890 1386 2069 1428 exosa:

485 1461 543 1506 ct
583 1453 759 1522 impia:
798 1454 970 1510 turbat
1005 1455 1204 1512 dolosis
1241 1460 1633 1514 sententiarum
1675 1460 1911 1517 inventis
1951 1464 2071 1532 qui-

488 1543 712 1598 husdam
743 1554 959 1613 nocent,
990 1557 1044 1602 et
1072 1548 1462 1618 simpliciorum
1493 1560 1702 1607 mentes
1732 1563 2065 1622 pervertunt,

485 1642 540 1688 et
585 1634 805 1703 laqueos
843 1637 910 1692 ad
955 1639 1259 1705 perdendos
1300 1640 1578 1707 homines,
1620 1643 1765 1699 sicut
1806 1647 2067 1716 scriptum

487 1726 657 1790 est“,
693 1740 1041 1796 paraverunt.
1075 1731 1247 1786 Ambo
1281 1731 1447 1801 igitur
1477 1733 1764 1790 coluerunt
1796 1735 1927 1793 Baal
1964 1755 1979 1792 :
2015 1748 2070 1796 et

2168 541 2320 607 Θεὸν,
2359 543 2461 597 κᾶν
2511 543 2560 595 εί
2608 541 2790 613 πάσης
2835 540 3170 613 ἡμερότητος
3224 540 3375 614 πηγὴ
3422 545 3596 598 νοοῖτο
3647 547 3744 602 καὶ

2168 632 2402 702 γένεσις.

2240 722 2530 778 Πάνδεινον
2567 716 2661 777 οὖν
2697 722 2827 794 ἀρα,
2861 722 2955 777 καὶ
2985 720 3141 793 δίκης
3179 723 3278 777 οὐκ
3316 722 3600 796 ἀμοιροῦν,
3629 725 3746 781 τῶν

2168 811 2321 883 παρά
2366 811 2501 889 θεοῦ
2546 812 2900 884 χαρισμάτων
2940 811 3039 884 τὴν
3079 809 3387 884 φιλοτιμίαν
3428 815 3741 871 ἀνατιθέναι

2170 903 2353 974 ζητεῖν
2391 906 2503 968 τοῖς
2533 904 2632 976 τὴν
2669 903 2823 971 δόξαν
2850 902 3017 958 αὐτοῦ
3070 901 3428 976 παραλύουσι,
3471 906 3739 974 τουτέστι,

2167 998 2279 1060 τοῖς
2309 993 2638 1067 ἀκαθάρτοις
2687 994 2957 1068 δαίμοσιν,
2988 994 3017 1048 ὃ
3046 995 3110 1067 δὴ
3157 998 3252 1050 καὶ
3281 995 3496 1051 ποιοῦσι
3533 997 3641 1053 τῶν
3681 1001 3741 1054 ἐν

2167 1086 2357 1157 κόσμῳ
2375 1086 2540 1153 τινές.
2555 1086 2816 1159 ’Έλληνες
2842 1086 2897 1140 δέ
2923 1079 3092 1151 οὗτοι,
3123 1087 3217 1141 καὶ
3242 1086 3523 1160 αίρετικοί.
3549 1090 3613 1143 Ol
3639 1088 3742 1161 μὲν

2167 1175 2296 1248 γὰρ,
2330 1174 2463 1230 Θεοῦ
2491 1176 2724 1241 διδόντος
2754 1175 3027 1247 ἀνθρώπῳ
3055 1174 3249 1245 σοφίαν
3305 1176 3400 1230 καὶ
3439 1175 3616 1247 λόγον,
3640 1177 3742 1249 τὴν

2167 1267 2268 1337 τῆς
2298 1267 2630 1337 εὐγλωττίας
2657 1267 2937 1339 δεινότητα
2964 1271 3085 1332 ταῖς
3123 1267 3232 1322 τῶν
3261 1267 3552 1340 δαιμονίων
3591 1269 3742 1342 χαρί-

2170 1354 2352 1422 ζονται
2378 1358 2578 1426 δόξαις.
2610 1358 2692 1413 Τά
2718 1359 2777 1413 δέ
2805 1375 2869 1428 γε
2896 1358 3006 1413 τῶν
3037 1358 3326 1431 αίρετικῶν
3360 1358 3617 1431 θεομισῆι
3644 1360 3741 1413 καὶ

2168 1449 2358 1504 ἀνόσια
2397 1450 2562 1522 στίφη
2595 1450 2947 1505 πολυπλόκων
2970 1450 3187 1504 ἐννοιῶν
3210 1449 3474 1522 εὑρέμαά
3514 1451 3741 1505 κατασί-

2169 1542 2351 1596 νονταί
2373 1558 2543 1607 τινας,
2568 1542 2663 1596 καὶ
2687 1542 2777 1595 τὸν
2801 1542 2909 1596 τῶν
2938 1541 3286 1612 ἀπλουτέρων
3307 1541 3738 1613 καταστρέφουσι

2169 1632 2313 1698 νοῦν,
2344 1633 2439 1686 καὶ
2466 1633 2702 1702 παγίδας
2728 1632 2965 1705 ἔστησαν
2995 1632 3305 1704 διαφθεῖραι
3348 1631 3570 1705 ἄνδρας,
3600 1634 3741 1688 κατά

2170 1724 2232 1778 τὸ
2253 1724 2655 1795 γεγραμμένον.
2672 1724 2879 1779 Οὐκοῦν
2912 1724 3077 1796 ἄμφω
3107 1725 3434 1796 τετιμήκασι
3454 1723 3547 1779 τὸν
3570 1723 3737 1785 Βάαλ,

489 1827 695 1873 tantum
727 1834 834 1874 non
860 1820 1007 1876 velut
1035 1837 1102 1876 ex
1131 1822 1355 1888 divitiis,
1384 1838 1504 1894 qua:
1534 1836 1711 1882 mente
1740 1841 2061 1898 cernuntur,

2174 1816 2334 1887 μόνον
2366 1815 2424 1869 δὲ
2457 1816 2580 1886 οὐχὶ
2626 1814 2876 1886 καθάπερ
2909 1817 2975 1869 ὲκ
3003 1814 3231 1869 πλούτου
3263 1814 3456 1885 νοητοῦ
3489 1813 3740 1887 λαμπρὸν

488 1919 543 1962 et
585 1910 655 1963 ad
696 1909 865 1964 Deum
909 1913 1200 1980 pertinent,
1244 1929 1342 1982 pro
1383 1916 1663 1986 splendido
1698 1921 2062 1990 anathemate,

490 2000 555 2053 ad
586 2000 730 2055 illius
761 2001 886 2056 idoli
918 2002 1143 2074 gloriam
1177 2006 1435 2062 offerunt.
1461 2007 1527 2062 Et.
1561 2008 1633 2063 ita
1654 2047 1671 2074 ,
1703 2010 1918 2080 opinor,
1954 2017 2065 2084 spi-

490 2091 755 2146 ritualiter
774 2094 1290 2152 convenientissime
1316 2096 1633 2170 intelligitur
1653 2102 1799 2169 quod
1828 2103 2026 2159 dicitur
2045 2123 2059 2159 :

489 2180 598 2251 Ego
651 2182 771 2236 dedi
838 2181 1167 2238 frumentum
1212 2196 1265 2240 et
1312 2188 1494 2243 vinum
1535 2200 1590 2244 et
1645 2191 1852 2257 oleum,
1888 2202 1941 2247 et
1973 2176 2064 2248 ar-

487 2280 703 2340 gentutn
739 2273 1086 2342 tnnltiplicavi
1122 2275 1171 2329 ei
1204 2292 1219 2329 :
1253 2276 1367 2345 ipsa
1420 2293 1552 2334 vero
1587 2290 1846 2350 argentea
1876 2293 1931 2338 et
1963 2297 2061 2339 au-

486 2377 576 2416 rea
637 2361 763 2417 fecit
789 2362 939 2418 Baal.
991 2365 1301 2423 Tribuettda
1327 2382 1450 2423 sunt
1482 2369 1644 2439 igitur
1671 2372 1779 2428 Deo
1809 2373 1927 2442 quae
1958 2372 2058 2431 Dei

484 2462 630 2508 sunt.
665 2452 915 2510 Datoretn
949 2457 1093 2511 enim
1161 2466 1216 2512 et
1250 2459 1593 2527 praebitorem
1627 2462 1865 2516 omnium
1898 2463 2066 2519 bono-

485 2557 606 2597 rum
646 2556 951 2600 nostrorum
994 2547 1232 2601 inaurari
1273 2550 1529 2603 convenit
1566 2565 1662 2618 per
1700 2554 1796 2616 ea;
1838 2566 1961 2622 quae
1999 2553 2067 2608 ab

486 2634 604 2704 ipso
641 2636 918 2704 habemus,
957 2652 1052 2693 seu
1095 2637 1320 2693 illustris
1362 2640 1434 2693 sit
1470 2639 1663 2705 oratio,
1700 2654 1794 2697 seu
1837 2642 1903 2698 ad
1940 2657 2066 2699 vera

486 2726 744 2795 mysteria
774 2729 1119 2797 percipienda
1153 2745 1306 2785 mens
1338 2731 1551 2785 idonea.

553 2817 722 2874 Vens.
755 2821 810 2885 9,
843 2821 932 2876 10.
967 2820 1193 2891 Propter
1221 2823 1316 2876 hoc
1348 2832 1597 2886 revertar,
1632 2833 1679 2877 et
1714 2823 1893 2879 tollam
1927 2827 2068 2880 (riti-

484 2925 602 2963 cum
636 2926 808 2964 meum
845 2913 900 2965 in
935 2922 1160 2980 tempore
1192 2929 1308 2976 suo,
1344 2922 1391 2966 et
1434 2914 1611 2967 vinum
1650 2930 1821 2968 meum
1853 2915 1907 2969 in
1942 2926 2069 2970 tem-

481 3013 607 3053 erare
639 3017 758 3066 suo,
790 3010 838 3054 et
874 3001 1115 3068 auferant
1149 3003 1454 3056 vestimenta
1485 3021 1620 3069 mea,
1654 3014 1703 3059 et
1736 3007 1899 3060 lintea
1930 3023 2063 3072 mea,

2168 1905 2424 1978 ἀνάθημα
2476 1905 2936 1977 προσκομίζουσιν
2972 1908 3051 1971 είς
3099 1905 3257 1973 δόξαν
3287 1906 3467 1961 αὐτῶν
3500 1907 3573 1961 τὰ
3611 1908 3739 1979 περὶ

2164 1995 2320 2049 Θεοῦ.
2367 1996 2476 2049 Καὶ
2497 1995 2674 2061 τοῦτο,
2708 1991 2884 2067 οἶμαι,
2913 1996 3029 2049 ἐστὶ
3082 1997 3467 2066 πνευματικῶς
3493 1993 3553 2050 εὖ
3595 1997 3739 2068 μάλα

2166 2086 2476 2158 νοούμενον,
2519 2087 2601 2154 τὸ,
2667 2087 2809 2157 Ἐγὼ
2857 2087 3070 2142 δέδωκα
3121 2088 3214 2141 τὸν
3264 2090 3434 2155 σῖτον,
3501 2089 3597 2142 καὶ
3646 2089 3739 2143 τὸν

2165 2174 2327 2242 οἶνον,
2359 2180 2454 2233 καὶ
2485 2179 2548 2233 τὸ
2582 2179 2780 2249 ἔλαιον,
2814 2180 2911 2234 καὶ
2953 2178 3216 2252 ἀργύριον
3253 2180 3529 2253 ἐπλήθυνα
3562 2181 3697 2253 αὐτῇ
3718 2193 3738 2213 ο

2166 2270 2304 2341 αὑτὴ
2334 2270 2391 2323 δὲ
2408 2270 2645 2342 ἀργυρᾶ,
2674 2272 2767 2325 καὶ¹
2791 2272 2968 2342 χρυσά
2992 2272 3216 2343 ἐποίησε
3241 2274 3307 2345 τῇ
3338 2271 3509 2329 Βάαλ.
3580 2273 3738 2328 Ἀναο
3781 2302 3788 2307 υ

2169 2361 2352 2416 θετέον
2394 2358 2488 2416 οὖν
2526 2363 2635 2434 ἄρα
2671 2362 2791 2434 Θεῷ
2814 2363 2883 2418 τά
2908 2362 3096 2417 αὐτοῦ.
3128 2364 3233 2419 Τὸν
3258 2364 3368 2437 γάρ
3411 2382 3492 2419 τοι
3542 2363 3738 2430 παντὸς

2168 2454 2303 2523 ἡμῖν
2358 2453 2567 2522 ἀγαθοῦ
2610 2454 2829 2525 δωτῆρα
2870 2454 2963 2509 καὶ
2990 2453 3224 2527 χορηγὸν
3266 2453 3737 2526 καταχρυσοῦσθαι

2168 2543 2368 2614 πρέπει
2390 2544 2456 2598 δι’
2479 2538 2553 2599 ὧν
2574 2544 2640 2599 ἂν
2666 2545 2884 2617 ἔχοιμεν
2914 2547 3043 2618 παρ’
3072 2546 3259 2614 αὐτοῦ,
3280 2546 3382 2601 κᾶν
3411 2549 3459 2601 εί
3488 2546 3737 2618 λαμπρὸς

2168 2636 2253 2707 εἴη
2283 2634 2463 2703 λόγος,
2496 2634 2598 2689 κᾶν
2626 2637 2675 2689 εἰ
2719 2636 2843 2699 νοῦς
2867 2636 3006 2706 ἔχων
3039 2637 3355 2708 ἐπιτηδείως
3386 2638 3524 2708 πρὸς
3556 2637 3616 2692 τὸ
3646 2637 3736 2692 δύο

2167 2727 2360 2782 νασθαι
2392 2730 2533 2780 νοεῖν
2557 2727 2733 2798 ἀληθῆ
2769 2730 3061 2801 μυστήρια.

2237 2818 2341 2873 Διά
2368 2819 2541 2873 τοῦτο
2561 2820 2923 2889 ἐπιστρέψω,
2947 2823 3045 2876 καί
3088 2821 3402 2892 κομιοῦμαι
3430 2826 3538 2877 τὸν
3563 2822 3736 2878 σῖτόν

2163 2928 2280 2979 μου
2307 2912 2433 2965 καθ’
2457 2911 2617 2981 ὤραν
2637 2914 2845 2984 αὐτοῦ,
2867 2915 3092 2969 καὶτὸν
3124 2912 3294 2970 οἶνόν
3314 2934 3431 2985 μου
3453 2917 3524 2970 ἐν
3555 2916 3736 2987 καιρῷ

2166 3002 2371 3067 αὐτοῦ,
2402 3003 2497 3057 καί
2524 3005 2854 3074 ἀφελοῦμαι
2891 3005 2965 3059 τὰ
2994 3005 3190 3075 ἱμάτιά
3220 3025 3361 3075 μου,
3386 3007 3485 3062 καί
3501 3009 3575 3064 τὰ
3600 3008 3732 3063 ὀθό-

486 3103 551 3142 tte
589 3089 825 3156 aperiant
865 3091 1203 3159 ignominiam
1239 3092 1377 3160 ejus.
1412 3091 1480 3146 Et
1518 3110 1655 3148 nunc
1692 3095 1925 3150 revelabo
1966 3098 2063 3152 im-

2168 3092 2267 3145 νιά
2290 3110 2430 3160 μου,
2477 3094 2585 3149 τοῦ
2625 3095 2713 3164 μὴ
2767 3097 3097 3151 καλύπτειν
3144 3096 3258 3165 τὴν
3296 3099 3734 3168 ἀσχημοσύνην

486 3178 797 3232 munditiam
827 3179 947 3248 ejus
965 3181 1020 3234 in
1048 3192 1324 3250 conspectu
1348 3191 1645 3238 amatorum
1674 3185 1841 3252 illius,
1869 3196 1919 3241 et
1947 3187 2065 3242 nul—

482 3267 569 3324 lus
596 3280 741 3325 eruet
772 3287 890 3325 eam
919 3272 984 3335 de
1012 3287 1174 3328 manu
1204 3289 1341 3328 mea.

556 3446 741 3502 XVlll.
776 3446 969 3504 Cernis
992 3449 1263 3516 quomodo
1288 3451 1522 3506 minatus
1547 3453 1618 3507 sit
1643 3450 1945 3507 ablaturum
1973 3469 2058 3520 se,

485 3554 605 3611 quae
636 3541 907 3596 delectare
938 3539 1150 3606 solent,
1182 3555 1282 3596 nec
1314 3540 1368 3595 id
1399 3541 1702 3598 inutiliter?
1734 3542 1884 3598 Sicut
1912 3561 2063 3602 nam-

485 3645 589 3702 que
611 3633 753 3686 viam
780 3631 895 3701 ejus
922 3631 1057 3701 palis
1080 3631 1275 3686 deﬁxis
1298 3632 1541 3702 asperari
1570 3632 1638 3688 ad
1665 3634 2063 3703 complectenda

485 3721 785 3778 salubriora
831 3723 1151 3788 inducebat,
1194 3723 1534 3793 faciebatque
1575 3724 1661 3778 vel
1708 3724 1929 3782 invitam
1979 3729 2062 3783 di-

485 3828 650 3869 cere:
702 3814 962 3869 Revertar
995 3814 1060 3869 ad
1098 3816 1268 3868 virum
1314 3829 1492 3870 meum
1523 3815 1781 3885 priorem,
1806 3819 2061 3889 quoniam

486 3904 682 3960 melius
725 3905 853 3959 mihi
900 3914 1030 3959 tunc
1066 3915 1204 3971 erat,
1262 3919 1422 3974 quam
1504 3921 1667 3973 nunc,
1727 3910 2064 3977 experientia

485 3999 628 4054 enim
675 4009 960 4070 cognorat,
1007 3999 1135 4069 quid
1184 4000 1469 4055 utilitatem
1515 4003 1864 4070 conciliaret,
1914 4016 1967 4062 et
2008 4007 2060 4061 in

485 4091 678 4160 quibus
708 4100 987 4161 praestaret
1016 4091 1243 4147 libenter
1270 4092 1516 4150 habitare
1546 4115 1558 4151 :
1588 4095 1662 4150 ita
1691 4095 1738 4151 si
1769 4097 2060 4162 abstulero,

486 4182 682 4251 inquit,
715 4197 834 4252 qua:
868 4198 985 4237 mea
1021 4194 1168 4253 sunt,
1206 4196 1330 4241 tunc
1363 4186 1688 4245 omnimodis
1723 4198 2060 4260 erogatorem

487 4274 748 4342 requiret,
778 4283 833 4327 et
848 4275 1177 4332 daemonibus
1200 4287 1407 4349 gratam
1434 4296 1492 4335 se
1515 4282 1774 4336 exhibere
1788 4282 2059 4352 designet;

488 4377 690 4434 eosque
722 4378 848 4419 vere
886 4368 1012 4422 deos
1045 4368 1328 4434 arbitrari,
1362 4381 1423 4424 ut
1454 4373 1618 4425 etiam
1656 4371 1757 4424 sibi
1793 4372 2061 4440 subjecms

2165 3182 2374 3250 αὐτῆς.
2406 3184 2512 3238 Kal
2541 3185 2656 3240 νῦν
2684 3187 3061 3258 ἀποκαλύψω
3093 3187 3207 3257 τὴν
3235 3189 3609 3257 ἀκαθαρσίαν
3625 3192 3735 3244 αὐ·-

2153 3270 2274 3342 κτῆς
2299 3273 2554 3329 ἐνώπιον
2578 3275 2698 3332 τῶν
2743 3276 3013 3347 ἐραστῶν
3047 3278 3255 3348 αὐτῆς,
3297 3281 3394 3335 καί
3433 3280 3631 3348 οὐδεὶς
3659 3284 3730 3336 οὺ

2162 3363 2246 3433 μὴ
2278 3365 2555 3434 ἐξέληται
2585 3368 2781 3436 αὐτὴν
2817 3370 2886 3422 ἐκ
2915 3372 3114 3438 χειρός
3138 3387 3275 3439 μου.

2232 3458 2340 3512 IH’.
2389 3458 2550 3531 Ὁρᾷς
2576 3461 2724 3524 ὅπως
2754 3460 3017 3531 ἠπείλησε
3034 3461 3132 3531 τὴν
3155 3463 3445 3533 ἀφαίρεσιν
3466 3464 3572 3515 τῶν
3601 3479 3730 3515 κατ-

2164 3548 2476 3619 ευφραίνειν
2505 3551 2742 3615 εἰδότων,
2778 3551 2872 3604 καὶ
2894 3551 3053 3605 τοῦτο
3076 3552 3388 3622 χρησίμως·
3412 3553 3598 3623 ὥσπερ
3623 3553 3730 3623 γάρ

2163 3635 2224 3688 τὸ
2245 3637 2711 3707 ἀποτραχύνεσθαι
2743 3641 2856 3702 τοῖς
2893 3638 3113 3706 σκόλοψι
3149 3639 3245 3709 τὴν
3275 3640 3391 3693 ὁδὸν
3420 3641 3589 3708 αὐτῆς
3636 3642 3730 3692 ἐπὶ

2162 3726 2223 3779 τὸ
2236 3726 2452 3780 ἑλέσθαι
2468 3729 2681 3797 φρονεῖν
2698 3726 2766 3779 τὰ
2781 3725 2986 3796 ἀμείνω
3003 3727 3335 3796 παρήνεγκε,
3351 3728 3728 3796 παρεσκεύασε

2163 3817 2221 3869 δὲ
2249 3816 2438 3887 ὥσπερ
2461 3817 2555 3869 καὶ
2587 3817 2684 3887 οὐχ
2704 3815 2937 3870 ἑκοῦσαν
2961 3818 3152 3880 εἰπεῖν,
3218 3816 3277 3867 Ἐ
3294 3815 3568 3883 πιστρέψω
3593 3816 3729 3883 πρὸς

2164 3908 2254 3961 τὸν
2277 3908 2444 3978 ἄνδρα
2475 3924 2575 3976 μου
2601 3908 2692 3960 τὸν
2723 3906 3010 3977 πρότερον,
3040 3906 3122 3959 ὅτι
3155 3904 3330 3966 καλῶς
3358 3920 3446 3973 μοι
3483 3899 3550 3972 ἦν
3581 3902 3723 3963 τότε,

2163 3999 2196 4068 ἢ
2226 3997 2348 4053 νῦν*
2404 3998 2546 4067 ἔγνω
2605 3996 2715 4069 γὰρ
2744 3996 2831 4051 διὰ
2877 3997 3071 4067 πείρας
3099 3995 3160 4049 τὸ
3190 3993 3375 4048 τελοῦν
3406 3995 3484 4056 είς
3518 3992 3724 4063 δνησιν,

2165 4088 2257 4141 καὶ
2272 4084 2353 4152 οἷς
2374 4084 2441 4159 ῆν
2468 4089 2687 4157 ἄμεινον
2711 4087 3126 4158 ὲμφιλοχωρεῖν’
3147 4085 3318 4148 οὕτως
3342 4087 3389 4137 εί
3420 4083 3636 4153 λάϐοιμι
3659 4082 3730 4136 τὰ

2164 4177 2423 4250 ἐμαυτοῦ,
2446 4177 2599 4249 φησὶ,
2626 4178 2749 4232 τότε
2774 4176 2840 4246 δὴ
2867 4176 3084 4240 πάντως
3111 4176 3335 4247 ζητήσει
3354 4174 3444 4227 τὸν
3470 4172 3726 4244 χορηγὸν,

2163 4272 2257 4325 καὶ
2303 4270 2573 4327 παύσεται
2612 4269 2707 4325 τοῦ
2750 4270 2858 4324 δεῖν
2894 4269 3155 4323 ἀνάπτειν
3186 4269 3298 4330 τοῖς
3337 4265 3632 4335 δαιμονίοις
3662 4265 3730 4319 τά

2164 4363 2518 4432 χαριστήρια,
2557 4360 2764 4414 οἴεσθαί
2787 4377 2851 4411 τε
2872 4360 2954 4411 ὅτι
2983 4360 3095 4412 θεοὶ
3123 4358 3263 4411 κατὰ
3288 4355 3543 4425 ἀλήθειάν
3569 4357 3725 4418 εἰσιν,

488 4454 542 4508 in
560 4454 841 4524 pristinam
861 4457 1168 4512 felicitatem
1188 4461 1475 4514 restituere
1491 4459 1601 4530 50
1614 4469 1834 4528 queant.
1850 4458 1914 4512 Et
1930 4467 2061 4512 tem-

2165 4451 2236 4512 ὡς
2264 4450 2358 4502 καὶ
2389 4448 2689 4510 ἀνασώζειν
2722 4446 2982 4500 δύνασθαι
3020 4448 3143 4509 τοὺς
3184 4446 3275 4497 ὑπ’
3301 4445 3483 4507 αὐτοῖς
3510 4446 3728 4514 γεγονὸ-

488 4559 616 4614 pore
640 4560 738 4601 suo
765 4546 1126 4614 frumentum,
1158 4559 1213 4603 et
1240 4549 1450 4614 νων-ιι,
1481 4561 1535 4603 et
1564 4549 1728 4604 lintea
1755 4547 2056 4603 ablaturum

487 4636 638 4701 dicit,
669 4636 978 4692 fallentibus
1010 4637 1147 4691 forte
1173 4651 1274 4691 suo
1303 4645 1540 4707 tempore
1568 4636 1834 4709 frugibus,
1861 4646 1917 4694 et
1946 4652 2061 4691 ma-

488 4728 709 4780 turitate
734 4739 831 4780 eas
863 4724 1222 4791 destituente,
1251 4733 1310 4778 ut
1338 4724 1391 4778 in
1425 4733 1568 4780 terra
1599 4725 1823 4781 colenda
1854 4727 2065 4781 labores

487 4831 676 4872 manes
708 4813 880 4871 fuisse
911 4813 1171 4868 toleratos
1199 4823 1473 4883 appareat.
1503 4815 1657 4882 Quod
1685 4816 1733 4871 si
1761 4817 1885 4887 quis
1916 4815 2068 4870 malit

488 4905 784 4973 intelligere
823 4903 1037 4960 Iudaeos
1079 4901 1351 4959 frumento
1427 4912 1482 4959 et
1520 4905 1644 4960 vino
1687 4920 1784 4961 suo
1828 4916 2072 4976 tempore

488 4996 755 5065 privatum
784 4994 874 5059 iri,
905 5000 1089 5062 utpote
1120 4992 1349 5064 mystica
1380 4993 1755 5051 benedictione
1778 4994 2058 5068 spoliatos,

488 5089 654 5157 probe
685 5086 970 5159 intelliget.
998 5084 1187 5141 Lintea
1222 5093 1400 5140 autem
1429 5086 1559 5141 dicit
1589 5101 1879 5159 supernum
1908 5089 2062 5143 auxi-

488 5182 615 5237 lium
639 5219 655 5245 ,
690 5194 797 5249 quo
829 5179 984 5250 quasi
1019 5185 1309 5247 coopertus
1343 5178 1611 5247 quispiam
1644 5180 1871 5236 decorus
1902 5182 2008 5235 erit
2042 5197 2056 5234 :

488 5280 639 5324 extra
671 5269 724 5324 id
755 5284 860 5325 non
884 5269 993 5338 jam
1024 5268 1182 5323 valde
1207 5267 1403 5325 decens
1423 5307 1439 5334 ,
1468 5269 1563 5324 sed
1593 5268 1882 5325 admodum
1912 5269 2062 5324 inde-

489 5372 648 5423 cens,
678 5368 736 5413 et
765 5368 1015 5430 tanquam
1046 5360 1222 5416 nudus
1252 5360 1393 5415 inter
1420 5359 1668 5416 homines
1703 5359 2056 5431 permanebit.

492 5446 580 5501 Sic
618 5459 747 5514 ergo
785 5447 1110 5507 ablationem
1151 5452 1472 5520 linteorum,
1507 5467 1577 5508 ne
1611 5459 1794 5522 tegant
1831 5451 2059 5520 ignomi-

492 5538 631 5591 niam
666 5534 813 5604 ejus,
854 5536 1119 5610 intelligas
1154 5542 1297 5601 licet.
1333 5540 1715 5601 Revelaturum
1757 5556 1919 5614 porro
1956 5542 2058 5597 im-

560 5710 609 5743 “
635 5709 778 5771 Psal.
808 5728 917 5781 LVI,
954 5714 1011 5771 7.

2167 4556 2285 4602 τας.
2307 4539 2418 4591 Καὶ
2466 4539 2523 4591 ἐν
2559 4536 2815 4608 καιρῷδέ
2842 4536 3108 4607 λήψεσθαι
3155 4534 3247 4588 τὸν
3296 4538 3460 4601 σῖτον,
3505 4536 3596 4589 καὶ
3638 4536 3730 4588 τὸν

2157 4624 2318 4694 οἶνον,
2353 4627 2444 4681 καὶ
2487 4626 2559 4680 τά
2600 4626 2787 4682 ὀθόνια
2860 4626 3016 4696 φησὶ,
3058 4625 3401 4696 ψευδομένων
3432 4628 3571 4696 τάχα
3626 4644 3725 4678 που

2160 4715 2301 4770 κατὰ
2322 4715 2544 4786 καιροὺς
2576 4715 2684 4768 τῶν
2722 4715 2974 4785 καρπῶν;
3005 4715 3101 4768 καὶ
3131 4714 3520 4786 ὑστεριζόντων
3546 4716 3728 4778 αὐτοῖς

2161 4800 2269 4856 τῶν
2290 4800 2546 4872 ὼρίμων·
2573 4801 2649 4865 ὡς
2682 4802 2940 4872 ματαίους
2962 4802 3255 4873 ἀνατλῆναι
3279 4803 3373 4855 καὶ
3398 4804 3522 4866 τοὺς
3549 4803 3642 4858 ἐπί
3665 4820 3729 4871 γε

2163 4893 2229 4962 τῇ
2282 4892 2525 4962 γηπονίᾳ
2571 4891 2785 4954 πόνους.
2830 4891 2979 4945 Εἰδέ
3028 4890 3091 4961 δή
3125 4908 3208 4953 τις
3237 4891 3408 4944 ἐλοιτο
3444 4895 3582 4947 νοεῖν
3646 4895 3727 4946 ὅτι

2169 4980 2317 5033 σίτου
2361 4980 2455 5033 καὶ
2501 4978 2643 5034 οἴνου
2680 4978 3103 5049 στερηθήσονται
3151 4978 3291 5032 κατὰ
3339 4982 3560 5052 καιροὺς
3599 4982 3730 5034 Ἰου-

2165 5069 2325 5131 δαῖοι,
2356 5068 2460 5138 τῆς
2486 5069 2752 5138 μυστικῆς
2781 5067 3028 5137 εὐλογίας
3051 5069 3481 5133 ἐκπεπτωκότες,
3509 5074 3730 5143 συνήσει

2167 5161 2367 5225 καλῶς.
2407 5160 2620 5215 Ὀθόνια
2657 5161 2713 5215 δέ
2744 5178 2877 5232 φησι
2928 5160 3027 5231 τὴν
3058 5162 3218 5214 οἱονεὶ
3262 5162 3601 5233 περιστολὴν,
3634 5165 3731 5218 καὶ

2163 5255 2261 5326 τὴν
2289 5252 2493 5308 ἀνωθεν
2515 5251 2855 5323 ἐπικουρίαν,
2891 5251 2980 5320 ὑφ’
3076 5251 3314 5320 γεγονὼς
3345 5251 3497 5304 ἔσται
3522 5269 3605 5315 τις
3640 5252 3730 5304 eit-

2167 5348 2410 5418 σχήμων.
2453 5346 2515 5400 El
2547 5346 2605 5399 δέ
2634 5344 2737 5411 ἔξω
2776 5344 3014 5415 φέροιτο,
3043 5344 3370 5416 περικαλλὴς
3399 5344 3499 5415 μέν
3522 5344 3723 5410 οὐκέτι,

2165 5440 2298 5495 πολὺ
2322 5439 2387 5511 δὴ
2419 5439 2539 5493 λίαν
2571 5439 2853 5509 ἀσχήμων,
2882 5437 2976 5490 καὶ
3007 5436 3168 5490 οἱονεὶ
3199 5435 3403 5506 γυμνὸς
3434 5435 3728 5489 διατελέσει

2164 5532 2303 5588 κατὰ
2326 5533 2416 5588 τὸν
2441 5533 2666 5603 κόσμον.
2696 5523 2821 5583 Ὧδε
2855 5528 2952 5601 μὲν
2977 5524 3069 5582 οὖν
3097 5529 3195 5598 τὴν
3225 5527 3331 5580 τῶν
3359 5527 3580 5581 ὀθονίων
3605 5524 3731 5593 νοή-
