4098 6276
287 424 379 484 '73

1232 410 1781 473 COMMENTARIUS
1812 415 1879 473 ιΝ
1919 417 2154 474 OSEAM
2194 416 2631 474 l’ROPIIETAM.
3493 417 3566 470 τι

300 560 428 607 σεις
469 541 794 612 ἀφαίρεσιν,
833 532 973 606 ὗπέρ
1004 549 1067 602 γε
1108 532 1201 587 τοῦ
1239 534 1313 605 μὴ
1360 530 1731 587 καλύπτεσθαι
1788 532 1886 602 τὴν

1997 534 2342 599 munditiam,
2374 545 2426 588 et
2454 548 2637 589 coram
2669 537 3000 594 amatoribus
3028 536 3144 607 ejus
3174 538 3441 609 promittit
3497 556 3566 596 eo

302 631 698 705 ἀσχημοσύνην
745 626 938 697 αὐτῆς.
974 622 1377 695 ’Δποκαλύψειν
1408 623 1466 677 δὲ
1491 623 1590 695 τὴν
1642 622 1888 693 ἀκαθαρο

306 727 436 781 σίαν
466 722 639 793 αὐτῆς
666 717 1061 789 ιπαγγέλλεται
1084 757 1099 783 ,
1142 717 1240 771 καὶ⁵
1284 714 1396 772 τῶν
1431 714 1679 784 δραστῶν
1717 713 1885 784 αὐτῆς

307 816 575 881 ἐναντίον,
622 814 765 868 κατά
805 811 1007 866 τοιόνδε
1072 810 1193 865 τινὰ
1250 808 1451 879 τρόπον
1474 848 1487 873 ,
1522 806 1586 863 ὒν
1627 807 1889 878 ἐλέγομεν

305 910 537 981 ἀρεπίως,
558 908 641 960 ὅτι
663 902 1039 976 περιπεσοῦσα
1070 902 1185 964 τοῖς
1219 899 1466 969 σκόλοψι,
1490 899 1756 965 τουτέστι,
1777 902 1888 961 τοῖς

302 1002 376 1055 ἐκ
399 999 496 1054 τοῦ
527 997 766 1068 πολέμου
793 997 1006 1061 κακοῖς,
1038 992 1133 1047 καὶ
1174 993 1297 1055 ταῖς
1335 993 1417 1046 ὅτι
1456 990 1689 1062 μάλιστα
1719 1006 1889 1045 κατα-

304 1092 570 1162 πλήττειν
601 1088 926 1158 δυναμέναις
958 1084 1284 1155 συμφοραῖς,
1311 1083 1406 1136 καὶ
1426 1081 1609 1136 αὐτῶν
1626 1081 1889 1153 ἀμελήσει

300 1183 422 1237 τῶν
456 1185 514 1236 ὲν
560 1177 823 1249 ὑπολήψει
866 1176 1038 1241 θεῶν,
1078 1176 1178 1229 οὐκ
1215 1175 1274 1228 ὲν
1325 1174 1487 1246 σχολῇ
1539 1175 1890 1247 προσάγουσα

304 1272 507 1335 θυσίας
540 1270 761 1333 αὐτοῖς,
795 1266 918 1321 οὔτε
970 1264 1077 1337 μὴν
1104 1264 1173 1318 τά
1207 1263 1412 1334 συνήθη
1443 1263 1685 1335 πληροῦν
1728 1263 1887 1317 δυνα-

306 1365 449 1437 μένη
480 1363 618 1434 πρὸς
648 1359 808 1425 δόξαν
831 1358 1031 1413 αὐτῶν.
1054 1353 1559 1427 Κατακερτομοῦσα
1584 1355 1640 1409 δὲ
1668 1355 1886 1427 μᾶλλον,

297 1456 385 1520 ὡς
412 1454 564 1509 οὐδὲν
586 1452 769 1507 αὐτῶν
796 1449 1098 1505 ἀπόνασθαι
1132 1447 1314 1520 μετὸν,
1336 1446 1431 1501 καὶ
1453 1446 1892 1511 κατονειδίζουσά

302 1566 429 1612 πως
449 1546 718 1601 τὸάναλκι
736 1542 1036 1607 παντελῶς,
1066 1562 1084 1594 ι
1107 1539 1462 1613 Ὑποστρέψω
1479 1580 1493 1603 ,
1510 1558 1528 1592 ι
1551 1539 1705 1611 φησὶ,
1726 1540 1890 1609 ιπρδς

302 1640 406 1694 τὸν
434 1634 607 1710 ἀνδρα
632 1652 741 1707 μου
769 1635 862 1689 τὸν
896 1634 1189 1706 πρότερον,
1214 1631 1295 1686 ὅτι
1325 1631 1509 1695 καλῶς
1539 1648 1630 1702 μοι
1652 1625 1720 1701 ἦν
1748 1630 1892 1698 τότε,

300 1730 340 1802 ἢ
375 1729 493 1784 νῦν.
529 1747 549 1780 ι
599 1722 769 1780 Ὅταν
818 1724 1002 1777 τοίνυν
1048 1720 1385 1793 ἀπαμφιέσω
1432 1722 1530 1792 μὲν
1576 1721 1748 1792 αὐτὴν
1794 1720 1894 1791 τῆς

302 1823 444 1892 παρ’
486 1818 655 1891 ἐμοῦ,
680 1816 869 1888 φησὶν,
906 1813 1245 1884 ἐπικουρίας,
1268 1812 1643 1885 περιπεσοῦσα
1673 1812 1731 1866 δὲ
1779 1813 1893 1873 τοῖς

1990 625 2150 679 modo
2210 638 2321 695 quo
2350 627 2461 695 jam
2496 628 2826 686 dicebamus.
2859 630 3122 699 Quoniam
3157 646 3279 687 cum
3314 631 3565 687 inciderit

1990 716 2043 771 in
2080 715 2260 787 palos,
2288 715 2396 772 hoc
2430 728 2546 785 est,
2580 719 2633 774 in
2667 720 3005 777 calamitates
3038 723 3192 788 belli,
3226 731 3281 779 et
3314 723 3367 779 in
3400 724 3567 779 detri-

1992 816 2202 875 meuta,
2249 821 2369 878 qum
2412 809 2707 879 percellere
2751 813 2984 868 maxime
3025 825 3281 884 possunt,
3321 825 3376 871 et
3419 818 3567 887 ipsos

1992 913 2130 969 quos
2172 900 2395 967 putabat
2437 899 2672 969 negliget
2711 898 2859 967 deos,
2893 915 2999 956 non
3034 902 3087 955 in
3122 904 3232 956 otio
3262 904 3330 958 iis
3359 904 3569 959 hostias

1991 990 2307 1058 immolatis,
2347 1005 2446 1045 nec
2483 999 2740 1046 consueta
2782 992 2849 1045 ad
2891 991 3128 1062 ipsorum
3166 992 3388 1062 gloriam
3430 1010 3567 1064 prac-

1991 1092 2141 1138 stare
2165 1083 2326 1153 potis.
2353 1082 2605 1150 Quinimo
2629 1083 2889 1138 conviciis
2915 1080 3211 1150 insectans,
3239 1092 3296 1137 ut
3327 1085 3564 1152 inutiles,

1990 1184 2040 1229 et
2085 1174 2482 1244 quodammodo
2523 1189 2787 1229 summam
2834 1174 2965 1243 ipsis
3013 1172 3433 1229 imbecillitatem
3473 1192 3569 1233 ex-

1992 1262 2255 1333 probrans
2306 1281 2321 1319 :
2378 1280 2398 1316 ι
2454 1261 2735 1333 Revertar,
2785 1264 2995 1335 inquit,
3046 1265 3112 1319 ad
3158 1265 3333 1320 virum
3389 1282 3566 1322 meum

1992 1355 2263 1425 priorem,
2312 1357 2564 1427 quoniam
2617 1356 2809 1413 melius
2856 1358 2985 1412 mihi
3038 1366 3163 1413 tunc
3208 1367 3357 1425 erat,
3405 1374 3568 1428 quam

1994 1462 2156 1503 nunc.
2196 1465 2216 1500 ι
2254 1445 2481 1513 Quando
2518 1448 2699 1518 igitur,
2732 1446 2939 1518 inquit,
2971 1462 3175 1503 exuero
3211 1448 3380 1518 ipsnm
3416 1452 3571 1504 auxi-

1992 1538 2079 1594 liis
2111 1539 2279 1604 meis,
2312 1548 2367 1596 et
2400 1538 2451 1592 in
2488 1539 2625 1593 mala
2660 1539 2968 1605 devenerit,
3000 1539 3370 1610 honoremque
3399 1551 3454 1596 et
3485 1543 3569 1594 ιιί-

1993 1631 2276 1686 lectiouem
2329 1644 2517 1686 eorum
2545 1632 2949 1702 contempserit,
2973 1632 3261 1702 animoque
3286 1643 3486 1702 διετοιο
3507 1647 3571 1687 ac

1994 1721 2290 1793 pmuitente
2324 1721 2469 1791 ipsos
2501 1722 2806 1789 despuerit,
2838 1732 2967 1778 tunc
2999 1723 3104 1779 illis
3135 1724 3387 1779 indecora
3420 1722 3572 1778 vide-

1997 1810 2160 1864 bitur.
2188 1809 2319 1864 Nam
2348 1812 2524 1881 quoad
2555 1813 2661 1867 illis
2713 1813 2897 1867 suavia
2922 1822 2978 1868 et
3006 1813 3178 1867 amica
3229 1820 3457 1891 spectat,
3482 1829 3572 1866 ca-

299 1883 542 1977 δεινοῖς,
603 1883 704 1964 καί
740 1883 842 1978 τῆς
890 1908 971 1970 είς
1029 1883 1227 1968 αὐτοὺς
1279 1883 1525 1976 ἀλογήσει
1578 1902 1744 1974 τιμῆς
1804 1901 1895 1955 καὶ

1999 1899 2243 1955 lamitosa
2277 1903 2457 1970 potius
2482 1904 2729 1958 videatur
2755 1918 2974 1960 necesse
3009 1913 3126 1971 est,
3158 1906 3204 1961 si
3241 1883 3569 1975 nequecunt

250 2014 275 2033 ‘
299 2000 567 2071 ἀγάπης,
600 1997 724 2053 τότε
774 1995 869 2049 καὶ
918 1993 1102 2057 αὐτοῖς
1153 1992 1422 2063 ἀσχήμων
1452 1991 1745 2062 ὀφθήσεται
1766 2031 1781 2055 ,
1813 2004 1900 2043 σα·

304 2090 430 2163 0ρῷ
461 2089 556 2144 καὶ
581 2086 865 2152 κολάζοντι
894 2084 971 2156 νῷ
998 2083 1346 2138 διαπτύσασα
1368 2083 1463 2138 καὶ
1495 2082 1713 2146 αὐτούς.
1732 2082 1900 2136 Ὅσον

301 2183 419 2254 γὰρ
445 2183 573 2253 ἥκει
622 2182 703 2244 είς
745 2180 809 2233 τὸ
853 2178 1081 2243 ἐκείνοις
1126 2177 1227 2246 ήδὺ
1263 2177 1359 2231 καὶ
1413 2168 1607 2244 φίλον,
1644 2172 1896 2245 τληπαθῆ

312 2273 521 2347 μᾶλλςν
553 2270 785 2344 ὁρᾶσθαι
810 2271 945 2343 χρή.
972 2270 1084 2324 Καὶ
1116 2266 1238 2321 οὐδὲ
1266 2268 1327 2320 έν
1361 2264 1551 2328 αύταῖς
1577 2260 1745 2318 οὖσαν
1772 2264 1896 2327 ταῖς

309 2365 570 2437 ἐσχάταις
609 2361 937 2434 συμφοραῖς,
969 2358 1079 2413 τῶν
1123 2358 1308 2421 αὐτοῖς
1341 2356 1640 2411 δοκούντων
1665 2352 1891 2408 ὲπιλαν·

308 2451 590 2506 θάνεσθαι.
617 2448 829 2504 Οὐκοῦν
863 2448 988 2502 ὅσον
1015 2446 1145 2517 ἥκει
1178 2446 1261 2511 είς
1289 2445 1349 2499 τὸ
1391 2445 1619 2500 ἐκείνων
1655 2442 1887 2515 θέλημα,

1993 1992 2221 2048 Summis
2250 1994 2591 2050 conﬂictatur
2622 1996 2885 2062 miseriis,
2917 2012 3104 2051 eorum
3135 2013 3254 2069 qua:
3287 1998 3419 2066 ipsis
3452 1998 3537 2068 pla
3557 2028 3571 2038 -

1995 2091 2118 2137 cent
2152 2082 2521 2140 obliviscatur.
2556 2086 2710 2154 Quod
2751 2102 2879 2159 ergo
2912 2087 2979 2143 ad
3021 2103 3206 2144 eorum
3242 2087 3570 2141 voluntatem

1992 2173 2209 2238 attinet,
2235 2173 2398 2228 etiam
2427 2175 2566 2244 apud
2599 2178 2744 2246 ipsos
2772 2192 2909 2247 quos
2936 2177 3139 2247 putavit
3171 2176 3300 2231 deos
3331 2191 3452 2232 esse
3478 2178 3575 2231 de-

1993 2261 2183 2321 l'ormis
2211 2274 2295 2321 est
2322 2266 2508 2332 Israel,
2538 2268 2756 2339 quando
2784 2284 2877 2323 eos
2903 2269 3127 2339 diligere
3158 2268 3415 2325 cessavit.
3445 2259 3572 2323 Exi-

1995 2356 2161 2411 stimo
2209 2370 2371 2426 porro
2422 2359 2525 2414 tale
2557 2360 2833 2432 quidpiam
2864 2360 3064 2416 dixisse
3097 2359 3310 2415 beatum
3349 2358 3517 2413 Eliam
3554 2374 3569 2411 :

2000 2463 2020 2498 ι
2059 2444 2353 2518 Usquequo
2405 2465 2499 2506 ros
2528 2450 2902 2508 claudieabitis
2957 2452 3220 2507 ambobus
3281 2450 3574 2520 poplitibus

310 2544 409 2598 καὶ
440 2543 573 2614 παρ’
600 2541 787 2605 αὐτοῖς
830 2539 1095 2610 ἀσχήμων
1121 2539 1151 2591 ὁ
1201 2536 1444 2609 Ἰσραὴλ,
1473 2535 1567 2601 οὓς
1604 2536 1891 2609 νενόμικεν

1997 2539 2229 2596 vestris?
2257 2541 2312 2596 Si
2344 2551 2427 2598 est
2456 2538 2715 2598 Dominus
2741 2542 2914 2609 Deus,
2950 2543 3025 2599 ite
3054 2553 3173 2615 post
3199 2557 3321 2598 eum
3353 2561 3369 2610 ;
3402 2542 3446 2597 si
3478 2559 3575 2595 au-

312 2633 454 2688 εϊναι
478 2634 665 2697 θεοὺς,
693 2633 757 2686 ού
799 2635 961 2703 μέχρι
990 2631 1196 2694 παντὸς
1222 2628 1445 2700 ἀγαπᾷν
1473 2628 1769 2700 ᾑρημένος.
1802 2629 1895 2683 Ad-

1997 2639 2099 2687 tem
2127 2630 2255 2687 Baal
2282 2642 2383 2699 est,
2411 2634 2486 2689 ite
2509 2644 2629 2704 post
2652 2650 2775 2690 eum
2796 2634 2865 2690 ".
2898 2655 2917 2687 ι
2945 2632 3094 2703 Quod
3118 2634 3245 2689 alibi
3268 2634 3342 2687 ait
3368 2648 3383 2687 :
3416 2651 3436 2685 ι
3468 2635 3574 2688 Aut

314 2728 403 2780 κεῖ
416 2725 477 2779 δέ
495 2741 585 2795 μοι
603 2724 770 2793 φάναι
798 2740 854 2777 τι
871 2721 1111 2777 τοιοῦτον
1127 2723 1155 2775 ό
1176 2720 1445 2793 μακάριος
1469 2720 1657 2784 Ἦλίας
1674 2736 1688 2751 ·
1721 2720 1895 2785 «Ἕως

1997 2721 2123 2776 Baal
2149 2722 2296 2790 Baal,
2321 2734 2416 2779 aut
2440 2725 2551 2781 Deo
2581 2726 2711 2781 Deo.
2746 2745 2765 2778 ι
2794 2726 3075 2781 Neminem
3107 2735 3286 2779 autem
3317 2740 3409 2779 eos
3439 2723 3573 2778 libe-

318 2818 452 2870 πότε
479 2811 640 2885 ὗμεῖς
686 2813 979 2885 χωλανεῖτε
1008 2814 1094 2867 ιη’
1131 2813 1474 2884 ἀμφοτέραις
1504 2814 1625 2877 ταῖς
1656 2812 1895 2881 ίγνύαις;

1998 2829 2123 2870 rare
2160 2830 2339 2886 posse,
2372 2817 2462 2888 qui
2501 2817 2668 2875 semel
2712 2818 2765 2873 in
2809 2819 2945 2873 iram
2989 2814 3081 2871 Dei
3127 2816 3439 2883 inciderint,
3477 2834 3574 2872 nee

314 2906 522 2962 Είεστι
550 2904 756 2977 Κύριος
792 2905 820 2959 ό
842 2904 996 2969 Θεὸς,
1045 2901 1346 2975 πορεύεσθε
1397 2902 1572 2956 ὀπίσω
1605 2901 1791 2957 αὐτοῦ.
1839 2904 1895 2964 ΕΙ

2000 2906 2240 2977 erigere,
2270 2918 2323 2962 et
2354 2908 2661 2965 instaurare
2686 2923 2845 2981 quem
2875 2909 3017 2967 Deus
3043 2911 3362 2983 proiecerit,
3389 2919 3573 2965 osten-

310 2998 372 3053 δί
397 3001 426 3054 ὁ
451 2996 600 3053 Βάαλ
619 2996 799 3063 αύτδς,
831 2995 1124 3065 πορεύεσθε
1154 2995 1330 3049 ὀπίσω
1358 2992 1523 3047 αὐτοῦ
1541 3010 1588 3046 ⁸)
1615 2991 1644 3047 δ
1671 2993 1895 3064 ἑτέρωθί

2004 2995 2084 3051 dit
2115 3010 2236 3051 cum
2273 2998 2407 3052 dixit
2436 3017 2449 3053 :
2488 3018 2507 3051 ι
2545 2998 2713 3055 Nemo
2741 3012 2893 3056 eruet
2923 3017 3041 3059 eam
3075 3003 3140 3058 de
3172 3017 3335 3058 manu
3368 3017 3509 3057 mea.
3550 3019 3570 3054 ι

310 3105 508 3168 φησινν
550 3110 570 3144 ι
594 3092 666 3145 Ἦ
696 3090 870 3156 Βάαλ,
904 3088 1140 3160 Βάαλ,ή
1169 3088 1289 3161 Θεῷ
1324 3086 1494 3160 Θεῷ.»
1528 3087 1651 3143 Ὀτι
1678 3087 1734 3141 δὲ
1762 3087 1939 3153 οὐδεὶς
1975 3089 2302 3158 ἀπαλλάξειε
2330 3094 2456 3157 τοὺς
2495 3090 2646 3160 ἅπαξ
2690 3092 2795 3150 imo
2844 3095 2993 3151 θείαν
3048 3098 3338 3168 γεγονότας
3383 3080 3587 3169 ὀργὴν,

309 3188 420 3244 osa‘
442 3187 507 3243 ἂν
539 3183 801 3259 ὀρθώσειέ
824 3196 910 3247 τις
945 3181 1040 3236 τὸν
1069 3179 1507 3252 κατερῥιμμένον
1562 3176 1718 3251 παρά
1753 3175 1913 3243 Θεοῦ,
1991 3176 2227 3252 δέδειχεν
2270 3180 2442 3238 εἰπὼν
2471 3183 2551 3250 τὸ,
2601 3203 2619 3236 ι
2656 3186 2843 3250 Οὐδεὶς
2908 3184 2967 3239 ού
3006 3185 3083 3258 μή
3116 3185 3363 3259 ἐξέληται
3407 3187 3579 3256 αὐτην

314 3291 379 3342 ὲκ
401 3278 583 3350 χειρός
615 3294 738 3348 μου.
775 3294 794 3328 ι

387 3370 494 3426 Καί
535 3366 899 3436 ἀποστρέψω
943 3364 1145 3431 πάσας
1197 3363 1304 3430 τὰς
1351 3361 1733 3432 εὐφροσύνας
1782 3362 1888 3415 αὑ-

2061 3359 2165 3437 41
2224 3363 2389 3421 Vsus.
2422 3367 2507 3421 ll.
2553 3365 2621 3421 Et
2663 3380 2894 3423 avertam
2953 3385 3129 3424 autne;
3198 3368 3411 3425 lazlilt'as
3439 3374 3574 3444 ejus,

318 3463 449 3532 τῆς,
473 3460 678 3529 ἑορτὰς
715 3458 927 3527 αὐτῆς,
961 3457 1059 3512 καί
1084 3457 1194 3523 τὰς
1223 3455 1553 3526 νουμηνίας
1575 3449 1895 3522 aenigma!

1997 3459 2352 3515 solemnitate:
2373 3460 2487 3528 eius
2524 3474 2572 3516 et
2603 3462 2900 3519 neomeuias
2932 3464 3065 3533 ejus,
3085 3473 3131 3517 et
3161 3459 3390 3518 Subbala
3423 3466 3537 3534 ejus
3556 3507 3575 3535 ,

317 3556 392 3609 τὰ
428 3552 695 3631 {nitidam
738 3549 946 3620 αὐτῆς,
980 3549 1078 3605 καὶ
1118 3548 1323 3615 πάσας
1373 3549 1480 3614 τὰς
1531 3546 1898 3615 πανηγύρεις

318 3645 530 3713 αὐτῆς.

410 3737 513 3792 ιθι.
554 3736 618 3790 Οἱ
661 3734 770 3806 γάρ
810 3734 945 3798 ὅλως
986 3734 1098 3796 τοῖς
1130 3730 1274 3786 οὕτω
1320 3729 1579 3802 σκληροῖς
1627 3731 1722 3783 καὶ
1753 3729 1896 3800 ἀφύ-

319 3842 463 3892 κτοις
499 3824 878 3898 ἐνειλημμένοι
909 3822 1119 3887 κακοῖς.
1144 3822 1219 3885 ὡς
1256 3822 1350 3874 καὶ
1396 3822 1500 3875 ὑπὸ
1547 3821 1704 3892 χεῖρα
1736 3818 1891 3890 γενέσ

317 3919 442 3974 σθαι
470 3916 830 3990 βαρϐαρικὴν,
855 3917 950 3969 καὶ
979 3915 1037 3967 έν
1060 3914 1405 3984 δορυκτήτων
1438 3912 1604 3984 μοίρᾳ
1626 3912 1899 3969 δουλεύειν

314 4007 552 4078 ἐχθροῖς,
576 4005 695 4070 πῶς
726 4004 792 4060 ἀν
831 4004 1183 4075 ἑορτάσειαν;
1215 3997 1286 4056 Ἢ
1319 4004 1468 4055 ποῖον
1497 4002 1564 4056 ἂν
1595 4001 1769 4072 ἔχοιεν
1810 3999 1899 4057 εὖ·

321 4095 597 4166 φροσύνης
637 4096 847 4166 καιρὸν,
889 4097 939 4148 οἱ
969 4096 1088 4157 ταῖς
1127 4092 1267 4146 οῦτω
1312 4093 1584 4165 δριμείαις
1624 4095 1901 4167 κατήχθη-

328 4185 483 4257 μένοι
511 4185 779 4255 φροντίσι,
810 4185 905 4237 καὶ
933 4184 1225 4253 ἀφορήτοις
1256 4182 1453 4246 λύπαις
1485 4185 1897 4254 ὲντετηγμένοι;

321 4276 539 4340 Καίτοι,
582 4275 701 4338 πῶς
728 4275 826 4327 οὐκ
850 4274 1073 4346 ἄμεινον
1106 4275 1282 4327 έκεῖνο
1310 4277 1470 4338 νοεῖν,
1500 4273 1575 4338 ὡς
1604 4275 1800 4345 πρέποι
1834 4273 1901 4332 ἂν

321 4367 526 4440 μᾶλλον
571 4367 684 4430 τοῖς
725 4366 807 4429 είς
852 4365 1012 4419 τοῦτο
1047 4363 1416 4437 ταλαιπωρίας
1481 4364 1858 4437 ένηνεγμένοις
1880 4408 1896 4434 ,

315 4461 652 4531 ἀνακραγεῖν
676 4456 739 4511 τὸ
760 4456 847 4512 διὰ
874 4457 975 4527 τῆς
1004 4455 1098 4510 τοῦ
1132 4457 1438 4521 Ψάλλοντος
1460 4454 1632 4530 λύρας
1656 4454 1716 4511 εὖ
1753 4459 1898 4530 μάλα

316 4548 849 4622 παραφωνούμενονο
889 4567 908 4599 ι
953 4545 1076 4600 Ἐπὶ
1122 4546 1234 4600 τῶν
1282 4546 1545 4619 ποταμῶν
1578 4548 1898 4613 Βαϐυλῶνος

316 4643 431 4696 ἐκεῖ
457 4640 814 4711 ὲκαοίσαμεν,
859 4638 955 4693 καὶ
986 4637 1352 4710 ἑκλαύσαμεν,
1378 4639 1436 4694 έν
1475 4639 1554 4711 τῷ
1589 4638 1896 4711 μνησθῆναι

1996 3559 2045 3604 et
2078 3561 2293 3606 cunctas
2319 3550 2619 3622 festivitates
2644 3554 2780 3623 ejus.

2067 3725 2211 3782 XIX.
2263 3726 2363 3794 Qui
2412 3730 2555 3782 enim
2625 3745 2845 3799 prorsus
2917 3732 3051 3786 adeo
3096 3736 3254 3788 saevis
3308 3743 3359 3787 ct
3401 3735 3574 3791 incluo

1999 3818 2285 3874 ctabilibus
2322 3817 2664 3888 circumscpti
2691 3831 2846 3874 erant
2875 3820 3246 3889 incommodis,
3283 3834 3410 3879 utet
3447 3827 3575 3881 bar-

1999 3906 2147 3965 baris
2189 3907 2414 3977 subjecti
2460 3918 2661 3976 essent,
2690 3919 2746 3965 et
2794 3918 2851 3963 ut
2884 3908 3024 3965 bello
3081 3912 3222 3982 capti
3283 3917 3571 3984 servirent,

2000 4001 2269 4071 quomodo
2328 4001 2520 4057 festum
2583 4001 3096 4058 celebrarentlaut
3161 4019 3321 4074 quam
3378 4005 3575 4062 laetitia:

2000 4094 2457 4165 Opportunitatem
2494 4093 2789 4160 baberent,
2832 4095 2921 4163 qui
2980 4103 3086 4148 tam
3139 4096 3356 4151 acribus
3428 4100 3573 4154 curis

2003 4186 2355 4250 vexabantur,
2389 4193 2442 4240 et
2474 4185 2821 4239 intolerandis
2866 4183 3274 4253 a‘gritudinibus
3320 4188 3575 4242 contabe-

2003 4274 2229 4329 scebant
2256 4273 2278 4326 τ
2308 4272 2648 4342 Quanquam,
2701 4286 2799 4327 cur
2836 4287 2941 4326 non
2992 4272 3239 4331 malimus
3271 4275 3341 4329 ita
3383 4279 3574 4333 intelli-

2003 4379 2150 4438 gere,
2188 4363 2425 4422 l'uturum
2480 4374 2539 4421 ut
2581 4365 2743 4420 tantis
2770 4342 3025 4420 terumuis
3094 4367 3269 4421 obruti
3320 4384 3423 4423 uou
3479 4371 3574 4424 ab-

2001 4452 2166 4509 surde
2206 4452 2533 4517 exclament,
2564 4452 2705 4523 quod
2746 4451 2942 4508 Psaltae
2971 4452 3084 4525 lyra
3104 4455 3387 4510 verissime
3442 4457 3573 4527 ipsis

2001 4545 2267 4599 accinuit:
2290 4562 2309 4595 ε
2340 4543 2515 4613 Super
2535 4544 2755 4598 ﬂumina
2786 4542 3073 4613 Babylonis
3104 4544 3211 4599 illic
3234 4544 3494 4613 sedimus,
3521 4557 3578 4602 et

2002 4632 2278 4702 ﬂevimus,
2319 4637 2442 4691 dum
2488 4636 2899 4691 recordaremur
2935 4635 3032 4703 tui,
3061 4633 3192 4691 Sion
3213 4632 3291 4687 ’⁸2
3318 4651 3336 4684 ι
3363 4634 3427 4691 Et
3446 4635 3574 4692 licet

315 4735 464 4805 ἡμᾶς
521 4733 622 4803 τῆς
672 4730 845 4798 Σιὼν;
881 4749 901 4783 ι
959 4730 1401 4801 Ἀνεπιτήδευτον
1429 4729 1487 4785 δὲ
1519 4730 1796 4795 παντελῶς
1838 4732 1895 4785 τὸ

2004 4726 2157 4782 festis
2203 4726 2489 4782 actitandis
2538 4722 2735 4781 n‘ullam
2793 4727 3005 4797 penitus
3055 4743 3275 4800 operam
3339 4728 3572 4796 darent,

315 4822 599 4893 ἑορτάζειν
627 4818 861 4890 ἔχοντες,
886 4818 1041 4873 οὐδὲν
1070 4814 1233 4893 ἧττόν
1262 4834 1427 4889 φασιο
1464 4837 1483 4872 t
1512 4820 1637 4884 Πῶς
1676 4820 1899 4893 ᾷσωμεν

321 4913 421 4984 τὴν
446 4910 587 4982 ᾠδὴν
614 4910 817 4981 Κυρίου
840 4910 931 4963 ἐπὶ
955 4910 1059 4980 γῆς
1087 4908 1433 4981 ἀλλοτρίας;›
1471 4909 1586 4962 Ούκ
1608 4911 1894 4980 ἐφιέντων,

321 5001 477 5075 οἶμαί
509 5020 636 5067 που,
666 5001 775 5055 τῶν
798 5000 1148 5056 Βαϐυλωνίων
1168 5001 1266 5067 τάς
1296 5002 1689 5073 νενομισμένας
1719 5003 1904 5069 αὐτοῖς

322 5096 597 5167 λατρείας,
627 5094 815 5148 καὶτὰ
841 5094 976 5147 οῖκοι
1010 5094 1138 5164 φίλα
1171 5111 1231 5148 τε
1278 5094 1374 5148 καλ⁵
1402 5093 1479 5158 ὡς
1516 5095 1574 5148 ὲν
1611 5094 1722 5149 ἔθει
1766 5094 1903 5163 πλη--

326 5183 472 5255 ροῦν.
502 5181 641 5236 Ἀλλ’
668 5180 798 5244 ἴσως
821 5182 993 5235 έκεῖνο
1013 5184 1130 5253 ὲρεῖ
1151 5199 1235 5245 τις
1255 5199 1269 5214 ·
1294 5183 1356 5236 Ei
1380 5182 1517 5255 πρὸς
1536 5183 1597 5236 τὺ
1620 5182 1904 5255 λατρεύειν

325 5273 561 5337 εἰδώλοις
596 5273 958 5328 ἀπονένευκεν
989 5276 1018 5327 ὁ
1053 5272 1287 5345 Ἰσραὴλ,
1321 5272 1438 5336 πῶς
1471 5272 1537 5326 ἂν
1576 5272 1650 5344 μὴ
1684 5272 1777 5327 καὶ
1805 5274 1903 5327 αύ-

325 5365 431 5418 τῶν
474 5364 618 5418 κατά
648 5364 812 5434 νόμον
853 5364 1078 5436 ἑορτῶν,
1112 5363 1407 5419 Σαδδάτων
1454 5381 1513 5416 τε
1556 5364 1648 5416 καὶ
1700 5380 1903 5435 νουμη-

327 5456 483 5523 ἰιῶνς
514 5450 659 5526 Πρὸς
687 5454 753 5525 δὴ
785 5454 944 5509 τοῦτο
977 5455 1174 5526 φαμὲν,
1202 5455 1285 5508 δτι
1312 5453 1653 5525 παρώλισθον
1683 5455 1781 5523 μὲν
1805 5454 1902 5524 τῆς

327 5547 406 5606 εἰς
428 5545 555 5598 Θεὸν
588 5545 829 5616 ἀγάπης,
883 5546 978 5601 καὶ
1011 5546 1488 5617 προσκεκυνήκασι
1522 5543 1599 5613 τῷ
1628 5543 1773 5597 Βάαλ
1807 5544 1901 5598 καὶ

327 5634 448 5696 ταῖς
484 5632 743 5702 δαμάλεσι
801 5637 921 5700 ταῖς
963 5637 1226 5706 χρυσαῖς,
1269 5634 1330 5686 ού
1370 5631 1475 5703 μὴν
1523 5632 1751 5685 είσάπαν
1797 5634 1901 5686 άπ-

395 5815 440 5852 ιν
476 5814 542 5871 lll
576 5813 706 5883 Reg.
739 5827 894 5878 ινιιι,
920 5816 1011 5871 2i.
1070 5813 1117 5844 "
1149 5809 1292 5866 i‘sal.
1322 5823 1542 5868 cxxxvr.
1572 5811 1617 5863 Ι.

567 5924 571 5928 ’
650 5908 921 5971 Parnm.
969 5908 1085 5967 Gn.
1138 5902 1355 5966 LXXI.

1699 5811 1740 5841 ²⁹
1777 5812 1905 5866 lbitl.
1939 5811 1992 5863 4.

2003 4816 2119 4887 lege
2152 4819 2387 4874 sancitas
2425 4818 2475 4872 in
2507 4818 2687 4874 divino
2731 4819 2876 4873 cultu
2940 4820 3313 4885 caerimonias,
3356 4831 3410 4875 et
3451 4837 3572 4891 qua)

2002 4908 2146 4964 domi
2180 4919 2333 4980 grata
2367 4920 2421 4965 et
2468 4911 2665 4964 usitata
2710 4912 2977 4977 obibant,
3003 4911 3331 4982 Babyloniis,
3383 4915 3570 4980 credo,

2005 5014 2110 5053 non
2138 5001 2571 5068 permittentibus
2618 5018 2632 5054 :
2671 5000 3018 5058 nihilominus
3037 5002 3566 5069 aiunt":cQuomo«-

2007 5095 2074 5147 do
2104 5094 2736 5151 cantabimuscanticum
2767 5096 2977 5153 Domini
3036 5099 3089 5154 in
3132 5109 3275 5153 terra
3307 5098 3520 5155 aliena?
3548 5121 3566 5153 ι

2006 5178 2114 5235 Sed
2184 5180 2410 5235 forsitan
2482 5185 2702 5251 objiciet
2771 5187 3037 5257 quispiam
3070 5206 3084 5243 :
3123 5187 3181 5243 Si
3226 5188 3292 5243 ad
3348 5190 3571 5246 colenda

2006 5269 2147 5326 idola
2184 5271 2470 5330 declinavit
2499 5276 2681 5342 lsrael,
2708 5280 2977 5346 quomodo
3002 5294 3105 5332 nou
3138 5280 3301 5334 etiam
3344 5281 3414 5336 ab
3439 5282 3572 5352 ipsis

2005 5360 2160 5418 festis
2204 5363 2342 5431 lege
2376 5363 2660 5433 institutis,
2714 5377 2769 5423 et
2812 5368 3086 5433 Sabbatis,
3120 5380 3176 5425 et
3236 5372 3573 5428 ncomeniis?

2005 5453 2433 5525 Respondemus,
2474 5458 2779 5528 prolapsum
2829 5458 3045 5527 quidem
3102 5478 3223 5519 esse
3252 5478 3281 5519 a
3311 5465 3576 5520 charitate

2006 5547 2058 5601 in
2097 5547 2354 5612 Dt-um,et
2394 5549 2652 5603 adorasse
2686 5548 2808 5599 Baal
2845 5558 2900 5602 et
2935 5551 3130 5608 vitulos
3162 5570 3360 5610 aureos
3403 5573 3416 5608 :
3471 5569 3576 5608 nou

2003 5648 2179 5692 tamen
2209 5639 2388 5692 omnia
2433 5655 2529 5709 per
2577 5638 2793 5708 Moysen
2836 5641 3041 5696 sancito
3095 5648 3422 5715 repudiasse.
3466 5644 3578 5697 lmo

3138 5901 3174 5955 3
