4098 6276
533 413 609 472 75
1535 415 1592 469 S.
1634 411 1910 472 CYRILLI
1952 411 2420 468 ALEXANDRlNl
2461 412 2782 471 ARCHIEP.
3726 416 3800 474 ἰϐ

537 537 956 605 perseverabant
991 535 1252 590 ambobus
1283 533 1579 606 poplitibus
1619 535 1987 590 claudicantes
2023 535 2103 587 in-

2210 535 2421 590 ὡσαντο
2442 535 2617 604 τάιδιά
2637 535 2896 598 Μωσέως.
2919 533 3196 588 Διετέλουν
3224 531 3278 588 δὲ
3305 535 3505 606 μᾶλλον
3531 534 3801 609 ἔπ’ἀμφω

537 627 750 693 cedere,
781 625 931 696 juxta
959 627 1228 696 propheta:
1260 641 1444 682 vocem
1472 625 1540 692 '°,
1569 636 1628 681 ut
1661 640 1836 693 neque
1867 623 1990 679 Baal
2020 627 2109 678 ab-

536 716 734 783 sulute,
769 732 942 788 neque
977 717 1141 773 Deum
1192 717 1568 776 universorum
1618 731 1754 787 pure
1781 731 1844 773 ac
1899 717 2111 774 sincere

538 809 732 863 vellent
770 808 1019 865 adorare.
1053 806 1418 874 Quamobrem
1467 816 1524 864 et
1585 806 1743 874 festa,
1770 815 1825 864 et
1877 807 2108 864 celebri-

538 909 696 968 ιιιιιοε,
723 909 777 953 et
833 899 1070 966 lwtitias,
1099 909 1155 955 et
1199 899 1438 954 Sabbata
1495 898 1816 966 amiserunt,
1847 913 1946 954 nec
2001 899 2110 955 Deo

534 992 784 1065 permissi
812 991 1052 1064 legitima
1082 989 1412 1062 persolvere,
1441 1005 1614 1064 neque
1639 989 1769 1048 Baal
1816 1005 1952 1061 quos
1979 991 2111 1046 sole-

534 1085 664 1139 baut
692 1083 860 1140 festos
879 1093 1184 1140 conventus
1220 1093 1460 1154 agentes.

601 1262 789 1319 Potest
816 1263 920 1318 hoc
953 1272 1004 1318 et
1045 1261 1232 1329 aliam,
1260 1274 1490 1332 eamque
1545 1274 1755 1328 veram,
1787 1267 1843 1315 et
1893 1258 2108 1329 aptissi-

536 1371 677 1410 mam
711 1355 910 1409 habere
930 1355 1279 1409 sententiam.
1318 1351 1656 1406 lieccdentes
1686 1365 1715 1404 a
1745 1349 1875 1416 Deo,
1911 1360 1966 1404 et
1989 1349 2110 1403 cba-

536 1448 750 1502 ritatem
798 1445 915 1518 ejus
960 1453 1302 1516 aspernatos,
1332 1457 1556 1498 necesse
1592 1450 1676 1497 est
1697 1441 1899 1496 tristari
1953 1451 2004 1494 et
2043 1439 2110 1493 ab

533 1539 680 1594 omni
714 1537 995 1593 'bilaritate
1029 1536 1297 1606 refugere.
1331 1553 1350 1586 ι
1378 1533 1492 1589 Νοιι
1539 1534 1686 1589 enim
1730 1542 1813 1590 est
1857 1532 2107 1601 gaudium

532 1630 738 1702 impiis,
761 1631 894 1685 dicit
947 1630 1204 1685 Dominus
1227 1628 1294 1695 “,
1334 1647 1354 1681 ι
1391 1628 1584 1697 quibus
1610 1625 1809 1680 vermis
1837 1625 2112 1694 sempiter-

533 1739 635 1778 nus
680 1731 988 1778 reservatur
1015 1721 1080 1774 “.
1106 1721 1271 1777 Bonis
1317 1730 1498 1774 autem
1525 1728 1579 1774 et
1639 1720 1785 1789 pittm
1847 1731 1910 1772 ac
1944 1715 2109 1771 divini

532 1812 746 1867 timoris
780 1811 1000 1881 plenum
1045 1825 1265 1881 scopum
1318 1809 1638 1865 habentibus
1674 1808 1928 1863 decorum
1996 1805 2111 1861 fue—

2210 627 2516 697 βαίνοντες,
2565 628 2658 681 καὶ
2692 626 3009 694 σκάζοντες,
3056 627 3198 681 κατά
3243 627 3345 698 τὴν
3385 625 3480 682 τοῦ
3514 630 3801 700 προφήτου

2209 717 2415 790 φωνὴν,
2455 718 2530 782 ὼς
2569 719 2708 791 μήτε
2739 718 2819 789 τῷ
2854 718 3000 774 Βάαλ
3027 717 3359 789 όλοτρόπως,
3399 718 3539 790 μήτε
3577 719 3683 790 μὴν
3717 721 3799 792 τῷ

2207 809 2319 863 τῶν
2348 811 2486 864 ὅλων
2513 809 2631 882 Θεῷ
2674 809 2925 881 καθαρῶς
2961 809 3174 864 ἑλέσθαι
3205 812 3556 880 προσκυνεῖν.
3583 811 3802 866 Οὐκοῦν

2209 902 2562 957 ἐκπέπτωκεν
2588 902 2790 974 ἑορτῶν
2823 919 2883 956 τε
2922 901 3018 956 καὶ
3042 901 3426 972 πανηγύρεων,
3469 903 3566 956 καὶ
3596 906 3798 974 εὐφρο-

2212 988 2408 1054 συνῶν,
2442 989 2537 1043 καὶ
2567 989 2880 1056 Σαόὁάτων,
2909 989 3030 1044 οὐτε
3058 989 3178 1061 Θεῷ
3198 989 3440 1062 πληροῦν
3471 991 3541 1046 τά
3567 992 3625 1044 ὲν
3647 992 3798 1064 νόμῳ

2210 1081 2680 1153 συγχωρούμενος,
2740 1081 2866 1136 οὔτε
2897 1083 3005 1154 μὴν
3033 1082 3111 1155 τῷ
3138 1082 3286 1137 Βάαλ
3316 1082 3416 1150 τάς
3455 1085 3514 1137 ἑν
3543 1082 3652 1137 ἔθει
3690 1101 3796 1138 πα-

2209 1173 2466 1243 νηγύρεις
2501 1173 2784 1228 ἐπιτελῶν.

2291 1263 2511 1334 Ἀληθές
2548 1265 2604 1320 δὲ
2639 1265 2733 1319 καὶ
2767 1264 2969 1338 ἑτέρως
3001 1265 3086 1336 εῖη
3116 1265 3205 1330 ἂν,
3233 1264 3329 1320 καί
3369 1264 3513 1336 μάλα
3542 1265 3790 1331 εἰκότως.

2209 1352 2332 1405 Ὅτι
2381 1352 2503 1417 τοὺς
2547 1353 2956 1424 ἀποφοιτῶντας
3004 1351 3172 1418 Θεοῦ,
3223 1355 3316 1407 καὶ
3358 1354 3459 1426 τῆς
3500 1356 3580 1419 εἰς
3633 1359 3796 1411 αὐτὸν

2209 1443 2426 1514 ἀγάπης
2458 1443 2922 1516 ὀλιγωρήσαντας,
2965 1445 3429 1515 καταστυγνὰζειν
3470 1448 3793 1518 ἀναγκαῖον,

2210 1536 2306 1590 καὶ
2335 1535 2534 1600 παντὸς
2573 1535 2679 1602 ἔξω
2706 1536 2970 1591 διατελεῖν
2997 1535 3091 1590 τοῦ
3123 1539 3539 1608 κατευφραίνειν
3567 1540 3792 1607 εἰδότος.

2215 1644 2233 1678 t
2267 1627 2342 1680 υύ
2378 1625 2488 1698 γὰρ
2518 1625 2634 1680 ἐστι
2665 1629 2878 1699 χαίρειν
2904 1630 3017 1693 τοῖς
3048 1627 3292 1692 ἀσεϐέσι,
3321 1628 3469 1698 λέγει
3503 1629 3739 1701 Κύριος·
3767 1651 3787 1686 ι

2209 1710 2291 1781 οἷς
2319 1719 2347 1770 ό
2372 1717 2590 1789 σκώληξ
2629 1719 2709 1782 εἰς
2737 1718 2908 1773 αἰῶνα
2944 1721 3261 1792 τετήρηται.
3291 1721 3416 1784 Τοῖς
3445 1738 3507 1792 γε
3538 1722 3644 1793 μὴν
3672 1724 3792 1776 ἑπι-

2213 1809 2409 1872 εικέσι,
2441 1810 2537 1864 καί¹
2568 1809 2768 1881 εὐσεϐῆ
2817 1811 2911 1864 καὶ
2941 1810 3190 1882 τιμόθεον
3224 1811 3405 1883 έχουσι
3438 1812 3530 1866 τὸν
3567 1813 3790 1879 σκοπὸν,

535 1904 609 1958 rit
669 1913 724 1957 et
754 1903 968 1967 merito,
1010 1903 1179 1960 lmtari
1213 1918 1376 1972 super
1422 1902 1671 1956 omnibus
1703 1899 1857 1955 bonis
1887 1913 1901 1950 :
1928 1916 1945 1950 ι
1973 1899 2104 1952 Iani-

2209 1899 2408 1969 πρέποι
2454 1899 2519 1954 ἂν
2565 1899 2792 1964 εἰκότως
2833 1900 2928 1955 καὶ
2972 1901 3033 1954 τὸ
3078 1902 3162 1971 ἐφ’
3193 1902 3364 1958 ἅπασι
3410 1906 3524 1967 τοῖς
3566 1903 3794 1972 ἀγαθοῖς

531 1996 610 2048 tia
639 1994 781 2048 enim
815 1994 1140 2063 sempiterna
1187 2008 1352 2062 super
1380 1998 1544 2060 caput
1592 2004 1803 2053 eorum,
1837 2006 1856 2040 ι
1909 2002 2104 2042 serun-

534 2086 660 2142 dum
709 2084 1045 2155 Scripturam
1071 2101 1118 2151 ;‹
1138 2081 1452 2152 aufugitque
1489 2081 1555 2136 ab
1580 2081 1661 2136 eis
1690 2079 1862 2143 dolor,
1892 2077 2108 2134 tristitia

531 2187 588 2231 et
615 2175 1168 2247 gemitus"..Quibus
1194 2183 1248 2229 et
1285 2173 1486 2230 Paulus
1536 2161 1754 2228 scribit:
1792 2189 1810 2226 ι
1868 2169 2109 2228 Gaudete

532 2271 586 2324 in
630 2268 862 2324 Domino
917 2282 1166 2338 semper;
1222 2268 1417 2323 iterum
1469 2266 1617 2333 dico,
1644 2268 1888 2336 gaudete.
1939 2263 2110 2318 Mode~

530 2360 634 2420 Stia
672 2372 850 2415 vestra
883 2367 1006 2414 nota
1041 2359 1110 2414 sit
1131 2359 1377 2415 omnibus
1407 2357 1716 2414 hominibus
1738 2355 1806 2414 “.
1835 2372 1854 2406 ι
1886 2353 1994 2426 42
2019 2353 2107 2408 Et~

531 2453 678 2510 enim
725 2459 782 2507 ut
821 2450 1143 2521 supplicium
1198 2449 1492 2506 sceleratos
1549 2447 1770 2502 omnino
1815 2448 2059 2517 sequitur
2089 2485 2104 2514 ,

533 2545 609 2597 ita
661 2550 716 2596 et
773 2555 1005 2612 superna
1067 2540 1340 2611 opulentia
1403 2547 1660 2607 sequetur
1700 2552 1826 2602 eos,
1879 2551 2109 2605 quorum

531 2632 868 2703 propositum
909 2630 1075 2688 fuerit
1125 2631 1292 2685 vitam
1333 2629 1532 2684 virtute
1579 2627 1925 2696 conspicuam
1992 2624 2109 2684 exi-

533 2739 688 2796 gere.

609 2813 770 2869 Vsus.
799 2811 887 2868 l2.
916 2810 986 2867 Et
1022 2811 1322 2883 dispertiunt
1352 2809 1552 2865 vineam
1585 2811 1719 2878 ejus,
1749 2813 1798 2860 et
1831 2805 1962 2875 ﬁcus
1995 2804 2106 2874 ejus

531 2908 596 2962 de
649 2906 1042 2978 quibuscunque
1105 2903 1262 2970 dixit,
1317 2899 1583 2955 Mercede:
1612 2914 1738 2953 mea:
1799 2907 1918 2952 sunt
1970 2898 2107 2960 istw,

532 3015 662 3068 quas
703 2997 966 3051 dederunt
997 2997 1126 3048 mihi
1156 3003 1417 3048 amatores
1448 2991 1566 3046 mei.
1610 2991 1679 3044 Et
1723 3005 1913 3058 ponam
1941 3006 2002 3044 ea
2052 2989 2107 3042 in

525 3088 908 3152 testimonium,
935 3095 980 3140 et
1013 3083 1284 3138 comedent
1317 3098 1378 3137 ea
1409 3081 1638 3137 uolucres
1669 3081 1804 3143 caeli,
1837 3087 1886 3134 et
1931 3077 2107 3132 bestia:

525 3181 670 3252 agri,
700 3189 749 3236 et
780 3178 987 3250 reytilia
1037 3187 1212 3232 teme.

607 3357 648 3413 Χ
660 3356 846 3413 X..lluc
868 3370 1080 3412 rursum
1096 3354 1215 3410 aliis
1231 3353 1413 3410 verbis
1429 3352 1533 3408 dici
1544 3361 1739 3424 potest,
1761 3365 1950 3420 nempe
1966 3349 2071 3407 illis
2094 3367 2107 3403 :

535 3469 558 3503 ι
589 3448 844 3504 Auferam
895 3444 1224 3501 frumentum
1277 3460 1453 3501 meum
1523 3455 1766 3514 tempore
1807 3459 1928 3506 suo,
1949 3452 2004 3497 et
2031 3446 2111 3498 vi-

527 3557 660 3598 num
716 3555 896 3596 meum
943 3551 1189 3609 tempore
1220 3553 1340 3593 suo.
1372 3555 1394 3593 ι
1430 3536 1719 3608 Postquam
1758 3536 1900 3590 enim
1947 3530 2111 3590 Israel

529 3631 804 3689 fructuum
837 3630 1047 3701 copiam
1093 3629 1432 3700 temporibus
1477 3628 1591 3684 suis
1619 3627 1968 3684 exsistentem
2000 3629 2109 3682 dae-

528 3736 751 3778 monum
797 3721 988 3775 virtuti
1044 3728 1102 3776 et
1128 3717 1496 3775 beneficentiae
1540 3717 2113 3786 ascribens,insipien-

534 3813 745 3869 tissime
775 3811 929 3882 ipsis,
961 3827 1067 3866 non
1113 3809 1222 3866 Deo
1249 3811 1427 3880 potius
1481 3821 1692 3882 gratum
1742 3825 1802 3866 se
1837 3809 2108 3877 ostendit;

531 3903 754 3968 idcirco,
818 3902 1010 3973 inquit,
1067 3903 1377 3974 disperdam
1429 3911 1484 3958 et
1525 3917 1866 3972 corrumpam
1895 3915 1980 3970 ea,
2019 3917 2113 3973 per

530 4009 653 4065 qua:
699 3993 852 4050 male
887 3994 1114 4055 seducta
1171 4001 1290 4060 est,
1338 3992 1524 4049 dicens
1566 4006 1627 4048 se
1683 3991 1930 4047 mercede
1959 4007 2112 4055 ,con-

525 4088 750 4143 ductam
773 4087 842 4143 ab
884 4086 1222 4142 amatoribus
1275 4085 1410 4140 suis.
1451 4081 1520 4139 Et
1572 4093 1822 4148 venuste,
1857 4092 2112 4153 tanquam

527 4179 602 4234 de
645 4177 874 4234 muliere
926 4175 1214 4234 libidinosa
1278 4184 1576 4245 conceptus
1627 4185 1710 4232 est
1762 4189 1962 4230 sermo.
2009 4173 2115 4227 Re-

529 4280 661 4324 vera
707 4268 851 4323 enim
882 4265 1228 4324 existimabat
1279 4267 1464 4334 Israel,
1511 4267 1955 4338 tetnpestivorum
2005 4262 2112 4319 fru-

526 4369 718 4416 ctuum
749 4358 1072 4425 ubertatem,
1101 4368 1156 4413 et
1185 4367 1345 4413 terra:
1375 4357 1707 4414 fertilitatem
1738 4371 1840 4427 qua
1870 4355 2112 4425 potieba-

533 4460 644 4517 tur,
701 4451 754 4505 in
827 4448 1059 4519 pretium
1136 4457 1190 4503 et
1234 4451 1724 4505 remunerationem
1793 4445 2016 4502 bonoris
2059 4453 2114 4500 et

2209 1990 2698 2062 κατευφραίνεσθαι
2723 1992 2858 2046 δεῖν·
2884 2012 2902 2046 t
2933 1991 3254 2066 Εὐφροσύνη
3285 1993 3393 2066 γὰρ
3411 1995 3625 2059 αἰώνιος
3649 1996 3790 2066 ὑπὲρ

2207 2081 2446 2153 κεφαλῆς
2462 2081 2663 2149 αὐτῶν,
2688 2101 2709 2136 ι
2745 2083 2888 2138 κατὰ
2912 2084 2972 2138 τὸ
2999 2085 3402 2156 γεγραμμένον.
3438 2105 3460 2138 ι
3481 2087 3715 2158 ’Δπέδρα
3734 2101 3794 2141 τε

2205 2172 2386 2244 ὀδύνη,
2416 2175 2507 2227 καὶ
2522 2173 2688 2246 λύπη,
2707 2176 2801 2228 καὶ
2826 2176 3180 2248 στεναγμός.»
3220 2170 3314 2240 Οἷς
3342 2174 3436 2229 καὶ
3454 2178 3482 2230 ὁ
3509 2175 3795 2240 θεσπέσιος

2208 2263 2417 2329 Παῦλος
2449 2263 2753 2319 ἐπιστέλλει
2791 2266 2963 2336 λέγων
2984 2285 2998 2299 ο
3036 2267 3304 2338 (Χαίρετε
3338 2268 3396 2320 ὲν
3429 2268 3618 2340 Κυρίῳ
3657 2267 3794 2321 πάνυ

2206 2371 2328 2414 τοτε
2350 2369 2365 2384 ’
2416 2356 2578 2410 πάλιν
2621 2355 2732 2428 ἐρῶ
2753 2396 2767 2420 ,
2796 2359 3034 2429 χαίρετε.
3086 2358 3160 2412 Τὸ
3185 2360 3424 2424 ἐπιεικὲς
3466 2359 3619 2430 ὑμῶν
3650 2377 3784 2430 γνω-

2210 2443 2390 2516 σθήτω
2447 2447 2614 2500 πᾶσιν
2664 2447 3026 2516 ἀνθρώποις..
3055 2449 3288 2519 "Ediscat
3312 2453 3421 2525 γὰρ
3463 2452 3652 2524 ὥσπερ
3679 2457 3790 2517 τοῖς

2207 2533 2503 2605 ἀλιτηρίως
2534 2537 2596 2590 τὸ
2624 2537 2946 2603 κολάζεσθαι
2978 2539 3109 2606 δεῖν,
3135 2540 3277 2595 οὕτω
3314 2545 3407 2597 καὶ
3441 2547 3552 2608 τοῖς
3587 2545 3792 2600 ἀνωθεν

2207 2627 2601 2684 καταπλουτεῖν
2627 2629 2878 2700 ἀγαθοῖς,
2902 2625 2986 2695 οἷς
3015 2630 3082 2685 ἂν
3115 2630 3322 2699 γένοιτο
3357 2637 3557 2702 σκοπὸς
3588 2637 3647 2692 τὸ
3678 2637 3787 2692 δια-

2208 2715 2400 2772 σιῶναι
2443 2715 2733 2792 λαμπρῶς.

2277 2807 2387 2862 Καὶ
2439 2807 2671 2877 ἀφανιῶ
2723 2808 3000 2881 ἄμπελον
3041 2810 3266 2881 αὐτῆς,
3311 2812 3410 2868 καί
3451 2814 3560 2880 τὰς
3595 2813 3789 2882 συκᾶς

2207 2897 2399 2965 αὐτῆς
2439 2899 2557 2954 ὅσα
2590 2897 2752 2960 εἶπεν
2798 2903 3160 2973 Μισθώματὰ
3184 2922 3304 2974 μου
3360 2906 3548 2961 ταῦτά
3599 2907 3789 2966 ἐστιν,

2206 2985 2246 3043 ἆ
2276 2987 2505 3042 ἔδωκάν
2527 3009 2629 3062 μοι
2658 2995 2712 3045 οί
2745 2992 2992 3060 ἐρασταί
3033 3010 3179 3060 μου,
3212 2995 3311 3046 καὶ
3344 2995 3604 3062 θήσομαι
3641 3000 3796 3051 aeta

2206 3081 2294 3146 είς
2335 3081 2679 3150 μαρτύριον,
2710 3082 2808 3136 καὶ
2844 3086 3241 3152 καταφάγεται
3277 3084 3428 3136 αὐτὰ
3462 3084 3638 3153 θηρία
3684 3088 3793 3142 τοῦ

2208 3171 2416 3242 ἀγροῦ,
2466 3172 2565 3227 καὶ
2599 3173 2672 3228 τὰ
2707 3174 2951 3230 πετεινὰ
2980 3173 3086 3230 τοῦ
3123 3175 3414 3244 οὐρανοῦ,
3453 3177 3553 3232 καί
3602 3177 3674 3233 τὰ
3700 3179 3795 3248 ἐρ-

2213 3265 2366 3320 «erit
2392 3263 2504 3335 τῆς
2542 3265 2676 3338 γῆς.

2284 3357 2367 3414 ις’.
2392 3357 2562 3413 Τοῦτο
2585 3359 2649 3431 δὴ
2672 3360 2835 3416 πάλιν
2878 3359 3079 3432 ἑτέρως
3105 3359 3250 3413 ἔστιν
3277 3361 3470 3426 εἰπεῖν,
3505 3361 3584 3427 τὸ,
3615 3381 3634 3416 t
3669 3363 3795 3435 Ἀφι-

2212 3447 2441 3520 ελοῦμαι
2467 3450 2558 3504 τὸν
2581 3452 2723 3505 σῖτόν
2751 3469 2852 3522 μου
2884 3451 3007 3505 καθ’
3036 3451 3183 3522 ὥραν
3209 3451 3394 3516 αὐτοῦ,
3414 3453 3509 3507 καὶ
3533 3454 3624 3507 τὸν
3651 3451 3791 3508 οἶνόν

2217 3557 2318 3612 μου
2362 3541 2418 3594 ὲν
2459 3541 2634 3614 καιρῷ
2662 3541 2848 3596 αὐτοῦ.
2876 3561 2896 3596 ι
2939 3543 3155 3614 Ἐπειδὴ
3189 3543 3299 3614 γὰρ
3344 3543 3443 3607 τὰς
3487 3545 3596 3597 τῶν
3634 3545 3790 3615 ὡρῶν

2213 3628 2518 3699 εὐκαρπίας
2544 3632 2664 3694 ταῖς
2699 3631 2807 3684 τῶν
2831 3631 3119 3702 δαιμονίων
3148 3632 3410 3703 δυνάμεσι
3467 3635 3560 3687 καὶ
3592 3635 3790 3703 φιλοτι-

2215 3717 2368 3790 μίαις
2410 3719 2732 3790 προσνέμων
2777 3723 2806 3774 ό
2843 3721 3092 3793 Ἰσραὴλ,
3129 3723 3225 3776 καί
3259 3723 3593 3778 ἀϐουλότατα
3623 3723 3783 3795 δρῶν,

2213 3806 2398 3871 αὐτοῖς
2422 3808 2654 3862 ἀνετίθει
2685 3808 2753 3862 τὰ
2772 3811 3119 3882 χαριστήρια,
3151 3811 3247 3865 καὶ
3276 3811 3398 3882 οὐχὶ
3425 3811 3622 3882 μᾶλλον
3647 3809 3790 3879 Θεῷ,

2211 3896 2486 3970 ταύτῃτοι,
2523 3900 2706 3972 φησὶν,
2735 3899 2810 3966 ὡς
2843 3902 3054 3972 ἀφανιῶ
3090 3904 3186 3957 καὶ
3228 3887 3556 3972 καταφθερῶ
3616 3899 3685 3954 τὰ
3719 3901 3788 3954 δι’

2209 3980 2285 4042 ὧν
2332 3990 2512 4062 ἐκείνη
2557 3991 2814 4062 χειρόνως
2857 3992 3232 4062 πεπλάνηται,
3284 3989 3791 4061 μεμισθαρνηκέναι

2213 4078 2450 4148 λέγουσα
2485 4080 2636 4152 παρά
2681 4079 2792 4134 τῶν
2835 4080 2979 4135 ίδίων
3025 4076 3291 4149 ἐραστῶν.
3341 4077 3450 4130 Καὶ
3497 4076 3791 4146 πεποίηται

2215 4168 2314 4239 μὲν
2345 4168 2575 4233 ἀστείως
2601 4169 2676 4233 ὼς
2710 4169 2802 4224 ἐπί
2834 4169 3128 4242 μαχλώσης
3153 4167 3408 4237 γυναικὸς
3437 4166 3464 4216 ὁ
3492 4164 3672 4234 λόγος.
3707 4166 3793 4231 Ὡς

2211 4260 2273 4314 τό
2302 4277 2365 4330 γε
2399 4260 2507 4332 μὴν
2552 4261 2696 4318 κατά
2741 4261 2998 4333 ἀλήθειαν
3027 4261 3056 4313 ὁ
3093 4257 3329 4330 Ἰσραὴλ,
3360 4257 3442 4310 ὅτι
3476 4257 3662 4328 μισθὸς
3692 4255 3792 4308 αὐ·

2209 4355 2325 4416 τοῖς
2373 4355 2468 4407 καὶ
2508 4353 2818 4415 ἀντέκτισις
2855 4354 2952 4422 τῆς
2997 4355 3077 4416 εἰς
3120 4353 3190 4406 τὰ
3219 4350 3414 4406 εἴδωλα
3467 4345 3634 4419 τιμῆς
3695 4347 3789 4401 καὶ

2212 4437 2488 4508 λατρείας,
2527 4437 2590 4490 τὸ
2617 4437 2727 4489 τῶν
2771 4436 2994 4508 ὡρίμων
3027 4438 3340 4510 ἀμφιλαφές
3379 4437 3472 4492 καὶ
3503 4436 3566 4490 τὸ
3594 4435 3793 4508 εὐκαρ-

529 4542 733 4608 cultus,
773 4554 934 4612 quem
983 4537 1138 4594 idolis
1184 4537 1486 4602 adhiberet,
1517 4538 1618 4593 sibi
1656 4537 1898 4606 rependi.
1959 4533 2109 4600 Quod

2215 4543 2315 4579 πον
2363 4527 2782 4596 περιτυγχάνειν
2831 4529 2900 4599 τῇ
2952 4531 3044 4600 γῇ.
3075 4530 3196 4584 Ὅτι
3240 4529 3298 4583 δὲ
3346 4528 3438 4583 καὶ
3481 4527 3580 4599 τῆς
3628 4525 3794 4596 ἄλλης

531 4645 713 4689 autem
759 4629 910 4686 omni
988 4637 1277 4700 pr0pterea
1328 4626 1620 4684 securitate
1669 4636 1725 4683 et
1769 4625 2109 4694 iucunditate

2215 4618 2432 4688 ἀπάσης
2480 4617 2665 4680 αὐτοῖς
2715 4617 2980 4690 εὐθυμίας
3024 4621 3389 4692 παρακεῖσθαι
3441 4620 3541 4690 τὴν
3579 4616 3793 4689 μέθεξιν

529 4724 695 4781 animi
749 4720 1195 4795 praefruerentur,
1238 4719 1379 4775 hanc
1406 4728 1462 4774 et
1518 4718 1687 4773 solam
1737 4731 1956 4771 causam
2015 4729 2109 4771 eos

2209 4707 2412 4778 ταύτης
2437 4706 2598 4761 ἕνεκα
2629 4709 2723 4762 καὶ
2764 4710 2930 4782 μόνης
2959 4710 3128 4782 ᾦοντο
3157 4713 3256 4782 τῆς
3285 4711 3488 4776 αἰτίας,
3517 4710 3682 4778 εἰδείη
3710 4725 3794 4772 τις

530 4814 823 4884 putavisse,
872 4810 1124 4866 facillime
1167 4811 1292 4880 quis
1341 4824 1408 4865 ex
1444 4807 1694 4866 Ieremia;
1723 4805 1899 4862 verbis
1949 4804 2109 4860 intel-

2210 4799 2277 4855 ἂν
2306 4800 2399 4853 καί¹
2441 4799 2588 4871 μάλα
2623 4801 2842 4873 ῥᾳδίως,
2874 4807 2987 4869 τοῖς
3019 4804 3284 4877 Ἱερεμίου
3315 4804 3492 4874 λόγοις
3536 4802 3791 4875 ἐντυχών.

532 4906 746 4960 lexerit.
815 4903 1056 4959 Redacta
1123 4902 1267 4957 enim
1349 4901 1402 4959 in
1473 4901 1712 4956 hostium
1783 4907 2104 4968 potestatem

2220 4890 2394 4945 Ἑάλω
2438 4893 2538 4962 μὲν
2583 4893 2693 4966 γὰρ
2723 4894 2793 4948 τὰ
2831 4895 3218 4968 Ἰεροσόλυμα·
3267 4895 3691 4966 διαπεφευγότες
3734 4892 3792 4945 δέ

533 4993 945 5064 Hierosolyma,
996 5005 1118 5046 cum
1195 4989 1414 5060 quidam
1485 4987 1609 5042 belli
1694 4985 1865 5043 aciem
1935 4983 2107 5039 bosti-

532 5082 705 5139 lcmve
750 5081 986 5153 gladium
1018 5079 1337 5146 evasissent,
1372 5079 1424 5134 in
1471 5075 1764 5149 Egyptum
1816 5074 2108 5131 descende-

533 5181 679 5240 runt,
725 5179 780 5227 et
811 5171 992 5227 divino
1030 5168 1289 5225 mandato
1327 5170 1591 5241 propheta
1636 5183 1757 5225 cum
1799 5168 1948 5239 ipsis.
1997 5165 2107 5224 Illic

535 5261 698 5331 igitur
729 5262 796 5318 ab
844 5260 1163 5317 idololatriae
1228 5260 1649 5331 inquinamentis
1701 5260 2108 5324 abstinendum.

531 5360 590 5408 et
617 5352 682 5406 ad
723 5351 889 5406 Deum
933 5353 1318 5406 recurrendum
1409 5353 1604 5408 suasit.
1629 5350 1768 5406 Tum
1820 5354 2110 5409 muliercu-

535 5442 708 5498 larum
776 5441 963 5498 infelix
1012 5451 1068 5500 et
1133 5443 1515 5529 stultissimum
1567 5459 1778 5516 agmen,
1834 5445 2108 5515 propheta:

2207 5000 2353 5048 τινες
2385 4984 2478 5038 τοῦ
2530 4985 2766 5058 πολέμου
2819 4988 2920 5060 τὴν
2962 4989 3170 5061 ἀκμὴν,
3207 4989 3523 5061 κατέδησαν
3563 4990 3643 5050 εἰς
3694 4988 3794 5057 τὴν

2210 5077 2544 5147 Αίγυπτίων,
2584 5081 2679 5134 καὶ
2728 5083 2824 5137 σὺν
2859 5083 3047 5148 αὐτοῖς
3074 5085 3103 5138 ὁ
3138 5084 3446 5156 προφήτης,
3467 5081 3609 5135 κατά
3645 5078 3796 5132 θείαν

2211 5169 2414 5241 ὀμφήν.
2451 5170 2660 5226 Ἐκεῖσε
2711 5170 2844 5242 γοῦν
2882 5174 3232 5230 συνεδούλευε
3277 5174 3473 5244 λέγων,
3495 5172 3594 5242 τῆς
3638 5170 3792 5223 είδω-

2205 5258 2493 5332 λολατρίας
2543 5263 2858 5318 παύσασθαι
2909 5265 3225 5336 μολυσμῶν,
3265 5266 3360 5319 καὶ
3409 5263 3794 5334 παλινδρομεῖν

2203 5350 2423 5405 ἑλέσθαι
2455 5353 2590 5425 πρὸς
2623 5355 2777 5411 Θεόν.
2807 5352 2942 5410 Εἶτα
2966 5357 3205 5426 γυναίων
3231 5355 3392 5411 ἀθλία
3420 5372 3481 5409 τε
3509 5356 3606 5408 καὶ
3636 5355 3796 5407 ἀνου-

2204 5443 2374 5516 στάτη
2405 5445 2636 5515 πληθὺς,
2657 5449 2772 5510 τοῖς
2802 5447 2898 5503 τοῦ
2931 5451 3210 5520 προφήτου
3245 5448 3408 5503 πάλιν
3436 5446 3798 5516 ἀντεφέροντο

535 5534 712 5590 verbis
766 5532 1120 5603 adversando,
1180 5536 1520 5606 nnpndenter
1565 5537 1876 5605 garriebat:
1908 5554 1926 5586 ι
1984 5535 2107 5591 Ser-

2209 5535 2394 5604 λόγοις,
2427 5537 2521 5590 καὶ
2547 5538 2612 5607 δὴ
2655 5539 2749 5592 καὶ
2770 5538 3008 5608 ἔφασκον
3040 5540 3272 5604 ἀναιδῶς
3294 5556 3308 5570 °
3350 5558 3369 5592 ι
3403 5541 3508 5591 Τὸν
3536 5535 3695 5605 λόγον
3727 5535 3788 5586 ὃν

535 5638 746 5681 monem
797 5639 956 5696 quem
1009 5626 1219 5681 locutus
1252 5641 1312 5682 es
1361 5626 1426 5680 ad
1475 5640 1574 5682 nos
1614 5627 1667 5680 in
1737 5625 1952 5680 nomine
2000 5627 2104 5681 Do-

2198 5627 2468 5699 ὲλάλησας
2501 5629 2633 5701 πρὸς
2658 5632 2804 5704 ἡμᾶς
2825 5633 2902 5705 τῷ
2929 5634 3155 5707 ὀνόματι
3184 5633 3416 5704 Κυρίου,
3442 5630 3542 5684 οὐκ
3563 5629 3796 5685 ἀκουσό-

603 5802 652 5838 ³⁸
679 5802 765 5862 ΙΙΙ.
790 5805 920 5878 Reg.
946 5820 1100 5874 xvnt,
1138 5804 1230 5861 2i.
1306 5805 1349 5837 ³¹
1386 5803 1488 5860 lsa.
1526 5817 1714 5868 sunt,
1743 5801 1835 5856 2‘2.
1911 5802 1955 5836 ³³
1984 5803 2084 5859 lsa.

2209 5820 2273 5873 rt,
2305 5805 2399 5862 24.
2474 5807 2520 5841 ⁸³
2548 5807 2670 5866 [sai.
2712 5828 2878 5881 xxxv,
2914 5813 2997 5870 ιο.
3076 5815 3120 5850 ³⁸
3151 5814 3386 5887 Philipp.
3422 5829 3493 5878 tv,
3527 5811 3581 5869 5.
